4016 6208
455 235 596 298 2947

1488 238 1549 297 S.
1588 234 1907 297 EULOGII
1947 236 2299 296 ARCHIEP.
2344 238 2720 301 ALEXAND.

3579 244 3724 309 2948

459 362 681 401 rursus:
715 345 775 399 In
801 345 1004 416 quibus
1041 344 1405 417 distinguitur
1433 361 1463 400 a
1492 346 1654 401 Patre
1686 345 1951 409 Verbum,
1985 345 2027 398 ir

2144 344 2355 407 τούτοις
2401 345 2455 398 δὲ
2499 347 2593 398 καὶ
2627 347 2762 416 πρὸς
2792 345 2888 415 τὴν
2918 346 3095 416 σάρκα
3123 348 3436 413 ταυτίζεται
3467 352 3495 403 ὁ
3520 352 3720 419 Λόγος⁹

457 437 544 491 his
570 445 766 491 natura
805 445 911 501 est,
944 435 1137 491 iisdem
1172 451 1305 491 vero
1338 435 1405 511 ad
1448 451 1671 490 carnem
1704 435 2036 491 assimilatur

456 527 720 595 Verbum,
747 528 993 599 ejusdem
1035 528 1256 598 quidem
1301 528 1374 581 ita
1416 536 1630 582 natura:
1656 527 1763 582 erit
1800 543 1863 581 ac
1886 542 2032 591 caro,

454 622 679 676 alterius
725 628 907 674 autem
942 631 1151 674 natura:
1189 635 1251 674 ac
1276 621 1459 674 Pater.
1507 618 1951 689 Singularitatem
1979 618 2034 673 in

454 712 848 767 communitate
899 718 1111 764 naturae
1152 710 1316 765 habet
1348 726 1471 763 cum
1504 709 2035 779 particularitatibus

448 818 575 872 qua:
609 803 761 856 illum
799 818 827 855 a
861 802 1258 855 communitate
1306 801 1672 871 distinguunt,
1701 815 1812 854 non
1836 814 2035 853 secun-

455 895 586 947 dum
632 904 790 948 notas
817 910 940 964 qua:
967 895 1121 948 illum
1153 894 1221 948 ab
1249 893 1441 948 iisdem
1471 892 1777 947 substantia
1802 892 2031 961 reliquis

452 985 824 1055 distinguunt,
856 986 1169 1039 communis
1198 985 1321 1053 ejus
1346 994 1540 1037 natura
1571 992 1687 1049 est';
1719 984 1812 1037 sed
1842 999 2032 1038 secun-

451 1076 582 1129 dum
633 1084 802 1129 totam
828 1085 948 1130 toto
988 1077 1042 1130 in
1074 1076 1167 1131 illo
1196 1076 1552 1130 exsistentem
1581 1074 1839 1130 distincte
1870 1086 2033 1129 natu-

452 1180 591 1218 ram.
630 1166 751 1219 Non
778 1165 924 1219 enim
954 1150 1105 1219 aliud
1141 1174 1229 1219 est
1259 1164 1617 1220 subsistentia
1648 1163 1795 1218 circa
1819 1163 2036 1220 divinos

450 1254 762 1323 genitores,
820 1270 883 1308 ac
928 1255 1237 1307 substantia
1291 1270 1416 1308 cum
1474 1253 2031 1323 particularitatibus.

451 1346 692 1415 Superat
726 1348 874 1400 enim
907 1347 1135 1400 omnino
1160 1347 1518 1400 subsistentia
1552 1347 1670 1416 ejus
1716 1346 2035 1401 substantia:

451 1438 852 1508 distinguentcs
881 1440 947 1491 ab
970 1439 1034 1491 iis
1067 1440 1157 1508 qui
1191 1439 1435 1509 ejusdem
1469 1438 1674 1508 speciei
1705 1448 1835 1493 sunt
1862 1440 2034 1508 parti-

449 1531 790 1584 cularitatcs.
839 1532 995 1585 Unde
1030 1532 1165 1584 nihil
1201 1532 1256 1584 in
1287 1531 1612 1585 substantize
1649 1531 1809 1585 istius
1838 1531 2036 1585 defini-

455 1620 603 1673 tione
636 1622 957 1682 assumitur,
996 1620 1092 1673 sed
1144 1620 1198 1672 in
1241 1617 1603 1683 indicatione,
1636 1617 1908 1685 siquidem
1942 1633 2036 1686 ap—

452 1711 695 1779 parentia
726 1711 902 1762 snlum
937 1711 1199 1772 occurrit,
1224 1726 1333 1764 non
1367 1711 1694 1765 substantia.
1724 1709 1853 1764 Ideo
1882 1709 2032 1763 Basi-

449 1799 557 1855 lius
600 1800 756 1863 dicit,
793 1816 1070 1869 quemque
1110 1808 1363 1854 nostrum
1398 1799 1676 1854 communi
1707 1800 2027 1853 substantiae

451 1892 665 1947 ratione
684 1893 1016 1947 cxsistentiaz
1039 1894 1392 1963 participare;
1420 1903 1473 1946 ct
1498 1892 2029 1962 particularitalibus

451 1998 548 2052 per
599 1985 866 2053 singulos,
921 1984 1082 2038 talem
1134 1995 1231 2038 aut
1283 1984 1444 2038 talem
1481 1998 1755 2053 quemque
1789 1998 1929 2037 esse.
1972 1982 2026 2036 Si

449 2080 780 2148 cogitatione
832 2089 1118 2134 moventes
1151 2095 1342 2133 omnes
1384 2096 1505 2148 quae
1544 2080 1863 2149 contingere
1906 2094 2029 2148 pns-

451 2179 581 2223 sunt
615 2170 1101 2239 particularitates,
1133 2179 1185 2221 et
1218 2170 1367 2223 Petri
1413 2178 1664 2223 naturam
1693 2170 1863 2239 ipsam
1895 2185 2027 2222 con-

450 2261 789 2325 siderantes,
852 2263 927 2316 ita
984 2262 1298 2316 deﬁniendo
1359 2262 1625 2326 dicimus,
1688 2262 1842 2315 illum
1906 2277 2026 2316 esse

428 2350 651 2406 'animal
684 2354 1008 2408 rationabile
1043 2356 1291 2410 mortale.
1330 2355 1531 2408 Eadem
1568 2364 1751 2408 autem
1782 2354 2028 2409 definitio

453 2445 507 2499 iu
564 2454 763 2500 natura
820 2446 1146 2515 simpliciter
1182 2464 1212 2501 a
1258 2447 1419 2500 nobis
1461 2447 1801 2516 assignatur;
1835 2446 2025 2500 eadem

450 2554 581 2607 ergo
626 2538 734 2592 erit
784 2538 924 2592 ratio
968 2539 1021 2591 in
1063 2549 1257 2592 natura
1286 2538 1636 2607 simpliciter,
1667 2547 1722 2592 et
1749 2539 1802 2591 in
1834 2548 2040 2591 natura

454 2627 507 2680 in
554 2628 739 2696 aliquo
782 2627 1148 2685 considerata.
1194 2628 1481 2693 Quomodo
1521 2630 1688 2698 igitur
1727 2644 1836 2682 non
1869 2644 2027 2696 posse

452 2732 799 2772 communem
851 2719 903 2772 in
952 2719 1183 2789 singulis
1232 2728 1483 2773 naturam
1519 2736 1661 2782 esse,
1698 2720 1801 2774 etsi
1831 2720 2028 2788 saepius

452 2826 519 2863 ex
548 2810 637 2863 illa
670 2810 896 2874 dicitur,
928 2826 957 2863 a
987 2811 1143 2863 vobis
1177 2809 1477 2863 affirmatur
1512 2812 1535 2863 ?
1562 2811 1634 2864 ita
1663 2820 1718 2864 ut
1751 2823 1941 2865 natura
1972 2812 2025 2864 in

453 2900 679 2971 singulis
707 2901 1034 2965 communis,
1076 2902 1431 2955 subsistentia
1467 2911 1647 2956 autem
1680 2904 2028 2972 particularis

2136 435 2382 506 ὁμοῳυὴς
2421 437 2518 506 μὲν
2549 437 2699 489 ἔσται
2734 438 2877 489 οὕτω
2907 455 2970 505 γε
3001 441 3066 510 τῇ
3096 442 3293 515 σαρκὶ,
3327 443 3631 514 ἑτεροφυὴς
3659 447 3718 499 δὲ

2138 528 2212 597 τῷ
2237 528 2414 598 Πατρί
2436 545 2449 557 θ
2486 532 2547 580 τὸ
2573 528 2910 582 καθέκαστον
2936 529 2995 582 τδ
3018 529 3197 583 κοινὸν
3217 530 3355 600 ἔχων
3382 535 3479 603 τῆς
3500 535 3719 602 φύσεως

2141 618 2278 687 μετὰ
2302 616 2409 670 τῶν
2433 619 2801 689 ἀφοριστικῶν
2832 620 2996 673 αὑτοῦ
3023 621 3131 674 ἀπὸ
3157 621 3248 675 τοῦ
3274 623 3453 676 κοινοῦ
3485 627 3716 693 ἰδιωμά-

2136 722 2243 758 των
2265 750 2279 774 ,
2331 708 2389 761 ού
2426 710 2566 762 κατὰ
2596 711 2661 763 τὰ
2680 711 3016 791 Ἰάφοριστικᾶ
3043 713 3205 765 αὐτοῦ
3242 714 3350 767 ἀπὸ
3379 715 3485 767 τῶν
3507 716 3713 770 λοιπῶν

2140 799 2478 866 ἑμοουσίων,
2533 804 2672 855 πατᾶ
2708 803 2879 856 ταῦτα
2916 806 2951 874 ἡ
2985 804 3138 876 κοινὴ
3169 806 3328 875 φύσις
3356 808 3533 860 ἐστίν’
3572 811 3711 865 ἀλλὰ

2141 887 2280 939 κατὰ
2336 888 2436 957 τὴν
2479 888 2607 959 ὅλην
2651 891 2757 961 ὅλῳ
2795 893 3208 962 ἐνυπάρχουσαν
3246 894 3395 964 αύτῷ
3422 896 3707 966 ὁρισεικῶς

2141 978 2323 1046 φύσιν.
2368 982 2501 1034 Οὐδὲ
2533 983 2639 1053 γὰρ
2668 983 2855 1053 ἕτερον
2885 986 3388 1056 ὲστινὴὑπὸστασις
3418 989 3560 1040 κατὰ
3586 992 3712 1049 τὼς

2138 1070 2429 1137 θεοφόρους
2462 1072 2710 1143 Πατέρας
2733 1111 2748 1134 ,
2796 1073 2828 1143 ἦ
2868 1075 3022 1126 οὐσία
3073 1075 3211 1144 μετὰ
3241 1076 3347 1127 τῶν
3380 1077 3640 1147 ίδιωμάτι.
3659 1093 3710 1132 ν’

2137 1162 2444 1231 περιττεύει
2494 1165 2603 1235 γὰρ
2655 1165 2875 1228 πάντως
2940 1168 2972 1237 ή
3022 1167 3321 1231 ὑπόστασις
3377 1168 3479 1238 τῆς
3521 1170 3725 1235 οὐσίας.

2137 1254 2309 1320 αὐτῆς
2360 1258 2472 1318 τοῖς
2513 1261 2886 1327 ἁιςοριστικοῖς
2926 1259 3033 1310 ἀπὸ
3066 1259 3174 1310 τῶν
3205 1258 3407 1313 λοιπῶν
3447 1262 3716 1331 ὁμοειδῶν

2142 1343 2430 1414 ἰδιώμασιν
2451 1362 2463 1374 ·
2514 1347 2636 1399 ὅθεν
2670 1348 2823 1400 οὐδὲν
2856 1351 2913 1400 ἐν
2943 1348 3020 1417 τῷ
3047 1351 3157 1419 ὅρῳ
3201 1349 3299 1418 τῆς
3327 1351 3516 1413 οὐσίας
3541 1352 3714 1420 αὐτῆς

2138 1435 2500 1506 λαμϐάνεται,
2542 1440 2658 1492 ἀλλ’
2687 1442 2745 1492 ὲν
2773 1443 2836 1510 τῇ
2869 1438 3182 1515 ὑπογραφῇ,
3219 1443 3405 1513 ἐπειδὴ
3435 1444 3716 1498 ὲπουσιὼ-

2136 1526 2198 1595 δη
2255 1530 2651 1598 τυγχάνουσιν,
2709 1531 2806 1584 οὐκ
2859 1532 3111 1599 οὐσιώδη.
3165 1531 3255 1584 Διὸ
3300 1533 3395 1586 καὶ
3432 1534 3717 1599 Βασίλειός

2138 1635 2303 1687 φησιν
2326 1659 2340 1683 ,
2394 1621 2476 1672 ὅτι
2513 1621 2742 1691 ἕκαστος
2770 1622 2926 1693 ήμῶν
2959 1623 3053 1675 καὶ
3085 1620 3162 1691 τῷ
3194 1623 3356 1695 κοινῷ
3391 1626 3493 1694 τῆς
3519 1627 3715 1689 οὐσίας

2052 1706 2110 1775 ἺΒ
2138 1710 2280 1781 λόγῳ
2313 1711 2407 1764 τοῦ
2439 1708 2578 1766 εἶναι
2611 1715 2823 1784 μετέχει
2850 1732 2862 1744 ·
2921 1716 3011 1768 καὶ
3059 1718 3170 1778 τοῖς
3200 1718 3327 1787 περὶ
3353 1718 3534 1770 αὐτῶν
3569 1718 3716 1771 ἰδιῶ-

2135 1820 2300 1871 μασιν
2326 1842 2340 1865 ,
2378 1805 2407 1857 δ
2439 1804 2587 1859 δεῖνά
2612 1808 2727 1858 ἐστι
2760 1807 2851 1860 καὶ
2884 1808 2911 1859 ὀ
2939 1808 3105 1860 δεῖνα.
3160 1808 3223 1860 Et
3259 1810 3609 1881 χωρήσαντες
3639 1815 3712 1883 τῇ

2132 1895 2347 1964 ἐπινοίᾳ
2378 1894 2447 1947 τὰ
2480 1896 2866 1966 συμϐεϐηκότα
2898 1898 3160 1966 ἰδιώματα
3183 1937 3199 1961 ,
3254 1901 3349 1952 καὶ
3392 1900 3479 1969 ἐφ’
3506 1903 3713 1971 ἑαυτὴν

2132 1985 2226 2055 th"
2259 1986 2464 2058 Πέτρου
2494 1990 2866 2058 σκοπήσαντεῖ
2895 1990 3076 2060 φύσιν.
3112 1991 3418 2061 ὁριζόμενοι
3442 1991 3588 2046 οὕτω
3621 1993 3715 2047 λέ-

2131 2092 2323 2145 γομεν,
2360 2078 2443 2130 ὅτι
2475 2077 2615 2140 ζῶον
2638 2079 2852 2147 λογικὸν
2885 2081 3097 2150 θνητὸνο
3135 2084 3161 2132 ὁ
3194 2083 3347 2144 me;
3380 2084 3434 2136 δὲ
3464 2085 3589 2153 ὅρος
3614 2086 3713 2138 καὶ

2132 2169 2224 2220 ἐπὶ
2272 2170 2369 2236 τῆς
2419 2169 2605 2246 απλῶς
2659 2170 2875 2240 φύσεως
2931 2173 3071 2243 παρ’
3118 2174 3275 2244 ἡμῶν
3306 2175 3644 2239 ἀποδίδοται,
3678 2178 3711 2229 ὁ

2130 2259 2289 2321 αὐτὸς
2319 2260 2425 2331 ἄρα
2452 2260 2602 2315 ἔσται
2626 2262 2781 2331 λόγος
2805 2264 2896 2315 ἐπὶ
2918 2266 3014 2334 τῆς
3039 2265 3223 2327 ἁπλῶς
3246 2267 3477 2333 φύσεως,
3502 2267 3595 2319 καὶ
3614 2267 3714 2319 ἐπὶ

2130 2353 2226 2421 τῆς
2257 2353 2312 2403 ἕν
2335 2370 2437 2407 τινι
2468 2353 2866 2426 Θεωρουμένης·
2903 2346 2999 2409 ποῦ
3025 2356 3114 2410 οὖν
3143 2358 3201 2411 τὸ
3229 2359 3303 2429 μὴ
3328 2359 3586 2411 δύνασθαι
3608 2359 3715 2427 τὴν

2132 2445 2315 2511 φύσιν,
2348 2445 2439 2498 τοῦ
2472 2445 2595 2498 καθ’
2625 2447 2855 2500 ἕκαστον
2886 2449 3072 2515 κοινὴν
3099 2444 3265 2514 εἶναι,
3303 2450 3407 2502 κᾶν
3437 2450 3711 2513 πολλάκις

2129 2534 2189 2599 ἐξ
2229 2536 2398 2606 αὐτῆς
2432 2536 2696 2607 λέγηται,
2736 2540 2873 2610 ὅπερ
2911 2539 2969 2592 ἓν
3008 2539 3348 2610 βεϐαιοῦταις
3378 2540 3519 2593 ὥστε
3544 2541 3581 2607 ἡ
3607 2542 3710 2609 μὲν

2130 2628 2290 2695 φύσις
2319 2626 2413 2680 τοῦ
2442 2629 2565 2683 καθ’
2588 2630 2819 2684 ἕκαστον
2849 2631 3038 2702 κοινὴ,
3076 2633 3108 2702 ὴ
3136 2631 3181 2684 δ’
3211 2631 3510 2695 ὑπόστασις
3536 2633 3707 2704 ἰδική.

2130 2722 2192 2773 El
2236 2720 2332 2792 τὴν
2368 2722 2555 2794 κοινὴν
2590 2723 2750 2791 φύσιν
2794 2725 2822 2776 ὀ
2865 2725 3039 2793 Λόγος
3086 2725 3185 2778 ούκ
3233 2726 3531 2791 ἀνέλαϐεν,
3569 2729 3712 2780 ἀπο.

2131 2812 2439 2882 λογούμεθα
2472 2815 2668 2884 ἡμεῖς,
2706 2814 2787 2867 ὅτι
2813 2814 2910 2884 τὴν
2935 2815 3097 2878 φύσιν
3124 2818 3347 2886 εἴπομεν
3374 2817 3537 2870 αὑτὸν
3564 2819 3708 2871 ἀνα-

2129 2901 2313 2954 λαϐεῖν
2341 2945 2355 2967 ,
2412 2904 2471 2956 οὗ
2525 2905 2629 2974 μὴν
2663 2905 2730 2956 τὰ
2761 2906 3102 2959 ὑποστατικὰ
3132 2907 3364 2960 ἑκάστου
3397 2908 3705 2977 ἰδιώματαο

451 2992 544 3069 sit.
584 2993 638 3047 Si
668 3008 1012 3046 communem
1038 3002 1289 3047 naturam
1312 2994 1548 3047 Verbum
1574 3010 1681 3047 non
1708 2997 2022 3063 assumpsit,

2130 2993 2300 3045 ταῦτα
2331 2993 2438 3063 γὰρ
2469 2998 2616 3046 ποιεῖ
2643 2995 2731 3049 τὸν
2760 2994 2956 3049 Ἰούδαν
2990 2998 3084 3050 καὶ
3109 2997 3200 3050 τὸν
3229 2998 3374 3053 δεῖνα
3395 3016 3409 3027 ⁸
3446 3000 3474 3053 ὃ
3505 3016 3559 3052 τι
3590 3002 3709 3063 τοῖς

452 3100 781 3139 excusantur
823 3100 922 3139 nos
963 3085 1110 3153 quod
1157 3093 1409 3139 naturam
1457 3085 1693 3140 dicimus
1736 3087 1889 3140 illum
1941 3102 2026 3141 as-

455 3175 787 3243 sumpsisse,
838 3190 945 3227 non
993 3175 1213 3243 quidem
1267 3174 1710 3230 subsistentiales
1761 3176 2026 3245 cujusque

454 3265 918 3334 particularitates
944 3283 957 3318 :
997 3267 1080 3320 lue
1108 3267 1258 3321 enim
1284 3265 1530 3320 etIiciunt
1568 3266 1763 3320 Judam
1790 3283 1912 3321 esse
1944 3277 2026 3321 ta-

455 3358 560 3412 lem
600 3364 694 3410 aut
726 3357 921 3420 talem;
954 3358 1100 3427 quod
1131 3358 1386 3413 omnibus
1416 3357 1640 3412 omnino
1666 3358 1891 3412 evidens
1919 3367 2022 3412 est.

456 3451 583 3505 Ideo
612 3465 642 3504 e
676 3450 1064 3504 communibus
1105 3450 1430 3505 substantiis
1472 3450 1733 3505 unionem
1780 3450 1899 3504 ﬁeri
1941 3450 2026 3505 di-

453 3550 660 3603 centes,
696 3557 804 3594 non
839 3541 1237 3596 necessitamur
1268 3542 1529 3597 inducere
1561 3524 1752 3596 omnes
1800 3544 1851 3596 in
1884 3543 2025 3596 invi-

454 3649 575 3688 cem
600 3633 1011 3698 subsistentias,
1047 3643 1107 3687 ut
1137 3633 1225 3687 isti
1265 3634 1561 3704 hypocrita
1590 3634 1935 3689 cavillantur.
1970 3634 2025 3689 Si

456 3724 621 3795 igitur
647 3724 940 3793 perfectam
972 3732 1026 3778 ct
1053 3724 1375 3793 completam
1403 3735 1459 3779 et
1488 3723 2024 3794 superabundantem

454 3817 511 3871 in
554 3818 646 3872 illo
693 3818 999 3872 divinitatis
1042 3827 1289 3871 naturam
1338 3818 1613 3871 hominem
1666 3817 1860 3872 factam
1905 3831 2025 3871 esse

453 3909 710 3973 dicimus,
761 3926 882 3980 quae
925 3909 1229 3964 necessitas
1275 3908 1422 3978 cogit
1470 3924 1570 3963 nos
1622 3910 1748 3964 talia
1792 3908 2027 3964 dicendo

457 4006 517 4051 ut
554 3997 765 4053 Patrem
812 4008 869 4053 et
898 3996 1166 4067 Spiritum
1206 3997 1271 4051 ad
1306 3997 1547 4053 hominis
1595 3999 2022 4066 assumptionem

453 4107 673 4161 quoque
700 4092 924 4146 omnino
946 4090 1339 4144 demittamus?
1371 4089 1657 4155 Quomodo
1677 4089 1843 4153 enim,
1864 4089 2025 4143 Petro

454 4182 743 4247 cruciﬁxo,
774 4192 830 4237 et
849 4183 1018 4237 Paulo
1043 4182 1338 4246 decollato,
1366 4197 1433 4236 eo
1460 4183 1605 4252 quod
1631 4183 1845 4237 illorum
1878 4190 2027 4236 uter-

454 4290 561 4341 que
590 4274 804 4342 plenam
837 4282 894 4327 et
917 4274 1244 4342 completam
1272 4288 1400 4327 cum
1430 4274 1749 4328 hominibus
1780 4289 2025 4327 commu-

2131 3084 2357 3137 καθόλου
2401 3085 2567 3138 πᾶσιν
2602 3087 2749 3139 ἐστιν
2780 3085 3019 3157 εὔδηλον.
3063 3089 3261 3159 Διόπερ
3298 3092 3361 3143 ἐκ
3391 3090 3589 3144 κοινῶν
3618 3092 3709 3144 ού-

2130 3175 2262 3227 σιῶν
2294 3176 2542 3243 λέγοντες
2576 3177 2672 3245 τὴν
2699 3176 2891 3230 ’ένωσιν
2918 3179 3206 3245 γενέσθαι,
3260 3181 3358 3233 οὐκ
3394 3181 3707 3247 ἀναγκαζό-

2131 3267 2271 3336 μεθα
2315 3268 2657 3335 συνεισάγειν
2695 3269 2792 3330 τὰς
2825 3269 2917 3321 ὑπ’
2943 3271 3113 3332 αὐτὰς
3140 3271 3466 3333 ὑποστάσεις
3494 3270 3703 3333 πάσας,

2126 3357 2201 3419 ὡς
2248 3357 2295 3408 oi
2348 3358 2685 3425 συκοφάνται
2725 3358 3004 3429 ληροῦσιν.
3057 3361 3120 3413 Εἰ
3153 3362 3329 3414 τοίνυν
3362 3362 3572 3415 τελείαν
3608 3363 3705 3416 καὶ

2127 3447 2385 3518 ἀνελλιπῆ
2430 3450 2524 3501 καὶ
2569 3450 2898 3523 ὑπερπλήρη
2929 3451 3120 3522 ἔχοντα
3162 3454 3219 3506 ὲν
3250 3454 3425 3524 ἑαυτῷ
3455 3454 3551 3523 τῆς
3579 3454 3707 3508 θεό-

2127 3552 2289 3608 τητος
2313 3539 2409 3611 τὴν
2430 3539 2590 3609 φύσιν
2611 3541 3033 3612 ὲνανθρωπῆσαι
3055 3542 3307 3613 λέγομεν,
3334 3545 3462 3598 ποία
3485 3546 3705 3615 ἀνάγκη

2128 3631 2274 3699 ἡμᾶς
2308 3629 2464 3683 τοῦτο
2495 3630 2753 3698 λέγοντας
2780 3632 3001 3696 πάντως
3032 3634 3126 3686 καὶ
3154 3633 3244 3687 τὸν
3274 3635 3492 3705 Πατέρα
3522 3637 3619 3689 καὶ
3643 3638 3707 3688 τὸ

2129 3723 2351 3793 Πνεῦμα
2380 3724 2768 3788 καταϐιϐάζειν
2797 3726 2877 3787 είς
2902 3727 3001 3796 τὴν
3026 3725 3463 3798 ὲνανθρώπησινς
3500 3727 3566 3778 Τί
3597 3726 3708 3798 γὰρ

2130 3818 2336 3887 Πέτρου
2373 3817 2777 3887 σταυρωθέντος
2827 3817 2859 3888 ἢ
2898 3818 3113 3870 Παύλου
3142 3817 3573 3888 ἁποτμηθέντος,
3611 3823 3709 3872 καὶ

2128 3904 2360 3976 θατέρου
2414 3906 2594 3959 αὐτῶν
2650 3908 2832 3979 πλήρη
2889 3909 2981 3961 καὶ
3028 3908 3324 3980 ὁλόκληρον
3375 3910 3473 3979 τὴν
3515 3910 3708 3979 κοινὴν

2126 3999 2340 4069 ἔχοντος
2387 4000 2495 4053 τῶν
2541 4000 2844 4072 ἀνθρώπων
2882 4002 3045 4070 φύσιν
3071 4042 3085 4067 ,
3137 4002 3261 4063 τοὺς
3290 4001 3511 4065 λοιποὺς
3547 4001 3709 4055 τοῦτ)

2126 4091 2466 4163 παρέϐλαψε,
2505 4093 2631 4155 τοὺς
2661 4092 2765 4144 ὑπὸ
2792 4092 2887 4162 τὴν
2912 4093 3081 4163 αὐτὴν
3108 4092 3478 4161 ἀναγομένους
3504 4092 3706 4159 etiam;

2125 4183 2205 4235 ὅτι
2241 4183 2301 4235 οὔ
2333 4183 2581 4249 φύσεων,
2619 4183 2734 4235 ἁλλ’
2766 4184 3119 4237 ὑποστάσεων
3155 4183 3422 4251 ἰδιότητας
3446 4182 3708 4236 διδασκά-

2130 4274 2289 4343 μεθα.
2352 4275 2654 4345 Γρηγὸριος
2703 4277 2759 4327 ἐν
2803 4276 3043 4346 δευτέρῳ
3093 4276 3212 4328 κατ’
3248 4273 3517 4341 Εὐνομίου
3558 4273 3708 4345 λόγῳ

455 4378 579 4417 nem
610 4362 867 4416 habuerit
897 4371 1175 4425 naturam,
1203 4364 1445 4433 reliquos
1485 4364 1601 4418 haec
1631 4364 1898 4433 supplicia
1933 4364 2025 4418 la:—

2131 4366 2272 4419 οὒτω
2303 4369 2435 4436 φησὶ
2476 4368 2605 4437 περὶ
2647 4367 2879 4438 Πατρὸς,
2913 4369 3006 4422 καὶ
3035 4366 3187 4432 Υίοῦ,
3216 4368 3309 4420 καὶ
3342 4366 3497 4433 ἁγίου
3527 4366 3706 4419 Πνεύ-

459 4460 652 4506 serunt
703 4466 914 4517 omnes,
960 4452 1052 4521 qui
1083 4451 1330 4506 eamdem
1360 4460 1608 4506 naturam
1641 4453 1818 4507 sortiti
1853 4453 2024 4507 sunt?

454 4544 581 4609 quia
626 4559 737 4597 non
768 4550 1085 4597 naturarum
1118 4541 1215 4597 sed
1257 4543 1736 4598 subsistentiarum
1784 4542 2024 4612 particu-

454 4634 702 4689 laritates
730 4633 1099 4705 agnoscimus.
1136 4632 1433 4703 Gregorius
1465 4631 1519 4686 in
1554 4632 1799 4687 secundo
1828 4643 2023 4690 contra

2133 4475 2300 4527 ματος
2323 4498 2337 4520 ,
2386 4458 2458 4521 ὡς
2491 4458 2577 4511 διὰ
2605 4459 2712 4512 τῶν
2738 4460 2982 4528 κλήσεων
3005 4459 3229 4523 τούτων,
3258 4458 3320 4510 ού
3346 4457 3560 4526 φύσεων
3586 4457 3706 4509 δια-

2131 4547 2301 4616 φορὰν
2322 4546 2710 4616 διδασκόμεθα,
2737 4548 2874 4600 ἀλλὰ
2901 4547 3067 4618 μόνας
3093 4547 3191 4608 τὰς
3214 4546 3322 4599 τῶν
3348 4545 3706 4599 ὑποστάσεων

2128 4638 2494 4708 γνωριστικὰς
2533 4638 2823 4709 ἰδιότητας.

454 4727 785 4781 Eunomium
818 4740 1073 4781 sermone
1102 4726 1175 4779 ita
1205 4724 1339 4778 dicit
1382 4723 1450 4779 de
1498 4723 1675 4789 Patre,
1715 4731 1772 4778 et
1814 4724 1972 4784 Filio,
2018 4736 2072 4781 et
2112 4736 2304 4783 saneto
2353 4729 2580 4798 Spiritu,
2627 4729 2772 4798 quod
2826 4745 2924 4799 per
2974 4729 3075 4783 has
3122 4728 3537 4798 appellationes,
3588 4742 3703 4779 non

453 4835 774 4879 naturarum
798 4821 1163 4878 diﬁ‘erentiam
1185 4820 1549 4891 agnoscimus,
1580 4819 1675 4874 sed
1701 4819 1844 4873 solas
1863 4820 2339 4878 subsistentiarum
2369 4824 2715 4877 distinctivas
2740 4824 3219 4892 particular-italos.

666 4942 749 4995 Ex
781 4940 992 5010 Eulogii
1019 4938 1366 4993 Alexandrini
1390 4919 1801 5006 Defensionibus.

2199 4938 2290 4989 Ἐκ
2319 4935 2435 4989 τῶν
2461 4936 2838 5005 Συνηγοριῶν
2859 4936 3157 5003 Εὑλογίου
3191 4934 3660 5002 Ἀλεξανδρείας.

1460 5050 1619 5122 (Aug.
1652 5049 1751 5104 MAI
1785 5047 1978 5119 Script.
2008 5059 2107 5103 vet.
2147 5060 2185 5104 t.
2222 5050 2352 5113 ΗΠ,
2376 5066 2432 5121 p.
2467 5050 2681 5118 54-57.)

524 5172 714 5227 Audivi
742 5171 981 5240 aliquem
1021 5184 1210 5225 eorum
1240 5178 1463 5224 strenue
1493 5168 1816 5238 gestientem
1845 5166 2017 5221 disse-

449 5277 590 5329 rere,
636 5278 744 5315 non
783 5277 902 5317 esse
934 5269 1186 5315 naturam
1219 5258 1663 5329 impcrsonalem,
1700 5257 1793 5311 sed
1825 5273 2018 5311 conse-

450 5356 675 5408 ctariam
733 5365 942 5407 naturae,
995 5367 1304 5422 personam.
1365 5351 1422 5406 Si
1487 5350 1656 5420 igitur
1715 5350 1836 5403 dum
1890 5358 2019 5402 sunt

449 5454 686 5509 naturae,
752 5444 1045 5498 admodum
1105 5460 1323 5514 quoque
1385 5458 1507 5498 esse
1547 5442 1686 5495 duas
1731 5455 2016 5510 personas,

450 5537 726 5595 auomodo
762 5538 981 5591 illorum
1026 5538 1120 5607 qui
1156 5539 1282 5592 talia
1315 5536 1599 5606 proferunt
1628 5551 1737 5588 non
1769 5548 1871 5588 nos
1917 5533 2020 5586 mi-

451 5640 679 5695 sereret,
710 5645 835 5684 cum
867 5632 938 5685 ita
972 5631 1257 5686 evidenter
1284 5630 1567 5693 aberrent,
1607 5638 1660 5682 et
1704 5627 2016 5681 Nestorium

2203 5168 2448 5220 Ἤκουσα
2498 5154 2642 5230 τινος
2690 5166 2872 5221 αὐτῶν
2919 5166 3183 5234 γενναίως
3230 5165 3479 5235 οἰομένου
3521 5162 3701 5215 6:03.1-

2124 5258 2315 5323 γεσθαι
2372 5260 2454 5311 ὅτι
2506 5263 2605 5310 οὐκ
2650 5258 2765 5310 ἔστι
2808 5257 2968 5327 φύσις
3001 5258 3349 5327 ἁπρόσωπος,
3386 5252 3526 5306 ἀλλὰ
3556 5270 3696 5322 παρ⁸

2124 5350 2319 5401 ἐπεται
2366 5352 2431 5419 τῇ
2473 5349 2631 5415 φύσει
2676 5350 2769 5401 καὶ
2802 5349 3115 5419 πρόσωπον.
3156 5347 3217 5399 Et
3243 5342 3334 5399 οὖν
3364 5345 3459 5397 δύο
3485 5345 3696 5414 φύσεις,

2125 5440 2342 5502 πάντως
2384 5442 2476 5493 καὶ
2510 5441 2602 5493 δύο
2634 5442 2901 5512 πρόσωπα
2928 5456 2942 5470 ⁸
2998 5439 3119 5499 πῶς
3147 5438 3244 5491 οὐκ
3272 5438 3335 5492 ἄν
3363 5453 3447 5500 τις
3476 5437 3605 5499 τοὺς
3630 5435 3697 5488 τὰ

2124 5533 2347 5586 τοιαῦτα
2383 5534 2854 5604 προϐαλλομένους
2886 5532 3164 5603 ἐλεήσειεν
3187 5569 3202 5594 ,
3242 5531 3290 5582 οἳ
3334 5527 3522 5596 σαφῶς
3555 5528 3697 5581 οὕτω

2128 5626 2594 5697 προσπταίουσιν;
2648 5627 2742 5680 καὶ
2788 5624 3072 5695 Νεστορίῳ
3106 5620 3567 5693 προσποιούμενοι
3602 5635 3694 5673 πο-
