4032 6186
279 196 425 261 2949

1453 188 1915 253 FRAGMENTA
1959 190 2413 252 DOGMATICA.

3413 194 3558 257 2950

277 312 465 386 λεμεῖν
491 352 506 376 ,
563 313 674 367 τοῖς
722 309 886 363 αὑτοῦ
918 308 1265 379 προϐλήμασι
1295 307 1618 376 κέχρηνται,
1653 303 1747 356 καὶ
1776 301 1875 371 τὴν

1986 301 2302 373 impugnare
2338 303 2684 366 simulantes,
2727 301 2894 373 hujus
2925 305 3265 372 argumentis
3305 313 3557 373 utuntur,

279 404 488 457 ἐκείνου
530 402 681 456 νόσον
727 401 787 455 τό
827 417 888 469 γε
929 401 1016 453 ἐπ’
1058 401 1239 461 αὑτοῖς
1280 394 1647 462 ἀσπάζονται;
1681 394 1875 465 Είγὰρ

278 494 375 548 οὑκ
396 493 510 547 ἔστι
530 494 691 564 φύσις
713 495 1058 564 άπρόσωπος,
1078 490 1210 546 ἀλλὰ
1233 493 1324 543 καὶ
1347 490 1654 562 παρέπεται
1683 491 1747 557 τῇ
1776 486 1877 555 φύ-

283 601 366 636 σει
398 586 492 638 καὶ
526 583 841 653 πρόσωπον,
875 582 1006 652 φασὶ
1034 582 1090 634 δὲ
1121 583 1184 634 ἐκ
1213 579 1306 632 δύο
1336 580 1551 648 φύσεων
1575 577 1673 649 τὴν
1700 575 1873 646 ἀπόρ-

287 660 450 750 ρητον
472 677 667 729 ἕνωσιν
692 679 750 729 ὲν
772 673 994 746 Χριστῷ
1016 672 1319 742 γεγονέναι,
1355 672 1464 743 ἄρα
1497 672 1560 724 ὲκ
1586 670 1680 722 δύο
1705 685 1873 738 προσ-

284 771 453 826 ώπων
506 770 628 823 κατ’
671 769 870 830 αὑτοὺς
917 768 945 818 ὁ
984 763 1377 835 Ἑμμανυυὴλ,
1441 762 1538 815 καὶ
1595 760 1871 830 ἀνέῳκται

280 862 468 915 λοιπον
496 863 607 923 τοῖς
639 857 1024 928 βλασφημοῦσι
1052 854 1335 926 παρῤησία
1362 852 1456 907 δύο
1485 853 1756 924 πρόσωπα
1777 852 1870 904 λέ-

284 970 403 1020 γειν
438 955 495 1004 ὲν
527 948 749 1020 Χριστῷ
774 990 786 1011 ,
847 949 985 1017 ὅπερ
1039 947 1237 1016 μανίας
1271 945 1601 1016 ἀνάμεστον.
1651 945 1728 998 Οὑ
1764 943 1872 1014 γὰρ

282 1044 349 1097 ἂν
381 1043 587 1113 Πέτρον
618 1041 649 1111 ἢ
681 1040 892 1094 Παῦλον
922 1041 1084 1102 εἴτις
1113 1039 1332 1091 ἐνώσειε
1372 1078 1386 1102 ,
1415 1036 1544 1108 μίαν
1569 1037 1871 1090 ὑπόστασιν

279 1137 382 1190 καὶ
416 1135 473 1188 ἓν
503 1134 798 1204 πρόσωπον
832 1132 978 1185 εἴποι
1001 1148 1015 1161 ο
1065 1133 1119 1185 αἱ
1150 1132 1258 1201 γὰρ
1289 1129 1640 1194 ὑποστάσεις,
1670 1128 1705 1182 ἂ
1734 1125 1871 1181 εἶναι

286 1230 555 1300 πρόσωπα
596 1227 696 1298 τὴν
729 1226 850 1280 κατ’
881 1225 1069 1278 οὑσίαν
1124 1226 1218 1278 καὶ
1250 1226 1434 1294 σχέσιν
1463 1224 1657 1277 ’ένωσιν
1689 1222 1871 1276 ἐπιδέ-

286 1337 473 1390 χονται
495 1359 510 1383 ,
564 1319 626 1371 οὑ
673 1317 772 1389 τὴν
803 1316 1168 1370 ἐνυπόστατον
1198 1316 1292 1369 καὶ
1321 1315 1380 1366 ἓν
1411 1315 1703 1384 πρόσωπον
1730 1315 1870 1368 ἁποο

244 1446 254 1455 -
287 1412 556 1466 τελοῦσιν.
602 1409 738 1464 Κατ’
768 1410 958 1464 οὐσίαν
991 1409 1090 1478 μὲν
1118 1408 1212 1462 οὑν
1244 1409 1297 1460 αἱ
1328 1406 1654 1470 ὑποστάσεις
1686 1407 1872 1460 ἑνοῦν-

288 1521 399 1569 ται,
433 1504 507 1567 ώς
541 1504 634 1555 ἐπὶ
661 1502 764 1570 τῆς
791 1503 956 1569 ἁγίας
983 1503 1212 1572 Τριάδος
1234 1519 1245 1530 °
1305 1503 1456 1572 τρεῖς
1486 1503 1594 1570 γὰρ
1628 1500 1867 1553 ὑποστά-

289 1613 400 1658 σεις
436 1597 564 1666 μιᾶς
592 1594 780 1658 οὑσίας
814 1594 1174 1665 ὑπάρχουσιν.

371 1776 438 1828 'll
485 1775 540 1828 δὲ
593 1774 736 1828 κατὰ
783 1772 965 1843 σχέσιν
1012 1771 1206 1835 ἓνωσις
1243 1771 1382 1824 κατὰ
1415 1769 1646 1830 πολλοὺς
1677 1771 1877 1820 νοεῖται

289 1867 546 1937 τρόπους,
585 1867 642 1917 ἐν
683 1863 992 1935 ὁμωνυμίᾳ,
1023 1865 1080 1916 ἐν
1114 1861 1371 1933 ἰσοτιμίᾳ,
1401 1863 1456 1913 ὲν
1497 1859 1876 1929 ταυτοὸουλίξι,

294 1954 382 2007 καὶ
415 1954 514 2005 ὅσα
544 1951 754 2015 τούτοις
789 1952 1148 2021 παραπλήσια
1169 1969 1182 1981 ·
1231 1953 1286 2004 ὲν
1315 1949 1604 2020 ὁμωνυμίᾳ
1634 1950 1768 2017 μὲν,
1805 1950 1881 2013 ώς

305 2045 501 2108 Ἰούδας
532 2046 560 2097 ὁ
594 2044 872 2108 Ἰακώϐου,
904 2045 995 2097 καὶ⁸
1011 2045 1210 2107 Ἰούδας
1235 2043 1606 2113 Ἰσκαριώτηςο
1643 2041 1881 2111 ἰσοτιμίᾳ⁴

291 2137 346 2189 δὲ
395 2136 486 2188 καὶ
522 2135 871 2206 ταυτοϐουλξᾳ
893 2177 906 2198 ,
947 2135 1021 2198 th;
1051 2137 1255 2206 Πέτρος
1287 2137 1381 2188 καὶ
1416 2135 1664 2204 Ἰωάννης
1687 2148 1699 2162 '
1749 2135 1880 2186 ἐκά-

293 2247 445 2298 τερος
465 2230 569 2299 γάρ
589 2229 880 2292 ἀπόστολος
905 2229 996 2283 καὶ
1020 2227 1202 2292 αὔξειν
1238 2227 1528 2298 ἠϐούλοντο
1544 2226 1602 2276 τὸ
1622 2227 1882 2296 κήρυγμα

291 2324 383 2375 τοῦ
416 2322 673 2392 Χριστοῦ.
711 2323 774 2374 Ὃ
805 2321 894 2374 οὖν
929 2321 1097 2391 ἔφθην
1137 2320 1307 2372 εἰπὼν
1350 2320 1407 2370 αἱ
1438 2318 1531 2372 δύο
1555 2319 1882 2378 ὑποστάσεις

293 2420 458 2488 illm”
485 2416 750 2486 πρόσωπα
778 2416 1060 2485 ένούμενα,
1088 2414 1342 2467 οὐδέποτε
1376 2413 1502 2482 μίαν
1531 2411 1883 2464 ἀποτελοῦσιν

294 2512 592 2562 ὑπόστασιν
623 2509 714 2561 καὶ
747 2507 804 2559 ἓν
844 2509 1152 2576 πρόσωπον.
1207 2507 1267 2558 Εἰ
1295 2502 1386 2558 οὖν
1430 2506 1495 2556 ἐκ
1536 2503 1628 2556 δύο
1667 2504 1884 2571 φύσεων

291 2606 319 2656 ὀ
350 2601 713 2671 Ἐμμανουήλ,
736 2602 770 2672 ἡ
795 2601 849 2653 δὲ
880 2599 1040 2669 φύσις
1073 2599 1360 2668 πρόσωπόν
1385 2601 1501 2650 ἐστι
1526 2600 1642 2651 κατ’
1666 2599 1884 2660 αὑτοὺς,

295 2697 448 2748 ἔσται
492 2695 598 2764 ἄρα
651 2695 742 2745 καὶ
788 2695 851 2746 ἐκ
891 2691 984 2744 δύο
1029 2690 1336 2761 προσώπων
1363 2730 1378 2753 ,
1413 2690 1556 2760 ἆπερ
1586 2690 1686 2744 οὐκ
1712 2688 1887 2743 ἐπιδέ-

293 2799 479 2848 χονται
508 2783 604 2851 τὴν
634 2781 995 2834 ἐνυπόστατον
1027 2781 1222 2833 ’ένωσιν
1249 2797 1261 2810 ·
1313 2781 1405 2833 καὶ
1437 2779 1579 2832 οὑτω
1609 2780 1749 2833 κατὰ
1777 2779 1885 2832 τῶν

285 2874 321 2922 -δ
347 2872 703 2942 εφθαρμένων
751 2873 909 2942 λόγον
950 2873 1009 2925 τὸ
1052 2875 1150 2942 τῆς
1175 2873 1334 2926 ἀθέου
1364 2872 1683 2942 διαιρέσεως
1710 2871 1886 2940 δόγμα

1979 404 2036 450 et
2067 396 2217 451 illius
2247 397 2504 450 morbum
2537 397 2610 450 ita
2642 395 2748 450 sibi
2798 395 3156 465 adjudicant?
3185 398 3242 453 Si
3271 400 3420 454 enim
3450 405 3559 456 n'on

1977 496 2064 542 est
2110 473 2308 542 natura
2344 487 2753 556 impersonalis,
2806 487 2900 542 sed
2946 497 3201 541 naturam
3253 489 3562 559 insequitur

1980 593 2246 646 persona,
2299 579 2491 634 dicunt
2534 595 2564 633 e
2617 580 2833 634 duabus
2890 580 3108 634 naturis
3166 580 3562 649 impossibilem

1977 668 2036 724 in
2082 669 2306 724 Christo
2360 671 2621 725 unionem
2656 670 2855 724 factam
2902 687 3046 736 esse,
3079 687 3210 741 ergo
3247 688 3316 726 ex
3349 673 3564 729 duabus

1977 761 2231 832 personis
2286 763 2594 818 secundum
2648 764 2784 820 istos
2837 776 3053 822 constat
3098 769 3455 835 Emmanuel,
3509 779 3566 825 et

1977 859 2388 923 consequenter
2458 854 2706 925 aperitur
2766 856 3282 926 blasphemantibus
3335 860 3565 915 libertas

1975 945 2114 1001 duas
2149 962 2423 1016 personas
2450 947 2671 1002 dicendi
2702 946 2756 1002 in
2781 948 3026 1014 Christo,
3055 950 3201 1019 quod
3231 959 3316 1004 est
3341 951 3568 1004 demen-

1978 1037 2052 1091 tia
2113 1038 2401 1092 refertum.
2469 1039 2590 1092 Non
2640 1039 2810 1104 enim,
2868 1029 3188 1094 si'Petrum
3233 1051 3288 1096 et
3333 1042 3561 1096 Paulum

1976 1131 2247 1194 univeris,
2287 1146 2454 1184 unam
2506 1131 2924 1184 subsistentiam
2971 1141 3029 1185 et
3060 1148 3226 1185 unam
3271 1149 3562 1202 personam

1976 1225 2218 1291 dixeris;
2284 1241 2407 1303 qua:
2467 1225 2615 1280 enim
2670 1225 3075 1288 subsistentia},
3137 1241 3260 1295 qua:
3319 1239 3567 1295 personae

1976 1319 2237 1373 unionem
2285 1318 2340 1371 in
2376 1317 2686 1372 substantia
2716 1327 2772 1372 et
2797 1319 3067 1373 relatione
3116 1320 3412 1388 recipiunt,
3454 1337 3564 1374 non

1977 1427 2142 1464 unam
2179 1410 2596 1464 subsistentiam
2645 1426 2825 1479 neque
2872 1427 3038 1464 unam
3070 1425 3361 1479 personam
3399 1414 3565 1480 perli-

1975 1502 2152 1554 ciunt.
2202 1501 2518 1555 Secundum
2564 1501 2931 1555 substantiam
2977 1501 3148 1568 igitur
3195 1501 3567 1557 subsistentire

1978 1591 2268 1656 uniuntur,
2303 1599 2362 1644 ut
2393 1591 2448 1644 in
2481 1599 2669 1644 sancta
2697 1589 2931 1654 Triade;
2968 1598 3081 1643 tres
3116 1589 3262 1643 enim
3318 1589 3394 1643 ibi
3429 1592 3564 1645 sub-

1981 1682 2247 1738 sistentiae
2293 1681 2460 1737 unius
2493 1695 2623 1737 sunt
2654 1682 2995 1735 substantiae.

2081 1771 2226 1826 Unio
2291 1782 2478 1827 autem
2545 1770 2852 1826 secundum
2920 1772 3246 1829 relationem
3312 1774 3567 1844 plurimis

1983 1861 2296 1929 concipitur
2332 1861 2542 1924 modis,
2575 1861 2632 1914 in
2668 1861 3019 1932 bomonymia
3045 1902 3058 1926 ,
3107 1864 3163 1917 in
3199 1863 3482 1934 dignitatis
3512 1871 3568 1918 et

1982 1952 2288 2009 voluntatis
2315 1955 2726 2017 conlormitate,
2759 1963 2815 2009 et
2841 1956 2967 2010 aliis
2990 1973 3111 2026 qua:
3138 1959 3289 2013 hisce
3319 1957 3570 2013 referun-

1983 2053 2111 2099 tur:
2149 2046 2205 2100 in
2234 2047 2588 2119 homonymia
2613 2048 2861 2116 quidem,
2901 2059 2960 2102 ut
2993 2049 3164 2105 Judas
3193 2051 3365 2106 Jacob
3400 2051 3566 2113 filius,

1982 2144 2038 2191 et
2065 2137 2236 2192 Iudas
2271 2139 2598 2203 Iscariotes;
2639 2138 2694 2192 in
2729 2137 3014 2208 dignitatis
3045 2150 3228 2194 autem
3276 2150 3331 2194 et
3375 2141 3571 2194 volun-

1987 2230 2116 2284 tatis
2169 2230 2580 2296 conformitate,
2619 2239 2680 2285 ut
2709 2232 2906 2286 Petrus
2938 2240 2994 2284 et
3026 2232 3289 2296 Joannes,
3336 2243 3567 2303 uterque

1983 2326 2131 2381 enim
2163 2328 2448 2396 apostolus“
2473 2335 2527 2382 et
2559 2327 2862 2383 extendere
2897 2328 3154 2382 volebant
3177 2329 3383 2383 Christi
3433 2345 3569 2398 pra:-

1984 2416 2343 2473 dicationem.
2376 2418 2533 2484 Quod
2573 2419 2740 2489 igitur
2769 2420 2881 2489 jam
2913 2420 3124 2474 asserui
3157 2420 3391 2474 dicens:
3446 2420 3568 2475 duae

1985 2509 2388 2573 subsistentia,
2439 2526 2689 2579 personae
2739 2512 2982 2575 scilicet,
3044 2513 3234 2576 nuitze,
3287 2529 3566 2583 nunquam

1987 2615 2154 2654 unam
2199 2602 2615 2656 subsistentiam
2650 2620 2831 2673 neque
2879 2619 3040 2657 unam
3078 2619 3368 2672 personam
3408 2606 3571 2674 perli-

1985 2692 2160 2746 ciunt.
2211 2691 2265 2747 Si
2317 2693 2489 2763 igitur
2525 2711 2592 2750 ex
2629 2695 2847 2750 duabus
2899 2696 3113 2750 naturis
3167 2704 3382 2750 constat
3439 2697 3569 2750 Em-

1988 2783 2227 2849 manuel,
2259 2794 2314 2839 et
2342 2801 2572 2854 qumque
2603 2795 2801 2840 natura
2845 2787 2916 2841 sit
2964 2803 3200 2857 persona
3256 2789 3562 2843 secundum

1989 2871 2144 2936 istos,
2174 2874 2447 2928 constabit
2487 2891 2620 2945 ergo
2660 2893 2726 2931 ex
2762 2878 2978 2932 duabus
3001 2880 3276 2948 personis,
3308 2896 3430 2948 quae
3458 2897 3568 2933 non

283 2966 479 3039 10391”
509 2966 766 3036 εὑρήσει·
823 2965 917 3018 καὶ
964 2964 1230 3035 Κύριλλος
1279 2961 1676 3032 ἐκϐληθήσεται
1717 2961 1882 3014 πάλαι

1988 2959 2286 3015 admittunt
2340 2963 2603 3018 unionem
2661 2965 2714 3019 in
2765 2983 2875 3020 una
2927 2968 3302 3022 subsistentia.
3344 2970 3421 3023 lta
3471 2985 3570 3039 per

286 3060 435 3110 ,κατὰ
465 3057 759 3128 Νεστορίου
792 3055 1014 3110 τοιαῦτα
1045 3056 1214 3126 βοῶν,
1247 3054 1429 3124 ὀνήσει
1456 3053 1512 3106 δὲ
1543 3053 1658 3105 κατ’
1690 3051 1882 3105 οὐδένα

297 3153 492 3218 τρόπον
513 3149 602 3203 τὸν
620 3151 780 3220 ὀρθὸν
797 3151 921 3220 περί
942 3151 1039 3218 τῆς
1069 3147 1302 3210 πίστεως
1332 3146 1485 3215 λόγον
1515 3147 1596 3207 εἰς
1623 3143 1684 3198 τὸ
1709 3143 1881 3208 οὕτως

301 3243 468 3313 ἔχειν.
520 3242 636 3296 Κᾶν
668 3243 718 3297 εί
751 3239 1058 3312 προσώπων
1085 3239 1278 3292 ἕνωσιν
1308 3236 1686 3307 ἐπιφημίζωσί
1713 3252 1879 3299 τινες,

295 3335 416 3390 ,ἀλλ’
471 3335 568 3405 οὑχ
610 3334 782 3396 οὕτως
814 3333 937 3386 οὔτε
969 3334 1002 3403 ἡ
1033 3332 1261 3400 ἀλήθεια
1294 3332 1538 3393 ἀπαιτεῖ,
1575 3328 1688 3382 οὔθ’
1719 3330 1882 3398 ἡμεῖς

298 3424 602 3494 ἀνεξόμεθα
623 3461 638 3486 ,
684 3422 820 3476 ἀλλὰ
849 3422 946 3492 τὴν
973 3422 1164 3491 ἀκλινῆ
1197 3422 1288 3474 καὶ
1321 3420 1494 3490 μέσην
1519 3419 1636 3471 ὁδὸν
1667 3417 1882 3487 βαδιού·

307 3517 474 3589 μεθα,
505 3520 630 3581 τοὺς
665 3517 764 3586 μὲν
791 3516 958 3570 δυάδα
989 3517 1296 3585 προσώπων
1324 3513 1719 3580 εἰσαγαγόντας
1751 3511 1882 3562 ἁνα-

298 3611 681 3682 θεματίςοντες
705 3650 719 3675 ,
777 3610 876 3680 τὴν
919 3607 972 3660 δὲ
1019 3606 1279 3678 ἀλήθειαν
1307 3605 1414 3657 τῶν
1444 3608 1501 3658 ἐν
1528 3602 1750 3675 Χριστῷ
1783 3601 1880 3654 δύο

300 3702 499 3758 οὑσιῶν
531 3699 942 3772 ὁμολογοῦντες.

385 3951 523 4005 Ἀλλ’
560 3950 688 4014 ἴσως
719 3949 777 4014 ἐξ
798 3949 1025 4019 ἀπορίας
1057 3946 1398 4016 διαστρέφειν
1428 3946 1756 4018 πειρώμενοι
1787 3949 1883 4019 τὴν

300 4044 563 4114 τοιαύτην
594 4042 921 4111 πεποίηνται
955 4039 1241 4110 πρότασιν·
1277 4038 1433 4108 ἡμῶν
1458 4040 1566 4111 γάρ
1595 4041 1883 4094 ὲνυποστά-

301 4155 409 4198 τως
443 4134 728 4206 ήνωμένας
759 4131 852 4184 δύο
880 4131 1072 4200 φύσεις
1100 4130 1405 4196 λεγόντων,
1444 4131 1882 4202 ἑθελοκωφῶσιν,

303 4233 402 4283 καὶ
441 4247 500 4282 πε
514 4227 786 4300 ριξύοντες
818 4226 917 4295 τῆς
942 4225 1235 4295 ὁμολογίας
1265 4224 1447 4294 ἡμῶν,
1481 4224 1558 4292 τῷ
1586 4223 1884 4276 ἐνυποστὰ-

1987 3051 2218 3105 istorum
2250 3053 2596 3122 perditorum
2630 3058 2898 3112 rationem
2929 3060 3035 3113 hoc
3062 3059 3241 3129 impia:
3262 3060 3570 3115 distinctio-

1985 3146 2071 3198 nis
2102 3144 2297 3216 dogma
2331 3147 2516 3203 locum
2548 3149 2832 3216 inveniet;
2863 3161 2918 3206 et
2952 3152 3191 3223 Cyrillus
3222 3153 3568 3208 deridebitur

1983 3248 2108 3288 cum
2159 3236 2284 3291 talia
2319 3237 2454 3292 dicit
2485 3240 2540 3292 in
2586 3240 2926 3303 Nestorium,
2960 3249 3014 3295 et
3046 3243 3198 3295 nullo
3231 3239 3394 3294 modo
3445 3256 3570 3309 pro-

1984 3327 2128 3381 derit
2162 3336 2222 3382 ut
2252 3341 2462 3386 rectum
2493 3331 2638 3386 circa
2667 3333 2793 3387 ﬁdei
2819 3335 3108 3399 rationem,
3138 3346 3197 3389 ut
3224 3336 3328 3389 tale
3351 3334 3565 3389 evadat.

1984 3418 2246 3485 Quamvis
2293 3438 2653 3490 personarum
2708 3425 2971 3479 unionem
3002 3427 3422 3494 patrocinantur
3449 3426 3569 3494 qui-

1985 3511 2132 3577 dam,
2181 3528 2289 3566 non
2347 3513 2398 3566 id
2447 3523 2631 3567 tamen
2666 3514 2873 3568 veritas
2923 3515 3186 3583 postulat,
3239 3531 3416 3584 neque
3468 3531 3572 3568 nos

1985 3604 2248 3667 feremus,
2302 3605 2397 3659 sed
2431 3606 2685 3660 inﬂexam
2718 3614 2774 3659 et
2801 3606 3036 3660 mediam
3070 3607 3212 3658 viam
3253 3623 3568 3676 sequemur,

1987 3695 2086 3749 hos
2132 3696 2224 3765 qui
2261 3695 2497 3750 duadem
2530 3711 2890 3765 personarum
2937 3697 3207 3750 inducunt
3256 3697 3571 3751 anathema—

1987 3786 2227 3850 tizando,
2266 3787 2558 3840 veritatem
2605 3793 2789 3840 autem
2835 3785 3072 3841 duarum
3105 3787 3160 3840 in
3189 3785 3412 3842 Christo
3441 3789 3572 3841 sub-

1986 3879 2311 3934 stantiarum
2340 3877 2674 3948 proﬁtendo.

2089 3970 2197 4024 Sed
2267 3970 2409 4024 forte
2473 3971 2541 4024 ad
2607 3966 2986 4024 ditIicultatem
3035 3968 3352 4023 solvendam
3406 3969 3568 4022 talem

1987 4063 2310 4116 statuissent
2361 4061 2819 4131 propositionem.
2871 4059 3040 4115 Nobis
3093 4060 3240 4115 enim
3288 4060 3343 4114 in
3383 4061 3566 4115 subsi-

1983 4153 2191 4206 stentia
2242 4151 2426 4206 unitas
2478 4152 2615 4206 duas
2676 4161 2907 4205 naturas
2969 4149 3307 4213 dicentibus,
3373 4149 3571 4204 surdos

1986 4257 2046 4297 se
2109 4243 2392 4312 praebent,
2446 4251 2502 4297 et
2560 4242 2719 4312 quasi
2765 4249 3014 4296 nostram
3057 4241 3417 4295 assertionem
3482 4257 3570 4294 ra-

303 4340 413 4386 τως
446 4321 724 4391 ὴνωμένας
759 4318 1097 4389 προϐλήματι
1127 4305 1420 4386 κέχρηνται
1451 4314 1571 4368 καθ’
1603 4314 1758 4386 ἡμῶν
1789 4316 1882 4385 τῆς

1991 4305 2226 4396 dentes,
2284 4305 2535 4386 statuunt
2579 4305 2803 4402 quidem
2870 4331 3056 4385 unitas
3107 4331 3161 4384 in
3215 4331 3572 4386 subsistentia

307 4413 588 4484 ἡμετέρας
621 4411 914 4486 ὁμολογίας
946 4411 1204 4480 ἀπᾴδοντι
1229 4450 1243 4476 ,
1280 4411 1374 4461 καί
1409 4425 1594 4477 φασιν,
1627 4409 1741 4461 Οὑκ
1770 4407 1886 4460 ἔστι

309 4508 472 4576 φύσις
507 4507 834 4576 ἁπρόσωπος
859 4519 872 4533 ⁸
928 4503 979 4554 τί
1015 4502 1193 4554 τοίνυν
1224 4501 1407 4562 αὐτοῖς
1441 4498 1501 4552 τὸ
1539 4499 1702 4569 σοφὸν
1731 4498 1888 4551 τοῦτο

310 4598 559 4669 βούλεται
591 4596 884 4666 πρόϐλημα
911 4613 924 4660 ;
964 4595 1028 4647 El
1063 4595 1162 4663 μὲν
1204 4594 1286 4646 ὅτι
1315 4593 1372 4646 οὑ
1404 4593 1628 4645 δυνατὸν
1658 4591 1755 4654 τὰς
1785 4591 1889 4658 φύ-

309 4712 423 4757 σεις
458 4694 633 4767 άλλως
666 4693 698 4764 ἢ
732 4694 790 4744 ὲν
819 4690 1132 4762 προσώποις
1162 4689 1508 4759 θεωρεῖσθαι,
1541 4688 1750 4750 τούτοις
1782 4689 1890 4750 πᾶς

306 4806 391 4852 τις
420 4790 512 4842 καὶ
538 4787 646 4838 τῶν
678 4786 852 4858 μικρὰ
877 4785 1094 4837 εἰδότων
1125 4782 1633 4852 συνομολογήσειεν·
1670 4781 1753 4844 τίς
1781 4781 1890 4851 γὰρ

309 4882 496 4947 ἀγνοεῖ
540 4881 620 4931 ὅτι
669 4876 899 4931 καθόλου
946 4879 1003 4929 ἐν
1037 4877 1149 4937 τοῖς
1182 4875 1326 4928 κατὰ
1356 4874 1523 4945 μέρος
1552 4874 1888 4945 προσώποις,

308 4976 450 5042 ὅπερ
498 4976 617 5034 ταῖς
661 4970 1189 5040 χαρακτηριστικαῖς
1219 4968 1550 5021 ὑποστάσεσι
1580 4966 1891 5042 θεωρεῖται,

311 5069 398 5134 εἴη
447 5069 543 5134 τῆς
588 5065 841 5132 θεότητος
874 5062 1037 5132 φύσις
1069 5062 1125 5113 ἐν
1155 5061 1360 5127 [Ia-:91,
1405 5063 1461 5114 ἐν
1497 5061 1630 5131 Υίῷ,
1667 5063 1723 5114 ἐν
1753 5060 1892 5132 ἁγίῳ

313 5157 589 5227 Πνεύματι
619 5177 632 5222 ;
673 5158 874 5226 ὁμοίως
909 5158 941 5226 ἡ
973 5156 1239 5226 ἀγγελικὴ
1271 5155 1433 5224 φύσις
1465 5156 1522 5207 ἐν
1553 5155 1796 5225 Μιχαὴλ,
1837 5158 1895 5206 ὲν

315 5250 556 5322 Γαϐριὴλ
597 5249 693 5304 καὶ
735 5253 846 5312 τοῖς
880 5250 1121 5312 λοιποῖςς
1165 5249 1259 5300 καὶ
1285 5250 1319 5317 ἡ
1350 5247 1448 5315 τῆς
1477 5248 1895 5319 ἀνθρωπότητος

315 5341 480 5410 φύσις
529 5345 586 5395 ἐν
628 5345 740 5405 τοῖς
783 5342 902 5395 καθ’
932 5341 1164 5393 ἕκαστον
1189 5339 1516 5410 γνωρίζεται
1545 5341 1892 5408 προσώποις;

318 5437 384 5491 El
412 5435 468 5488 δὲ
498 5435 655 5487 τοῦτο
681 5435 961 5504 βούλονται
987 5431 1422 5495 κατασκευάζειν
1451 5433 1532 5484 ὅτι
1564 5433 1708 5502 πάσῃ
1737 5433 1894 5501 φύσει

320 5526 522 5590 ἰδιάζον
552 5527 872 5596 περιέπεται
902 5526 1214 5596 πρόσωπον,
1239 5523 1330 5575 ἐπὶ
1373 5523 1482 5576 τῶν
1515 5524 1587 5593 μὴ
1615 5525 1738 5576 καθ’
1763 5526 1895 5577 ὑπό-

320 5633 511 5672 στασιν
536 5619 832 5686 ἡνωμένων
857 5617 1094 5688 φύσεων,
1120 5618 1145 5669 ὃ
1175 5619 1318 5669 ἐστιν
1343 5615 1564 5680 οὐσιῶν,
1593 5617 1684 5668 καὶ
1710 5618 1896 5670 τοῦτον

1990 4433 2253 4489 naturas,
2305 4424 2400 4479 sed
2456 4434 2649 4479 contra
2697 4438 2799 4478 nos
2855 4423 3062 4478 utendo
3120 4423 3497 4493 propositione
3542 4440 3573 4479 a

1991 4529 2180 4578 nostra
2228 4518 2534 4574 assertione
2581 4517 2944 4588 discrepanti,
2991 4527 3048 4571 et
3091 4516 3284 4570 dicunt
3313 4531 3421 4569 non
3454 4530 3574 4570 esse

1992 4621 2246 4667 naturam
2297 4610 2743 4680 impersonalem.
2795 4607 2936 4674 Quid
2987 4607 3154 4676 igitur
3206 4605 3427 4674 sapiens
3471 4605 3574 4660 ista

1993 4704 2111 4758 vult
2153 4703 2460 4773 propositio
2485 4703 2510 4755 ‘I
2559 4700 2846 4770 Siquidem
2882 4714 2993 4754 non
3033 4712 3193 4768 posse
3231 4696 3348 4750 ﬁeri
3390 4697 3576 4752 dicant

1994 4805 2057 4848 ut
2095 4804 2308 4849 naturae
2333 4801 2758 4864 cognoscantur,
2788 4790 2894 4845 nisi
2937 4790 2990 4843 in
3026 4787 3282 4858 personis
3306 4788 3410 4842 hoc
3442 4801 3576 4857 pro-

1995 4884 2141 4940 fecto
2195 4885 2304 4939 illis
2352 4883 2689 4939 concesserit
2719 4880 2974 4951 quisquis
3003 4879 3087 4933 vel
3127 4877 3404 4932 modicum
3435 4877 3580 4946 peri-

1997 4987 2084 5031 tus
2134 4976 2226 5030 sit.
2263 4975 2396 5042 Quis
2425 4975 2572 5030 enim
2610 4973 2827 5044 ignorat
2870 4971 2924 5025 id
2957 4970 3108 5040 quod
3143 4969 3460 5024 universale
3492 4977 3581 5024 est

1997 5070 2050 5122 in
2105 5069 2339 5138 singulis
2385 5067 2662 5136 persentis,
2693 5065 2749 5118 id
2775 5072 2860 5118 est
2893 5061 3269 5116 subsistentiis
3299 5063 3584 5115 characte-

1999 5160 2202 5214 risticis
2257 5158 2568 5227 inspicitur,
2621 5166 2774 5228 puta.
2821 5153 3138 5209 Divinitatis
3172 5160 3364 5206 natura
3395 5151 3449 5204 in
3477 5151 3581 5204 Pa-

2002 5262 2101 5316 tre,
2143 5251 2280 5304 Filio
2307 5259 2364 5305 et
2397 5257 2593 5303 saneto
2632 5246 2893 5318 Spiritu?
2933 5243 3180 5314 angelica
3229 5244 3286 5298 in
3326 5241 3582 5305 Michael,

1999 5343 2219 5398 Gabriel
2274 5351 2330 5396 et
2376 5342 2635 5396 caeteris?
2665 5349 2720 5394 et
2755 5336 3114 5393 humanitatis
3142 5344 3342 5391 natura
3371 5334 3428 5388 in
3465 5335 3582 5388 sfn-

1999 5435 2142 5505 gulis
2167 5435 2518 5505 cognoscitur
2547 5433 2843 5503 personis?
2893 5431 2989 5485 Sin
3024 5438 3206 5483 autem
3239 5427 3586 5483 contendunt

2004 5543 2448 5596 unamquamque
2483 5534 2737 5580 naturam
2779 5537 3072 5593 personam
3105 5521 3382 5592 propriam
3415 5522 3588 5576 comi-

2003 5617 2134 5684 tari;
2166 5618 2270 5672 hoc
2294 5618 2521 5687 quidem
2547 5633 2670 5673 esse
2702 5632 2894 5670 verum
2926 5612 3239 5670 censuerim
3271 5613 3326 5668 in
3352 5612 3591 5673 naturis.
