4016 6208
472 261 612 327 2951

1496 257 1558 318 S.
1600 252 1916 315 EULOGII
1957 249 2306 309 ARCHIEP.
2350 251 2728 314 ALEXAND.

3593 246 3734 309 2952

475 381 593 434 sive
617 375 946 432 substantiis
972 389 1093 443 qua:
1117 372 1422 428 secundum
1450 368 1860 425 subsistentiom
1885 365 2053 419 unitas

2163 362 2333 434 ὀρθῶς
2359 364 2506 436 ἔχειν
2537 368 2777 437 ἡγοῦμαι
2809 367 2902 420 τὸν
2930 366 3103 434 λόγον’
3139 365 3228 416 ἐπὶ
3249 364 3305 418 δὲ
3330 363 3438 416 τῶν
3461 364 3520 416 ὲν
3542 361 3734 414 συνθέ-

477 483 588 523 non
623 477 779 532 sunt;
825 473 881 520 at
921 465 1108 535 procul
1151 464 1307 518 abest
1342 478 1372 516 a
1399 477 1552 526 vero,
1581 461 1628 514 si
1659 473 1841 514 sermo
1868 463 1952 510 est
1982 455 2050 508 de

476 557 694 612 naturis
722 572 844 626 quae
887 571 986 626 per
1031 553 1486 623 compositionem
1510 561 1573 605 et
1605 549 1664 603 in
1692 545 2049 602 subsistentia

473 648 829 718 copulantur.
881 647 1083 701 Verum
1124 645 1272 700 enim
1316 645 1371 697 in
1402 644 1505 697 hoc
1530 648 1750 697 constat
1785 657 1798 692 :
1831 636 2052 708 quando

479 739 800 794 differentes
840 745 1060 791 natura:
1102 735 1428 789 indivisibili
1466 733 1673 787 unione
1709 730 2050 788 coadunatze.

480 845 644 884 unam
671 843 962 898 personam
989 837 1044 882 et
1075 841 1240 880 unam
1272 823 1686 878 subsistentiam
1717 821 2050 891 perﬁciunt;

480 924 524 976 si
557 931 794 992 quatuor
823 921 934 975 sint
963 921 1258 983 elementa,
1287 918 1607 973 differentes
1637 925 1766 970 sunt
1793 915 2051 969 substan-

481 1012 587 1076 tiae,
632 1011 728 1066 sed
775 1010 1028 1064 similiter
1075 1023 1246 1062 unum
1297 1007 1544 1062 etliciunt
1583 1021 1787 1074 corpus
1817 1005 1871 1057 in
1905 1003 2055 1073 ligno

479 1111 574 1157 aut
616 1102 798 1172 lapide
845 1100 1254 1172 particulariter
1307 1107 1550 1168 sumpto,
1592 1096 1740 1166 quod
1795 1104 1880 1150 est
1922 1093 2055 1148 sub-

479 1195 750 1250 sistentia.

551 1286 658 1340 Sed
687 1300 812 1339 cum
850 1285 956 1339 hoc
982 1283 1294 1352 exemplum
1318 1282 1562 1337 breviter
1584 1290 1640 1336 et
1667 1282 1833 1336 nimis
1856 1280 2055 1335 confu-

481 1393 542 1431 se
576 1377 886 1432 adhibitum
918 1375 1161 1437 videtur,
1193 1375 1522 1429 sumendum
1576 1374 1738 1428 nobis
1768 1383 1852 1427 est
1877 1388 2058 1427 exem-

483 1469 637 1536 plum
666 1467 718 1519 in
747 1465 969 1518 homine
1001 1479 1108 1517 una
1144 1463 1506 1517 subsistentia
1541 1463 1794 1531 praedito.
1825 1462 1882 1514 ln
1912 1476 2054 1513 uno-

483 1572 709 1626 quoque
767 1564 1014 1609 nostrum
1062 1556 1271 1640 .animze
1336 1555 1641 1609 substantia
1707 1555 1812 1606 alia
1859 1562 1943 1606 est
1997 1566 2060 1604 ac

489 1648 740 1717 corporis
770 1646 1114 1711 substantia;
1141 1646 1234 1700 sed
1269 1654 1448 1700 tamen
1486 1646 1567 1698 hae
1600 1645 1720 1698 duae
1738 1642 2059 1698 substantiae

483 1739 787 1807 conjuncta?
836 1737 890 1790 in
953 1738 1182 1807 singulis
1240 1753 1402 1791 unam
1455 1753 1745 1807 personam
1794 1736 2057 1795 elliciunt,

489 1827 639 1881 verbi
698 1827 900 1897 gratia,
964 1827 1230 1882 Joannem
1288 1838 1384 1882 aut
1441 1829 1670 1883 Paulum
1741 1837 1836 1881 aut
1888 1829 2055 1907 alitgn

481 1917 751 1986 quemvis,
782 1917 904 1972 duae
933 1929 1241 1972 manentes.
1284 1919 1400 1988 Non
1428 1919 1573 1973 enim
1600 1918 1781 1972 anima
1805 1918 1943 1972 facta
1978 1927 2060 1971 est

486 2025 638 2073 caro,
688 2025 868 2078 neque
912 2025 1040 2064 caro
1072 2011 1253 2064 anima
1285 2009 1425 2065 facta
1451 2019 1554 2064 est.
1591 2009 1767 2079 Hujus
1795 2010 1873 2064 rei
1906 2010 2060 2064 testis

487 2109 574 2155 est
621 2099 823 2154 Paulus
865 2101 1116 2155 veritatis
1167 2117 1366 2171 praeco,
1414 2117 1537 2156 cum
1609 2102 1777 2167 dicit;
1841 2103 2061 2156 interior

485 2197 637 2246 homo
661 2203 708 2245 et
743 2193 1089 2260 exterior',ut
1117 2193 1484 2248 differentiam
1513 2194 1781 2264 signiticet
1806 2195 2061 2248 substan-

489 2287 709 2340 tiarum.
768 2287 1010 2356 Vcstigia
1045 2288 1166 2356 ejus
1203 2299 1427 2342 secutus
1465 2287 1705 2342 Joannes
1741 2286 2057 2341 Constanti-

487 2377 703 2445 nopolis
727 2377 1020 2446 epiSCOpns
1043 2387 1097 2432 et
1119 2378 1391 2433 universae
1417 2379 1676 2433 Ecclesiae
1699 2378 1912 2441 doctor,
1933 2377 2061 2430 talia

487 2469 682 2523 scribit
715 2469 766 2522 in
794 2485 894 2523 suo
920 2471 1127 2540 scripto
1159 2485 1414 2524 sermone
1450 2470 1506 2523 ln
1532 2469 1926 2524 obscuritatem
1956 2469 2062 2522 Ve-

492 2561 628 2614 teris
679 2561 1038 2616 Testamenti.
1084 2561 1291 2631 Duplex
1312 2563 1451 2614 enim
1496 2561 1633 2614 illud
1675 2560 1880 2614 animal
1910 2561 2062 2613 homo

490 2653 694 2706 duabus
737 2663 984 2706 constans
1037 2655 1364 2718 substantiis,
1417 2655 1672 2707 sentiente
1722 2671 1852 2717 una,
1889 2653 2062 2706 altera

491 2754 667 2799 autem
702 2747 985 2815 cogitante,
1018 2749 1255 2800 animam
1305 2747 1418 2800 dico
1449 2755 1499 2799 et
1528 2763 1738 2818 corpus,
1769 2755 1816 2800 et
1850 2749 1906 2800 in
1936 2747 2062 2800 coelo

490 2838 616 2890 etin
646 2846 790 2890 terra
823 2839 1185 2907 cognationem
1209 2839 1422 2892 habens.
1464 2838 1604 2893 Nam
1628 2855 1720 2908 per
1744 2840 2064 2910 cogitantem

490 2931 843 2984 substantiam
864 2931 1215 2983 communicat
1241 2931 1483 3000 supernis
1503 2930 1801 2994 virtutibus,
1831 2946 1922 2999 per
1941 2945 2064 2984 sen-

2156 475 2239 509 σει
2267 460 2361 510 καί
2387 460 2768 523 ἐνυποστάτως
2792 461 3112 530 ήνωμένων,
3136 459 3324 530 πόρρω
3346 455 3448 525 τῆς
3473 455 3732 523 ἀληθείας

2153 549 2512 622 καθέστηκεν.
2543 553 2699 604 Ἔστι
2729 553 2835 621 γάρ
2867 553 2954 604 ὅτε
2982 550 3227 620 διάφοροι
3255 548 3446 616 φύσεις
3472 546 3733 617 συνερχό·

2157 660 2317 712 μεναι
2349 643 2491 695 κατὰ
2519 642 2617 712 τὴν
2643 644 2946 712 ἀδιαίρετον
2969 643 3186 703 ἓνωσιν,
3223 640 3280 692 ἒν
3307 639 3596 709 πρόσωπον
3631 639 3730 692 καὶ

2159 735 2287 802 μίαν
2314 733 2670 786 ἀποτελοῦσιν
2695 734 3013 794 ὑπόστασιν,
3040 734 3088 784 εί
3109 731 3176 783 τά
3199 732 3444 798 τέσσαρα
3467 733 3724 798 στοιχεῖα,

2154 827 2401 896 διάφοροι
2433 828 2773 898 ὑπάρχουσιν
2803 824 3003 885 οὑσίαι,
3037 824 3154 876 ἀλλ’
3179 823 3327 892 ὅμως
3355 823 3412 874 ἓν
3439 820 3726 875 ἀποτελοῦο

2157 937 2210 972 σι
2244 920 2402 989 σῶμα
2431 919 2586 972 τοῦδε
2615 919 2776 989 τυχὸν
2805 919 2899 971 τοῦ
2924 917 3080 984 ξύλου
3126 917 3158 986 ἢ
3199 915 3348 968 λίθου
3377 913 3485 967 τῶν
3512 917 3568 966 ἐν
3598 913 3724 965 [81.6-

2156 1029 2278 1082 τητι
2305 1013 2704 1083 θεωρουμένου,
2741 1012 2877 1081 ὅπερ
2904 1011 3050 1064 ἐστὶν
3079 1011 3394 1070 ὑπόστασις

2243 1277 2398 1329 Ἀλλ’
2443 1276 2676 1347 ἐπείπερ
2705 1278 3054 1347 παράδειγμα
3086 1279 3280 1346 κρᾶσιν
3308 1278 3457 1331 δοκεῖ
3489 1296 3603 1334 πως
3632 1280 3731 1346 ἑμ-

2161 1369 2374 1437 φαίνειν
2405 1368 2499 1421 καὶ
2528 1369 2813 1438 σύγχυσιν,
2849 1369 3085 1438 ληπτέον
3112 1370 3242 1438 ἡμῖν
3269 1369 3329 1421 τὸ
3356 1369 3498 1422 κατὰ
3525 1370 3615 1422 τὸν
3641 1371 3742 1424 άν-

2160 1461 2376 1531 θρωπον
2401 1461 2757 1530 παράδειγμα
2775 1461 2865 1513 τὸν
2888 1461 2947 1513 ὲν
2971 1463 3067 1530 μιᾷ
3089 1461 3408 1515 ὑποστάσειο
3437 1463 3494 1515 ὲν
3517 1463 3743 1530 ἑκάστῳ

2159 1553 2268 1622 γὰρ
2298 1554 2456 1622 ἡμῶν
2501 1555 2532 1623 ή
2567 1553 2723 1606 οὐσία
2756 1554 2854 1620 τῆς
2881 1552 3059 1622 ψυχῆς
3089 1553 3250 1623 ἑτέρα
3277 1555 3447 1619 ἐστὶν,
3490 1553 3566 1615 ὡς
3597 1555 3746 1622 πρὸς

2161 1643 2256 1714 τὴν
2304 1643 2492 1696 οὐσίαν
2539 1643 2632 1696 τοῦ
2684 1644 2954 1714 σώματος.
2998 1643 3136 1698 Ἀλλ’
3177 1646 3324 1716 ὅμως
3353 1648 3406 1699 αἱ
3433 1646 3526 1699 δύο
3554 1648 3745 1699 οὐσίαι

2165 1733 2516 1786 συνελθοῦσαι
2551 1736 2606 1786 ὲν
2634 1737 2744 1798 τοῖς
2771 1736 2893 1787 καθ’
2918 1735 3168 1801 ἕκαστον,
3202 1736 3260 1789 ἓν
3290 1739 3577 1808 πρόσωπον
3602 1740 3748 1790 ἀπο-

2159 1826 2440 1888 τελοῦσιν,
2500 1827 2632 1896 φέρει
2679 1829 2852 1880 εἰπεῖν
2891 1828 3136 1882 Ἰωάννου
3183 1830 3216 1900 ἦ
3263 1831 3471 1883 Παύλου
3503 1832 3536 1901 ἦ
3571 1831 3746 1884 ἄλλον

2160 1919 2327 1978 τινος,
2362 1918 2614 1986 μείνασαι
2641 1918 2755 1972 δύο.
2792 1917 2929 1972 Οὔτε
2958 1920 3067 1992 γὰρ
3097 1922 3130 1990 ή
3157 1921 3301 1992 ψυχὴ
3337 1921 3472 1996 σὰρξ
3496 1923 3745 1990 ἐγένετο,

2161 2007 2284 2058 οὑτε
2336 2007 2440 2077 μὴν
2491 2009 2524 2077 ή
2569 2008 2705 2078 σάρξ
2741 2009 2886 2080 ψυχὴ
2918 2011 3174 2079 γέγονεν·
3218 2014 3427 2086 μάρτυς
3454 2015 3509 2068 δὲ
3541 2017 3747 2068 τούτου

2163 2097 2376 2160 Παῦλος
2421 2101 2450 2150 ὁ
2489 2102 2664 2169 κῆρυξ
2693 2103 2791 2171 τῆς
2817 2103 3072 2172 ἀληθείας
3104 2106 3348 2173 φάσκων,
3393 2108 3446 2159 Ὀ
3478 2106 3597 2161 ἔσω
3623 2108 3747 2159 ἆν-

2165 2194 2394 2256 θριυπος
2441 2191 2542 2249 καὶ
2587 2195 2620 2246 ὁ
2657 2193 2806 2259 ἔξω,
2859 2195 2944 2248 ἵνα
2977 2197 3036 2250 τὸ
3067 2197 3319 2266 διάφορον
3355 2199 3590 2270 σημαίνῃ
3624 2200 3751 2251 τῶν

2162 2281 2392 2332 οὑσιῶν·
2427 2283 2602 2352 τούτῳ
2647 2285 2766 2336 κατ’
2803 2284 2946 2354 ῐχνος
2981 2287 3244 2356 ἑπόμενος
3277 2288 3543 2356 Ἰωάννης,
3575 2288 3604 2340 ὁ
3633 2291 3749 2359 τῆς

2166 2372 2786 2438 Κωνσταντινουπόλεως
2851 2376 3152 2440 ἐπίσκοπος
3221 2379 3314 2430 καὶ
3372 2379 3548 2448 πάσης
3611 2381 3752 2431 Ἐκ-

2163 2459 2394 2528 κλησίας
2433 2461 2786 2529 διδάσκαλος,
2826 2466 3050 2519 τοιαῦτα
3085 2467 3285 2536 γράφει
3337 2469 3394 2519 ἐν
3436 2467 3511 2537 τῷ
3539 2469 3749 2535 ἐπιγε-

2163 2552 2467 2622 γραμμένῳ
2489 2553 2630 2623 λόγῳ
2654 2554 2733 2617 είς
2755 2555 2852 2624 τὴν
2878 2556 3139 2624 ἀσάφειαν
3162 2557 3262 2626 τῆς
3285 2556 3522 2619 Παλαιᾶς
3540 2556 3754 2626 Διαθὴο

2165 2660 2267 2712 κης
2289 2660 2303 2673 ·
2346 2645 2606 2699 Διπλοῦν
2635 2647 2745 2714 γὰρ
2773 2649 2949 2702 τοῦτο
2993 2649 3059 2702 τὸ
3089 2648 3234 2709 ζῶον
3267 2652 3300 2702 ὁ
3323 2649 3626 2718 ἅνθρωπος
3667 2652 3750 2702 ἐκ

2163 2734 2274 2788 δύο
2300 2737 2701 2804 συγκείμενον
2728 2737 2972 2803 οὐσιῶν,
3011 2738 3120 2808 τῆς
3141 2740 3254 2808 μὲν
3279 2739 3589 2806 αἰσθητῆς,
3623 2740 3753 2807 τῆς

2164 2823 2232 2876 δὲ
2252 2825 2495 2893 νοητῆς,
2525 2826 2754 2894 ψυχῆς,
2780 2827 2955 2897 λέγω,
2988 2828 3085 2881 καὶ
3110 2828 3398 2898 σώματος,
3419 2828 3514 2881 καὶ
3539 2831 3609 2882 ἐν
3630 2832 3755 2882 οὺ-

2158 2916 2326 2982 ρανῷ
2374 2916 2472 2969 καὶ
2518 2917 2588 2969 ἐν
2632 2915 2710 2986 γῆ
2755 2918 3114 2988 συγγένειαν
3145 2921 3313 2990 ἕχον.
3362 2921 3462 2974 Διὰ
3487 2923 3595 2990 γηὰρ
3625 2921 3754 2989 τῆς

493 3024 728 3087 tientem,
766 3021 1095 3076 terrestribus
1117 3031 1455 3076 conversatur
1475 3023 1646 3088 rebus,
1675 3033 1882 3077 arctam
1899 3023 2059 3092 factus

2167 3007 2390 3076 νοητῆς
2420 3010 2635 3075 οὐσίας
2663 3011 2938 3064 κοινωνεῖ
2964 3012 3092 3092 ταῖς
3116 3013 3237 3067 ἅνω
3258 3014 3608 3081 δυνάμεσιν·
3638 3015 3756 3068 διὰ

493 3113 765 3180 utriusque
795 3112 1076 3165 creationis
1114 3111 1402 3166 vinculum.
1454 3113 1532 3167 Ita
1573 3129 1705 3184 ergo
1755 3114 1810 3168 in
1843 3113 2065 3168 Christo

493 3205 726 3258 duarum
756 3204 1187 3258 substantiarum
1220 3205 1360 3260 facta
1383 3215 1466 3261 est
1496 3208 1627 3261 unio
1658 3207 1715 3261 in
1745 3222 1908 3260 unam
1931 3207 2064 3260 sub-

495 3295 804 3352 sistentiam
853 3305 909 3350 et
952 3313 1115 3351 unam
1171 3314 1495 3368 personam;
1541 3301 1645 3356 etsi
1703 3300 1936 3356 obscure
1971 3316 2068 3371 per

493 3389 740 3456 exempla
775 3387 1211 3443 demonstratum
1235 3391 1341 3457 siti;
1373 3407 1592 3448 omnem
1627 3393 1774 3447 enim
1803 3393 2066 3448 unionem

496 3475 680 3530 habita
732 3476 786 3530 in
837 3475 1058 3532 Christo
1089 3479 1378 3550 dispositio
1411 3496 1541 3537 vere
1573 3496 1842 3552 superans
1875 3483 2070 3538 huma-

494 3582 618 3621 nam
655 3566 791 3638 l'ugit
821 3567 1190 3624 collationem.

565 3829 672 3886 Sed
708 3830 908 3885 iterum
945 3830 1139 3886 iisdem
1165 3831 1486 3901 epidemicis
1524 3833 1754 3898 morbis,
1781 3843 1836 3888 et
1865 3848 2067 3888 secun-

493 3921 624 3977 dum
673 3923 948 3978 rationem
988 3923 1104 3976 luto
1154 3923 1418 3988 immersi,
1451 3923 1566 3979 haec
1593 3924 1807 3978 diverse
1833 3932 2067 3993 prwten-

493 4014 652 4068 dunt.
703 4013 902 4069 Dicunt
948 4014 1138 4068 enim:
1185 4030 1293 4068 non
1353 4024 1436 4069 est
1475 4015 1778 4069 sub5tantia
1831 4015 2069 4069 insubsi-

493 4115 678 4169 stens;
714 4105 990 4174 quomodo
1022 4120 1152 4176 ergo
1180 4121 1290 4159 non
1323 4105 1619 4160 dicendum
1648 4113 1732 4160 est
1763 4105 1817 4159 in
1849 4105 2066 4159 duabus

493 4197 886 4259 subsistentiis,
951 4197 996 4250 si
1049 4197 1186 4251 duas
1230 4197 1564 4251 substantias
1604 4197 1829 4251 dicitis?
1872 4197 2065 4252 Videte

495 4289 800 4358 peritorum
831 4289 1027 4341 horum
1061 4289 1460 4357 ignorantiam;
1493 4291 1633 4344 hanc
1671 4290 1818 4344 enim
1868 4290 2062 4344 incon-

2169 3097 2237 3150 δὲ
2288 3097 2397 3166 τῆς
2443 3100 2737 3170 αἰσθητῆς
2761 3140 2776 3166 ,
2831 3101 2958 3168 τοῖς
2989 3090 3085 3156 ἐπί
3118 3102 3230 3172 γῆς
3260 3103 3558 3170 συνῆπται
3589 3104 3758 3171 πρά-

2168 3204 2410 3256 γμασιν,
2438 3190 2786 3259 σύνδεσμος
2809 3192 2894 3244 ὢν
2919 3195 3166 3263 ἀκριϐὴς
3189 3195 3469 3263 ἑκατέρας
3489 3194 3599 3264 τῆς
3621 3199 3755 3251 κτί-

2167 3295 2340 3346 σεως.
2401 3280 2588 3346 Οὑτως
2614 3278 2706 3337 οὖν
2738 3284 2794 3336 ἐν
2812 3284 3033 3354 Χριστῷ
3046 3285 3153 3338 τῶν
3177 3285 3270 3338 δύο
3294 3285 3488 3338 οὐσιῶν
3514 3287 3754 3353 γέγονεν

2167 3374 2359 3439 ἓνωσις
2392 3379 2473 3440 εἰς
2507 3378 2636 3445 μίαν
2664 3377 2961 3430 ὑπόστασιν
2992 3378 3086 3430 καὶ
3113 3377 3170 3430 ἓν
3197 3379 3486 3449 πρόσωπον
3511 3396 3525 3410 ο
3562 3379 3614 3430 εί
3643 3382 3755 3432 καὶ

2169 3467 2426 3538 ἀμυδρῶς
2454 3469 2543 3523 διὰ
2568 3469 2678 3522 τῶν
2704 3469 3163 3540 παραδειγμάτων
3192 3470 3598 3523 ἀποδέδεικταιο
3633 3473 3755 3523 πᾶ-

2171 3577 2269 3612 σαν
2317 3559 2424 3630 γάρ
2470 3561 2666 3614 ἕνωσιν
2703 3562 2734 3630 ἡ
2769 3562 2827 3613 ἐν
2857 3561 3080 3632 Χριστῷ
3107 3561 3387 3631 οἰκονομία
3423 3561 3498 3623 ὡς
3523 3561 3752 3632 άληθῶς

2169 3652 2543 3722 ὑπεραίρουσα
2604 3653 2703 3720 τὴν
2761 3651 3126 3723 ἀνθρωπίνην(
3157 3652 3520 3722 διαδιδράσκει
3565 3654 3750 3706 κατά-

2166 3741 2347 3811 ληψιν.

2241 3835 2403 3888 Ἀλλὰ
2424 3834 2583 3887 πάλιν
2612 3837 2722 3898 τοῖς
2745 3836 2927 3900 αὑτοῖς
2954 3837 2979 3887 ὲ
2988 3835 3332 3905 μφιλοχωροῦ
3342 3853 3392 3888 σι
3414 3837 3745 3905 νοσήμασιν,

2167 3929 2264 3980 καὶ
2295 3927 2433 3980 κατὰ
2462 3928 2550 3980 τὸν
2575 3927 2734 3994 λόγον
2762 3927 2839 3998 τῷ
2871 3927 3117 3999 βορϐόρῳ
3145 3929 3538 3998 ὲγκυλιόμενοιθ
3567 3927 3748 3982 ταῦτα

2166 4021 2274 4091 γάρ
2307 4020 2467 4073 πάλιν
2499 4020 2770 4090 διαφόρως
2804 4021 3198 4088 προϐάλλονται
3223 4038 3236 4052 ·
3274 4021 3408 4089 φασὶ⁸
3437 4021 3579 4090 γὰρ,
3627 4022 3747 4073 Οὑκ

2167 4113 2313 4168 ἔστιν
2335 4113 2486 4166 οὑσία
2511 4113 2898 4177 ἀνυπόστατος.
2928 4113 3051 4177 Πῶς
3073 4110 3164 4166 οὖν
3190 4113 3289 4166 οὑκ
3315 4115 3371 4164 ἐν
3394 4112 3485 4165 δύο
3508 4115 3748 4166 ὑποστά-

2168 4218 2285 4254 σεσι
2319 4201 2509 4272 ῥητέον
2529 4241 2542 4264 ,
2575 4203 2734 4272 εἴπερ
2765 4203 2873 4271 ἄρα
2903 4201 2995 4254 δύο
3019 4201 3207 4263 οὑσίας
3239 4202 3405 4269 :paté;
3439 4202 3603 4269 ὁρᾶτε
3634 4203 3745 4252 τῶν

2167 4293 2394 4362 κομψῶν
2428 4293 2631 4345 τούτων
2657 4292 2754 4362 τὴν
2782 4293 3002 4360 ἄγνοιαν
3029 4306 3044 4322 ⁶
3097 4293 3197 4361 τήν
3240 4296 3348 4362 γάρ
3390 4293 3563 4361 αὑτὴν
3609 4294 3744 4362 ἡμῖν

492 4379 730 4432 siderate
778 4378 1018 4432 alierum
1085 4380 1536 4449 pr0positionem,
1587 4383 1808 4436 nomina
1864 4383 2059 4437 iterum

2171 4384 2414 4453 ἀνοήτως
2461 4385 2754 4454 εἰσήγαγον
2804 4384 3105 4454 πρότασιν;
3164 4384 3232 4436 τὰ
3289 4385 3528 4453 ὀνόματα
3579 4384 3742 4436 πάλιν

494 4469 868 4522 immolantes.
918 4467 1049 4533 Qua:
1099 4477 1182 4523 cst
1230 4469 1378 4524 enim
1419 4470 1779 4527 substantiam
1816 4475 1960 4530 inter
2006 4484 2063 4529 et

492 4565 745 4610 naturam
795 4557 1142 4612 diﬂerentia?
1200 4559 1347 4613 unde
1427 4561 1572 4617 idem
1615 4564 1776 4618 nobis
1807 4565 1971 4620 etiam
2003 4567 2060 4620 in

492 4665 549 4703 re
573 4651 827 4718 praesenti
854 4665 1037 4704 sermo
1055 4651 1426 4722 suppleretur.
1452 4655 1698 4710 Dicerem
1729 4657 1875 4710 enim
1904 4658 2054 4712 istis:

491 4740 605 4795 Etsi
652 4740 1035 4796 consideretur
1062 4744 1116 4798 in
1142 4746 1574 4814 proprietatibus
1603 4747 2059 4804 characteristicis

491 4831 655 4884 homo
681 4846 747 4884 ex
782 4832 962 4886 anima
1005 4841 1061 4888 et
1092 4849 1323 4905 corpore
1353 4839 1904 4908 constans,plurimas
1934 4840 2066 4895 sub-

489 4923 770 4977 sistentias
799 4933 854 4977 et
881 4924 1152 4992 plurimos
1194 4927 1446 4983 homines
1481 4931 1634 4985 illum
1661 4929 1876 4986 etlicere
1906 4941 2066 5002 puta-

493 5018 595 5071 tis?
641 5016 760 5070 Non
788 5019 934 5072 enim
967 5018 1032 5072 ad
1076 5018 1129 5073 id
1171 5020 1417 5074 stultitia:
1442 5021 1690 5086 venistis,
1723 5032 1783 5077 ut
1807 5024 2066 5080 nesciatis

492 5106 656 5160 aliam
687 5121 809 5161 esse
833 5107 1070 5160 animam
1100 5108 1156 5162 in
1194 5109 1496 5165 substantia
1523 5127 1587 5167 ac
1617 5129 1836 5184 corpus,
1869 5116 2062 5170 aliam-

491 5212 596 5265 que
623 5213 822 5266 corpus
863 5198 1008 5252 circa
1041 5198 1401 5256 substantiam
1433 5203 1698 5258 rationem
1736 5219 1974 5258 servare.
2003 5205 2058 5258 Si

490 5299 670 5343 autem
694 5305 923 5359 quaeque
967 5290 1271 5346 substantia
1305 5294 1607 5348 secundum
1635 5308 1734 5348 vos
1766 5295 2060 5363 particula-

493 5395 605 5433 reln
643 5379 1059 5436 subsistentiam
1115 5382 1617 5438 characteristicam
1671 5385 1888 5454 recipit,
1947 5386 2058 5455 jam

493 5468 624 5522 mihi
655 5468 856 5522 unione
877 5477 1048 5533 caret,
1081 5477 1139 5522 et
1163 5487 1305 5525 unus
1335 5472 1395 5525 lit
1421 5471 1550 5534 duo,
1579 5478 1638 5525 ut
1667 5472 1823 5526 vobis
1852 5482 1906 5526 et
1939 5473 2058 5526 ina-

489 5558 653 5612 nibus
684 5559 1084 5616 subtilitatibus
1112 5562 1290 5616 visum
1348 5562 1437 5616 sit.
1486 5561 1580 5618 Sin
1637 5573 1818 5618 autem
1865 5579 1966 5634 ego
1993 5581 2056 5619 ex

573 5667 587 5694 ι
628 5665 672 5718 ιι
697 5669 821 5724 Cor.
853 5683 923 5737 tv,
957 5666 1048 5723 ιθ.

2167 4475 2593 4540 ὑπαλλάξαντες.
2630 4473 2727 4536 Τίς
2758 4475 2864 4542 γὰρ
2893 4474 3126 4542 διαφορὰ
3151 4473 3334 4535 οὐσίας
3363 4471 3459 4525 καὶ
3487 4471 3740 4540 φύσεωςς

2162 4568 2247 4629 τίς
2273 4566 2330 4618 δὲ
2364 4563 2653 4635 προσώπου
2686 4564 2954 4634 προέστην
2987 4565 3043 4614 ὲν
3072 4562 3379 4633 χαρακτῆρι
3411 4561 3739 4624 ὑπόστασινς

2164 4657 2330 4711 Ὅθεν
2365 4658 2392 4708 ὁ
2423 4655 2583 4718 αὑτὸς
2613 4655 2744 4724 ἡμῖν
2791 4655 2887 4705 καὶ
2929 4655 3021 4706 ἐπὶ
3065 4653 3156 4705 τοῦ
3206 4651 3469 4723 παρόντος
3515 4651 3742 4719 ἀρκέσει

2160 4751 2315 4819 λόγος
2341 4765 2355 4779 ⁸
2392 4747 2599 4818 εἴποιμι
2632 4746 2738 4815 γὰρ
2771 4747 2836 4800 ἂν
2867 4745 3000 4817 πρὸς
3031 4745 3226 4802 αὑτούς
3249 4760 3264 4776 ⁸
3305 4743 3412 4798 Καὶ
3441 4745 3488 4795 εί
3520 4743 3620 4813 μὲν
3651 4742 3742 4795 τὸν

2165 4840 2229 4891 ὲκ
2281 4838 2458 4908 ψυχῆς
2511 4839 2604 4890 καὶ
2653 4835 2906 4906 σώματος
2955 4837 3012 4888 ὲν
3064 4834 3347 4904 ἰδιώμασιν
3395 4849 3743 4903 χαρακτηρι-

2165 4933 2368 4992 στικοῖς
2395 4927 2766 5000 θεωρούμενον
2797 4928 3118 4998 ἄνθρωπον,
3175 4927 3378 4988 πολλὰς
3410 4924 3742 4986 ὑποστάσεις

2159 5023 2256 5078 καὶ
2304 5021 2532 5084 πολλοὺς
2583 5020 2900 5091 ἀνθρώπους
2940 5021 3149 5074 δοκεῖτε
3183 5021 3400 5082 ποιεῖν;
3441 5018 3502 5070 οὑ
3535 5019 3644 5087 γὰρ
3675 5018 3737 5085 δὴ

2161 5113 2411 5169 τοσοῦτον
2441 5111 2637 5182 ἠλίθιοι
2669 5111 2970 5179 πεφύκατε,
3007 5112 3146 5165 ὥστε
3177 5112 3390 5178 ἀγνοεῖν
3419 5110 3616 5178 ἑτέραν
3644 5108 3738 5179 μιν

2166 5201 2306 5258 εἶναι
2338 5203 2458 5257 κατ’
2481 5203 2670 5256 οὑσίαν
2699 5205 2797 5273 τὴν
2823 5202 3000 5275 ψυχὴν
3031 5202 3164 5272 πρὸς
3189 5201 3247 5252 τὸ
3274 5199 3456 5269 σῶμα,
3475 5199 3663 5268 ἕτερον
3686 5197 3736 5248 δὲ

2164 5297 2226 5349 τὸ
2270 5295 2431 5364 σῶμα
2483 5295 2574 5347 τὸν
2621 5295 2752 5364 περὶ
2780 5293 2882 5363 τῆς
2906 5293 3095 5354 οὐσίας
3125 5291 3283 5358 λόγον
3309 5291 3529 5359 ἐπέχειν
3547 5305 3568 5321 ο
3611 5290 3658 5341 εί
3684 5287 3734 5338 δί

2167 5387 2370 5457 ἑκάστη
2396 5386 2553 5440 οὑσία
2579 5387 2701 5440 καθ’
2725 5386 2869 5453 ὑμᾶς
2896 5385 3068 5456 ίδικὴν
3089 5385 3387 5437 ὑπόστασιν
3409 5395 3737 5452 χαρακτηρι·

2169 5478 2360 5548 στικήν
2412 5477 2768 5548 ἀναδέχεται,
2825 5476 2957 5530 κενά
3003 5494 3092 5546 μοι
3125 5476 3192 5529 τὰ
3216 5479 3314 5546 τῆς
3343 5474 3614 5536 ἑνώσεως,
3651 5473 3736 5523 καὶ

2166 5570 2195 5620 ὁ
2241 5564 2321 5632 εἷς
2369 5570 2563 5638 γέγονε
2607 5569 2725 5635 δύο,
2777 5571 2863 5622 ἵνα
2898 5571 3027 5640 ὑμῖν
3057 5569 3184 5639 δόξῃ
3219 5570 3312 5621 καὶ
3347 5570 3461 5630 τοῖς
3492 5563 3733 5636 ματαίοις
