  <div class='ocr_page' id='page_1' title='image "/cluster/home/n/w/nwhite01/storage/ocr_20150623/86:2/hvd.32044054112354/604.png"; bbox 0 0 4016 6208; ppageno 0'>
   <div class='ocr_carea' id='block_1_1' title="bbox 282 276 424 342">
    <p class='ocr_par' dir='ltr' id='par_1_1' title="bbox 282 276 424 342">
     <span class='ocr_line' id='line_1_1' title="bbox 282 276 424 342; baseline 0 -4"><span class='ocrx_word' id='word_1_1' title='bbox 282 276 424 342; x_wconf 77' lang='lat'><strong>2953</strong></span> 
     </span>
    </p>
   </div>
   <div class='ocr_carea' id='block_1_2' title="bbox 1456 260 2410 329">
    <p class='ocr_par' dir='ltr' id='par_1_2' title="bbox 1456 260 2410 329">
     <span class='ocr_line' id='line_1_2' title="bbox 1456 260 2410 329; baseline -0.008 -5"><span class='ocrx_word' id='word_1_2' title='bbox 1456 263 1912 329; x_wconf 42' lang='lat' dir='ltr'><strong>li&#39;ithME-NTA</strong></span> <span class='ocrx_word' id='word_1_3' title='bbox 1955 260 2410 322; x_wconf 66' lang='lat' dir='ltr'><strong>DOGMATICA.</strong></span> 
     </span>
    </p>
   </div>
   <div class='ocr_carea' id='block_1_3' title="bbox 3402 242 3543 319">
    <p class='ocr_par' dir='ltr' id='par_1_3' title="bbox 3402 242 3543 319">
     <span class='ocr_line' id='line_1_3' title="bbox 3402 242 3543 319; baseline 0.071 -9"><span class='ocrx_word' id='word_1_4' title='bbox 3402 242 3543 319; x_wconf 68' lang='lat' dir='ltr'><strong>aest</strong></span> 
     </span>
    </p>
   </div>
   <div class='ocr_carea' id='block_1_4' title="bbox 284 372 1892 462">
    <p class='ocr_par' dir='ltr' id='par_1_4' title="bbox 284 375 1867 462">
     <span class='ocr_line' id='line_1_4' title="bbox 284 375 1867 462; baseline -0.007 -16"><span class='ocrx_word' id='word_1_5' title='bbox 284 390 644 462; x_wconf 79' lang='grc' dir='ltr'>σκινδάλμοις.</span> <span class='ocrx_word' id='word_1_6' title='bbox 707 389 772 443; x_wconf 82' lang='lat' dir='ltr'><strong>Ei</strong></span> <span class='ocrx_word' id='word_1_7' title='bbox 822 387 877 446; x_wconf 74' lang='grc' dir='ltr'><strong>δὲ</strong></span> <span class='ocrx_word' id='word_1_8' title='bbox 933 385 1042 456; x_wconf 78' lang='grc' dir='ltr'>ἐγὼ</span> <span class='ocrx_word' id='word_1_9' title='bbox 1098 387 1161 441; x_wconf 80' lang='grc' dir='ltr'><strong>ἐκ</strong></span> <span class='ocrx_word' id='word_1_10' title='bbox 1200 383 1469 454; x_wconf 69' lang='grc' dir='ltr'>διαφόρων</span> <span class='ocrx_word' id='word_1_11' title='bbox 1520 383 1720 438; x_wconf 84' lang='grc' dir='ltr'>οὐσιῶν</span> <span class='ocrx_word' id='word_1_12' title='bbox 1775 375 1867 436; x_wconf 71' lang='grc' dir='ltr'><strong>δύο</strong></span> 
     </span>
    </p>
   </div>
   <div class='ocr_carea' id='block_1_5' title="bbox 1997 372 3546 462">
    <p class='ocr_par' dir='ltr' id='par_1_5' title="bbox 1997 372 3546 442">
     <span class='ocr_line' id='line_1_5' title="bbox 1997 372 3546 442; baseline -0.003 -8"><span class='ocrx_word' id='word_1_13' title='bbox 1997 372 2357 442; x_wconf 78' lang='lat' dir='ltr'><strong>liﬂ&#39;erentibus</strong></span> <span class='ocrx_word' id='word_1_14' title='bbox 2385 381 2709 440; x_wconf 88' lang='lat' dir='ltr'><strong>substantiis</strong></span> <span class='ocrx_word' id='word_1_15' title='bbox 2731 381 2946 436; x_wconf 87' lang='lat' dir='ltr'><strong>duabus</strong></span> <span class='ocrx_word' id='word_1_16' title='bbox 2968 389 3244 442; x_wconf 76' lang='lat' dir='ltr'><strong>constans,</strong></span> <span class='ocrx_word' id='word_1_17' title='bbox 3283 395 3390 434; x_wconf 87' lang='lat' dir='ltr'><strong>non</strong></span> <span class='ocrx_word' id='word_1_18' title='bbox 3423 381 3546 439; x_wconf 82' lang='lat' dir='ltr'><strong>sum</strong></span> 
     </span>
    </p>
   </div>
   <div class='ocr_carea' id='block_1_6' title="bbox 284 466 1864 552">
    <p class='ocr_par' dir='ltr' id='par_1_6' title="bbox 284 466 1864 552">
     <span class='ocr_line' id='line_1_6' title="bbox 284 466 1864 552; baseline -0.006 -14"><span class='ocrx_word' id='word_1_19' title='bbox 284 482 664 552; x_wconf 70' lang='grc' dir='ltr'><strong>συγκείμενος,</strong></span> <span class='ocrx_word' id='word_1_20' title='bbox 688 479 789 533; x_wconf 86' lang='grc' dir='ltr'><strong>οὐκ</strong></span> <span class='ocrx_word' id='word_1_21' title='bbox 812 479 929 550; x_wconf 77' lang='grc' dir='ltr'>εἰμὶ</span> <span class='ocrx_word' id='word_1_22' title='bbox 965 479 1058 536; x_wconf 72' lang='grc' dir='ltr'>δύο</span> <span class='ocrx_word' id='word_1_23' title='bbox 1077 477 1171 533; x_wconf 85' lang='grc' dir='ltr'><strong>ἄνθ</strong></span> <span class='ocrx_word' id='word_1_24' title='bbox 1182 466 1372 550; x_wconf 71' lang='grc' dir='ltr'>ρωποι,</span> <span class='ocrx_word' id='word_1_25' title='bbox 1397 475 1535 530; x_wconf 76' lang='grc' dir='ltr'><strong>ἀλλᾶ</strong></span> <span class='ocrx_word' id='word_1_26' title='bbox 1552 477 1645 530; x_wconf 71' lang='grc' dir='ltr'><strong>καὶ</strong></span> <span class='ocrx_word' id='word_1_27' title='bbox 1659 477 1756 542; x_wconf 77' lang='grc' dir='ltr'><strong>τὰς</strong></span> <span class='ocrx_word' id='word_1_28' title='bbox 1769 476 1864 528; x_wconf 73' lang='grc' dir='ltr'><strong>δύο</strong></span> 
     </span>
    </p>
   </div>
   <div class='ocr_carea' id='block_1_7' title="bbox 286 569 1868 646">
    <p class='ocr_par' dir='ltr' id='par_1_7' title="bbox 286 569 1868 646">
     <span class='ocr_line' id='line_1_7' title="bbox 286 569 1868 646; baseline -0.007 -17"><span class='ocrx_word' id='word_1_29' title='bbox 286 575 393 646; x_wconf 73' lang='grc' dir='ltr'><strong>ἔχω</strong></span> <span class='ocrx_word' id='word_1_30' title='bbox 418 573 607 635; x_wconf 76' lang='grc' dir='ltr'>οὐσίας</span> <span class='ocrx_word' id='word_1_31' title='bbox 638 571 738 641; x_wconf 72' lang='grc' dir='ltr'>τῆς</span> <span class='ocrx_word' id='word_1_32' title='bbox 762 569 944 641; x_wconf 80' lang='grc' dir='ltr'>ψυχῆς</span> <span class='ocrx_word' id='word_1_33' title='bbox 975 571 1069 625; x_wconf 80' lang='grc' dir='ltr'>καὶ</span> <span class='ocrx_word' id='word_1_34' title='bbox 1097 569 1191 623; x_wconf 80' lang='grc' dir='ltr'>τοῦ</span> <span class='ocrx_word' id='word_1_35' title='bbox 1224 570 1493 639; x_wconf 81' lang='grc' dir='ltr'>σώματος,</span> <span class='ocrx_word' id='word_1_36' title='bbox 1528 569 1623 623; x_wconf 76' lang='grc' dir='ltr'><strong>καὶ</strong></span> <span class='ocrx_word' id='word_1_37' title='bbox 1654 570 1710 621; x_wconf 80' lang='grc' dir='ltr'><strong>ἐν</strong></span> <span class='ocrx_word' id='word_1_38' title='bbox 1735 569 1868 622; x_wconf 61' lang='grc' dir='ltr'>ὑπσ-</span> 
     </span>
    </p>
   </div>
   <div class='ocr_carea' id='block_1_8' title="bbox 291 656 1865 734">
    <p class='ocr_par' dir='ltr' id='par_1_8' title="bbox 291 656 1865 734">
     <span class='ocr_line' id='line_1_8' title="bbox 291 656 1865 734; baseline -0.003 -16"><span class='ocrx_word' id='word_1_39' title='bbox 291 666 476 719; x_wconf 81' lang='grc' dir='ltr'>στάσει</span> <span class='ocrx_word' id='word_1_40' title='bbox 509 666 606 734; x_wconf 75' lang='grc' dir='ltr'><strong>μιᾷ</strong></span> <span class='ocrx_word' id='word_1_41' title='bbox 641 662 954 733; x_wconf 80' lang='grc' dir='ltr'>θεωροῦμαι</span> <span class='ocrx_word' id='word_1_42' title='bbox 979 703 994 726; x_wconf 89' lang='grc'><strong>,</strong></span> <span class='ocrx_word' id='word_1_43' title='bbox 1026 661 1110 725; x_wconf 81' lang='grc' dir='ltr'><strong>τίς</strong></span> <span class='ocrx_word' id='word_1_44' title='bbox 1139 656 1352 731; x_wconf 76' lang='grc' dir='ltr'>ἀνάγκη</span> <span class='ocrx_word' id='word_1_45' title='bbox 1384 660 1479 716; x_wconf 75' lang='grc' dir='ltr'>καὶ</span> <span class='ocrx_word' id='word_1_46' title='bbox 1511 662 1602 714; x_wconf 74' lang='grc' dir='ltr'><strong>ἐπὶ</strong></span> <span class='ocrx_word' id='word_1_47' title='bbox 1629 660 1865 728; x_wconf 83' lang='grc' dir='ltr'><strong>Χριστοῦ</strong></span> 
     </span>
    </p>
   </div>
   <div class='ocr_carea' id='block_1_9' title="bbox 287 743 1867 826">
    <p class='ocr_par' dir='ltr' id='par_1_9' title="bbox 287 743 1867 826">
     <span class='ocr_line' id='line_1_9' title="bbox 287 743 1867 826; baseline -0.004 -14"><span class='ocrx_word' id='word_1_48' title='bbox 287 759 385 823; x_wconf 79' lang='grc' dir='ltr'>τὰς</span> <span class='ocrx_word' id='word_1_49' title='bbox 431 751 522 810; x_wconf 81' lang='grc' dir='ltr'>δύο</span> <span class='ocrx_word' id='word_1_50' title='bbox 567 757 754 820; x_wconf 80' lang='grc' dir='ltr'>οὐσίας</span> <span class='ocrx_word' id='word_1_51' title='bbox 790 743 1194 826; x_wconf 62' lang='grc' dir='ltr'>ὖμολογοῦντα,</span> <span class='ocrx_word' id='word_1_52' title='bbox 1245 749 1338 808; x_wconf 76' lang='grc' dir='ltr'><strong>δύο</strong></span> <span class='ocrx_word' id='word_1_53' title='bbox 1371 753 1535 824; x_wconf 78' lang='grc' dir='ltr'>φάναι</span> <span class='ocrx_word' id='word_1_54' title='bbox 1567 754 1661 807; x_wconf 71' lang='grc' dir='ltr'>καὶ</span> <span class='ocrx_word' id='word_1_55' title='bbox 1693 753 1867 817; x_wconf 73' lang='grc' dir='ltr'>ἰδικὰς</span> 
     </span>
    </p>
   </div>
   <div class='ocr_carea' id='block_1_10' title="bbox 292 845 1866 916">
    <p class='ocr_par' dir='ltr' id='par_1_10' title="bbox 292 845 1866 916">
     <span class='ocr_line' id='line_1_10' title="bbox 292 845 1866 916; baseline -0.004 -12"><span class='ocrx_word' id='word_1_56' title='bbox 292 851 390 913; x_wconf 75' lang='grc' dir='ltr'><strong>τὰς</strong></span> <span class='ocrx_word' id='word_1_57' title='bbox 421 848 786 912; x_wconf 70' lang='grc' dir='ltr'>ὑποστάσειςς</span> <span class='ocrx_word' id='word_1_58' title='bbox 840 845 1016 900; x_wconf 81' lang='grc' dir='ltr'>Αὐτοῦ</span> <span class='ocrx_word' id='word_1_59' title='bbox 1055 846 1154 916; x_wconf 78' lang='grc' dir='ltr'><strong>μὲν</strong></span> <span class='ocrx_word' id='word_1_60' title='bbox 1183 846 1292 915; x_wconf 83' lang='grc' dir='ltr'>γὰρ</span> <span class='ocrx_word' id='word_1_61' title='bbox 1322 849 1388 916; x_wconf 84' lang='grc' dir='ltr'>τῇ</span> <span class='ocrx_word' id='word_1_62' title='bbox 1419 846 1581 914; x_wconf 77' lang='grc' dir='ltr'>φύσει</span> <span class='ocrx_word' id='word_1_63' title='bbox 1625 845 1692 898; x_wconf 78' lang='grc' dir='ltr'>τὰ</span> <span class='ocrx_word' id='word_1_64' title='bbox 1726 845 1866 907; x_wconf 69' lang='grc' dir='ltr'>θεῖα,</span> 
     </span>
    </p>
   </div>
   <div class='ocr_carea' id='block_1_11' title="bbox 294 934 1866 1008">
    <p class='ocr_par' dir='ltr' id='par_1_11' title="bbox 294 934 1866 1008">
     <span class='ocr_line' id='line_1_11' title="bbox 294 934 1866 1008; baseline -0.003 -14"><span class='ocrx_word' id='word_1_65' title='bbox 294 939 460 994; x_wconf 79' lang='grc' dir='ltr'>αὐτοῦ</span> <span class='ocrx_word' id='word_1_66' title='bbox 491 940 549 992; x_wconf 75' lang='grc' dir='ltr'><strong>δὲ</strong></span> <span class='ocrx_word' id='word_1_67' title='bbox 579 939 666 992; x_wconf 79' lang='grc' dir='ltr'><strong>διὰ</strong></span> <span class='ocrx_word' id='word_1_68' title='bbox 689 939 789 1008; x_wconf 78' lang='grc' dir='ltr'>τὴν</span> <span class='ocrx_word' id='word_1_69' title='bbox 818 938 1184 991; x_wconf 78' lang='grc' dir='ltr'>ἐνυπόστατον</span> <span class='ocrx_word' id='word_1_70' title='bbox 1212 936 1408 989; x_wconf 72' lang='grc' dir='ltr'>ἕνωσιν</span> <span class='ocrx_word' id='word_1_71' title='bbox 1435 937 1502 988; x_wconf 72' lang='grc' dir='ltr'><strong>τὰ</strong></span> <span class='ocrx_word' id='word_1_72' title='bbox 1527 934 1866 1004; x_wconf 64' lang='grc' dir='ltr'>ἀνθρώπινα·</span> 
     </span>
    </p>
   </div>
   <div class='ocr_carea' id='block_1_12' title="bbox 216 1025 1873 1101">
    <p class='ocr_par' dir='ltr' id='par_1_12' title="bbox 216 1025 1873 1101">
     <span class='ocr_line' id='line_1_12' title="bbox 216 1025 1873 1101; baseline -0.005 -16"><span class='ocrx_word' id='word_1_73' title='bbox 216 1093 220 1096; x_wconf 97' lang='lat'><em>_</em></span> <span class='ocrx_word' id='word_1_74' title='bbox 292 1033 354 1085; x_wconf 89' lang='grc' dir='ltr'><strong>οὑ</strong></span> <span class='ocrx_word' id='word_1_75' title='bbox 389 1031 498 1101; x_wconf 78' lang='grc' dir='ltr'>γὰρ</span> <span class='ocrx_word' id='word_1_76' title='bbox 544 1032 602 1082; x_wconf 74' lang='grc' dir='ltr'><strong>ἐν</strong></span> <span class='ocrx_word' id='word_1_77' title='bbox 635 1029 809 1100; x_wconf 80' lang='grc' dir='ltr'><strong>ἑτέρῳ</strong></span> <span class='ocrx_word' id='word_1_78' title='bbox 832 1068 847 1093; x_wconf 87' lang='grc'><strong>,</strong></span> <span class='ocrx_word' id='word_1_79' title='bbox 905 1029 1021 1083; x_wconf 83' lang='grc' dir='ltr'>ἀλλ’</span> <span class='ocrx_word' id='word_1_80' title='bbox 1055 1030 1115 1081; x_wconf 83' lang='grc' dir='ltr'><strong>ὲν</strong></span> <span class='ocrx_word' id='word_1_81' title='bbox 1145 1026 1294 1096; x_wconf 83' lang='grc' dir='ltr'>αὑτῷ</span> <span class='ocrx_word' id='word_1_82' title='bbox 1327 1028 1360 1097; x_wconf 80' lang='grc' dir='ltr'><strong>ἡ</strong></span> <span class='ocrx_word' id='word_1_83' title='bbox 1399 1026 1540 1097; x_wconf 82' lang='grc' dir='ltr'>ἰδικὴ</span> <span class='ocrx_word' id='word_1_84' title='bbox 1572 1025 1736 1079; x_wconf 79' lang='grc' dir='ltr'>αὑτοῦ</span> <span class='ocrx_word' id='word_1_85' title='bbox 1771 1026 1873 1077; x_wconf 84' lang='grc' dir='ltr'>ὑπ-</span> 
     </span>
    </p>
   </div>
   <div class='ocr_carea' id='block_1_13' title="bbox 295 1116 1873 1192">
    <p class='ocr_par' dir='ltr' id='par_1_13' title="bbox 295 1116 1873 1192">
     <span class='ocr_line' id='line_1_13' title="bbox 295 1116 1873 1192; baseline -0.004 -17"><span class='ocrx_word' id='word_1_86' title='bbox 295 1124 427 1192; x_wconf 72' lang='grc' dir='ltr'>έστη</span> <span class='ocrx_word' id='word_1_87' title='bbox 481 1120 654 1190; x_wconf 73' lang='grc' dir='ltr'>σὰρξ,</span> <span class='ocrx_word' id='word_1_88' title='bbox 710 1120 786 1183; x_wconf 87' lang='grc' dir='ltr'>ὡς</span> <span class='ocrx_word' id='word_1_89' title='bbox 832 1118 1157 1191; x_wconf 79' lang='grc' dir='ltr'>προείρηται</span> <span class='ocrx_word' id='word_1_90' title='bbox 1183 1134 1196 1148; x_wconf 78' lang='grc' dir='ltr'><strong>ο</strong></span> <span class='ocrx_word' id='word_1_91' title='bbox 1241 1117 1302 1170; x_wconf 80' lang='grc' dir='ltr'><strong>τὸ</strong></span> <span class='ocrx_word' id='word_1_92' title='bbox 1333 1117 1510 1170; x_wconf 67' lang='grc' dir='ltr'>κοινὸν</span> <span class='ocrx_word' id='word_1_93' title='bbox 1539 1117 1647 1186; x_wconf 78' lang='grc' dir='ltr'>γὰρ</span> <span class='ocrx_word' id='word_1_94' title='bbox 1675 1116 1873 1186; x_wconf 77' lang='grc' dir='ltr'>ἔχουσα</span> 
     </span>
    </p>
   </div>
   <div class='ocr_carea' id='block_1_14' title="bbox 292 1205 1872 1283">
    <p class='ocr_par' dir='ltr' id='par_1_14' title="bbox 292 1205 1872 1283">
     <span class='ocr_line' id='line_1_14' title="bbox 292 1205 1872 1283; baseline -0.006 -16"><span class='ocrx_word' id='word_1_95' title='bbox 292 1214 398 1283; x_wconf 81' lang='grc' dir='ltr'>τῆς</span> <span class='ocrx_word' id='word_1_96' title='bbox 446 1212 797 1282; x_wconf 80' lang='grc' dir='ltr'><strong>ἀνθρωπίνης</strong></span> <span class='ocrx_word' id='word_1_97' title='bbox 839 1211 1029 1272; x_wconf 78' lang='grc' dir='ltr'>οὐσίας</span> <span class='ocrx_word' id='word_1_98' title='bbox 1067 1209 1226 1262; x_wconf 77' lang='grc' dir='ltr'><strong>τοὺτο</strong></span> <span class='ocrx_word' id='word_1_99' title='bbox 1249 1249 1264 1268; x_wconf 86' lang='grc'><strong>,</strong></span> <span class='ocrx_word' id='word_1_100' title='bbox 1317 1209 1375 1261; x_wconf 69' lang='grc' dir='ltr'>τὸ</span> <span class='ocrx_word' id='word_1_101' title='bbox 1407 1205 1544 1261; x_wconf 79' lang='grc' dir='ltr'>εἶναι</span> <span class='ocrx_word' id='word_1_102' title='bbox 1579 1206 1714 1279; x_wconf 79' lang='grc' dir='ltr'>σὰρξ</span> <span class='ocrx_word' id='word_1_103' title='bbox 1739 1207 1872 1276; x_wconf 71' lang='grc' dir='ltr'><strong>ἐψυ-</strong></span> 
     </span>
    </p>
   </div>
   <div class='ocr_carea' id='block_1_15' title="bbox 295 1299 1876 1377">
    <p class='ocr_par' dir='ltr' id='par_1_15' title="bbox 295 1299 1876 1377">
     <span class='ocr_line' id='line_1_15' title="bbox 295 1299 1876 1377; baseline -0.004 -18"><span class='ocrx_word' id='word_1_104' title='bbox 295 1305 516 1377; x_wconf 75' lang='grc' dir='ltr'><strong>χωμένη</strong></span> <span class='ocrx_word' id='word_1_105' title='bbox 552 1303 698 1374; x_wconf 77' lang='grc' dir='ltr'>ψυχῇ</span> <span class='ocrx_word' id='word_1_106' title='bbox 728 1304 954 1372; x_wconf 81' lang='grc' dir='ltr'>λογικῇ,</span> <span class='ocrx_word' id='word_1_107' title='bbox 997 1304 1055 1355; x_wconf 85' lang='grc' dir='ltr'><strong>ὲν</strong></span> <span class='ocrx_word' id='word_1_108' title='bbox 1091 1301 1235 1372; x_wconf 81' lang='grc' dir='ltr'>μόνῳ</span> <span class='ocrx_word' id='word_1_109' title='bbox 1269 1299 1346 1370; x_wconf 83' lang='grc' dir='ltr'><strong>τῷ</strong></span> <span class='ocrx_word' id='word_1_110' title='bbox 1380 1300 1499 1370; x_wconf 79' lang='grc' dir='ltr'><strong>Θεῷ</strong></span> <span class='ocrx_word' id='word_1_111' title='bbox 1530 1299 1685 1369; x_wconf 81' lang='grc' dir='ltr'>Λόγῳ</span> <span class='ocrx_word' id='word_1_112' title='bbox 1719 1299 1876 1369; x_wconf 79' lang='grc' dir='ltr'>ἔσχεν</span> 
     </span>
    </p>
   </div>
   <div class='ocr_carea' id='block_1_16' title="bbox 295 1383 1877 1460">
    <p class='ocr_par' dir='ltr' id='par_1_16' title="bbox 295 1383 1877 1460">
     <span class='ocr_line' id='line_1_16' title="bbox 295 1383 1877 1460; baseline -0.003 -10"><span class='ocrx_word' id='word_1_113' title='bbox 295 1399 366 1452; x_wconf 81' lang='grc' dir='ltr'>τὰ</span> <span class='ocrx_word' id='word_1_114' title='bbox 421 1397 564 1451; x_wconf 59' lang='lat' dir='ltr'><strong>iam</strong></span> <span class='ocrx_word' id='word_1_115' title='bbox 591 1435 606 1460; x_wconf 91' lang='lat'><strong>,</strong></span> <span class='ocrx_word' id='word_1_116' title='bbox 659 1396 818 1450; x_wconf 78' lang='grc' dir='ltr'>τοῦτό</span> <span class='ocrx_word' id='word_1_117' title='bbox 868 1398 986 1448; x_wconf 81' lang='grc' dir='ltr'>ἐστι</span> <span class='ocrx_word' id='word_1_118' title='bbox 1019 1395 1079 1448; x_wconf 79' lang='grc' dir='ltr'>τὸ</span> <span class='ocrx_word' id='word_1_119' title='bbox 1109 1383 1250 1448; x_wconf 77' lang='grc' dir='ltr'>εἶναι</span> <span class='ocrx_word' id='word_1_120' title='bbox 1280 1392 1372 1446; x_wconf 83' lang='grc' dir='ltr'>τοῦ</span> <span class='ocrx_word' id='word_1_121' title='bbox 1404 1393 1538 1445; x_wconf 77' lang='grc' dir='ltr'>θεοῦ</span> <span class='ocrx_word' id='word_1_122' title='bbox 1571 1393 1742 1460; x_wconf 79' lang='grc' dir='ltr'>Λόγου</span> <span class='ocrx_word' id='word_1_123' title='bbox 1780 1391 1877 1446; x_wconf 76' lang='grc' dir='ltr'>καὶ</span> 
     </span>
    </p>
   </div>
   <div class='ocr_carea' id='block_1_17' title="bbox 296 1482 1879 1559">
    <p class='ocr_par' dir='ltr' id='par_1_17' title="bbox 296 1482 1879 1559">
     <span class='ocr_line' id='line_1_17' title="bbox 296 1482 1879 1559; baseline -0.005 -15"><span class='ocrx_word' id='word_1_124' title='bbox 296 1491 396 1559; x_wconf 83' lang='grc' dir='ltr'>οὐχ</span> <span class='ocrx_word' id='word_1_125' title='bbox 425 1489 615 1559; x_wconf 77' lang='grc' dir='ltr'>ἐτέρου</span> <span class='ocrx_word' id='word_1_126' title='bbox 647 1487 804 1559; x_wconf 77' lang='grc' dir='ltr'>σάρξ.</span> <span class='ocrx_word' id='word_1_127' title='bbox 841 1487 968 1551; x_wconf 84' lang='grc' dir='ltr'><strong>Πῶς</strong></span> <span class='ocrx_word' id='word_1_128' title='bbox 996 1482 1090 1540; x_wconf 77' lang='grc' dir='ltr'>οὖν</span> <span class='ocrx_word' id='word_1_129' title='bbox 1120 1485 1286 1557; x_wconf 78' lang='grc' dir='ltr'>ἑτέρα.</span> <span class='ocrx_word' id='word_1_130' title='bbox 1338 1485 1658 1550; x_wconf 74' lang='grc' dir='ltr'><strong>ὑπόστασις,</strong></span> <span class='ocrx_word' id='word_1_131' title='bbox 1686 1485 1719 1554; x_wconf 84' lang='grc' dir='ltr'><strong>ἡ</strong></span> <span class='ocrx_word' id='word_1_132' title='bbox 1747 1483 1879 1555; x_wconf 76' lang='grc' dir='ltr'><strong>μηδ-</strong></span> 
     </span>
    </p>
   </div>
   <div class='ocr_carea' id='block_1_18' title="bbox 297 1581 1139 1653">
    <p class='ocr_par' dir='ltr' id='par_1_18' title="bbox 297 1581 1139 1653">
     <span class='ocr_line' id='line_1_18' title="bbox 297 1581 1139 1653; baseline -0.005 -17"><span class='ocrx_word' id='word_1_133' title='bbox 297 1585 436 1646; x_wconf 85' lang='grc' dir='ltr'>όλως</span> <span class='ocrx_word' id='word_1_134' title='bbox 455 1582 576 1636; x_wconf 85' lang='grc' dir='ltr'>καθ’</span> <span class='ocrx_word' id='word_1_135' title='bbox 598 1581 795 1653; x_wconf 75' lang='grc' dir='ltr'>ἑαυτὴν</span> <span class='ocrx_word' id='word_1_136' title='bbox 825 1581 1139 1646; x_wconf 56' lang='lat' dir='ltr'><strong>omni“;</strong></span> 
     </span>
    </p>
   </div>
   <div class='ocr_carea' id='block_1_19' title="bbox 374 1667 1881 1743">
    <p class='ocr_par' dir='ltr' id='par_1_19' title="bbox 374 1667 1881 1743">
     <span class='ocr_line' id='line_1_19' title="bbox 374 1667 1881 1743; baseline -0.006 -15"><span class='ocrx_word' id='word_1_137' title='bbox 374 1673 580 1735; x_wconf 83' lang='grc' dir='ltr'>Ἀλλως</span> <span class='ocrx_word' id='word_1_138' title='bbox 606 1690 664 1726; x_wconf 83' lang='grc' dir='ltr'><strong>τε</strong></span> <span class='ocrx_word' id='word_1_139' title='bbox 698 1673 831 1743; x_wconf 70' lang='grc' dir='ltr'><strong>μηδὲ</strong></span> <span class='ocrx_word' id='word_1_140' title='bbox 857 1671 1014 1725; x_wconf 77' lang='grc' dir='ltr'>τοῦτο</span> <span class='ocrx_word' id='word_1_141' title='bbox 1035 1670 1420 1738; x_wconf 80' lang='grc' dir='ltr'>ἁγνοείτωσαν,</span> <span class='ocrx_word' id='word_1_142' title='bbox 1447 1671 1529 1723; x_wconf 82' lang='grc' dir='ltr'>ὅτι</span> <span class='ocrx_word' id='word_1_143' title='bbox 1554 1668 1673 1721; x_wconf 70' lang='grc' dir='ltr'>ἀντὶ</span> <span class='ocrx_word' id='word_1_144' title='bbox 1694 1667 1881 1730; x_wconf 76' lang='grc' dir='ltr'>οὐσίας</span> 
     </span>
    </p>
   </div>
   <div class='ocr_carea' id='block_1_20' title="bbox 1975 472 3549 540">
    <p class='ocr_par' dir='ltr' id='par_1_20' title="bbox 1975 472 3549 540">
     <span class='ocr_line' id='line_1_20' title="bbox 1975 472 3549 540; baseline -0.004 -8"><span class='ocrx_word' id='word_1_145' title='bbox 1975 477 2085 532; x_wconf 88' lang='lat' dir='ltr'><strong>duo</strong></span> <span class='ocrx_word' id='word_1_146' title='bbox 2120 472 2393 540; x_wconf 86' lang='lat' dir='ltr'><strong>homines,</strong></span> <span class='ocrx_word' id='word_1_147' title='bbox 2422 474 2514 529; x_wconf 87' lang='lat' dir='ltr'><strong>sed</strong></span> <span class='ocrx_word' id='word_1_148' title='bbox 2567 473 2703 528; x_wconf 89' lang='lat' dir='ltr'><strong>duas</strong></span> <span class='ocrx_word' id='word_1_149' title='bbox 2749 474 2927 529; x_wconf 87' lang='lat' dir='ltr'><strong>habeo</strong></span> <span class='ocrx_word' id='word_1_150' title='bbox 2962 473 3318 535; x_wconf 86' lang='lat' dir='ltr'><strong>substantias,</strong></span> <span class='ocrx_word' id='word_1_151' title='bbox 3351 473 3549 526; x_wconf 70' lang='lat' dir='ltr'><strong>animm</strong></span> 
     </span>
    </p>
   </div>
   <div class='ocr_carea' id='block_1_21' title="bbox 1974 563 3554 640">
    <p class='ocr_par' dir='ltr' id='par_1_21' title="bbox 1974 563 3554 640">
     <span class='ocr_line' id='line_1_21' title="bbox 1974 563 3554 640; baseline -0.005 -14"><span class='ocrx_word' id='word_1_152' title='bbox 1974 580 2029 628; x_wconf 91' lang='lat' dir='ltr'><strong>et</strong></span> <span class='ocrx_word' id='word_1_153' title='bbox 2057 569 2329 640; x_wconf 82' lang='lat' dir='ltr'><strong>corporis,</strong></span> <span class='ocrx_word' id='word_1_154' title='bbox 2373 571 2427 622; x_wconf 84' lang='lat' dir='ltr'><strong>et</strong></span> <span class='ocrx_word' id='word_1_155' title='bbox 2455 567 2508 624; x_wconf 86' lang='lat' dir='ltr'><strong>in</strong></span> <span class='ocrx_word' id='word_1_156' title='bbox 2536 583 2641 620; x_wconf 90' lang='lat' dir='ltr'><strong>una</strong></span> <span class='ocrx_word' id='word_1_157' title='bbox 2667 564 3022 621; x_wconf 80' lang='lat' dir='ltr'><strong>subsistentia</strong></span> <span class='ocrx_word' id='word_1_158' title='bbox 3049 563 3394 630; x_wconf 82' lang='lat' dir='ltr'><strong>consideror,</strong></span> <span class='ocrx_word' id='word_1_159' title='bbox 3429 578 3554 634; x_wconf 69' lang='lat' dir='ltr'><strong>qua:</strong></span> 
     </span>
    </p>
   </div>
   <div class='ocr_carea' id='block_1_22' title="bbox 1975 647 3556 726">
    <p class='ocr_par' dir='ltr' id='par_1_22' title="bbox 1975 647 3556 726">
     <span class='ocr_line' id='line_1_22' title="bbox 1975 647 3556 726; baseline -0.006 -8"><span class='ocrx_word' id='word_1_160' title='bbox 1975 659 2276 718; x_wconf 66' lang='lat' dir='ltr'><strong>necessitas</strong></span> <span class='ocrx_word' id='word_1_161' title='bbox 2329 670 2412 714; x_wconf 89' lang='lat' dir='ltr'><strong>est</strong></span> <span class='ocrx_word' id='word_1_162' title='bbox 2451 655 2588 714; x_wconf 85' lang='lat' dir='ltr'><strong>duas</strong></span> <span class='ocrx_word' id='word_1_163' title='bbox 2631 647 2684 713; x_wconf 88' lang='lat' dir='ltr'><strong>in</strong></span> <span class='ocrx_word' id='word_1_164' title='bbox 2727 659 2950 714; x_wconf 91' lang='lat' dir='ltr'><strong>Christo</strong></span> <span class='ocrx_word' id='word_1_165' title='bbox 2992 657 3333 713; x_wconf 84' lang='lat' dir='ltr'><strong>substantias</strong></span> <span class='ocrx_word' id='word_1_166' title='bbox 3390 655 3556 726; x_wconf 83' lang='lat' dir='ltr'><strong>proﬁ-</strong></span> 
     </span>
    </p>
   </div>
   <div class='ocr_carea' id='block_1_23' title="bbox 1980 749 3557 820">
    <p class='ocr_par' dir='ltr' id='par_1_23' title="bbox 1980 749 3557 820">
     <span class='ocr_line' id='line_1_23' title="bbox 1980 749 3557 820; baseline -0.002 -14"><span class='ocrx_word' id='word_1_167' title='bbox 1980 761 2213 815; x_wconf 90' lang='lat' dir='ltr'><strong>tentem,</strong></span> <span class='ocrx_word' id='word_1_168' title='bbox 2239 750 2378 805; x_wconf 90' lang='lat' dir='ltr'><strong>duas</strong></span> <span class='ocrx_word' id='word_1_169' title='bbox 2400 767 2617 820; x_wconf 89' lang='lat' dir='ltr'><strong>quoque</strong></span> <span class='ocrx_word' id='word_1_170' title='bbox 2645 751 2831 806; x_wconf 83' lang='lat' dir='ltr'><strong>dicere</strong></span> <span class='ocrx_word' id='word_1_171' title='bbox 2875 760 2931 805; x_wconf 86' lang='lat' dir='ltr'><strong>et</strong></span> <span class='ocrx_word' id='word_1_172' title='bbox 2965 750 3329 820; x_wconf 88' lang='lat' dir='ltr'><strong>particularcs</strong></span> <span class='ocrx_word' id='word_1_173' title='bbox 3382 749 3557 805; x_wconf 55' lang='lat' dir='ltr'><strong>subslc</strong></span> 
     </span>
    </p>
   </div>
   <div class='ocr_carea' id='block_1_24' title="bbox 1979 842 3560 913">
    <p class='ocr_par' dir='ltr' id='par_1_24' title="bbox 1979 842 3560 913">
     <span class='ocr_line' id='line_1_24' title="bbox 1979 842 3560 913; baseline -0.004 -12"><span class='ocrx_word' id='word_1_174' title='bbox 1979 846 2251 901; x_wconf 90' lang='lat' dir='ltr'><strong>stentias?</strong></span> <span class='ocrx_word' id='word_1_175' title='bbox 2273 845 2341 898; x_wconf 86' lang='lat' dir='ltr'><strong>ad</strong></span> <span class='ocrx_word' id='word_1_176' title='bbox 2378 846 2532 898; x_wconf 90' lang='lat' dir='ltr'><strong>illum</strong></span> <span class='ocrx_word' id='word_1_177' title='bbox 2559 846 2705 898; x_wconf 88' lang='lat' dir='ltr'><strong>enim</strong></span> <span class='ocrx_word' id='word_1_178' title='bbox 2726 843 3009 913; x_wconf 80' lang='lat' dir='ltr'><strong>pertinent</strong></span> <span class='ocrx_word' id='word_1_179' title='bbox 3035 852 3230 897; x_wconf 89' lang='lat' dir='ltr'><strong>natura</strong></span> <span class='ocrx_word' id='word_1_180' title='bbox 3259 842 3466 906; x_wconf 82' lang='lat' dir='ltr'><strong>divina,</strong></span> <span class='ocrx_word' id='word_1_181' title='bbox 3503 849 3560 895; x_wconf 85' lang='lat' dir='ltr'><strong>et</strong></span> 
     </span>
    </p>
   </div>
   <div class='ocr_carea' id='block_1_25' title="bbox 1979 934 3559 1006">
    <p class='ocr_par' dir='ltr' id='par_1_25' title="bbox 1979 934 3559 1006">
     <span class='ocr_line' id='line_1_25' title="bbox 1979 934 3559 1006; baseline -0.002 -15"><span class='ocrx_word' id='word_1_182' title='bbox 1979 937 2047 992; x_wconf 88' lang='lat' dir='ltr'><strong>ad</strong></span> <span class='ocrx_word' id='word_1_183' title='bbox 2076 937 2230 991; x_wconf 84' lang='lat' dir='ltr'><strong>illum</strong></span> <span class='ocrx_word' id='word_1_184' title='bbox 2252 951 2350 1006; x_wconf 86' lang='lat' dir='ltr'><strong>per</strong></span> <span class='ocrx_word' id='word_1_185' title='bbox 2366 935 2834 989; x_wconf 81' lang='lat' dir='ltr'><strong>subsistentialem</strong></span> <span class='ocrx_word' id='word_1_186' title='bbox 2863 935 3122 988; x_wconf 89' lang='lat' dir='ltr'><strong>unionem</strong></span> <span class='ocrx_word' id='word_1_187' title='bbox 3143 934 3380 987; x_wconf 89' lang='lat' dir='ltr'><strong>humana</strong></span> <span class='ocrx_word' id='word_1_188' title='bbox 3411 950 3422 996; x_wconf 87' lang='lat'><strong>;</strong></span> <span class='ocrx_word' id='word_1_189' title='bbox 3447 948 3559 990; x_wconf 85' lang='lat' dir='ltr'><strong>non</strong></span> 
     </span>
    </p>
   </div>
   <div class='ocr_carea' id='block_1_26' title="bbox 1983 1025 3557 1096">
    <p class='ocr_par' dir='ltr' id='par_1_26' title="bbox 1983 1025 3557 1096">
     <span class='ocr_line' id='line_1_26' title="bbox 1983 1025 3557 1096; baseline -0.006 -14"><span class='ocrx_word' id='word_1_190' title='bbox 1983 1028 2036 1082; x_wconf 88' lang='lat' dir='ltr'><strong>in</strong></span> <span class='ocrx_word' id='word_1_191' title='bbox 2060 1028 2412 1096; x_wconf 66' lang='lat' dir='ltr'><strong>alio&#39;nempe,</strong></span> <span class='ocrx_word' id='word_1_192' title='bbox 2445 1025 2609 1080; x_wconf 85' lang='lat' dir='ltr'><strong>sedin</strong></span> <span class='ocrx_word' id='word_1_193' title='bbox 2640 1026 2730 1079; x_wconf 87' lang='lat' dir='ltr'><strong>illo</strong></span> <span class='ocrx_word' id='word_1_194' title='bbox 2761 1026 2982 1095; x_wconf 88' lang='lat' dir='ltr'><strong>propria</strong></span> <span class='ocrx_word' id='word_1_195' title='bbox 3014 1027 3132 1094; x_wconf 84' lang='lat' dir='ltr'><strong>ejus</strong></span> <span class='ocrx_word' id='word_1_196' title='bbox 3163 1025 3378 1079; x_wconf 74' lang='lat' dir='ltr'><strong>exsistit</strong></span> <span class='ocrx_word' id='word_1_197' title='bbox 3407 1040 3557 1087; x_wconf 83' lang='lat' dir='ltr'><strong>earn,</strong></span> 
     </span>
    </p>
   </div>
   <div class='ocr_carea' id='block_1_27' title="bbox 1982 1116 3561 1191">
    <p class='ocr_par' dir='ltr' id='par_1_27' title="bbox 1982 1116 3561 1191">
     <span class='ocr_line' id='line_1_27' title="bbox 1982 1116 3561 1191; baseline -0.004 -16"><span class='ocrx_word' id='word_1_198' title='bbox 1982 1131 2041 1175; x_wconf 88' lang='lat' dir='ltr'><strong>ut</strong></span> <span class='ocrx_word' id='word_1_199' title='bbox 2075 1137 2241 1191; x_wconf 83' lang='lat' dir='ltr'><strong>supra</strong></span> <span class='ocrx_word' id='word_1_200' title='bbox 2285 1119 2528 1183; x_wconf 80' lang='lat' dir='ltr'><strong>diciwr;</strong></span> <span class='ocrx_word' id='word_1_201' title='bbox 2574 1132 2922 1171; x_wconf 85' lang='lat' dir='ltr'><strong>communem</strong></span> <span class='ocrx_word' id='word_1_202' title='bbox 2973 1132 3100 1171; x_wconf 91' lang='lat' dir='ltr'><strong>caro</strong></span> <span class='ocrx_word' id='word_1_203' title='bbox 3170 1116 3312 1170; x_wconf 88' lang='lat' dir='ltr'><strong>hanc</strong></span> <span class='ocrx_word' id='word_1_204' title='bbox 3350 1117 3561 1169; x_wconf 81' lang='lat' dir='ltr'><strong>habens</strong></span> 
     </span>
    </p>
   </div>
   <div class='ocr_carea' id='block_1_28' title="bbox 1982 1208 3564 1280">
    <p class='ocr_par' dir='ltr' id='par_1_28' title="bbox 1982 1208 3564 1280">
     <span class='ocr_line' id='line_1_28' title="bbox 1982 1208 3564 1280; baseline -0.006 -10"><span class='ocrx_word' id='word_1_205' title='bbox 1982 1216 2237 1270; x_wconf 81' lang='lat' dir='ltr'><strong>humanae</strong></span> <span class='ocrx_word' id='word_1_206' title='bbox 2273 1211 2595 1267; x_wconf 59' lang='lat' dir='ltr'><strong>substantia}</strong></span> <span class='ocrx_word' id='word_1_207' title='bbox 2637 1211 3054 1280; x_wconf 79' lang='lat' dir='ltr'><strong>proprietatem,</strong></span> <span class='ocrx_word' id='word_1_208' title='bbox 3091 1209 3322 1262; x_wconf 81' lang='lat' dir='ltr'><strong>animari</strong></span> <span class='ocrx_word' id='word_1_209' title='bbox 3352 1208 3564 1262; x_wconf 78' lang='lat' dir='ltr'><strong>scilicet</strong></span> 
     </span>
    </p>
   </div>
   <div class='ocr_carea' id='block_1_29' title="bbox 1984 1301 3566 1372">
    <p class='ocr_par' dir='ltr' id='par_1_29' title="bbox 1984 1301 3566 1372">
     <span class='ocr_line' id='line_1_29' title="bbox 1984 1301 3566 1372; baseline -0.008 -10"><span class='ocrx_word' id='word_1_210' title='bbox 1984 1307 2052 1362; x_wconf 88' lang='lat' dir='ltr'><strong>ab</strong></span> <span class='ocrx_word' id='word_1_211' title='bbox 2084 1309 2268 1372; x_wconf 77' lang='lat' dir='ltr'><strong>animo</strong></span> <span class='ocrx_word' id='word_1_212' title='bbox 2296 1305 2570 1365; x_wconf 82' lang='lat' dir='ltr'><strong>rationali,</strong></span> <span class='ocrx_word' id='word_1_213' title='bbox 2615 1301 2669 1357; x_wconf 90' lang='lat' dir='ltr'><strong>in</strong></span> <span class='ocrx_word' id='word_1_214' title='bbox 2713 1304 2830 1358; x_wconf 93' lang='lat' dir='ltr'><strong>solo</strong></span> <span class='ocrx_word' id='word_1_215' title='bbox 2861 1303 2973 1356; x_wconf 75' lang='lat' dir='ltr'><strong>Deo</strong></span> <span class='ocrx_word' id='word_1_216' title='bbox 2997 1301 3180 1358; x_wconf 75' lang='lat' dir='ltr'><strong>Verbo</strong></span> <span class='ocrx_word' id='word_1_217' title='bbox 3213 1302 3409 1354; x_wconf 83' lang='lat' dir='ltr'><strong>habuit</strong></span> <span class='ocrx_word' id='word_1_218' title='bbox 3442 1315 3566 1369; x_wconf 38' lang='lat' dir='ltr'><strong>pars</strong></span> 
     </span>
    </p>
   </div>
   <div class='ocr_carea' id='block_1_30' title="bbox 1989 1395 3566 1464">
    <p class='ocr_par' dir='ltr' id='par_1_30' title="bbox 1989 1395 3566 1464">
     <span class='ocr_line' id='line_1_30' title="bbox 1989 1395 3566 1464; baseline -0.006 -8"><span class='ocrx_word' id='word_1_219' title='bbox 1989 1401 2298 1464; x_wconf 81' lang='lat' dir='ltr'><strong>tlcularem,</strong></span> <span class='ocrx_word' id='word_1_220' title='bbox 2342 1415 2464 1454; x_wconf 88' lang='lat' dir='ltr'><strong>esse</strong></span> <span class='ocrx_word' id='word_1_221' title='bbox 2514 1399 2724 1453; x_wconf 80' lang='lat' dir='ltr'><strong>sciiicet</strong></span> <span class='ocrx_word' id='word_1_222' title='bbox 2757 1397 2852 1453; x_wconf 88' lang='lat' dir='ltr'><strong>Dei</strong></span> <span class='ocrx_word' id='word_1_223' title='bbox 2881 1396 3048 1451; x_wconf 85' lang='lat' dir='ltr'><strong>Verbi</strong></span> <span class='ocrx_word' id='word_1_224' title='bbox 3109 1405 3164 1450; x_wconf 89' lang='lat' dir='ltr'><strong>et</strong></span> <span class='ocrx_word' id='word_1_225' title='bbox 3196 1410 3306 1448; x_wconf 90' lang='lat' dir='ltr'><strong>non</strong></span> <span class='ocrx_word' id='word_1_226' title='bbox 3336 1395 3566 1448; x_wconf 73' lang='lat' dir='ltr'><strong>alterius</strong></span> 
     </span>
    </p>
   </div>
   <div class='ocr_carea' id='block_1_31' title="bbox 1987 1487 3566 1562">
    <p class='ocr_par' dir='ltr' id='par_1_31' title="bbox 1987 1487 3566 1562">
     <span class='ocr_line' id='line_1_31' title="bbox 1987 1487 3566 1562; baseline -0.007 -13"><span class='ocrx_word' id='word_1_227' title='bbox 1987 1508 2230 1550; x_wconf 83' lang='lat' dir='ltr'><strong>carnem.</strong></span> <span class='ocrx_word' id='word_1_228' title='bbox 2281 1492 2568 1561; x_wconf 83' lang='lat' dir='ltr'><strong>Quomodo</strong></span> <span class='ocrx_word' id='word_1_229' title='bbox 2618 1508 2748 1562; x_wconf 78' lang='lat' dir='ltr'><strong>ergo</strong></span> <span class='ocrx_word' id='word_1_230' title='bbox 2784 1491 2888 1554; x_wconf 82' lang='lat' dir='ltr'><strong>alia</strong></span> <span class='ocrx_word' id='word_1_231' title='bbox 2931 1488 3310 1554; x_wconf 84' lang='lat' dir='ltr'><strong>subsistentia,</strong></span> <span class='ocrx_word' id='word_1_232' title='bbox 3341 1487 3566 1551; x_wconf 74' lang='lat' dir='ltr'><strong>minime</strong></span> 
     </span>
    </p>
   </div>
   <div class='ocr_carea' id='block_1_32' title="bbox 1984 1581 2770 1658">
    <p class='ocr_par' dir='ltr' id='par_1_32' title="bbox 1984 1581 2770 1658">
     <span class='ocr_line' id='line_1_32' title="bbox 1984 1581 2770 1658; baseline -0.008 -18"><span class='ocrx_word' id='word_1_233' title='bbox 1984 1588 2137 1658; x_wconf 80' lang='lat' dir='ltr'><strong>juxta</strong></span> <span class='ocrx_word' id='word_1_234' title='bbox 2161 1585 2396 1654; x_wconf 81' lang='lat' dir='ltr'><strong>seipsam</strong></span> <span class='ocrx_word' id='word_1_235' title='bbox 2427 1581 2770 1638; x_wconf 81' lang='lat' dir='ltr'><strong>subsistens?</strong></span> 
     </span>
    </p>
   </div>
   <div class='ocr_carea' id='block_1_33' title="bbox 2060 1663 3569 1746">
    <p class='ocr_par' dir='ltr' id='par_1_33' title="bbox 2060 1663 3569 1746">
     <span class='ocr_line' id='line_1_33' title="bbox 2060 1663 3569 1746; baseline -0.009 -13"><span class='ocrx_word' id='word_1_236' title='bbox 2060 1679 2234 1733; x_wconf 76' lang='lat' dir='ltr'><strong>Aliter</strong></span> <span class='ocrx_word' id='word_1_237' title='bbox 2262 1693 2328 1731; x_wconf 91' lang='lat' dir='ltr'><strong>ne</strong></span> <span class='ocrx_word' id='word_1_238' title='bbox 2354 1677 2467 1730; x_wconf 67' lang='lat' dir='ltr'><strong>haec</strong></span> <span class='ocrx_word' id='word_1_239' title='bbox 2494 1675 2770 1746; x_wconf 79' lang='lat' dir='ltr'><strong>ignorent,</strong></span> <span class='ocrx_word' id='word_1_240' title='bbox 2795 1689 2894 1743; x_wconf 87' lang='lat' dir='ltr'><strong>pro</strong></span> <span class='ocrx_word' id='word_1_241' title='bbox 2914 1672 3220 1726; x_wconf 81' lang='lat' dir='ltr'><strong>substantia</strong></span> <span class='ocrx_word' id='word_1_242' title='bbox 3261 1663 3569 1726; x_wconf 71' lang='lat' dir='ltr'><strong>subsistem</strong></span> 
     </span>
    </p>
   </div>
   <div class='ocr_carea' id='block_1_34' title="bbox 299 1751 1892 1837">
    <p class='ocr_par' dir='ltr' id='par_1_34' title="bbox 299 1758 1884 1837">
     <span class='ocr_line' id='line_1_34' title="bbox 299 1758 1884 1837; baseline -0.007 -16"><span class='ocrx_word' id='word_1_243' title='bbox 299 1771 334 1837; x_wconf 75' lang='grc' dir='ltr'>ἡ</span> <span class='ocrx_word' id='word_1_244' title='bbox 357 1768 652 1829; x_wconf 78' lang='grc' dir='ltr'>ὑπόστασις</span> <span class='ocrx_word' id='word_1_245' title='bbox 674 1769 785 1828; x_wconf 86' lang='grc' dir='ltr'>τοῖς</span> <span class='ocrx_word' id='word_1_246' title='bbox 815 1767 989 1833; x_wconf 77' lang='grc' dir='ltr'>ἁγίοις</span> <span class='ocrx_word' id='word_1_247' title='bbox 1016 1764 1264 1834; x_wconf 80' lang='grc' dir='ltr'>Πατράσι</span> <span class='ocrx_word' id='word_1_248' title='bbox 1301 1763 1558 1825; x_wconf 76' lang='grc' dir='ltr'>πολλάκις</span> <span class='ocrx_word' id='word_1_249' title='bbox 1589 1758 1884 1832; x_wconf 70' lang='grc' dir='ltr'><strong>ὲνῘνεν]όη-</strong></span> 
     </span>
    </p>
   </div>
   <div class='ocr_carea' id='block_1_35' title="bbox 1997 1751 3570 1837">
    <p class='ocr_par' dir='ltr' id='par_1_35' title="bbox 1997 1761 3570 1832">
     <span class='ocr_line' id='line_1_35' title="bbox 1997 1761 3570 1832; baseline -0.006 -8"><span class='ocrx_word' id='word_1_250' title='bbox 1997 1768 2118 1824; x_wconf 87' lang='lat' dir='ltr'><strong>liam</strong></span> <span class='ocrx_word' id='word_1_251' title='bbox 2147 1785 2176 1822; x_wconf 88' lang='lat' dir='ltr'><strong>a</strong></span> <span class='ocrx_word' id='word_1_252' title='bbox 2206 1767 2412 1821; x_wconf 85' lang='lat' dir='ltr'><strong>sanctis</strong></span> <span class='ocrx_word' id='word_1_253' title='bbox 2441 1764 2697 1818; x_wconf 86' lang='lat' dir='ltr'><strong>Patribus</strong></span> <span class='ocrx_word' id='word_1_254' title='bbox 2732 1763 2930 1832; x_wconf 57' lang='lat' dir='ltr'><strong>sacpius</strong></span> <span class='ocrx_word' id='word_1_255' title='bbox 2964 1761 3230 1830; x_wconf 85' lang='lat' dir='ltr'><strong>reputari,</strong></span> <span class='ocrx_word' id='word_1_256' title='bbox 3265 1770 3323 1813; x_wconf 90' lang='lat' dir='ltr'><strong>ut</strong></span> <span class='ocrx_word' id='word_1_257' title='bbox 3345 1768 3570 1814; x_wconf 82' lang='lat' dir='ltr'><strong>sanctus</strong></span> 
     </span>
    </p>
   </div>
   <div class='ocr_carea' id='block_1_36' title="bbox 298 1852 1882 1928">
    <p class='ocr_par' dir='ltr' id='par_1_36' title="bbox 298 1852 1882 1928">
     <span class='ocr_line' id='line_1_36' title="bbox 298 1852 1882 1928; baseline 0.002 -26"><span class='ocrx_word' id='word_1_258' title='bbox 298 1875 412 1925; x_wconf 76' lang='grc' dir='ltr'>ται,</span> <span class='ocrx_word' id='word_1_259' title='bbox 429 1859 503 1922; x_wconf 84' lang='grc' dir='ltr'>ὡς</span> <span class='ocrx_word' id='word_1_260' title='bbox 520 1860 611 1912; x_wconf 76' lang='grc' dir='ltr'>καὶ</span> <span class='ocrx_word' id='word_1_261' title='bbox 631 1857 883 1928; x_wconf 77' lang='grc' dir='ltr'>Κυρίλλῳ</span> <span class='ocrx_word' id='word_1_262' title='bbox 899 1857 1045 1909; x_wconf 85' lang='grc' dir='ltr'><strong>δοκεί</strong></span> <span class='ocrx_word' id='word_1_263' title='bbox 1058 1873 1070 1887; x_wconf 74' lang='grc' dir='ltr'><strong>ο</strong></span> <span class='ocrx_word' id='word_1_264' title='bbox 1095 1859 1150 1908; x_wconf 78' lang='grc' dir='ltr'><strong>ὲν</strong></span> <span class='ocrx_word' id='word_1_265' title='bbox 1171 1855 1278 1926; x_wconf 72' lang='grc' dir='ltr'>γὰρ</span> <span class='ocrx_word' id='word_1_266' title='bbox 1294 1854 1370 1925; x_wconf 85' lang='grc' dir='ltr'>τῷ</span> <span class='ocrx_word' id='word_1_267' title='bbox 1392 1853 1438 1923; x_wconf 87' lang='grc' dir='ltr'>γ’</span> <span class='ocrx_word' id='word_1_268' title='bbox 1456 1852 1882 1924; x_wconf 74' lang='grc' dir='ltr'>ἁναθεματισμῷ</span> 
     </span>
    </p>
   </div>
   <div class='ocr_carea' id='block_1_37' title="bbox 303 1945 1884 2020">
    <p class='ocr_par' dir='ltr' id='par_1_37' title="bbox 303 1945 1884 2020">
     <span class='ocr_line' id='line_1_37' title="bbox 303 1945 1884 2020; baseline -0.003 -18"><span class='ocrx_word' id='word_1_269' title='bbox 303 1967 476 2020; x_wconf 78' lang='grc' dir='ltr'>φησιν</span> <span class='ocrx_word' id='word_1_270' title='bbox 503 1964 516 1976; x_wconf 78' lang='grc'><strong><em>⁸</em></strong></span> <span class='ocrx_word' id='word_1_271' title='bbox 576 1948 650 2002; x_wconf 76' lang='lat' dir='ltr'><em>Et</em></span> <span class='ocrx_word' id='word_1_272' title='bbox 695 1964 788 2014; x_wconf 80' lang='grc' dir='ltr'><strong>τις</strong></span> <span class='ocrx_word' id='word_1_273' title='bbox 828 1947 926 2000; x_wconf 71' lang='grc' dir='ltr'><strong>ἐπὶ</strong></span> <span class='ocrx_word' id='word_1_274' title='bbox 957 1946 1064 2001; x_wconf 83' lang='grc' dir='ltr'>τοῦ</span> <span class='ocrx_word' id='word_1_275' title='bbox 1093 1947 1232 2012; x_wconf 75' lang='grc' dir='ltr'><strong>ἐνὸς</strong></span> <span class='ocrx_word' id='word_1_276' title='bbox 1259 1946 1513 2014; x_wconf 75' lang='grc' dir='ltr'>Χριστοῦ</span> <span class='ocrx_word' id='word_1_277' title='bbox 1543 1945 1756 2014; x_wconf 76' lang='grc' dir='ltr'>διαιρεῖ</span> <span class='ocrx_word' id='word_1_278' title='bbox 1779 1946 1884 2010; x_wconf 79' lang='grc' dir='ltr'>τὰς</span> 
     </span>
    </p>
   </div>
   <div class='ocr_carea' id='block_1_38' title="bbox 300 2036 1885 2108">
    <p class='ocr_par' dir='ltr' id='par_1_38' title="bbox 300 2036 1885 2108">
     <span class='ocr_line' id='line_1_38' title="bbox 300 2036 1885 2108; baseline -0.005 -13"><span class='ocrx_word' id='word_1_279' title='bbox 300 2038 677 2104; x_wconf 73' lang='grc' dir='ltr'>ὑποστάσεις</span> <span class='ocrx_word' id='word_1_280' title='bbox 705 2039 854 2108; x_wconf 80' lang='grc' dir='ltr'>μετὰ</span> <span class='ocrx_word' id='word_1_281' title='bbox 884 2037 998 2106; x_wconf 78' lang='grc' dir='ltr'><strong>τὴν</strong></span> <span class='ocrx_word' id='word_1_282' title='bbox 1022 2036 1262 2091; x_wconf 82' lang='grc' dir='ltr'>ἕνωσιν.</span> <span class='ocrx_word' id='word_1_283' title='bbox 1309 2037 1377 2091; x_wconf 84' lang='grc' dir='ltr'><strong>Τὸ</strong></span> <span class='ocrx_word' id='word_1_284' title='bbox 1407 2037 1516 2106; x_wconf 76' lang='grc' dir='ltr'>γὰρ</span> <span class='ocrx_word' id='word_1_285' title='bbox 1547 2036 1885 2105; x_wconf 59' lang='grc' dir='ltr'>ὑφεστηκὸς</span> 
     </span>
    </p>
   </div>
   <div class='ocr_carea' id='block_1_39' title="bbox 300 2129 1883 2202">
    <p class='ocr_par' dir='ltr' id='par_1_39' title="bbox 300 2129 1883 2202">
     <span class='ocr_line' id='line_1_39' title="bbox 300 2129 1883 2202; baseline -0.004 -12"><span class='ocrx_word' id='word_1_286' title='bbox 300 2135 562 2190; x_wconf 79' lang='grc' dir='ltr'>ἐνταῦθα</span> <span class='ocrx_word' id='word_1_287' title='bbox 591 2133 774 2202; x_wconf 76' lang='grc' dir='ltr'>δηλοῖ</span> <span class='ocrx_word' id='word_1_288' title='bbox 798 2133 836 2201; x_wconf 71' lang='grc' dir='ltr'><strong>ἡ</strong></span> <span class='ocrx_word' id='word_1_289' title='bbox 866 2134 1231 2197; x_wconf 74' lang='grc' dir='ltr'>ὑπόστασιςο</span> <span class='ocrx_word' id='word_1_290' title='bbox 1267 2134 1340 2185; x_wconf 86' lang='grc' dir='ltr'>οὺ</span> <span class='ocrx_word' id='word_1_291' title='bbox 1370 2131 1479 2200; x_wconf 76' lang='grc' dir='ltr'>γὰρ</span> <span class='ocrx_word' id='word_1_292' title='bbox 1509 2129 1585 2184; x_wconf 84' lang='grc' dir='ltr'><strong>ἂν</strong></span> <span class='ocrx_word' id='word_1_293' title='bbox 1615 2133 1646 2184; x_wconf 82' lang='grc' dir='ltr'><em>ὁ</em></span> <span class='ocrx_word' id='word_1_294' title='bbox 1671 2130 1883 2199; x_wconf 60' lang='grc' dir='ltr'>θεοφό-</span> 
     </span>
    </p>
   </div>
   <div class='ocr_carea' id='block_1_40' title="bbox 293 2221 1887 2298">
    <p class='ocr_par' dir='ltr' id='par_1_40' title="bbox 293 2221 1887 2298">
     <span class='ocr_line' id='line_1_40' title="bbox 293 2221 1887 2298; baseline -0.003 -18"><span class='ocrx_word' id='word_1_295' title='bbox 293 2241 412 2298; x_wconf 60' lang='lat' dir='ltr'><strong>per;</strong></span> <span class='ocrx_word' id='word_1_296' title='bbox 459 2226 556 2280; x_wconf 79' lang='grc' dir='ltr'><strong>ἐπὶ</strong></span> <span class='ocrx_word' id='word_1_297' title='bbox 599 2225 705 2279; x_wconf 86' lang='grc' dir='ltr'>τοῦ</span> <span class='ocrx_word' id='word_1_298' title='bbox 735 2225 873 2290; x_wconf 77' lang='grc' dir='ltr'><strong>ἐνὸς</strong></span> <span class='ocrx_word' id='word_1_299' title='bbox 902 2223 1160 2293; x_wconf 82' lang='grc' dir='ltr'>Χριστοῦ</span> <span class='ocrx_word' id='word_1_300' title='bbox 1189 2221 1558 2286; x_wconf 76' lang='grc' dir='ltr'>ὑποστάσεις</span> <span class='ocrx_word' id='word_1_301' title='bbox 1588 2221 1887 2291; x_wconf 79' lang='grc' dir='ltr'><strong>ὠνόμαζεν</strong></span> 
     </span>
    </p>
   </div>
   <div class='ocr_carea' id='block_1_41' title="bbox 305 2315 1887 2388">
    <p class='ocr_par' dir='ltr' id='par_1_41' title="bbox 305 2315 1887 2388">
     <span class='ocr_line' id='line_1_41' title="bbox 305 2315 1887 2388; baseline -0.003 -14"><span class='ocrx_word' id='word_1_302' title='bbox 305 2323 341 2374; x_wconf 82' lang='grc' dir='ltr'><em>ὁ</em></span> <span class='ocrx_word' id='word_1_303' title='bbox 372 2319 502 2386; x_wconf 75' lang='grc' dir='ltr'>ταῖς</span> <span class='ocrx_word' id='word_1_304' title='bbox 532 2319 861 2388; x_wconf 78' lang='grc' dir='ltr'>Νεστορίου</span> <span class='ocrx_word' id='word_1_305' title='bbox 883 2316 1306 2386; x_wconf 57' lang='grc' dir='ltr'>βλασφημίαις</span> <span class='ocrx_word' id='word_1_306' title='bbox 1337 2316 1430 2371; x_wconf 79' lang='grc' dir='ltr'><strong>ἀεὶ</strong></span> <span class='ocrx_word' id='word_1_307' title='bbox 1465 2315 1777 2384; x_wconf 77' lang='grc' dir='ltr'>πολεμῶν,</span> <span class='ocrx_word' id='word_1_308' title='bbox 1833 2317 1887 2370; x_wconf 81' lang='grc' dir='ltr'>εὶ</span> 
     </span>
    </p>
   </div>
   <div class='ocr_carea' id='block_1_42' title="bbox 299 2398 1888 2479">
    <p class='ocr_par' dir='ltr' id='par_1_42' title="bbox 299 2398 1888 2479">
     <span class='ocr_line' id='line_1_42' title="bbox 299 2398 1888 2479; baseline -0.004 -17"><span class='ocrx_word' id='word_1_309' title='bbox 299 2409 388 2479; x_wconf 75' lang='grc' dir='ltr'><strong>μὴ</strong></span> <span class='ocrx_word' id='word_1_310' title='bbox 419 2410 550 2464; x_wconf 76' lang='grc' dir='ltr'><strong>ἀντὶ</strong></span> <span class='ocrx_word' id='word_1_311' title='bbox 578 2407 806 2469; x_wconf 74' lang='grc' dir='ltr'>οὐσιῶν</span> <span class='ocrx_word' id='word_1_312' title='bbox 833 2398 1020 2472; x_wconf 69' lang='grc' dir='ltr'>αὐτὸς</span> <span class='ocrx_word' id='word_1_313' title='bbox 1048 2406 1310 2478; x_wconf 78' lang='grc' dir='ltr'>ἐδέχετο.</span> <span class='ocrx_word' id='word_1_314' title='bbox 1328 2406 1560 2478; x_wconf 77' lang='grc' dir='ltr'><strong>Ὁμοίως</strong></span> <span class='ocrx_word' id='word_1_315' title='bbox 1585 2405 1888 2472; x_wconf 79' lang='grc' dir='ltr'>καὶόᾶγιος</span> 
     </span>
    </p>
   </div>
   <div class='ocr_carea' id='block_1_43' title="bbox 309 2496 1890 2571">
    <p class='ocr_par' dir='ltr' id='par_1_43' title="bbox 309 2496 1890 2571">
     <span class='ocr_line' id='line_1_43' title="bbox 309 2496 1890 2571; baseline -0.004 -16"><span class='ocrx_word' id='word_1_316' title='bbox 309 2499 627 2564; x_wconf 82' lang='grc' dir='ltr'>Ἀθανάσιος</span> <span class='ocrx_word' id='word_1_317' title='bbox 657 2503 715 2553; x_wconf 79' lang='grc' dir='ltr'><strong>ἐν</strong></span> <span class='ocrx_word' id='word_1_318' title='bbox 742 2503 804 2571; x_wconf 82' lang='grc' dir='ltr'>τῇ</span> <span class='ocrx_word' id='word_1_319' title='bbox 839 2499 972 2568; x_wconf 62' lang='grc' dir='ltr'>προς</span> <span class='ocrx_word' id='word_1_320' title='bbox 990 2501 1231 2570; x_wconf 79' lang='grc' dir='ltr'>Ἀφρους</span> <span class='ocrx_word' id='word_1_321' title='bbox 1257 2498 1514 2567; x_wconf 78' lang='grc' dir='ltr'>ἐπιστολῇ</span> <span class='ocrx_word' id='word_1_322' title='bbox 1540 2513 1722 2568; x_wconf 77' lang='grc' dir='ltr'>φησιν·</span> <span class='ocrx_word' id='word_1_323' title='bbox 1741 2498 1802 2552; x_wconf 85' lang='grc' dir='ltr'><em>Ἠ</em></span> <span class='ocrx_word' id='word_1_324' title='bbox 1821 2496 1890 2550; x_wconf 79' lang='grc' dir='ltr'><strong>δὲ</strong></span> 
     </span>
    </p>
   </div>
   <div class='ocr_carea' id='block_1_44' title="bbox 303 2586 1891 2656">
    <p class='ocr_par' dir='ltr' id='par_1_44' title="bbox 303 2586 1891 2656">
     <span class='ocr_line' id='line_1_44' title="bbox 303 2586 1891 2656; baseline -0.004 -10"><span class='ocrx_word' id='word_1_325' title='bbox 303 2593 650 2656; x_wconf 78' lang='grc' dir='ltr'>ὑπόστασις</span> <span class='ocrx_word' id='word_1_326' title='bbox 686 2590 868 2644; x_wconf 80' lang='grc' dir='ltr'>οὐσία</span> <span class='ocrx_word' id='word_1_327' title='bbox 892 2588 1025 2642; x_wconf 74' lang='grc' dir='ltr'>ἐστὶ</span> <span class='ocrx_word' id='word_1_328' title='bbox 1046 2630 1057 2650; x_wconf 88' lang='grc'><strong><em>.</em></strong></span> <span class='ocrx_word' id='word_1_329' title='bbox 1078 2587 1185 2644; x_wconf 77' lang='grc' dir='ltr'><strong>Καὶ</strong></span> <span class='ocrx_word' id='word_1_330' title='bbox 1213 2586 1396 2641; x_wconf 80' lang='grc' dir='ltr'>οὐδὲν</span> <span class='ocrx_word' id='word_1_331' title='bbox 1418 2587 1571 2640; x_wconf 68' lang='grc' dir='ltr'>ἄλλο</span> <span class='ocrx_word' id='word_1_332' title='bbox 1598 2587 1891 2655; x_wconf 78' lang='grc' dir='ltr'>σημαινό-</span> 
     </span>
    </p>
   </div>
   <div class='ocr_carea' id='block_1_45' title="bbox 302 2673 1892 2752">
    <p class='ocr_par' dir='ltr' id='par_1_45' title="bbox 302 2673 1892 2752">
     <span class='ocr_line' id='line_1_45' title="bbox 302 2673 1892 2752; baseline -0.004 -17"><span class='ocrx_word' id='word_1_333' title='bbox 302 2697 497 2752; x_wconf 74' lang='grc' dir='ltr'>μενον</span> <span class='ocrx_word' id='word_1_334' title='bbox 517 2679 662 2750; x_wconf 80' lang='grc' dir='ltr'>ἔχει,</span> <span class='ocrx_word' id='word_1_335' title='bbox 695 2679 732 2746; x_wconf 80' lang='grc' dir='ltr'>ἢ</span> <span class='ocrx_word' id='word_1_336' title='bbox 757 2681 905 2732; x_wconf 72' lang='grc' dir='ltr'>αὐτὸ</span> <span class='ocrx_word' id='word_1_337' title='bbox 932 2679 998 2732; x_wconf 83' lang='grc' dir='ltr'>τὸ</span> <span class='ocrx_word' id='word_1_338' title='bbox 1025 2679 1114 2732; x_wconf 59' lang='grc' dir='ltr'><strong>ὄνέ</strong></span> <span class='ocrx_word' id='word_1_339' title='bbox 1146 2679 1282 2748; x_wconf 80' lang='grc' dir='ltr'>ὅπερ</span> <span class='ocrx_word' id='word_1_340' title='bbox 1309 2677 1338 2729; x_wconf 87' lang='grc' dir='ltr'>ὁ</span> <span class='ocrx_word' id='word_1_341' title='bbox 1369 2673 1638 2748; x_wconf 82' lang='grc' dir='ltr'>Ἱερεμίας</span> <span class='ocrx_word' id='word_1_342' title='bbox 1661 2675 1892 2747; x_wconf 79' lang='grc' dir='ltr'>ὓπαρξιν</span> 
     </span>
    </p>
   </div>
   <div class='ocr_carea' id='block_1_46' title="bbox 309 2767 1896 2847">
    <p class='ocr_par' dir='ltr' id='par_1_46' title="bbox 309 2767 1896 2847">
     <span class='ocr_line' id='line_1_46' title="bbox 309 2767 1896 2847; baseline -0.004 -21"><span class='ocrx_word' id='word_1_343' title='bbox 309 2773 567 2847; x_wconf 74' lang='grc' dir='ltr'><strong>ὀνομάζει</strong></span> <span class='ocrx_word' id='word_1_344' title='bbox 610 2771 818 2839; x_wconf 79' lang='grc' dir='ltr'>λέγων·</span> <span class='ocrx_word' id='word_1_345' title='bbox 855 2769 964 2824; x_wconf 74' lang='grc' dir='ltr'><strong>Καὶ</strong></span> <span class='ocrx_word' id='word_1_346' title='bbox 1005 2771 1117 2823; x_wconf 86' lang='grc' dir='ltr'><strong>οὐκ</strong></span> <span class='ocrx_word' id='word_1_347' title='bbox 1153 2767 1429 2838; x_wconf 76' lang='grc' dir='ltr'>ἥκουσαν</span> <span class='ocrx_word' id='word_1_348' title='bbox 1465 2767 1679 2838; x_wconf 69' lang='grc' dir='ltr'><em>φωνὴν</em></span> <span class='ocrx_word' id='word_1_349' title='bbox 1711 2767 1896 2837; x_wconf 78' lang='grc' dir='ltr'>ὑπάρ-</span> 
     </span>
    </p>
   </div>
   <div class='ocr_carea' id='block_1_47' title="bbox 310 2857 1889 2933">
    <p class='ocr_par' dir='ltr' id='par_1_47' title="bbox 310 2857 1889 2933">
     <span class='ocr_line' id='line_1_47' title="bbox 310 2857 1889 2933; baseline -0.004 -16"><span class='ocrx_word' id='word_1_350' title='bbox 310 2859 461 2930; x_wconf 73' lang='grc' dir='ltr'>ξεως</span> <span class='ocrx_word' id='word_1_351' title='bbox 482 2879 498 2893; x_wconf 87' lang='grc'><strong>·</strong></span> <span class='ocrx_word' id='word_1_352' title='bbox 543 2862 577 2933; x_wconf 80' lang='grc' dir='ltr'><strong>ἡ</strong></span> <span class='ocrx_word' id='word_1_353' title='bbox 608 2863 717 2931; x_wconf 83' lang='grc' dir='ltr'>γὰρ</span> <span class='ocrx_word' id='word_1_354' title='bbox 745 2861 1043 2925; x_wconf 79' lang='grc' dir='ltr'>ὑπόστασις</span> <span class='ocrx_word' id='word_1_355' title='bbox 1071 2861 1166 2914; x_wconf 76' lang='grc' dir='ltr'><strong>καὶ</strong></span> <span class='ocrx_word' id='word_1_356' title='bbox 1192 2861 1224 2930; x_wconf 85' lang='grc' dir='ltr'><strong>ἡ</strong></span> <span class='ocrx_word' id='word_1_357' title='bbox 1251 2860 1410 2913; x_wconf 84' lang='grc' dir='ltr'>οὐσία</span> <span class='ocrx_word' id='word_1_358' title='bbox 1452 2857 1691 2928; x_wconf 77' lang='grc' dir='ltr'>ὑπαρξῐς</span> <span class='ocrx_word' id='word_1_359' title='bbox 1722 2860 1889 2912; x_wconf 69' lang='grc' dir='ltr'>ἔστιν’</span> 
     </span>
    </p>
   </div>
   <div class='ocr_carea' id='block_1_48' title="bbox 311 2945 1897 3025">
    <p class='ocr_par' dir='ltr' id='par_1_48' title="bbox 311 2945 1897 3025">
     <span class='ocr_line' id='line_1_48' title="bbox 311 2945 1897 3025; baseline -0.003 -18"><span class='ocrx_word' id='word_1_360' title='bbox 311 2954 428 3008; x_wconf 72' lang='grc' dir='ltr'>εστι</span> <span class='ocrx_word' id='word_1_361' title='bbox 483 2954 587 3025; x_wconf 84' lang='grc' dir='ltr'>γὰρ</span> <span class='ocrx_word' id='word_1_362' title='bbox 654 2952 749 3006; x_wconf 71' lang='grc' dir='ltr'><strong>καὶ</strong></span> <span class='ocrx_word' id='word_1_363' title='bbox 804 2951 1059 3021; x_wconf 83' lang='grc' dir='ltr'>ὑπάρχει.</span> <span class='ocrx_word' id='word_1_364' title='bbox 1117 2951 1181 3004; x_wconf 77' lang='lat' dir='ltr'><strong>Et</strong></span> <span class='ocrx_word' id='word_1_365' title='bbox 1223 2945 1314 3003; x_wconf 78' lang='grc' dir='ltr'>οὖν</span> <span class='ocrx_word' id='word_1_366' title='bbox 1364 2966 1446 3013; x_wconf 88' lang='grc' dir='ltr'><strong>τις</strong></span> <span class='ocrx_word' id='word_1_367' title='bbox 1501 2949 1897 3012; x_wconf 80' lang='grc' dir='ltr'>ἑνυποστάτους</span> 
     </span>
    </p>
   </div>
   <div class='ocr_carea' id='block_1_49' title="bbox 313 3037 1895 3108">
    <p class='ocr_par' dir='ltr' id='par_1_49' title="bbox 313 3037 1895 3108">
     <span class='ocr_line' id='line_1_49' title="bbox 313 3037 1895 3108; baseline -0.003 -9"><span class='ocrx_word' id='word_1_368' title='bbox 313 3044 458 3099; x_wconf 77' lang='grc' dir='ltr'>κατᾶ</span> <span class='ocrx_word' id='word_1_369' title='bbox 487 3045 675 3098; x_wconf 81' lang='grc' dir='ltr'>τοῦτον</span> <span class='ocrx_word' id='word_1_370' title='bbox 702 3043 794 3097; x_wconf 81' lang='grc' dir='ltr'>τὸν</span> <span class='ocrx_word' id='word_1_371' title='bbox 822 3041 980 3108; x_wconf 81' lang='grc' dir='ltr'>λόγον</span> <span class='ocrx_word' id='word_1_372' title='bbox 1010 3041 1158 3096; x_wconf 83' lang='grc' dir='ltr'>εἴποι</span> <span class='ocrx_word' id='word_1_373' title='bbox 1187 3041 1287 3104; x_wconf 78' lang='grc' dir='ltr'><strong>τὰς</strong></span> <span class='ocrx_word' id='word_1_374' title='bbox 1311 3041 1519 3105; x_wconf 84' lang='grc' dir='ltr'>οὐσίας,</span> <span class='ocrx_word' id='word_1_375' title='bbox 1558 3037 1586 3093; x_wconf 78' lang='grc' dir='ltr'><strong>ὃ</strong></span> <span class='ocrx_word' id='word_1_376' title='bbox 1616 3041 1764 3094; x_wconf 75' lang='grc' dir='ltr'>ἐστιν</span> <span class='ocrx_word' id='word_1_377' title='bbox 1789 3041 1895 3094; x_wconf 88' lang='grc' dir='ltr'>ὑπ-</span> 
     </span>
    </p>
   </div>
   <div class='ocr_carea' id='block_1_50' title="bbox 312 3131 1896 3208">
    <p class='ocr_par' dir='ltr' id='par_1_50' title="bbox 312 3131 1896 3208">
     <span class='ocr_line' id='line_1_50' title="bbox 312 3131 1896 3208; baseline -0.004 -18"><span class='ocrx_word' id='word_1_378' title='bbox 312 3135 612 3208; x_wconf 75' lang='grc' dir='ltr'>αρχούσας,</span> <span class='ocrx_word' id='word_1_379' title='bbox 639 3133 760 3187; x_wconf 75' lang='grc' dir='ltr'>οὐδὲ</span> <span class='ocrx_word' id='word_1_380' title='bbox 787 3135 950 3205; x_wconf 80' lang='grc' dir='ltr'>ἡμεῖς</span> <span class='ocrx_word' id='word_1_381' title='bbox 974 3133 1346 3205; x_wconf 84' lang='grc' dir='ltr'><strong>ἀρνηθείημεν</strong></span> <span class='ocrx_word' id='word_1_382' title='bbox 1363 3149 1376 3162; x_wconf 72' lang='grc' dir='ltr'><strong><em>ο</em></strong></span> <span class='ocrx_word' id='word_1_383' title='bbox 1409 3135 1443 3200; x_wconf 80' lang='grc' dir='ltr'><strong>ἠ</strong></span> <span class='ocrx_word' id='word_1_384' title='bbox 1468 3131 1576 3201; x_wconf 73' lang='grc' dir='ltr'>γὰρ</span> <span class='ocrx_word' id='word_1_385' title='bbox 1600 3132 1896 3195; x_wconf 80' lang='grc' dir='ltr'>ὑπόστασις</span> 
     </span>
    </p>
   </div>
   <div class='ocr_carea' id='block_1_51' title="bbox 316 3222 1897 3300">
    <p class='ocr_par' dir='ltr' id='par_1_51' title="bbox 316 3222 1897 3300">
     <span class='ocr_line' id='line_1_51' title="bbox 316 3222 1897 3300; baseline -0.003 -17"><span class='ocrx_word' id='word_1_386' title='bbox 316 3229 455 3300; x_wconf 72' lang='grc' dir='ltr'>πρὸς</span> <span class='ocrx_word' id='word_1_387' title='bbox 486 3228 581 3299; x_wconf 81' lang='grc' dir='ltr'>τὴν</span> <span class='ocrx_word' id='word_1_388' title='bbox 611 3228 800 3281; x_wconf 81' lang='grc' dir='ltr'>οὐσίαν</span> <span class='ocrx_word' id='word_1_389' title='bbox 836 3226 914 3298; x_wconf 80' lang='grc' dir='ltr'>τῷ</span> <span class='ocrx_word' id='word_1_390' title='bbox 941 3222 1080 3280; x_wconf 81' lang='grc' dir='ltr'>εἶναι</span> <span class='ocrx_word' id='word_1_391' title='bbox 1113 3227 1214 3297; x_wconf 83' lang='grc' dir='ltr'><strong>μέν</strong></span> <span class='ocrx_word' id='word_1_392' title='bbox 1238 3243 1292 3279; x_wconf 86' lang='grc' dir='ltr'><strong>τι</strong></span> <span class='ocrx_word' id='word_1_393' title='bbox 1328 3225 1388 3278; x_wconf 91' lang='grc' dir='ltr'><strong>οὑ</strong></span> <span class='ocrx_word' id='word_1_394' title='bbox 1417 3225 1666 3295; x_wconf 76' lang='grc' dir='ltr'>διαφέρει</span> <span class='ocrx_word' id='word_1_395' title='bbox 1691 3265 1707 3287; x_wconf 91' lang='grc'><strong>,</strong></span> <span class='ocrx_word' id='word_1_396' title='bbox 1761 3225 1897 3278; x_wconf 79' lang='grc' dir='ltr'>ἀλλὰ</span> 
     </span>
    </p>
   </div>
   <div class='ocr_carea' id='block_1_52' title="bbox 312 3315 1896 3394">
    <p class='ocr_par' dir='ltr' id='par_1_52' title="bbox 312 3315 1896 3394">
     <span class='ocr_line' id='line_1_52' title="bbox 312 3315 1896 3394; baseline -0.008 -14"><span class='ocrx_word' id='word_1_397' title='bbox 312 3324 395 3394; x_wconf 76' lang='grc' dir='ltr'>τῷ</span> <span class='ocrx_word' id='word_1_398' title='bbox 428 3323 529 3390; x_wconf 81' lang='grc' dir='ltr'><strong>τὴν</strong></span> <span class='ocrx_word' id='word_1_399' title='bbox 561 3322 659 3392; x_wconf 82' lang='grc' dir='ltr'><strong>μὲν</strong></span> <span class='ocrx_word' id='word_1_400' title='bbox 693 3320 886 3384; x_wconf 78' lang='grc' dir='ltr'>κοινῶς</span> <span class='ocrx_word' id='word_1_401' title='bbox 919 3315 1057 3374; x_wconf 80' lang='grc' dir='ltr'>εἶναι</span> <span class='ocrx_word' id='word_1_402' title='bbox 1077 3359 1093 3384; x_wconf 85' lang='grc'><strong>,</strong></span> <span class='ocrx_word' id='word_1_403' title='bbox 1133 3318 1278 3388; x_wconf 67' lang='grc' dir='ltr'><strong>φημὶ</strong></span> <span class='ocrx_word' id='word_1_404' title='bbox 1306 3317 1363 3370; x_wconf 76' lang='grc' dir='ltr'><strong>δὲ</strong></span> <span class='ocrx_word' id='word_1_405' title='bbox 1390 3318 1490 3386; x_wconf 83' lang='grc' dir='ltr'><strong>τὴν</strong></span> <span class='ocrx_word' id='word_1_406' title='bbox 1518 3316 1709 3370; x_wconf 84' lang='grc' dir='ltr'>οὐσίαν</span> <span class='ocrx_word' id='word_1_407' title='bbox 1731 3331 1744 3345; x_wconf 89' lang='grc'><strong>·</strong></span> <span class='ocrx_word' id='word_1_408' title='bbox 1797 3317 1896 3388; x_wconf 78' lang='grc' dir='ltr'><strong>τὴν</strong></span> 
     </span>
    </p>
   </div>
   <div class='ocr_carea' id='block_1_53' title="bbox 314 3409 1900 3481">
    <p class='ocr_par' dir='ltr' id='par_1_53' title="bbox 314 3409 1900 3481">
     <span class='ocr_line' id='line_1_53' title="bbox 314 3409 1900 3481; baseline -0.008 -6"><span class='ocrx_word' id='word_1_409' title='bbox 314 3418 374 3475; x_wconf 80' lang='grc' dir='ltr'><strong>δ’</strong></span> <span class='ocrx_word' id='word_1_410' title='bbox 411 3416 709 3480; x_wconf 72' lang='grc' dir='ltr'>ὑπόστασιν</span> <span class='ocrx_word' id='word_1_411' title='bbox 764 3413 970 3478; x_wconf 78' lang='grc' dir='ltr'>ιδικῶς,</span> <span class='ocrx_word' id='word_1_412' title='bbox 1004 3413 1134 3465; x_wconf 78' lang='grc' dir='ltr'>ὅταν</span> <span class='ocrx_word' id='word_1_413' title='bbox 1183 3411 1321 3481; x_wconf 85' lang='grc' dir='ltr'>μετὰ</span> <span class='ocrx_word' id='word_1_414' title='bbox 1366 3409 1474 3461; x_wconf 84' lang='grc' dir='ltr'><strong>τῶν</strong></span> <span class='ocrx_word' id='word_1_415' title='bbox 1520 3409 1752 3462; x_wconf 78' lang='grc' dir='ltr'>καθόλου</span> <span class='ocrx_word' id='word_1_416' title='bbox 1807 3410 1900 3462; x_wconf 74' lang='grc' dir='ltr'><strong>καὶ</strong></span> 
     </span>
    </p>
   </div>
   <div class='ocr_carea' id='block_1_54' title="bbox 321 3497 1900 3576">
    <p class='ocr_par' dir='ltr' id='par_1_54' title="bbox 321 3497 1900 3576">
     <span class='ocr_line' id='line_1_54' title="bbox 321 3497 1900 3576; baseline -0.008 -11"><span class='ocrx_word' id='word_1_417' title='bbox 321 3508 491 3568; x_wconf 76' lang='grc' dir='ltr'>ὶδικόν</span> <span class='ocrx_word' id='word_1_418' title='bbox 528 3525 578 3561; x_wconf 87' lang='grc' dir='ltr'><strong>τι</strong></span> <span class='ocrx_word' id='word_1_419' title='bbox 602 3505 735 3576; x_wconf 76' lang='grc' dir='ltr'>ἔχοι.</span> <span class='ocrx_word' id='word_1_420' title='bbox 770 3505 843 3558; x_wconf 87' lang='grc' dir='ltr'>Οὐ</span> <span class='ocrx_word' id='word_1_421' title='bbox 873 3503 1015 3557; x_wconf 70' lang='grc' dir='ltr'>κατὰ</span> <span class='ocrx_word' id='word_1_422' title='bbox 1037 3509 1194 3561; x_wconf 75' lang='grc' dir='ltr'>τοῦτο</span> <span class='ocrx_word' id='word_1_423' title='bbox 1217 3497 1310 3555; x_wconf 81' lang='grc' dir='ltr'>οὖν</span> <span class='ocrx_word' id='word_1_424' title='bbox 1337 3517 1521 3571; x_wconf 69' lang='grc' dir='ltr'>φαμεν</span> <span class='ocrx_word' id='word_1_425' title='bbox 1575 3499 1674 3570; x_wconf 77' lang='grc' dir='ltr'>τὴν</span> <span class='ocrx_word' id='word_1_426' title='bbox 1707 3501 1900 3570; x_wconf 79' lang='grc' dir='ltr'><strong>ἡμετέ-</strong></span> 
     </span>
    </p>
   </div>
   <div class='ocr_carea' id='block_1_55' title="bbox 325 3585 1897 3672">
    <p class='ocr_par' dir='ltr' id='par_1_55' title="bbox 325 3585 1897 3672">
     <span class='ocr_line' id='line_1_55' title="bbox 325 3585 1897 3672; baseline -0.007 -18"><span class='ocrx_word' id='word_1_427' title='bbox 325 3618 424 3672; x_wconf 83' lang='grc' dir='ltr'><strong>ραν</strong></span> <span class='ocrx_word' id='word_1_428' title='bbox 457 3601 514 3654; x_wconf 84' lang='grc' dir='ltr'>ὲν</span> <span class='ocrx_word' id='word_1_429' title='bbox 542 3598 763 3670; x_wconf 80' lang='grc' dir='ltr'>Χριστῷ</span> <span class='ocrx_word' id='word_1_430' title='bbox 793 3594 984 3649; x_wconf 83' lang='grc' dir='ltr'>οὐσίαν</span> <span class='ocrx_word' id='word_1_431' title='bbox 1017 3592 1376 3652; x_wconf 78' lang='grc' dir='ltr'>ὲνυπόστατον</span> <span class='ocrx_word' id='word_1_432' title='bbox 1402 3585 1540 3644; x_wconf 76' lang='grc' dir='ltr'>εἶναι</span> <span class='ocrx_word' id='word_1_433' title='bbox 1565 3631 1579 3656; x_wconf 88' lang='grc'><strong>,</strong></span> <span class='ocrx_word' id='word_1_434' title='bbox 1616 3587 1728 3642; x_wconf 78' lang='grc' dir='ltr'>οἷον</span> <span class='ocrx_word' id='word_1_435' title='bbox 1763 3590 1897 3644; x_wconf 85' lang='grc' dir='ltr'>ὑπό-</span> 
     </span>
    </p>
   </div>
   <div class='ocr_carea' id='block_1_56' title="bbox 326 3683 1899 3758">
    <p class='ocr_par' dir='ltr' id='par_1_56' title="bbox 326 3683 1899 3758">
     <span class='ocr_line' id='line_1_56' title="bbox 326 3683 1899 3758; baseline -0.006 -14"><span class='ocrx_word' id='word_1_436' title='bbox 326 3708 515 3744; x_wconf 87' lang='grc' dir='ltr'>στασιν</span> <span class='ocrx_word' id='word_1_437' title='bbox 559 3689 682 3743; x_wconf 77' lang='grc' dir='ltr'>καθ’</span> <span class='ocrx_word' id='word_1_438' title='bbox 717 3688 917 3757; x_wconf 76' lang='grc' dir='ltr'>ἑαυτὴν</span> <span class='ocrx_word' id='word_1_439' title='bbox 949 3683 1454 3758; x_wconf 80' lang='grc' dir='ltr'>χαρακτηριστικὴν</span> <span class='ocrx_word' id='word_1_440' title='bbox 1486 3684 1580 3735; x_wconf 74' lang='grc' dir='ltr'><strong>καὶ</strong></span> <span class='ocrx_word' id='word_1_441' title='bbox 1608 3683 1899 3752; x_wconf 76' lang='grc' dir='ltr'>πρόσωπον</span> 
     </span>
    </p>
   </div>
   <div class='ocr_carea' id='block_1_57' title="bbox 322 3775 1901 3847">
    <p class='ocr_par' dir='ltr' id='par_1_57' title="bbox 322 3775 1901 3847">
     <span class='ocr_line' id='line_1_57' title="bbox 322 3775 1901 3847; baseline -0.008 -8"><span class='ocrx_word' id='word_1_442' title='bbox 322 3779 491 3839; x_wconf 78' lang='grc' dir='ltr'>οὖσαν</span> <span class='ocrx_word' id='word_1_443' title='bbox 515 3824 529 3847; x_wconf 94' lang='grc'><strong>,</strong></span> <span class='ocrx_word' id='word_1_444' title='bbox 585 3782 722 3835; x_wconf 77' lang='grc' dir='ltr'>ἀλλὰ</span> <span class='ocrx_word' id='word_1_445' title='bbox 772 3780 894 3834; x_wconf 78' lang='grc' dir='ltr'>καθ’</span> <span class='ocrx_word' id='word_1_446' title='bbox 920 3779 948 3832; x_wconf 85' lang='grc' dir='ltr'>ὃ</span> <span class='ocrx_word' id='word_1_447' title='bbox 984 3777 1288 3846; x_wconf 66' lang='grc' dir='ltr'>ὑφέστηκεν</span> <span class='ocrx_word' id='word_1_448' title='bbox 1315 3792 1373 3838; x_wconf 81' lang='grc' dir='ltr'><strong>τε</strong></span> <span class='ocrx_word' id='word_1_449' title='bbox 1405 3777 1498 3829; x_wconf 68' lang='grc' dir='ltr'><strong>καὶ</strong></span> <span class='ocrx_word' id='word_1_450' title='bbox 1524 3775 1638 3828; x_wconf 79' lang='grc' dir='ltr'>ἐστι</span> <span class='ocrx_word' id='word_1_451' title='bbox 1659 3790 1676 3807; x_wconf 77' lang='grc' dir='ltr'><strong>ο</strong></span> <span class='ocrx_word' id='word_1_452' title='bbox 1729 3776 1901 3828; x_wconf 71' lang='grc' dir='ltr'>ἐνίοτε</span> 
     </span>
    </p>
   </div>
   <div class='ocr_carea' id='block_1_58' title="bbox 325 3869 1904 3948">
    <p class='ocr_par' dir='ltr' id='par_1_58' title="bbox 325 3869 1904 3948">
     <span class='ocr_line' id='line_1_58' title="bbox 325 3869 1904 3948; baseline -0.005 -19"><span class='ocrx_word' id='word_1_453' title='bbox 325 3877 436 3948; x_wconf 66' lang='grc' dir='ltr'><strong>γὰρ</strong></span> <span class='ocrx_word' id='word_1_454' title='bbox 451 3875 511 3929; x_wconf 79' lang='grc' dir='ltr'><strong>τὸ</strong></span> <span class='ocrx_word' id='word_1_455' title='bbox 539 3873 904 3945; x_wconf 80' lang='grc' dir='ltr'>ὑφεστηκέναι</span> <span class='ocrx_word' id='word_1_456' title='bbox 929 3871 1124 3943; x_wconf 80' lang='grc' dir='ltr'><strong>δηλοίή</strong></span> <span class='ocrx_word' id='word_1_457' title='bbox 1153 3871 1475 3934; x_wconf 83' lang='grc' dir='ltr'>ὑπόστασις,</span> <span class='ocrx_word' id='word_1_458' title='bbox 1497 3870 1526 3922; x_wconf 85' lang='grc' dir='ltr'><strong>ὃ</strong></span> <span class='ocrx_word' id='word_1_459' title='bbox 1549 3871 1698 3921; x_wconf 74' lang='grc' dir='ltr'>ἐστιν</span> <span class='ocrx_word' id='word_1_460' title='bbox 1725 3869 1904 3932; x_wconf 85' lang='grc' dir='ltr'>οὐσία,</span> 
     </span>
    </p>
   </div>
   <div class='ocr_carea' id='block_1_59' title="bbox 322 3961 1908 4032">
    <p class='ocr_par' dir='ltr' id='par_1_59' title="bbox 322 3961 1908 4032">
     <span class='ocr_line' id='line_1_59' title="bbox 322 3961 1908 4032; baseline -0.008 -8"><span class='ocrx_word' id='word_1_461' title='bbox 322 3968 400 4031; x_wconf 81' lang='grc' dir='ltr'>ὡς</span> <span class='ocrx_word' id='word_1_462' title='bbox 442 3967 846 4028; x_wconf 76' lang='grc' dir='ltr'>ἀποδέδεικται,</span> <span class='ocrx_word' id='word_1_463' title='bbox 898 3966 1023 4018; x_wconf 80' lang='grc' dir='ltr'>ὅταν</span> <span class='ocrx_word' id='word_1_464' title='bbox 1065 3963 1175 4015; x_wconf 84' lang='grc' dir='ltr'><strong>τῶν</strong></span> <span class='ocrx_word' id='word_1_465' title='bbox 1213 3961 1730 4032; x_wconf 72' lang='grc' dir='ltr'>χαρακτηριστικῶν</span> <span class='ocrx_word' id='word_1_466' title='bbox 1767 3961 1908 4013; x_wconf 75' lang='grc' dir='ltr'>ἰδιω-</span> 
     </span>
    </p>
   </div>
   <div class='ocr_carea' id='block_1_60' title="bbox 327 4052 1900 4130">
    <p class='ocr_par' dir='ltr' id='par_1_60' title="bbox 327 4052 1900 4130">
     <span class='ocr_line' id='line_1_60' title="bbox 327 4052 1900 4130; baseline -0.004 -18"><span class='ocrx_word' id='word_1_467' title='bbox 327 4058 517 4130; x_wconf 77' lang='grc' dir='ltr'>μάτων</span> <span class='ocrx_word' id='word_1_468' title='bbox 550 4059 642 4112; x_wconf 75' lang='grc' dir='ltr'>καὶ</span> <span class='ocrx_word' id='word_1_469' title='bbox 669 4059 798 4127; x_wconf 76' lang='grc' dir='ltr'>περὶ</span> <span class='ocrx_word' id='word_1_470' title='bbox 823 4057 1114 4127; x_wconf 75' lang='grc' dir='ltr'>πρόσωπον</span> <span class='ocrx_word' id='word_1_471' title='bbox 1146 4053 1541 4125; x_wconf 79' lang='grc' dir='ltr'>Θεωρουμένων</span> <span class='ocrx_word' id='word_1_472' title='bbox 1581 4052 1900 4123; x_wconf 72' lang='grc' dir='ltr'>ἐστέρηται.</span> 
     </span>
    </p>
   </div>
   <div class='ocr_carea' id='block_1_61' title="bbox 339 4167 1903 4240">
    <p class='ocr_par' dir='ltr' id='par_1_61' title="bbox 339 4167 1903 4240">
     <span class='ocr_line' id='line_1_61' title="bbox 339 4167 1903 4240; baseline -0.003 -14"><span class='ocrx_word' id='word_1_473' title='bbox 339 4173 441 4238; x_wconf 72' lang='grc' dir='ltr'>ἐκ</span> <span class='ocrx_word' id='word_1_474' title='bbox 473 4171 590 4232; x_wconf 78' lang='grc' dir='ltr'><strong>τῶν</strong></span> <span class='ocrx_word' id='word_1_475' title='bbox 630 4171 926 4240; x_wconf 76' lang='grc' dir='ltr'>Εὑλογίου</span> <span class='ocrx_word' id='word_1_476' title='bbox 983 4169 1327 4239; x_wconf 83' lang='grc' dir='ltr'>Συνηγοριῶν</span> <span class='ocrx_word' id='word_1_477' title='bbox 1384 4168 1516 4237; x_wconf 78' lang='grc' dir='ltr'>περὶ</span> <span class='ocrx_word' id='word_1_478' title='bbox 1562 4167 1670 4224; x_wconf 86' lang='grc' dir='ltr'>τοῦ</span> <span class='ocrx_word' id='word_1_479' title='bbox 1716 4168 1903 4223; x_wconf 82' lang='grc' dir='ltr'>αὐτοῦ</span> 
     </span>
    </p>
   </div>
   <div class='ocr_carea' id='block_1_62' title="bbox 936 4241 1288 4309">
    <p class='ocr_par' dir='ltr' id='par_1_62' title="bbox 936 4241 1288 4309">
     <span class='ocr_line' id='line_1_62' title="bbox 936 4241 1288 4309; baseline 0 -16"><span class='ocrx_word' id='word_1_480' title='bbox 936 4241 1288 4309; x_wconf 56' lang='grc' dir='ltr'>κεφαλαίου.</span> 
     </span>
    </p>
   </div>
   <div class='ocr_carea' id='block_1_63' title="bbox 1988 1851 3556 1934">
    <p class='ocr_par' dir='ltr' id='par_1_63' title="bbox 1988 1851 3556 1934">
     <span class='ocr_line' id='line_1_63' title="bbox 1988 1851 3556 1934; baseline -0.008 -18"><span class='ocrx_word' id='word_1_481' title='bbox 1988 1861 2225 1934; x_wconf 73' lang='lat' dir='ltr'><strong>Cyrillus</strong></span> <span class='ocrx_word' id='word_1_482' title='bbox 2254 1861 2444 1922; x_wconf 87' lang='lat' dir='ltr'><strong>docet;</strong></span> <span class='ocrx_word' id='word_1_483' title='bbox 2487 1858 2540 1910; x_wconf 92' lang='lat' dir='ltr'><strong>in</strong></span> <span class='ocrx_word' id='word_1_484' title='bbox 2586 1857 2693 1911; x_wconf 90' lang='lat' dir='ltr'><strong>isto</strong></span> <span class='ocrx_word' id='word_1_485' title='bbox 2721 1856 2866 1909; x_wconf 90' lang='lat' dir='ltr'><strong>enim</strong></span> <span class='ocrx_word' id='word_1_486' title='bbox 2895 1854 3355 1908; x_wconf 89' lang='lat' dir='ltr'><strong>anathematismo</strong></span> <span class='ocrx_word' id='word_1_487' title='bbox 3386 1851 3556 1906; x_wconf 85' lang='lat' dir='ltr'><strong>dicit:</strong></span> 
     </span>
    </p>
   </div>
   <div class='ocr_carea' id='block_1_64' title="bbox 1989 1943 3567 2022">
    <p class='ocr_par' dir='ltr' id='par_1_64' title="bbox 1989 1943 3567 2022">
     <span class='ocr_line' id='line_1_64' title="bbox 1989 1943 3567 2022; baseline -0.008 -17"><span class='ocrx_word' id='word_1_488' title='bbox 1989 1951 2048 2006; x_wconf 90' lang='lat' dir='ltr'><strong>Si</strong></span> <span class='ocrx_word' id='word_1_489' title='bbox 2077 1953 2192 2022; x_wconf 82' lang='lat' dir='ltr'><strong>quis</strong></span> <span class='ocrx_word' id='word_1_490' title='bbox 2238 1953 2293 2004; x_wconf 84' lang='lat' dir='ltr'><strong>in</strong></span> <span class='ocrx_word' id='word_1_491' title='bbox 2346 1966 2448 2003; x_wconf 83' lang='lat' dir='ltr'><strong>uno</strong></span> <span class='ocrx_word' id='word_1_492' title='bbox 2482 1948 2688 2003; x_wconf 81' lang='lat' dir='ltr'><strong>Christo</strong></span> <span class='ocrx_word' id='word_1_493' title='bbox 2745 1946 3018 2016; x_wconf 81' lang='lat' dir='ltr'><strong>distinguit</strong></span> <span class='ocrx_word' id='word_1_494' title='bbox 3062 1943 3426 1999; x_wconf 83' lang='lat' dir='ltr'><strong>subsistentias</strong></span> <span class='ocrx_word' id='word_1_495' title='bbox 3453 1943 3567 2012; x_wconf 85' lang='lat' dir='ltr'><strong>post</strong></span> 
     </span>
    </p>
   </div>
   <div class='ocr_carea' id='block_1_65' title="bbox 1990 2033 3573 2095">
    <p class='ocr_par' dir='ltr' id='par_1_65' title="bbox 1990 2033 3573 2095">
     <span class='ocr_line' id='line_1_65' title="bbox 1990 2033 3573 2095; baseline -0.007 0"><span class='ocrx_word' id='word_1_496' title='bbox 1990 2045 2259 2095; x_wconf 81' lang='lat' dir='ltr'><strong>unionem.</strong></span> <span class='ocrx_word' id='word_1_497' title='bbox 2295 2039 2504 2093; x_wconf 86' lang='lat' dir='ltr'><strong>Etenim</strong></span> <span class='ocrx_word' id='word_1_498' title='bbox 2541 2038 2901 2091; x_wconf 74' lang='lat' dir='ltr'><strong>exsistentiam</strong></span> <span class='ocrx_word' id='word_1_499' title='bbox 2939 2037 3139 2089; x_wconf 84' lang='lat' dir='ltr'><strong>indicat</strong></span> <span class='ocrx_word' id='word_1_500' title='bbox 3178 2035 3247 2089; x_wconf 71' lang='lat' dir='ltr'><strong>ibi</strong></span> <span class='ocrx_word' id='word_1_501' title='bbox 3287 2033 3573 2088; x_wconf 72' lang='lat' dir='ltr'><strong>subsistet:—</strong></span> 
     </span>
    </p>
   </div>
   <div class='ocr_carea' id='block_1_66' title="bbox 1991 2130 3572 2204">
    <p class='ocr_par' dir='ltr' id='par_1_66' title="bbox 1991 2130 3572 2204">
     <span class='ocr_line' id='line_1_66' title="bbox 1991 2130 3572 2204; baseline -0.005 -14"><span class='ocrx_word' id='word_1_502' title='bbox 1991 2138 2102 2200; x_wconf 86' lang='lat' dir='ltr'><strong>tia;</strong></span> <span class='ocrx_word' id='word_1_503' title='bbox 2135 2151 2238 2188; x_wconf 82' lang='lat' dir='ltr'><strong>non</strong></span> <span class='ocrx_word' id='word_1_504' title='bbox 2284 2135 2422 2188; x_wconf 77' lang='lat' dir='ltr'><strong>enim</strong></span> <span class='ocrx_word' id='word_1_505' title='bbox 2451 2135 2533 2187; x_wconf 83' lang='lat' dir='ltr'><strong>hic</strong></span> <span class='ocrx_word' id='word_1_506' title='bbox 2559 2134 2600 2187; x_wconf 88' lang='grc' dir='ltr'><strong><em>Τ</em></strong></span> <span class='ocrx_word' id='word_1_507' title='bbox 2599 2135 2888 2204; x_wconf 77' lang='lat' dir='ltr'><strong>Iteoplio&#39;rus</strong></span> <span class='ocrx_word' id='word_1_508' title='bbox 2925 2133 2978 2185; x_wconf 82' lang='lat' dir='ltr'><strong>in</strong></span> <span class='ocrx_word' id='word_1_509' title='bbox 3022 2147 3126 2184; x_wconf 86' lang='lat' dir='ltr'><strong>uno</strong></span> <span class='ocrx_word' id='word_1_510' title='bbox 3161 2131 3366 2185; x_wconf 79' lang='lat' dir='ltr'><strong>Christo</strong></span> <span class='ocrx_word' id='word_1_511' title='bbox 3399 2130 3572 2183; x_wconf 48' lang='lat' dir='ltr'><strong>subsi‘</strong></span> 
     </span>
    </p>
   </div>
   <div class='ocr_carea' id='block_1_67' title="bbox 1992 2223 3575 2295">
    <p class='ocr_par' dir='ltr' id='par_1_67' title="bbox 1992 2223 3575 2295">
     <span class='ocr_line' id='line_1_67' title="bbox 1992 2223 3575 2295; baseline -0.006 -12"><span class='ocrx_word' id='word_1_512' title='bbox 1992 2229 2212 2284; x_wconf 82' lang='lat' dir='ltr'><strong>stentias</strong></span> <span class='ocrx_word' id='word_1_513' title='bbox 2235 2235 2464 2281; x_wconf 73' lang='lat' dir='ltr'><strong>vocasset</strong></span> <span class='ocrx_word' id='word_1_514' title='bbox 2499 2225 2726 2281; x_wconf 83' lang='lat' dir='ltr'><strong>Nestorii</strong></span> <span class='ocrx_word' id='word_1_515' title='bbox 2756 2223 3108 2295; x_wconf 73' lang='lat' dir='ltr'><strong>blusphemias</strong></span> <span class='ocrx_word' id='word_1_516' title='bbox 3164 2240 3369 2292; x_wconf 79' lang='lat' dir='ltr'><strong>semper</strong></span> <span class='ocrx_word' id='word_1_517' title='bbox 3398 2223 3575 2292; x_wconf 78' lang='lat' dir='ltr'><strong>impu—</strong></span> 
     </span>
    </p>
   </div>
   <div class='ocr_carea' id='block_1_68' title="bbox 1993 2313 3576 2392">
    <p class='ocr_par' dir='ltr' id='par_1_68' title="bbox 1993 2313 3576 2392">
     <span class='ocr_line' id='line_1_68' title="bbox 1993 2313 3576 2392; baseline -0.006 -17"><span class='ocrx_word' id='word_1_518' title='bbox 1993 2338 2182 2392; x_wconf 83' lang='lat' dir='ltr'><strong>gnans,</strong></span> <span class='ocrx_word' id='word_1_519' title='bbox 2208 2321 2308 2373; x_wconf 83' lang='lat' dir='ltr'><strong>nisi</strong></span> <span class='ocrx_word' id='word_1_520' title='bbox 2332 2336 2430 2389; x_wconf 84' lang='lat' dir='ltr'><strong>pro</strong></span> <span class='ocrx_word' id='word_1_521' title='bbox 2467 2316 2774 2372; x_wconf 78' lang='lat' dir='ltr'><strong>substantiis</strong></span> <span class='ocrx_word' id='word_1_522' title='bbox 2804 2317 2928 2371; x_wconf 79' lang='lat' dir='ltr'><strong>illas</strong></span> <span class='ocrx_word' id='word_1_523' title='bbox 2963 2316 3261 2386; x_wconf 81' lang='lat' dir='ltr'><strong>accepisset.</strong></span> <span class='ocrx_word' id='word_1_524' title='bbox 3304 2313 3576 2368; x_wconf 72' lang='lat' dir='ltr'><strong>Similiter</strong></span> 
     </span>
    </p>
   </div>
   <div class='ocr_carea' id='block_1_69' title="bbox 1992 2405 3572 2476">
    <p class='ocr_par' dir='ltr' id='par_1_69' title="bbox 1992 2405 3572 2476">
     <span class='ocr_line' id='line_1_69' title="bbox 1992 2405 3572 2476; baseline -0.005 -10"><span class='ocrx_word' id='word_1_525' title='bbox 1992 2421 2288 2467; x_wconf 88' lang='lat' dir='ltr'><strong>etsanctus</strong></span> <span class='ocrx_word' id='word_1_526' title='bbox 2302 2411 2634 2467; x_wconf 86' lang='lat' dir='ltr'><strong>Athanasius</strong></span> <span class='ocrx_word' id='word_1_527' title='bbox 2662 2409 2716 2464; x_wconf 91' lang='lat' dir='ltr'><strong>in</strong></span> <span class='ocrx_word' id='word_1_528' title='bbox 2739 2425 2834 2464; x_wconf 90' lang='lat' dir='ltr'><strong>sua</strong></span> <span class='ocrx_word' id='word_1_529' title='bbox 2863 2409 2929 2464; x_wconf 87' lang='lat' dir='ltr'><strong>ad</strong></span> <span class='ocrx_word' id='word_1_530' title='bbox 2963 2409 3120 2462; x_wconf 77' lang='lat' dir='ltr'><strong>Afros</strong></span> <span class='ocrx_word' id='word_1_531' title='bbox 3148 2406 3378 2476; x_wconf 87' lang='lat' dir='ltr'><strong>epistola</strong></span> <span class='ocrx_word' id='word_1_532' title='bbox 3396 2405 3532 2459; x_wconf 92' lang='lat' dir='ltr'><strong>dicit</strong></span> <span class='ocrx_word' id='word_1_533' title='bbox 3557 2419 3572 2469; x_wconf 70' lang='grc' dir='ltr'><strong>ι</strong></span> 
     </span>
    </p>
   </div>
   <div class='ocr_carea' id='block_1_70' title="bbox 1996 2496 3579 2573">
    <p class='ocr_par' dir='ltr' id='par_1_70' title="bbox 1996 2496 3579 2573">
     <span class='ocr_line' id='line_1_70' title="bbox 1996 2496 3579 2573; baseline -0.005 -15"><span class='ocrx_word' id='word_1_534' title='bbox 1996 2502 2346 2558; x_wconf 81' lang='lat' dir='ltr'><strong>Subsistentia</strong></span> <span class='ocrx_word' id='word_1_535' title='bbox 2395 2501 2689 2558; x_wconf 67' lang='lat' dir='ltr'><strong>substantia</strong></span> <span class='ocrx_word' id='word_1_536' title='bbox 2739 2509 2835 2562; x_wconf 84' lang='lat' dir='ltr'><strong>est,</strong></span> <span class='ocrx_word' id='word_1_537' title='bbox 2887 2517 3051 2571; x_wconf 83' lang='lat' dir='ltr'><strong>neque</strong></span> <span class='ocrx_word' id='word_1_538' title='bbox 3085 2499 3250 2553; x_wconf 82' lang='lat' dir='ltr'><strong>aliam</strong></span> <span class='ocrx_word' id='word_1_539' title='bbox 3304 2496 3579 2573; x_wconf 80' lang='lat' dir='ltr'><strong>signiﬁco-</strong></span> 
     </span>
    </p>
   </div>
   <div class='ocr_carea' id='block_1_71' title="bbox 1995 2589 3577 2663">
    <p class='ocr_par' dir='ltr' id='par_1_71' title="bbox 1995 2589 3577 2663">
     <span class='ocr_line' id='line_1_71' title="bbox 1995 2589 3577 2663; baseline -0.003 -16"><span class='ocrx_word' id='word_1_540' title='bbox 1995 2596 2189 2649; x_wconf 87' lang='lat' dir='ltr'><strong>tionem</strong></span> <span class='ocrx_word' id='word_1_541' title='bbox 2235 2595 2406 2657; x_wconf 85' lang='lat' dir='ltr'><strong>habet,</strong></span> <span class='ocrx_word' id='word_1_542' title='bbox 2463 2611 2524 2647; x_wconf 83' lang='lat' dir='ltr'><strong>ac</strong></span> <span class='ocrx_word' id='word_1_543' title='bbox 2575 2594 2745 2663; x_wconf 74' lang='lat' dir='ltr'><strong>ipsum</strong></span> <span class='ocrx_word' id='word_1_544' title='bbox 2798 2610 2918 2655; x_wconf 84' lang='lat' dir='ltr'><strong>ens;</strong></span> <span class='ocrx_word' id='word_1_545' title='bbox 2950 2591 3098 2662; x_wconf 78' lang='lat' dir='ltr'><strong>quod</strong></span> <span class='ocrx_word' id='word_1_546' title='bbox 3132 2590 3400 2646; x_wconf 80' lang='lat' dir='ltr'><strong>Jeremias</strong></span> <span class='ocrx_word' id='word_1_547' title='bbox 3431 2589 3577 2644; x_wconf 53' lang='lat' dir='ltr'><strong>cxsiv</strong></span> 
     </span>
    </p>
   </div>
   <div class='ocr_carea' id='block_1_72' title="bbox 1997 2682 3581 2744">
    <p class='ocr_par' dir='ltr' id='par_1_72' title="bbox 1997 2682 3581 2744">
     <span class='ocr_line' id='line_1_72' title="bbox 1997 2682 3581 2744; baseline -0.008 0"><span class='ocrx_word' id='word_1_548' title='bbox 1997 2688 2254 2744; x_wconf 88' lang='lat' dir='ltr'><strong>stentiam</strong></span> <span class='ocrx_word' id='word_1_549' title='bbox 2273 2696 2426 2742; x_wconf 79' lang='lat' dir='ltr'><strong>vocat</strong></span> <span class='ocrx_word' id='word_1_550' title='bbox 2447 2687 2666 2740; x_wconf 83' lang='lat' dir='ltr'><strong>dicens:</strong></span> <span class='ocrx_word' id='word_1_551' title='bbox 2686 2685 2799 2739; x_wconf 85' lang='lat' dir='ltr'><strong>Non</strong></span> <span class='ocrx_word' id='word_1_552' title='bbox 2822 2684 3106 2738; x_wconf 86' lang='lat' dir='ltr'><strong>audierunt</strong></span> <span class='ocrx_word' id='word_1_553' title='bbox 3125 2698 3297 2737; x_wconf 89' lang='lat' dir='ltr'><strong>vocem</strong></span> <span class='ocrx_word' id='word_1_554' title='bbox 3329 2682 3581 2734; x_wconf 72' lang='lat' dir='ltr'><strong>exsisten-</strong></span> 
     </span>
    </p>
   </div>
   <div class='ocr_carea' id='block_1_73' title="bbox 1997 2773 3580 2838">
    <p class='ocr_par' dir='ltr' id='par_1_73' title="bbox 1997 2773 3580 2838">
     <span class='ocr_line' id='line_1_73' title="bbox 1997 2773 3580 2838; baseline -0.005 -3"><span class='ocrx_word' id='word_1_555' title='bbox 1997 2780 2125 2837; x_wconf 76' lang='lat' dir='ltr'><strong>tite’</strong></span> <span class='ocrx_word' id='word_1_556' title='bbox 2170 2797 2342 2834; x_wconf 89' lang='lat' dir='ltr'><strong>:nam</strong></span> <span class='ocrx_word' id='word_1_557' title='bbox 2395 2779 2751 2835; x_wconf 87' lang='lat' dir='ltr'><strong>subsistentia</strong></span> <span class='ocrx_word' id='word_1_558' title='bbox 2797 2787 2852 2831; x_wconf 91' lang='lat' dir='ltr'><strong>et</strong></span> <span class='ocrx_word' id='word_1_559' title='bbox 2900 2777 3206 2832; x_wconf 83' lang='lat' dir='ltr'><strong>substantia</strong></span> <span class='ocrx_word' id='word_1_560' title='bbox 3258 2773 3580 2838; x_wconf 70' lang='lat' dir='ltr'><strong>exsistentia</strong></span> 
     </span>
    </p>
   </div>
   <div class='ocr_carea' id='block_1_74' title="bbox 1999 2865 3582 2943">
    <p class='ocr_par' dir='ltr' id='par_1_74' title="bbox 1999 2865 3582 2943">
     <span class='ocr_line' id='line_1_74' title="bbox 1999 2865 3582 2943; baseline -0.006 -16"><span class='ocrx_word' id='word_1_561' title='bbox 1999 2881 2166 2937; x_wconf 82' lang='lat' dir='ltr'><strong>sunt;</strong></span> <span class='ocrx_word' id='word_1_562' title='bbox 2197 2881 2327 2927; x_wconf 90' lang='lat' dir='ltr'><strong>sunt</strong></span> <span class='ocrx_word' id='word_1_563' title='bbox 2359 2871 2564 2925; x_wconf 90' lang='lat' dir='ltr'><strong>etenim</strong></span> <span class='ocrx_word' id='word_1_564' title='bbox 2620 2879 2675 2924; x_wconf 88' lang='lat' dir='ltr'><strong>et</strong></span> <span class='ocrx_word' id='word_1_565' title='bbox 2706 2870 3000 2924; x_wconf 89' lang='lat' dir='ltr'><strong>exsistunt.</strong></span> <span class='ocrx_word' id='word_1_566' title='bbox 3042 2867 3096 2921; x_wconf 87' lang='lat' dir='ltr'><strong>Si</strong></span> <span class='ocrx_word' id='word_1_567' title='bbox 3128 2867 3252 2943; x_wconf 85' lang='lat' dir='ltr'><strong>quis</strong></span> <span class='ocrx_word' id='word_1_568' title='bbox 3286 2881 3417 2936; x_wconf 78' lang='lat' dir='ltr'><strong>ergo</strong></span> <span class='ocrx_word' id='word_1_569' title='bbox 3455 2865 3582 2919; x_wconf 80' lang='lat' dir='ltr'><strong>sub-</strong></span> 
     </span>
    </p>
   </div>
   <div class='ocr_carea' id='block_1_75' title="bbox 1999 2961 3583 3018">
    <p class='ocr_par' dir='ltr' id='par_1_75' title="bbox 1999 2961 3583 3018">
     <span class='ocr_line' id='line_1_75' title="bbox 1999 2961 3583 3018; baseline -0.004 0"><span class='ocrx_word' id='word_1_570' title='bbox 1999 2963 2258 3018; x_wconf 88' lang='lat' dir='ltr'><strong>sistentes</strong></span> <span class='ocrx_word' id='word_1_571' title='bbox 2288 2961 2591 3016; x_wconf 88' lang='lat' dir='ltr'><strong>secundum</strong></span> <span class='ocrx_word' id='word_1_572' title='bbox 2627 2962 2770 3016; x_wconf 87' lang='lat' dir='ltr'><strong>hanc</strong></span> <span class='ocrx_word' id='word_1_573' title='bbox 2803 2961 3072 3015; x_wconf 89' lang='lat' dir='ltr'><strong>rationem</strong></span> <span class='ocrx_word' id='word_1_574' title='bbox 3128 2963 3284 3013; x_wconf 77' lang='lat' dir='ltr'><strong>vocat</strong></span> <span class='ocrx_word' id='word_1_575' title='bbox 3329 2961 3583 3013; x_wconf 73' lang='lat' dir='ltr'><strong>substan-</strong></span> 
     </span>
    </p>
   </div>
   <div class='ocr_carea' id='block_1_76' title="bbox 1938 3049 3579 3114">
    <p class='ocr_par' dir='ltr' id='par_1_76' title="bbox 1938 3049 3579 3114">
     <span class='ocr_line' id='line_1_76' title="bbox 1938 3049 3579 3114; baseline -0.004 -7"><span class='ocrx_word' id='word_1_576' title='bbox 1938 3087 1963 3114; x_wconf 64' lang='grc' dir='ltr'><strong>ι,</strong></span> <span class='ocrx_word' id='word_1_577' title='bbox 2003 3053 2126 3112; x_wconf 89' lang='lat' dir='ltr'><strong>tias,</strong></span> <span class='ocrx_word' id='word_1_578' title='bbox 2169 3051 2222 3104; x_wconf 89' lang='lat' dir='ltr'><strong>id</strong></span> <span class='ocrx_word' id='word_1_579' title='bbox 2255 3061 2340 3105; x_wconf 92' lang='lat' dir='ltr'><strong>est</strong></span> <span class='ocrx_word' id='word_1_580' title='bbox 2364 3053 2715 3114; x_wconf 78' lang='lat' dir='ltr'><strong>exsistentes,</strong></span> <span class='ocrx_word' id='word_1_581' title='bbox 2742 3065 2844 3104; x_wconf 91' lang='lat' dir='ltr'><strong>nos</strong></span> <span class='ocrx_word' id='word_1_582' title='bbox 2866 3051 3092 3104; x_wconf 89' lang='lat' dir='ltr'><strong>minime</strong></span> <span class='ocrx_word' id='word_1_583' title='bbox 3108 3049 3579 3104; x_wconf 87' lang='lat' dir='ltr'><strong>contradicemus.</strong></span> 
     </span>
    </p>
   </div>
   <div class='ocr_carea' id='block_1_77' title="bbox 2004 3138 3585 3208">
    <p class='ocr_par' dir='ltr' id='par_1_77' title="bbox 2004 3138 3585 3208">
     <span class='ocr_line' id='line_1_77' title="bbox 2004 3138 3585 3208; baseline -0.004 -11"><span class='ocrx_word' id='word_1_584' title='bbox 2004 3141 2377 3198; x_wconf 82' lang='lat' dir='ltr'><strong>Subsistentia</strong></span> <span class='ocrx_word' id='word_1_585' title='bbox 2399 3141 2548 3195; x_wconf 89' lang='lat' dir='ltr'><strong>enim</strong></span> <span class='ocrx_word' id='word_1_586' title='bbox 2576 3139 2629 3194; x_wconf 90' lang='lat' dir='ltr'><strong>in</strong></span> <span class='ocrx_word' id='word_1_587' title='bbox 2657 3141 2732 3208; x_wconf 70' lang='grc' dir='ltr'>τῷ</span> <span class='ocrx_word' id='word_1_588' title='bbox 2760 3156 2868 3193; x_wconf 82' lang='lat' dir='ltr'><strong>esse</strong></span> <span class='ocrx_word' id='word_1_589' title='bbox 2892 3140 3052 3205; x_wconf 90' lang='lat' dir='ltr'><strong>nihil,</strong></span> <span class='ocrx_word' id='word_1_590' title='bbox 3083 3155 3113 3193; x_wconf 91' lang='lat' dir='ltr'><strong>a</strong></span> <span class='ocrx_word' id='word_1_591' title='bbox 3142 3139 3448 3194; x_wconf 87' lang='lat' dir='ltr'><strong>substantia</strong></span> <span class='ocrx_word' id='word_1_592' title='bbox 3475 3138 3585 3193; x_wconf 82' lang='lat' dir='ltr'><strong>dif—</strong></span> 
     </span>
    </p>
   </div>
   <div class='ocr_carea' id='block_1_78' title="bbox 2002 3231 3586 3298">
    <p class='ocr_par' dir='ltr' id='par_1_78' title="bbox 2002 3231 3586 3298">
     <span class='ocr_line' id='line_1_78' title="bbox 2002 3231 3586 3298; baseline -0.003 -10"><span class='ocrx_word' id='word_1_593' title='bbox 2002 3233 2131 3298; x_wconf 83' lang='lat' dir='ltr'><strong>fert,</strong></span> <span class='ocrx_word' id='word_1_594' title='bbox 2175 3233 2270 3287; x_wconf 90' lang='lat' dir='ltr'><strong>sed</strong></span> <span class='ocrx_word' id='word_1_595' title='bbox 2302 3233 2355 3286; x_wconf 92' lang='lat' dir='ltr'><strong>in</strong></span> <span class='ocrx_word' id='word_1_596' title='bbox 2385 3232 2466 3298; x_wconf 85' lang='grc' dir='ltr'>τῷ</span> <span class='ocrx_word' id='word_1_597' title='bbox 2491 3248 2841 3287; x_wconf 90' lang='lat' dir='ltr'><strong>communem</strong></span> <span class='ocrx_word' id='word_1_598' title='bbox 2888 3249 3017 3295; x_wconf 85' lang='lat' dir='ltr'><strong>esse,</strong></span> <span class='ocrx_word' id='word_1_599' title='bbox 3049 3233 3116 3288; x_wconf 89' lang='lat' dir='ltr'><strong>de</strong></span> <span class='ocrx_word' id='word_1_600' title='bbox 3146 3232 3456 3287; x_wconf 87' lang='lat' dir='ltr'><strong>substantia</strong></span> <span class='ocrx_word' id='word_1_601' title='bbox 3502 3231 3586 3286; x_wconf 90' lang='lat' dir='ltr'><strong>lo-</strong></span> 
     </span>
    </p>
   </div>
   <div class='ocr_carea' id='block_1_79' title="bbox 2003 3324 3589 3395">
    <p class='ocr_par' dir='ltr' id='par_1_79' title="bbox 2003 3324 3589 3395">
     <span class='ocr_line' id='line_1_79' title="bbox 2003 3324 3589 3395; baseline 0.001 -17"><span class='ocrx_word' id='word_1_602' title='bbox 2003 3341 2176 3395; x_wconf 89' lang='lat' dir='ltr'><strong>quor;</strong></span> <span class='ocrx_word' id='word_1_603' title='bbox 2213 3325 2570 3379; x_wconf 85' lang='lat' dir='ltr'><strong>subsistentia</strong></span> <span class='ocrx_word' id='word_1_604' title='bbox 2627 3333 2810 3380; x_wconf 88' lang='lat' dir='ltr'><strong>autem</strong></span> <span class='ocrx_word' id='word_1_605' title='bbox 2849 3324 3198 3394; x_wconf 84' lang='lat' dir='ltr'><strong>particularis</strong></span> <span class='ocrx_word' id='word_1_606' title='bbox 3227 3331 3310 3379; x_wconf 78' lang='lat' dir='ltr'><strong>est</strong></span> <span class='ocrx_word' id='word_1_607' title='bbox 3347 3339 3469 3379; x_wconf 84' lang='lat' dir='ltr'><strong>cum</strong></span> <span class='ocrx_word' id='word_1_608' title='bbox 3501 3339 3589 3394; x_wconf 83' lang='lat' dir='ltr'><strong>ge-</strong></span> 
     </span>
    </p>
   </div>
   <div class='ocr_carea' id='block_1_80' title="bbox 2004 3415 3587 3487">
    <p class='ocr_par' dir='ltr' id='par_1_80' title="bbox 2004 3415 3587 3487">
     <span class='ocr_line' id='line_1_80' title="bbox 2004 3415 3587 3487; baseline -0.001 -15"><span class='ocrx_word' id='word_1_609' title='bbox 2004 3417 2268 3472; x_wconf 86' lang='lat' dir='ltr'><strong>neraliter</strong></span> <span class='ocrx_word' id='word_1_610' title='bbox 2303 3426 2520 3487; x_wconf 87' lang='lat' dir='ltr'><strong>sumpta</strong></span> <span class='ocrx_word' id='word_1_611' title='bbox 2567 3417 2901 3486; x_wconf 85' lang='lat' dir='ltr'><strong>particulare</strong></span> <span class='ocrx_word' id='word_1_612' title='bbox 2949 3417 3156 3487; x_wconf 83' lang='lat' dir='ltr'><strong>aliquid</strong></span> <span class='ocrx_word' id='word_1_613' title='bbox 3204 3417 3423 3474; x_wconf 87' lang='lat' dir='ltr'><strong>habeat.</strong></span> <span class='ocrx_word' id='word_1_614' title='bbox 3467 3415 3587 3470; x_wconf 78' lang='lat' dir='ltr'><strong>Non</strong></span> 
     </span>
    </p>
   </div>
   <div class='ocr_carea' id='block_1_81' title="bbox 2004 3507 3587 3578">
    <p class='ocr_par' dir='ltr' id='par_1_81' title="bbox 2004 3507 3587 3578">
     <span class='ocr_line' id='line_1_81' title="bbox 2004 3507 3587 3578; baseline 0 -15"><span class='ocrx_word' id='word_1_615' title='bbox 2004 3523 2134 3578; x_wconf 81' lang='lat' dir='ltr'><strong>ergo</strong></span> <span class='ocrx_word' id='word_1_616' title='bbox 2172 3507 2297 3563; x_wconf 88' lang='lat' dir='ltr'><strong>ideo</strong></span> <span class='ocrx_word' id='word_1_617' title='bbox 2330 3508 2566 3562; x_wconf 91' lang='lat' dir='ltr'><strong>dicimus</strong></span> <span class='ocrx_word' id='word_1_618' title='bbox 2596 3519 2840 3563; x_wconf 86' lang='lat' dir='ltr'><strong>nostram</strong></span> <span class='ocrx_word' id='word_1_619' title='bbox 2875 3508 2928 3567; x_wconf 84' lang='lat' dir='ltr'><strong>in</strong></span> <span class='ocrx_word' id='word_1_620' title='bbox 2955 3509 3176 3566; x_wconf 89' lang='lat' dir='ltr'><strong>Christo</strong></span> <span class='ocrx_word' id='word_1_621' title='bbox 3215 3508 3587 3564; x_wconf 87' lang='lat' dir='ltr'><strong>substantiam</strong></span> 
     </span>
    </p>
   </div>
   <div class='ocr_carea' id='block_1_82' title="bbox 2005 3601 3589 3670">
    <p class='ocr_par' dir='ltr' id='par_1_82' title="bbox 2005 3601 3589 3670">
     <span class='ocr_line' id='line_1_82' title="bbox 2005 3601 3589 3670; baseline 0.002 -16"><span class='ocrx_word' id='word_1_622' title='bbox 2005 3601 2397 3655; x_wconf 89' lang='lat' dir='ltr'><strong>subsistentem</strong></span> <span class='ocrx_word' id='word_1_623' title='bbox 2430 3615 2571 3666; x_wconf 89' lang='lat' dir='ltr'><strong>esse,</strong></span> <span class='ocrx_word' id='word_1_624' title='bbox 2628 3610 2689 3655; x_wconf 91' lang='lat' dir='ltr'><strong>ut</strong></span> <span class='ocrx_word' id='word_1_625' title='bbox 2737 3601 3157 3656; x_wconf 87' lang='lat' dir='ltr'><strong>subsistentiam</strong></span> <span class='ocrx_word' id='word_1_626' title='bbox 3215 3617 3336 3670; x_wconf 77' lang='lat' dir='ltr'><strong>qua:</strong></span> <span class='ocrx_word' id='word_1_627' title='bbox 3381 3618 3480 3670; x_wconf 87' lang='lat' dir='ltr'><strong>per</strong></span> <span class='ocrx_word' id='word_1_628' title='bbox 3527 3618 3589 3658; x_wconf 82' lang='lat' dir='ltr'><strong>se</strong></span> 
     </span>
    </p>
   </div>
   <div class='ocr_carea' id='block_1_83' title="bbox 2011 3691 3590 3763">
    <p class='ocr_par' dir='ltr' id='par_1_83' title="bbox 2011 3691 3590 3763">
     <span class='ocr_line' id='line_1_83' title="bbox 2011 3691 3590 3763; baseline 0.003 -18"><span class='ocrx_word' id='word_1_629' title='bbox 2011 3691 2460 3751; x_wconf 84' lang='lat' dir='ltr'><strong>characteristica</strong></span> <span class='ocrx_word' id='word_1_630' title='bbox 2485 3702 2540 3746; x_wconf 89' lang='lat' dir='ltr'><strong>et</strong></span> <span class='ocrx_word' id='word_1_631' title='bbox 2588 3693 2896 3762; x_wconf 78' lang='lat' dir='ltr'><strong>personalis</strong></span> <span class='ocrx_word' id='word_1_632' title='bbox 2947 3695 3036 3756; x_wconf 90' lang='lat' dir='ltr'><strong>sit,</strong></span> <span class='ocrx_word' id='word_1_633' title='bbox 3080 3693 3173 3748; x_wconf 89' lang='lat' dir='ltr'><strong>sed</strong></span> <span class='ocrx_word' id='word_1_634' title='bbox 3226 3694 3280 3747; x_wconf 91' lang='lat' dir='ltr'><strong>in</strong></span> <span class='ocrx_word' id='word_1_635' title='bbox 3319 3703 3590 3763; x_wconf 86' lang='lat' dir='ltr'><strong>quantum</strong></span> 
     </span>
    </p>
   </div>
   <div class='ocr_carea' id='block_1_84' title="bbox 2008 3783 3590 3853">
    <p class='ocr_par' dir='ltr' id='par_1_84' title="bbox 2008 3783 3590 3853">
     <span class='ocr_line' id='line_1_84' title="bbox 2008 3783 3590 3853; baseline -0.002 -13"><span class='ocrx_word' id='word_1_636' title='bbox 2008 3785 2222 3840; x_wconf 81' lang='lat' dir='ltr'><strong>exsistit</strong></span> <span class='ocrx_word' id='word_1_637' title='bbox 2254 3793 2310 3838; x_wconf 89' lang='lat' dir='ltr'><strong>et</strong></span> <span class='ocrx_word' id='word_1_638' title='bbox 2347 3793 2450 3838; x_wconf 87' lang='lat' dir='ltr'><strong>cst.</strong></span> <span class='ocrx_word' id='word_1_639' title='bbox 2512 3783 2819 3853; x_wconf 83' lang='lat' dir='ltr'><strong>Aliquoties</strong></span> <span class='ocrx_word' id='word_1_640' title='bbox 2865 3785 3012 3838; x_wconf 88' lang='lat' dir='ltr'><strong>enim</strong></span> <span class='ocrx_word' id='word_1_641' title='bbox 3065 3783 3331 3841; x_wconf 77' lang='lat' dir='ltr'><strong>exsistere</strong></span> <span class='ocrx_word' id='word_1_642' title='bbox 3380 3783 3590 3840; x_wconf 76' lang='lat' dir='ltr'><strong>indicat</strong></span> 
     </span>
    </p>
   </div>
   <div class='ocr_carea' id='block_1_85' title="bbox 2009 3874 3587 3938">
    <p class='ocr_par' dir='ltr' id='par_1_85' title="bbox 2009 3874 3587 3938">
     <span class='ocr_line' id='line_1_85' title="bbox 2009 3874 3587 3938; baseline -0.002 -7"><span class='ocrx_word' id='word_1_643' title='bbox 2009 3875 2388 3938; x_wconf 85' lang='lat' dir='ltr'><strong>subsistentia,</strong></span> <span class='ocrx_word' id='word_1_644' title='bbox 2442 3875 2493 3928; x_wconf 88' lang='lat' dir='ltr'><strong>id</strong></span> <span class='ocrx_word' id='word_1_645' title='bbox 2525 3882 2610 3930; x_wconf 82' lang='lat' dir='ltr'><strong>est</strong></span> <span class='ocrx_word' id='word_1_646' title='bbox 2656 3875 2988 3938; x_wconf 86' lang='lat' dir='ltr'><strong>substantia,</strong></span> <span class='ocrx_word' id='word_1_647' title='bbox 3040 3883 3095 3928; x_wconf 92' lang='lat' dir='ltr'><strong>ut</strong></span> <span class='ocrx_word' id='word_1_648' title='bbox 3145 3874 3587 3930; x_wconf 86' lang='lat' dir='ltr'><strong>demonstratum</strong></span> 
     </span>
    </p>
   </div>
   <div class='ocr_carea' id='block_1_86' title="bbox 2008 3967 3589 4037">
    <p class='ocr_par' dir='ltr' id='par_1_86' title="bbox 2008 3967 3589 4037">
     <span class='ocr_line' id='line_1_86' title="bbox 2008 3967 3589 4037; baseline -0.001 -15"><span class='ocrx_word' id='word_1_649' title='bbox 2008 3975 2112 4031; x_wconf 87' lang='lat' dir='ltr'><strong>est,</strong></span> <span class='ocrx_word' id='word_1_650' title='bbox 2131 3968 2352 4037; x_wconf 83' lang='lat' dir='ltr'><strong>quando</strong></span> <span class='ocrx_word' id='word_1_651' title='bbox 2374 3967 2838 4022; x_wconf 83' lang='lat' dir='ltr'><strong>characteristicis</strong></span> <span class='ocrx_word' id='word_1_652' title='bbox 2857 3968 3288 4037; x_wconf 83' lang='lat' dir='ltr'><strong>proprietatibus</strong></span> <span class='ocrx_word' id='word_1_653' title='bbox 3309 3976 3363 4020; x_wconf 91' lang='lat' dir='ltr'><strong>et</strong></span> <span class='ocrx_word' id='word_1_654' title='bbox 3391 3967 3444 4020; x_wconf 91' lang='lat' dir='ltr'><strong>in</strong></span> <span class='ocrx_word' id='word_1_655' title='bbox 3471 3983 3589 4036; x_wconf 84' lang='lat' dir='ltr'><strong>per-</strong></span> 
     </span>
    </p>
   </div>
   <div class='ocr_carea' id='block_1_87' title="bbox 2009 4055 2831 4124">
    <p class='ocr_par' dir='ltr' id='par_1_87' title="bbox 2009 4055 2831 4124">
     <span class='ocr_line' id='line_1_87' title="bbox 2009 4055 2831 4124; baseline -0.001 -15"><span class='ocrx_word' id='word_1_656' title='bbox 2009 4071 2143 4110; x_wconf 88' lang='lat' dir='ltr'><strong>sona</strong></span> <span class='ocrx_word' id='word_1_657' title='bbox 2169 4055 2537 4117; x_wconf 84' lang='lat' dir='ltr'><strong>consideratis</strong></span> <span class='ocrx_word' id='word_1_658' title='bbox 2564 4055 2831 4124; x_wconf 80' lang='lat' dir='ltr'><strong>privatur.</strong></span> 
     </span>
    </p>
   </div>
   <div class='ocr_carea' id='block_1_88' title="bbox 2080 4169 3511 4250">
    <p class='ocr_par' dir='ltr' id='par_1_88' title="bbox 2080 4169 3511 4250">
     <span class='ocr_line' id='line_1_88' title="bbox 2080 4169 3511 4250; baseline -0.001 -25"><span class='ocrx_word' id='word_1_659' title='bbox 2080 4170 2165 4225; x_wconf 77' lang='lat' dir='ltr'><strong>Ea:</strong></span> <span class='ocrx_word' id='word_1_660' title='bbox 2195 4170 2409 4242; x_wconf 83' lang='lat' dir='ltr'><strong>Eulogii</strong></span> <span class='ocrx_word' id='word_1_661' title='bbox 2431 4171 2855 4226; x_wconf 78' lang='lat' dir='ltr'><strong>Defensionibus</strong></span> <span class='ocrx_word' id='word_1_662' title='bbox 2880 4169 2958 4224; x_wconf 88' lang='lat' dir='ltr'><strong>De</strong></span> <span class='ocrx_word' id='word_1_663' title='bbox 2973 4170 3152 4226; x_wconf 82' lang='lat' dir='ltr'><strong>eodem</strong></span> <span class='ocrx_word' id='word_1_664' title='bbox 3180 4182 3511 4250; x_wconf 83' lang='lat' dir='ltr'><strong>argumento.</strong></span> 
     </span>
    </p>
   </div>
   <div class='ocr_carea' id='block_1_89' title="bbox 1551 4339 2362 4412">
    <p class='ocr_par' dir='ltr' id='par_1_89' title="bbox 1551 4339 2362 4412">
     <span class='ocr_line' id='line_1_89' title="bbox 1551 4339 2362 4412; baseline 0.001 -17"><span class='ocrx_word' id='word_1_665' title='bbox 1551 4342 1691 4411; x_wconf 76' lang='lat' dir='ltr'><strong>Aug.</strong></span> <span class='ocrx_word' id='word_1_666' title='bbox 1731 4339 1863 4406; x_wconf 61' lang='lat' dir='ltr'><strong>Max,</strong></span> <span class='ocrx_word' id='word_1_667' title='bbox 1903 4341 1940 4396; x_wconf 93' lang='lat' dir='ltr'><strong>l.</strong></span> <span class='ocrx_word' id='word_1_668' title='bbox 1977 4361 2027 4397; x_wconf 88' lang='lat' dir='ltr'><strong>c.</strong></span> <span class='ocrx_word' id='word_1_669' title='bbox 2063 4357 2116 4412; x_wconf 91' lang='lat' dir='ltr'><strong>p.</strong></span> <span class='ocrx_word' id='word_1_670' title='bbox 2158 4339 2246 4406; x_wconf 81' lang='lat'><strong>59,</strong></span> <span class='ocrx_word' id='word_1_671' title='bbox 2275 4339 2362 4396; x_wconf 87' lang='lat'><strong>60.</strong></span> 
     </span>
    </p>
   </div>
   <div class='ocr_carea' id='block_1_90' title="bbox 412 4457 1892 4531">
    <p class='ocr_par' dir='ltr' id='par_1_90' title="bbox 412 4459 1892 4531">
     <span class='ocr_line' id='line_1_90' title="bbox 412 4459 1892 4531; baseline -0.001 -17"><span class='ocrx_word' id='word_1_672' title='bbox 412 4459 471 4514; x_wconf 85' lang='lat'><strong>&#39;0</strong></span> <span class='ocrx_word' id='word_1_673' title='bbox 504 4459 700 4524; x_wconf 80' lang='grc' dir='ltr'>κοινῶς</span> <span class='ocrx_word' id='word_1_674' title='bbox 728 4461 822 4514; x_wconf 69' lang='grc' dir='ltr'><strong>καὶ</strong></span> <span class='ocrx_word' id='word_1_675' title='bbox 853 4461 910 4513; x_wconf 78' lang='grc' dir='ltr'>ἒν</span> <span class='ocrx_word' id='word_1_676' title='bbox 964 4459 1180 4523; x_wconf 77' lang='grc' dir='ltr'>πολλοῖς</span> <span class='ocrx_word' id='word_1_677' title='bbox 1232 4459 1540 4531; x_wconf 81' lang='grc' dir='ltr'>Θεωρεῖται,</span> <span class='ocrx_word' id='word_1_678' title='bbox 1573 4461 1636 4513; x_wconf 92' lang='grc' dir='ltr'><strong>οὑ</strong></span> <span class='ocrx_word' id='word_1_679' title='bbox 1665 4460 1773 4514; x_wconf 78' lang='grc' dir='ltr'>τινὶ</span> <span class='ocrx_word' id='word_1_680' title='bbox 1809 4461 1892 4531; x_wconf 65' lang='grc' dir='ltr'><strong>μὲι</strong></span> 
     </span>
    </p>
   </div>
   <div class='ocr_carea' id='block_1_91' title="bbox 1997 4457 3592 4531">
    <p class='ocr_par' dir='ltr' id='par_1_91' title="bbox 2082 4457 3592 4531">
     <span class='ocr_line' id='line_1_91' title="bbox 2082 4457 3592 4531; baseline -0.005 -14"><span class='ocrx_word' id='word_1_681' title='bbox 2082 4461 2255 4517; x_wconf 87' lang='lat' dir='ltr'><strong>Omne</strong></span> <span class='ocrx_word' id='word_1_682' title='bbox 2289 4460 2438 4531; x_wconf 88' lang='lat' dir='ltr'><strong>quod</strong></span> <span class='ocrx_word' id='word_1_683' title='bbox 2484 4457 2796 4515; x_wconf 82' lang='lat' dir='ltr'><strong>universim</strong></span> <span class='ocrx_word' id='word_1_684' title='bbox 2844 4468 2899 4514; x_wconf 90' lang='lat' dir='ltr'><strong>et</strong></span> <span class='ocrx_word' id='word_1_685' title='bbox 2933 4459 2986 4514; x_wconf 86' lang='lat' dir='ltr'><strong>in</strong></span> <span class='ocrx_word' id='word_1_686' title='bbox 3024 4458 3279 4531; x_wconf 81' lang='lat' dir='ltr'><strong>pluribus</strong></span> <span class='ocrx_word' id='word_1_687' title='bbox 3334 4458 3592 4512; x_wconf 69' lang='lat' dir='ltr'><strong>conside.-</strong></span> 
     </span>
    </p>
   </div>
   <div class='ocr_carea' id='block_1_92' title="bbox 326 4551 1906 4623">
    <p class='ocr_par' dir='ltr' id='par_1_92' title="bbox 326 4551 1906 4623">
     <span class='ocr_line' id='line_1_92' title="bbox 326 4551 1906 4623; baseline 0.003 -19"><span class='ocrx_word' id='word_1_688' title='bbox 326 4552 514 4616; x_wconf 72' lang='grc' dir='ltr'>πλέον,</span> <span class='ocrx_word' id='word_1_689' title='bbox 547 4554 651 4605; x_wconf 84' lang='grc' dir='ltr'><strong>τινί</strong></span> <span class='ocrx_word' id='word_1_690' title='bbox 678 4552 735 4604; x_wconf 79' lang='grc' dir='ltr'><strong>δὲ</strong></span> <span class='ocrx_word' id='word_1_691' title='bbox 769 4551 1011 4618; x_wconf 74' lang='grc' dir='ltr'>ἔλαττον,</span> <span class='ocrx_word' id='word_1_692' title='bbox 1075 4552 1342 4623; x_wconf 79' lang='grc' dir='ltr'>ὑπάρχον,</span> <span class='ocrx_word' id='word_1_693' title='bbox 1369 4553 1527 4606; x_wconf 88' lang='grc' dir='ltr'>οὐσία</span> <span class='ocrx_word' id='word_1_694' title='bbox 1561 4552 1906 4622; x_wconf 76' lang='grc' dir='ltr'>ὀνομάζεται.</span> 
     </span>
    </p>
   </div>
   <div class='ocr_carea' id='block_1_93' title="bbox 339 4643 1908 4716">
    <p class='ocr_par' dir='ltr' id='par_1_93' title="bbox 339 4643 1908 4716">
     <span class='ocr_line' id='line_1_93' title="bbox 339 4643 1908 4716; baseline 0.001 -19"><span class='ocrx_word' id='word_1_695' title='bbox 339 4646 494 4697; x_wconf 75' lang='grc' dir='ltr'>Ἐπεὶ</span> <span class='ocrx_word' id='word_1_696' title='bbox 517 4643 610 4697; x_wconf 78' lang='grc' dir='ltr'><strong>οὖν</strong></span> <span class='ocrx_word' id='word_1_697' title='bbox 635 4644 710 4714; x_wconf 85' lang='grc' dir='ltr'>τῷ</span> <span class='ocrx_word' id='word_1_698' title='bbox 734 4643 1075 4698; x_wconf 80' lang='grc' dir='ltr'>καθέκαστον</span> <span class='ocrx_word' id='word_1_699' title='bbox 1108 4645 1379 4716; x_wconf 80' lang='grc' dir='ltr'>ἀνθρώπῳ</span> <span class='ocrx_word' id='word_1_700' title='bbox 1407 4646 1465 4711; x_wconf 76' lang='grc' dir='ltr'><strong>ἐξ</strong></span> <span class='ocrx_word' id='word_1_701' title='bbox 1505 4646 1621 4698; x_wconf 85' lang='grc' dir='ltr'>ῐσου</span> <span class='ocrx_word' id='word_1_702' title='bbox 1646 4646 1908 4716; x_wconf 81' lang='grc' dir='ltr'>πρόσεστι</span> 
     </span>
    </p>
   </div>
   <div class='ocr_carea' id='block_1_94' title="bbox 324 4733 1907 4807">
    <p class='ocr_par' dir='ltr' id='par_1_94' title="bbox 324 4733 1907 4807">
     <span class='ocr_line' id='line_1_94' title="bbox 324 4733 1907 4807; baseline 0.001 -21"><span class='ocrx_word' id='word_1_703' title='bbox 324 4735 388 4786; x_wconf 80' lang='grc' dir='ltr'><strong>τὸ</strong></span> <span class='ocrx_word' id='word_1_704' title='bbox 417 4733 557 4789; x_wconf 76' lang='grc' dir='ltr'>εἶναι</span> <span class='ocrx_word' id='word_1_705' title='bbox 610 4735 788 4806; x_wconf 78' lang='grc' dir='ltr'>σάρκα</span> <span class='ocrx_word' id='word_1_706' title='bbox 835 4733 1239 4805; x_wconf 77' lang='grc' dir='ltr'><strong>ὲμψυχωμένην</strong></span> <span class='ocrx_word' id='word_1_707' title='bbox 1282 4735 1425 4807; x_wconf 69' lang='grc' dir='ltr'>ψυχῇ</span> <span class='ocrx_word' id='word_1_708' title='bbox 1458 4736 1674 4806; x_wconf 72' lang='grc' dir='ltr'>λογικῇ,</span> <span class='ocrx_word' id='word_1_709' title='bbox 1702 4737 1730 4789; x_wconf 80' lang='grc' dir='ltr'>ὅ</span> <span class='ocrx_word' id='word_1_710' title='bbox 1760 4738 1907 4789; x_wconf 77' lang='grc' dir='ltr'>ἐστιν</span> 
     </span>
    </p>
   </div>
   <div class='ocr_carea' id='block_1_95' title="bbox 327 4823 1908 4897">
    <p class='ocr_par' dir='ltr' id='par_1_95' title="bbox 327 4823 1908 4897">
     <span class='ocr_line' id='line_1_95' title="bbox 327 4823 1908 4897; baseline 0.002 -21"><span class='ocrx_word' id='word_1_711' title='bbox 327 4823 708 4895; x_wconf 80' lang='grc' dir='ltr'>ἀνθρωπότης,</span> <span class='ocrx_word' id='word_1_712' title='bbox 742 4825 884 4877; x_wconf 77' lang='grc' dir='ltr'>κατὰ</span> <span class='ocrx_word' id='word_1_713' title='bbox 907 4824 1066 4876; x_wconf 81' lang='grc' dir='ltr'>τοῦτο</span> <span class='ocrx_word' id='word_1_714' title='bbox 1093 4825 1191 4894; x_wconf 74' lang='grc' dir='ltr'>τὴν</span> <span class='ocrx_word' id='word_1_715' title='bbox 1239 4826 1658 4897; x_wconf 75' lang='grc' dir='ltr'>ἀνθρωπότητα,</span> <span class='ocrx_word' id='word_1_716' title='bbox 1692 4828 1785 4880; x_wconf 70' lang='grc' dir='ltr'><strong>καὶ</strong></span> <span class='ocrx_word' id='word_1_717' title='bbox 1813 4826 1908 4879; x_wconf 80' lang='grc' dir='ltr'>δύο</span> 
     </span>
    </p>
   </div>
   <div class='ocr_carea' id='block_1_96' title="bbox 327 4915 1908 4994">
    <p class='ocr_par' dir='ltr' id='par_1_96' title="bbox 327 4915 1908 4994">
     <span class='ocr_line' id='line_1_96' title="bbox 327 4915 1908 4994; baseline 0.001 -25"><span class='ocrx_word' id='word_1_718' title='bbox 327 4917 525 4969; x_wconf 82' lang='grc' dir='ltr'>οὐσιῶν</span> <span class='ocrx_word' id='word_1_719' title='bbox 557 4917 912 4987; x_wconf 74' lang='grc' dir='ltr'>ὑπάρχουσαν</span> <span class='ocrx_word' id='word_1_720' title='bbox 939 4915 1252 4988; x_wconf 85' lang='grc' dir='ltr'>γνώρισμα,</span> <span class='ocrx_word' id='word_1_721' title='bbox 1303 4919 1432 4989; x_wconf 84' lang='grc' dir='ltr'>μίαν</span> <span class='ocrx_word' id='word_1_722' title='bbox 1459 4921 1646 4994; x_wconf 81' lang='grc' dir='ltr'>φαμὲν</span> <span class='ocrx_word' id='word_1_723' title='bbox 1693 4920 1908 4989; x_wconf 78' lang='grc' dir='ltr'>οὐσίαν,</span> 
     </span>
    </p>
   </div>
   <div class='ocr_carea' id='block_1_97' title="bbox 329 5008 1907 5084">
    <p class='ocr_par' dir='ltr' id='par_1_97' title="bbox 329 5008 1907 5084">
     <span class='ocr_line' id='line_1_97' title="bbox 329 5008 1907 5084; baseline 0.003 -24"><span class='ocrx_word' id='word_1_724' title='bbox 329 5008 405 5072; x_wconf 79' lang='grc' dir='ltr'>ὡς</span> <span class='ocrx_word' id='word_1_725' title='bbox 434 5009 629 5071; x_wconf 84' lang='grc' dir='ltr'>κοινῶς</span> <span class='ocrx_word' id='word_1_726' title='bbox 661 5011 719 5060; x_wconf 85' lang='grc' dir='ltr'><strong>ὲν</strong></span> <span class='ocrx_word' id='word_1_727' title='bbox 761 5009 928 5061; x_wconf 77' lang='grc' dir='ltr'>πᾶσιν</span> <span class='ocrx_word' id='word_1_728' title='bbox 952 5008 1279 5078; x_wconf 79' lang='grc' dir='ltr'>ἀνθρώποις,</span> <span class='ocrx_word' id='word_1_729' title='bbox 1310 5012 1404 5063; x_wconf 78' lang='grc' dir='ltr'><strong>καὶ</strong></span> <span class='ocrx_word' id='word_1_730' title='bbox 1432 5011 1492 5076; x_wconf 83' lang='grc' dir='ltr'>ἐξ</span> <span class='ocrx_word' id='word_1_731' title='bbox 1527 5011 1642 5065; x_wconf 75' lang='grc' dir='ltr'>ἴσου</span> <span class='ocrx_word' id='word_1_732' title='bbox 1669 5012 1907 5084; x_wconf 82' lang='grc' dir='ltr'>Θεωρου-</span> 
     </span>
    </p>
   </div>
   <div class='ocr_carea' id='block_1_98' title="bbox 332 5097 1908 5177">
    <p class='ocr_par' dir='ltr' id='par_1_98' title="bbox 332 5097 1908 5177">
     <span class='ocr_line' id='line_1_98' title="bbox 332 5097 1908 5177; baseline 0.004 -26"><span class='ocrx_word' id='word_1_733' title='bbox 332 5097 526 5169; x_wconf 75' lang='grc' dir='ltr'>μένην.</span> <span class='ocrx_word' id='word_1_734' title='bbox 562 5098 684 5150; x_wconf 60' lang='grc' dir='ltr'><strong>Ἐπὶ⁵</strong></span> <span class='ocrx_word' id='word_1_735' title='bbox 706 5097 765 5150; x_wconf 81' lang='grc' dir='ltr'><strong>δὲ</strong></span> <span class='ocrx_word' id='word_1_736' title='bbox 799 5098 896 5167; x_wconf 80' lang='grc' dir='ltr'>τῆς</span> <span class='ocrx_word' id='word_1_737' title='bbox 929 5099 1280 5164; x_wconf 79' lang='grc' dir='ltr'>ὑποστάσεως</span> <span class='ocrx_word' id='word_1_738' title='bbox 1309 5101 1405 5154; x_wconf 84' lang='grc' dir='ltr'>τοῦ</span> <span class='ocrx_word' id='word_1_739' title='bbox 1443 5101 1814 5177; x_wconf 77' lang='grc' dir='ltr'>Ἐμμανουὴλ,</span> <span class='ocrx_word' id='word_1_740' title='bbox 1847 5104 1908 5158; x_wconf 79' lang='grc' dir='ltr'>υῦ</span> 
     </span>
    </p>
   </div>
   <div class='ocr_carea' id='block_1_99' title="bbox 328 5189 1914 5266">
    <p class='ocr_par' dir='ltr' id='par_1_99' title="bbox 328 5189 1914 5266">
     <span class='ocr_line' id='line_1_99' title="bbox 328 5189 1914 5266; baseline 0.005 -24"><span class='ocrx_word' id='word_1_741' title='bbox 328 5205 512 5260; x_wconf 80' lang='grc' dir='ltr'>φαμεν</span> <span class='ocrx_word' id='word_1_742' title='bbox 544 5189 766 5260; x_wconf 83' lang='grc' dir='ltr'>ποιῆσαι</span> <span class='ocrx_word' id='word_1_743' title='bbox 797 5189 926 5259; x_wconf 83' lang='grc' dir='ltr'>μίαν</span> <span class='ocrx_word' id='word_1_744' title='bbox 952 5190 1134 5244; x_wconf 85' lang='grc' dir='ltr'>οὐσίαν</span> <span class='ocrx_word' id='word_1_745' title='bbox 1157 5192 1256 5263; x_wconf 78' lang='grc' dir='ltr'><strong>τὴν</strong></span> <span class='ocrx_word' id='word_1_746' title='bbox 1280 5191 1474 5246; x_wconf 73' lang='grc' dir='ltr'>ἕνωσιν</span> <span class='ocrx_word' id='word_1_747' title='bbox 1531 5195 1631 5265; x_wconf 85' lang='grc' dir='ltr'><strong>τῆς</strong></span> <span class='ocrx_word' id='word_1_748' title='bbox 1659 5195 1914 5266; x_wconf 74' lang='grc' dir='ltr'>θεότητος</span> 
     </span>
    </p>
   </div>
   <div class='ocr_carea' id='block_1_100' title="bbox 329 5280 1920 5355">
    <p class='ocr_par' dir='ltr' id='par_1_100' title="bbox 329 5280 1920 5355">
     <span class='ocr_line' id='line_1_100' title="bbox 329 5280 1920 5355; baseline 0.004 -21"><span class='ocrx_word' id='word_1_749' title='bbox 329 5281 422 5335; x_wconf 78' lang='grc' dir='ltr'><strong>καὶ</strong></span> <span class='ocrx_word' id='word_1_750' title='bbox 454 5280 555 5349; x_wconf 77' lang='grc' dir='ltr'>τῆς</span> <span class='ocrx_word' id='word_1_751' title='bbox 586 5280 1036 5351; x_wconf 74' lang='grc' dir='ltr'>ἀνθρωπότητος·</span> <span class='ocrx_word' id='word_1_752' title='bbox 1091 5284 1212 5338; x_wconf 71' lang='grc' dir='ltr'>ἐπεὶ</span> <span class='ocrx_word' id='word_1_753' title='bbox 1243 5285 1456 5355; x_wconf 72' lang='grc' dir='ltr'>ἀνάγκη</span> <span class='ocrx_word' id='word_1_754' title='bbox 1489 5288 1585 5339; x_wconf 72' lang='grc' dir='ltr'>καὶ</span> <span class='ocrx_word' id='word_1_755' title='bbox 1609 5288 1666 5340; x_wconf 69' lang='grc' dir='ltr'><strong>ἐν</strong></span> <span class='ocrx_word' id='word_1_756' title='bbox 1693 5286 1920 5351; x_wconf 78' lang='grc' dir='ltr'>πολλοῖς</span> 
     </span>
    </p>
   </div>
   <div class='ocr_carea' id='block_1_101' title="bbox 330 5370 1908 5448">
    <p class='ocr_par' dir='ltr' id='par_1_101' title="bbox 330 5370 1908 5448">
     <span class='ocr_line' id='line_1_101' title="bbox 330 5370 1908 5448; baseline 0.003 -22"><span class='ocrx_word' id='word_1_757' title='bbox 330 5370 680 5443; x_wconf 75' lang='grc' dir='ltr'>Θεωρεῖσθαι,</span> <span class='ocrx_word' id='word_1_758' title='bbox 713 5372 789 5433; x_wconf 82' lang='grc' dir='ltr'><strong>ὡς</strong></span> <span class='ocrx_word' id='word_1_759' title='bbox 836 5372 1238 5436; x_wconf 78' lang='grc' dir='ltr'>ᾲποὸέδεικται.</span> <span class='ocrx_word' id='word_1_760' title='bbox 1285 5376 1348 5429; x_wconf 81' lang='lat' dir='ltr'><strong>Et</strong></span> <span class='ocrx_word' id='word_1_761' title='bbox 1387 5375 1483 5431; x_wconf 81' lang='grc' dir='ltr'>οὖν</span> <span class='ocrx_word' id='word_1_762' title='bbox 1537 5379 1667 5448; x_wconf 72' lang='grc' dir='ltr'>μίαν</span> <span class='ocrx_word' id='word_1_763' title='bbox 1719 5373 1908 5434; x_wconf 70' lang='grc' dir='ltr'>οὐσίαν</span> 
     </span>
    </p>
   </div>
   <div class='ocr_carea' id='block_1_102' title="bbox 331 5460 1914 5541">
    <p class='ocr_par' dir='ltr' id='par_1_102' title="bbox 331 5460 1914 5541">
     <span class='ocr_line' id='line_1_102' title="bbox 331 5460 1914 5541; baseline 0.006 -26"><span class='ocrx_word' id='word_1_764' title='bbox 331 5463 466 5532; x_wconf 75' lang='grc' dir='ltr'>φασὶ</span> <span class='ocrx_word' id='word_1_765' title='bbox 498 5461 749 5529; x_wconf 75' lang='grc' dir='ltr'>γενέσθαι</span> <span class='ocrx_word' id='word_1_766' title='bbox 772 5460 840 5515; x_wconf 81' lang='grc' dir='ltr'>τὰ</span> <span class='ocrx_word' id='word_1_767' title='bbox 876 5460 990 5526; x_wconf 78' lang='grc' dir='ltr'>δύο,</span> <span class='ocrx_word' id='word_1_768' title='bbox 1019 5464 1239 5528; x_wconf 81' lang='grc' dir='ltr'>πάντως</span> <span class='ocrx_word' id='word_1_769' title='bbox 1265 5483 1368 5520; x_wconf 85' lang='grc' dir='ltr'><strong>που</strong></span> <span class='ocrx_word' id='word_1_770' title='bbox 1394 5470 1495 5540; x_wconf 78' lang='grc' dir='ltr'>τῆς</span> <span class='ocrx_word' id='word_1_771' title='bbox 1536 5471 1794 5541; x_wconf 77' lang='grc' dir='ltr'>τοιαύτης</span> <span class='ocrx_word' id='word_1_772' title='bbox 1823 5470 1914 5524; x_wconf 77' lang='grc' dir='ltr'>οὐ·</span> 
     </span>
    </p>
   </div>
   <div class='ocr_carea' id='block_1_103' title="bbox 334 5555 1919 5635">
    <p class='ocr_par' dir='ltr' id='par_1_103' title="bbox 334 5555 1919 5635">
     <span class='ocr_line' id='line_1_103' title="bbox 334 5555 1919 5635; baseline 0.003 -23"><span class='ocrx_word' id='word_1_773' title='bbox 334 5557 456 5620; x_wconf 72' lang='grc' dir='ltr'>σίας</span> <span class='ocrx_word' id='word_1_774' title='bbox 489 5555 845 5626; x_wconf 72' lang='grc' dir='ltr'>μετειλήφασι</span> <span class='ocrx_word' id='word_1_775' title='bbox 869 5560 962 5609; x_wconf 77' lang='grc' dir='ltr'>καὶ</span> <span class='ocrx_word' id='word_1_776' title='bbox 993 5557 1192 5634; x_wconf 76' lang='grc' dir='ltr'>ἕτεροι,</span> <span class='ocrx_word' id='word_1_777' title='bbox 1220 5560 1312 5613; x_wconf 72' lang='grc' dir='ltr'><strong>καὶ</strong></span> <span class='ocrx_word' id='word_1_778' title='bbox 1344 5561 1401 5628; x_wconf 78' lang='grc' dir='ltr'><strong>ἐξ</strong></span> <span class='ocrx_word' id='word_1_779' title='bbox 1432 5563 1547 5616; x_wconf 72' lang='grc' dir='ltr'>ἴσον</span> <span class='ocrx_word' id='word_1_780' title='bbox 1583 5564 1659 5635; x_wconf 76' lang='grc' dir='ltr'><strong>τῷ</strong></span> <span class='ocrx_word' id='word_1_781' title='bbox 1708 5565 1919 5635; x_wconf 79' lang='grc' dir='ltr'><strong>Ἐμμα-</strong></span> 
     </span>
    </p>
   </div>
   <div class='ocr_carea' id='block_1_104' title="bbox 403 5667 870 5732">
    <p class='ocr_par' dir='ltr' id='par_1_104' title="bbox 403 5667 870 5732">
     <span class='ocr_line' id='line_1_104' title="bbox 403 5667 870 5732; baseline 0.006 -9"><span class='ocrx_word' id='word_1_782' title='bbox 403 5671 426 5710; x_wconf 61' lang='grc' dir='ltr'><strong>ι</strong></span> <span class='ocrx_word' id='word_1_783' title='bbox 457 5669 657 5732; x_wconf 74' lang='lat' dir='ltr'><strong>Jerem.</strong></span> <span class='ocrx_word' id='word_1_784' title='bbox 693 5667 870 5732; x_wconf 64' lang='lat'><strong>3,10.</strong></span> 
     </span>
    </p>
   </div>
   <div class='ocr_carea' id='block_1_105' title="bbox 495 5751 1565 5846">
    <p class='ocr_par' dir='ltr' id='par_1_105' title="bbox 495 5751 1565 5846">
     <span class='ocr_line' id='line_1_105' title="bbox 495 5751 1565 5846; baseline 0.017 -31"><span class='ocrx_word' id='word_1_785' title='bbox 495 5751 525 5765; x_wconf 75' lang='grc'><strong><em>⁸</em></strong></span> <span class='ocrx_word' id='word_1_786' title='bbox 740 5761 1008 5824; x_wconf 65' lang='grc' dir='ltr'>ΡΑτιιοῑ..</span> <span class='ocrx_word' id='word_1_787' title='bbox 1054 5763 1173 5827; x_wconf 80' lang='lat' dir='ltr'><strong>Gn.</strong></span> <span class='ocrx_word' id='word_1_788' title='bbox 1219 5767 1380 5829; x_wconf 79' lang='lat' dir='ltr'><strong>LXX</strong></span> <span class='ocrx_word' id='word_1_789' title='bbox 1466 5773 1565 5834; x_wconf 71' lang='grc' dir='ltr'>Π.</span> 
     </span>
    </p>
   </div>
   <div class='ocr_carea' id='block_1_106' title="bbox 2015 4552 3591 4621">
    <p class='ocr_par' dir='ltr' id='par_1_106' title="bbox 2015 4552 3591 4621">
     <span class='ocr_line' id='line_1_106' title="bbox 2015 4552 3591 4621; baseline -0.004 -13"><span class='ocrx_word' id='word_1_790' title='bbox 2015 4564 2189 4617; x_wconf 89' lang='lat' dir='ltr'><strong>ratur,</strong></span> <span class='ocrx_word' id='word_1_791' title='bbox 2224 4564 2287 4608; x_wconf 91' lang='lat' dir='ltr'><strong>ut</strong></span> <span class='ocrx_word' id='word_1_792' title='bbox 2328 4568 2430 4608; x_wconf 89' lang='lat' dir='ltr'><strong>nec</strong></span> <span class='ocrx_word' id='word_1_793' title='bbox 2477 4553 2570 4607; x_wconf 89' lang='lat' dir='ltr'><strong>alii</strong></span> <span class='ocrx_word' id='word_1_794' title='bbox 2618 4553 2874 4621; x_wconf 89' lang='lat' dir='ltr'><strong>amplius,</strong></span> <span class='ocrx_word' id='word_1_795' title='bbox 2901 4553 2998 4608; x_wconf 88' lang='lat' dir='ltr'><strong>alii</strong></span> <span class='ocrx_word' id='word_1_796' title='bbox 3046 4552 3229 4606; x_wconf 90' lang='lat' dir='ltr'><strong>minus</strong></span> <span class='ocrx_word' id='word_1_797' title='bbox 3277 4554 3591 4614; x_wconf 70' lang='lat' dir='ltr'><strong>conveniat,</strong></span> 
     </span>
    </p>
   </div>
   <div class='ocr_carea' id='block_1_107' title="bbox 2013 4640 3594 4719">
    <p class='ocr_par' dir='ltr' id='par_1_107' title="bbox 2013 4640 3594 4719">
     <span class='ocr_line' id='line_1_107' title="bbox 2013 4640 3594 4719; baseline -0.002 -21"><span class='ocrx_word' id='word_1_798' title='bbox 2013 4647 2170 4698; x_wconf 81' lang='grc' dir='ltr'>οὐσία</span> <span class='ocrx_word' id='word_1_799' title='bbox 2220 4645 2459 4700; x_wconf 86' lang='lat' dir='ltr'><strong>essentia</strong></span> <span class='ocrx_word' id='word_1_800' title='bbox 2519 4644 2860 4700; x_wconf 88' lang='lat' dir='ltr'><strong>nominatur.</strong></span> <span class='ocrx_word' id='word_1_801' title='bbox 2889 4641 3348 4719; x_wconf 85' lang='lat' dir='ltr'><strong>Quandoquidem</strong></span> <span class='ocrx_word' id='word_1_802' title='bbox 3383 4640 3594 4695; x_wconf 89' lang='lat' dir='ltr'><strong>homini</strong></span> 
     </span>
    </p>
   </div>
   <div class='ocr_carea' id='block_1_108' title="bbox 2012 4732 3590 4808">
    <p class='ocr_par' dir='ltr' id='par_1_108' title="bbox 2012 4732 3590 4808">
     <span class='ocr_line' id='line_1_108' title="bbox 2012 4732 3590 4808; baseline -0.006 -15"><span class='ocrx_word' id='word_1_803' title='bbox 2012 4739 2242 4793; x_wconf 85' lang='lat' dir='ltr'><strong>cuilibet</strong></span> <span class='ocrx_word' id='word_1_804' title='bbox 2266 4751 2522 4808; x_wconf 69' lang='lat' dir='ltr'><strong>peraeque</strong></span> <span class='ocrx_word' id='word_1_805' title='bbox 2547 4737 2826 4797; x_wconf 84' lang='lat' dir='ltr'><strong>convenit,</strong></span> <span class='ocrx_word' id='word_1_806' title='bbox 2852 4745 2914 4788; x_wconf 90' lang='lat' dir='ltr'><strong>ut</strong></span> <span class='ocrx_word' id='word_1_807' title='bbox 2934 4734 3005 4788; x_wconf 87' lang='lat' dir='ltr'><strong>sit</strong></span> <span class='ocrx_word' id='word_1_808' title='bbox 3039 4749 3169 4790; x_wconf 89' lang='lat' dir='ltr'><strong>caro</strong></span> <span class='ocrx_word' id='word_1_809' title='bbox 3205 4733 3442 4786; x_wconf 87' lang='lat' dir='ltr'><strong>animata</strong></span> <span class='ocrx_word' id='word_1_810' title='bbox 3471 4732 3590 4785; x_wconf 86' lang='lat' dir='ltr'><strong>aui-</strong></span> 
     </span>
    </p>
   </div>
   <div class='ocr_carea' id='block_1_109' title="bbox 2016 4826 3591 4899">
    <p class='ocr_par' dir='ltr' id='par_1_109' title="bbox 2016 4826 3591 4899">
     <span class='ocr_line' id='line_1_109' title="bbox 2016 4826 3591 4899; baseline -0.006 -14"><span class='ocrx_word' id='word_1_811' title='bbox 2016 4848 2117 4885; x_wconf 69' lang='lat' dir='ltr'><strong>ma}</strong></span> <span class='ocrx_word' id='word_1_812' title='bbox 2149 4830 2403 4885; x_wconf 86' lang='lat' dir='ltr'><strong>rationali</strong></span> <span class='ocrx_word' id='word_1_813' title='bbox 2440 4833 2587 4899; x_wconf 87' lang='lat' dir='ltr'><strong>(nam</strong></span> <span class='ocrx_word' id='word_1_814' title='bbox 2622 4829 2677 4882; x_wconf 88' lang='lat' dir='ltr'><strong>in</strong></span> <span class='ocrx_word' id='word_1_815' title='bbox 2705 4832 2807 4882; x_wconf 92' lang='lat' dir='ltr'><strong>hoc</strong></span> <span class='ocrx_word' id='word_1_816' title='bbox 2835 4827 3089 4884; x_wconf 89' lang='lat' dir='ltr'><strong>consistit</strong></span> <span class='ocrx_word' id='word_1_817' title='bbox 3130 4826 3466 4890; x_wconf 80' lang='lat' dir='ltr'><strong>humanitas)</strong></span> <span class='ocrx_word' id='word_1_818' title='bbox 3501 4840 3591 4877; x_wconf 59' lang='lat' dir='ltr'><strong>sev</strong></span> 
     </span>
    </p>
   </div>
   <div class='ocr_carea' id='block_1_110' title="bbox 2010 4909 3598 4987">
    <p class='ocr_par' dir='ltr' id='par_1_110' title="bbox 2010 4909 3598 4987">
     <span class='ocr_line' id='line_1_110' title="bbox 2010 4909 3598 4987; baseline -0.003 -10"><span class='ocrx_word' id='word_1_819' title='bbox 2010 4923 2250 4977; x_wconf 88' lang='lat' dir='ltr'><strong>cundum</strong></span> <span class='ocrx_word' id='word_1_820' title='bbox 2275 4922 2422 4979; x_wconf 86' lang='lat' dir='ltr'><strong>hunc</strong></span> <span class='ocrx_word' id='word_1_821' title='bbox 2444 4909 2663 4979; x_wconf 66' lang='lat' dir='ltr'><strong>sensum</strong></span> <span class='ocrx_word' id='word_1_822' title='bbox 2692 4920 3222 4987; x_wconf 86' lang='lat' dir='ltr'><strong>humanitatem,qua</strong></span> <span class='ocrx_word' id='word_1_823' title='bbox 3249 4927 3458 4971; x_wconf 69' lang='lat' dir='ltr'><strong>natura:</strong></span> <span class='ocrx_word' id='word_1_824' title='bbox 3475 4910 3598 4972; x_wconf 73' lang='lat' dir='ltr'><strong>dare</strong></span> 
     </span>
    </p>
   </div>
   <div class='ocr_carea' id='block_1_111' title="bbox 2004 5011 3598 5085">
    <p class='ocr_par' dir='ltr' id='par_1_111' title="bbox 2004 5011 3598 5085">
     <span class='ocr_line' id='line_1_111' title="bbox 2004 5011 3598 5085; baseline -0.006 -14"><span class='ocrx_word' id='word_1_825' title='bbox 2004 5021 2486 5085; x_wconf 70' lang='lat' dir='ltr'><strong>repraesentantur,</strong></span> <span class='ocrx_word' id='word_1_826' title='bbox 2533 5028 2696 5067; x_wconf 86' lang='lat' dir='ltr'><strong>unam</strong></span> <span class='ocrx_word' id='word_1_827' title='bbox 2745 5012 3038 5067; x_wconf 87' lang='lat' dir='ltr'><strong>essentiam</strong></span> <span class='ocrx_word' id='word_1_828' title='bbox 3088 5011 3344 5071; x_wconf 90' lang='lat' dir='ltr'><strong>dicimus,</strong></span> <span class='ocrx_word' id='word_1_829' title='bbox 3392 5011 3598 5081; x_wconf 84' lang='lat' dir='ltr'><strong>quippe</strong></span> 
     </span>
    </p>
   </div>
   <div class='ocr_carea' id='block_1_112' title="bbox 2008 5102 3600 5177">
    <p class='ocr_par' dir='ltr' id='par_1_112' title="bbox 2008 5102 3600 5177">
     <span class='ocr_line' id='line_1_112' title="bbox 2008 5102 3600 5177; baseline -0.003 -18"><span class='ocrx_word' id='word_1_830' title='bbox 2008 5121 2131 5177; x_wconf 78' lang='lat' dir='ltr'><strong>qua:</strong></span> <span class='ocrx_word' id='word_1_831' title='bbox 2179 5103 2458 5165; x_wconf 86' lang='lat' dir='ltr'><strong>communi</strong></span> <span class='ocrx_word' id='word_1_832' title='bbox 2515 5109 2571 5160; x_wconf 92' lang='lat' dir='ltr'><strong>et</strong></span> <span class='ocrx_word' id='word_1_833' title='bbox 2625 5105 2821 5174; x_wconf 66' lang='lat' dir='ltr'><strong>aequali</strong></span> <span class='ocrx_word' id='word_1_834' title='bbox 2871 5105 3084 5159; x_wconf 89' lang='lat' dir='ltr'><strong>ratione</strong></span> <span class='ocrx_word' id='word_1_835' title='bbox 3119 5105 3174 5158; x_wconf 88' lang='lat' dir='ltr'><strong>in</strong></span> <span class='ocrx_word' id='word_1_836' title='bbox 3203 5102 3460 5156; x_wconf 88' lang='lat' dir='ltr'><strong>omnibus</strong></span> <span class='ocrx_word' id='word_1_837' title='bbox 3497 5103 3600 5154; x_wconf 89' lang='lat' dir='ltr'><strong>ho-</strong></span> 
     </span>
    </p>
   </div>
   <div class='ocr_carea' id='block_1_113' title="bbox 2009 5191 3599 5266">
    <p class='ocr_par' dir='ltr' id='par_1_113' title="bbox 2009 5191 3599 5266">
     <span class='ocr_line' id='line_1_113' title="bbox 2009 5191 3599 5266; baseline 0 -16"><span class='ocrx_word' id='word_1_838' title='bbox 2009 5196 2256 5250; x_wconf 87' lang='lat' dir='ltr'><strong>minibus</strong></span> <span class='ocrx_word' id='word_1_839' title='bbox 2278 5191 2682 5249; x_wconf 87' lang='lat' dir='ltr'><strong>consideratur.</strong></span> <span class='ocrx_word' id='word_1_840' title='bbox 2719 5195 2873 5249; x_wconf 86' lang='lat' dir='ltr'><strong>At-in</strong></span> <span class='ocrx_word' id='word_1_841' title='bbox 2908 5195 3190 5266; x_wconf 84' lang='lat' dir='ltr'><strong>hypostasi</strong></span> <span class='ocrx_word' id='word_1_842' title='bbox 3219 5193 3599 5250; x_wconf 77' lang='lat' dir='ltr'><strong>Emmauuelis</strong></span> 
     </span>
    </p>
   </div>
   <div class='ocr_carea' id='block_1_114' title="bbox 2016 5285 3598 5343">
    <p class='ocr_par' dir='ltr' id='par_1_114' title="bbox 2016 5285 3598 5343">
     <span class='ocr_line' id='line_1_114' title="bbox 2016 5285 3598 5343; baseline -0.001 -1"><span class='ocrx_word' id='word_1_843' title='bbox 2016 5288 2273 5343; x_wconf 86' lang='lat' dir='ltr'><strong>unionem</strong></span> <span class='ocrx_word' id='word_1_844' title='bbox 2341 5285 2646 5340; x_wconf 82' lang='lat' dir='ltr'><strong>divinitatis</strong></span> <span class='ocrx_word' id='word_1_845' title='bbox 2701 5301 2824 5341; x_wconf 89' lang='lat' dir='ltr'><strong>cum</strong></span> <span class='ocrx_word' id='word_1_846' title='bbox 2896 5287 3242 5341; x_wconf 85' lang='lat' dir='ltr'><strong>humanitate</strong></span> <span class='ocrx_word' id='word_1_847' title='bbox 3298 5287 3598 5341; x_wconf 82' lang='lat' dir='ltr'><strong>essentiam</strong></span> 
     </span>
    </p>
   </div>
   <div class='ocr_carea' id='block_1_115' title="bbox 2017 5378 3600 5449">
    <p class='ocr_par' dir='ltr' id='par_1_115' title="bbox 2017 5378 3600 5449">
     <span class='ocr_line' id='line_1_115' title="bbox 2017 5378 3600 5449; baseline -0.001 -15"><span class='ocrx_word' id='word_1_848' title='bbox 2017 5396 2181 5434; x_wconf 89' lang='lat' dir='ltr'><strong>unam</strong></span> <span class='ocrx_word' id='word_1_849' title='bbox 2213 5393 2475 5449; x_wconf 75' lang='lat' dir='ltr'><strong>negamus</strong></span> <span class='ocrx_word' id='word_1_850' title='bbox 2510 5378 2900 5444; x_wconf 88' lang='lat' dir='ltr'><strong>constituisse;</strong></span> <span class='ocrx_word' id='word_1_851' title='bbox 2929 5378 3135 5446; x_wconf 89' lang='lat' dir='ltr'><strong>alioqui</strong></span> <span class='ocrx_word' id='word_1_852' title='bbox 3167 5379 3462 5433; x_wconf 87' lang='lat' dir='ltr'><strong>essentiam</strong></span> <span class='ocrx_word' id='word_1_853' title='bbox 3494 5378 3600 5432; x_wconf 81' lang='lat' dir='ltr'><strong>bu—</strong></span> 
     </span>
    </p>
   </div>
   <div class='ocr_carea' id='block_1_116' title="bbox 2007 5472 3604 5544">
    <p class='ocr_par' dir='ltr' id='par_1_116' title="bbox 2007 5472 3604 5544">
     <span class='ocr_line' id='line_1_116' title="bbox 2007 5472 3604 5544; baseline 0.001 -16"><span class='ocrx_word' id='word_1_854' title='bbox 2007 5473 2250 5544; x_wconf 78' lang='lat' dir='ltr'><strong>jusmodi</strong></span> <span class='ocrx_word' id='word_1_855' title='bbox 2300 5473 2356 5527; x_wconf 92' lang='lat' dir='ltr'><strong>in</strong></span> <span class='ocrx_word' id='word_1_856' title='bbox 2406 5472 2593 5528; x_wconf 91' lang='lat' dir='ltr'><strong>multis</strong></span> <span class='ocrx_word' id='word_1_857' title='bbox 2620 5472 2856 5542; x_wconf 89' lang='lat' dir='ltr'><strong>perspici</strong></span> <span class='ocrx_word' id='word_1_858' title='bbox 2888 5473 3267 5531; x_wconf 84' lang='lat' dir='ltr'><strong>necessarium</strong></span> <span class='ocrx_word' id='word_1_859' title='bbox 3297 5472 3457 5528; x_wconf 84' lang='lat' dir='ltr'><strong>foret.</strong></span> <span class='ocrx_word' id='word_1_860' title='bbox 3496 5473 3604 5530; x_wconf 62' lang='lat' dir='ltr'><strong>Nae</strong></span> 
     </span>
    </p>
   </div>
   <div class='ocr_carea' id='block_1_117' title="bbox 2019 5568 3602 5640">
    <p class='ocr_par' dir='ltr' id='par_1_117' title="bbox 2019 5568 3602 5640">
     <span class='ocr_line' id='line_1_117' title="bbox 2019 5568 3602 5640; baseline -0.003 -14"><span class='ocrx_word' id='word_1_861' title='bbox 2019 5578 2139 5626; x_wconf 86' lang='lat' dir='ltr'><strong>tura</strong></span> <span class='ocrx_word' id='word_1_862' title='bbox 2185 5568 2357 5636; x_wconf 87' lang='lat' dir='ltr'><strong>enim,</strong></span> <span class='ocrx_word' id='word_1_863' title='bbox 2411 5568 2515 5623; x_wconf 91' lang='lat' dir='ltr'><strong>hoc</strong></span> <span class='ocrx_word' id='word_1_864' title='bbox 2563 5577 2648 5623; x_wconf 87' lang='lat' dir='ltr'><strong>est</strong></span> <span class='ocrx_word' id='word_1_865' title='bbox 2688 5568 2950 5636; x_wconf 86' lang='lat' dir='ltr'><strong>essentia,</strong></span> <span class='ocrx_word' id='word_1_866' title='bbox 2989 5569 3044 5622; x_wconf 92' lang='lat' dir='ltr'><strong>in</strong></span> <span class='ocrx_word' id='word_1_867' title='bbox 3096 5569 3286 5623; x_wconf 88' lang='lat' dir='ltr'><strong>multis</strong></span> <span class='ocrx_word' id='word_1_868' title='bbox 3343 5583 3602 5640; x_wconf 64' lang='lat' dir='ltr'><strong>persequo</strong></span> 
     </span>
    </p>
   </div>
   <div class='ocr_carea' id='block_1_118' title="bbox 3161 5776 3235 5849">
    <p class='ocr_par' dir='ltr' id='par_1_118' title="bbox 3161 5776 3235 5849">
     <span class='ocr_line' id='line_1_118' title="bbox 3161 5776 3235 5849; baseline 0.122 -9"><span class='ocrx_word' id='word_1_869' title='bbox 3161 5776 3235 5849; x_wconf 77' lang='lat'><strong>93</strong></span> 
     </span>
    </p>
   </div>
  </div>
