4016 6208
490 309 628 371 9935

1521 304 1579 367 S.
1614 307 1927 371 EULOGII
1961 311 2316 373 ARCHIEP.
2354 314 2731 375 ALEXAND.

3588 320 3737 383 2056

488 430 793 501 spectatur,
827 433 886 478 ut
911 430 1190 479 ostensum
1214 432 1317 478 est.
1347 418 1403 478 Si
1429 423 1595 495 igitur
1615 432 1866 480 naturam
1893 439 2053 479 unam

2158 424 2343 495 νουὴλ,
2367 424 2503 494 ὅπερ
2522 423 2623 477 οὐκ
2648 424 2782 479 ἔστι.
2806 427 2956 497 Μηδὲ
2976 427 3226 482 τοσοῦτον
3247 433 3735 502 παραφρονήσειαν

485 515 754 596 ambabus
804 516 1062 570 constitui
1087 517 1090 519 λ
1118 514 1406 582 alﬁrment,
1437 516 1687 572 essentiaa
1717 514 1962 587 ejusdem
1991 530 2055 571 ac

487 608 809 662 Emmanuel
851 607 943 662 alii
994 617 1276 662 consortes
1324 616 1509 673 erunt,
1537 607 1683 678 quod
1718 624 1908 663 verum
1942 623 2053 662 non

485 711 588 756 est.
622 700 732 755 Nec
765 700 853 755 isti
892 700 1264 771 sycophantae,
1312 701 1616 771 quamlibet
1680 701 1792 758 Deo
1849 703 2053 758 bellum

873 813 943 867 Et
985 814 1299 885 quibusdam
1328 814 1614 885 interjectis
1649 834 1666 869 :

558 903 987 969 Humanitatem,
1022 904 1151 975 quia
1174 919 1242 959 ex
1277 904 1512 961 diversis
1558 907 1725 962 rebus
1751 907 2053 978 composita

484 1008 590 1061 est,
625 998 789 1051 unius
817 997 1072 1052 essentia:
1127 997 1394 1061 dicimus,
1456 1013 1564 1052 non
1616 999 1836 1069 quidem
1869 998 2054 1053 habita

481 1090 699 1144 ratione
741 1088 937 1143 animae
969 1096 1026 1143 et
1072 1089 1337 1158 corporis,
1373 1088 1467 1143 sed
1522 1076 1694 1161 magis
1740 1091 1861 1160 ejus
1907 1089 2053 1160 quod

485 1195 775 1236 commune
797 1188 912 1246 est;
938 1180 1140 1251 quippe
1157 1196 1280 1235 cum
1310 1181 1364 1234 in
1389 1180 1645 1239 omnibus
1666 1197 1787 1251 quas
1806 1182 2055 1254 ejusdem

486 1271 688 1341 speciei
732 1279 895 1335 sunt,
939 1270 1308 1325 communiter
1353 1269 1754 1326 consideretur.
1789 1270 1925 1326 Nam
1963 1285 2053 1325 es-

488 1365 678 1418 sentia:
705 1361 956 1416 deﬁnitio
983 1362 1102 1416 hare
1153 1370 1259 1426 est,
1319 1374 1484 1431 quam
1539 1361 1775 1415 Basilius
1827 1360 2055 1415 tradidit

484 1454 722 1515 dicendo
776 1452 1287 1520 :Quemadmodum
1343 1466 1633 1507 commune
1686 1465 1744 1506 se
1777 1450 1945 1506 habet
1985 1450 2052 1504 ad

482 1545 837 1616 particulare,
859 1544 938 1598 sic
971 1542 1209 1598 essentia
1251 1541 1319 1597 ad
1342 1541 1695 1613 hypostasim.
1721 1540 1893 1611 Igitur
1914 1541 2054 1595 ratio

485 1635 896 1691 communitatis
956 1632 1376 1698 humanitatem,
1444 1647 1567 1703 quas
1622 1632 1678 1686 in
1736 1631 2055 1687 hominibus

485 1728 804 1798 inspicitur,
832 1727 993 1783 unius
1022 1741 1142 1781 esse
1163 1724 1418 1781 essentiae
1442 1722 1680 1779 dicimus
1704 1742 1717 1777 :
1748 1724 1876 1793 quia
1903 1738 2053 1779 eom-

2162 515 2212 567 οί
2244 515 2338 567 νύν
2389 514 2742 583 συκοφάνται,
2772 517 2944 569 εἶκαὶ
2998 517 3118 591 λίαν
3170 519 3427 591 θεομάχοι
3488 522 3586 574 καὶ
3629 521 3734 591 τῆς

2160 605 2420 676 ἀληθείας
2444 605 2631 677 ἐχθροὶ
2656 605 3052 677 καθεστήκασι.

2093 701 2353 766 inferant,
2384 715 2451 756 eo
2486 700 2739 755 amentiae
2765 701 3039 771 venerint,
3072 711 3133 757 ut
3162 713 3216 758 et
3245 704 3351 771 hoc
3385 712 3645 760 astruant.

2698 815 2803 870 Kal
2838 814 2967 885 μεθ’
2990 814 3161 885 ἕτερα
3178 832 3192 846 ·

2231 908 2342 977 Τὴν
2392 906 2788 977 ἁνθρωπότητα
2840 906 3092 963 σύνθετον
3147 903 3312 963 οὖσαν
3357 908 3416 974 ἐξ
3461 908 3721 979 ἀνομοίων

2159 1000 2497 1069 πραγμάτων
2534 1000 2663 1069 μιᾶς
2690 999 2877 1062 οὐσίας
2910 1000 3108 1069 φαμὲν,
3141 1001 3203 1053 οὐ
3233 1001 3372 1072 πρθς
3416 1001 3515 1071 τὴν
3541 1002 3726 1067 διαρο-

2160 1093 2259 1161 ρὰν
2297 1091 2395 1161 τῆς
2433 1090 2611 1160 ψυχῆς
2664 1089 2759 1144 καὶ
2786 1088 3062 1159 σώματος,
3114 1091 3248 1145 ἀλλὰ
3278 1091 3413 1161 πρὸς
3459 1091 3519 1144 τὸ
3549 1090 3729 1144 κοινὸν

2157 1182 2470 1253 ἀφορῶντες
2489 1200 2503 1213 ·
2546 1182 2628 1235 ὅτι
2687 1181 2882 1245 κοινῶς
2903 1183 2960 1235 ὲν
2985 1184 3121 1235 πᾶσι
3162 1184 3273 1247 τοῖς
3304 1183 3393 1235 ὐπ’
3419 1182 3554 1236 αὐτὸ
3593 1183 3730 1235 ἀνα-

2156 1273 2408 1341 γομένοις
2473 1272 2782 1343 θεωρεῖται.
2847 1267 3015 1338 Οὗτος
3060 1274 3166 1343 γάρ
3223 1275 3339 1326 ὲστι
3384 1276 3485 1341 τῆς
3539 1272 3730 1335 οὐσίας

2157 1364 2303 1434 ὄρος,
2341 1361 2416 1425 ὡς
2470 1361 2755 1427 Βασίλειος
2803 1364 3093 1418 ἐπαίδευσε
3118 1363 3312 1433 λέγῳν,
3365 1365 3450 1418 ὅτι
3488 1366 3586 1417 Ὃν
3615 1364 3733 1433 ἔχει

2156 1458 2315 1525 λόγον
2350 1458 2413 1512 τὸ
2461 1457 2800 1529 κοινδνπρύς
2831 1459 2891 1512 τὸ
2937 1459 3089 1522 ἴδιον,
3119 1459 3306 1515 τοῦτον
3362 1458 3475 1529 ἔχει
3509 1461 3542 1527 ἡ
3567 1458 3728 1511 οὐσία

2158 1549 2294 1620 πρὸς
2333 1549 2431 1620 τὴν
2474 1550 2792 1603 ὑπόστασιν.
2827 1548 2985 1603 Κατὰ
3013 1548 3203 1602 τοῦτον
3232 1548 3324 1601 οὖν
3353 1547 3445 1600 τὸν
3489 1551 3591 1615 τῆς
3617 1564 3739 1600 κοι-

2156 1641 2378 1711 νότητος
2406 1640 2583 1709 λόγον,
2623 1641 2753 1710 μιᾶς
2782 1641 2971 1702 οὐσίας
2994 1640 3170 1709 φαμὲν
3193 1638 3291 1710 τὴν
3317 1642 3375 1692 ὲν
3419 1637 3738 1708 ἀνθρώποις

2157 1731 2552 1803 ἀνθρωπότητα
2575 1747 2590 1763 ·
2622 1731 2703 1784 ὅτι
2740 1730 2934 1794 κοινῶς
2959 1732 3017 1783 ἐν
3067 1731 3235 1783 πᾶσιν
3285 1728 3591 1800 ἀνθρώποις
3615 1731 3738 1791 τοῖς

485 1819 636 1875 muni
661 1819 876 1873 ratione
897 1817 1152 1872 omnibus
1173 1824 1229 1872 et
1250 1815 1547 1886 unicuique
1574 1815 1786 1869 homini
1811 1830 1875 1870 ex
1897 1830 2053 1885 aequo

2162 1821 2281 1874 καθ’
2307 1820 2536 1873 ἕκαστον
2566 1820 2658 1873 κοιλ⁵
2688 1819 2746 1886 ἐξ
2777 1818 2891 1872 ἴσου
2937 1818 3173 1890 ὑπάρχει
3205 1818 3267 1871 to
3290 1813 3431 1873 εἶναι
3461 1817 3605 1882 ζῶον
3642 1817 3740 1870 λος

485 1910 744 1967 convenit
786 1918 846 1963 ut
891 1908 963 1964 sit
998 1907 1200 1962 animal
1247 1906 1537 1972 rationale,
1579 1903 1956 1975 intelligentiae
2001 1914 2057 1961 et

486 2002 789 2073 disciplinae
815 2016 1003 2071 capax.
1033 2000 1187 2056 Istaec
1210 1999 1359 2055 enim
1405 1982 1764 2053 huiuanilatis
1803 1997 2054 2053 deﬁnitio

484 2103 587 2149 est.
610 2093 714 2150 Ubi
745 2106 876 2147 vero
898 2104 1194 2160 pensamus
1223 2104 1286 2145 ea
1308 2105 1375 2144 ex
1397 2087 1600 2159 quibus
1623 2098 1861 2154 constat,
1889 2098 2054 2158 atque

485 2184 720 2237 animam
764 2181 1133 2245 nominamus,
1166 2188 1220 2234 et
1258 2193 1460 2249 corpus
1491 2177 1926 2243 consideramus,
1956 2193 2055 2231 ne-

485 2290 759 2349 quaquam
785 2272 1094 2329 inﬁciamur
1115 2280 1410 2340 utrumque
1434 2267 1662 2324 diversae
1678 2279 1886 2324 natura:
1909 2284 2052 2332 esse,

484 2378 541 2424 et
566 2383 686 2437 qua:
716 2364 1078 2421 essentiarum
1105 2364 1297 2418 harum
1324 2362 1544 2434 propria
1566 2370 1714 2427 sunt,
1737 2362 1902 2416 etiam
1929 2370 2053 2432 post

488 2459 791 2514 unitionem
823 2471 1063 2511 manere.
1093 2455 1227 2510 Nam
1264 2454 1309 2509 si
1341 2469 1542 2523 corpus
1586 2459 1643 2509 et
1693 2453 1876 2507 anima
1926 2462 2054 2508 sunt

484 2550 730 2621 ejusdem
759 2559 1031 2611 essentne,
1064 2544 1510 2615 quandoquidem
1543 2543 1735 2598 eadem
1785 2543 1924 2598 ratio
1971 2552 2056 2597 est

486 2656 677 2694 eorum
712 2654 834 2708 quae
864 2635 1241 2692 coessentialia
1272 2642 1403 2689 sunt
1437 2633 1667 2704 (alioqui
1697 2649 1829 2688 vero
1855 2649 2057 2704 corpus

488 2730 816 2799 corruptela;
840 2727 1137 2783 obnoxium
1151 2725 1280 2796 est),
1300 2724 1530 2780 omnino
1547 2723 1799 2794 sequitur
1818 2724 2054 2779 animam

2163 1905 2319 1974 γικὸν
2351 1905 2565 1976 θνητὸν,
2600 1905 2693 1958 νοῦ
2752 1907 2846 1959 καὶ
2885 1908 3197 1978 ἐπιστήμης
3250 1906 3531 1962 δεκτικόν·
3570 1898 3737 1969 οὗτος

2161 1997 2267 2069 γὰρ
2320 2000 2347 2051 ὁ
2385 1998 2509 2068 ὄρος
2541 1998 2639 2066 τῆς
2671 1998 3109 2069 ἀνθρωπότητος.
3156 1997 3330 2052 Ἐπὰν
3358 1997 3413 2051 δὲ
3443 1997 3514 2050 τὰ
3557 1998 3619 2063 ἐξ
3655 1992 3738 2050 {sv

2159 2090 2274 2142 ἔστι
2304 2087 2671 2159 λογισώμεθα,
2701 2090 2794 2141 καὶ
2816 2090 2991 2161 ψυχὴν
3029 2088 3407 2159 ὀνομάσωμεν,
3438 2090 3534 2143 καὶ
3566 2088 3736 2158 σῶμα

2161 2180 2546 2250 σκοπήσωμεν,
2581 2180 2642 2232 τὸ
2675 2180 2966 2251 έτεροφυὲς
2998 2181 3091 2236 καὶ
3119 2181 3188 2234 τὰ
3214 2181 3320 2235 ἴδια
3363 2180 3473 2234 τῶν
3528 2181 3736 2234 οὐσιῶν

2160 2271 2255 2322 καὶ
2285 2271 2423 2340 μετὰ
2448 2269 2545 2340 τὴν
2586 2270 2782 2325 ἕνωσιν
2821 2272 2919 2325 οὐκ
2948 2271 3339 2343 ἀρνηθείημεν.
3374 2271 3437 2324 Εί
3471 2271 3582 2342 γὰρ
3625 2269 3733 2336 τῆς

2155 2363 2325 2434 αὐτῆς
2352 2363 2541 2427 οὐσίας
2572 2362 2632 2416 τὸ
2660 2364 2819 2435 σῶμα
2852 2366 2944 2417 καὶ
2966 2367 2998 2435 ὴ
3021 2364 3187 2434 ψυχὴ.
3210 2365 3315 2417 τῶν
3337 2362 3394 2416 δὲ
3426 2359 3733 2432 ὁμοουσίων

2155 2454 2183 2505 ὁ
2207 2454 2369 2515 αὐτὸς
2394 2455 2574 2523 λόγος,
2610 2454 2847 2526 φθαρτὴν
2878 2455 2934 2509 δὲ
2962 2454 3023 2508 τὸ
3057 2455 3237 2526 σῶμα,
3274 2452 3468 2507 οὐκοῦν
3496 2455 3605 2524 ἄρα
3634 2453 3734 2503 καὶ

2157 2547 2190 2616 ἡ
2223 2544 2369 2617 ψυχὴ
2389 2545 2781 2617 διαφθείρεται,
2813 2548 2907 2601 καὶ
2945 2545 3004 2599 τὸ
3029 2545 3206 2613 λέγειν
3258 2543 3527 2599 ἀθάνατον
3586 2539 3734 2595 εἶναι

2157 2637 2257 2709 τὴν
2294 2636 2490 2708 ψυχὴν,
2537 2636 2732 2709 ψευδὲς
2777 2636 3222 2708 ἀναδειχθήσεται
3275 2637 3364 2691 διὰ
3408 2636 3510 2700 τὰς
3575 2634 3735 2705 ὐμῶν

2160 2726 2419 2797 ἀνοήτους
2441 2727 2791 2797 κενοφωνίας.

488 2821 905 2892 corruptibilem
937 2835 1077 2885 esse,
1144 2828 1202 2876 et
1268 2828 1495 2890 propter
1528 2819 1752 2873 insanas
1787 2818 2126 2889 nugacitates
2162 2829 2373 2877 vestras
2413 2819 2535 2877 falsi
2571 2832 2832 2895 arguetur
2882 2821 2936 2877 id
2981 2821 3131 2893 quod
3161 2821 3460 2887 asseritur,
3491 2819 3735 2875 animam

488 2934 609 2991 esse
645 2917 1027 2975 immortalem.

876 3032 960 3088 Ea:
984 3032 1198 3105 Eulogii
1227 3031 1669 3089 Defensionibus.

2452 3025 2546 3080 Ἐκ
2591 3024 2709 3080 τῶν
2746 3028 3043 3098 Εὑλογίου
3080 3026 3442 3099 Συνηγοριῶν.

1718 3139 1855 3209 Aug.
1892 3138 2015 3203 ΜΑι,
2046 3138 2084 3191 l.
2115 3152 2163 3191 c.
2194 3150 2247 3204 p.
2279 3135 2367 3197 6|,
2400 3136 2485 3189 (3‘2.

548 3256 857 3316 Sciendum
884 3257 1028 3310 enim
1052 3262 1137 3310 est
1185 3267 1304 3318 nos,
1332 3252 1552 3322 quando
1588 3252 1950 3322 compositum
1978 3252 2053 3306 di-

492 3350 672 3404 cimus
702 3360 865 3400 unam
896 3343 1146 3399 absolute
1175 3350 1449 3407 naturam,
1481 3341 1706 3396 minime
1730 3356 1891 3410 posse
1924 3356 2053 3412 pro-

494 3440 613 3512 prie
641 3439 693 3492 in
718 3437 822 3491 hoc
860 3434 1192 3505 simplicium
1218 3431 1482 3487 adhibere
1513 3433 1773 3486 nomina:
1821 3432 2055 3501 exempli

494 3529 689 3601 gratia,
739 3540 940 3596 corpus
969 3540 999 3579 e
1036 3530 1272 3594 quatuor
1316 3521 1603 3577 elementis
1653 3529 1931 3584 constans,
1990 3535 2057 3573 ex

476 3630 634 3691 'aqua
650 3619 902 3682 dicimus,
926 3627 1095 3679 terra,
1116 3629 1245 3670 aere
1271 3622 1327 3669 et
1348 3614 1471 3684 igne
1487 3626 1720 3682 ;-aquam
1749 3622 1805 3666 et
1832 3620 2053 3677 terram,

497 3726 681 3766 aerem
728 3718 784 3765 et
834 3708 1013 3779 ignem
1059 3706 1278 3776 proprie
1326 3719 1439 3778 non
1483 3701 2007 3773 possumus'dicere
2039 3740 2055 3764 ,

499 3813 554 3858 et
610 3802 733 3856 ideo
782 3813 945 3854 unam
981 3796 1268 3867 corporis,
1330 3805 1581 3850 naturam
1642 3806 1937 3857 vocamus,
1991 3807 2058 3847 eo

496 3891 641 3960 quod
670 3889 816 3944 istud
840 3888 1061 3959 proprie
1079 3886 1412 3957 simplicium
1441 3885 1759 3940 nominibus
1772 3884 2058 3955 designare

495 4000 605 4039 non
656 3983 920 4038 valemus.
973 3980 1134 4044 Item,
1159 3996 1191 4036 e
1232 3980 1505 4051 lapidibus
1546 3988 1602 4035 et
1640 3979 1802 4049 lignis
1834 3978 2056 4032 domum

496 4072 751 4136 dicimus,
780 4070 927 4123 illam
972 4078 1156 4124 autem
1188 4083 1291 4123 nec
1329 4068 1474 4139 ligna
1512 4082 1613 4121 nec
1637 4066 1847 4136 lapides
1871 4065 2058 4119 nullus

497 4165 685 4227 posset
744 4154 1053 4219 nominare,
1105 4153 1152 4208 si
1205 4153 1446 4223 propriis
1482 4152 1711 4208 vocibus
1743 4152 1823 4208 uti
1870 4152 2052 4206 vellet.

498 4248 630 4301 Item
656 4244 931 4298 hominem
958 4243 1140 4298 anima
1161 4252 1219 4297 et
1256 4256 1489 4313 corpore
1514 4250 1768 4296 constare
1796 4240 2053 4306 dicimus,

498 4346 609 4383 non
641 4337 825 4383 autem
856 4328 1080 4399 proprie
1103 4343 1225 4383 esse
1247 4328 1485 4382 animam
1510 4336 1566 4382 et
1595 4342 1828 4396 corpus;
1864 4335 1921 4382 et
1951 4326 2056 4383 hoc

496 4419 726 4473 evidens
755 4427 840 4472 est
877 4432 945 4472 ex
972 4432 1039 4472 eo
1066 4417 1211 4487 quod
1257 4416 1549 4493 nequimus
1582 4416 1776 4472 anima:
1806 4424 1901 4472 aut
1929 4433 2055 4472 cor-

2241 3246 2437 3300 Ἰστέον
2480 3246 2586 3318 γὰρ
2624 3247 2706 3299 ὅτι
2747 3248 2865 3300 τότε
2900 3247 2959 3300 τὸ
3000 3246 3252 3302 σύνθετον
3287 3247 3416 3318 μίαν
3442 3248 3734 3314 dmum;

2152 3338 2382 3408 λέγομεν
2435 3340 2626 3408 φύσιν,
2677 3340 2766 3391 ὅτε
2817 3340 3015 3409 μηκέτι
3064 3340 3339 3411 δυνάμεθα
3385 3342 3592 3413 κυρίως
3638 3341 3737 3397 ἐπ’

2156 3430 2318 3485 αὐτοῦ
2358 3429 2429 3483 τὰ
2469 3430 2576 3482 τῶν
2611 3429 2796 3483 ἁπλῶν
2823 3430 3007 3499 λέγειν
3043 3431 3304 3502 ὀνόματα·
3339 3428 3451 3485 οἷόν
3478 3450 3532 3486 τι
3562 3433 3732 3503 λέγω*

2156 3522 2228 3575 Τὸ
2278 3522 2341 3574 ὲκ
2391 3521 2673 3590 τεσσάρων
2720 3521 2997 3592 στοιχείων
3047 3521 3207 3592 σῶμα
3261 3523 3737 3593 συγκείμενον,ἑξ

2158 3611 2368 3676 ὓδατος,
2391 3610 2623 3680 ἔφαμεν,
2651 3611 2744 3665 καὶ
2783 3611 2887 3681 γῆς
2925 3612 3086 3681 ἀέρος
3110 3628 3167 3665 τε
3215 3615 3309 3667 καὶ
3340 3614 3532 3685 πυρὸς,
3583 3613 3739 3686 ὕδωρ

2157 3703 2246 3755 καὶ
2279 3702 2384 3771 γῆν
2421 3702 2557 3771 ἀέρα
2594 3718 2656 3754 τε
2695 3701 2790 3754 καὶ
2826 3701 2938 3774 πῦρ
2968 3702 3068 3756 οὐκ
3113 3702 3180 3757 ἂν
3215 3703 3464 3776 εἴποιμεν
3500 3706 3735 3777 κυρίως,

2157 3791 2250 3846 καὶ
2275 3792 2362 3845 διὰ
2386 3792 2542 3845 τοῦτο
2575 3791 2703 3862 μίαν
2729 3792 2983 3864 σώματος
3006 3794 3166 3863 φύσιν
3196 3795 3629 3868 ἐπονομάζομεν,
3653 3797 3738 3860 ὡς

2160 3884 2356 3953 μηκέτι
2388 3882 2521 3935 αὐτὸ
2543 3882 2747 3953 κυρίως
2778 3886 2895 3949 τοῖς
2917 3885 3143 3956 ὀνόμασι
3173 3886 3283 3940 τῶν
3315 3887 3504 3941 ἁπλῶν
3538 3891 3736 3942 ἐπονο-

2160 3975 2351 4044 μάζειν
2385 3974 2677 4043 ίσχύοντες’
2710 3975 2807 4029 καὶ
2836 3977 2998 4030 πάλιν
3024 3979 3089 4031 ὲκ
3117 3977 3279 4032 λίθων
3311 3980 3404 4032 καὶ
3433 3977 3609 4044 ξύλων
3634 3978 3737 4051 τὴν

2157 4064 2334 4118 οἰκίαν
2364 4065 2565 4135 φαμὲν,
2611 4066 2740 4131 ξύλα
2777 4066 2835 4119 δὲ
2872 4068 3042 4137 αὐτὴν
3071 4070 3166 4123 καὶ⁵
3195 4068 3378 4133 λίθους
3411 4069 3514 4123 οὐκ
3544 4070 3614 4125 ἄν
3646 4088 3738 4135 τις

2156 4156 2409 4222 καλέσοι,
2443 4157 2659 4227 κυρίαις
2686 4156 2867 4223 λέξεσι
2903 4158 3140 4229 χρῆσθαι
3177 4159 3533 4230 βουλόμενος
3566 4160 3735 4215 πάλιν

2156 4247 2247 4300 τὸν
2275 4248 2558 4317 ἄνθρωπον
2597 4250 2661 4301 ὲκ
2706 4247 2882 4319 ψυχῆς
2931 4249 3023 4303 καὶ
3071 4248 3322 4320 σώματος
3353 4246 3498 4304 σῐναί
3526 4267 3733 4320 φαμεν,

2160 4337 2319 4406 σῶμα
2370 4337 2426 4390 δὲ
2472 4337 2568 4391 καὶ
2612 4337 2790 4408 ψυχὴν
2830 4338 3011 4392 οὐκέτι
3055 4339 3280 4409 κυρίως·
3329 4341 3425 4393 καὶ
3468 4339 3633 4411 δῆλον
3668 4344 3734 4392 ἐκ

2156 4426 2250 4480 τοῦ
2284 4428 2360 4500 μὴ
2386 4427 2644 4482 δύνασθαι
2671 4428 2760 4483 τὸν
2792 4432 2890 4499 τῆς
2917 4429 3097 4499 ψυχῆς
3127 4429 3161 4501 ἢ
3200 4428 3294 4484 τοῦ
3324 4431 3576 4500 σώματος
3607 4433 3732 4501 ὅρον

498 4509 647 4580 poris
685 4506 1057 4562 deﬁnitionem
1091 4507 1149 4560 in
1182 4514 1475 4573 utrumque
1503 4504 1767 4558 adhibere
1788 4544 1802 4570 ,
1840 4512 1896 4558 et
1921 4518 2051 4573 pro-

2156 4517 2251 4570 ἐπὶ
2290 4516 2384 4572 τοῦ
2436 4519 2848 4589 συναμφοτέρου
2894 4519 3225 4587 ἀποδιδόναι,
3245 4519 3340 4573 καὶ
3359 4520 3548 4574 τούτου
3566 4521 3734 4591 χάριν

497 4613 683 4672 pterea
710 4615 778 4655 ex
823 4598 1039 4653 duobus
1087 4596 1298 4651 naturis
1341 4610 1462 4651 esse
1517 4594 1772 4650 dicimus.
1816 4595 2054 4650 Diversae

394 4686 395 4689 “
494 4696 640 4749 enim
667 4702 877 4757 naturae
902 4691 1287 4762 componentia
1323 4700 1379 4746 et
1418 4689 1647 4745 diversa:
1672 4690 1904 4745 invicem
1927 4690 2057 4744 sub-

494 4784 728 4849 stantiae,
788 4798 953 4838 unam
999 4783 1054 4836 iu
1088 4782 1395 4853 composito
1426 4788 1679 4837 naturam
1710 4790 2049 4852 reputamus.

470 4878 611 4952 .Non
635 4877 781 4931 enim
829 4889 1030 4945 corpus
1055 4881 1111 4929 et
1132 4873 1370 4929 animam
1396 4873 1617 4944 proprie
1640 4873 1927 4945 loquentes
1954 4887 2053 4926 vo-

470 4983 680 5043 .camus
717 4967 1017 5031 hominem,
1076 4966 1178 5021 etsi
1208 4961 1487 5020 assuetum
1517 4964 1588 5019 sit
1620 4964 1917 5034 Scriptura:
1947 4980 2049 5019 sce-

489 5056 614 5127 pius
633 5055 884 5112 libertate
906 5054 1081 5109 utc-nti
1107 5053 1334 5125 spiritus
1359 5062 1514 5123 parte
1537 5063 1711 5108 totum
1736 5053 2048 5124 designare,

494 5157 749 5217 tanquam
794 5162 902 5200 non
940 5145 1223 5200 submissae
1263 5146 1392 5216 jugo
1431 5146 1715 5200 servitutis
1752 5146 2051 5202 dialectica:

490 5238 764 5293 vanitatis.
793 5239 853 5293 In
909 5238 1131 5294 Christo
1164 5247 1349 5292 autem
1384 5238 1682 5294 ineﬁ‘abilis
1723 5246 1779 5293 et
1807 5254 1913 5293 non
1946 5240 2047 5292 hu-

488 5342 649 5381 mana
689 5327 1056 5399 intelligentia
1110 5327 1238 5382 huic
1270 5327 1463 5381 anima:
1486 5328 1675 5398 juncta
1702 5337 1788 5383 est
1824 5344 1926 5383 nec
1965 5329 2042 5399 ju-

486 5426 631 5472 stum
660 5420 971 5490 exemplum
1004 5419 1059 5472 in
1093 5419 1350 5473 omnibus
1402 5420 1654 5475 invenire
1685 5420 1899 5474 ratione
1923 5435 2050 5489 pos-

486 5519 695 5569 sumus,
733 5522 857 5560 eum
901 5507 1056 5560 illum
1100 5521 1209 5560 non
1241 5508 1418 5562 solum
1459 5523 1525 5562 ex
1558 5502 1844 5564 divinitate
1865 5518 1921 5564 et
1952 5509 2049 5563 hu-

472 5594 744 5649 ‘manitate
772 5608 1023 5651 constare
1063 5598 1317 5659 dicimus,
1377 5597 1469 5652 sed
1497 5597 1552 5651 in
1596 5600 1689 5653 illo
1724 5599 1804 5653 uti
1833 5599 2046 5670 simpli-

2155 4609 2220 4664 ἔκ
2250 4607 2342 4662 δύο
2392 4609 2607 4678 φύσεων
2650 4609 2899 4679 λέγοντες
2946 4610 3237 4682 (ἑτεροφυῆ
3280 4610 3393 4682 γὰρ
3421 4613 3493 4669 τὰ
3534 4612 3734 4664 συνελ-

2157 4698 2317 4753 θόντα
2368 4700 2462 4754 καὶ
2516 4700 2764 4769 ἀλλήλοις
2813 4701 2912 4772 οὐχ
2967 4699 3273 4773 ὁμοούσιο),
3319 4699 3446 4771 μίαν
3493 4702 3589 4754 ἐπὶ
3637 4702 3737 4755 τοῦ

2156 4789 2410 4843 συνθέτου
2447 4789 2608 4859 φύσιν
2634 4788 2956 4861 δοξάζομεν*
2989 4790 3111 4844 οὐδὲ
3153 4793 3262 4862 γὰρ
3292 4790 3451 4861 σῶμα
3482 4789 3734 4862 ἣνψυχὴν

2154 4883 2629 4954 κυριολεκτοῢντες
2667 4886 3050 4957 ἀποκαλοῢμεν
3087 4889 3179 4942 τὸν
3207 4888 3527 4959 ἄνθρωπον,
3555 4890 3609 4941 εἰ
3642 4890 3736 4944 καὶ

2156 4974 2382 5042 σύνηθες
2406 4978 2473 5051 τῇ
2502 4976 2690 5048 Γραφῇ
2722 4977 2978 5041 πολλάκις
3014 4981 3080 5049 τῇ
3104 4978 3387 5051 ἐλευθερία
3410 4980 3733 5052 κεχρημένη

2155 5064 2253 5118 τοῦ
2288 5067 2602 5137 Πνεύματος
2621 5069 2685 5120 ἐκ
2702 5067 2795 5121 τοῦ
2820 5069 3017 5139 μέρους
3032 5070 3093 5123 τὸ
3111 5070 3229 5129 ὅλον
3252 5070 3637 5140 ἐπονομάζειν,
3655 5071 3730 5134 ὡς

2156 5153 2304 5223 ζυγῷ
2327 5154 2569 5219 δουλείας
2588 5157 2687 5210 οὐκ
2709 5158 3001 5231 ἐνεχομένῃ
3019 5159 3117 5224 τῆς
3131 5159 3475 5229 διαλεκτικῆς
3501 5162 3731 5230 ματαιό-

2151 5263 2331 5315 τητοςο
2350 5248 2441 5299 ἐπὶ
2468 5248 2524 5301 δὲ
2543 5248 2636 5301 τοῦ
2653 5248 2884 5318 Χριστοῦ
2900 5250 3175 5324 ἄφραστος
3198 5250 3295 5321 μιν
3325 5251 3431 5313 καὶ
3458 5251 3731 5322 ἀλάλητός

2155 5340 2269 5392 ἐστι
2299 5342 2331 5410 ἡ
2359 5340 2551 5404 ’ἐνωσις
2579 5342 2677 5397 οὐκ
2698 5339 3035 5415 ἀνθρώπινος
3065 5344 3186 5407 νοῦς
3217 5345 3423 5416 ταύτης
3464 5346 3726 5415 ἐφίκοιτο,

2148 5429 2268 5482 οὐδὲ
2317 5431 2663 5502 παράδειγμα
2694 5433 2871 5504 εὐρείν
2899 5434 3011 5489 1ὅσον
3044 5435 3185 5495 κατά
3220 5452 3283 5504 γε
3311 5437 3515 5502 πάντα.
3542 5435 3689 5504 λέγω
3708 5475 3722 5501 ,

2150 5519 2656 5594 δυνήσεται,ὲπειδὴ
2680 5525 2735 5578 δὲ
2758 5525 2919 5579 αὐτὸν
2943 5526 3003 5579 οὐ
3032 5526 3190 5596 μόνον
3216 5529 3279 5581 ὲκ
3314 5526 3570 5599 θεότητος
3591 5525 3721 5582 εἶναι

2155 5613 2246 5663 καὶ
2300 5611 2395 5664 ἀνθ
2403 5615 2714 5684 ρωπὸτητός
2736 5633 2933 5686 φαμεν,
2962 5616 3095 5671 ἀλλὰ
3118 5619 3346 5682 καὶτοῖς
3361 5619 3623 5690 ὀνόμασιν
3639 5617 3716 5672 ἐπ’

487 5684 630 5736 cium
665 5685 999 5739 nominibus.
1046 5686 1217 5741 Deum
1246 5687 1391 5739 enim
1415 5686 1649 5743 dicimus
1677 5688 1959 5746 Christum
1987 5703 2043 5747 et

2155 5700 2309 5753 αὐτοῦ
2367 5702 2681 5774 κεχρήμεθα
2712 5684 2826 5758 τῶν
2848 5705 3201 5779 ἁπλῶψθερν
3235 5707 3343 5783 γὰρ
3376 5684 3613 5781 λέἧομεν
3638 5710 3707 5763 τὸν
