4016 6208
281 361 423 426 2057

276 565 460 632 λέγειν
508 567 710 638 κυρίως
759 571 860 623 οῦκ
908 569 1121 640 ἔχομεν·
1174 574 1379 643 κυρίως
1426 578 1531 648 γὰρ
1581 580 1675 632 καὶ

270 752 534 822 ἀλήθειαν
569 754 835 811 Θεοτόκον
876 758 975 828 τῆν
1018 761 1182 827 ἁγίαν
1222 761 1496 832 Παρθένον
1532 766 1737 835 φαμέν·
1773 770 1865 821 καὶ

268 848 483 918 κυρίως
536 850 658 903 κατ’
709 852 968 921 ἀλήθειαν
1019 854 1307 926 ἅνθρωπος
1347 860 1374 910 ὁ
1417 860 1599 923 αὐτὸς,
1648 861 1865 931 ἀληθῶς

266 940 587 1004 ἀποθανὼν,
643 944 863 1015 ἀληθῶς
913 947 1184 1010 ἀναστάς·
1239 950 1429 1003 τούτου
1485 953 1645 1020 χάριν
1701 955 1863 1008 αὐτὸν

268 1031 406 1101 μίαν
440 1033 601 1101 φύσιν
634 1036 821 1101 ἁπλῶς
856 1039 1029 1094 εἰπεῖν
1057 1040 1339 1095 ἀδύνατον·
1379 1043 1466 1096 διὰ
1496 1043 1656 1099 τοῦτο
1683 1048 1862 1100 τοίνυν

261 1123 432 1190 ἡμεῖς
461 1126 552 1177 καὶ
576 1126 638 1178 ὲκ
664 1126 757 1180 δύο
785 1127 1017 1199 λέγομεν
1039 1132 1276 1201 φύσεων,
1302 1134 1491 1204 ἐπειδὴ
1520 1137 1582 1189 ὲκ
1606 1138 1861 1208 Θεότητος

258 1211 431 1264 αὐτὸν
484 1214 644 1285 ῐσμεν
700 1217 795 1269 καὶ
845 1218 1266 1293 ἀνθρωπότητος
1320 1226 1709 1295 συγκείμενον,
1766 1233 1859 1281 καὶ

257 1304 534 1376 ἑτεροφυῆ
571 1308 637 1361 τὰ
665 1310 989 1365 συνελθόντα
1019 1314 1378 1386 γνωρίζομεν·
1418 1318 1510 1370 καὶ
1541 1318 1635 1371 δύο
1666 1319 1857 1389 φύσεις

253 1393 575 1467 διαιρετοὺς
634 1399 895 1455 ἑπάὺτοῦ
954 1402 1225 1474 λέγομεν,
1300 1406 1487 1477 ἐπειδὴ
1558 1408 1690 1462 Θεὸν
1761 1412 1856 1465 καὶ

254 1485 556 1557 ἄνθρωπον
577 1492 783 1561 κυρίως
803 1492 892 1546 τὸν
915 1494 1080 1547 αὐτὸν
1099 1492 1239 1550 εἶναι
1262 1497 1580 1569 δοξάζομεν·
1603 1500 1853 1573 καθάπερ

250 1574 282 1626 ὁ
340 1576 400 1628 ἐν
454 1577 632 1645 ἁγίοις
682 1585 818 1649 φησὶ
875 1582 1144 1654 Κύριλλος
1190 1586 1248 1638 ἐν
1301 1590 1385 1668 τῇ,
1434 1588 1659 1661 δευτέρᾳ
1718 1592 1852 1661 πρὸς

250 1668 563 1724 Σούκενσον
617 1674 899 1747 ἐπιστολῇ,
955 1677 1107 1731 Ἕνα
1155 1679 1253 1732 καὶ
1287 1681 1393 1733 τὸν
1441 1681 1629 1735 αὐτὸν
1673 1684 1850 1738 τοῦτο

249 1760 504 1815 κάκεῖνο
550 1763 918 1832 ὑπάρχοντα·
973 1768 1068 1820 καὶ
1110 1769 1385 1840 σκόπησον
1432 1771 1507 1835 ῶς
1550 1773 1651 1826 οὐκ
1672 1769 1844 1841 εἶπεν,

246 1853 317 1905 ἐκ
358 1856 582 1910 τούτου
607 1858 891 1913 κάκείνου
919 1860 1269 1930 ὑπάρχοντα
1306 1863 1422 1932 (καὶ
1454 1864 1615 1918 τοῦτο
1648 1866 1755 1938 γὰρ
1782 1864 1849 1939 ἦν
1881 1844 1922 1900 Β

807 1950 899 1971 θ’--
960 1953 1022 1971 ,γ’
1084 1952 1132 1971 γ*
1247 1959 1262 1971 δ
1306 1954 1353 1971 ,Ι

245 1944 499 2014 ἀληθὲς),
536 1947 673 2001 ἀλλὰ
730 1950 906 2005 τοῦτο
952 1952 1198 2007 κάκεῖνο
1232 1954 1610 2024 ὑπάρχοντα·
1644 1958 1705 2012 τὸ
1739 1960 1847 2030 γάρ

245 2039 411 2092 τοῦτο
447 2042 685 2109 κάκεῖνο,
721 2042 816 2095 δύο
857 2044 1073 2108 πάντως
1101 2046 1242 2112 ἐστὶ,
1281 2048 1385 2101 κᾶν
1422 2049 1584 2112 αὐτὸς
1616 2050 1691 2122 μὴ
1725 2053 1848 2124 βου-

239 2133 495 2203 ληθείης·
530 2135 692 2188 πάλιν
724 2135 782 2189 δὲ
808 2136 837 2188 ὁ
869 2137 1032 2201 αὐτὸς
1058 2140 1193 2210 πρὸς
1221 2140 1585 2211 Οὐαλεριανὸν
1615 2143 1707 2196 τὸν
1744 2145 1841 2198 τοῦ

242 2223 497 2278 Είκονίου
554 2225 851 2282 ἐπίσκοπον
905 2226 1046 2283 οὕτω
1101 2230 1335 2301 γράφει·
1388 2230 1596 2285 Οὐκοῦν
1648 2234 1844 2303 ὁμολο-

241 2313 455 2384 γῶμεν
483 2314 559 2377 ῶς
593 2315 788 2386 μὲντδ
830 2316 939 2370 ἀπὸ
976 2318 1181 2390 σαρκὸς
1213 2319 1349 2390 σάρξ
1372 2322 1527 2384 ⁹ἐστι,
1572 2323 1632 2375 τὸ
1669 2323 1727 2375 δὲ
1773 2325 1836 2378 ὲκ

240 2408 375 2461 Θεοῦ
424 2409 581 2473 Θεός·
617 2411 733 2465 ἔστι
768 2413 826 2467 δὲ
869 2415 1008 2468 κατὰ
1038 2414 1237 2468 ταυτὸν
1281 2416 1568 2487 ἀμφότερα
1601 2419 1837 2490 Χριστὸς

237 2495 313 2562 εἷς
369 2500 446 2555 ῶν
476 2503 606 2568 Υἱὸς
643 2507 742 2560 καὶ
783 2503 863 2571 εἷς
895 2508 1100 2580 Κύριος
1145 2511 1284 2580 μετά
1329 2512 1429 2581 τῆς
1480 2512 1616 2576 ἰδίας
1664 2513 1831 2566 αὐτοῦ

237 2597 484 2663 σαρκός·
537 2596 598 2651 τὸ
652 2597 711 2651 δὲ
766 2598 858 2652 τὸν
913 2600 1149 2670 Χριστὸν
1206 2599 1346 2657 εἶναι
1397 2603 1729 2675 ἀμφότερα,
1779 2605 1831 2658 τί

235 2683 429 2755 ἕτερόν
471 2689 638 2753 ἐστιν,
689 2686 720 2760 ἡ
755 2690 848 2743 δύο
890 2688 1030 2745 εἷναι
1074 2692 1267 2763 φύσεις
1311 2695 1403 2748 τὸν
1442 2695 1723 2767 Χριστόν;
1768 2697 1833 2750 οὐ

234 2775 349 2847 γὰρ
391 2772 545 2831 εἶπεν
576 2781 812 2835 ἐνταῦθα
840 2782 898 2848 ἐξ
926 2785 1252 2857 ἀμφοτέρων
1280 2782 1421 2841 εῖναι
1451 2788 1541 2841 τὸν
1571 2789 1827 2860 Χριστὸν,

234 2869 357 2921 ἀλλ’
380 2871 463 2923 ὅτι
493 2872 780 2947 ἀμφότερά
808 2878 953 2931 ἐστιν
978 2880 1007 2933 ὁ
1031 2880 1267 2951 Χριστὸς
1297 2875 1377 2945 είς
1410 2880 1505 2936 ῶν.

248 2981 354 3034 Ἕκ
395 2982 517 3063 τῶς
538 2988 833 3063 Εὑέογζου
873 2990 1217 3062 Συνηγοριῶν
1255 2995 1404 3061 πρὸς
1436 2995 1579 3060 τοὺς
1611 2994 1825 3063 λέγον-

302 3070 437 3133 ιςας,
466 3055 554 3133 ὅτι
590 3076 605 3107 ι
632 3055 841 3133 Biduo
883 3055 1039 3129 φατὶ(
1074 3055 1312 3129 οὐσίας,
1341 3055 1395 3117 δ’
1427 3055 1569 3119 ἐστί
1607 3055 1825 3133 φύσεις

302 3124 639 3204 ᾐνωμένας,
692 3124 1071 3204 πάντως-*μία
1108 3124 1321 3204 γέγοκέ
1353 3136 1571 3203 φύσις·
1606 3124 1680 3188 τὰ
1712 3124 1823 3203 τ·ὰρ

301 3192 622 3265 ἑνούμενα,
654 3192 997 3268 πάντωςὲἰ·
1033 3221 1087 3256 τι
1116 3192 1369 3268 'rt'i'emt:
1408 3224 1425 3256 ι

1463 376 1927 443 FRAGMENTA
1964 387 2419 460 DOGMATICA.

279 474 522 542 Χριστὸν
555 474 650 528 καὶ
690 475 980 547 ἄνθρωπον
1009 477 1099 530 τὸν
1139 480 1324 547 αὑτὸν,
1362 483 1498 551 ὅπερ
1530 488 1616 540 ἐπ’
1647 490 1821 544 ἐκείνω

1925 501 1943 555 ι
1974 502 2230 558 eumdem
2253 507 2534 565 hominem

3410 426 3551 492 2958

2568 518 2714 584 quod
2750 518 2801 572 in
2833 520 2953 578 istis
2980 529 3204 598 proprie
3228 532 3414 591 dicere
3438 553 3550 595 non

1728 584 1870 635 κατὰ
1973 607 2299 665 possumus;
2358 607 2582 673 proprie
2629 610 2775 665 enim
2808 622 2864 667 et
2903 620 3208 675 secundum
3258 628 3549 686 veritatem

271 658 537 728 ἀλήθειαν
594 660 729 723 Θεὸς
781 664 810 715 ὁ
859 666 1134 734 Χριστός·
1184 667 1265 719 διὸ
1321 669 1527 739 κυρίως
1582 673 1676 724 καὶ
1727 676 1868 731 κατὰ

1968 686 2224 745 Christus
2268 704 2353 749 est
2378 695 2559 766 Deus;
2590 702 2715 758 ideo
2742 710 2968 779 proprie
2990 720 3047 766 et
3070 718 3375 774 secundum
3405 726 3552 780 veri~

1971 791 2136 837 tatem
2182 786 2277 840 Dei
2328 788 2553 848 Matrem
2600 797 2879 870 Virginem
2926 815 3171 863 sanctam
3199 810 3466 882 dicimus;
3496 826 3551 872 et

1967 877 2191 944 proprie
2221 882 2526 939 secundum
2564 889 2851 948 veritatem
2907 895 3073 953 homo
3098 908 3183 956 est
3220 903 3388 971 idem,
3417 924 3547 963 vere

1967 977 2239 1036 mortuus,
2286 988 2416 1029 vere
2449 991 2764 1049 resurgens.
2787 984 3157 1052 Quamobrem
3191 992 3347 1050 illum
3384 1014 3545 1063 unam

1965 1056 2294 1126 simpliciter
2320 1071 2574 1122 naturam
2600 1070 2788 1128 dicere
2816 1076 3160 1147 impossibile
3193 1092 3296 1150 est,
3326 1099 3545 1158 propte-

1965 1163 2056 1201 rea
2084 1150 2253 1219 igitur
2274 1170 2374 1211 nos
2409 1166 2465 1213 et
2495 1176 2559 1214 ex
2596 1162 2811 1222 duabus
2840 1172 3057 1227 naturis
3089 1185 3346 1234 constare
3400 1180 3543 1236 dici-

1962 1255 2104 1308 mus,
2147 1260 2271 1300 cum
2316 1249 2607 1310 divinitate
2661 1257 2814 1313 illum
2859 1263 3067 1320 scimus
3111 1276 3167 1322 et
3199 1273 3542 1328 humanitate

1960 1343 2236 1402 constare,
2271 1348 2328 1394 et
2374 1341 2609 1401 diversa:
2643 1364 2765 1405 esse
2794 1363 3005 1410 naturae
3035 1364 3425 1430 componentia
3451 1381 3543 1421 co-

1958 1428 2296 1495 gnoscimus.
2331 1433 2491 1491 Dicas
2525 1454 2749 1511 quoque
2778 1454 3009 1503 naturas
3037 1428 3330 1510 distinctas
3364 1456 3419 1512 in
3448 1459 3542 1513 illo

1957 1518 2220 1587 dicimus,
2250 1540 2375 1580 cum
2408 1529 2579 1585 Deum
2618 1542 2675 1588 et
2720 1536 3000 1593 hominem
3030 1546 3255 1614 proprie
3281 1551 3537 1607 eumdem

1955 1621 2077 1663 csse
2105 1622 2445 1681 reputamus.
2479 1620 2633 1677 Sicut
2664 1636 2892 1683 sanctus
2918 1629 3156 1701 Cyrillus
3192 1635 3330 1692 dicit
3363 1640 3420 1695 in
3451 1658 3538 1698 se-

1954 1702 2135 1759 cunda
2187 1706 2254 1759 ad
2300 1707 2640 1770 Succensum
2675 1719 2934 1788 epistola,
2979 1724 3152 1781 Unum
3205 1738 3253 1782 et
3295 1735 3535 1788 eumdem

1951 1796 2045 1849 hoc
2069 1807 2117 1852 et
2144 1800 2279 1855 illud
2309 1820 2448 1871 esse;
2482 1817 2537 1863 et
2581 1814 2884 1871 notandum
2932 1817 3075 1874 hanc
3116 1836 3228 1877 non
3256 1823 3441 1882 dicere
3470 1845 3533 1882 es

1952 1890 2046 1943 hoc
2076 1902 2124 1944 et
2156 1895 2248 1947 illo
2284 1914 2410 1965 esse,
2444 1902 2592 1957 istud
2621 1906 2768 1961 enim
2802 1908 2944 1966 foret
2979 1929 3198 1981 verum,
3231 1918 3326 1973 sed
3358 1920 3453 1973 hoc
3480 1931 3529 1976 ct

1949 1981 2088 2037 illud
2143 2004 2269 2042 esse.
2309 1991 2425 2049 Hoc
2476 2011 2674 2068 nempe
2708 2009 2765 2056 et
2810 2002 2945 2060 illud
2974 2006 3085 2061 duo
3112 2011 3341 2067 omnino
3375 2025 3526 2080 sunt,

1947 2076 2052 2129 etsi
2099 2080 2372 2138 nolueris.
2420 2086 2626 2144 lterum
2673 2092 2821 2150 idem
2870 2098 2937 2153 ad
2976 2100 3327 2159 Valerianum
3356 2104 3527 2160 lconii

1942 2167 2269 2240 episcopum
2320 2174 2402 2229 sic
2458 2180 2692 2237 scribit:
2728 2185 2871 2256 Ergo
2923 2190 3250 2259 profitemur
3301 2210 3527 2252 carnem

1942 2259 2168 2328 quidem
2197 2279 2227 2318 e
2255 2280 2421 2323 carne
2447 2283 2590 2336 esse,
2621 2275 2795 2330 Deum
2855 2296 2988 2336 vero
3024 2300 3092 2339 ex
3128 2287 3276 2351 Deo;
3309 2296 3393 2343 est
3424 2305 3526 2344 au-

1948 2358 2056 2404 tem
2086 2367 2315 2425 propter
2356 2359 2501 2416 idem
2527 2362 2784 2422 Christus
2816 2378 3073 2443 Utraque,
3114 2391 3239 2431 cum
3272 2379 3345 2433 sit
3380 2396 3525 2437 unus

1942 2442 2115 2499 Filius
2162 2458 2219 2503 et
2264 2466 2409 2507 unus
2451 2454 2717 2514 Dominus
2757 2477 2882 2517 cum
2923 2468 3150 2534 propria
3197 2486 3295 2525 sua
3332 2487 3519 2531 carne.

1940 2534 2221 2595 Christum
2252 2553 2437 2600 autem
2474 2563 2597 2604 esse
2638 2560 2894 2624 utraque,
2919 2558 3050 2627 quid
3089 2560 3238 2616 aliud
3274 2572 3379 2627 est,
3412 2567 3521 2622 nisi

1940 2628 2078 2685 duas
2110 2646 2232 2689 esse
2261 2644 2488 2694 naturas
2519 2641 2573 2694 in
2601 2642 2865 2701 Christo?
2894 2664 3005 2704 non
3036 2652 3183 2706 enim
3231 2655 3345 2711 illic
3378 2655 3519 2713 dixit

1935 2734 2002 2774 ex
2041 2724 2289 2795 utrisque
2317 2743 2438 2785 esse
2466 2731 2772 2802 Christum,
2822 2740 2917 2796 sed
2955 2752 3192 2816 utraque
3234 2746 3517 2806 ChriStum

1932 2828 2052 2871 esse
2082 2833 2208 2873 cum
2258 2836 2402 2879 unus
2430 2824 2520 2879 sit.

1936 2994 2023 3048 Ex
2069 2997 2283 3086 Eulogii
2315 3000 2787 3086 .Defens-ionibus
2833 3012 2903 3066 ad
2958 3032 3042 3069 eos
3090 3018 3183 3086 qui
3250 3018 3434 3073 dicunt
3488 3041 3505 3077 :

2009 3084 2027 3115 ι
2072 3066 2265 3153 quam,
2280 3072 2327 3125 si
2360 3073 2493 3129 duas
2516 3077 2688 3153 dicitis
2705 3066 3049 3149 substantias,
3069 3066 3227 3143 ίᾶἰει
3252 3066 3506 3153 ἷιίιῖὶῆιεζ

2004 3139 2183 3221 unitas
2217 3155 2347 3225 esse,
2383 3148 2598 3201 omnino
2631 3149 2829 3225 factam
2854 3139 2979 3225 esse
3008 3139 3257 3213 naturam
3283 3176 3303 3225 ;
3329 3139 3508 3216 unitas

2000 3208 2161 3274 enim,
2197 3214 2411 3267 omnino
2460 3208 2793 3290 unnm'qnid
2832 3223 2969 3292 ﬁeri.
3014 3246 3031 3277 ι

1560 3327 1698 3397 Ang.
1727 3324 1831 3380 MAI
1859 3324 1899 3380 l.
1931 3341 1979 3381 c.
2014 3342 2069 3396 p.
2104 3327 2192 3383 65.

298 3435 370 3492 EI
395 3436 492 3508 μὲν
518 3438 578 3491 τὸ
614 3439 683 3493 ἓν
717 3458 766 3494 τι
807 3441 1059 3509 γενέσθαι
1092 3445 1233 3498 κατά
1258 3446 1357 3515 τὴν
1392 3462 1817 3516 χαρακτηριστι-

1992 3446 2049 3501 Si
2079 3448 2301 3518 quidem
2335 3467 2498 3506 unum
2520 3455 2652 3524 quid
2680 3454 2801 3511 ﬁeri
2832 3462 3137 3519 secundum
3160 3467 3501 3527 characteri-

228 3528 334 3599 κὴν
381 3530 682 3587 ὑπόστασιν
715 3533 995 3604 βούλονται
1024 3538 1479 3603 κατασκευάζειν,
1513 3538 1690 3609 ὀρθῶς
1720 3538 1815 3591 καὶ

230 3622 350 3675 λίαν
384 3622 624 3689 εὐσεϐῶς
651 3625 745 3679 καὶ
784 3625 993 3699 συνῳδά
1029 3628 1143 3692 τοῖς
1183 3630 1242 3681 ἐν
1276 3629 1579 3702 Χαλκηδόνι
1610 3632 1816 3703 δογμα-

229 3720 488 3784 τίζουσιν·
519 3723 759 3777 κάκεῖνοι
784 3723 892 3795 γὰρ
920 3723 1047 3794 μίαν
1075 3724 1375 3779 ὑπόστασιν
1395 3725 1808 3794 ἀποφαίνονται,

226 3810 319 3863 δύο
360 3813 413 3865 δὲ
436 3815 533 3877 τὰς
577 3815 763 3879 οὐσίας
787 3831 801 3844 ·
833 3816 999 3888 ἡγὰρ
1045 3816 1180 3889 σὰρξ
1206 3815 1390 3887 ἔμεινε
1425 3817 1583 3890 σὰρξ,
1625 3820 1673 3871 εἰ
1716 3819 1810 3871 καὶ

224 3904 319 3956 τοῦ
366 3904 501 3958 Θεοῦ
548 3906 724 3975 Λόγου
773 3906 911 3981 σὰρξ
954 3908 1192 3975 ἐγένετο,
1238 3910 1267 3962 ὅ
1310 3909 1428 3961 ἐστι
1474 3909 1806 3979 προσείληφε

225 3994 405 4065 σάρκα
430 3998 525 4050 καὶ
549 3996 759 4069 ἡνωσεν
783 3997 963 4068 ἐαυτῷ
991 3997 1331 4070 ἀδιαιρετως.
1365 3999 1440 4052 Οὐ
1465 3992 1574 4077 γὰρ
1596 4000 1806 4071 τροπὴν

222 4087 434 4154 ὑπέστη
452 4089 554 4159 τὴν
578 4092 658 4153 εἰς
682 4089 882 4161 σάρκα·
909 4090 1040 4153 Θεὸς
1062 4091 1171 4161 γὰρ
1191 4090 1550 4156 ἀναλλοίωτος
1570 4092 1805 4163 ὑπάρχει

219 4175 321 4244 τῆς
350 4177 579 4246 Τριάδος
603 4180 636 4248 ἡ
667 4178 848 4247 φύσις·
881 4178 956 4242 ὡς
992 4179 1129 4250 ἔφην
1162 4176 1256 4234 οὖν
1297 4181 1591 4251 ἀσύγχυτοι
1635 4200 1805 4252 μεμε-

219 4268 449 4335 νήκασιν
486 4270 545 4321 ὲν
586 4268 663 4338 τῷ
710 4270 1056 4339 Ἐμμανουὴλ
1100 4270 1179 4341 τῷ
1218 4271 1299 4323 ἐνὶ
1332 4273 1551 4342 Χριστῷ
1581 4273 1657 4342 τῷ
1688 4272 1803 4342 Υἱῷ

217 4356 311 4409 τοῦ
344 4357 482 4410 Θεοῦ
531 4360 671 4428 μετὰ
710 4360 808 4430 τὴν
849 4358 1264 4431 ὲνανθρὼπησιν
1300 4362 1355 4414 αἱ
1397 4361 1489 4414 δύο
1526 4364 1723 4416 οὐσίαι·
1753 4365 1801 4415 εί

218 4446 276 4501 δὲ
307 4450 436 4518 μίαν
468 4450 657 4504 οὐσίαν
686 4453 817 4521 φασὶ
840 4452 1126 4521 γεγονέναι
1159 4454 1255 4516 τὰς
1282 4453 1374 4506 δύο
1399 4452 1608 4522 φύσεις,
1647 4454 1802 4525 λελή-

218 4536 375 4592 θασιν
393 4541 617 4604 ἑαυτοὺς
639 4543 978 4607 ἀπατῶντες,
1002 4544 1094 4596 καὶ
1120 4544 1379 4614 σύγχυσιν
1402 4543 1655 4616 ἢτροπὴν
1672 4544 1800 4599 ὑπο-

219 4630 516 4700 τιθέμενοι,
551 4633 626 4697 ῶς
653 4636 751 4705 τῆς
780 4637 907 4706 μιᾶς
937 4635 1241 4706 τραπείσης
1260 4639 1363 4701 -εἱς
1402 4638 1501 4708 τὴν
1544 4640 1737 4709 ἑτέραν
1763 4639 1796 4710 ἢ

1918 3539 2109 3594 sticam
2128 3544 2541 3600 subsistentiam
2557 3548 2750 3603 volunt
2765 3561 3031 3619 statuere,
3053 3572 3203 3614 reete
3220 3571 3276 3616 et
3290 3563 3377 3632 pie
3398 3565 3499 3620 ad-

1917 3634 2140 3689 modum
2177 3647 2234 3692 et
2272 3640 2634 3699 conformiter
2656 3658 2782 3702 cum
2812 3648 3196 3711 Chalcedonia:
3236 3659 3496 3716 Patribus

1914 3726 2305 3798 dogmatizant.
2332 3732 2395 3787 lli
2416 3735 2563 3791 enim
2582 3753 2744 3794 unam
2759 3742 3171 3803 subsistentiam
3186 3750 3491 3819 declarant,

1912 3820 2051 3875 duas
2088 3831 2276 3878 autem
2304 3826 2713 3885 subsistentias.
2750 3832 2895 3889 Caro
2924 3838 3072 3892 enim
3099 3845 3304 3899 mansit
3336 3860 3487 3910 caro,

1911 3914 2013 3969 etsi
2038 3915 2134 3969 Dei
2158 3917 2315 3972 verbi
2342 3934 2473 3976 caro
2496 3924 2642 3983 facta
2661 3930 2753 3997 sit,
2778 3933 2929 3989 idest
2945 3950 3169 3989 carnem
3188 3940 3489 4007 sumpserit

1909 4006 2089 4083 etsibi
2114 4009 2561 4082 inseparabiliter
2586 4020 2830 4077 univerit
2851 4040 2864 4089 ;
2883 4039 2994 4078 non
3014 4025 3161 4080 enim
3182 4027 3235 4081 in
3260 4044 3486 4085 carnem

1908 4112 2214 4157 conversus
2239 4112 2353 4170 est;
2400 4122 2527 4163 nam
2555 4110 2701 4167 Deus
2731 4113 3098 4173 immutabilis
3135 4126 3221 4173 est
3263 4120 3486 4177 Triadis

1906 4201 2128 4247 natura.
2171 4195 2242 4251 Ut
2286 4197 2399 4254 dixi
2443 4201 2632 4273 igitur,
2692 4205 2997 4263 inconfusus
3045 4224 3368 4269 manserunt
3425 4216 3483 4271 in

1905 4282 2231 4341 Emmanuel
2262 4304 2372 4344 uno
2406 4290 2632 4350 Christo
2664 4297 2801 4353 Filio
2832 4300 2930 4354 Dei
2958 4310 3080 4371 post
3141 4303 3484 4361 incarnatio-

1904 4390 2030 4429 nem
2056 4376 2179 4432 duze
2206 4380 2530 4440 substantia:
2554 4403 2568 4450 ;
2600 4387 2685 4442 sin
2714 4398 2904 4445 autem
2923 4382 3089 4447 unam
3114 4394 3482 4452 substantiam

1903 4464 2097 4521 dicunt
2120 4467 2292 4525 factas
2324 4486 2447 4528 esse
2476 4474 2615 4531 duas
2643 4488 2891 4548 naturas,
2927 4483 3147 4554 seipsos
3195 4486 3485 4559 decipien-

1905 4566 1985 4611 tes
2007 4558 2225 4627 fallunt,
2266 4578 2392 4617 cum
2444 4567 2828 4625 confusionem
2892 4588 2989 4627 seu
3056 4579 3479 4635 conversionem

1900 4658 2167 4719 statuant,
2187 4663 2448 4725 tanquam
2486 4676 2596 4716 una
2644 4678 2909 4721 conversa
2950 4666 3120 4723 fuerit
3144 4669 3201 4723 in
3248 4672 3479 4727 alteram

216 4728 615 4799 συγχυθείσης·
661 4730 741 4782 ὅτι
783 4730 891 4801 γάρ
938 4730 1009 4784 τά
1052 4730 1311 4802 ἐνούμενα
1368 4734 1652 4802 ἀτρέπτως
1703 4735 1799 4786 καὶ

1925 4755 1998 4800 ιιιι
2028 4762 2154 4801 cum
2180 4750 2351 4807 altera
2380 4752 2633 4809 confusa.
2664 4754 2822 4821 Quod
2852 4757 3000 4813 enim
3025 4760 3195 4815 unita:
3222 4763 3479 4819 substan-

211 4818 532 4889 ἀσυγχύτως
565 4820 890 4891 φυλάττεται
917 4824 975 4875 ὲν
1000 4826 1065 4894 τῇ
1099 4824 1274 4894 οἰκείᾳ
1320 4825 1599 4894 ποσότητι.
1637 4824 1797 4879 τοῦτο

1926 4838 1990 4892 ias
2027 4840 2236 4911 absque
2263 4846 2632 4901 conversione
2662 4855 2719 4902 et
2757 4848 3090 4905 confusione
3131 4867 3474 4910 conserven-

211 4912 396 4980 σαφῶς
416 4914 547 4982 ὑμῖν
572 4916 908 4985 παραστήσω
929 4915 1016 4968 διὰ
1032 4916 1474 4987 παραδείγματος
1495 4920 1605 4970 τῶν
1624 4918 1793 4989 τριῶν

207 5004 559 5059 ὑποστάσεων
598 5008 922 5078 ἀδιαιρέτως
972 5011 1066 5063 καὶ
1120 5010 1443 5079 ἀσυγχύτως
1492 5013 1791 5081 ἡνωμένων

205 5096 346 5149 κατὰ
376 5096 475 5168 τὴν
499 5098 709 5163 οὐσίαν,
744 5100 889 5170 φημὶ
909 5100 963 5153 δὲ
998 5102 1129 5171 πρὸς
1162 5101 1376 5171 Πατρὺς
1405 5102 1499 5155 καὶ
1533 5103 1662 5155 Υίοῦ
1695 5104 1789 5158 καὶ

203 5188 358 5255 ἁγίου
398 5191 750 5261 Πνεύματος·
794 5193 853 5246 οὐ
901 5194 1011 5263 γὰρ
1054 5194 1141 5247 διὰ
1193 5193 1253 5246 τὸ
1302 5194 1548 5264 ἡνῶσθαι
1592 5196 1783 5261 αὑτὰς,

204 5280 300 5348 μία
347 5282 643 5347 ὑπόστασις
679 5285 966 5353 γεγόνασιν
990 5325 1005 5349 ,
1048 5284 1162 5339 ἀλλ’
1191 5287 1466 5357 ἡνωμέναι
1511 5288 1610 5359 μέν
1645 5291 1783 5343 είσιν

202 5374 349 5425 κατὰ
379 5374 478 5443 τὴν
516 5376 723 5441 οὐσίαν,
761 5379 817 5430 ὲν
850 5378 999 5447 τρισὶ
1032 5378 1087 5431 δὲ
1126 5380 1219 5431 καὶ
1248 5380 1554 5449 ἡνωμέναις
1583 5382 1781 5455 γνωρί-

197 5464 381 5529 ζονται
424 5468 817 5522 ὑποστάσεσιν·
853 5469 1025 5533 οὕτως
1056 5471 1150 5522 καὶ
1194 5471 1286 5523 ἐπὶ
1324 5472 1423 5541 τῆς
1469 5473 1780 5543 οἰκονομίας

192 5558 290 5611 τοῦ
337 5560 573 5629 Χριστοῦ
629 5560 721 5614 δύο
771 5562 950 5616 οὐσίαι
1001 5564 1279 5633 ἡνωμέναι
1321 5564 1643 5634 ἀδιαιρέτως
1686 5569 1780 5622 καὶ

193 5652 516 5721 ἀσυγχύτως
548 5654 911 5726 ὑπάρχουσιν·
944 5657 1144 5710 κείσθω
1164 5658 1220 5711 δὲ
1245 5657 1305 5710 τὸ
1328 5660 1676 5731 παράδειγμα
1704 5664 1781 5725 εἰς

195 5743 361 5811 μόνον
400 5746 459 5797 τὸ
491 5746 840 5816 παραστῆσαι
875 5748 933 5799 τὸ
975 5747 1266 5818 πρόόλημα
1296 5749 1355 5801 τὸ
1389 5749 1586 5821 σαθρόν
1609 5768 1621 5781 ·
1660 5753 1782 5804 ἐπεὶ

190 5836 252 5889 τὸ
299 5837 506 5906 τῆς-ὲν
560 5838 780 5910 Χριστῷ
840 5838 1103 5905 ἑνώσεως,
1161 5839 1396 5911 ἔμπαλιν
1458 5840 1489 5910 ἤ
1543 5845 1634 5897 ἐπὶ
1684 5846 1780 5916 τῆς

1904 4938 1993 4983 tur
2023 4932 2077 4985 in
2108 4936 2331 5004 propria
2364 4938 2695 5006 quantitate,
2734 4940 2843 4997 hoc
2897 4942 3045 4997 clare
3073 4944 3230 5000 vobis
3287 4956 3477 5002 osten-

1900 5020 2025 5075 dam
2047 5037 2146 5091 per
2175 5027 2489 5095 exemplum
2525 5028 2691 5082 trium
2742 5030 3229 5088 subsistentiarum
3265 5036 3474 5091 indivi-

1851 5172 1857 5181 _
1897 5113 2134 5169 sibiliter
2162 5125 2218 5169 et
2248 5115 2538 5173 inconfuse
2572 5121 2853 5176 unitarum
2874 5125 3185 5179 secundum
3214 5126 3477 5183 substan-

1897 5203 2057 5270 tiam;
2081 5205 2150 5259 de
2172 5206 2333 5261 Patre
2367 5207 2511 5273 dico,
2543 5210 2683 5263 Filio
2712 5221 2768 5266 et
2829 5212 3040 5281 Spiritu
3092 5224 3309 5274 sancto.
3350 5219 3472 5274 Non

1892 5297 2039 5352 enim
2070 5297 2176 5354 illa:
2204 5300 2580 5369 perunionem
2635 5318 2743 5357 una
2790 5304 3097 5361 substantia
3159 5308 3315 5376 ﬁunt,
3372 5312 3473 5367 sed

1892 5391 2059 5447 unita
2088 5391 2313 5461 quidem
2337 5401 2470 5447 sunt
2504 5396 2813 5450 secundum
2858 5398 3249 5467 substantiam,
3284 5404 3340 5458 in
3369 5406 3472 5459 tri-

1891 5482 1994 5538 bus
2022 5493 2205 5539 autem
2222 5495 2277 5541 et
2296 5485 2468 5541 unitis
2486 5487 2866 5544 subsistentiis
2886 5506 3007 5546 esse
3031 5505 3466 5563 cognoscuntur;

1885 5575 1959 5630 ita
1991 5575 2047 5630 in
2079 5575 2669 5649 Christidispositione
2693 5580 2815 5636 dum
2852 5582 3175 5640 substantiae
3215 5594 3345 5641 sunt
3384 5589 3470 5643 in-

1884 5667 2244 5725 divisibiliter
2295 5680 2352 5725 et
2416 5672 2705 5729 incoufuse
2770 5674 2961 5731 unitas.
3015 5677 3334 5738 Proferatur
3360 5680 3468 5736 hoc

1854 5762 2197 5831 .exemplum
2218 5764 2566 5819 solummodo
2596 5765 2661 5819 ad
2695 5769 3096 5825 ostendendam
3136 5781 3467 5828 controver-

1884 5849 2020 5904 siam
2049 5851 2266 5907 inanem
2302 5868 2424 5909 esse
2448 5872 2461 5922 ;
2493 5870 2617 5911 cum
2646 5858 2775 5913 unio
2806 5860 2860 5914 in
2881 5858 3107 5916 Christo
3134 5878 3243 5916 non
3269 5860 3463 5916 eadem
