4016 6208
549 297 688 362 2359

1549 301 1610 364 S.
1651 299 1964 360 EUi.OGll
2005 299 2357 360 ARCHIEP.
2401 297 2774 358 ALEXAND.

3605 300 3718 366 2960

551 413 620 465 sit
653 427 714 465 ac
748 413 801 466 in
827 411 1045 466 Triatle.
1081 411 1182 468 llic
1231 413 1376 467 etiim
1413 413 1553 468 alius
1607 422 1664 469 et
1693 414 1855 478 alius,
1885 431 1957 469 ne
1985 414 2119 468 sub-

2223 413 2450 483 Τριάδος
2479 413 2612 484 ἔχει·
2651 415 2769 468 ἐκεῖ
2801 414 2900 484 μὲν
2925 413 3033 484 γὰρ
3069 411 3222 472 ἄλλος
3250 414 3338 466 καὶ
3368 413 3526 478 ἄλλος,
3561 415 3631 468 ἵνα
3658 416 3720 488 μὴ

549 502 830 556 sistentias
853 503 1274 568 confumhunus,
1317 520 1428 559 non
1460 505 1605 560 aliud
1640 516 1695 560 et
1741 505 1921 568 aliud;
1947 522 2115 560 unum

547 595 693 648 enim
746 603 801 649 et
861 596 1002 648 idem
1059 597 1159 650 tria
1195 603 1324 650 sunt
1375 599 1431 650 in
1467 597 1778 652 divinitate.
1815 599 1872 651 In
1905 598 2120 652 Emma-

551 687 680 740 nuel
725 696 906 740 autem
964 688 1110 742 aliud
1168 695 1255 744 est
1307 688 1592 752 divinitas,
1625 689 1774 744 aliud
1803 691 2120 744 humanitas

553 795 620 833 ne.
641 780 977 834 substantias
1005 781 1431 844 confundamus.
1473 780 1596 836 Non
1633 780 1780 836 enim
1815 781 1958 836 idem
1989 791 2120 836 sunt

550 879 819 922 aeternum
847 878 902 924 et
925 871 1247 941 temporale,
1276 869 1493 928 visibile
1525 882 1583 928 et
1631 871 1948 938 invisibile;
2007 887 2118 927 non

549 969 731 1012 autem
756 959 962 1016 dicitur
989 961 1134 1016 alius
1156 967 1213 1016 et
1241 961 1403 1024 alius,
1435 977 1506 1017 ne
1527 963 1634 1018 hoc
1667 963 1778 1018 ﬁat.
1811 963 1931 1018 Duo
1969 964 2118 1018 enim

553 1049 756 1105 unione
781 1067 944 1106 unam
964 1067 1254 1122 personant
1280 1052 1524 1108 elliciunt
1553 1063 1609 1107 et
1641 1069 1804 1110 unam
1829 1054 2117 1108 characte-

553 1143 790 1198 risticam
825 1145 1262 1200 subsistentiam.

925 1256 1006 1310 Ea:
1049 1256 1260 1326 Eulogii
1301 1256 1744 1311 Defensionibus.

623 1373 698 1425 Ne
729 1386 858 1442 ergo
889 1372 1108 1442 negotia
1139 1371 1300 1425 nobis
1331 1371 1718 1442 praestent,qui
1751 1349 1890 1425 nihil
1925 1385 2120 1425 sanum

551 1464 791 1533 cogitare
823 1464 1034 1526 volunt,
1062 1462 1158 1516 sed
1185 1462 1598 1516 inconsiderate
1621 1462 1892 1534 garriunt,
1919 1469 1974 1515 et
1998 1475 2120 1515 rec-

553 1562 737 1608 tamet
773 1552 1313 1622 irreprehensibilem
1344 1551 1507 1608 ﬁdem
1543 1561 1804 1606 excutere
1845 1552 2117 1607 nituntur.

551 1647 660 1700 Nos
687 1645 833 1699 enim
859 1659 1028 1698 unum
1059 1643 1343 1699 Christum
1395 1643 1493 1699 Dei
1543 1643 1746 1698 Filium
1804 1643 2117 1708 adoramus,

551 1738 605 1791 in
647 1753 810 1792 carne
869 1737 1046 1790 visum
1075 1736 1164 1789 his
1188 1737 1280 1806 qui
1323 1737 1378 1790 in
1429 1745 1580 1791 terra
1633 1736 1877 1808 degunt;
1919 1735 2121 1790 distin-
2152 1771 2193 1826 Β

550 1829 790 1884 ctionem
843 1837 1024 1882 tamen
1079 1827 1427 1882 divinitatem
1485 1827 1632 1882 inter
1657 1837 1714 1888 et
1761 1841 1982 1882 carnem
2019 1828 2117 1880 ad-

551 1919 839 1976 mittimus.
874 1919 1022 1972 Deus
1047 1917 1196 1973 enim
1226 1916 1466 1972 Verbum
1495 1926 1758 1976 relern—us,
1786 1925 1872 1972 est
1901 1917 2117 1971 increa-

551 2023 661 2074 tus,
707 2008 1084 2079 impassibilis,
1133 2017 1190 2064 et
1235 2024 1358 2078 quae
1399 2007 1600 2064 decent
1645 2008 1888 2063 divinam
1939 2007 2122 2077 perfe-

549 2103 812 2156 ctionem.
839 2099 982 2156 Caro
997 2107 1191 2154 autem
1213 2099 1370 2154 illius
1401 2115 1568 2154 unum
1605 2099 1814 2169 aliquid
1839 2113 1970 2152 cum
2027 2097 2120 2152 illo

549 2193 789 2246 rlliciens
819 2209 917 2262 per
964 2201 1172 2247 arctam
1207 2199 1264 2246 et
1316 2191 1791 2248 subsistentialem
1833 2190 2120 2254 unionem,

549 2285 616 2339 de
647 2300 754 2354 qua
787 2283 1148 2353 propheticus
1178 2282 1421 2338 Joannes
1455 2283 1676 2348 clamat,
1730 2283 1954 2338 Verbum
1997 2297 2121 2336 caro

549 2381 747 2448 factum
768 2385 840 2430 est
873 2387 918 2429 et
945 2375 1200 2431 habitauit
1223 2377 1274 2428 in
1311 2374 1454 2430 nobis
1475 2376 1516 2440 ⁸,
1549 2375 1886 2446 temporalis,
1912 2382 2118 2440 creata,

548 2469 821 2540 passibilis
881 2477 984 2524 est.
1048 2467 1252 2524 Omnes
1317 2477 1498 2522 autem
1561 2468 1679 2523 illas
1741 2467 1927 2523 carnis
1990 2481 2118 2537 pro-

550 2559 814 2629 prietates
842 2559 1168 2628 profitemur
1197 2555 1371 2612 factas
1391 2571 1514 2612 esse
1533 2573 1756 2626 quoque
1793 2558 1890 2612 Dei
1913 2557 2078 2612 Verbi
2103 2573 2116 2622 ;

550 2664 674 2702 nam
703 2649 746 2702 si
777 2648 999 2718 propria
1031 2649 1150 2718 ejus
1177 2662 1308 2702 caro
1339 2647 1528 2710 fuerit,
1569 2647 1798 2702 evidens
1827 2657 1912 2702 est
1935 2647 2120 2704 carnis

550 2738 915 2807 proprietates
959 2737 1079 2806 ejus
1129 2752 1350 2806 quoque
1398 2735 1612 2792 futuras
1667 2751 1809 2792 esse.
1858 2737 2120 2806 Proprias

549 2828 696 2883 enim
722 2829 824 2883 sibi
855 2830 976 2884 illas
1006 2829 1157 2895 facit,
1194 2831 1300 2886 etsi
1349 2845 1459 2886 non
1507 2829 1836 2900 subjiciatur
1885 2829 1991 2885 illis
2035 2828 2122 2882 di-

549 2913 678 2976 vina
707 2921 826 2992 ejus
857 2931 1074 2977 natura.
1118 2923 1340 2978 Etenim
1393 2935 1590 2978 omnes
1637 2919 1809 2978 Verbi
1849 2921 1950 2976 Dei
1995 2933 2118 2975 esse

551 3017 674 3079 post
697 3011 1132 3067 incarnationem
1183 3013 1368 3068 carnis
1411 3013 1532 3084 ejus
1589 3011 1982 3082 proprietates,
2033 3009 2118 3065 di-

2220 509 2314 572 τᾶς
2345 509 2667 571 ὑποστάσεις
2713 509 3062 579 συγχέωμεν,
3093 511 3192 562 οὐκ
3225 510 3343 563 ἄλλο
3384 509 3436 562 δὲ
3477 513 3558 564 καὶ
3585 514 3713 566 ἄλλο·

2220 599 2278 652 ἓν
2317 601 2424 670 γὰρ
2468 601 2537 653 τὰ
2577 601 2705 666 τρία
2749 603 2842 654 καὶ
2883 600 3078 656 ταυτὸν
3125 604 3190 670 τῇ
3235 601 3454 670 θεότητι·
3495 603 3543 654 ὲν
3583 603 3628 655 δὲ
3654 604 3716 672 τῷ

2235 693 2578 762 Ἐμμανουὴλ
2611 693 2738 748 ἄλλο
2773 693 2870 763 μὲν
2903 692 3114 762 θεότης,
3145 693 3270 746 duo
3309 693 3363 746 δὲ
3407 693 3714 764 ἁνθρωπότης,

2221 784 2310 838 ἵνα
2367 784 2442 854 μὴ
2497 785 2594 848 τὰς
2646 786 2834 848 οὐσίας
2887 786 3201 856 συγχέωμεν
3231 801 3250 820 ⁸
3273 785 3330 837 οὐ
3359 785 3460 856 γὰρ
3499 787 3628 840 ταντδ
3667 788 3714 840 rb

2221 874 2446 946 ἄχρονον
2467 875 2546 947 τῷ
2579 877 2636 929 ὲν
2663 877 2840 948 χρόνῳ
2855 918 2870 940 ,
2895 877 2990 930 καὶ
3013 876 3074 930 τὸ
3101 877 3291 947 ὁρατὸν
3323 876 3396 946 τῷ
3421 877 3616 948 ἀοράτῳ·
3638 880 3715 930 οὐκ

2173 957 2201 1000 ⁴
2221 967 2378 1029 ἄλλος
2406 967 2460 1020 δὲ
2489 967 2585 1020 καὶ
2609 967 2786 1034 ἄλλος,
2825 967 2898 1040 μὴ
2925 967 3152 1036 γένοιτο·
3185 969 3252 1022 τὰ
3283 969 3386 1040 γὰρ
3409 969 3645 1038 ἀμφότερα
3666 973 3716 1038 τῇ

2223 1055 2412 1108 ὲνώσει
2447 1055 2504 1110 ἓν
2540 1057 2831 1127 πρόσωπον
2863 1057 3231 1127 ἀπετελέσθη,
3267 1055 3358 1110 καὶ
3391 1057 3506 1127 μίαν
3537 1057 3718 1110 ὑπόστα-

2225 1161 2308 1196 σιν
2336 1147 2859 1217 χαρακτηριστικήν.

2516 1257 2616 1312 Ἐκ
2653 1255 2773 1310 τῶν
2807 1258 3106 1328 Εὐλογίου
3147 1258 3497 1330 Συνηγοριῶν.

2293 1371 2382 1442 Μὴ
2411 1371 2589 1424 τοίνυν
2627 1372 2928 1442 πράγματα
2957 1372 3092 1442 ἡμῖν
3123 1373 3498 1442 παρεχέτωσαν
3525 1371 3567 1423 οἱ
3599 1370 3728 1442 μηδὲν

2223 1462 2374 1528 ὑγιὲς
2405 1463 2546 1515 νοεῖν
2587 1461 2918 1532 βουλόμενοι,
2954 1463 3086 1515 ἀλλὰ
3129 1463 3302 1532 μάτην
3341 1461 3728 1528 είκαιολογοῦντες

2222 1553 2316 1604 καὶ
2353 1552 2451 1622 τὴν
2487 1552 2652 1622 ὀρθὴν
2691 1553 2785 1606 καὶ
2825 1552 3124 1624 ἀμώμητον
3155 1551 3380 1624 [πίστιν]
3415 1552 3730 1623 διαταράττειν

2221 1636 2653 1708 ἐπιχειροῦντες·
2697 1643 2857 1710 ἡμεῖς
2908 1640 3013 1714 γὰρ
3067 1639 3162 1694 ἕνα
3219 1643 3444 1712 Χριστον
3484 1642 3596 1694 Υιδν
3625 1638 3730 1693 Θεοῦ

2223 1729 2635 1800 προσκυνοῦμεν
2665 1733 2830 1802 σαρκὶ
2857 1731 3087 1800 ὀφθέντα
3115 1735 3228 1797 τοῖς
3261 1735 3352 1788 ἐπὶ
3381 1734 3497 1802 γῆς·
3521 1729 3732 1803 διαφορὰν

2225 1817 2407 1887 μέντοι
2457 1820 2552 1890 τῆς
2597 1819 2848 1890 θεότητος
2895 1824 3030 1892 πρὸς
3069 1825 3168 1893 τὴν
3215 1825 3389 1897 σάρκα
3423 1825 3730 1892 γινώσκομεν·

2223 1911 2316 1963 καὶ
2351 1911 2460 1981 γὰρ
2492 1913 2520 1964 ὁ
2553 1911 2686 1975 Θεὸς
2737 1913 2912 1980 Λόγος
2953 1913 3196 1985 ἄχρονος,
3247 1917 3501 1980 ἇκτιστος,
3543 1913 3730 1982 ἀπαθὴς,

2222 2004 2316 2056 καὶ
2372 2003 2472 2058 ὅσα
2523 2005 2721 2076 πρέπει
2773 2009 2837 2075 τῇ
2889 2005 3010 2076 θείᾳ
3059 2007 3438 2080 μεγαλωσύνῃ·
3481 2009 3512 2078 ἡ
3551 2008 3599 2060 δὲ
3631 2007 3734 2076 σὰρξ

2221 2093 2382 2146 αὐτοῦ
2425 2093 2482 2146 ἓν
2525 2113 2574 2146 τι
2619 2096 2938 2166 ὑπάρχουσα
2973 2099 3106 2167 πρὸς
3139 2099 3300 2152 αὐτὸν
3351 2099 3434 2152 διὰ
3479 2099 3568 2168 τὴν
3599 2097 3734 2166 ἄκραν

2223 2185 2320 2240 καὶ
2375 2186 2734 2240 ἐνυπόστατον
2788 2189 3010 2256 ἕνωσιν,
3063 2191 3134 2243 δι’
3181 2192 3248 2262 ἢν
3295 2191 3385 2244 καὶ
3435 2191 3464 2244 ὁ
3505 2188 3734 2251 θεσπέσιος

2235 2278 2484 2349 Ἰωάννης
2519 2279 2648 2350 βοᾷ·
2697 2280 2758 2333 Ὁ
2795 2281 2979 2349 λόγος
3015 2283 3172 2350 σὰρξ
3206 2282 3436 2353 ἐγένετο
3477 2279 3562 2334 καὶ
3594 2278 3734 2342 ἐσκή-

2221 2385 2417 2423 νωσεν
2443 2371 2514 2423 ἐν
2541 2370 2704 2439 ἡμῖν,
2737 2371 2992 2444 ἔγχρονος
3027 2373 3285 2445 ὑπάρχει,
3319 2372 3520 2444 κτιστὴ,
3543 2369 3732 2438 παθητὴ·

2221 2460 2396 2514 πάντα
2441 2461 2496 2514 δὲ
2545 2462 2718 2516 ταῦτα
2763 2464 2861 2534 τῆς
2913 2465 3112 2536 σαρκὸς
3151 2465 3508 2536 ὁμολογῶμεν
3538 2459 3736 2531 γενέσθαι

2219 2551 2312 2603 τοῦ
2359 2551 2492 2606 Θεοῦ
2541 2553 2732 2621 Λόγου·
2781 2555 2830 2607 εί
2877 2554 2986 2626 γὰρ
3023 2557 3126 2609 ἰδία
3157 2557 3321 2610 αὑτοῦ
3366 2559 3400 2628 ἡ
3439 2555 3580 2625 σὰρξ,
3616 2552 3738 2623 δῆλον

2219 2641 2300 2694 ὅτι
2339 2643 2434 2694 καὶ
2481 2644 2550 2696 τὰ
2587 2644 2686 2712 τῆς
2729 2645 2931 2712 σαρκὸς
2975 2647 3151 2700 πάντα
3197 2645 3360 2701 αὐτοῦ
3395 2646 3554 2700 ἔσται’
3582 2645 3737 2696 οἰκειο-

2219 2735 2452 2786 ποιεῖται
2481 2733 2589 2805 γὰρ
2612 2735 2774 2804 αὐτὰ,
2802 2738 2850 2789 εἰ
2879 2738 2971 2790 καὶ
2995 2737 3070 2808 μὴ
3103 2739 3361 2792 ὑπέκειτο
3381 2737 3575 2800 τούτοις
3599 2731 3739 2806 Maia

2217 2821 2383 2876 αὐτοῦ
2441 2823 2632 2893 φύσις*
2657 2827 2740 2880 ὅτι
2769 2827 2877 2898 γὰρ
2917 2827 3094 2882 πάντα
3141 2827 3242 2882 τοῦ
3275 2827 3408 2883 Θεοῦ
3459 2827 3614 2894 Λόγου
3645 2823 3740 2876 ἐστὶ

2221 2914 2357 2984 μετὰ
2403 2914 2500 2986 τὴν
2537 2916 2954 2990 ⁴ὲνανθριῖιπησιν
3007 2919 3076 2973 τὰ
3119 2920 3226 2991 τῆς
3280 2919 3476 2992 σαρκὸς
3515 2915 3678 2981 αὐτοῦ.
3712 2914 3738 2977 ἡ

2219 3001 2337 3056 θεία
2381 3005 2572 3075 Γραφὴ
2597 3007 2742 3076 ἡμᾶς
2789 3007 3050 3063 παιδεύει·
3081 3010 3222 3080 φησι
3251 3011 3394 3082 γὰρ,
3431 3007 3742 3076 Ἑωράκαμεν

551 3100 679 3154 vina
709 3099 991 3170 Scriptura
1021 3117 1122 3159 nos
1159 3103 1341 3168 docet,
1375 3103 1512 3158 dicit
1538 3101 1726 3158 enim:
1760 3101 1994 3156 Vidimus
2018 3101 2122 3156 Do—

2225 3093 2334 3146 τὸν
2361 3095 2600 3163 Κύριον,
2629 3096 2692 3149 τὸ
2721 3099 3126 3168 συναμφότερον
3151 3100 3404 3168 λέγουσα·
3433 3102 3461 3154 δ
3479 3100 3574 3171 γὰρ
3603 3099 3740 3166 ἑωρα-

553 3190 778 3256 minum,
803 3201 1098 3262 utrumque
1122 3193 1458 3264 signiﬁcans.
1495 3191 1598 3260 Qui
1651 3193 1798 3248 enim
1833 3194 1970 3248 vidit
2001 3207 2117 3248 car-

553 3296 679 3335 nem
705 3280 933 3346 Christi,
956 3291 1130 3337 totum
1157 3283 1320 3350 vidit,
1352 3285 1456 3340 etsi
1499 3285 1794 3340 invisibilis
1827 3293 2024 3339 natura
2050 3283 2121 3339 sit

553 3371 844 3436 divinitas;
865 3381 921 3428 et
941 3373 1140 3428 iterum
1163 3373 1478 3430 :Dominum
1499 3373 1682 3446 gloria:
1703 3391 1808 3430 non
1829 3374 2125 3434 cruciﬁxis—

553 3473 667 3520 sent
695 3465 738 3529 ⁸,
763 3464 948 3520 divina
971 3479 1166 3536 nempe
1195 3475 1392 3522 natura
1453 3467 1548 3522 illo
1575 3483 1686 3522 non
1717 3468 1980 3538 patiente,
2025 3467 2122 3524 sed

557 3557 778 3627 propria
842 3573 1028 3612 carne.
1077 3558 1352 3614 Docemur
1403 3575 1534 3630 ergo
1586 3561 1674 3616 his
1719 3561 1980 3616 omnibus
2025 3559 2124 3616 Dei

554 3649 720 3706 Verbi
757 3649 1026 3706 incarnati
1059 3649 1234 3706 fuisse
1267 3659 1326 3710 et
1349 3649 1568 3710 divinas
1589 3661 1648 3708 et
1685 3652 1956 3710 humanas
1989 3667 2122 3722 pro-

555 3741 820 3812 prietates
842 3759 855 3808 ;
881 3740 978 3796 sed
1003 3741 1062 3796 in
1089 3741 1176 3798 his
1207 3743 1411 3814 quibus
1438 3743 1644 3799 dicitur
1683 3743 1966 3800 Christum
1991 3758 2116 3798 esu-

555 3834 772 3900 rivissc,
797 3834 1066 3900 sitivissc,
1095 3843 1298 3892 tactum
1338 3845 1434 3890 aut
1484 3851 1706 3906 passum
1743 3835 1934 3900 fuisse,
1987 3844 2121 3904 puto

557 3921 710 3982 illum
763 3939 872 3977 non
933 3923 988 3978 in
1056 3923 1242 3980 divina
1274 3933 1468 3980 natura
1519 3923 1634 3979 btcc
1658 3931 1942 3994 expertum
1978 3937 2120 3988 esse,

555 4013 651 4068 sed
687 4015 741 4068 in
797 4030 958 4072 carne
1005 4031 1169 4086 quam
1227 4025 1554 4088 sumpserat,
1589 4023 1646 4070 et
1693 4031 1790 4086 per
1841 4029 2004 4086 quam
2064 4023 2124 4068 ut

557 4102 720 4158 homo
747 4113 1108 4160 conversatus
1123 4112 1226 4160 est.

2225 3183 2338 3248 κὼς
2365 3186 2463 3256 τὴν
2500 3187 2676 3256 σάρκα
2708 3188 2803 3242 τοῦ
2835 3190 3091 3260 Χριστοῦ,
3127 3193 3254 3247 ὃ).ον
3291 3193 3566 3254 ἐθεάσατο,
3591 3192 3632 3243 ει
3667 3189 3739 3242 καὶ

2225 3277 2452 3342 ἀθέατος
2483 3281 2541 3332 τὸ
2571 3280 2708 3333 κατὰ
2732 3279 2890 3350 φύσιν
2921 3285 2953 3351 ἡ
2983 3281 3174 3355 θεότης
3201 3286 3460 3356 ὑπῆρχεν·
3489 3284 3573 3338 καὶ
3596 3281 3740 3344 πάλιν,

2231 3370 2353 3422 οὐκ
2383 3369 2462 3424 ἂν
2497 3371 2602 3424 τὸν
2628 3373 2844 3442 Κύριον
2881 3373 2991 3442 τῆς
3013 3374 3200 3442 δόξης
3225 3376 3596 3444 ἐσταύρωσαν
3612 3391 3626 3406 ·
3647 3369 3744 3430 καί·

2229 3477 2311 3514 τοι
2357 3465 2426 3532 τῇ
2475 3462 2596 3536 θείᾳ
2659 3463 2819 3534 φύσει
2863 3465 3025 3520 αὑτοῦ
3081 3466 3158 3538 μὴ
3207 3467 3494 3533 παθόντος,
3541 3463 3656 3519 ἀλλὰ
3690 3461 3740 3532 τῇ

2231 3553 2406 3624 οἰκείᾳ
2437 3555 2632 3624 σαρκί·
2665 3555 3028 3626 διδασκόμεθα
3064 3555 3160 3612 οὖν
3199 3560 3260 3612 ὲν
3295 3561 3428 3614 πᾶσι
3460 3557 3656 3616 τούτοις.
3681 3553 3741 3606 ὅτι

2229 3644 2320 3698 τοῦ
2349 3645 2482 3698 Θεοῦ
2511 3645 2680 3715 Λόγου
2716 3647 3088 3714 σαρκωθέντος
3115 3645 3184 3721 ἦν
3213 3651 3282 3708 τά
3305 3667 3364 3708 τε
3396 3650 3642 3719 θεοπρεπῆ
3668 3646 3741 3700 καὶ

2225 3734 2295 3788 τὰ
2319 3733 2652 3807 ἀνθρώπινα·
2687 3737 2801 3792 ἀλλ’
2841 3739 2898 3792 ὲν
2936 3735 3016 3800 οἷς
3055 3757 3223 3809 φησιν
3267 3741 3348 3798 ὅτι
3389 3741 3644 3810 ἑπείνησεν
3671 3733 3744 3788 καὶ

2227 3825 2476 3895 ἐδίψησεν
2509 3827 2542 3898 ἦ
2574 3827 2894 3900 ἐψηλαφήθη
2933 3831 2964 3901 ἦ
2994 3832 3182 3904 ὡράοη
3209 3873 3226 3898 ,
3259 3835 3362 3887 νοῶ
3387 3835 3465 3888 ὅτι
3489 3833 3546 3886 ού
3571 3833 3628 3902 τῇ
3651 3827 3742 3896 θείᾳ

2225 3921 2386 3986 φύσει
2411 3918 2576 3972 ταῦτα
2603 3921 2889 3988 πέπονθεν,
2916 3923 3053 3976 ἀλλὰ
3075 3927 3140 3994 τῇ
3169 3925 3564 3996 προσληφθείσῃ
3593 3918 3738 3990 σαρκὶ,

2225 4009 2345 4062 καθ’
2382 4009 2448 4080 ἢν
2480 4009 2761 4082 ἅνθρωπος
2789 4013 3158 4084 ἐχρημάτισεν
3187 4015 3286 4088 (ι).

925 4281 982 4340 8.
1017 4283 1228 4356 Eulogii
1253 4289 1570 4358 patriarchae
1591 4287 1964 4350 Alexandrini,
1995 4299 2057 4338 ex
2093 4281 2182 4336 lib.
2212 4298 2290 4348 ιιι,
2316 4281 2578 4336 Aduersus
2603 4280 2952 4338 Nouatianos.
2979 4283 3136 4338 Pltot.
3167 4283 3294 4340 Cod.
3322 4284 3443 4342 280.

1149 4443 1211 4497 F.
1252 4443 1544 4500 Funcrsco
1575 4443 1857 4500 COIIBEFIS.
1889 4442 2209 4512 interprete.
2238 4439 2484 4495 Biblioth.
2511 4439 2814 4496 Concionat.
2839 4449 2880 4495 t.
2919 4441 2986 4508 γ,
3010 4455 3068 4510 p.
3111 4441 3231 4495 {27.

625 4598 780 4666 Quod
807 4599 883 4653 ait
914 4599 1222 4669 Apostolus,
1257 4599 1564 4655 Voluntaria
1591 4601 1926 4671 peccantibus
1973 4599 2120 4653 nobis

549 4699 670 4761 post
709 4699 978 4761 acceptam
1013 4691 1258 4745 notitiam
1281 4691 1532 4752 veritatis,
1543 4692 1660 4762 jam
1679 4705 1780 4744 non
1803 4689 2121 4747 relinquitur

556 4797 651 4852 pro
679 4791 888 4852 peccato
915 4782 1086 4836 hostia
1101 4783 1145 4846 ⁸,
1174 4797 1286 4836 non
1305 4795 1370 4836 eo
1392 4789 1604 4850 spectat
1639 4787 1894 4850 tanquam
1916 4779 2126 4835 sacrili-

551 4877 700 4928 céum
741 4872 968 4928 omnino
990 4873 1267 4928 sublatum
1299 4872 1472 4928 velit:
1511 4872 1608 4927 sed
1655 4871 1788 4926 illud
1831 4871 2118 4934 duntaxat,

559 4969 706 5036 quod
739 4967 876 5037 legis
905 4967 1016 5021 ritu
1047 4966 1348 5036 peragitur.
1389 4965 1504 5020 Nec
1539 4965 1704 5019 modo
1763 4964 1816 5018 id
1845 4979 2018 5034 genus
2037 4977 2126 5017 sa-

547 5058 750 5111 'crilicii
785 5065 952 5121 vetat,
992 5057 1086 5112 sed
1115 5067 1174 5111 et
1193 5071 1510 5126 supremum
1537 5055 1806 5126 judicium
1836 5055 1905 5108 iis
1960 5054 2128 5107 inter-

557 5149 818 5208 minatur,
851 5148 945 5216 qui
981 5155 1099 5215 post
1131 5146 1367 5216 agnitum
1395 5145 1708 5208 veritatem,
1754 5159 1817 5198 ac
1838 5159 1962 5198 cum
2011 5158 2127 5212 my-

555 5240 754 5292 sticum
779 5239 1108 5292 sacrificium
1143 5239 1289 5293 nacti
1315 5237 1449 5300 sint,
1483 5236 1551 5291 ad
1585 5237 1778 5306 legale,
1803 5235 1948 5304 quod
2007 5244 2127 5288 tan-

549 5341 740 5385 tarum
774 5347 836 5385 ac
863 5331 1140 5384 hircorum
1167 5327 1539 5382 immolatione
1591 5333 1902 5397 praestatur,
1957 5326 2125 5380 sacri-

629 5511 824 5566 3Joan.
859 5529 894 5576 ι,
932 5511 1017 5564 ii.
1091 5509 1156 5562 ⁸1
1209 5509 1334 5563 Cor.
1359 5525 1416 5572 ιι,
1469 5509 1521 5562 8.
1600 5509 1620 5540 ⁸
1655 5507 1821 5562 Hebr.
1855 5523 1906 5570 ιι,
1939 5505 2028 5559 ‘26.

2231 4596 2418 4651 ﬁcium
2449 4596 2704 4652 redeunt.
2730 4597 2965 4667 Haecque
2988 4597 3125 4654 adeo
3157 4599 3364 4653 Paulus
3383 4611 3450 4652 eo
3477 4593 3638 4650 animo
3683 4587 3744 4640 lo-

2229 4685 2440 4755 quitur,
2472 4694 2534 4738 ut
2559 4685 2802 4750 Iudaeos,
2825 4687 2922 4756 qui
2971 4687 3042 4740 ad
3075 4687 3362 4742 Christum
3411 4685 3518 4755 jam
3547 4689 3744 4736 accesse-

2231 4784 2355 4829 rant
2382 4784 2601 4830 revocet
2647 4775 2716 4831 ab
2745 4777 3132 4832 observatione
3181 4777 3461 4848 legalium.
3516 4763 3736 4837 Quemad-

2229 4866 2456 4920 modum
2479 4867 2646 4937 igitur
2666 4867 2935 4937 legalibus
2955 4867 3330 4938 baptismatis,
3359 4866 3441 4921 sic
3466 4871 3520 4920 et
3543 4855 3742 4918 cruentis

2231 4957 2543 5018 sacriﬁciis,
2577 4958 2648 5012 iis
2693 4957 2993 5012 interdicit.
3017 4957 3190 5014 Judaei
3223 4971 3462 5026 namque
3497 4966 3620 5022 quos
3645 4958 3740 5015 [κθ

2233 5047 2339 5101 cati
2393 5057 2581 5102 reatus
2636 5048 2986 5118 astringeret,
3055 5049 3298 5117 primum
3345 5045 3558 5116 quidem
3601 5035 3742 5105 expil-

2233 5141 2456 5204 bantur,
2487 5150 2710 5210 tumque
2740 5155 2880 5209 aqua
2939 5140 3310 5194 abluebantur
3339 5154 3406 5192 ac
3457 5127 3742 5200 intingeban-

2235 5241 2360 5296 tur;
2395 5245 2460 5286 ac
2485 5238 2763 5300 postremo
2790 5232 2902 5302 jam
2919 5231 3166 5284 cruentis
3201 5229 3400 5284 hostiis
3447 5221 3740 5280 faciebaum

2233 5323 2438 5392 quibus
2467 5337 2562 5377 eos
2617 5337 2853 5377 avocans
2899 5322 3212 5386 Anostolus,
3262 5319 3538 5378 terribiles
3569 5317 3738 5384 qllo'l"e

631 5645 705 5711 (ι)
741 5643 1125 5712 Sequebantur
1151 5643 1205 5694 in
1239 5641 1430 5712 codice
1467 5642 1688 5711 plurimi
1729 5639 1924 5695 Pisidae
1958 5637 2122 5693 iambi
2168 5637 2430 5692 adversus
2483 5637 2768 5702 Severum,
2818 5651 2956 5705 quos
2980 5650 3078 5705 ego
3107 5647 3256 5690 more
3295 5646 3420 5688 meo
3439 5615 3734 5708 praetermisi.

559 5714 683 5790 quia
709 5711 893 5766 extant
925 5713 976 5766 in
1005 5711 1360 5766 editionihus.
