4016 6208
384 230 511 290 2961

1550 232 2001 293 FRAGMENTA
2044 236 2188 293 Dth
2200 234 2495 295 MATICA.

3486 229 3629 295 29f?

386 341 569 393 minas
583 338 792 409 adjicit.
824 339 1036 410 Quippe
1064 341 1353 410 oportebat
1386 356 1517 395 vera
1540 342 1708 397 semel
1768 342 1948 397 hostia
1982 350 2025 402 Α
2054 344 2287 411 ﬁcandos
2310 346 2350 397 ⁸.
2383 344 2555 410 Quem
2593 342 2759 413 igitur
2780 340 2857 395 ad
2883 341 3102 395 modum
3152 342 3492 411 impossibile
3546 343 3631 395 di-

384 430 440 487 ln
492 434 968 488 consummatione
1027 435 1212 489 saaculi
1278 449 1378 504 pro
1443 436 1683 503 peccatis
1768 435 1956 489 oblata

385 525 559 595 (Agno
584 522 801 578 scilicet
832 524 1052 594 Deiqui
1104 526 1251 580 tollit
1278 538 1562 596 peccatum
1595 526 1807 592 mundi,
1854 528 1959 580 im-

384 613 609 683 molato)
655 630 764 669 non
812 617 1051 684 amplius
1098 626 1332 681 restare,
1383 618 1477 672 sed
1506 634 1721 674 cessare
1749 618 1961 689 otl‘erri,

385 703 584 755 multas
628 702 746 757 illas
786 704 988 774 legales
1052 720 1116 759 ac
1162 706 1369 776 typicas
1416 706 1623 762 hostias
1678 725 1777 777 pro
1836 725 1963 778 pec-

386 790 543 844 catis.
598 790 760 845 Teste
820 794 967 846 enim
1017 794 1209 848 eodem
1264 796 1559 865 Apostolo,
1620 798 1962 868 impossibile

386 890 492 945 est,
526 884 678 951 Αεηο
709 883 802 937 Dei
833 885 1003 939 semel
1023 885 1322 953 immolato,
1355 889 1469 943 tolli
1520 905 1715 945 rursus
1740 900 1961 959 peccata

392 983 671 1026 taurorum
729 975 992 1044 sanguine
1043 992 1107 1032 ac
1164 978 1469 1033 hircorum.
1540 980 1654 1035 Una
1692 980 1962 1043 cnim,in-

388 1064 509 1132 quit
534 1105 549 1128 ,
574 1064 856 1132 oblatione,
888 1070 1265 1122 consummavit
1324 1072 1376 1123 in
1407 1078 1713 1141 perpetuum
1765 1072 1961 1125 sancti-

2064 431 2145 485 xit
2198 432 2463 500 sanguine
2513 438 2793 484 taurorum
2876 439 3039 498 atque
3092 430 3370 485 hircorum
3427 430 3631 485 auferri

2067 530 2313 592 peccata,
2349 522 2416 575 ad
2434 521 2689 575 eumdem
2719 531 2774 575 et
2800 524 3087 591 sequentia
3116 522 3246 576 dicit
3276 537 3292 575 :
3331 521 3634 577 Voluntaria

2070 614 2404 683 peccantibus
2428 612 2573 667 nobis
2597 614 2639 677 ⁷,
2697 621 2806 666 etc.
2874 612 3006 667 Nam
3040 622 3098 667 et
3142 612 3288 682 quod
3324 613 3482 666 nobis
3536 621 3637 665 tre-

2072 704 2333 761 mendum
2358 703 2627 758 Dominici
2656 704 2909 773 corporis
2938 702 3267 758 sacriﬁcium
3301 702 3500 772 agitur,
3529 718 3635 754 non

2067 797 2408 865 aliarumque
2440 795 2746 851 hostiarum
2775 795 2983 849 oblatio
3039 803 3143 858 est,
3171 794 3266 849 sed
3314 795 3434 864 ejus
3491 808 3635 846 com-

2066 888 2393 943 memoratio
2419 902 2543 957 qua:
2571 886 2739 941 semel
2801 886 2982 939 oblata
3014 894 3115 940 est.
3164 885 3275 939 Hoc
3328 885 3505 953 facite.
3547 882 3631 935 in,

2066 980 2207 1050 quit,
2232 982 2285 1032 tn
2319 994 2491 1032 meam
2524 976 3129 1030 commemorationem”.
3154 976 3256 1030 Et:
3296 974 3631 1039 Quotiescun-

2068 1084 2167 1139 que
2197 1066 2439 1136 facimus,
2465 1073 2683 1117 mortem
2722 1063 2929 1117 Domini
2961 1066 3337 1117 annuntiamus
3355 1064 3397 1115 9.

392 1202 683 1271 ΕὐλογίΟυ
711 1199 881 1284 migra
919 1203 1709 1284 “Α.βςξαιοδρείας”ἑρμηνεία.
1740 1212 1824 1274 εὶς
1864 1208 1951 1275 τὸ,

2070 1206 2281 1276 Eulogii
2327 1220 2499 1284 papae.
2528 1201 2877 1284 Alexandrini
2914 1204 3323 1284 commentarius
3362 1204 3417 1255 in
3446 1202 3622 1256 illud:

720 1290 737 1322 ι
768 1272 957 1340 Σίμων
991 1273 1177 1335 Ἰωνᾶ,
1203 1272 1579 1344 armeme,-
1615 1299 1630 1330 ι

2442 1274 2623 1329 Simon
2654 1272 2898 1336 Joannis,
2940 1289 3089 1327 amas
3127 1288 3207 1326 me
3240 1273 3264 1325 ?

1478 1421 1614 1490 Aug.
1649 1420 1749 1475 MAI
1783 1420 1955 1476 Class.
1986 1420 2137 1474 Auct.
2173 1426 2212 1471 t.
2250 1417 2317 1482 Χ,
2346 1432 2397 1485 p.
2435 1414 2557 1471 485.

464 1563 584 1616 ’Ὁτι
639 1564 860 1634 ἐρωτῶν
907 1567 935 1619 ὁ
994 1564 1454 1640 Κύριο;[εἷπε]τῷ
1500 1570 1725 1638 Πέτρῳ·
1766 1571 1960 1638 Σίμων

402 1650 590 1718 Ἰωνᾶ,
642 1654 880 1724 ἀγαπᾷς
924 1674 999 1727 με
1037 1659 1227 1713 πλέον
1266 1662 1528 1725 τούτων;
1575 1662 1687 1713 οὐκ
1726 1662 1889 1724 αὐτὸς
1934 1664 1961 1715 ὁ

390 1744 567 1797 πάντα
595 1745 773 1809 εἰδὼς,
804 1746 971 1800 θέλων
993 1748 1185 1817 μαθεῖν
1220 1750 1499 1822 ἐπηρώτα,
1527 1752 1640 1805 ἀλλ’
1664 1753 1962 1822 ἐπεὶέμελ-

389 1836 479 1889 λεν
504 1838 654 1907 αὑτῷ
688 1839 745 1891 τὸ
782 1840 1029 1910 ποίμνιον
1064 1844 1505 1911 καταπιστεύειν,
1534 1846 1620 1898 ἵνα
1649 1845 1798 1915 δείξῃ
1827 1848 1960 1915 ὅσην

390 1928 503 1998 ἔχει
543 1930 797 2001 πρόνοιαν
826 1932 917 1983 τοῦ
954 1934 1226 2003 ποιμνίου,
1261 1934 1419 1989 τοῦτο
1462 1940 1638 1989 ποιεῖ’
1677 1940 1704 1991 ὁ
1736 1938 1845 2009 γὰρ
1872 1937 1962 1990 τὸν

387 2018 594 2089 φίλτρῳ
620 2019 798 2089 πολλῷ
822 2021 952 2091 πρὸς
990 2022 1083 2075 τὸν
1112 2025 1388 2095 Δεσπότην
1420 2026 1797 2097 ἀναπτόμενον
1863 2030 1962 2098 ἐφ-

391 2112 555 2164 ιστῶν
600 2112 679 2184 τῷ
712 2115 969 2185 ποιμνίῳ,
1011 2116 1111 2186 τὴν
1142 2119 1275 2188 ὅσην
1304 2120 1432 2188 περὶ
1480 2120 1549 2173 τὰ
1580 2121 1823 2192 πρόϐατα
1851 2120 1965 2175 διὰ-

387 2202 539 2257 θεσιν
558 2204 883 2275 παρίστησιν
924 2208 1024 2259 ἀνα
1033 2206 1309 2277 μφισόλως
1328 2224 1341 2237 '
1360 2208 1449 2262 διὰ
1466 2210 1566 2278 τὴν
1591 2211 1761 2279 αὐτὴν
1780 2211 1961 2267 αἰτίαν

388 2295 485 2349 καὶ
508 2297 693 2366 τρίτον
729 2298 929 2371 ἐρωτᾷ,
968 2300 1065 2371 τὴν
1096 2302 1299 2373 πολλὴν
1326 2304 1546 2373 περὶτὰ
1599 2305 1805 2374 λογικὰ»
1828 2307 1965 2378 πρό-

388 2386 529 2441 ϐατα
555 2389 871 2467 ἐπιμέλεεαν
900 2392 1307 2461 ἐνδεικνύμενος
1329 2410 1343 2424 ’
1378 2394 1493 2465 ἅμα
1513 2396 1570 2447 δὲ
1600 2396 1809 2467 βαθμὸν
1834 2415 1956 2450 τινα

388 2479 496 2533 τῶν
516 2481 952 2552 ποιμαινομένων
971 2484 1223 2549 διέξεισιν
1240 2500 1255 2514 '
1278 2486 1439 2556 ἀρνία
1466 2488 1727 2559 πρότερον
1748 2490 1964 2560 βόσκειν

392 2570 813 2641 ἐγκελευόμενος
833 2588 846 2601 ⁶
876 2570 993 2627 εἶτα
1026 2575 1318 2646 προϐάτια,
1350 2576 1385 2633 ἆ
1422 2579 1671 2648 πρόϐατα
1701 2580 1851 2643 ὄντα,
1877 2581 1967 2636 διά

387 2678 508 2713 τινα
539 2663 855 2731 πταίσματα
917 2666 1466 2738 κατασμικρυνῦέντα
1496 2669 1595 2739 τῆς
1637 2670 1838 2740 ἀρετῆς
1870 2673 1965 2726 καὶ¹

387 2750 486 2817 τῆς
513 2750 868 2819 τελειότητος,
900 2755 980 2817 είς
1013 2757 1284 2826 προδάτια
1335 2759 1781 2829 ἀνθυπέστρεψεν
1803 2777 1817 2791 ⁸
1864 2763 1960 2816 καὶ

2134 1564 2268 1619 Cum
2331 1563 2699 1633 interrogaret
2782 1562 3006 1615 Petrum
3082 1562 3365 1625 Dominus,
3453 1562 3630 1617 Simon

2062 1656 2316 1717 Joannes,
2345 1654 2624 1724 inquiens,
2660 1652 2832 1722 diligis
2862 1669 2943 1705 me
2970 1652 3086 1722 plus
3123 1654 3201 1706 his
3226 1654 3305 1706 ‘°?
3339 1670 3446 1709 non
3508 1655 3633 1709 ideo

2068 1747 2439 1817 interrogabat
2462 1746 2551 1800 ille
2582 1744 2677 1814 qui
2704 1744 2888 1798 omnia
2916 1746 3088 1807 novit,
3128 1754 3186 1799 ut
3214 1745 3487 1808 disceret;
3538 1762 3633 1800 ve-

2064 1854 2187 1892 rum
2214 1839 2318 1893 hoc
2371 1837 2565 1908 agebat
2595 1846 2656 1890 ut
2706 1836 3022 1891 ostenderet
3063 1847 3319 1907 quantam
3364 1837 3432 1893 de
3471 1853 3633 1906 grege

2064 1947 2227 2001 quem
2256 1931 2416 1985 Petro
2438 1930 2834 1985 commissurus
2878 1938 3016 1993 erat,
3063 1939 3278 1999 gereret
3313 1929 3632 1984 sollicitudi-

2065 2036 2222 2075 nem:
2258 2020 2388 2076 dum
2441 2019 2587 2074 enim
2613 2034 2739 2074 eum
2770 2019 2920 2089 gregi
2956 2020 3262 2088 praaﬁceret
3317 2020 3411 2088 qui
3462 2020 3633 2073 max-i-

2065 2128 2156 2167 mo
2184 2114 2239 2167 in
2266 2114 2555 2167 Dominum
2578 2128 2765 2171 amore
2802 2113 3050 2177 ardebat,
3089 2113 3467 2183 propriierga
3502 2129 3633 2167 oves

2064 2220 2193 2260 suas
2246 2205 2476 2260 allectus
2498 2205 2903 2260 vehementiam
2962 2204 3250 2260 evidenter
3293 2204 3629 2260 declarabat.

2063 2294 2297 2367 Propter
2324 2298 2571 2353 eamdem
2604 2313 2824 2353 causam
2864 2305 2948 2352 ter
2973 2297 3293 2369 interrogat,
3333 2306 3531 2367 nempe
3574 2307 3635 2351 ut

2066 2388 2378 2455 maximam,
2409 2404 2572 2458 quam
2611 2389 2780 2443 habet
2824 2388 3177 2444 rationalium
3203 2390 3386 2443 ovium
3418 2405 3629 2453 curam,

2069 2480 2423 2545 manifestet;
2452 2495 2646 2534 verum
2676 2480 2843 2534 etiam
2879 2480 2935 2534 in
2961 2480 3136 2550 prima
3186 2481 3275 2535 illa
3322 2481 3631 2551 interroga-

2067 2571 2217 2628 tione
2236 2570 2434 2641 gradus
2475 2570 2742 2640 quosdam
2791 2585 2979 2624 eorum
3019 2571 3113 2639 qui
3164 2580 3485 2639 pascuntur,
3539 2573 3634 2627 dc-

2069 2661 2307 2719 scribit:
2360 2676 2531 2731 agnos
2573 2660 2846 2730 siquidem
2886 2676 3115 2731 pascere
3157 2662 3398 2732 primum
3435 2664 3629 2733 jubet;

2072 2752 2276 2808 deinde
2307 2752 2573 2817 oviculas,
2605 2768 2747 2822 quas,
2778 2768 2904 2807 cum
2927 2768 3059 2809 oves
3094 2754 3248 2823 prius
3269 2754 3630 2819 exstitissent,

387 2835 573 2904 λοιπὴν
604 2839 664 2892 τὸ
685 2840 868 2910 τρίτον
898 2841 968 2893 τὰ
989 2844 1169 2896 τέλεια
1210 2845 1463 2914 ἐπιφέρει
1510 2847 1759 2916 πρόϐατα
1784 2862 1796 2875 ’
1857 2848 1957 2917 ἀρ-

2066 2853 2255 2914 postea
2280 2860 2378 2915 per
2410 2846 2595 2914 lapsus
2618 2844 2881 2914 quosdam
2927 2846 3133 2900 virtute
3193 2856 3247 2901 et
3289 2847 3631 2915 perfectione.

389 2929 521 2992 νίοις
551 2930 680 2998 γοῦν
712 2932 1021 2996 εὶκάζονται
1052 2937 1102 2987 oi
1133 2935 1212 2988 ἔτι
1239 2937 1510 3004 γάλακτος
1555 2939 1647 2991 καὶ
1679 2937 1958 3009 στοιχειὼ-

387 3020 510 3084 δους
537 3022 881 3087 διδασκαλίας
909 3024 1182 3095 δεόμενοι·
1214 3027 1530 3098 προσατίοις
1563 3029 1619 3083 δὲ
1649 3030 1699 3083 oi
1721 3030 1815 3083 διά
1835 3048 1960 3085 τινα

392 3115 810 3185 παραπτώματα
845 3117 1415 3187 κατασμικρυνθέντες
1442 3122 1538 3189 τῆς
1583 3120 1920 3191 τελειότητος
1940 3137 1955 3152 ⁸

391 3204 682 3274 προϐάτοις
717 3206 775 3259 δὲ
795 3209 843 3260 oi
868 3210 947 3269 είς
968 3208 1028 3261 τὸ
1048 3210 1251 3261 τέλειον
1279 3210 1681 3283 ἀναϐεϐηκότες
1731 3212 1827 3266 καὶ
1857 3212 1959 3284 τῆς

393 3296 628 3361 πίστεως
682 3298 777 3351 καὶ
806 3298 913 3351 τῶν
944 3298 1195 3369 πράξεων
1216 3316 1230 3331 ο
1264 3301 1358 3354 καὶ
1410 3303 1601 3355 σκόπει
1633 3304 1783 3368 ὅπως
1820 3321 1957 3375 προ-

392 3386 577 3440 τ’ὶττει
598 3388 666 3441 τὰ
696 3388 858 3459 ἀτελῆ
886 3389 991 3442 τῶν
1018 3391 1235 3445 τελείων
1257 3405 1273 3423 ⁸
1300 3391 1713 3464 προηγούμενος
1739 3392 1846 3464 γὰρ
1878 3393 1958 3464 τῷ

392 3480 636 3552 Δεσπὸτῃ
672 3482 869 3543 σκοπὸς
897 3483 929 3552 ἡ
953 3482 1061 3534 τῶν
1092 3484 1429 3553 ἁμαρτωλῶν
1462 3485 1724 3555 σωτηρία,
1748 3488 1830 3540 Οὐ
1852 3485 1961 3555 γὰρ

390 3566 598 3639 ἦλθον.
620 3573 773 3642 φησὶ,
805 3574 1061 3627 καλέσαι
1083 3573 1371 3643 δικαίους,
1391 3576 1547 3631 ἀλλὰ
1574 3578 1959 3646 ἁμαρτωλοὺς

392 3664 469 3727 εις
488 3664 830 3731 μετάνοιαν.

399 3886 507 3940 Τοῦ
562 3887 632 3941 ἐν
665 3888 852 3957 ἁγίοις
884 3892 1179 3959 Εὑλογίου
1218 3892 1675 3958 Ἀλεξανδρείας
1740 3894 1825 3958 εἰς
1864 3893 1949 3955 τὸ,

766 3978 783 4009 ι
820 3960 1041 4029 Ζεῦγος
1064 3960 1179 4015 τῶν
1200 3964 1522 4030 τρυγόνων,
1566 3982 1582 4012 ι

2066 2935 2386 2998 deminutae,
2424 2936 2477 2989 in
2506 2936 2850 2991 ovicularum
2906 2935 3157 2991 ordinem
3222 2945 3629 2999 retrocessere;

2068 3038 2183 3084 tum
2206 3028 2428 3084 demum
2470 3043 2600 3085 oves
2663 3029 2935 3101 perfectas
2980 3028 3215 3083 inducit.
3268 3030 3434 3099 Agnis
3469 3044 3633 3098 porro

2065 3120 2437 3175 assimilantur
2478 3120 2573 3190 qui
2620 3122 2760 3176 lacte
2808 3120 2990 3175 adhuc
3040 3129 3098 3175 et
3145 3119 3467 3175 elementari
3536 3119 3635 3173 do-

2066 3210 2243 3266 ctrina
2275 3210 2551 3281 indigent;
2594 3211 2830 3265 oviculis
2856 3212 2951 3281 qui
2988 3227 3087 3282 per
3117 3210 3363 3281 quaedam
3404 3209 3626 3271 delicta.

2067 3300 2408 3373 perfectione
2439 3301 2708 3357 deminuti
2735 3312 2865 3356 sunt
2889 3319 2905 3369 ;
2929 3302 3146 3364 ovibus,
3193 3300 3288 3369 qui
3330 3299 3398 3353 ad
3434 3298 3557 3352 ﬁdei
3584 3307 3637 3351 (ι

2070 3393 2193 3447 vitae
2215 3393 2607 3463 perfectionem
2667 3393 3127 3449 conscenderunt.
3184 3391 3320 3446 Vide
3367 3400 3632 3461 praeterea

2070 3484 2346 3555 quomodo
2394 3485 2716 3555 imperfecta
2769 3484 3029 3553 perfectis
3074 3490 3393 3552 praeponat:
3438 3479 3633 3550 praeci-

2068 3592 2214 3647 puus
2269 3576 2530 3630 videlicet
2589 3576 2803 3630 Domini
2859 3589 3059 3642 scopus
3117 3573 3225 3626 luit
3285 3582 3632 3640 peccatorum

2070 3670 2253 3724 salus:
2287 3668 2403 3721 Non
2435 3669 2550 3721 veni
2598 3667 2768 3730 enim,
2802 3666 2999 3735 inquit,
3057 3680 3243 3717 vocare
3285 3665 3476 3732 justus,
3537 3663 3626 3714 scd

2071 3770 2366 3827 peccatores
2395 3759 2462 3811 ad
2501 3758 2860 3827 pwnitentiam
2890 3756 2953 3809 ¹¹.

2201 3895 2381 3965 sancti
2421 3893 2629 3964 Eulogii
2661 3890 3008 3947 Alexandrini
3036 3893 3087 3943 in
3119 3889 3251 3944 illud
3280 3906 3295 3943 :
3340 3910 3356 3940 ι
3380 3888 3490 3943 Par

2688 3972 2977 4014 turturum.
3009 3980 3024 4012 ι

1477 4141 1614 4213 Aug.
1641 4142 1740 4197 MAI
1778 4141 1949 4197 Class.
1982 4142 2134 4197 Auct.
2167 4151 2203 4194 t.
2241 4140 2308 4204 X,
2344 4158 2397 4210 p.
2431 4142 2554 4195 493‘.

464 4306 679 4357 Πολλῶν
734 4306 902 4359 ὄντων
946 4305 1123 4373 ζώων,
1167 4308 1202 4362 ἃ
1233 4309 1291 4360 ἐν
1314 4310 1379 4379 τῇ
1408 4307 1514 4361 τῶν
1547 4308 1803 4378 καθαρῶν
1834 4308 1957 4362 ἐτά-

2133 4304 2268 4358 Cum
2301 4305 2538 4372 plurima
2575 4313 2759 4357 essent
2789 4304 3041 4357 animalia
3099 4320 3217 4373 qua:
3261 4303 3313 4356 in
3368 4318 3627 4373 purorum

391 4398 490 4467 χῦη
524 4398 721 4467 μερίδι,
747 4398 835 4450 διὰ
875 4400 928 4451 τί
979 4400 1141 4452 πέντε
1173 4402 1307 4469 μόνα
1330 4401 1679 4464 ἐθυσιάζοντο
1711 4404 1824 4464 τοῖς
1852 4417 1960 4452 πα-

389 4489 579 4551 λαιοῖς,
636 4490 860 4557 τράγος,
893 4494 987 4543 καὶ
1022 4492 1195 4559 κριὸς,
1249 4492 1341 4544 καὶ
1402 4491 1549 4560 βοῦς,
1584 4492 1823 4561 τρυγὼν,
1858 4492 1954 4542 καὶ

395 4596 619 4648 περιστε
631 4579 952 4649 ράςῈπειδὴ
973 4581 1217 4649 βούλεται
1238 4582 1384 4651 ἡμᾶς
1402 4582 1429 4631 ὁ
1450 4582 1619 4647 Λόγος
1641 4582 1736 4643 τὰς
1764 4581 1958 4650 αἰσθή-

387 4688 501 4734 σεις
531 4673 686 4741 ἡμῶν
710 4673 800 4726 τὸν
827 4672 940 4725 ἴσον
967 4673 1410 4744 ὑποδαλλομένας
1440 4672 1673 4744 ἀριθμὸν
1703 4672 1949 4743 καθαρὰς

384 4766 682 4832 προσάγειν
708 4764 848 4831 Θεῷ.

556 4876 665 4929 Ίοῦ
690 4878 759 4928 ἐν
778 4877 965 4945 ἁγίοις
988 4875 1281 4944 Εὐλογίου
1311 4872 1783 4939 Ἀλεξανδρείας.

458 4987 581 5040 Ὅτι
621 4988 714 5038 καὶ
744 4986 829 5037 διὰ
861 4985 966 5037 τῶν
1027 4984 1202 5038 κυνῶν
1246 4984 1343 5048 τὴν
1374 4984 1682 5054 ὑπερΰολὴν
1728 4985 1827 5052 τῆς
1858 4982 1951 5035 τοῦ

385 5079 640 5131 πλουσίου
675 5078 943 5149 ἀπηνείας
973 5078 1183 5147 ἐλέγχει
1220 5078 1253 5147 ἡ
1283 5075 1567 5146 παραϐολή
1589 5092 1601 5104 ·
1636 5076 1685 5127 oi
1715 5075 1813 5145 μὲν
1842 5076 1953 5145 γὰρ

381 5172 544 5234 κύνες
571 5170 928 5241 οἰκτείροντες
962 5170 1126 5222 αὐτοῦ
1159 5170 1258 5239 τὴν
1291 5168 1493 5237 πολλὴν
1549 5167 1947 5237 ταλαιπωρίαν,

381 5262 521 5333 ὅπερ
572 5262 824 5316 ἐδύναντο
853 5265 1028 5315 ποιεῖν
1088 5260 1356 5331 ἔπραττον
1395 5260 1798 5331 περιλείχοντες
1852 5259 1947 5310 καὶ

383 5342 495 5400 οἷον
515 5349 925 5418 ἀποσμήχοντες
946 5349 1108 5401 αὑτοῦ
1150 5349 1209 5401 τὸ
1259 5350 1413 5413 ἕλκος
1440 5352 1553 5411 ταῖς
1582 5347 1853 5416 γλώσσαις
1878 5364 1888 5375 ·
1922 5351 1949 5399 ὁ

463 5603 749 5668 ‘llcbr.x,
804 5603 883 5656 li.
966 5602 1252 5655 ’ibiil.‘33.
1335 5604 1351 5627 "
1391 5601 1522 5655 Luc.
1588 5619 1716 5665 χχιι,
1784 5604 1859 5655 l‘J.

1941 5606 1958 5634 τ’
1990 5603 2008 5657 l
2044 5604 2166 5656 Cor.
2199 5602 2378 5663 xI,-2t;.

2062 4394 2253 4448 ordine
2289 4394 2648 4457 haberentur,
2672 4410 2842 4462 quare
2879 4395 3125 4464 quinque
3153 4403 3361 4448 tantum
3397 4410 3425 4448 a
3477 4408 3631 4449 vete-

2066 4485 2219 4537 ribus
2246 4483 2694 4548 immolabantur,
2720 4500 2913 4553 nempe
2942 4504 2953 4539 :
2988 4485 3197 4545 hircus,
3223 4486 3368 4539 aries
3420 4496 3475 4537 et
3513 4487 3629 4547 bos,

2065 4584 2246 4629 turtur
2282 4584 2338 4629 et
2380 4576 2677 4629 columba?
2725 4575 2819 4629 llis
2850 4576 3106 4630 videlicet
3151 4577 3424 4646 signiﬁcat
3482 4579 3630 4630 Seri-

2062 4675 2245 4736 ptura,
2276 4683 2376 4721 nos
2404 4668 2515 4723 Deo
2541 4682 2706 4738 puros
2722 4667 2920 4721 eli‘errc
2939 4668 3142 4722 debere
3171 4684 3364 4722 sensus
3392 4678 3627 4729 nostros,

2063 4760 2156 4827 qui
2186 4775 2372 4829 parem
2410 4776 2700 4813 numerqu
2734 4776 2844 4828 prae
2882 4775 2940 4814 se
2968 4760 3172 4814 ferunt.

2253 4872 2434 4928 Sancti
2469 4874 2683 4944 Eulogii
2714 4875 3031 4943 patriarcha:
3062 4872 3433 4926 Alexandrini.

2126 4987 2332 5042 Canum
2382 4987 2659 5041 mentione
2700 5002 2967 5039 summam
3011 4984 3200 5039 divitis
3245 4984 3626 5038 crudelitatem

2057 5077 2303 5145 coarguit
2355 5077 2630 5146 parabola.
2684 5076 2819 5129 Nam
2866 5062 3034 5131 canes
3078 5072 3455 5127 misericordia
3500 5087 3625 5139 erga

2056 5183 2274 5237 gravem
2298 5168 2486 5221 Lazari
2515 5168 2887 5221 calamitatem
2908 5166 3353 5235 commotimuod
3376 5173 3628 5234 poterant

2057 5260 2536 5330 gratiﬁcabantur,
2590 5260 2738 5313 illius
2786 5259 2969 5312 ulcera
3022 5260 3292 5327 liugeiztes
3341 5273 3404 5310 ac
3456 5257 3622 5310 veluti

2060 5353 2261 5417 linguis
2314 5352 2426 5406 suis
2464 5352 2859 5419 abstergentes.
2910 5351 2977 5405 At
3026 5350 3179 5405 dives
3221 5351 3448 5405 canibus
3496 5366 3622 5417 erga

2465 5603 2504 5631 ὀ
2531 5601 2685 5655 .loan.
2724 5616 2831 5668 xxx,
2870 5600 2953 5653 15.
3000 5590 3039 5622 ⁸⁸
3076 5589 3204 5644 Luc.
3246 5605 3306 5653 τ,
3351 5586 3438 5639 3‘2.
