4016 6208
465 186 608 250 2963
1016 183 1076 244 S.
1115 183 1432 258 EULOGII
1471 183 1824 243 ARCHIEP.
1865 181 2248 242 ALEXAND.
2269 181 2740 242 FRAGMENTA
2783 181 3244 246 DOGMATICA.
3607 187 3729 251 296i

463 298 834 358 contribulem
876 314 1038 356 suum
1075 299 1270 356 durior
1313 300 1381 356 ab
1427 299 1518 354 bis
1571 299 1709 370 ipsis
1753 299 2049 356 convince-

2153 295 2210 350 δὲ
2240 297 2334 350 καὶ
2360 295 2468 350 τῶν
2521 297 2699 350 κυνῶν
2747 298 2878 368 περὶ
2907 297 2998 350 τὸν
3045 298 3325 368 ὁμόφυλον
3355 300 3731 371 ἁπηνέστερος,

460 393 642 448 batur.
677 391 871 466 Merito
899 391 1071 468 igitur
1111 391 1222 462 igni
1255 391 1412 448 dives
1437 391 1732 460 damnatus
1765 391 1886 446 fuit.

2159 390 2254 444 καὶ
2287 390 2360 444 δι’
2387 391 2568 446 αὐτῶν
2599 390 2863 462 ἠλέγχετο
2877 391 2988 446 τῶν
3015 393 3194 448 κυνῶν
3217 411 3232 424 ο
3265 393 3360 448 διὰ
3389 393 3542 449 τοῦτο
3569 401 3726 453 κάκεῖ-

2162 499 2252 538 νον
2275 483 2336 536 τὸ
2372 483 2485 554 πῦρ
2507 484 2888 555 ἀδυσωπήτως
2923 485 3280 556 μετέρχεται.

959 613 1174 686 Eulogii
1199 613 1569 670 Alexandrini.

2547 618 2848 688 Εὑλογίου
2887 619 3367 690 Ἀλεξανδρείας.

537 732 662 789 Haec
679 747 900 814 quoque
927 740 1154 802 pr0pter
1173 745 1445 810 pauperes
1469 731 1668 802 recipit
1695 732 1863 794 Deus,
1891 730 2054 786 modo

2233 733 2460 804 Δέχεται
2479 733 2572 786 καὶ
2591 732 2764 787 ταῦτα
2788 731 2876 786 διὰ
2901 733 3008 786 τῶν
3035 736 3296 804 πενήτων
3315 736 3346 787 ὁ
3375 735 3505 800 Θεὸς
3521 754 3534 766 °
3563 737 3622 792 ἂν
3643 740 3725 806 μό·

465 825 730 895 deinceps
769 841 800 880 a
844 833 1074 895 peccato
1119 839 1431 880 caveamus.
1473 823 1708 878 Pulchre
1761 823 1910 878 enim
1971 823 2051 888 ﬁt,

2163 843 2252 878 νον
2280 825 2375 878 τοῦ
2403 824 2592 878 λοιποῦ
2621 823 2986 894 φυλαξώμεοα
3029 826 3104 896 μὴ
3155 827 3526 897 ἁμαρτάνειν.
3569 831 3725 882 Καλὸν

464 918 511 971 si
540 917 706 972 etiam
739 917 967 972 avaritia
1012 917 1264 973 collectis
1302 917 1503 988 opibus
1550 917 1759 972 amicos
1807 916 1969 976 nobis
1999 917 2050 971 in

2163 919 2273 990 γὰρ
2305 918 2410 974 κᾶν
2461 916 2551 972 διὰ
2601 917 2710 970 τῶν
2752 918 2852 988 τῆς
2884 917 3199 982 πλεονεξίας
3231 918 3536 988 χρημάτων
3567 921 3725 988 φίλους

466 1011 574 1064 hoc
621 1009 830 1066 mundo
879 1027 1282 1082 comparemus,
1317 1011 1414 1082 qui
1448 1011 1557 1066 illis
1591 1010 1816 1081 quidem
1869 1019 2052 1080 egent,

2165 1009 2399 1064 κτᾶσθαι
2431 1010 2558 1072 τοὺς
2581 1010 2639 1064 ὲν
2667 1007 2746 1080 τῷ
2770 1009 2960 1080 κόσμῳ
2993 1008 3166 1078 τούτῳ
3197 1010 3552 1078 πενομένους,
3583 1012 3726 1064 πλου-

465 1102 562 1157 sed
595 1103 706 1158 Deo
739 1112 870 1158 sunt
899 1102 1140 1158 divites:
1175 1113 1237 1158 ut
1261 1119 1386 1158 cum
1426 1103 1818 1170 defecerimus,
1847 1103 2051 1158 nullam

2165 1103 2314 1166 σιους
2358 1103 2414 1156 δὲ
2471 1102 2614 1156 κατὰ
2663 1101 2826 1155 Θεὸν·
2886 1102 2972 1154 ἴνα
3011 1103 3141 1154 ὅταν
3181 1101 3531 1171 ὲκλίπωμεν,
3589 1104 3731 1172 μηδὲν

467 1190 738 1246 habentes
784 1193 912 1247 vita:
957 1192 1254 1263 justitiam,
1305 1194 1499 1249 saltem
1533 1193 1606 1249 ob
1653 1195 1852 1250 collata
1883 1195 1938 1248 in
1967 1208 2053 1249 eos

2165 1195 2386 1266 ἔχοντες
2420 1195 2651 1258 ζωτικὸν
2679 1193 2975 1264 δικαίωμα,
3014 1194 3082 1248 δι’
3120 1188 3196 1248 ὧν
3225 1195 3432 1256 αὐτοὺς
3459 1189 3518 1248 εὖ
3563 1197 3727 1266 imi,-

466 1283 759 1348 benelicia,
819 1285 1091 1355 recipiant
1141 1301 1244 1340 nos
1293 1284 1350 1339 in
1402 1287 1761 1342 tabernacula
1811 1303 1930 1352 sua,
1961 1286 2052 1357 qui

2167 1305 2361 1358 σαμεν,
2395 1290 2475 1352 εἰς
2513 1287 2612 1349 τὰς
2661 1285 2875 1340 ἑαυτῶν
2932 1287 3078 1356 ἡμᾶς
3109 1285 3330 1354 σκηνὰς
3387 1287 3438 1338 οἱ
3470 1285 3729 1356 ἠλεημένοι

469 1387 716 1431 nostram
751 1377 1190 1434 misericordiam
1221 1379 1436 1450 experti
1467 1380 1642 1444 fuere.
1677 1379 1782 1436 Sed
1815 1381 1858 1436 si
1893 1397 1962 1436 ne
1993 1382 2055 1437 de

2169 1379 2567 1446 ὑποδέξωνται·
2625 1379 2686 1431 EI
2720 1378 2776 1432 δὲ
2813 1377 2950 1448 μηδὲ
3011 1378 3075 1430 ὲκ
3107 1377 3202 1430 τοῦ
3245 1379 3488 1447 μαμωνᾶ
3514 1377 3608 1446 τῆς
3635 1377 3732 1430 ἁδι-

468 1483 781 1522 mammona
800 1469 1025 1539 quidem
1061 1471 1394 1542 iniquitatis,
1418 1472 1472 1527 id
1509 1481 1594 1528 est
1622 1474 1888 1539 avaritiae,
1923 1475 2054 1531 bene

2170 1471 2310 1535 κξας,
2335 1471 2453 1542 ἤτοι
2481 1470 2580 1540 τῆς
2603 1469 2939 1536 πλεονεξίας,
2972 1468 3033 1522 εὖ
3062 1471 3240 1520 ποιεῖν
3263 1467 3398 1536 θελή
3409 1484 3614 1534 σαιμεν,
3633 1467 3732 1529 πῶς

469 1561 654 1616 facere
705 1562 1068 1628 voluerimus,
1112 1565 1238 1634 quis
1285 1563 1448 1620 nobis
1491 1564 1702 1631 credet,
1756 1565 1875 1621 fore
1917 1577 1978 1621 ut
2007 1567 2054 1622 si

2141 1563 2234 1616 ἂν
2261 1561 2685 1632 πιστευθείημεν
2713 1561 2796 1614 ὃτι
2829 1561 2880 1613 ει
2911 1560 3198 1630 προσῆσαν
3232 1559 3376 1627 ἡμῖν
3439 1557 3497 1622 ἐξ
3543 1559 3727 1616 οἰκείων

469 1663 642 1722 parta:
695 1654 934 1723 propriis
985 1653 1272 1710 laboribus
1324 1669 1460 1724 opes
1509 1655 1798 1720 adessent,
1853 1672 1920 1711 ex
1971 1656 2055 1713 his

2168 1654 2354 1708 κόπων
2380 1649 2662 1726 χρήματα,
2687 1653 2899 1716 τούτοις
2925 1652 2990 1705 ἂν
3014 1650 3142 1714 τοὺς
3163 1651 3374 1712 ἐνδεεῖς
3407 1651 3727 1718 ἦλεήσαμενς

469 1757 674 1812 egenos
699 1743 1138 1799 misericorditer
1165 1745 1518 1800 solaremur?
1545 1745 1680 1802 Nam
1712 1746 1754 1800 si
1780 1761 1850 1802 ne
1879 1747 2055 1803 aliena

2167 1748 2231 1802 El
2253 1748 2363 1820 γὰρ
2393 1749 2457 1800 ὲκ
2488 1745 2598 1800 τῶν
2626 1745 2922 1816 ἀλλοτρίων
2953 1743 3046 1797 καὶ
3077 1741 3114 1796 ἃ
3145 1743 3326 1814 χωρὶς
3349 1743 3531 1794 κόπων
3565 1741 3725 1792 πλεον-

471 1837 720 1908 quidem,
747 1849 804 1894 et
831 1855 956 1910 quae
1001 1841 1212 1912 absque
1249 1841 1442 1896 labore
1481 1855 1646 1896 avare
1688 1839 2057 1910 possidemus,

2169 1842 2405 1905 εκτικῶς
2436 1837 2793 1910 ἐκτησάμεθα
2819 1880 2835 1906 ,
2863 1839 2922 1892 οὔ
2961 1836 3378 1908 μετεδώκαμεν,
3403 1833 3438 1886 ἃ.
3465 1833 3553 1885 καὶ
3581 1835 3727 1886 οἷκεῖα

472 1932 735 1986 nolumus
782 1933 1218 2000 communicare,
1265 1931 1545 2003 quomodo
1573 1948 1638 1987 ea
1667 1947 1791 2002 quae
1837 1933 2058 2003 propria

2170 1933 2320 1986 δοκεῖ
2347 1929 2508 1990 εἶναι.
2539 1929 2632 1984 καὶ
2665 1928 2843 1982 πόνων
2895 1927 3042 1982 ἰδίων
3101 1924 3342 1994 καρπὸς,
3409 1922 3526 1985 πῶς
3551 1921 3610 1976 ἄν
3637 1939 3724 1974 τινι

471 2023 698 2078 videntu
709 2041 754 2090 r,
775 2033 1204 2096 nostrorumque
1226 2025 1479 2081 laborum
1493 2023 1708 2080 fructus
1731 2023 1944 2094 imperti
1955 2024 2057 2078 turi

1631 2034 1708 2079 Lus
1731 2023 2060 2094 impertituri
2172 2026 2378 2080 τούτων
2412 2023 2734 2096 μεταδοῦναι
2765 2021 3217 2091 πιστευθείημεν.

473 2116 730 2188 cuiquam
773 2117 1066 2174 credemur
1087 2119 1112 2171 ?

1592 2277 1718 2340 MAI,
1749 2275 1886 2330 Bibl.
1915 2275 2062 2330 Noua
2110 2273 2335 2330 Patrum
2369 2316 2384 2340 ,
2413 2275 2502 2338 Ill,
2537 2273 2657 2329 104.

777 2385 989 2459 Eulogii
1019 2389 1344 2457 patriarcha:
1381 2389 1754 2447 Alemudrini.

2455 2385 2753 2455 Εὐλοτίου
2774 2384 2944 2440 mina
2967 2383 3437 2452 Ἀλεξανδρείας.

549 2481 932 2536 Remittuntur
959 2481 1279 2552 iniquitates
1322 2482 1375 2536 in
1407 2482 1701 2554 baptismo,
1731 2493 1985 2556 tegentur
2011 2485 2067 2538 in

2235 2483 2308 2534 Τὸ
2361 2482 2460 2552 μὲν
2509 2474 2882 2552 ἀφείθησανξ
2913 2481 3007 2533 ἐπὶ
3073 2479 3168 2533 τοῦ
3234 2479 3619 2549 βαπτίσματος,
3671 2473 3717 2522 τὸ

477 2571 824 2641 paenitentia.
850 2572 1028 2628 Dictio
1052 2580 1259 2638 autem,
1293 2591 1398 2627 non
1436 2575 1780 2645 imputavcrit
1815 2575 2063 2630 Dominus

2169 2575 2227 2627 δὲ
2276 2573 2804 2644 ἐπεκαλύφθησαν
2848 2571 2942 2624 ἐπὶ
2977 2571 3076 2642 τῆς
3128 2569 3425 2640 μετανοίας
3471 2565 3711 2619 τάττεται.

480 2665 737 2722 enucleat
768 2665 1095 2720 vocabulum
1137 2675 1342 2737 tegere;
1375 2683 1501 2722 nam
1552 2677 1698 2723 recta
1743 2669 2066 2739 paenitentia

2169 2665 2242 2717 Τὸ
2269 2665 2347 2730 δὲ,
2385 2658 2434 2732 ᾧ
2474 2666 2546 2718 οὐ
2588 2663 2674 2732 μὴ
2711 2664 3032 2733 λογίσηται
3065 2663 3308 2731 Κύριος,
3355 2657 3602 2729 ὲξήγησίς
3627 2655 3717 2705 ἐστι

480 2763 706 2824 peccata
754 2755 920 2826 tegit,
955 2765 1014 2812 ut
1039 2757 1152 2829 jam
1182 2759 1324 2828 apud
1359 2759 1532 2814 Deum
1565 2775 1676 2815 non
1710 2770 2057 2830 reputentur.

2131 2786 2140 2837 ι
2177 2755 2272 2810 τοῦ
2319 2755 2806 2825 ἐπικα.ιυξρθῆναι
2831 2771 2846 2785 ο
2877 2757 2910 2825 ὴ
2937 2755 3046 2826 γὰρ
3087 2753 3228 2825 ὀρθὴ
3275 2749 3717 2840 Petimus-,3?

2174 2849 2368 2901 λύπτει
2409 2848 2507 2913 τὰς
2544 2849 2820 2919 ἁμαρτίας
2841 2886 2856 2912 ,
2880 2847 3020 2902 ὥστε
3065 2848 3138 2920 μὴ
3165 2845 3322 2917 παρὰ
3355 2843 3432 2911 τῷ
3458 2838 3569 2910 Θεῷ
3596 2836 3716 2902 λοῖίο

2173 2939 2364 3004 ζεσθαι
2399 2940 2624 3004 ταύτας.

483 3083 571 3144 De
602 3084 908 3164 Operibus
931 3088 1136 3150 sancti
1169 3087 1434 3167 Eulogii
1475 3092 1818 3169 deperditis
1859 3094 1987 3172 lege
2037 3115 2168 3176 qua:
2205 3097 2466 3158 Photius
2496 3097 2678 3158 habet
2723 3115 2790 3157 ιη
2837 3097 3250 3176 Bibliotheca,
3307 3101 3482 3164 codd.
3517 3109 3708 3166 ccxxv,

1207 3183 1464 3244 ccxxvx,
1497 3187 1726 3250 ccxxx,
1768 3175 2258 3256 ccaxxx,hujus
2297 3177 2664 3256 Patrologim
2703 3184 2848 3237 tam.
2887 3179 3036 3238 Clll.
