4016 6208
335 363 3554 406 2M

1611 575 1782 621 ANNO
1819 577 2042 622 υοΜιΝι
2077 581 2286 624 DXCVI.

827 757 998 938 s.
1091 757 2067 998 _SYMEON
2217 647 3078 942 JUNIOBI

1103 1251 1258 1338 DE
1327 1251 1420 1339 S.
1497 1251 2156 1344 SYMEONE
2243 1253 2842 1345 S'I‘YLITA

1197 1461 1264 1505 IN
1307 1460 1516 1506 MONTE
1543 1460 1822 1506 MIRABILI
1848 1461 2050 1506 PROPE
2079 1460 2466 1508 ANTIOCHIAM
2495 1449 2716 1518 SYRIQ'E,

727 1609 1323 1672 COMMENTARIUS
1367 1608 1722 1670 PREVIUS
1755 1609 1977 1668 CONR.
2019 1609 2454 1682 JANNINGHI,
2489 1608 2916 1669 SOCIETATIS
2949 1611 3148 1671 JESU.

1316 1777 1598 1846 (BOLLAND.
1627 1775 1742 1830 Act.
1777 1773 1958 1828 Sanct.
2001 1783 2040 1828 t.
2075 1773 2120 1827 ν
2153 1773 2300 1838 Maii,
2333 1789 2386 1844 p.
2420 1773 2570 1842 298.)

306 2083 334 2151 §
377 2080 418 2136 ι.
471 2079 646 2134 Trium
699 2079 928 2150 ejusdem
970 2080 1196 2134 nominis
1239 2077 1552 2151 stylitarum
1595 2078 1890 2140 diversitas,
1921 2081 1972 2140 Α
1996 2091 2232 2146 quorum
2293 2091 2463 2128 unum
2517 2075 2704 2130 laudat
2757 2077 3146 2130 inveniendum
3197 2077 3340 2146 apud
3397 2092 3456 2132 se
3499 2077 3566 2132 ad

762 2152 1092 2220 cognomina,
1128 2157 1174 2202 et
1197 2149 1385 2202 cultus.

329 2315 334 2320 ,
377 2262 430 2314 1.
462 2261 778 2316 Gnecorum
801 2260 1094 2324 Triodion,
1128 2261 1286 2330 cujus
1311 2261 1368 2314 in
1401 2276 1598 2315 eorum
1631 2261 1888 2316 ecclesiis

306 2367 442 2406 usus
469 2361 606 2405 esta
625 2351 912 2405 Dominica
936 2352 1374 2422 Septuagesimte
1413 2367 1588 2420 usque
1619 2351 1688 2405 ad
1729 2361 1886 2404 octa-

305 2458 428 2495 vam
469 2443 848 2504 Pentecostes,
887 2443 940 2496 in
965 2443 1194 2498 Canone
1221 2443 1398 2496 Feriae
1429 2459 1480 2496 γι
1522 2452 1652 2497 ante
1693 2443 1884 2498 Domi-

303 2533 484 2586 nicam
523 2532 1260 2604 Quinquagesiuue.quando
1289 2533 1348 2586 lit
1369 2533 1624 2586 Memoria
1650 2535 1886 2586 omnium

301 2635 610 2680 sanctorum
635 2633 684 2677 et
719 2623 1054 2694 Deifcrornm
1087 2624 1336 2687 Patrum,
1365 2627 1454 2694 qui
1485 2626 1540 2678 in
1587 2625 1884 2678 monastica

305 2718 686 2771 exercitatione
729 2715 1082 2786 singulariter
1167 2715 1474 2778 eluxerunt,
1535 2716 1743 2786 Μνήμη
1775 2713 1884 2765 τῶν

305 2811 468 2864 ὁπέων
501 2811 596 2863 καὶ
614 2810 900 2880 Θεοφόρων
933 2810 1214 2878 Πατέρων,
1239 2810 1348 2862 τῶν
1399 2811 1458 2862 ὲν
1478 2809 1710 2878 ἀσκήσει
1741 2807 1884 2877 λαμ-

303 2903 562 2972 ψάντων,
621 2916 814 2956 eorum
870 2901 1208 2956 celebriores
1263 2901 1546 2971 sigillatim
1583 2910 1642 2956 et
1685 2900 1884 2954 ordine

307 2994 655 3064 alphabetico
677 2992 986 3048 laudandos
1011 2993 1294 3062 proponit,
1321 3009 1418 3062 per
1435 2993 1715 3048 Canonem
1741 2992 1888 3048 bene

309 3087 554 3156 longum.
588 3085 648 3140 In
671 3085 836 3155 hujus
863 3094 1048 3139 autem
1081 3084 1311 3140 canonis
1339 3083 1444 3139 ode
1493 3087 1548 3144 6,
1594 3083 1817 3153 strophe
1851 3083 1886 3136 5

308 3179 490 3248 (cujus
521 3186 576 3232 et
613 3177 886 3232 Baronius
913 3176 1171 3232 meminit
1193 3176 1260 3230 ad
1309 3191 1398 3230 an.
1427 3177 1552 3240 842,
1587 3191 1744 3230 num.
1767 3174 1882 3243 27).,

307 3269 611 3341 Symeones
659 3277 898 3338 quatuor
940 3268 1022 3324 sic
1051 3277 1602 3323 commemorantur:
1642 3267 1886 3337 Οὐρανὸς

305 3363 744 3430 τετραφόστερος
809 3353 982 3429 ὲφάνή
1011 3361 1072 3412 ὲν
1103 3362 1196 3431 γῇ,
1265 3360 1298 3430 ἠ
1347 3360 1436 3412 διὰ
1485 3359 1566 3422 δὶς
1603 3357 1698 3412 δύο
1746 3357 1884 3427 αὕτη

1995 2169 2198 2222 calcem
2231 2167 2678 2237 Evangeliorum,
2709 2168 2940 2222 Arabire
2997 2167 3049 2220 iu
3073 2167 3306 2238 .‘Egypto
3343 2171 3565 2240 perpul—

1995 2261 2126 2314 ebre
2161 2259 2520 2328 scriptorum,
2550 2275 2642 2313 an.
2675 2267 2980 2329 martyrum
3013 2271 3112 2322 un,
3151 2260 3204 2314 id
3257 2269 3341 2315 est
3363 2260 3566 2314 Christi

1999 2350 2167 2413 H86;
2205 2351 2286 2404 sic
2315 2359 2498 2404 autem
2531 2351 2606 2404 ibi
2635 2350 2990 2404 referuntur:
3020 2353 3052 2406 4
3085 2352 3291 2406 mensis
3309 2353 3452 2406 Vhot
3473 2367 3568 2406 seu

1998 2443 2020 2494 l
2053 2442 2394 2510 Septembris
2424 2441 2696 2513 Symeonis
2755 2442 2984 2504 Detenti,
3023 2445 3182 2513 cujus
3223 2444 3572 2514 cognominis

1997 2535 2138 2587 ratio
2172 2534 2316 2588 haud
2347 2535 2509 2588 facile
2543 2543 2812 2603 apparet;
2845 2533 2914 2588 ἓξ)
2951 2537 3156 2590 mensis
3183 2533 3432 2590 Bachues
3471 2551 3568 2588 seu

1992 2626 2060 2680 24
2093 2626 2238 2688 Maii,
2269 2627 2440 2679 sancti
2483 2624 2755 2696 Symeonis
2781 2626 2962 2696 Magni
2987 2629 3071 2690 :5
3117 2629 3320 2682 mensis
3367 2627 3566 2690 Musre,

1995 2717 2048 2770 id
2073 2725 2160 2772 est
2190 2719 2259 2770 27
2282 2717 2415 2772 Julii
2449 2758 2464 2780 ,
2519 2715 2792 2787 Symeonis
2837 2715 3063 2787 Stylitw.
3126 2719 3316 2772 Itidem
3375 2719 3568 2772 iisdem

1993 2809 2194 2863 diebus
2223 2819 2584 2864 recensentur
2627 2810 2792 2864 etiam
2829 2809 2882 2862 in
2927 2810 3266 2866 lialeudario
3315 2811 3562 2882 Syriaco,

1992 2899 2142 2968 quod
2179 2900 2434 2954 Patribus
2457 2901 2663 2956 nostris
2701 2901 3054 2956 llenschenio
3077 2911 3132 2956 et
3163 2903 3566 2971 Papebrocliio,
3591 2971 3604 2976 _

1995 2992 2184 3045 Romae
2245 2991 2298 3045 in
2369 2993 2603 3062 collegio
2675 2993 3026 3054 Maronitico.
3087 2994 3283 3049 Latine
3337 2994 3566 3049 dictavit

1991 3085 2054 3138 D.
2110 3084 2427 3153 Josephus,
2493 3085 2707 3155 collegii
2767 3086 3024 3156 ejusdem,
3084 3087 3386 3152 alumnus,
3465 3087 3570 3140 hoc

1995 3177 2162 3232 modo
2201 3195 2213 3229 :
2253 3175 2434 3232 Obitus
2475 3179 2646 3231 sancti
2691 3175 2968 3248 Symeonis
3021 3179 3181 3248 primi
3224 3178 3565 3250 Stylilarum,

1991 3269 2164 3324 sancti
2187 3267 2574 3338 Symeonis.....
2607 3271 2782 3322 sancti
2808 3268 3082 3339 Symeonis
3105 3268 3330 3339 Stylitaa.
3393 3271 3570 3338 Atque

1993 3363 2189 3416 eodem
2219 3361 2336 3416 fere
2365 3357 2550 3425 modo,
2581 3363 2800 3430 punctis
2833 3363 2998 3417 etiam
3042 3362 3107 3416 ad
3133 3362 3434 3416 secundum
3473 3378 3574 3415 no-

307 3449 644 3520 Σνμεὼνειος
681 3450 1070 3520 ὁμωνυμία,,ὲν
1099 3451 1212 3512 τοῖς
1241 3449 1452 3511 στύλοις
1475 3452 1622 3518 τρεῖς
1641 3450 1766 3512 εἱσι,
1799 3448 1894 3502 καὶ

2001 3453 2148 3516 tatis,
2175 3454 2296 3506 loco
2319 3452 2470 3506 vocis
2493 3451 2730 3522 alicujus
2763 3453 3071 3507 deﬁcientis
3101 3469 3316 3522 usuque
3334 3453 3568 3516 extritai,

307 3537 388 3605 εἷς
417 3544 444 3594 ὁ
465 3542 652 3604 Σαλός.
672 3540 794 3595 Ηωσ
823 3541 900 3596 bis
925 3542 1152 3595 duorum
1176 3539 1496 3612 Symeonum
1527 3544 1886 3610 homonymia,

235 3627 256 3642 ’⁸
313 3635 566 3702 apparuit
599 3635 656 3686 in
702 3641 848 3686 terra
901 3633 1042 3686 velut
1072 3631 1260 3686 cadum
1310 3645 1542 3702 quatuor
1601 3631 1889 3686 luminari-

309 3727 402 3778 bus
439 3725 767 3788 distinctum,
807 3742 1035 3795 quorum
1091 3734 1195 3778 tres
1228 3727 1282 3778 in
1317 3727 1574 3780 columnis
1627 3729 1886 3788 vixerunt,

313 3835 450 3872 unus
478 3817 792 3889 appellatur
820 3818 1002 3873 Salus.
1027 3819 1242 3874 Colitur
1265 3820 1498 3874 ultimus
1525 3819 1616 3873 die
1657 3820 1682 3872 l
1729 3818 1886 3872 Julii.

313 3909 634 3980 Stylitarum
687 3910 798 3964 duo
845 3910 1124 3964 notissimi
1177 3920 1328 3974 sunt,
1360 3911 1528 3964 etiam
1583 3909 1728 3978 apud
1771 3909 1889 3964 Μο-

297 4001 474 4055 schos
497 4011 555 4056 et
577 4009 852 4072 quotquot
879 4002 972 4056 alii
995 4001 1202 4057 Graecis
1247 4003 1450 4056 ritibus
1491 4008 1762 4065 utuntur;
1809 4017 1889 4053 se-

315 4093 452 4156 nior,
478 4092 510 4144 5
535 4093 784 4148 Januarii
811 4093 958 4163 apud
1001 4093 1252 4158 Latinos,
1295 4094 1438 4162 apud
1489 4093 1712 4148 Graecos
1744 4095 1766 4146 l
1795 4092 1892 4148 Se-

313 4181 617 4251 ptembris;
663 4184 874 4252 junior,
902 4183 1116 4238 Latinis
1140 4183 1320 4238 Fastis
1351 4185 1569 4253 ignotus
1604 4197 1782 4251 usque
1821 4182 1890 4236 ad

315 4275 732 4328 renovationem
779 4275 1151 4346 Martyrologii
1207 4291 1238 4328 a
1267 4274 1505 4328 Baronio
1554 4273 1776 4338 factam,
1809 4273 1890 4328 le-

313 4365 616 4420 stivitatem
669 4365 836 4420 habet
890 4365 1314 4420 celeberrimam
1357 4364 1586 4420 Oriente
1629 4375 1746 4421 toto
1801 4365 1892 4419 die

313 4455 388 4510 24
445 4457 596 4518 Maii.
645 4457 838 4512 nescio
883 4473 952 4512 ex
1007 4473 1119 4526 quo
1163 4457 1344 4526 capite
1409 4456 1614 4510 relatus
1673 4455 1742 4510 ab
1793 4471 1890 4510 eo—

315 4545 440 4600 dem
461 4546 698 4601 Baronio
718 4547 788 4600 ad
814 4547 846 4601 5
865 4547 1230 4616 Septembris,
1264 4554 1384 4600 rato
1407 4545 1556 4601 hunc
1579 4547 1734 4600 illum
1769 4559 1890 4599 esse

315 4650 480 4704 quem
513 4635 651 4704 ipsis
681 4636 942 4692 Kalendis
965 4636 1142 4690 Graeci
1169 4635 1477 4690 celebrant.
1516 4637 1739 4691 Tertius
1769 4635 1892 4706 Sty-

315 4727 710 4792 litarum,eum
755 4729 934 4784 titulis
975 4729 1278 4799 Presbyteri
1331 4738 1382 4782 et
1421 4729 1888 4794 Archimandritaa,

321 4819 440 4873 solo
465 4819 978 4876 hactenusnomine
1012 4820 1186 4874 ferme
1211 4829 1380 4875 notus
1417 4821 1580 4874 nobis
1632 4829 1754 4874 est:
1791 4837 1895 4876 nec

317 4911 466 4964 enim
495 4912 632 4967 satis
664 4920 880 4966 constat
909 4913 1088 4982 ipsum
1112 4927 1256 4978 esse,
1282 4913 1378 4982 qui
1433 4913 1488 4967 in
1519 4911 1710 4967 Cilicia
1737 4913 1893 4978 vixit,

317 5009 370 5053 et
401 5000 632 5056 fulmine
659 5010 842 5056 tactus
871 5001 1032 5066 obiit,
1079 5002 1282 5058 Joann—i
1329 5003 1554 5057 Moscho
1607 5003 1662 5057 in
1725 5001 1894 5056 Prata

319 5091 586 5158 spirituati
612 5091 870 5146 laudatus
917 5110 931 5145 :
988 5093 1052 5146 ad
1086 5093 1234 5148 diem
1288 5093 1357 5148 27
1386 5093 1520 5148 Julii
1567 5094 1890 5148 memoriam

322 5185 440 5256 ejus
455 5181 631 5236 Graeci
663 5182 932 5236 recolunt.

387 5275 443 5327 2.
491 5273 698 5328 Eadem
739 5275 908 5328 trium
969 5276 1161 5330 saltem
1216 5275 1554 5346 Symeonum
1607 5275 1900 5330 distinctio

323 5366 462 5420 adeo
489 5380 590 5435 per
613 5365 896 5420 Orientem
929 5375 1058 5420 nota
1083 5367 1190 5421 fuit
1211 5407 1226 5430 ,
1273 5377 1334 5421 ut
1353 5369 1518 5422 etiam
1541 5367 1606 5422 ad
1651 5368 1901 5438 Coptitas

321 5471 418 5512 Seu
448 5456 800 5512 Christianos
825 5457 1106 5528 Egyptios
1137 5459 1499 5526 pertinuerit:
1541 5461 1686 5529 quod
1735 5477 1902 5529 appa-

326 5553 434 5600 ruit
463 5563 528 5601 cx
557 5563 747 5602 eorum
771 5549 1133 5610 Kalendariis.
1163 5551 1216 5603 iu
1249 5551 1426 5605 lucem
1449 5552 1616 5606 editis
1639 5569 1668 5606 ει
1694 5553 1898 5607 Jacobo

325 5633 582 5703 Βριάρεω,
625 5637 720 5693 lib.
753 5655 812 5692 Ill
857 5638 924 5693 de
966 5639 1255 5708 Synedriis
1297 5639 1658 5696 llcbrzcorum
1721 5661 1768 5696 c.
1811 5643 1895 5706 l5,

1923 4803 1966 4860 C

1997 3544 2350 3612 reperiuntur
2383 3543 2458 3596 illi
2497 3543 2640 3611 apud
2671 3543 2990 3609 Seldcnum,
3019 3543 3207 3597 itidem
3257 3543 3350 3596 ubi
3384 3559 3568 3612 supra,

1997 3634 2052 3687 in
2102 3633 2212 3687 alio
2281 3634 2612 3688 Kalendario
2684 3634 2833 3703 quod
2897 3635 3210 3704 composuit
3281 3635 3571 3688 Mahumed

1995 3725 2238 3780 Achmed
2265 3725 2657 3780 Calcaseudius
2691 3727 2754 3778 de
2783 3727 2925 3795 fastis
2955 3725 3309 3795 Coptitarum,
3347 3721 3442 3779 tibi
3475 3742 3574 3780 no—

1996 3817 2144 3870 mina
2165 3817 2244 3870 sic
2272 3817 2571 3884 leguntur:
2613 3817 2630 3868 l
2663 3815 2996 3884 septciubris
3035 3815 3309 3885 Symeonis
3345 3815 3570 3885 Stylitw,

1995 3907 2064 3962 9‘2
2087 3923 2186 3976 pro
2213 3909 2280 3960 “24
2303 3909 2426 3960 Maii
2462 3906 2673 3960 Festum
2719 3905 3013 3978 Symeonis,
3068 3907 3136 3960 27
3177 3907 3306 3961 Julii
3366 3905 3572 3960 Festum

1997 3996 2270 4068 Symeonis
2304 3997 2516 4069 Stylitw
2547 4015 2564 4051 :
2599 3999 2736 4066 quin
2781 3999 2947 4052 etiam
2986 3999 3054 4052 ad
3114 3999 3178 4051 l4
3229 3999 3575 4066 Septembris

1995 4089 2240 4154 additur,
2277 4087 2398 4142 aliis
2421 4089 2682 4142 omnibus
2736 4089 3006 4158 ignotum,
3060 4089 3246 4158 festum
3300 4089 3574 4161 Symeonis

1996 4179 2237 4249 Stytitw;
2266 4188 2320 4233 et
2355 4180 2626 4234 Seldeuus
2659 4195 2758 4234 sua
2797 4195 2964 4232 manu
3025 4181 3302 4250 ascripsil,
3353 4179 3576 4234 alterius

1993 4287 2084 4324 seu
2108 4269 2350 4323 Junioris
2374 4287 2394 4335 ;
2427 4285 2590 4339 quam
2621 4281 2790 4335 recte,
2827 4271 2945 4340 ipse
2971 4271 3192 4326 viderit.
3227 4273 3286 4326 lu
3307 4273 3576 4342 Martyro-

1995 4359 2140 4426 logio
2161 4358 2648 4429 Araho-ngyptio,
2677 4361 2826 4428 quod
2853 4359 3048 4416 iisdem
3085 4361 3346 4416 Patribus
3403 4361 3576 4415 inter-

1995 4459 2244 4520 pretatus
2273 4459 2356 4506 est
2377 4451 2566 4506 Gratia
2620 4451 2922 4517 Simonius,
2963 4461 3096 4507 tunc
3149 4453 3395 4522 ejusdem
3463 4453 3578 4507 col-

1995 4545 2122 4612 legii
2149 4544 2406 4598 alumnus
2429 4559 2580 4599 nunc
2602 4545 3059 4612 archiepiscopus
3087 4544 3468 4612 Tripolitanus
3519 4547 3574 4598 in

1997 4635 2172 4706 Syria,
2200 4635 2378 4690 solum
2399 4636 2682 4690 invenitur
2715 4633 2979 4688 Memoria
3029 4635 3204 4688 sancti
3264 4635 3443 4688 Patris
3475 4635 3576 4708 Sg-

1997 4729 2196 4781 meonis
2231 4727 2563 4788 Miraculosi.
2589 4727 2832 4795 ascripta
2853 4725 2922 4780 ει
2951 4727 3114 4780 Maii.‘

2072 4819 2184 4873 Leo
2209 4819 2462 4882 Allatius,
2497 4819 2552 4872 in
2577 4817 2824 4872 Diatriba
2858 4818 2927 4873 de
2955 4819 3290 4890 Symeonum
3345 4821 3575 4890 scriptis

1997 4913 2208 4980 Optime
2255 4912 2326 4966 de
2353 4909 2727 4982 Symeonibus
2767 4911 3028 4975 meritus,
3046 4911 3114 4966 de
3139 4909 3360 4965 Juniore
3385 4928 3574 4980 agens,

1999 5003 2188 5064 (ἔνευσε,
2229 5003 2428 5071 inquit,
2457 5003 2793 5064 recentiores,
2817 5011 2874 5054 ut
2904 5003 3136 5072 primum
3175 5003 3239 5057 ab
3269 5005 3366 5057 hoc
3385 5021 3576 5057 secan-

2000 5093 2066 5145 do
2087 5093 2437 5162 distinguant,
2473 5096 2704 5162 primum
2743 5092 3056 5166 Symeonem
3082 5095 3174 5148 τὸν
3228 5097 3286 5148 ὲν
3333 5102 3396 5167 τῇ
3441 5101 3580 5167 μάν--

1999 5183 2120 5253 δρᾳ.
2139 5184 2420 5236 secundum
2445 5185 2579 5237 hunc
2606 5185 2696 5237 τὸν
2718 5187 2776 5236 ὲν
2805 5185 3101 5256 (lavitum?)
3123 5187 3236 5257 δρει
3265 5189 3536 5258 appellant
3562 5209 3580 5246 :

2005 5274 2198 5342 utique
2227 5289 2256 5326 a
2288 5275 2408 5328 loco
2441 5275 2495 5327 in
2544 5291 2655 5344 quo
2689 5275 2890 5344 singuli
2925 5285 3234 5332 extremum
3269 5281 3394 5333 vita:
3431 5281 3578 5335 dicm

2002 5367 2286 5430 obierunt,
2337 5369 2389 5420 in
2428 5383 2524 5420 sua
2575 5367 2808 5436 quisque
2853 5369 3159 5436 columna;
3197 5371 3406 5439 primus
3467 5374 3584 5427 lou-

2001 5462 2122 5528 gius
2154 5460 2224 5513 ab
2263 5460 2580 5520 Autimrliia,
2611 5461 2754 5514 inter
2781 5459 2924 5514 hanc
2964 5471 3020 5515 et
3051 5461 3344 5532 Alcppuni,
3383 5465 3462 5518 uti
3502 5475 3580 5518 tc-

2003 5553 2104 5606 stis
2165 5563 2248 5607 est
2304 5553 2400 5623 qui
2437 5571 2614 5622 nuper
2653 5553 2834 5608 adhuc
2865 5554 3178 5608 columnam
3213 5555 3352 5609 vidit
3389 5557 3582 5612 Frater

2001 5645 2276 5700 Antonius
2301 5647 2572 5702 Gonzalcs
2609 5647 2900 5702 Minorita:
2927 5647 3206 5702 secundus
3239 5649 3384 5703 haud
3421 5651 3580 5720 longe
