4016 6208
500 223 636 302 ἓΐὶεῖῖ

1763 226 1822 288 S.
1859 223 2152 284 SYMEON
2191 225 2497 286 JUNIOR.

3575 235 3700 300 2968

499 359 528 394 τι
593 340 860 395 suburbio
925 331 1198 408 Daphnes,
1251 337 1304 391 in
1361 345 1548 391 monte
1598 349 1760 406 quem
1809 337 2064 406 pluribus
2095 342 2138 397 Α
2169 334 2316 388 intra
2347 336 2627 390 mandram
2656 337 2913 392 conclusa
2949 337 3072 405 fuit,
3121 340 3198 393 uti
3241 340 3506 407 Senioris,
3553 358 3694 415 prout

501 433 879 486 describemus
908 431 1066 484 infra.
1092 431 1170 484 De
1205 430 1384 499 primo
1411 428 1627 482 abunde
1655 429 1950 488 Bollandus
1973 443 2068 481 no-

499 534 613 578 ster
643 525 752 594 egit
776 525 831 578 in
864 523 1143 586 Januario,
1172 531 1226 576 et
1255 509 1595 592 cognominis
1626 509 1871 588 pratdicti
1899 520 2065 572 ratio-

509 625 638 670 hem
689 631 756 668 ex
795 625 1024 668 auclore
1067 613 1213 668 haud
1271 613 1434 681 paulo
1481 611 1777 680 antiquiori
1831 611 2067 680 Evagrio

501 703 912 775 intelligendam
955 705 1132 766 dedit,
1171 703 1424 774 allegatis
1479 703 1599 772 ejus
1655 700 1860 767 verbis,
1891 716 2068 755 annos

499 799 626 851 vita:
650 798 728 851 sic
758 796 1239 860 distribuentibus,
1281 803 1337 849 ut
1365 793 1562 848 dicatis
1595 793 1770 863 egisse
1821 794 1879 844 ἐν
1930 793 2064 862 αὐτῇ

502 889 810 958 καλουμένῃ
879 887 1104 958 Μάνδρᾳ
1161 888 1300 940 ἓπτα
1365 887 1454 940 καὶ
1491 887 1895 957 τεσσαράκοντα
1946 884 2062 952 ἐτη,

498 981 554 1034 in
601 996 662 1031 ea
705 997 821 1050 qua:
848 989 1061 1034 rocatur
1107 978 1336 1032 Mandra
1384 993 1551 1030 annos
1593 977 1950 1046 quadraginta
1987 991 2067 1028 se-

501 1078 662 1140 ptem,
691 1069 946 1124 videlicet
971 1070 1200 1123 ultimos
1238 1068 1364 1122 vitae
1403 1083 1532 1132 suae,
1569 1067 1735 1137 idque
1779 1081 1944 1136 supra
1978 1081 2068 1119 va-

501 1163 614 1216 rius
637 1162 944 1218 successive
979 1164 1283 1224 columnas,
1313 1163 1454 1214 intra
1491 1160 1738 1214 eamdem
1785 1159 2063 1215 Mandram

501 1261 737 1314 erectas,
782 1259 948 1319 prout
979 1267 1046 1304 ex
1097 1250 1216 1302 Vita
1247 1250 1314 1303 ab
1343 1249 1584 1302 Antonio
1621 1248 1891 1316 discipulo
1933 1247 2066 1301 scri-

499 1348 594 1408 pta
627 1341 969 1410 intelligitur.
1007 1339 1102 1392 Est
1131 1350 1316 1392 autem
1355 1339 1580 1392 Mandra
1606 1339 1659 1392 in
1684 1339 1862 1408 primo
1901 1347 2066 1406 atque

499 1431 800 1499 nriginario
852 1447 954 1485 suo
991 1430 1316 1500 signiﬁcato,
1363 1431 1518 1484 locus
1565 1431 1800 1484 maceria
1851 1431 2065 1499 lapidea

499 1522 920 1590 circumseptus,
950 1521 1164 1591 qualem
1210 1521 1314 1574 sibi
1361 1521 1416 1574 in
1447 1521 1616 1592 Syriae
1652 1522 1860 1591 campis
1887 1523 2066 1577 facere

499 1615 756 1668 solebant
807 1622 1072 1682 pastores,
1107 1615 1361 1681 intraque
1391 1628 1512 1666 eam
1541 1613 1780 1682 pecudes
1806 1629 1934 1668 suas
1961 1631 2064 1680 no-

501 1714 595 1758 ctu
661 1707 936 1776 colligere,
971 1704 1062 1758 ubi
1089 1721 1119 1758 a
1149 1704 1290 1773 lupis
1325 1719 1390 1758 ac
1439 1704 1658 1759 furibus
1687 1715 1815 1759 tuta:
1856 1717 2060 1762 essent.

500 1797 668 1862 “i‘alis,
703 1811 805 1850 nec
863 1797 989 1860 alia,
1017 1795 1122 1849 fuit
1151 1795 1396 1858 Mandra,
1436 1811 1558 1864 qua:
1592 1797 1772 1866 primo
1819 1795 2064 1868 Symeoni

499 1905 700 1944 nomen
726 1889 876 1943 dedit
906 1907 920 1954 ;
955 1889 1154 1958 quippe
1193 1888 1284 1956 qui
1311 1897 1507 1956 prteter
1535 1905 1702 1942 unum
1747 1889 1850 1944 sibi
1905 1892 2066 1945 mini-

499 1990 762 2035 strantem
789 1979 1082 2034 Antonium
1103 1979 1282 2032 nullos
1310 1978 1790 2034 s‘eiaturhabuisse
1819 1979 2064 2049 discipu-

503 2076 585 2134 los.
608 2092 621 2136 ;
646 2084 780 2126 eteo
807 2081 1012 2126 tantum
1034 2072 1138 2126 line
1173 2074 1292 2126 loco
1310 2087 1470 2140 quem
1495 2071 1746 2124 colunma
1775 2087 1874 2126 sua
1901 2088 2068 2126 cecu—

503 2167 668 2236 pahat
693 2163 1060 2220 circumduxit
1099 2151 1414 2224 maceriam,
1447 2179 1516 2217 ne
1549 2163 1894 2232 promiscuus
1919 2165 1984 2218 ad
2009 2181 2066 2220 se

503 2270 760 2309 accessus
797 2254 1022 2310 daretur
1056 2253 1222 2308 etiam
1251 2253 1578 2307 mulieribus
1608 2270 1621 2305 :
1649 2252 1777 2305 huic
1803 2269 1934 2306 vero
1966 2254 2064 2310 ad-

495 2347 684 2414 juncta
712 2355 830 2400 erat
879 2345 1105 2400 mandra
1147 2345 1340 2406 altera,
1373 2345 1516 2398 intra
1543 2359 1704 2412 quam
1737 2361 1858 2398 sese
1907 2359 2066 2412 perc-i

499 2437 644 2504 grini
697 2437 1050 2506 hospitesque
1104 2437 1452 2504 reciperent,
1489 2433 1664 2488 donec
1701 2433 1766 2488 ad
1817 2443 2064 2489 sanctum

499 2524 946 2582 admitterentur.

573 2618 626 2669 .l.
666 2615 936 2672 Caeterum
964 2617 1093 2685 quia
1123 2616 1382 2686 paulatim
1417 2633 1548 2672 usus
1581 2617 1841 2680 obtinuit,
1869 2623 1930 2670 ut
1949 2632 2064 2672 mo-

500 2709 800 2764 nachorum
859 2709 1110 2764 cmnobia
1157 2709 1398 2764 Mandra:
1426 2753 1440 2774 ,
1473 2717 1529 2763 et
1587 2710 1780 2764 harum
1829 2709 2065 2779 prmt‘erti

501 2801 818 2855 dicerentur
850 2802 1318 2866 Archimandritat;
1359 2802 1487 2857 hinc
1531 2802 1734 2856 factum
1767 2809 1828 2856 ut
1873 2801 2070 2856 Senior

505 2894 754 2966 Symcon,
787 2895 880 2964 qui
909 2895 1015 2958 iam
1047 2895 1246 2963 passim
1285 2894 1782 2965 cognominabatur
1841 2891 2066 2964 Symeon

500 2989 554 3040 in
589 2987 835 3046 Handra,
867 2985 919 3040 in
965 2985 1182 3040 excusis
1218 2985 1530 3040 Graecorum
1559 2985 1874 3040 Ritualibus
1903 2999 2068 3038 voce-

501 3087 592 3128 tur
645 3075 1324 3143 Archimandrita,praeter
1375 3077 1544 3128 totius
1593 3074 1838 3128 historiae
1881 3074 2063 3128 tidem.

500 3166 680 3228 llian
709 3167 864 3235 longe
885 3165 1179 3229 aberravit,
1212 3164 1416 3218 erravit
1447 3175 1626 3220 tamen
1673 3175 1864 3220 auctor
1891 3165 2066 3235 Syna-

501 3257 642 3310 xarii
691 3255 1122 3318 Claromontani,
1149 3256 1382 3326 elogium
1417 3257 1536 3326 ejus
1566 3258 1646 3310 sic
1679 3256 1879 3310 ﬁniens
1911 3273 1925 3308 :
1976 3257 2066 3310 Ἐκ

502 3348 634 3422 γοῦν
691 3347 784 3398 τοῦ
862 3347 1076 3416 οἰκῆσαι
1143 3351 1210 3418 τῇ
1243 3347 1416 3419 latio;
1478 3353 1545 3418 τῇ
1621 3349 2064 3421 ὲπονῡμαζομὲνῃ

499 3431 748 3508 Μάνδρᾳ,
779 3438 992 3504 λέγεται
1023 3437 1244 3506 Συμεὼν
1275 3441 1302 3491 ὁ
1323 3441 1417 3508 τῆς
1441 3441 1695 3510 Μάνδρας
1731 3457 1744 3474 '
1782 3443 1846 3494 ὲκ
1875 3442 1932 3494 δὲ
1971 3443 2064 3496 τοῦ

504 3530 582 3591 εἰς
610 3529 893 3596 διαφόρους
929 3527 1151 3589 στύλους
1183 3529 1480 3598 ἀναχθῆναι
1507 3571 1520 3592 ,
1549 3530 1794 3582 καλεῖται.
1843 3532 2066 3600 Συμεὼν

501 3620 777 3688 Στυλίτης.
809 3619 892 3674 Ea;
917 3636 975 3674 eo
1003 3621 1140 3689 quod
1169 3621 1441 3674 habitabat
1471 3622 1525 3675 in
1555 3624 1872 3676 monasterio
1929 3623 2067 3692 quod

498 3710 783 3762 uocabatur
807 3709 1054 3776 Mandra,
1081 3711 1270 3764 dicitur
1291 3711 1478 3782 Symco
1516 3715 1569 3766 in
1609 3713 1836 3767 Mandra
1860 3729 1879 3768 :
1911 3730 1973 3767 ea:
2007 3731 2064 3767 eo

498 3811 622 3854 cera
656 3801 793 3868 quod
817 3801 1045 3855 diversos
1075 3801 1269 3872 Stylos,
1298 3803 1353 3856 id
1400 3813 1480 3857 est
1530 3807 1834 3868 columnas,
1881 3821 2068 3860 (rscon-

500 3885 596 3955 dit,
626 3893 930 3944 nominatur
980 3891 1202 3963 ngeou
1263 3892 1495 3962 Stylites.
1529 3894 1682 3949 Licet
1733 3897 1900 3958 enim,
1928 3906 2065 3951 teste

498 3981 752 4052 Evagrio.
778 3985 830 4036 in
857 3986 1172 4038 monasterio
1192 4027 1205 4048 ,
1231 3987 1286 4038 in
1321 4003 1422 4055 quo
1458 3989 1687 4056 primum
1735 3989 1937 4042 divinas
1987 3991 2064 4042 ui-

502 4075 653 4127 uendi
705 4077 1072 4144 prmccptiones
1111 4077 1308 4136 didicit,
1341 4095 1509 4140 annos
1535 4079 1660 4132 vixit
1695 4095 1876 4132 novem
1897 4121 1911 4143 ,
1955 4095 2062 4134 non

503 4177 684 4224 tamen
721 4167 822 4220 hoc
847 4168 1236 4221 monasterium
1290 4171 1515 4238 proprio
1553 4172 1776 4225 nomine
1829 4173 2064 4226 vocaba-

503 4265 595 4308 tur
625 4257 872 4319 Mandra,
909 4257 1004 4312 sed
1047 4257 1339 4322 Timothei;
1377 4277 1556 4329 neque
1607 4279 1908 4332 congruum
1939 4264 2061 4328 fuit,

504 4353 564 4406 ut
586 4361 616 4397 a
657 4345 776 4398 loco
801 4361 962 4413 quem
989 4361 1127 4414 pene
1166 4365 1301 4416 puer
1332 4349 1692 4412 habitaverat,
1725 4367 1922 4404 nomen
1949 4367 2066 4404 sor-

503 4437 702 4488 tiretur
753 4443 876 4503 post
931 4445 1182 4490 mortem.
1213 4438 1354 4492 Fieri
1387 4448 1570 4493 tamen
1625 4441 1802 4508 potuit
1855 4451 2062 4496 utnon

505 4525 683 4589 solum
733 4540 902 4594 super
956 4527 1096 4589 illas,
1129 4543 1266 4596 quas
1295 4529 1385 4582 ille
1422 4531 1734 4584 successive
1781 4531 2066 4587 dimiserat

503 4617 785 4670 columnas
807 4619 1170 4673 ascenderent
1196 4619 1288 4676 alii
1337 4620 1429 4673 diu
1473 4629 1658 4689 postea
1689 4637 1702 4686 ;
1734 4622 1830 4680 sed
1859 4623 2023 4675 etiam
2047 4663 2062 4689 ,

502 4709 750 4782 quamvis
803 4725 1006 4778 corpus
1053 4718 1199 4764 esset
1251 4710 1572 4772 Antiochim,
1633 4712 1816 4779 plures
1885 4721 2066 4766 tamen

503 4801 593 4854 alii
646 4801 847 4855 ibidem
914 4801 1149 4864 collecti,
1197 4803 1395 4870 partim
1430 4803 1657 4872 Stylitaa,
1711 4805 1906 4872 partim
1941 4803 2066 4858 Cu:-

502 4890 738 4954 nobitat,
809 4890 1093 4946 cﬂ‘ecerint
1157 4893 1390 4961 amplam
1461 4909 1525 4946 ac
1582 4892 1842 4946 famosam
1902 4895 2065 4952 Man-

503 4979 656 5032 (iram
694 4997 706 5032 :
744 4979 810 5034 ad
847 4997 1008 5049 quant
1039 4981 1168 5050 quia
1199 4981 1443 5051 Undique
1479 4983 1872 5036 accurrehatur
1907 5000 1938 5036 a
1972 4999 2068 5052 pe-

503 5071 756 5140 regrinis,
789 5072 1066 5125 celebrem
1099 5071 1176 5124 ibi
1224 5069 1494 5140 Symeonis
1529 5071 1841 5128 columnam
1887 5072 2068 5130 visere

503 5163 876 5230 cupientibus,
907 5163 1054 5232 apud
1089 5164 1427 5218 recentiores
1459 5163 1752 5216 invalucrit
1773 5203 1786 5227 ,
1823 5173 1881 5216 ut
1912 5164 2070 5232 cujus

503 5253 758 5309 columna
795 5255 974 5308 stabat
1005 5254 1058 5308 in
1087 5253 1331 5322 Maudra,
1362 5255 1540 5324 ipsum
1581 5269 1800 5323 quoque
1827 5255 1880 5314 in
1911 5255 2068 5308 Man-

501 5345 602 5414 dra
631 5345 1100 5414 cognominarent.
1129 5341 1470 5412 llatc,minus
1491 5345 1566 5399 ibi
1598 5345 1866 5415 explicata
1897 5361 1928 5400 a
1949 5345 2070 5406 Bol-

505 5435 690 5498 laado,
731 5436 938 5504 placuit
967 5436 1058 5490 hic
1083 5435 1377 5492 deducere.

577 5527 628 5575 Ξῖ.
668 5526 951 5582 Secundus
981 5527 1204 5597 Symcon
1225 5543 1348 5582 vere
1379 5543 1442 5582 ac
1467 5529 1685 5598 proprie
1743 5528 1924 5582 vocari
1973 5542 2068 5597 po-

505 5613 606 5674 ιιιῐι
638 5615 1062 5672 declarantium
1102 5639 1116 5671 ;
1145 5635 1252 5672 non
1275 5621 1418 5686 enim
1454 5621 1629 5673 solum
1665 5621 1916 5673 columna
1951 5621 2067 5689 ejus

1593 5851 1616 5862 .-

2169 425 2373 480 dicitur
2425 428 2478 481 in
2533 427 2654 482 \‘ita
2687 429 2876 482 matris
2900 471 2915 494 ,
2947 431 3264 498 apparuisse
3305 433 3394 486 illa
3437 452 3463 488 e
3501 437 3698 493 subdiali

2167 519 2320 588 parte
2347 520 2620 582 mandrae,
2672 527 2727 573 in
2781 537 2886 590 qua
2951 521 3192 577 columna
3225 535 3341 578 erat
3367 543 3386 592 ;
3420 527 3508 580 sed
3533 531 3694 586 eadem

2169 610 2398 670 mandra
2421 611 2748 681 intelligitur
2774 613 3032 668 habuisse
3061 623 3247 682 partes
3275 632 3384 670 non
3425 619 3688 685 subdiales,

2165 717 2356 756 verum
2393 712 2562 756 tectas
2600 717 2698 772 per
2732 704 2952 758 modum
2990 704 3214 776 claustri
3246 709 3570 763 monachalis
3597 713 3687 765 cir-

2167 793 2650 846 cumcurrentibus
2679 794 3075 848 monachorum
3131 795 3311 860 cellis,
3369 813 3486 866 qua:
3517 800 3564 851 in
3609 801 3690 854 im-

2165 881 2412 950 pluvium
2443 892 2605 952 atque
2637 884 2691 936 in
2717 885 3026 938 columnam
3057 897 3412 955 prospectum
3435 887 3690 957 habebant,

2167 973 2631 1041 quemadmodum
2661 976 2825 1030 etiam
2857 977 3021 1030 hodie
3039 977 3240 1042 videri,
3263 978 3484 1033 memini
3517 997 3592 1034 me
3611 998 3696 1034 au-

2167 1063 2370 1120 divisse
2400 1083 2466 1120 ex
2497 1066 2564 1120 iis
2594 1068 2688 1137 qui
2724 1067 3118 1139 Hierosolymis
3161 1071 3395 1133 reversi,
3424 1073 3577 1124 etiam
3603 1073 3696 1126 Au-

2169 1156 2365 1210 tiochie
2395 1157 2653 1212 dicebant
2683 1173 2740 1212 se
2771 1158 2961 1213 fuisse.
2987 1159 3055 1213 Et
3081 1159 3185 1213 hoc
3207 1168 3294 1214 est
3331 1165 3693 1226 monasterium,

2167 1248 2234 1302 de
2261 1265 2368 1318 quo
2397 1253 2449 1303 in
2480 1251 2597 1305 Vita
2621 1251 2794 1304 sancti
2825 1265 2880 1302 n.
2921 1250 3044 1311 168,
3089 1251 3190 1304 ubi
3221 1252 3392 1305 etiam
3421 1251 3480 1304 ﬁt
3519 1253 3696 1306 mentio

2168 1339 2437 1407 inferioris
2473 1339 2792 1393 monasterii
2840 1338 2906 1392 ad
2935 1339 3128 1408 pedem
3189 1340 3361 1394 credo
3395 1341 3585 1394 mentis
3615 1357 3696 1410 po-

2167 1430 2279 1494 siti,
2309 1446 2405 1500 pro
2439 1431 2769 1500 recipiendis
2798 1431 3106 1500 hospitibus
3130 1427 3325 1484 etaliis
3348 1431 3581 1494 advenis,
3604 1432 3697 1486 sic-

2168 1522 2246 1574 uti
2279 1522 2466 1576 videre
2491 1521 2650 1576 estin
2683 1521 2838 1576 Italia
2899 1524 3294 1577 monasterium
3368 1525 3591 1592 positum
3640 1524 3696 1578 ad

2168 1611 2362 1680 pedem
2400 1612 2607 1688 montis
2635 1621 2798 1694 atque
2819 1613 2994 1666 eremi
3023 1612 3480 1668 Camaldulensis.
3505 1615 3698 1670 Utrobi-

2168 1719 2274 1772 que
2305 1714 2485 1756 autem
2516 1715 2770 1770 magnam
2799 1703 3196 1772 discipulorum
3228 1719 3516 1765 numerum
3558 1705 3699 1758 hahe-

2165 1794 2260 1848 bat
2291 1803 2550 1848 sanctus:
2581 1795 2784 1863 quibus
2827 1804 2884 1849 et
2925 1796 3145 1852 vivendi
3173 1813 3427 1851 normam
3477 1799 3698 1866 praescri-

2165 1896 2388 1955 pserat,
2427 1887 2586 1954 cujus
2615 1887 3056 1941 observationem
3103 1888 3410 1948 moriturus
3455 1903 3699 1950 commen-

2166 1978 2333 2032 davit.
2367 1979 2490 2032 Fuit
2525 1993 2655 2048 ergo
2687 1994 2812 2033 vere
2861 1979 3294 2034 Archimandrita
3333 1981 3420 2033 hic
3471 1973 3688 2050 Symeon.

2165 2071 2312 2124 Nihil
2357 2082 2534 2125 tamen
2569 2073 3134 2141 opuseratejusmodi
3160 2087 3291 2126 eum
3325 2071 3480 2125 titulo
3526 2070 3692 2139 appel-

2165 2163 2296 2224 lare,
2329 2164 2424 2231 qui
2445 2165 2554 2232 jam
2579 2163 2818 2216 habebat
2841 2163 2911 2217 ab
2937 2164 3086 2216 omni
3135 2163 3402 2218 memoria
3459 2163 3696 2216 notionem

2165 2253 2634 2307 nomenclaturam
2682 2252 2776 2305 τοῦ
2823 2255 2881 2306 ὲν
2936 2254 3014 2324 τῷ
3059 2254 3358 2322 θαυμαστῷ
3403 2254 3532 2322 ὄρει,
3576 2251 3698 2305 unde

2165 2345 2471 2412 composito
2511 2343 2732 2398 nomine
2767 2343 3284 2399 Thaumastoristam
3317 2346 3547 2414 appellat
3572 2344 3698 2398 Alla-

2167 2436 2297 2490 tius.
2315 2435 2486 2506 Hujus
2501 2435 2668 2491 cultui
2693 2447 2854 2490 vetus
2869 2437 3228 2506 Menologiun:
3243 2435 3458 2507 Crypta:
3473 2435 3694 2499 [δἐι-ωιτη,

2161 2526 2316 2595 jussu
2343 2525 2526 2579 Basilii
2561 2526 2908 2596 imperatoris
2953 2527 3272 2589 collectum,
3309 2542 3374 2580 ex
3425 2541 3588 2594 eoque
3619 2541 3695 2577 ac-

2165 2623 2388 2683 ceptum
2411 2631 2588 2685 nuper
2615 2616 3052 2686 impressumque
3085 2616 3348 2670 Basiliani
3385 2615 3518 2668 ritus
3543 2613 3695 2667 lloro-

2165 2706 2372 2777 legium
2399 2707 2723 2762 aseribit23
2788 2707 2908 2762 Maii
2947 2723 3046 2777 per
3093 2707 3262 2761 unius
3313 2707 3424 2761 diei
3460 2705 3692 2773 anticipa-

2167 2799 2395 2862 tionem,
2435 2798 2570 2854 satis
2601 2797 3006 2868 frequenteriu
3064 2797 3158 2851 illo
3197 2797 3504 2866 Menologio
3533 2795 3694 2848 obser-

2169 2899 2350 2945 vatam
2373 2907 2404 2945 a
2434 2890 2616 2954 nobis,
2647 2889 2874 2945 incertis
2903 2905 2972 2943 an
3002 2904 3123 2943 eam
3147 2897 3408 2958 oporteat
3425 2883 3691 2947 collectori,

2095 2995 2136 3050 ε
2171 2997 2240 3036 an
2275 2981 2452 3036 solum
2493 2981 2751 3050 scriptori
2795 2981 3091 3050 imputare.
3145 2980 3358 3034 Caetera
3388 2977 3560 3031 omnia
3601 2985 3691 3028 tam

2169 3073 2544 3142 manuscripta
2569 3087 2732 3140 quam
2767 3071 2908 3141 typis
2937 3085 3140 3125 excusa
3165 3070 3368 3124 Menam
3393 3083 3454 3122 ac
3485 3068 3693 3137 Synaxa-

2167 3167 2249 3220 ria
2281 3165 2552 3220 inhaerent
2579 3163 2685 3217 diei
2715 3163 2785 3216 ab
2843 3169 3073 3216 auctore
3103 3161 3240 3214 Vita!
3265 3167 3470 3221 notato,
3514 3157 3597 3226 qui
3623 3161 3692 3207 est

2169 3255 2262 3308 hic
2291 3255 2361 3308 24
2409 3252 2559 3318 Maii,
2589 3250 2810 3320 quando
2845 3250 3012 3304 etiam
3047 3249 3272 3312 Mena-a,
3315 3247 3458 3318 quod
3475 3247 3598 3300 alias
3621 3258 3690 3296 ra-

2159 3361 2316 3412 rum,
2348 3345 2425 3400 ita
2479 3352 2650 3399 totum
2676 3341 2912 3398 cilicium
2939 3340 3008 3394 de
3055 3339 3161 3393 hoc
3207 3349 3400 3392 sancto
3441 3342 3688 3407 peragunt,

2168 3439 2482 3495 utalterius
2511 3437 2744 3506 alicujus
2809 3447 2912 3497 nec
2957 3429 3534 3486 commemorationem
3587 3422 3690 3493 qui-

2167 3530 2291 3585 dem
2325 3529 2648 3600 adjungaut.

2235 3621 2288 3674 6.
2348 3623 2554 3673 Auctor
2602 3617 2764 3672 cilicii
2789 3626 2954 3687 atque
3014 3615 3242 3671 canonis
3285 3613 3500 3668 videtur
3548 3607 3690 3663 fuisse

2165 3717 2389 3762 sanctus
2425 3708 2752 3770 Germanus,
2811 3705 3124 3776 patriarcha
3171 3698 3692 3768 ConstantinOpolita-

2163 3819 2295 3858 nus:
2323 3803 2486 3873 hujus
2509 3802 2778 3873 siquidem
2811 3801 3015 3856 nomini
3045 3799 3346 3854 ascribitur
3375 3792 3688 3864 Treparium,

2163 3904 2288 3966 post
2331 3896 2603 3950 Similaria
2661 3895 2730 3948 ad
2767 3894 2988 3956 Gloria,
3043 3891 3192 3961 quod
3255 3898 3344 3944 est
3401 3891 3500 3943 tale
3544 3901 3556 3938 :
3615 3883 3690 3940 Εἰς

2161 3989 2286 4057 ὅρος
2350 3987 2552 4056 ὑψηλὸν
2609 3984 2950 4054 συμϐολικῶς
3007 3984 3066 4036 τὸ
3113 3981 3425 4051 θαυμαστὸν
3471 3974 3690 4030 ἀνελθὼν.

2163 4078 2257 4129 καὶ
2281 4077 2380 4147 τὴν
2411 4077 2613 4145 σεπτὴν
2638 4074 2866 4128 κιὸωτδν
2917 4073 2992 4132 ὼς
3045 4072 3234 4124 ἄδυτον
3285 4068 3549 4128 εἰσελθὼν,
3575 4063 3692 4132 πρᾶ-

2163 4167 2244 4234 ξιν
2257 4168 2483 4237 ἀρίστην
2504 4169 2595 4220 καὶ
2617 4166 2866 4218 ἐπίϐασιν
2883 4165 3120 4234 υεωριιῖν
3140 4163 3479 4228 ἐπεδείξωιτῇ
3503 4157 3591 4226 μὲν
3601 4154 3692 4222 βίον

2162 4257 2525 4328 λαμπρύνας,
2580 4257 2797 4326 δεσμοῖς
2871 4255 3110 4324 σιδηροῖς
3151 4254 3227 4316 ὡς
3271 4253 3542 4323 ὁρμίσκοιξ
3585 4261 3691 4316 κρυ-

2097 4349 2140 4402 D
2169 4351 2278 4412 σοῖς
2304 4348 2697 4415 κησμούμενος·
2726 4347 2852 4416 τῇδε
2877 4347 3008 4398 Θεὸν
3035 4345 3176 4415 ὁρῶν
3213 4362 3272 4398 τε
3311 4345 3403 4396 καὶ
3431 4339 3688 4409 ὁρώμενος.

2165 4443 2258 4492 καὶ
2292 4440 2447 4510 μόνος
2481 4439 2626 4509 μόνῳ
2655 4437 2994 4509 προσλαλῶν·
3021 4438 3078 4489 ὃν
3100 4437 3330 4500 ἱκέτευε,
3353 4433 3592 4497 σεϐάσμιε
3611 4425 3690 4475 Συ·

2169 4529 2332 4599 μεὼνν
2371 4530 2510 4598 ὑπὲρ
2538 4530 2646 4580 τῶν
2675 4527 2864 4596 ψυχῶν
2909 4527 3080 4595 ὑμῶν.
3137 4525 3370 4582 Videtur
3416 4516 3686 4589 respexisse

2166 4629 2360 4676 auctor
2387 4622 2454 4675 ad
2479 4621 2523 4674 Ν
2535 4621 2770 4674 oeticam
2812 4627 3017 4682 aream,
3077 4617 3130 4671 iu
3193 4615 3420 4671 summis
3455 4604 3686 4665 Armenia:

2165 4713 2450 4767 montibus
2477 4712 2852 4781 quiescentem
2871 4751 2884 4774 ,
2907 4709 3049 4764 sicut
3069 4708 3300 4776 legimus
3317 4707 3576 4760 Geueseos
3591 4707 3684 4747 vm-

2167 4804 2340 4859 Verba
2397 4803 2512 4871 ipsa
2541 4801 2732 4854 Latine
2759 4800 2840 4854 sic
2869 4797 3044 4854 reddo
3069 4815 3082 4850 :
3110 4797 3174 4850 In
3207 4805 3427 4849 montem
3445 4787 3682 4844 excelsum,

2165 4893 2442 4964 symbolice
2477 4892 2772 4946 mirabilem
2809 4891 3112 4954 ascendens,
3139 4895 3190 4941 et
3247 4883 3578 4942 venerandam
3609 4890 3682 4926 ar-

2167 5004 2284 5040 cam
2311 4985 2449 5038 velut
2475 4986 2692 5054 adytum
2719 4999 2931 5036 sacrum
2951 4984 3233 5051 ingressus,
3265 4979 3508 5049 optimam
3527 4977 3684 5038 opem'

2170 5077 2362 5130 tionem
2393 5085 2439 5128 ct
2461 5076 2962 5144 rontemplationum
2979 5073 3282 5125 divinarum
3311 5067 3562 5122 sublimem
3583 5069 3682 5126 θνα·

2169 5168 2292 5220 dum
2337 5167 2609 5220 ostendisti
2639 5175 2688 5218 te
2745 5175 3040 5218 assecutum
3071 5179 3088 5216 :
3117 5163 3236 5216 hinc
3285 5159 3484 5230 quidem
3533 5144 3682 5220 [εννίίε

2169 5256 2412 5318 uinculis,
2438 5265 2693 5322 tanquam
2711 5254 2886 5310 aureis
2913 5249 3214 5312 monilibus,
3231 5261 3412 5316 corpus
3435 5241 3680 5293 clamans;

2171 5349 2289 5402 inde
2338 5363 2458 5401 vero
2499 5345 2666 5400 Deum
2713 5345 3032 5412 conspiciens
3079 5340 3143 5394 ab
3197 5353 3358 5408 eoque
3403 5331 3678 5412 competit":

2170 5438 2292 5492 dum
2319 5437 2461 5490 solus
2480 5433 2576 5489 soli
2593 5411 2910 5504 loquereris;
2939 5447 3090 5500 quem
3119 5445 3212 5500 pro
3235 5426 3418 5481 nostris
3449 5411 3680 5506 animi"?

2171 5527 2482 5596 depreceris,
2533 5539 2870 5592 qumumus,
2901 5521 3126 5592 Symeou
3175 5513 3476 5572 uenerande.
3527 5504 3680 5569 Ειοὲίυ

2173 5618 2468 5689 pra-(igitur
2508 5615 2780 5670 distichon
2808 5611 3118 5684 lt='justnodi
3147 5627 3158 5663 :
