4016 6208
371 303 514 367 2960

515 409 843 480 Θαυματτῖιν
872 405 1004 480 ᾤκει
1031 410 1159 480 πρὶν
1189 407 1412 477 Συμεὼν
1435 411 1538 477 γῆς
1575 411 1720 479 ὅρος,

516 465 658 535 [lolii
683 481 743 533 δὲ
765 465 1191 550 πανόαώμαᾶτον
1221 465 1361 533 οἱὶεεῖ
1392 465 1665 551 νῦκίδρός.

377 597 497 665 Quo
531 595 831 659 indicatur,
858 594 1004 663 quod
1035 595 1124 664 qui
1147 595 1202 647 in
1234 602 1379 648 terra
1405 603 1632 648 montem
1659 597 1952 650 mirabilem

372 687 667 753 habitabat,
703 702 842 740 nunc
861 684 976 739 εωιὶ
1008 695 1236 740 montem
1270 683 1499 739 maxime
1539 687 1832 740 mirabilem
1859 689 1958 742 ha-

373 779 540 833 bitet:
569 785 624 834 et
669 777 725 832 in
778 777 926 831 hunc
980 781 1204 831 sensum
1254 776 1419 832 etiam
1458 776 1780 846 Ephemeris
1838 792 1957 833 mea-

373 870 510 924 trica
536 887 549 924 :

516 975 704 1032 Εἱκάδι
760 969 858 1050 ἡδὲ
893 976 1130 1051 τετάρτῃ
1148 978 1271 1048 ὅρος
1299 970 1524 1048 Συμεὼν
1560 971 1758 1046 haud:
1777 993 1790 1006 ·

519 1087 710 1144 Vicena
740 1097 937 1160 quarta
969 1098 1200 1142 montem
1224 1079 1450 1157 Symeon
1484 1088 1724 1141 mutavit.

371 1223 732 1296 Evangelium
761 1225 1001 1296 denique
1021 1225 1742 1294 praeseribiturargumento
1766 1231 1952 1293 aptum

370 1332 437 1373 ex
495 1319 683 1373 verbis
722 1319 964 1374 Matthxi
997 1335 1068 1371 v:
1128 1317 1224 1371 Vos
1259 1320 1382 1372 estis
1416 1323 1507 1370 tua:
1547 1317 1731 1369 mundi
1773 1331 1791 1369 :
1850 1332 1954 1369 non

368 1416 540 1478 potest
569 1411 750 1462 civitas
780 1409 1027 1462 abscondi
1055 1426 1213 1478 super
1239 1419 1464 1463 montem
1495 1409 1684 1478 posita,
1717 1417 1827 1461 etc.

444 1497 495 1550 7.
542 1497 688 1551 Idem
733 1498 1011 1552 seettndus
1081 1515 1176 1553 seu
1235 1498 1427 1552 Junior
1481 1497 1742 1568 Symeon.
1785 1499 1950 1553 etiam

371 1588 641 1659 presbyter
671 1590 794 1652 fuit,
830 1590 907 1643 uti
945 1591 1121 1644 scilhr
1158 1607 1222 1644 ex
1255 1590 1394 1645 Vitz'e
1438 1606 1486 1644 (ξ.
1522 1582 1588 1643 ii)
1613 1607 1626 1642 :
1653 1591 1839 1644 nullus
1871 1599 1953 1644 tas

374 1693 497 1731 tuen
537 1677 668 1732 hinc
701 1679 834 1732 n'tihi
865 1682 1159 1748 scrupulus
1206 1680 1454 1734 nascitur
1499 1681 1644 1734 eirea
1696 1681 1946 1746 tertium,

382 1770 475 1838 qui
503 1785 612 1823 non
643 1771 820 1824 solum
847 1787 1003 1841 mque
1028 1787 1088 1824 ac
1118 1773 1209 1827 ille
1229 1772 1494 1842 presbyter
1517 1772 1702 1835 tuerit,
1739 1773 1950 1842 specia-

381 1861 513 1916 liter
540 1870 725 1918 aulem
770 1863 956 1918 dictus
1015 1864 1086 1918 sit
1128 1865 1584 1918 Archimendrita.
1629 1865 1765 1919 Nam
1824 1865 1954 1920 licet

371 1953 515 2008 alius
566 1969 787 2023 quoque
849 1955 975 2009 talis
1005 1955 1190 2017 fuerit,
1221 1956 1590 2010 connnuniter
1623 1967 1804 2010 tamen
1859 1972 1955 2025 ap-

369 2046 675 2116 pellabatur
723 2047 906 2100 aliter.
950 2045 1105 2112 Quod
1158 2056 1346 2101 autem
1411 2048 1551 2100 nihil
1601 2048 1953 2117 impediverit

368 2137 618 2192 simulet
678 2136 931 2208 Slylilant
974 2153 1095 2192 esse
1141 2147 1196 2192 et
1250 2139 1761 2204 Archimandritam,
1804 2147 1953 2207 patet

366 2239 434 2284 cx
457 2229 578 2283 Vita
604 2230 864 2284 secundi:
903 2246 1066 2300 quem
1107 2231 1276 2285 etiam
1313 2246 1381 2284 ex
1410 2231 1610 2285 eadem
1678 2231 1950 2300 intelligi-

368 2335 498 2374 mus
527 2320 581 2374 in
603 2335 701 2374 sua
741 2321 1002 2375 columna
1027 2338 1136 2376 non
1168 2322 1242 2376 ita
1279 2323 1614 2392 perstitisse,
1643 2323 1777 2392 quin
1807 2337 1950 2392 saepe

369 2411 438 2465 ab
459 2411 659 2466 eadem
703 2411 1091 2476 descenderet,
1156 2430 1268 2468 non
1305 2415 1483 2469 solum
1530 2415 1596 2468 ad
1650 2415 1951 2484 discipulos

373 2505 518 2560 intra
550 2505 856 2573 mandram,
878 2505 972 2560 sed
993 2506 1161 2561 etiam
1193 2506 1259 2560 ad
1293 2506 1526 2561 inferius
1555 2506 1949 2561 monasterium

373 2595 738 2650 visitaudum.
767 2595 834 2649 Et
866 2597 1006 2652 forte
1031 2597 1199 2652 statio
1238 2597 1328 2651 illa
1359 2597 1412 2650 in
1453 2588 1732 2657 columna,
1782 2599 1950 2653 certis

375 2685 892 2756 interrumpebatur
925 2689 1367 2742 conversationis
1403 2689 1715 2744 communis
1772 2679 1978 2744 inter?

369 2779 552 2834 vallis.
587 2777 644 2834 ld
671 2792 805 2832 vero
831 2779 997 2832 etiam
1027 2779 1404 2836 necessarium
1440 2779 1546 2834 fuit
1578 2779 1629 2834 ei
1661 2780 1756 2849 qui
1816 2795 1948 2849 pre-

370 2867 559 2934 sbyter
587 2875 730 2933 erat,
765 2879 825 2921 ut
871 2876 1058 2936 posset
1096 2867 1287 2921 divina
1331 2868 1619 2923 celebrare
1662 2870 1943 2939 mysteria,

366 2957 832 3027 quemadmodum
875 2959 1024 3013 hunc
1065 2958 1132 3013 de
1164 2973 1276 3028 quo
1309 2960 1523 3029 agimus
1561 2969 1812 3015 sanctum
1845 2961 1947 3031 Sy-

366 3070 622 3110 meonem
645 3055 839 3112 fecisse
872 3059 926 3113 in
953 3055 1336 3112 anniversario
1363 3071 1475 3110 sua:
1513 3060 1727 3121 matris,
1747 3056 1950 3125 legitur
1976 3088 2018 3144 ο

370 3153 428 3203 in
463 3149 630 3220 hujus
661 3159 863 3203 sancta:
896 3149 1017 3204 Vita
1064 3165 1119 3203 n.
1148 3149 1238 3203 7|.
1262 3149 1434 3203 Porro
1463 3148 1617 3202 tertii
1645 3147 1794 3202 illius
1821 3148 1945 3219 Sty-

365 3241 478 3296 lilaa
530 3241 818 3313 Symeonis
880 3241 997 3294 Vita
1043 3240 1219 3312 optari
1270 3239 1490 3295 facilius
1548 3249 1731 3310 potest
1777 3257 1944 3311 quam

366 3333 600 3401 sperari.
632 3332 768 3385 Nam
801 3331 950 3400 quod
976 3331 1044 3384 ad
1072 3331 1474 3401 Ephemerides
1512 3330 1947 3386 Grmco-moscas

369 3431 560 3478 uoster
585 3424 746 3477 Pater
781 3423 1194 3492 Papebrochius
1227 3424 1317 3477 die
1343 3423 1404 3478 21
1448 3423 1605 3487 Julii,
1658 3433 1946 3492 postquam

363 3511 477 3581 egit
509 3512 576 3565 de
601 3521 788 3565 sancto
817 3512 1087 3582 Symeone
1131 3512 1278 3577 Salo,
1337 3513 1544 3566 iudicat
1565 3527 1624 3566 se
1671 3513 1948 3582 reperisse

365 3603 544 3658 Vitam
573 3604 854 3674 cujusdam
880 3606 1052 3658 sancti
1084 3605 1355 3675 ngeonis
1378 3605 1638 3669 Junioris,
1659 3603 1948 3674 Hegumeni

363 3697 538 3749 sancti
630 3695 918 3750 Mamantis
995 3698 1048 3749 in
1117 3696 1405 3750 Xeracerco
1469 3697 1719 3767 (rectius
1785 3695 1950 3749 Xero-

374 3788 568 3858 cerco),
588 3787 655 3842 de
688 3804 796 3856 quo
822 3787 1111 3841 dubitabat
1143 3804 1209 3840 an
1233 3797 1419 3856 posset
1447 3787 1591 3841 inter
1617 3795 1837 3840 sanctos
1862 3802 1950 3840 re-

374 3878 531 3945 ferri,
561 3887 618 3932 et
651 3879 877 3948 quidem
927 3878 995 3931 ad
1023 3887 1505 3948 prwnemoratum
1549 3876 1618 3931 ‘26
1661 3877 1828 3942 Julii;
1892 3875 1945 3930 id

373 3971 463 4026 hic
494 3987 525 4026 a
555 3985 641 4025 me
673 3971 846 4026 voluit
877 3987 978 4026 suo
1010 3971 1231 4024 nomine
1251 3978 1634 4033 retractatum,
1660 3979 1948 4040 postquam

369 4063 504 4132 legit
528 4073 650 4132 qua:
677 4063 744 4116 de
771 4063 892 4133 ejus
924 4079 1033 4115 nou
1070 4078 1200 4116 s::na
1229 4061 1334 4115 fide
1365 4060 1782 4116 accuratissime
1811 4075 1944 4114 con-

371 4153 515 4225 gerit
549 4154 660 4207 Leo
687 4154 926 4208 Allatius
972 4170 1025 4222 p.
1061 4153 1175 4206 L37.
1247 4153 1601 4206 Demonstrat
1647 4151 1796 4206 enim
1828 4151 1943 4215 hic,

372 4259 437 4298 ex
468 4245 618 4298 illius
679 4245 1033 4313 potissimum
1108 4243 1332 4312 scriptis
1382 4249 1733 4312 propagatam
1805 4242 1950 4297 inter

374 4333 674 4387 monachos
735 4333 956 4388 Graecos
1007 4332 1183 4388 fuisse
1229 4333 1831 4403 Umphalopsychorum
1879 4332 1949 4387 de

1505 297 2109 363 COMMENTARIUS
2145 304 2510 370 PREVIUS.
3495 303 3639 370 2070

1979 413 2021 469 Α
2053 419 2164 466 tres
2199 415 2371 468 nostri
2421 414 2650 470 Parisiis
2698 415 3052 470 contulerant
3097 427 3220 470 c‘nm
3261 415 3634 475 Combelisio:

2069 503 2212 557 unde
2234 519 2345 557 non
2377 505 2578 559 mirum
2605 507 2650 560 si
2674 507 2763 560 hic
2791 507 2927 577 ipsis
2951 506 3087 560 nihil
3105 509 3242 562 certi
3274 517 3386 562 tum
3413 524 3640 579 respon-

2062 593 2206 647 derit
2253 596 2321 649 de
2353 597 2660 652 orthodoxa
2689 599 2989 668 Hegumeui
3027 598 3457 655 Xerocercensis
3504 599 3637 665 ﬁde,

2062 695 2118 740 et
2143 689 2546 756 opusculorum
2585 707 2692 745 una
2724 707 2849 747 cum
2909 693 3030 748 Vita
3079 692 3486 764 descriptorum
3541 693 3641 747 do-

2059 778 2258 832 ctrina.

2060 932 2087 999 §
2119 931 2182 985 ll.
2216 961 2283 971 —-
2312 933 2386 987 De
2408 935 2584 989 Monte
2622 936 2875 1014 Mirabili,
2911 938 2966 1014 in
3006 954 3120 1014 quo
3147 949 3363 995 sanctus
3412 941 3639 1014 ngeon

2661 1006 2851 1060 Iunior
2912 1008 3060 1063 vixit.

2129 1137 2181 1190 8.
2213 1119 2472 1192 Sanbtum
2506 1139 2852 1210 Symeonem,
2877 1142 2946 1196 de
2968 1159 3078 1212 quo
3101 1145 3334 1214 agimus,
3355 1147 3636 1201 Juniorem

2057 1227 2341 1299 Stylitam,
2378 1230 2432 1283 in
2470 1231 2652 1286 lucem
2676 1234 2855 1301 primo
2887 1233 3121 1301 editum,
3159 1236 3475 1302 Antiochia,
3531 1240 3634 1310 Sy-

2061 1320 2156 1374 riae
2177 1321 2464 1375 notissima
2491 1323 2645 1387 urbs,
2682 1325 2926 1394 excepit,
2992 1341 3230 1395 moxque
3281 1329 3338 1382 in
3382 1329 3629 1383 vicinum

2058 1419 2302 1466 montem
2343 1413 2640 1467 transtulit.
2676 1413 2808 1467 lnde
2841 1415 2888 1468 is
2915 1430 2974 1470 se
3005 1417 3242 1472 contulit
3293 1419 3347 1472 in
3400 1419 3634 1474 Montem

2060 1505 2389 1570 Mirabilem,
2433 1506 2526 1575 qui
2563 1506 2844 1576 principua
2892 1508 2998 1561 viri
3050 1510 3224 1564 sancti
3270 1511 3523 1580 palaestra
3563 1513 3637 1567 ita

2055 1597 2238 1650 dictus
2261 1597 2385 1660 fuit,
2422 1613 2530 1651 non
2566 1600 2649 1668 (ut
2674 1600 2986 1668 suspicatur
3011 1601 3258 1669 quidam)
3311 1612 3438 1657 ante
3471 1604 3637 1674 hujus

2057 1691 2108 1744 in
2143 1689 2294 1743 illum
2327 1690 2647 1752 adventum,
2681 1690 2827 1745 unde
2850 1707 2974 1746 cum
3019 1691 3125 1746 hoc
3169 1695 3636 1751 communicatum

2012 1779 2024 1822 τ
2056 1796 2256 1834 nomen
2283 1779 2516 1845 luisset;
2553 1780 2648 1835 sed
2673 1797 2737 1834 ex
2767 1781 2932 1853 hujus
2964 1782 3138 1853 ipsius
3164 1783 3425 1839 inauditis
3469 1796 3636 1855 atque

2055 1872 2398 1926 admirandis
2429 1873 2588 1941 plane
2614 1874 2913 1943 operibus;
2951 1875 3031 1930 uti
3084 1890 3210 1929 mox
3242 1876 3450 1931 indicat
3500 1878 3632 1932 Pro-

2055 1965 2212 2033 logus
2255 1963 2396 2018 Vita:
2425 1980 2589 2034 quam
2624 1965 2822 2020 damus
2851 1984 2864 2018 :
2897 1966 3008 2020 imo
3039 1982 3105 2020 ex
3136 1965 3230 2020 Dei
3257 1967 3430 2036 ipsius
3464 1976 3626 2034 nutu,

2054 2056 2518 2124 quemadmodum
2548 2073 2602 2110 ιι.
2640 2057 2707 2110 79
2743 2073 3002 2128 expresse
3030 2061 3308 2111 narratur.
3353 2058 3490 2114 Cum
3525 2059 3629 2130 igi-

2057 2153 2147 2198 tur
2167 2145 2221 2200 iu
2248 2145 2393 2200 illius
2414 2147 2652 2202 decursu
2674 2148 2935 2218 frequens
2968 2150 3232 2204 memoria
3256 2149 3344 2205 ﬁat
3373 2166 3482 2205 non
3514 2159 3636 2206 tan-

2057 2245 2170 2290 tum
2201 2237 2401 2291 Montis
2431 2237 2579 2291 illius
2609 2238 2878 2294 Mirabilis
2901 2281 2915 2305 ,
2965 2240 3058 2294 sed
3084 2241 3387 2295 Antiochiae
3411 2256 3629 2311 quoque

2052 2336 2107 2381 et
2136 2327 2428 2397 Daphnes,
2483 2327 2628 2381 haud
2676 2329 2914 2385 otiosum
2963 2330 3151 2395 fuerit,
3200 2338 3373 2384 totam
3432 2331 3628 2385 horum

2052 2417 2299 2470 locorum
2348 2416 2816 2486 descriptionem,
2896 2419 3203 2490 elegantem
3263 2434 3396 2472 sane
3463 2427 3632 2488 atque

2052 2517 2390 2574 accuratam,
2426 2524 2493 2562 ex
2535 2509 2745 2564 Joanne
2781 2509 2996 2575 Phoczc,
3038 2510 3133 2580 qui
3174 2526 3264 2564 an.
3318 2510 3455 2563 H85
3507 2511 3631 2563 istic

2053 2600 2438 2669 peregrinatus
2472 2601 2586 2653 visa
2617 2610 2834 2654 enarrat
2865 2599 3109 2665 referre;
3161 2609 3221 2654 ut
3265 2601 3334 2654 ad
3397 2617 3620 2654 mamnu

2052 2690 2469 2754 habeatleetor,
2498 2689 2666 2744 veluti
2697 2689 3056 2755 delinea'tum,
3099 2691 3206 2745 loci
3255 2691 3310 2744 in
3354 2707 3464 2761 quo
3496 2708 3625 2746 ver-

2052 2797 2242 2836 samur
2281 2782 2450 2836 totius
2486 2783 2653 2835 situm
2695 2781 2788 2836 Sic
2812 2783 2889 2836 ait
2916 2781 3006 2835 ille
3038 2799 3094 2836 n.
3136 2782 3191 2836 ll
3221 2801 3232 2835 :

2122 2871 2383 2925 Eastabat
2443 2883 2590 2936 tum,
2637 2888 2756 2925 cum
2813 2881 2950 2936 erat,
2983 2874 3053 2924 ait
3097 2872 3346 2927 Orontem
3390 2872 3636 2928 Antiochi

2051 2961 2323 3032 TheOpolis
2346 3003 2360 3026 ,
2395 2964 2724 3017 theatrorum
2749 2965 3134 3033 magnitudine,
3176 2973 3416 3018 stoarum
3458 2965 3635 3034 splen-

2054 3052 2287 3114 doribus,
2317 3051 2632 3122 templorum
2663 3047 2965 3116 structuris,
3010 3055 3159 3124 copia
3191 3056 3312 3108 item
3350 3056 3538 3108 civium
3582 3065 3632 3109 et

2053 3145 2358 3199 divitiarum
2387 3144 2787 3215 magnificentia
2829 3145 3055 3215 superba
3089 3163 3151 3198 ac
3179 3155 3404 3208 tumens,
3428 3145 3636 3217 lateque

2049 3247 2268 3291 caeteras
2305 3238 2414 3307 fere
2438 3236 2718 3291 orientales
2750 3237 2900 3291 urbes
2947 3239 3313 3306 exsuperabat.
3346 3238 3449 3293 Sed
3503 3248 3634 3292 (cm-

2050 3346 2146 3400 pus
2180 3347 2241 3383 ac
2284 3331 2357 3383 vis
2388 3329 2622 3383 barbara
2655 3330 2958 3382 beatitatem
3012 3329 3156 3383 illius
3207 3331 3444 3384 exhausit
3472 3347 3489 3384 :
3520 3330 3635 3384 licet

2049 3427 2330 3494 conspicua
2364 3425 2534 3477 adhuc
2565 3425 2653 3488 sit,
2702 3433 2751 3475 et
2792 3425 3021 3475 turrium
3058 3422 3342 3476 altitudine
3361 3433 3410 3476 et
3439 3439 3636 3493 proru-

2049 3514 2401 3587 gnaculorum
2435 3514 2730 3576 validitale,
2765 3525 2813 3566 et
2854 3523 3128 3583 pratorum
3157 3531 3218 3565 ac
3241 3516 3433 3584 ﬂorum
3466 3515 3636 3566 omni-

2048 3624 2183 3678 gena
2219 3606 2559 3676 fecunditate,
2585 3614 2633 3657 et
2660 3605 2714 3657 in
2749 3603 2926 3673 plures
2957 3620 3069 3656 sese
3094 3604 3435 3657 dividentium
3465 3622 3636 3674 aqua—

2053 3714 2172 3750 rum
2204 3695 2370 3750 sibilis
2395 3712 2413 3760 ;
2441 3711 2558 3747 cum
2614 3692 2822 3763 placide
2851 3694 3043 3764 fluvius
3089 3692 3420 3762 circumﬂuat
3459 3695 3635 3744 urbem

2050 3798 2099 3844 et
2130 3791 2325 3860 cingat,
2355 3796 2404 3840 et
2425 3785 2573 3840 molli
2599 3796 2742 3840 tactu
2771 3787 2884 3856 ejus
2929 3794 3102 3837 turres
3154 3783 3633 3853 circnmplectatur.

2049 3881 2276 3951 Insuper
2309 3896 2336 3933 e
2386 3877 2611 3934 Castalii
2640 3877 2797 3946 fontis
2841 3875 3052 3948 ﬂuentis
3103 3878 3302 3946 egregie
3340 3877 3636 3946 irrigatur;

2052 3974 2201 4043 cujus
2228 3987 2379 4043 aqum
2414 3970 2729 4022 torrentium
2762 3970 2934 4022 instar
2964 3967 3258 4038 pelluntur,
3293 3977 3340 4019 et
3392 3966 3639 4035 frequen-

2052 4063 2186 4116 tibus
2231 4059 2502 4114 sulcorum
2545 4059 2669 4111 rivis
2725 4057 2904 4111 urbem
2956 4057 3255 4109 universam
3289 4055 3635 4124 perfundunt,

2051 4168 2272 4222 eurnque
2300 4151 2524 4222 ﬂuxibus
2564 4160 2896 4221 aspergunt;
2925 4163 3207 4218 operarum
3247 4148 3394 4215 copia
3433 4157 3477 4198 et
3511 4165 3634 4198 rut:-

2052 4245 2238 4297 ditoris
2279 4241 2674 4312 magniﬁcentia
2709 4257 2772 4294 ea:
2813 4240 2918 4293 illis
2962 4239 3186 4310 fontibus
3211 4255 3304 4308 per
3330 4249 3528 4290 montes
3569 4241 3638 4291 ad

2053 4337 2224 4405 ipsam
2270 4335 2534 4387 civitatem
2589 4331 2830 4385 laticibus
2882 4331 3179 4400 corriqatis.
3208 4329 3304 4384 Hic
3352 4329 3498 4398 [antu
3546 4344 3638 4396 per

370 4422 601 4478 Lumine
633 4424 895 4478 Taborzeo
927 4424 1209 4487 haeresim;
1243 4439 1404 4492 quam
1425 4432 1611 4493 postea
1646 4423 1946 4492 Gregorius
1971 4425 2025 4484 D
2051 4427 2228 4480 orbem
2272 4424 2547 4495 vulgatum
2589 4423 2835 4494 Daphnes
2863 4423 3188 4485 suburbium,
3218 4422 3443 4492 proceris
3475 4437 3629 4473 omne

373 4514 620 4567 Palamas
669 4513 874 4583 aliique
943 4529 1244 4582 sequaces,
1306 4514 1650 4569 diss:mulato
1700 4514 1945 4584 magistri

371 4606 618 4668 nomine,
669 4603 1108 4673 pertinacissime
1142 4612 1567 4674 propugnarunt
1598 4602 1815 4672 lateque
1840 4603 1951 4657 dis-

371 4693 754 4760 seminarunt;
791 4703 845 4749 et
877 4694 965 4750 cui
1001 4704 1061 4748 ut
1087 4697 1261 4765 major
1310 4695 1705 4750 conciliaretur
1754 4704 1963 4749 aucto-.

372 4787 539 4851 ritas,
565 4787 878 4854 conscripta
902 4786 994 4840 illa
1049 4787 1173 4840 Vita
1225 4794 1328 4851 est,
1378 4787 1724 4856 conlietaque
1765 4787 1948 4842 eidem

369 4877 669 4946 subjuncta
697 4876 985 4931 miracula.
1021 4878 1159 4930 Cum
1199 4888 1384 4930 autem
1445 4877 1694 4930 Palamas
1742 4878 1949 4931 circum

371 4969 616 5023 medium
637 4969 822 5023 saeculi
842 4985 924 5023 xxv
945 4968 1218 5034 ﬂoruerit,
1240 4969 1508 5023 credibile
1534 4985 1638 5023 non
1661 4969 1720 5022 fit
1749 4968 1816 5023 de
1841 4979 1949 5022 tam

377 5061 592 5115 recenti
626 5076 787 5132 agere
813 5061 1036 5116 Menma.
1066 5061 1222 5128 Quod
1257 5063 1299 5115 si
1339 5062 1404 5114 ad
1432 5079 1654 5115 [nanum
1679 5062 1798 5116 Vita
1836 5063 1951 5132 ipsa

375 5166 524 5205 nunc
568 5161 740 5218 esset,
787 5153 892 5206 levi
949 5163 1090 5207 tunc
1137 5153 1300 5208 oculo
1324 5163 1380 5206 et
1429 5153 1546 5206 solo
1588 5153 1748 5207 titulo
1794 5162 1953 5208 tenus

375 5241 506 5294 olim
533 5241 802 5311 inspecta,
837 5243 1087 5297 fortassis
1113 5243 1720 5312 huncqualemcunque
1760 5252 1814 5296 ct
1859 5260 1956 5297 cu-

373 5335 685 5404 juscunque
713 5334 838 5388 fidei
871 5334 1201 5404 Symeonem
1252 5335 1360 5388 alio
1416 5349 1644 5403 prorsus
1684 5333 1773 5388 dic
1807 5349 1954 5386 mor-

379 5434 533 5478 tuum
582 5426 925 5488 ostenderet,
967 5435 1020 5480 rt
1067 5427 1118 5479 in
1154 5427 1408 5480 columna
1459 5441 1698 5494 unquam
1751 5425 1954 5480 vixisse

375 5514 660 5585 probaret.
683 5517 872 5571 Restat
899 5517 1067 5586 igitur
1096 5525 1154 5570 ut
1177 5517 1268 5570 hie
1296 5524 1612 5579 retractata,
1634 5517 1707 5569 ibi
1731 5517 1949 5571 delean-

379 5611 490 5657 tur.
535 5605 692 5660 Edita
725 5623 887 5675 porro
908 5607 1008 5660 fuit
1038 5607 1219 5662 Allatii
1254 5608 1320 5661 de
1352 5609 1674 5663 Simeonum
1731 5610 1954 5678 scriptis

385 5693 634 5750 llialriba
668 5697 826 5750 annis
867 5706 1103 5768 quatuor
1154 5708 1439 5768 [ws-tquam
1471 5701 1534 5755 de
1568 5701 1657 5754 illa
1698 5701 1814 5756 Vita
1855 5703 1948 5756 Fa~

2051 4534 2212 4589 genus
2262 4516 2535 4570 arboribus
2581 4524 2929 4579 exornatum;
2985 4523 3034 4566 et
3093 4530 3238 4566 mons
3295 4523 3370 4565 est
3404 4512 3632 4564 maxime

2053 4607 2262 4671 nobilis,
2290 4623 2444 4678 quem
2497 4607 2843 4661 admirandus
2877 4605 3102 4677 Symeon
3143 4607 3197 4658 in
3254 4605 3631 4657 habitationem

2053 4701 2348 4771 adoptavit.

2128 4790 2214 4844 10.
2241 4790 2395 4844 Hisce
2434 4789 2695 4858 ﬁnitimus
2746 4796 2820 4840 est
2853 4805 3000 4842 mons
3039 4785 3259 4840 Maurus
3285 4793 3333 4838 et
3359 4783 3637 4852 Scopulus,

2055 4883 2109 4935 in
2145 4881 2332 4951 quibus
2360 4867 2653 4949 antiquitus
2682 4877 2835 4931 ntulti
2864 4877 2969 4930 Deo
3001 4875 3346 4930 addictissimi
3369 4876 3487 4934 viri,
3516 4891 3633 4925 eum

2057 4975 2381 5044 requirentes
2438 4973 2772 5036 invenerunt,
2807 4980 2855 5023 et
2911 4971 2982 5023 ad
3008 4971 3116 5024 [nec
3158 4976 3396 5037 tempora
3438 4967 3633 5037 perdu-

2057 5073 2203 5129 rant,
2238 5074 2285 5118 et
2311 5064 2650 5118 laudatorum
2684 5063 2940 5116 montium
2972 5059 3369 5131 pulchritudine
3411 5057 3616 5127 pellecti
3626 5099 3637 5116 ,

2054 5155 2215 5209 silvas
2251 5155 2570 5208 inhabitant.
2598 5153 2866 5208 Castalius
2906 5152 3020 5220 fons
3040 5153 3177 5204 inter
3206 5150 3333 5203 duos
3362 5149 3519 5203 colles
3545 5167 3634 5201 ea-

2055 5244 2257 5307 siliens,
2286 5259 2348 5296 ea:
2399 5244 2534 5314 ejus,
2562 5243 2653 5312 qui
2694 5243 2748 5294 in
2783 5257 2934 5294 mare
2995 5242 3277 5311 procurrit,
3316 5241 3422 5292 ima
3467 5247 3640 5308 parte,

2058 5335 2250 5389 eximia
2298 5333 2540 5404 quaedam
2593 5349 2855 5402 aquarunt
2909 5333 3114 5402 irrigua
3163 5332 3390 5394 evomit;
3430 5333 3480 5382 in
3539 5347 3642 5398 quo

2059 5425 2385 5496 prtvgrandis
2413 5424 2639 5494 assurgit
2666 5425 2919 5493 porticus,
2945 5440 3156 5476 cursum
3183 5425 3339 5492 fontis
3361 5439 3636 5475 concame-

2060 5535 2206 5570 rans.
2236 5517 2368 5570 Hinc
2393 5532 2546 5586 aquw
2569 5517 2842 5587 afﬂuenter
2879 5515 3228 5586 prosilientes,
3255 5516 3306 5568 in
3332 5515 3458 5566 aluos
3505 5531 3595 5566 run
3615 5530 3639 5567 δ

2061 5609 2385 5663 dividuntur.
2418 5609 2616 5663 Earum
2664 5627 2770 5662 una
2797 5626 2919 5678 pars
2951 5626 3044 5678 per
3089 5607 3376 5661 altissimos
3425 5609 3640 5664 ductus,

2061 5699 2219 5755 relati
2238 5699 2684 5758 :u!r95-..'er.'ra!a.
2713 5716 2856 5769 irque
2883 5716 2940 5751 ac
2971 5699 3144 5751 acrius
3169 5699 3380 5767 ﬂuvius,
3408 5714 3466 5750 ea
3489 5706 3641 5767 parte
