4016 6208
324 224 459 288 ἳζιἹῙ

1601 215 1661 272 S.
1704 213 1845 271 SYM
1856 209 1999 269 EON
2039 207 2340 268 JUNIOR.

3424 195 3568 258 2972

323 337 538 391 dextera
568 333 930 405 superierique
949 334 1001 386 in
1023 334 1202 386 urbem
1222 333 1395 402 inﬂuit
1419 349 1436 396 ;
1470 329 1640 384 altera
1663 326 1890 381 sinistris
1921 328 1961 380 Α
1992 322 2198 376 fuerint
2225 338 2237 372 :
2280 318 2370 373 hie
2399 317 2698 372 eminuisse
2723 314 2868 367 inter
2919 325 3110 366 omnes
3139 307 3413 362 dicendus
3442 318 3522 362 est
3551 349 3562 365 ,

325 429 459 495 lenti
487 426 610 480 locis
635 424 1008 494 campestribus
1049 421 1350 487 exundans,
1385 423 1437 473 in
1481 418 1760 490 paludibus
1801 433 1881 469 su-

326 523 650 587 perstagnat,
675 515 1017 582 universaque
1067 512 1312 582 Daphnes
1353 518 1512 580 prata
1562 509 1781 569 irrorat,
1811 505 1898 558 de-

330 625 470 662 mum
526 607 669 660 lwvis
719 603 932 659 Orontis
975 605 1188 674 fluentis
1217 605 1555 656 immiscetur.
1584 600 1736 652 Mens
1776 614 1896 652 vero

329 697 696 761 admirandus,
725 697 862 749 inter
893 695 1071 748 urbem
1105 702 1151 747 et
1185 708 1331 747 mare
1360 692 1552 753 elatus,
1582 708 1661 743 res
1687 691 1895 760 egregia

329 803 390 840 ac
411 785 706 853 spectabilis
755 794 802 838 et
842 785 1227 838 advenientium
1256 781 1419 836 oculis
1472 781 1734 843 delirium,
1775 797 1897 832 cen-

330 878 582 947 spicitur:
600 891 827 945 namque
844 875 958 928 urbi
985 874 1260 944 Rhosoque
1283 873 1660 935 conterminus,
1676 881 1898 940 utraque

327 985 391 1022 ex
438 976 591 1038 parte
630 967 889 1020 utentibus
933 964 1156 1036 Scepulo
1200 964 1540 1033 Caucaseque
1584 963 1898 1031 constringi-

329 1067 434 1111 tur.
461 1056 678 1112 Orontes
704 1058 891 1128 ﬂuvius
917 1057 1208 1109 innumeris
1235 1055 1579 1125 inﬂexionum
1622 1051 1897 1106 verticibus

333 1149 401 1203 ad
441 1149 593 1219 pedes
623 1150 811 1202 mentis
841 1148 1074 1216 proﬂuit,
1107 1155 1155 1199 et
1179 1148 1233 1199 in
1274 1162 1420 1199 mare
1453 1161 1620 1214 aquas
1642 1145 1895 1197 immittit.

402 1240 577 1294 H.1n
631 1240 818 1293 mentis
850 1239 1066 1308 hujusce
1119 1239 1313 1291 vertice
1368 1253 1589 1307 magnus
1648 1235 1740 1288 ille
1797 1237 1896 1299 vir,

330 1330 617 1402 tranquille
645 1333 808 1384 vitam
834 1347 995 1400 agens
1019 1339 1068 1382 et
1099 1330 1154 1382 in
1179 1330 1334 1382 corde
1363 1330 1691 1382 escensiones
1721 1327 1899 1396 dispo-

283 1417 287 1420 ’
332 1441 478 1488 nens,
512 1440 728 1492 corpore
752 1423 988 1476 sublimis
1012 1421 1300 1487 extollitur,
1325 1429 1373 1473 et
1397 1437 1514 1473 cum
1544 1422 1656 1488 ipse
1686 1435 1900 1488 corpore

330 1517 580 1568 wthereus
605 1512 744 1581 ﬁeri,
764 1515 1000 1582 interque
1024 1511 1188 1564 Deum
1211 1519 1258 1564 et
1282 1512 1514 1563 homines
1538 1511 1734 1562 medius
1769 1525 1897 1572 esse,

329 1603 612 1658 contendit.
641 1602 706 1656 At
734 1618 839 1664 qua
871 1603 1074 1654 ratione
1109 1601 1216 1653 Dee
1239 1601 1412 1652 dedite
1441 1601 1550 1653 viro
1576 1600 1676 1651 ista
1703 1615 1781 1651 res
1802 1599 1899 1651 ad-

331 1695 611 1748 miratione
659 1693 822 1763 digna
871 1693 1117 1754 evenerit,
1141 1693 1249 1759 ipse
1295 1692 1486 1744 dicam.
1523 1690 1900 1760 Lapicidarum

331 1802 491 1854 opera
516 1785 817 1838 summitate
837 1782 1353 1854 MentisAdmirandi
1373 1786 1476 1836 alte
1495 1790 1770 1845 excavata,
1788 1798 1898 1834 mo-

333 1873 622 1927 nasterium
642 1888 701 1925 ex
716 1888 820 1925 uno
837 1871 1170 1941 ejusdemque
1187 1879 1395 1925 natura:
1418 1870 1593 1940 lapide
1616 1872 1896 1937 exstruxit,

337 1965 392 2016 in
431 1963 578 2032 cujus
605 1963 772 2015 medio
795 1964 1030 2016 nativam
1057 1962 1359 2017 columnam
1383 1963 1723 2016 excidendam
1741 1979 1900 2015 cura-

333 2057 424 2113 vit.
452 2057 506 2108 in
528 2069 692 2124 eaque
713 2055 932 2124 vestigia
950 2056 1144 2123 posuit,
1163 2053 1409 2123 ﬁrmans,
1432 2056 1507 2108 uti
1523 2071 1676 2108 sacra
1709 2063 1901 2108 sonant

335 2146 586 2216 Eloquia,
611 2161 771 2216 super
789 2153 992 2211 petram
1019 2145 1169 2214 pedes
1193 2147 1368 2199 suos‘.
1397 2145 1580 2199 Versus
1603 2145 1766 2198 solem
1785 2161 1904 2198 vero

335 2236 680 2301 exorientem,
712 2232 969 2302 templum
999 2233 1102 2286 Dee
1131 2233 1543 2303 pulcherrimum
1563 2235 1829 2296 excitavit,
1851 2235 1905 2286 in

335 2325 473 2396 quod
499 2323 814 2394 convocabat
849 2323 1130 2394 discipulos
1165 2339 1182 2377 :
1225 2335 1384 2394 atque
1427 2327 1502 2379 ita
1535 2324 1628 2378 sub
1671 2326 1755 2378 die
1798 2326 1907 2392 ipse

338 2433 693 2482 commorans,
721 2415 803 2470 illi
850 2425 959 2479 tota
991 2426 1138 2470 nocte
1164 2416 1217 2469 in
1248 2415 1439 2487 temple
1461 2426 1681 2481 stantes,
1715 2425 1770 2470 ut
1813 2418 1904 2469 de-

337 2509 483 2562 cebat
515 2516 746 2570 sanctos,
775 2507 1004 2560 debitum
1027 2507 1133 2560 Dee
1163 2506 1364 2560 cultum
1393 2508 1694 2578 offerebant.

412 2597 497 2652 12.
523 2596 801 2651 Hactenus
820 2597 1152 2666 perpulchre
1171 2597 1410 2651 Joannes
1436 2597 1650 2651 Phocea.
1695 2597 1752 2651 ln
1781 2597 1906 2666 qui-

341 2691 442 2743 bus
467 2697 646 2742 tamen
677 2688 780 2742 sub
811 2687 972 2742 finem
998 2689 1230 2758 paucula
1293 2671 1563 2757 quautam,
1599 2704 1666 2743 ex
1704 2689 1910 2742 versio-

349 2794 418 2834 ne
443 2777 648 2842 Allatii,
677 2793 840 2848 quam
879 2787 936 2834 et
961 2794 1062 2833 nos
1092 2779 1213 2834 loco
1231 2781 1503 2851 assignato
1521 2781 1786 2850 integrum
1811 2781 1907 2835 de-

347 2868 548 2934 dimus,
579 2870 940 2934 subobscura,
974 2871 1064 2925 hic
1092 2887 1216 2926 cum
1242 2870 1430 2926 Graeco
1481 2879 1630 2927 textu
1691 2871 1907 2935 collata,

1930 1655 1978 1713 B

1997 427 2120 466 cum
2148 409 2414 464 nominati
2451 405 2707 476 Scepulus
2731 414 2786 458 et
2808 403 3073 461 Caucasus
3124 400 3291 453 veluti
3323 415 3421 468 pro
3466 415 3563 468 ap-

1998 480 2325 572 pendicibus
2363 499 2714 572 adjiciantur,
2745 511 2845 552 nec
2877 495 3046 549 ullum
3079 493 3317 546 aliorqu
3367 505 3562 543 nomen

1997 601 2229 662 excepto
2261 591 2470 655 Mauro,
2497 598 2592 644 aut
2626 589 2734 652 hic,
2798 597 2893 641 aut
2947 587 3002 639 in
3033 585 3175 645 Vita,
3232 581 3392 644 forte,
3461 597 3562 633 nec

1999 685 2126 739 alibi
2159 684 2435 738 memoriae
2470 681 2746 750 proditum
2794 677 3128 734 inveniatur.

2071 777 2155 830 14.
2189 776 2252 828 Ει
2299 789 2448 837 sane,
2497 787 2662 841 quem
2717 771 2934 824 eminus
2985 768 3370 821 advenientium
3443 781 3562 817 ocu-

2001 867 2062 920 lis
2085 865 2327 918 dcliciam
2358 863 2595 932 appellat
2622 868 2834 924 auctor,
2869 873 2979 912 non
3017 856 3351 928 injucundus
3389 854 3558 911 fuerit

1999 959 2151 1012 locus
2177 971 2402 1010 necesse
2446 964 2550 1019 est,
2577 951 2827 1022 quamvis
2859 950 2912 1003 in
2947 949 3088 1013 Vita,
3119 965 3175 1001 η.
3214 949 3302 1011 92,
3328 947 3562 1001 desertus

1999 1049 2344 1118 incultusque,
2381 1063 2483 1100 non
2537 1048 2601 1100 ab
2633 1062 2793 1114 aqua,
2825 1051 2988 1104 tecto,
3025 1040 3197 1094 aliave
3225 1054 3281 1092 re
3303 1038 3370 1090 ad
3404 1038 3563 1090 vitam

1999 1141 2292 1194 necessaria
2353 1139 2639 1192 instructus
2709 1136 2944 1188 dicatur.
3019 1128 3563 1186 Commendationem

1999 1232 2201 1300 quippe
2232 1231 2501 1284 meruisse
2540 1235 2718 1297 potest
2746 1225 2862 1295 ipsa
2895 1222 3185 1278 sterilitate
3217 1228 3379 1289 atque
3407 1233 3568 1287 aspe-

2001 1324 2160 1376 ritate
2193 1337 2310 1380 sua.
2345 1320 2546 1390 quibus
2576 1314 3115 1381 oculos,vircntibus
3144 1311 3351 1366 circum
3379 1309 3566 1364 riden-

2002 1413 2256 1480 tibusque
2308 1410 2481 1479 pratis
2529 1417 2799 1471 assuetos,
2828 1403 3130 1476 jucundius
3151 1401 3438 1456 alliciebat.
3466 1399 3569 1452 Po-

2002 1503 2106 1556 tuit
2133 1501 2300 1556 etiam
2330 1498 2565 1563 laudari,
2593 1498 2737 1568 quod
2762 1495 3248 1568 injucundissimus
3288 1491 3415 1544 inde
3437 1505 3566 1558 pro-

2003 1603 2222 1662 spectus
2250 1598 2414 1646 esset.
2448 1589 2575 1644 Sive
2615 1587 2762 1644 enim
2795 1586 2962 1656 (quod
3011 1584 3216 1640 sanctis
3245 1582 3568 1637 deliciarum

2003 1684 2246 1738 omnium
2282 1681 2760 1739 deliciosissimum
2775 1678 2879 1750 est)
2901 1687 3117 1734 erectos
3142 1675 3199 1730 in
3217 1675 3415 1729 coelum
3441 1672 3567 1726 vul-

2003 1785 2091 1830 tus
2104 1777 2280 1845 placet
2303 1776 2516 1840 tollere,
2551 1775 2640 1829 hic
2661 1772 2957 1844 spatiosius
2983 1771 3328 1838 lueidiusque
3351 1767 3572 1836 conspi—

2005 1862 2169 1931 citur,
2206 1867 2373 1922 nulclis
2408 1876 2570 1922 terrae
2589 1863 2909 1936 fumigantis
2949 1861 3237 1918 inamoenis
3275 1858 3571 1929 vaporibus

2004 1958 2406 2026 interceptum:
2439 1957 2556 2012 sive
2606 1966 2825 2011 terrena
2899 1952 3258 2024 contemplari
3314 1951 3567 2012 delectat,

2005 2052 2134 2106 inde
2165 2067 2227 2106 ac
2265 2051 2574 2106 cmlestium
2625 2050 3041 2105 meditatiOnem
3079 2044 3332 2102 securius
3377 2057 3568 2098 ascen-

2004 2159 2226 2209 surum;
2262 2143 2606 2213 ubi,quteso,
2643 2149 2913 2196 terrarum
2951 2139 3290 2207 voluptatum
3337 2134 3572 2202 amplior

2007 2244 2430 2303 sanctarumque
2515 2233 2912 2304 cogitationum
2980 2230 3216 2286 fertilior
3295 2225 3572 2296 campus?

2006 2325 2182 2380 Urbes
2229 2324 2496 2394 imprimis
2556 2324 2815 2395 subjectae
2858 2321 3149 2377 Antiochia
3186 2335 3249 2374 ac
3298 2317 3570 2381 Seleucia,

2009 2417 2392 2472 memorabiles
2418 2416 2651 2470 maxime
2678 2431 2741 2470 ac
2773 2415 3054 2486 speciosae,
3075 2413 3204 2483 quid
3237 2427 3345 2466 non
3372 2425 3574 2480 reprae-

2009 2511 2263 2563 sontant?
2294 2509 2433 2563 llinc
2483 2507 2777 2577 Scopulus,
2803 2505 3100 2575 asperitate
3128 2517 3224 2557 sua
3264 2514 3513 2555 amamus
3555 2514 3572 2563 ;

2011 2599 2135 2654 inde
2159 2599 2434 2653 celebrata
2466 2597 2714 2652 omnium
2745 2595 2984 2665 scriptis,
3013 2603 3073 2648 ut
3093 2593 3310 2654 merita,
3327 2589 3573 2660 Daphne,

2009 2699 2272 2760 quantum
2301 2692 2590 2743 recreant!
2630 2688 2828 2756 Prope,
2859 2685 2961 2740 sub
2999 2686 3117 2754 ipso
3158 2692 3365 2746 monte,
3419 2679 3571 2740 ludit

2010 2781 2178 2834 variis
2219 2779 2496 2834 meandris
2529 2787 2695 2846 atque
2719 2775 3058 2830 anfractibus
3093 2773 3361 2828 Orontes:
3385 2769 3576 2841 procul
3607 2773 3620 2782 '

2012 2880 2163 2941 patet
2185 2869 2636 2941 spatiosissimum
2667 2874 2829 2934 atque
2844 2864 3019 2918 oculis
3045 2859 3452 2916 interminabile
3471 2874 3569 2927 pe-

343 2960 575 3014 clariora
607 2960 733 3015 feci.
764 2959 906 3026 Quid
935 2961 1081 3015 enim
1107 2961 1212 3015 sibi
1247 2962 1367 3016 vult
1392 2961 1567 3016 istud:
1596 2961 1661 3015 In
1711 2963 1908 3014 colum-
1935 2986 1982 3048 α
2014 2965 2199 3035 lngus;
2231 2969 2380 3032 patet
2416 2961 2546 3014 item
2571 2958 2788 3012 diversa
2822 2966 3003 3020 terrae,
3034 2954 3163 3008 hinc
3197 2953 3250 3006 in
3277 2951 3442 3006 colles
3456 2950 3571 3004 ela-

346 3066 415 3103 na
448 3049 643 3118 gradus
672 3050 933 3119 appinxit,
989 3048 1082 3102 ubi
1137 3047 1322 3103 Gra'cc
1389 3057 1476 3102 est
1529 3050 1585 3103 ὲν
1641 3049 1778 3101 κίονι
1811 3049 1909 3111 τὰς

348 3141 534 3210 βάσεις
567 3139 758 3192 εοετοῖ
788 3139 1015 3193 Rectius
1043 3146 1099 3192 et
1128 3147 1455 3208 argumento
1515 3139 1771 3208 praesenti
1817 3155 1910 3194 ac-

348 3229 750 3284 commodatius
775 3229 1289 3298 interpretaberis;
1321 3229 1385 3283 In
1413 3231 1662 3285 columna
1695 3233 1912 3301 vestigia

346 3338 437 3374 seu
490 3320 640 3390 pedes
685 3320 876 3390 posuit.
932 3321 1170 3375 lnnuere
1222 3322 1427 3391 quippe
1485 3324 1604 3377 vult
1652 3325 1910 3393 scriptor,

348 3415 672 3482 Symeonem
694 3412 1009 3467 ascendisse
1037 3413 1396 3480 columnam,
1443 3416 1500 3467 in
1545 3430 1708 3485 eaque
1767 3425 1915 3470 stan-

352 3512 456 3556 tem
483 3501 586 3557 sub
624 3503 715 3557 dio
745 3502 999 3557 laudasse
1020 3504 1214 3559 Deum.

421 3594 508 3648 15.
536 3594 627 3648 Sic
657 3594 823 3665 igitur
853 3594 1019 3648 situm
1049 3595 1251 3650 montis
1293 3598 1544 3667 concipe.
1581 3595 1700 3654 Non
1725 3599 1913 3653 admo-

353 3683 484 3737 dum
515 3683 704 3753 procul
757 3683 826 3738 ab
885 3683 1195 3749 Antiochia,
1255 3684 1321 3738 ad
1375 3684 1638 3742 Orontem
1687 3687 1912 3741 fluvium

353 3771 596 3839 condita,
643 3773 1085 3843 septentrionem
1102 3790 1294 3829 versus
1342 3776 1474 3831 urbs
1517 3778 1737 3832 Rhesus
1772 3779 1911 3833 mari

348 3863 588 3935 adjacet:
624 3864 767 3919 inter
799 3873 1089 3935 utramque
1122 3876 1291 3930 terra,
1319 3868 1663 3939 longiuscule
1685 3870 1742 3923 in
1763 3887 1911 3926 mare

348 3971 541 4010 versus
581 3956 921 4012 occidentem
957 3972 1308 4026 procurrens,
1338 3959 1391 4012 in
1442 3969 1688 4015 extremo
1719 3961 1912 4016 Seleu-

348 4045 486 4098 ciam
539 4045 856 4114 continent,
889 4047 989 4102 150
1028 4046 1202 4101 stadia
1266 4047 1559 4104 Antiochia
1615 4051 1866 4106 dissitam

347 4137 484 4192 adeo
511 4144 571 4190 ut
598 4137 830 4192 formam
859 4138 1126 4208 trigonem
1157 4148 1324 4194 ternae
1353 4140 1469 4195 istae
1496 4142 1747 4198 civitates
1773 4159 1911 4212 quo-

346 4228 639 4283 dammodo
684 4238 1103 4298 repraesentem,
1131 4231 1250 4299 pari
1275 4230 1447 4286 ferme
1479 4233 1622 4286 inter
1651 4249 1708 4287 se
1732 4235 1912 4303 spatio

2017 3067 2103 3120 tre,
2137 3055 2262 3109 inde
2293 3053 2346 3106 in
2372 3052 2538 3106 valles
2561 3050 2849 3119 depressae,
2882 3046 3014 3101 alibi
3044 3044 3271 3108 arentis,
3303 3042 3432 3097 alibi
3450 3056 3584 3095 con-

2012 3132 2132 3203 sita:
2169 3146 2356 3200 facies.
2386 3141 2598 3212 Ecquid
2635 3141 2802 3210 igitur
2828 3138 3003 3202 deest,
3037 3146 3096 3192 ut
3136 3135 3381 3190 delicium
3429 3134 3579 3189 dica-

2018 3247 2106 3292 tur
2137 3253 2292 3292 mons
2329 3235 2480 3291 iste?

2162 3327 2303 3398 §lll.
2342 3325 2414 3378 De
2450 3335 2604 3380 astate
2639 3324 2810 3378 sancti
2841 3320 3112 3392 Symeenis
3147 3319 3402 3374 Junieris.

2089 3421 2176 3474 15.
2212 3420 2328 3473 Duo
2359 3418 2624 3472 hactenus
2656 3430 2921 3486 perquam
2950 3414 3204 3478 obscura,
3239 3427 3359 3482 quae
3403 3410 3469 3464 ad
3498 3410 3583 3464 di-

2015 3511 2364 3566 stinetionem
2425 3508 2755 3580 Symeonum
2812 3506 3172 3577 Stylitarum,
3225 3518 3453 3572 quasque
3504 3502 3571 3555 ad

2016 3603 2250 3655 Montem
2274 3599 2596 3663 Mirabilem,
2629 3597 2744 3653 solo
2773 3597 2888 3653 fere
2913 3597 3133 3652 nomine
3155 3597 3246 3650 diu
3279 3591 3596 3664 cognitum,

2015 3691 2270 3754 attinent,
2300 3690 2644 3760 prosecutis;
2677 3687 2821 3743 haud
2854 3688 3014 3757 paulo
3037 3685 3253 3757 gravior
3292 3682 3584 3738 difﬁcultas

2013 3780 2283 3836 incumbit
2307 3779 2606 3834 definiendi
2633 3787 2867 3840 certum,
2895 3779 2939 3832 si
2974 3777 3165 3847 possit,
3193 3785 3407 3845 tempus
3428 3815 3441 3835 ,
3473 3788 3583 3842 quo

2012 3873 2206 3927 Junior
2237 3871 2472 3941 Symeon
2501 3877 2664 3923 natus
2693 3875 3050 3937 mortuusque
3086 3865 3270 3921 fuerit.
3297 3864 3580 3919 Neminem

2013 3962 2257 4033 reperire
2311 3961 2470 4016 licuit
2525 3969 2832 4024 auctorem,
2863 3959 2961 4028 qui
3021 3957 3444 4012 determinatius
3482 3955 3584 4008 ali-

2013 4054 2143 4123 quid
2172 4052 2487 4117 a‘ﬂirmaret,
2524 4066 2690 4121 quam
2719 4051 2890 4106 fuisse
2945 4050 3269 4120 Symeonem
3327 4049 3580 4117 temperi-

2012 4146 2103 4200 bus
2117 4144 2313 4198 Justini
2343 4143 2596 4199 Senieris.
2627 4144 2741 4197 lmo
2765 4157 2943 4212 neque
2973 4143 3117 4208 Vita,
3144 4155 3306 4210 quam
3354 4138 3582 4209 subjici-

2011 4235 2308 4298 mus,diem
2322 4248 2594 4288 annumve
2618 4243 2769 4287 ortus
2785 4241 2878 4287 aut
2891 4233 3074 4287 obitus
3090 4231 3235 4286 illius
3250 4229 3583 4285 determina-

346 4317 634 4372 distantes.
678 4316 816 4372 Hinc
845 4334 1024 4384 mons,
1072 4319 1169 4389 qui
1226 4319 1575 4376 Antiochiam
1636 4323 1910 4377 Rhosum-
1939 4305 1987 4364 ι)
2015 4331 2126 4377 tum
2148 4323 2326 4392 ponit;
2362 4322 2600 4392 suggerit
2622 4330 2798 4377 tamen
2813 4320 3444 4390 quaedamhincinde,”
3461 4318 3586 4387 qui-

345 4420 452 4474 que
478 4404 682 4459 dicitur
704 4407 1071 4470 committere,
1111 4406 1420 4464 Seleuciam
1469 4411 1701 4466 includit
1729 4427 1911 4482 segre-

343 4505 543 4567 gatque
575 4497 645 4552 ab
671 4498 882 4568 reliqua
902 4499 1246 4556 continente.
1270 4501 1449 4572 Atque
1507 4504 1581 4559 ita
1628 4514 1774 4560 recte
1801 4522 1900 4576 po-

346 4585 498 4639 nitur
527 4585 670 4641 inter
701 4587 893 4642 urbem
925 4588 1328 4645 Antiochenam
1375 4601 1542 4661 atque
1598 4611 1748 4650 mare
1793 4597 1907 4651 ela-

347 4684 465 4731 tus:
501 4677 648 4746 quod
682 4679 858 4748 ipsum
896 4680 1060 4734 etiam
1084 4696 1149 4735 ex
1200 4682 1325 4738 Vita
1353 4700 1408 4737 ιι.
1449 4685 1512 4738 77
1547 4687 1780 4741 stabiliri
1815 4705 1910 4758 po-

347 4776 471 4822 tcst.
494 4769 672 4825 [labet
701 4785 864 4840 porro
886 4787 1045 4827 mons
1078 4774 1183 4828 iste
1212 4775 1492 4845 oppositos
1539 4777 1678 4833 duos
1726 4779 1867 4834 alios
1892 4799 1908 4846 ;

343 4874 577 4927 quorum
604 4861 743 4915 alter
776 4861 892 4931 qui,
925 4860 1182 4931 Scopulus
1234 4864 1457 4933 dicitur,
1491 4865 1738 4921 Seleucia
1767 4869 1912 4924 Rho-

346 4961 466 5000 sum
499 4947 744 5003 tendenti
771 4950 949 5006 media
980 4953 1226 5009 occurrit
1267 4955 1374 5019 via,
1408 4956 1544 5009 mari
1578 4957 1908 5026 imminens;

345 5046 401 5090 et
429 5037 498 5092 ab
527 5038 629 5093 hac
687 5039 846 5106 urbe,
883 5042 1074 5107 credo,
1113 5041 1360 5114 Scopelus
1392 5046 1640 5103 Rhosicus
1673 5050 1914 5119 appella-

349 5135 473 5191 tur;
503 5129 762 5194 alterum,
790 5131 879 5186 cui
908 5131 1173 5188 Caucasus
1226 5151 1425 5191 nomen
1452 5139 1669 5210 obtigit,
1719 5142 1774 5195 in
1810 5143 1910 5196 ad-

347 5233 499 5272 versa
521 5235 642 5273 esse
675 5231 829 5290 parte
858 5222 1048 5278 Mentis
1075 5224 1333 5281 Mirabitis
1353 5268 1366 5292 ,
1424 5229 1680 5286 videlicet
1733 5233 1913 5288 orien-

354 5307 470 5371 tali,
505 5325 572 5363 οι
625 5313 942 5369 narratione
966 5326 1217 5373 constare
1267 5320 1504 5375 videtur.
1550 5323 1704 5388 Quod
1749 5325 1913 5394 siqui

347 5399 436 5451 alii
468 5401 640 5456 colles
682 5418 966 5461 montesve
1020 5407 1396 5478 ignobiliores,
1450 5415 1911 5482 quemadmodum

348 5487 464 5549 lteri
502 5495 701 5550 assolet
729 5507 893 5566 atque
925 5499 979 5553 in
1013 5501 1131 5556 Vita
1164 5503 1326 5558 etiam
1364 5504 1638 5573 proditur,
1674 5507 1911 5563 circum-

424 5606 442 5645 ⁸
479 5609 615 5663 l’sal.
651 5627 830 5668 xxxix.
869 5615 918 5668 5.

2018 4411 2120 4466 bus
2147 4411 2364 4465 definiri
2383 4411 2615 4466 certiora
2637 4411 2865 4480 possint.
2879 4410 2999 4464 Mox
3017 4409 3162 4464 enim
3176 4425 3230 4462 η.
3253 4407 3314 4462 10
3329 4407 3582 4472 habetur,

2018 4504 2342 4575 Symeonem
2369 4504 2779 4575 quinquennem
2805 4503 2990 4570 fuisse,
3029 4520 3151 4559 cum
3191 4506 3371 4576 gravis
3425 4516 3584 4559 terra:

2019 4599 2200 4646 motus
2214 4592 2558 4646 Antiochiam
2581 4590 2949 4658 labefactavit,
2961 4607 3070 4662 quo
3093 4607 3281 4646 eversa
3297 4591 3442 4646 illius
3456 4608 3589 4661 quo-

2019 4700 2125 4754 que
2145 4686 2336 4740 domus
2356 4685 2500 4738 inter
2533 4685 2668 4739 alias
2695 4693 2798 4748 est,
2838 4693 2893 4738 et
2917 4693 3074 4753 pater
3100 4685 3273 4739 ruinis
3303 4685 3588 4739 involutus

2017 4773 2250 4828 interiit.
2280 4774 2571 4828 Definitum
2605 4773 2697 4828 hic
2728 4773 2892 4837 foret,
2921 4775 2968 4829 si
3008 4774 3222 4834 felicior
3271 4774 3582 4835 Antiochia,

2016 4866 2196 4921 minus
2221 4865 2606 4935 frequentibus
2634 4874 2888 4935 quassata
2919 4864 3161 4920 motibus
3191 4865 3406 4920 fuisset.
3441 4866 3587 4919 Duo-

2015 4973 2138 5011 rum
2162 4955 2532 5011 meminerunt
2555 4964 2808 5011 auctores
2837 4956 3103 5026 Evagrius
3126 4965 3289 5026 atque
3304 4957 3589 5026 Theopha-

2014 5064 2134 5112 nes,
2160 5047 2255 5118 qui
2289 5047 2392 5102 sub
2419 5046 2564 5102 idem
2597 5047 2712 5102 fere
2733 5055 2965 5117 tempus,
3001 5049 3292 5119 interiecto
3314 5051 3586 5106 mensium

2017 5142 2240 5212 triginta
2273 5157 2382 5197 non
2415 5141 2649 5210 amplius
2681 5141 2877 5209 spatio,
2912 5141 3279 5197 invaluerunt.

2090 5231 2176 5285 16.
2205 5230 2450 5285 Priorem
2493 5229 2569 5284 sic
2605 5227 3151 5300 describitEvagrius
3177 5232 3215 5285 Ι.
3247 5248 3322 5297 tv,
3354 5248 3476 5303 cap.
3505 5234 3540 5288 5
3571 5251 3585 5288 :

2017 5323 2210 5378 Iisdem
2249 5322 2447 5377 Justini
2481 5321 2793 5392 temporibus
2814 5321 2996 5377 crebra
3025 5323 3311 5392 graviaqne
3345 5325 3589 5378 incendia

2019 5416 2307 5472 Antiochia:
2338 5417 2690 5485 contigerunt,
2731 5430 2846 5483 (pia:
2874 5414 3034 5468 veluti
3057 5415 3211 5469 duces
3245 5416 3458 5484 fuerunt
3482 5426 3591 5469 ter-

2022 5509 2286 5577 riﬁcorum
2339 5519 2494 5562 terrm
2539 5507 3007 5571 motuum,ibidrm
3055 5517 3233 5577 postea
3288 5518 3589 5564 consecuto-
