4016 6208
369 273 506 335 2ἀ73

1492 282 2090 347 COMMENTARIUS
2132 288 2495 349 PIL-EVIUS.

3469 303 3614 368 2974

369 405 507 453 rum,
534 391 987 463 prtrlnscruntque
1046 396 1438 452 calantitatibus
1491 403 1742 455 venturis.
1798 402 1939 456 Nunt

2045 400 2225 468 λεὶαξ,
2259 407 2388 476 μηνὶ
2409 407 2618 476 δεκάτῳ
2646 425 2657 436 ·
2695 407 2798 459 ἀνὰ
2829 409 2915 460 τὸν
2946 407 3284 481 ’Ἀρτεμίσιον
3318 420 3457 487 μῆνα
3489 424 3607 493 ἦτοι

370 481 508 534 brevi
563 493 677 549 post
715 494 966 556 tempore,
993 509 1133 544 anno
1162 497 1381 563 septimo
1427 497 1634 565 imperii
1674 498 1872 552 Justini
1894 509 1943 552 et

371 587 545 625 mense
579 573 777 628 decimo
805 595 824 640 ;
855 595 1029 633 mense
1068 583 1348 637 Artemisio
1375 603 1466 638 seu
1489 586 1667 652 Maio;
1706 589 1789 641 die
1832 591 1944 658 ejus

372 679 508 715 nona
533 680 596 716 ac.
625 667 891 732 vicesima,
919 671 1030 738 ipso
1069 676 1285 728 meridie
1318 675 1462 742 feria:
1486 687 1666 741 sea-tte,
1690 689 1746 732 ut
1789 695 1944 733 voca-

369 759 476 813 tur,
499 753 834 810 hebdomadis
867 774 886 821 ;
913 764 1175 815 succussio
1208 781 1270 816 ac
1292 774 1460 818 motus
1491 777 1662 830 terrae,
1689 768 1942 822 invaden-

370 851 444 894 tes
498 842 698 910 urbem,
735 863 867 915 pene
925 860 1092 904 totam
1137 853 1372 921 funditus
1398 858 1785 911 subuerterant.
1816 859 1944 912 Post

371 933 478 985 hate
521 939 762 990 successit
822 941 957 1009 ignis
1010 958 1234 1012 quoque,
1275 954 1322 999 et
1378 948 1739 1002 calamitatem
1791 951 1946 1019 quasi

370 1040 486 1077 cum
531 1025 638 1080 illis
698 1031 927 1098 partitus
979 1041 1074 1088 est.
1110 1034 1307 1099 Quibus
1333 1040 1470 1093 enim
1499 1039 1622 1093 locis
1672 1043 1945 1110 quassatio

373 1123 641 1185 motusque
669 1130 1032 1187 pepercerant,
1064 1123 1160 1177 illa
1192 1126 1329 1196 ignis
1354 1129 1551 1182 circum
1573 1130 1858 1199 deposcens
1893 1132 1944 1184 in

371 1207 567 1260 cineres
622 1208 942 1281 favillasque
989 1214 1207 1284 redegit.
1241 1216 1371 1281 Quae
1401 1237 1559 1288 porro
1592 1222 1733 1274 urbis
1768 1231 1946 1291 partes

374 1299 597 1362 ruerint,
632 1311 755 1370 quot
782 1303 1019 1358 homines
1047 1309 1281 1376 ﬂammis
1313 1312 1658 1381 motibusque,
1695 1314 1772 1364 uti
1799 1314 1948 1366 sinti-

372 1388 469 1440 lius
526 1407 643 1445 vero
671 1401 766 1455 est,
811 1395 1148 1463 interierint,
1213 1415 1332 1469 qua:
1374 1403 1533 1455 etiam
1569 1405 1835 1458 mirabilia
1864 1407 1945 1459 di-

371 1481 621 1552 cendique
659 1485 911 1554 facultate
941 1496 1086 1548 omni
1111 1498 1322 1566 majora
1347 1502 1682 1570 contigerint,
1739 1503 1950 1574 lugubri

370 1586 675 1640 prosecutus
725 1589 800 1633 est
841 1585 1080 1638 oratione
1129 1586 1363 1644 Joannes
1423 1593 1624 1658 rhetor,
1656 1594 1944 1651 Historiam

369 1681 524 1719 suam
558 1669 640 1721 hic
683 1671 1018 1728 concludens.
1069 1677 1400 1750 Euphrasius
1427 1701 1548 1737 vero
1573 1687 1735 1742 etiam
1777 1689 1946 1742 ruinis

373 1757 892 1827 interceptusvitam
931 1764 1144 1828 ﬁnivit:
1178 1787 1240 1822 ac
1304 1780 1470 1825 morte
1529 1791 1626 1827 sua
1679 1776 1941 1844 publicam

370 1845 728 1902 calamitatem
762 1856 932 1919 auxit,
971 1860 1177 1914 nemine
1193 1861 1335 1930 jam,
1361 1861 1451 1933 qui
1491 1869 1773 1934 profutura
1815 1882 1940 1935 sug-

370 1949 592 2006 gereret,
615 1953 922 2011 superante.
953 1946 1122 2002 Addit
1153 1950 1520 2022 Theophanes
1548 1973 1560 2010 :
1601 1956 1790 2010 Omnes
1811 1973 1942 2024 (μίση

369 2042 467 2094 que
495 2031 629 2083 cedes
658 2041 707 2084 et
723 2033 949 2090 ecclesia:
968 2040 1329 2104 conciderunt,
1355 2052 1403 2096 et
1439 2045 1576 2110 urbis
1593 2046 1748 2104 decor
1772 2048 1941 2101 omnis

371 2115 568 2172 deletus
591 2129 666 2174 est
701 2139 719 2175 :
755 2124 845 2178 sed
897 2141 1064 2192 neque
1093 2129 1214 2182 talis
1245 2130 1525 2186 calamitas
1579 2133 1698 2187 aliis
1736 2132 1940 2193 sa’eulis

370 2210 551 2277 quavis
595 2213 649 2266 in
712 2214 836 2269 urbe
891 2221 1130 2289 contigit.
1159 2221 1520 2278 Pientissimus
1546 2235 1723 2279 autem
1777 2227 1938 2296 impe-

372 2308 519 2352 rator
548 2301 810 2368 Justinus,
839 2324 894 2360 re
915 2312 1148 2379 cognita.
1173 2313 1376 2383 ingenti
1408 2314 1588 2368 dolore
1612 2318 1779 2370 animi
1817 2334 1940 2386 per-

370 2405 570 2455 cussus,
594 2394 798 2448 sublato
827 2399 1013 2467 capitis
1034 2401 1117 2453 sui
1158 2411 1350 2454 ornatu
1394 2420 1732 2476 purpuraque
1784 2408 1942 2477 depo-

369 2481 491 2536 sita.
525 2482 702 2553 plures
740 2485 849 2540 dies
878 2505 1089 2544 saccum
1131 2493 1345 2547 indutus
1375 2494 1506 2548 luxit
1535 2513 1553 2561 ;
1587 2497 1716 2550 adeo
1766 2505 1822 2551 ut
1860 2499 1941 2568 fe-

377 2581 459 2624 sta
508 2589 711 2642 quoque
754 2574 864 2628 luce
895 2579 1175 2646 procedens
1207 2582 1261 2634 in
1287 2583 1940 2653 templum,coronamaut

375 2666 701 2738 chlamydem
725 2681 930 2740 gestare
955 2678 1187 2729 renuerit
1213 2693 1230 2731 :
1258 2693 1438 2732 verum
1475 2680 1551 2732 sic
1581 2680 1806 2748 simplici
1841 2682 1938 2736 ha-

369 2760 478 2822 bitu
517 2777 631 2837 cum
664 2761 777 2815 sole
818 2765 1047 2835 mandga
1077 2783 1339 2837 purpureo
1371 2772 1710 2836 processerit,
1743 2787 1805 2824 ac
1849 2788 1938 2824 co-

373 2868 486 2905 ram
523 2834 628 2908 t‘oto
670 2866 858 2910 senatu
892 2856 1227 2926 ingemuerit,
1259 2863 1536 2930 cwterique
1577 2879 1754 2916 omnes
1786 2863 1940 2933 lugu-

368 2941 483 2998 bria
544 2945 714 3000 induti
770 2963 877 3000 una
941 2963 1057 3001 cum
1112 2950 1222 3018 ipso
1277 2950 1545 3004 luxerunt.
1580 2949 1704 3006 llaec
1747 2951 1824 3006 illi
1870 2951 1938 3007 de

370 3032 538 3102 priori
563 3034 907 3092 Antiocheno
941 3047 1101 3092 terra:
1127 3049 1301 3095 motu.

445 3127 525 3180 17.
562 3125 762 3183 Verum
815 3131 1145 3202 priusquam
1205 3133 1273 3187 ad
1326 3134 1562 3190 alterum
1617 3137 1934 3206 progredia-

373 3235 514 3281 mur,
542 3221 1098 3281 monitumlectorem
1148 3227 1338 3293 velim,
1370 3243 1470 3283 nos
1518 3228 1673 3284 illum
1722 3229 1946 3300 Evagrii

370 3311 568 3376 locum,
593 3330 734 3366 anno
761 3319 984 3384 septimo
1011 3357 1026 3382 ,
1061 3335 1246 3373 mense
1274 3319 1475 3373 decimo
1511 3322 1718 3390 imperii
1743 3321 1939 3377 Justini

371 3404 486 3472 (ηιιί
517 3419 702 3461 errare
723 3405 854 3461 fecit
878 3408 1205 3474 Baronium,
1237 3411 1559 3480 errorisque
1617 3413 1866 3484 arguitur
1909 3429 1939 3468 a

370 3494 586 3550 Valesio
617 3496 672 3549 in
703 3484 1183 3556 Adnotationibus'
1204 3501 1343 3570 hic),
1394 3501 1680 3572 interiecta
1705 3505 1939 3574 conjun-

370 3585 550 3640 ctione
579 3595 648 3647 et.
677 3587 755 3642 sic
778 3590 1078 3660 corrigere,
1116 3609 1258 3646 anno
1278 3595 1499 3664 septimo
1531 3601 1579 3646 et
1625 3610 1798 3648 mense
1846 3596 1940 3648 de-

372 3677 504 3729 cimo
531 3679 739 3748 imperii
759 3679 976 3746 Justini.
998 3692 1056 3738 ut
1086 3700 1282 3753 nempe
1319 3693 1591 3742 statuatur
1610 3687 1704 3741 hic
1734 3695 1936 3753 motus,

379 3771 454 3824 uti
479 3771 664 3837 debet,
689 3775 956 3830 accidisse
989 3786 1185 3832 octavo
1215 3779 1431 3848 imperii
1487 3796 1634 3836 anno
1675 3781 1746 3834 ad
1775 3782 1948 3834 tinem.

373 3871 656 3930 vergente,
693 3864 786 3931 qui
851 3866 1018 3920 refert
1076 3884 1284 3924 annum
1337 3869 1579 3937 vulgaris
1641 3885 1767 3924 tera:
1807 3871 1934 3935 526,

368 3951 589 4017 «litando
655 3953 839 4008 littera
894 3955 1252 4014 Dominicalis
1301 3957 1345 4010 D
1393 3958 1632 4013 faciebat
1681 3960 1824 4013 diem
1868 3961 1938 4015 29

370 4042 494 4096 Maii
559 4057 684 4098 eum
752 4045 912 4099 Feria
969 4047 1002 4101 6
1062 4047 1426 4104 hebdomadis
1478 4050 1796 4105 convenire.
1861 4053 1936 4106 Ita

369 4147 505 4186 vero
555 4134 719 4188 etiam
749 4134 816 4188 ab
852 4135 1084 4207 Evagrio
1114 4140 1380 4208 scriptum
1412 4139 1580 4194 fuisse
1606 4140 1800 4194 suadet
1844 4157 1936 4195 ex-

367 4221 708 4289 pressissima
741 4225 1252 4296 meutiotemporis,
1272 4229 1416 4286 inter
1459 4239 1751 4300 utrumque
1780 4239 1938 4287 terrae

369 4321 576 4364 mtuum
605 4313 801 4382 elapsi,
835 4315 983 4383 quod
1018 4317 1096 4371 ait
1132 4318 1356 4388 triginta
1421 4320 1697 4374 mensium
1731 4320 1930 4385 fuisse;

371 4403 513 4470 quod
547 4412 762 4473 tempus
799 4404 843 4457 si
881 4405 1110 4476 adjicias
1139 4407 1205 4461 ad
1237 4408 1382 4462 diem
1417 4409 1484 4463 29
1540 4411 1750 4465 mensis
1783 4411 1930 4474 Maii,
1973 4419 2017 4473 Ι)

369 4489 500 4545 dicti
526 4509 647 4547 tera:
685 4495 930 4564 vulgaris
949 4497 1077 4549 anni
1110 4497 1234 4561 526,
1254 4508 1514 4568 exsurget
1568 4515 1750 4555 annus
1796 4502 1941 4571 ejus-

369 4583 491 4636 dem
509 4600 630 4639 terte
652 4586 777 4646 528,
808 4588 1018 4643 mensis
1046 4588 1378 4654 November,
1407 4590 1527 4645 dies
1562 4591 1651 4657 29,
1677 4609 1788 4661 quo
1809 4609 1943 4662 pra:-

373 4674 485 4728 cisc
526 4676 887 4744 posteriorem
937 4685 1100 4734 terra:
1137 4687 1344 4733 motum
1373 4681 1616 4736 saeviisse
1639 4697 1702 4736 ex
1760 4682 1942 4736 Theo-

369 4765 548 4832 phane
582 4766 813 4836 aliisque
854 4767 1140 4823 manifeste
1184 4778 1418 4823 constat.
1452 4770 1638 4840 Neque
1677 4771 1942 4826 credibile

371 4867 448 4910 est
473 4865 759 4911 auctorem
793 4859 888 4928 qui
943 4868 1052 4912 tam
1100 4867 1358 4914 accurate
1402 4860 1767 4915 minutissima
1795 4878 1944 4931 qure-

372 4964 477 5016 quc
516 4948 853 5013 obsvrvavit,
894 4958 954 5003 ut
982 4950 1148 5004 etiam
1182 4949 1371 5003 horam
1403 4958 1459 5004 et
1501 4958 1766 5019 punctum
1804 4960 1939 5005 tem-

370 5040 540 5107 poris,
567 5056 677 5108 quo
718 5051 901 5094 motus
947 5040 1138 5112 cepit,
1185 5042 1558 5111 expresserit;
1593 5041 1939 5100 aberravisse

369 5145 513 5184 anno
541 5131 777 5201 integro,
817 5133 1120 5201 praesertim
1151 5147 1272 5186 cum
1330 5133 1422 5186 vix
1481 5134 1722 5202 potuerit
1757 5134 1934 5204 ipsum

368 5219 595 5273 secundi
656 5231 836 5275 motus
891 5220 1218 5275 distinctum
1280 5232 1498 5290 tempus
1540 5221 1846 5290 prteterire,
1907 5238 1935 5275 a

367 5307 702 5376 Theophane
742 5309 898 5379 longe
927 5309 1236 5378 posteriore
1264 5309 1711 5363 determinatum.
1759 5309 1934 5370 Adde,

367 5398 409 5451 si
483 5399 612 5466 quid
665 5401 830 5454 etiam
885 5401 987 5454 hoc
1034 5401 1297 5454 momenti
1349 5400 1534 5462 habet,
1579 5401 1695 5472 ipsa
1747 5410 1937 5456 aucto—

371 5489 452 5556 ris,
475 5490 661 5553 verba,
695 5491 747 5543 in
779 5491 970 5545 eadem
1004 5491 1115 5546 fere
1141 5492 1370 5561 periodo
1403 5492 1620 5547 diversa
1673 5492 1932 5563 loquendi

371 5576 540 5629 forma
572 5579 806 5640 utentis,
840 5579 931 5631 ubi
959 5589 1136 5633 tamen
1169 5579 1360 5633 eadem
1386 5581 1580 5634 volunt
1611 5581 1930 5651 significari.

373 5664 462 5720 Sic
500 5669 613 5720 ait:
663 5667 748 5720 Ἑν
780 5671 854 5738 τῷ
889 5670 1096 5740 ἑϐδόμῳ
1127 5672 1234 5724 ἔτει
1288 5675 1381 5742 τῆς
1427 5675 1708 5727 Ἰσυστὶνου
1777 5676 1931 5744 βιττ-

2052 500 2248 562 ΜάῖοᾺ
2305 499 2500 568 ὲννάτῃ
2519 499 2574 550 δὲ
2632 502 2847 569 εἰκοστῇ
2897 502 3060 554 αὐτοῦ
3097 507 3294 578 ἡμέρᾳ.
3331 511 3482 565 Anno
3522 533 3605 568 se-

2045 590 2207 658 ptimo
2232 590 2437 658 imperii
2450 589 2645 642 Justini
2660 631 2674 652 ,
2701 604 2872 644 mense
2893 593 3126 648 decimo:
3153 614 3323 651 mense
3341 602 3376 653 Α
3388 607 3614 658 rtemisio

2041 697 2131 734 seu
2159 679 2319 744 Maio,
2349 681 2431 734 die
2454 682 2567 750 ejus
2608 699 2746 736 nona
2781 693 2829 736 et
2857 687 3118 740 vicesima.
3147 687 3257 742 Cur
3287 691 3332 743 si
3377 710 3606 748 mensem

2045 770 2299 822 decimum
2323 772 2449 823 anni
2472 774 2678 841 septimi
2702 774 2818 828 vult
2851 775 3103 845 intelligi,
3140 781 3602 846 quemadmodum

2044 861 2179 915 diem
2211 863 2509 915 vicesimum
2556 881 2752 918 nonum
2804 866 3058 936 intelligit
3111 873 3299 925 mensis
3339 874 3610 930 Artemisii

2043 969 2133 1006 seu
2162 952 2319 1014 Maii;
2347 968 2464 1012 cur.
2491 957 2732 1024 inquam,
2762 957 3053 1026 utrobique
3072 977 3180 1014 non
3204 963 3450 1032 loquitur
3473 968 3614 1035 pari-

2046 1042 2328 1097 formiter?
2371 1043 2627 1099 Secundo
2676 1047 2796 1100 loco
2824 1049 2966 1103 diem
3001 1052 3205 1105 mensis
3254 1053 3456 1110 indicat
3512 1074 3610 1112 ex-

2046 1149 2229 1202 presse
2253 1151 2351 1203 per
2384 1135 2672 1189 relativum
2701 1139 2884 1202 αὐτθῦ,
2930 1141 3062 1207 ejus.
3107 1158 3214 1196 non
3261 1145 3389 1200 item
3428 1148 3607 1214 prium

2047 1240 2288 1279 mensem
2318 1227 2445 1280 anni
2475 1245 2488 1291 ;
2522 1228 2668 1281 nulla
2699 1229 2789 1283 hic
2818 1231 3024 1284 mentio
3077 1235 3381 1290 relationis.
3428 1238 3610 1292 Voluit

2047 1315 2212 1385 igitur
2242 1332 2352 1369 non
2377 1317 2502 1370 anni
2530 1319 2773 1387 septimi,
2807 1319 2901 1373 sed
2947 1337 3108 1390 supra
3142 1323 3315 1388 illum,
3365 1342 3608 1383 mensem

2046 1405 2322 1461 decimum
2347 1408 2685 1478 significare;
2723 1410 2868 1478 quod
2905 1419 2962 1464 ut
3023 1413 3286 1481 liquidius
3331 1416 3475 1471 foret
3513 1436 3614 1474 nee

2049 1498 2102 1552 in
2131 1515 2378 1553 errorem
2397 1501 2712 1570 quempiam
2773 1502 3036 1572 deinceps
3088 1506 3401 1569 induceret,
3447 1512 3614 1578 parti-

2047 1589 2226 1644 culam
2275 1589 2391 1652 καί,
2436 1599 2505 1653 et,
2555 1607 2869 1660 quanquam
2919 1594 3009 1647 vix
3056 1599 3442 1661 necessariam,
3473 1617 3608 1653 con-

2048 1685 2225 1730 stante
2249 1679 2412 1731 etiam
2446 1679 2562 1733 sine
2586 1679 2673 1733 illa
2695 1696 2857 1734 sensu
2897 1698 3062 1751 quem
3098 1683 3483 1752 indicavimus,
3508 1689 3608 1742 ad-

1978 1762 2014 1815 B
2041 1768 2211 1838 jiccre
2243 1768 2419 1820 visum
2451 1778 2553 1823 est.

2115 1857 2199 1910 18.
2238 1858 2340 1912 Sed
2379 1860 2686 1923 redeamus,
2726 1862 2870 1916 unde
2913 1863 3144 1934 digressi
3177 1880 3387 1921 sumus.
3422 1867 3599 1922 Poste-

2047 1947 2207 2002 rioris
2255 1956 2436 2003 motus
2483 1934 2853 2006 calamitatem
2880 1954 2959 2008 sic
2993 1966 3218 2010 enarrat
3243 1957 3610 2025 Theophanes

2043 2053 2186 2092 anno
2219 2039 2253 2091 2
2304 2039 2624 2106 Iustiniani,
2681 2043 2774 2111 qui
2833 2043 2938 2098 528
2983 2054 3067 2100 est
3097 2061 3219 2102 term
3251 2047 3604 2102 communis:

2046 2127 2244 2183 Ernlem
2296 2148 2434 2183 anno
2489 2135 2679 2186 mensis
2724 2134 3029 2189 Novembris
3055 2137 3138 2190 die
3163 2154 3309 2212 nona
3347 2155 3512 2207 supra
3534 2140 3611 2192 vi-

2043 2213 2310 2276 cesintam,
2341 2215 2470 2268 hora
2524 2216 2628 2269 diei
2681 2220 2860 2279 tertia,
2899 2221 3029 2289 feria
3066 2232 3284 2292 quarta,
3330 2224 3612 2277 indictione

2043 2301 2284 2370 septima,
2323 2303 2530 2356 biennio
2563 2317 2675 2374 post
2708 2309 3032 2376 superiorem
3063 2311 3286 2374 cladem,
3313 2311 3608 2376 Antiochia,

2043 2391 2225 2444 civitas
2261 2409 2473 2462 magna,
2501 2395 2671 2465 plaga:
2699 2397 2898 2451 caelitus
2931 2398 3098 2454 illata:
3128 2401 3381 2454 dantnum
3421 2403 3612 2455 iterum

2042 2495 2198 2548 passa
2264 2492 2356 2534 est.
2393 2482 2582 2552 Ingens
2631 2487 2822 2556 quippe
2873 2497 3028 2542 terra:
3088 2499 3256 2542 motus
3303 2507 3394 2560 per
3426 2493 3610 2544 horam

2043 2587 2202 2624 unam
2232 2573 2908 2644 factus,atquehorrendus
2935 2581 3146 2632 omnino
3169 2583 3394 2648 mugitus
3426 2599 3452 2634 e
3485 2583 3611 2635 coelo

2041 2662 2254 2715 auditus
2308 2673 2430 2718 est:
2463 2667 2640 2718 omnia
2681 2683 2888 2741 quoque
2955 2673 3176 2742 (artiﬁcia
3219 2682 3268 2726 et
3308 2676 3446 2729 muri
3493 2676 3604 2729 solo

2041 2765 2251 2824 a’quata
2301 2766 2423 2810 sunt
2455 2776 2472 2822 ;
2511 2775 2730 2833 qutt‘que
2760 2767 3100 2820 substiterant
3132 2770 3185 2821 in
3239 2771 3406 2837 priori
3454 2780 3612 2824 terra:

2043 2854 2183 2898 motu
2223 2858 2414 2902 veteres
2446 2851 2876 2923 substructiones,
2909 2875 2982 2912 ea:
3023 2877 3162 2914 nunc
3190 2862 3428 2930 funditus
3465 2879 3614 2916 ever-

2039 2953 2109 2989 sa:
2132 2953 2150 2990 :
2189 2940 2410 3012 denith
2429 2946 2680 3014 quidquid
2713 2955 2821 3001 tam
2844 2949 3219 3018 imperatorum
3261 2951 3576 3006 liberalitate
3599 2993 3613 3018 ,

2042 3045 2202 3098 quam
2262 3033 2480 3100 privatis
2530 3037 2720 3089 civium
2784 3040 3075 3107 sumptibus
3122 3042 3238 3095 urbi
3276 3043 3611 3096 conciliatum

2043 3120 2215 3188 fuerat
2249 3123 2452 3177 decoris
2485 3135 2641 3195 atque
2677 3136 2919 3193 ornatus,
2951 3131 3002 3184 id
3031 3139 3138 3183 tum
3167 3148 3319 3186 omne
3348 3133 3603 3202 deiectum

2041 3213 2094 3264 in
2123 3222 2338 3268 terram.
2373 3214 2466 3268 His
2492 3219 2744 3287 perceptis
2788 3220 2970 3274 vicinia
3028 3222 3262 3276 civitates
3307 3225 3359 3276 in
3413 3225 3612 3279 luctum

2042 3315 2090 3358 et
2132 3306 2367 3375 publicas
2389 3308 2800 3378 supplicationes
2833 3313 3007 3382 effusae
3044 3325 3185 3369 sunt.
3218 3314 3299 3368 Ea
3327 3315 3478 3371 clade
3516 3319 3606 3371 ho-

2043 3399 2244 3452 minum
2280 3412 2508 3470 quatuor
2564 3403 2758 3467 millia,
2799 3407 3081 3476 octingenti
3145 3416 3193 3460 et
3271 3411 3606 3480 septuaginta

2042 3489 2261 3555 periere.
2294 3490 2417 3546 llaec
2466 3491 2854 3561 TbeOphanes,
2891 3496 3028 3549 nihil
3069 3497 3217 3551 aliud
3270 3507 3616 3554 memorante

2043 3579 2300 3650 Evagrio,
2349 3598 2512 3651 quam
2541 3582 2734 3652 elapsis
2763 3586 2985 3654 triginta
3026 3588 3308 3652 mensibus,
3338 3589 3461 3643 aliis
3493 3606 3614 3642 rur-

2042 3687 2157 3725 sum
2177 3673 2398 3726 motibus
2427 3673 2604 3726 urbem
2627 3673 3003 3743 labefactatam
3019 3693 3145 3729 esse.
3166 3677 3470 3747 Procopius
3489 3681 3610 3732 uul-

2041 3762 2146 3815 lam
2175 3762 2402 3816 omnino
2427 3763 2592 3832 hujus
2620 3764 2850 3818 secundi
2875 3775 3058 3821 motus
3073 3765 3204 3821 facit
3228 3769 3564 3824 mentionem
3594 3789 3608 3825 :

2041 3853 2107 3907 de
2139 3855 2324 3922 priore
2354 3854 2468 3908 luce
2496 3856 2842 3910 solummodo
2869 3856 3037 3911 refert
3062 3857 3160 3910 lib.
3193 3875 3251 3922 ιι,
3277 3875 3396 3929 cap.
3429 3862 3510 3924 Μ,
3541 3863 3607 3916 de.

2054 3943 2196 3996 bello
2226 3943 2444 3998 Persico
2480 3963 2493 3997 :
2533 3944 2662 3998 Cum
2713 3945 2956 3999 Justinus
2999 3947 3250 4000 Romanis
3301 3950 3604 4019 imperaret.

2041 4045 2148 4089 tota
2183 4038 2410 4090 maximo
2439 4046 2591 4091 terra:
2633 4049 2775 4090 motu
2813 4051 3161 4108 conquassata
3193 4041 3334 4102 urbe,
3374 4043 3602 4110 plurima

2041 4129 2551 4200 prteclarissimaque
2606 4130 2831 4199 rediﬁcia
2901 4133 3067 4186 subito
3109 4123 3416 4187 corruerunt
3469 4153 3486 4190 :
3550 4145 3599 4190 et

2039 4223 2186 4290 fama
2225 4223 2415 4276 obtinet
2452 4225 2708 4278 interiisse
2742 4233 2863 4278 tunc
2892 4226 3141 4295 temporis
3171 4227 3608 4281 Antiochcnorum

2041 4319 2272 4365 trecenta
2299 4312 2490 4366 ntillia.

2119 4404 2203 4457 l9.
2243 4405 2426 4458 Posito
2451 4406 2560 4475 jam
2599 4406 2887 4476 utriusque
2917 4415 3076 4462 terra:
3122 4416 3302 4463 motus
3337 4409 3598 4464 determi-

2048 4505 2176 4550 nato
2203 4505 2470 4565 tempore,
2500 4497 2729 4553 alterius
2758 4514 2902 4553 anno
2927 4498 3334 4556 Justinioctavo
3350 4513 3608 4564 exeunte,

2047 4585 2288 4654 vulgaris
2318 4601 2440 4639 atra:
2465 4586 2587 4646 5'26.
2610 4588 2868 4642 vicesima
2892 4603 3036 4642 nona
3062 4589 3151 4643 die
3191 4591 3313 4644 Maii
3337 4606 3351 4654 ;
3379 4592 3608 4645 alterius

2045 4689 2188 4727 anno
2233 4675 2524 4730 Justiniani
2551 4676 2814 4739 secundo,
2864 4693 2989 4731 tua:
3030 4679 3269 4747 vulgaris
3309 4679 3438 4742 528,
3465 4681 3611 4734 vice-

2045 4765 2183 4820 sima
2231 4783 2372 4821 noua
2432 4768 2520 4823 die
2569 4769 2928 4833 Novembris;
3002 4770 3368 4839 indagandum
3418 4780 3608 4834 restat,

2046 4855 2152 4908 utri
2178 4856 2524 4924 potissimum
2544 4856 2837 4910 conveniat
2859 4867 3042 4910 motus
3065 4857 3174 4920 ille,
3206 4858 3322 4925 qui,
3350 4857 3610 4927 ngeone

2046 4953 2236 4997 nostro
2262 4945 2372 5015 jam
2404 4946 2647 5015 quinque
2684 4961 2858 5000 annos
2888 4954 3035 5008 nato,
3076 4947 3420 5000 Antiochiam
3475 4962 3609 4999 con-

2043 5038 2234 5091 cussit.
2269 5037 2359 5090 Sic
2380 5053 2480 5108 ego
2514 5045 2714 5092 statuo.
2761 5037 2896 5105 Cum
2950 5037 3114 5091 unius
3151 5046 3360 5092 tantum
3427 5049 3612 5092 motus

2043 5129 2266 5183 circiter
2301 5128 2432 5182 illud
2460 5138 2676 5198 tempus
2712 5127 3029 5181 meminerit
3055 5129 3189 5182 Vitae
3220 5143 3434 5192 auctor,
3465 5130 3614 5183 illius

2045 5218 2380 5279 meminisse,
2405 5219 2496 5286 qui
2519 5219 2749 5272 maxime
2771 5220 3076 5281 luctuosus,
3098 5220 3188 5288 qui
3206 5221 3374 5274 variis
3395 5221 3609 5274 eventi-

2043 5309 2146 5363 bus
2169 5309 2598 5371 memorabilior,
2617 5309 2708 5377 qui
2764 5308 2902 5361 fama
2938 5308 3101 5362 latius
3156 5309 3326 5363 didita
3358 5311 3614 5379 pluribus

2043 5409 2205 5453 notus
2227 5398 2347 5452 fuit.
2371 5400 2521 5453 Talia
2555 5400 2701 5454 enim
2737 5399 3028 5452 memorari
3092 5400 3463 5469 scriptoribus
3510 5401 3611 5453 itu-

2043 5492 2232 5560 primis
2247 5491 2757 5559 solent,pr:esertim
2781 5507 2906 5543 eum
2933 5499 3085 5544 certo
3119 5501 3366 5560 tempore
3397 5490 3610 5559 aliquid

2041 5583 2330 5646 evenisse,
2403 5599 2719 5652 cupressum
2785 5582 3060 5651 cupiunt;
3143 5585 3613 5651 praztermiltenti-

2041 5671 2142 5724 bus
2170 5671 2788 5739 obscurioraminas-lue
2839 5672 3076 5739 cognita,
3120 5688 3184 5726 ne
3244 5671 3374 5740 quid
3439 5674 3603 5741 igno-
