4016 6208
407 261 548 325 2075

1689 258 1749 316 S.
1787 255 2081 316 SYMEON
2117 255 2419 314 JUNIOR.

3505 242 3646 304 2076

415 385 530 426 tmn
587 387 685 441 per
735 369 885 424 aliud
930 387 1082 441 aque
1110 371 1354 442 ignotum
1379 382 1468 425 aut
1522 386 1629 424 non
1666 370 1838 423 multo
1884 385 1981 421 no-
2014 373 2056 429 Α
2089 383 2192 436 pus
2225 369 2291 422 ad
2328 383 2418 422 an.
2457 367 2526 422 85
2589 365 2793 421 faciunt
2829 372 3187 418 excrescere:
3226 359 3368 429 quod
3399 360 3493 415 alii
3531 369 3648 429 lost

414 464 544 528 tius,
605 463 921 518 confudisse
960 463 1165 532 potius,
1227 479 1391 532 quam
1436 463 1739 516 illustrasse
1786 461 1979 514 velint.

414 553 620 620 Quidni
658 554 824 623 igitur
864 555 932 609 ad
986 554 1226 624 priorem
1258 562 1414 607 terra:
1435 562 1642 606 motum
1669 552 1981 622 quinquen-

415 661 539 698 nem
592 645 878 717 Symeonis
909 655 1122 701 aetatem
1165 643 1717 710 relcramus?Certe,
1745 639 1988 700 siTheo-

417 740 584 808 phani
647 740 961 802 credimus,
1025 753 1298 808 nunquam
1369 737 1491 790 talis
1550 736 1828 790 calamitas
1865 736 1984 790 aliis

417 830 620 884 smculis
644 831 826 899 quavis
853 830 908 881 in
933 829 1062 881 urbe
1081 824 1315 897 contigit.
1340 826 1480 892 Quid
1505 828 1720 881 tristius
1741 835 1835 880 aut
1866 841 1983 881 me-

419 919 759 981 morabilius,
789 933 950 987 quam
981 918 1247 972 subversa
1280 919 1334 972 in
1366 918 1504 972 urbe
1534 927 1776 972 trecenta
1809 917 1986 970 homi-

418 1027 549 1064 num
583 1011 752 1064 millia
783 1011 1074 1077 occidisse,
1109 1011 1386 1081 publicam
1429 1011 1796 1065 calamitatem
1822 1025 1986 1066 vene-

420 1103 651 1157 randum
688 1103 991 1158 antistitem
1017 1118 1113 1157 sua
1144 1111 1327 1157 morte
1389 1103 1627 1166 auxisse,
1661 1100 1985 1172 augustissi--

420 1211 570 1262 mum
627 1195 1018 1264 imperatorem
1077 1195 1342 1249 inusitato
1411 1195 1769 1263 inauditoque
1819 1193 1984 1247 modo

419 1287 650 1342 luxisse?
673 1286 818 1340 Nihil
847 1285 1006 1339 istius
1028 1286 1178 1340 modi
1201 1285 1256 1338 in
1281 1285 1526 1340 secundo
1548 1293 1698 1338 motu
1720 1284 1985 1339 accidisse

421 1380 648 1448 legitur:
679 1377 788 1430 imo
826 1376 994 1446 hujus
1065 1377 1331 1431 memoria
1383 1378 1526 1445 apud
1570 1387 1845 1442 auctores,
1891 1377 1984 1448 qui

419 1485 646 1538 propius
705 1468 771 1521 ad
818 1467 909 1520 illa
963 1475 1205 1536 tempora
1235 1467 1526 1532 accedunt,
1573 1467 1664 1520 vix
1728 1468 1872 1528 ulla,
1927 1475 1988 1521 ut

421 1559 682 1622 vidimus,
741 1567 938 1622 exstat,
995 1557 1111 1611 solo
1150 1557 1485 1628 Theophane
1523 1557 1808 1628 lngubrius
1868 1573 1986 1612 rem

420 1649 783 1704 describente.

2085 458 2224 514 alios
2249 458 2510 529 deinceps
2530 457 3018 526 transeripserunt.

2224 595 2252 666 §
2281 595 2368 649 ιγ.
2395 593 2471 647 De
2501 592 2710 663 scriptis
2743 593 2918 646 sancti
2955 588 3229 661 Symeonis
3260 587 3513 642 Junioris.

2154 729 2269 782 Leo
2298 725 2550 792 Allatius,
2579 725 2647 779 de
2681 723 3046 794 Symeonibus
3069 722 3276 791 optime
3316 722 3564 785 meritus,
3594 723 3645 777 in

2085 818 2326 873 Diatrilm
2374 817 2436 869 de
2479 833 2659 869 eorum
2711 815 2956 883 scriptis,
2993 813 3158 883 hujus
3206 826 3425 881 quoque
3481 812 3643 866 nos‘ri

2087 911 2336 980 quadam
2385 918 2678 963 recenset:
2714 922 2949 977 quorum
2998 920 3124 958 cum
3173 904 3323 958 nulla
3368 906 3570 960 mentio
3598 905 3649 959 in

2085 1002 2208 1057 Vita
2241 1001 2507 1056 habeatur
2538 998 2772 1068 uspiam,
2795 995 3004 1066 juverit
3037 994 3130 1050 hic
3154 995 3246 1050 illa
3275 1010 3342 1050 ex
3368 993 3516 1049 dicto
3558 1009 3652 1048 au-

2089 1098 2264 1152 ctore,
2301 1102 2410 1140 non
2453 1085 2711 1140 omnibus
2753 1085 2937 1149 obvio,
2963 1083 3352 1149 adnumerare,
3405 1094 3653 1153 tanquam

2088 1179 2304 1248 egregia
2329 1177 2432 1232 viri
2464 1189 2520 1232 et
2552 1174 2899 1230 auctoritatis
2931 1175 3076 1244 apud
3110 1175 3388 1245 principes
3408 1215 3423 1238 ,
3454 1185 3510 1226 et
3559 1175 3655 1227 zeli

2088 1286 2189 1340 pro
2231 1269 2495 1333 Ecclesia,
2537 1277 2592 1322 et
2612 1267 2830 1337 pietatis
2857 1279 2986 1337 erga
3015 1265 3240 1320 C(nlites
3286 1278 3656 1320 monumenta.

2090 1360 2333 1414 Primum
2365 1359 2530 1428 igitur
2560 1358 2846 1427 scripsisse
2869 1356 2937 1411 de
2972 1356 3326 1426 imaginibus,
3354 1367 3565 1411 constat
3597 1373 3659 1410 ex

2089 1451 2302 1506 Joanne
2334 1451 2690 1514 Damasceno,
2716 1449 2810 1519 qui
2840 1458 2980 1504 orat.
3005 1450 3039 1504 5
3065 1449 3133 1502 de
3166 1449 3506 1518 imaginibus
3541 1465 3659 1518 par-

2091 1551 2200 1596 tem
2234 1542 2360 1596 inde
2394 1541 2608 1606 recitat,
2637 1555 2762 1594 cum
2795 1541 2903 1595 hoc
2933 1540 3143 1594 indicio
3187 1539 3454 1604 auctoris,
3488 1540 3662 1610 Magni

2095 1633 2388 1704 Symeonis,
2423 1632 2724 1686 admirandi
2745 1632 2955 1695 montis,
2981 1632 3043 1684 de
3079 1631 3428 1701 Imaginibus.
3461 1631 3662 1686 Secun-

488 1741 579 1796 ιὶο⁸
617 1741 690 1794 Ex
716 1740 911 1794 eodem
959 1747 1142 1794 tamen
1194 1749 1422 1796 auctore
1469 1741 1603 1795 illud
1663 1743 1832 1797 etiam
1890 1757 1990 1796 ηο,
2023 1711 2066 1766 Β
2095 1723 2166 1777 do
2215 1724 2414 1794 stylum
2441 1732 2632 1777 contra
2665 1721 2953 1776 haereticos
2990 1721 3226 1786 acuisse,
3259 1722 3478 1775 eruitur
3513 1738 3540 1775 c
3575 1721 3661 1774 Εἱ-

424 1843 568 1886 tasse
625 1831 852 1901 juverit,
897 1830 1044 1899 quod
1080 1830 1147 1883 de
1196 1831 1378 1899 priore
1431 1839 1582 1884 motu
1643 1847 1829 1902 agens,
1896 1848 1990 1902 per

421 1939 622 1977 annum
660 1938 862 1986 unum;
897 1920 964 1975 de
996 1921 1257 1984 secundo,
1291 1936 1390 1990 per
1447 1938 1611 1975 unam
1646 1921 1990 1976 solummodo

423 2015 628 2076 horam,
653 2012 799 2066 dicat
827 2012 1090 2066 tenuisse.
1143 2011 1300 2078 Quod
1350 2015 1392 2066 si
1423 2013 1604 2066 minus
1651 2014 1845 2076 solide,
1880 2030 1989 2068 non

422 2102 849 2173 sutiragantibus
903 2103 1025 2157 aliis
1088 2103 1452 2168 auctoribus,
1509 2103 1727 2173 probari
1783 2104 1987 2173 possit;

421 2194 889 2255 obtinebitcerte,
916 2193 1154 2262 priorem
1213 2194 1453 2264 longiori
1508 2193 1684 2264 spatio
1736 2194 1985 2261 durasse,

424 2285 782 2356 posteriorem
808 2284 1070 2339 breviori.
1102 2285 1280 2340 Motus
1309 2294 1518 2351 autem,
1553 2286 1619 2340 de
1641 2303 1750 2355 quo
1780 2286 1833 2340 in
1867 2285 1990 2340 Vita

422 2380 625 2450 agitur,
652 2380 802 2434 hora:
839 2379 1002 2432 unius
1039 2377 1328 2431 intervallo
1367 2377 1578 2430 absolvi
1621 2393 1728 2430 non
1783 2377 1984 2445 potuit,

423 2484 548 2522 cum
572 2468 798 2538 Symeon
835 2470 892 2523 in
919 2468 1125 2538 templo
1148 2468 1600 2538 Protoohiartyris
1635 2467 1870 2522 orationi
1893 2485 1988 2522 va-

424 2559 782 2628 caritprimo,
816 2568 1005 2628 postea
1031 2558 1349 2613 labentibus
1373 2559 1576 2627 passim
1613 2557 1826 2612 milibus
1861 2558 1990 2613 inde

426 2671 485 2710 se
514 2653 870 2722 proripuerit,
902 2651 1122 2706 tandem
1151 2667 1408 2721 egressus
1439 2651 1572 2705 urbe
1597 2652 1803 2706 circum
1835 2666 1992 2706 erra-

423 2744 584 2807 verit,
620 2759 944 2798 reversurus
999 2743 1188 2813 utique
1225 2742 1269 2796 si
1330 2751 1514 2796 motus
1561 2741 1990 2808 cessasset;sed

420 2850 488 2890 eo
513 2843 924 2906 perseverante,
964 2833 1202 2904 denique
1239 2834 1497 2888 inventus
1540 2832 1708 2887 fuerit
1766 2849 1796 2888 a
1859 2843 1990 2889 nota

421 2925 651 2980 muliere
677 2925 1055 2994 abductusque
1093 2923 1148 2977 in
1169 2931 1433 2987 montem,
1457 2921 1578 2976 urbi
1604 2920 1897 2976 admodum
1917 2922 1992 2976 vi-

421 3015 630 3078 cinum,
671 3029 736 3070 ac
761 3014 968 3070 ibidem
993 3013 1112 3067 dies
1139 3022 1347 3081 septem
1376 3013 1803 3082 perstiterit.At,
1833 3021 1986 3082 puto,
2017 3040 2061 3100 ο

423 3105 467 3157 si
499 3106 654 3175 prius
722 3104 846 3159 linis
888 3112 1136 3157 motuum
1182 3102 1397 3167 fuisset,
1435 3102 1588 3170 illum
1638 3112 1734 3157 aut
1776 3119 1876 3172 per
1929 3117 1988 3157 se

431 3195 792 3264 repetiturum
819 3203 1110 3262 paternam
1142 3193 1389 3258 domum,
1414 3203 1508 3247 aut
1545 3210 1642 3262 per
1699 3195 1988 3248 mulierem

424 3284 604 3349 matri,
642 3285 981 3338 desiderium
1009 3286 1106 3338 lilii
1139 3285 1245 3339 hoc
1285 3285 1586 3354 prmsertim
1621 3293 1763 3338 statu
1805 3299 1988 3338 rerum

423 3374 709 3444 :cgerrime
740 3374 962 3438 ferenti,
988 3375 1391 3430 restituendum
1427 3375 1616 3430 fuisse.
1667 3375 1747 3430 Sit
1803 3377 1989 3446 itaque

425 3465 516 3518 hic
542 3480 720 3518 annus
745 3464 1019 3533 Symeonis
1075 3466 1320 3535 quintus,
1370 3481 1492 3520 terte
1555 3465 1762 3535 vulgari
1823 3467 1988 3536 quin-

421 3555 770 3624 quagesimus
817 3554 1112 3608 vicesimus
1135 3563 1320 3610 sextus
1360 3573 1372 3608 :
1407 3564 1462 3609 et
1501 3555 1849 3609 manifestum
1883 3553 1991 3608 erit

421 3647 763 3701 nativitatem
793 3647 913 3716 ejus
950 3647 1004 3700 in
1031 3661 1233 3700 annum
1262 3646 1386 3711 59.1,
1413 3655 1646 3700 mortem
1687 3662 1841 3712 vero,
1863 3661 1988 3701 cum

421 3753 566 3790 anno
587 3738 765 3791 :etatis
797 3739 862 3791 75
893 3737 1114 3803 obierit,
1143 3739 1197 3792 in
1222 3739 1325 3793 596
1355 3737 1636 3792 incidisse.

490 3830 579 3881 2|.
619 3831 762 3883 Vixit
799 3830 966 3900 igitur
997 3830 1100 3883 sub
1153 3831 1398 3899 quinque
1435 3829 1711 3883 continuis
1750 3829 1990 3898 impera-

425 3920 654 3980 toribus,
680 3919 896 3974 Justino
921 3921 1474 3985 vetere,.|ustiniano,
1493 3920 1710 3974 Justino
1739 3919 1985 3983 Juniore,

424 4011 646 4065 'liberio
673 4010 738 4073 ll,
799 4021 854 4064 et
902 4009 1139 4080 denique
1179 4011 1282 4065 sub
1313 4010 1602 4074 Mauritio;
1641 4008 1801 4077 primi
1845 4024 1989 4061 anno

428 4101 461 4154 ιι
497 4110 678 4162 natus,
709 4096 1031 4168 posterioris
1060 4101 1274 4154 decimo
1295 4101 1489 4170 quinto
1521 4100 1774 4165 donatus,
1794 4108 1987 4168 quarta

422 4202 479 4245 et
507 4193 762 4246 vicesima
785 4191 873 4244 die
898 4192 1102 4246 mensis
1154 4193 1300 4246 Maii.
1339 4193 1544 4245 l‘lorum
1575 4202 1756 4246 autem
1801 4192 1989 4245 termi-

425 4299 620 4336 norum
681 4283 1032 4335 intervallum
1069 4299 1244 4336 annos
1301 4283 1370 4335 75
1417 4281 1820 4352 complectitur,
1850 4297 1988 4353 quos

2095 1814 2350 1869 bliotheca
2399 1814 2578 1869 Photii
2618 1812 2755 1868 Cod.
2778 1813 2906 1878 251,
2940 1813 3034 1866 ubi
3060 1821 3284 1868 sanctus
3317 1812 3662 1882 Sophronius

2093 1905 2406 1976 patriarcha
2437 1903 2966 1975 llicrosolymitanus
2995 1903 3050 1957 in
3091 1903 3322 1975 epistola
3367 1902 3658 1974 Synodiea,

2093 1994 2338 2048 Honorio
2369 1995 2615 2048 Romano
2641 1994 2798 2063 Papa:
2829 1993 2960 2063 (non
2988 1993 3325 2062 imperatori,
3378 2000 3443 2046 ut
3475 2008 3664 2062 perpe-

2094 2101 2208 2139 ram
2243 2086 2517 2156 interpres
2554 2086 2731 2154 ponit,
2768 2094 2954 2154 utpote
2985 2085 3145 2139 annis
3178 2093 3305 2138 ante
3331 2084 3587 2138 ducentis
3612 2095 3664 2139 (ι

2092 2174 2326 2246 amplius
2355 2176 2466 2230 vita
2497 2174 2730 2244 functo),
2763 2176 2949 2240 missa,
2979 2175 3241 2246 colligens
3261 2175 3487 2230 Patrum
3519 2179 3665 2230 testi-

2091 2269 2274 2321 monia
2292 2309 2306 2333 ,
2338 2267 2404 2321 ad
2426 2266 2894 2337 comprobandum
2923 2266 3196 2336 duplicem
3217 2267 3269 2320 in
3292 2266 3516 2322 Christo
3539 2283 3664 2336 ope-

2093 2359 2383 2423 rationem,
2426 2359 2588 2430 hujus
2629 2373 2849 2430 quoque
2894 2357 3066 2414 nostri
3099 2357 3410 2429 Symeonis,
3438 2369 3500 2414 ut
3521 2360 3664 2414 vide—

2092 2457 2216 2512 tur,
2247 2449 2500 2504 meminit
2535 2465 2659 2505 cum
2691 2449 2871 2504 laude.
2904 2448 2995 2505 Sic
3021 2449 3213 2506 scribit
3240 2451 3362 2505 loco
3390 2452 3664 2522 assignato

2093 2541 2322 2595 Photius
2357 2560 2370 2596 :
2407 2541 2586 2595 Etiam
2631 2539 2931 2612 Symonius,
2965 2544 3248 2596 monachus
3286 2550 3334 2595 et
3379 2542 3661 2612 presbyter.

2094 2632 2466 2687 Testimonium
2518 2650 2660 2696 vero,
2685 2634 2823 2704 quod
2881 2643 3124 2688 sanctum
3159 2635 3390 2705 agnoscit
3453 2635 3664 2706 Symeo-

2092 2740 2217 2779 nem
2249 2734 2552 2790 auctorem,
2583 2742 2646 2780 ea;
2685 2725 2904 2798 epistola
2936 2726 3156 2798 ejus,ad
3179 2725 3541 2788 Iustinianum
3567 2727 3664 2779 im-

2093 2824 2390 2885 peratorem
2448 2817 2598 2882 data,
2638 2834 2754 2889 quae
2813 2820 2973 2871 etiam
3023 2826 3205 2871 contra
3248 2818 3592 2874 Nestorianos
3617 2830 3663 2874 et

2092 2905 2448 2976 Eutychianos
2479 2907 2838 2978 digladiatur,
2879 2907 3240 2977 depromptum
3268 2915 3362 2961 est.
3400 2908 3521 2978 Ipse
3553 2924 3666 2962 vero

2091 2995 2448 3063 Justinianus,
2490 2999 2605 3068 pius
2643 2999 2949 3068 imperator,
3003 2997 3054 3049 in
3103 2999 3164 3050 iis
3194 3013 3309 3068 qua:
3351 2998 3423 3052 ad
3466 2997 3665 3053 Zoilum

2093 3088 2450 3156 patriarcliam
2485 3087 2901 3141 Alexandrinum
2950 3087 3175 3156 scripsit,
3212 3089 3348 3142 harae
3391 3087 3663 3158 epistolam

2092 3177 2393 3230 thesaurum
2423 3178 2729 3230 nominavit.

2160 3265 2250 3319 25.
2277 3263 2469 3320 Tertio
2522 3266 2788 3320 recitatur
2821 3267 3068 3337 ejusdem
3107 3267 3339 3338 epistola
3359 3266 3574 3336 quinta,
3597 3264 3660 3319 ad

2092 3355 2369 3411 Iustinum
2398 3356 2683 3411 Juniorem
2715 3367 2810 3412 aut
2859 3360 3044 3428 potius
3082 3359 3456 3414 Justinianum
3496 3349 3663 3426 impe-

2093 3455 2355 3512 ratorem,
2415 3447 2470 3500 in
2496 3447 2718 3517 Synodo
2755 3449 2996 3518 generali
3028 3465 3126 3512 vn,
3157 3463 3324 3519 agens
3361 3456 3555 3501 contra
3586 3448 3663 3500 in-

2091 3539 2377 3594 solentiam
2413 3538 2806 3595 Samaritarum
2835 3558 2850 3606 ;
2910 3558 3072 3612 quam
3105 3542 3132 3612 §
3166 3556 3284 3611 seq.
3331 3539 3661 3608 descriptam

2091 3627 2367 3683 dabimus.
2404 3628 2668 3694 Quamvis
2695 3639 2877 3684 autem
2918 3631 3045 3685 istic
3077 3630 3294 3684 dicatur
3315 3629 3534 3683 Justino
3575 3627 3664 3681 Ju-

2091 3718 2236 3772 niori
2295 3718 2575 3788 inscripta,
2637 3720 2866 3774 inclinat
2922 3731 3102 3776 tamen
3145 3721 3364 3774 animus
3421 3735 3532 3772 non
3576 3733 3664 3789 pa-

2091 3824 2213 3862 rum
2245 3809 2319 3871 ei,
2357 3819 2417 3864 ut
2450 3819 2663 3878 putem,
2692 3811 2759 3864 ad
2790 3811 3158 3866 Justinianum
3212 3811 3396 3881 potius
3417 3851 3432 3873 ,
3467 3810 3660 3864 Justiui

2093 3899 2246 3953 illius
2274 3901 2620 3956 decessorem
2643 3943 2658 3968 ,
2700 3901 2884 3956 datam
2914 3917 3035 3957 esse
3070 3920 3082 3955 :
3117 3913 3230 3956 tum
3265 3902 3410 3973 quod
3451 3902 3552 3956 sub
3577 3901 3662 3956 Ju-

2092 3989 2330 4044 stiniano
2355 3991 2747 4045 Samaritarum
2783 3991 3010 4044 audacia
3041 3991 3166 4060 plus
3207 3991 3370 4044 solito
3423 3991 3662 4044 invalue—

2093 4081 2186 4143 rit,
2220 4081 2308 4133 vix
2343 4082 2560 4152 cognita
2590 4083 2692 4136 sub
2715 4083 2935 4138 Justino
2957 4084 3202 4148 aliunde,
3233 4100 3397 4153 quam
3437 4100 3504 4137 ex
3544 4085 3660 4145 hac,

2091 4169 2160 4224 de
2191 4186 2298 4240 qua
2327 4172 2680 4242 ambigimus,
2717 4171 3005 4243 Symeonis
3040 4173 3296 4242 epistola,
3328 4173 3483 4226 velut
3511 4188 3538 4224 a
3573 4188 3664 4240 po-

2093 4261 2334 4326 steriori,
2374 4263 2758 4332 utloquuntur
2805 4265 2860 4318 in
2914 4263 3166 4318 Scholis:
3201 4274 3313 4318 tum
3353 4264 3502 4333 quod
3552 4263 3664 4331 epi-

425 4372 497 4425 ita
543 4371 851 4442 Symeonem
886 4373 1196 4442 implevisse
1243 4389 1310 4427 ex
1335 4374 1461 4428 Vita
1517 4385 1750 4428 constat.
1803 4376 1988 4429 Annos

2096 4356 2234 4409 stola
2268 4355 2447 4410 Caroli
2477 4356 2675 4426 Magni,
2707 4373 2774 4411 ex
2805 4357 3109 4425 Capitulari
3137 4357 3204 4410 de
3231 4373 3338 4410 non
3370 4357 3666 4410 aderandis

422 4466 667 4534 quinque
713 4467 892 4535 exegit
925 4466 978 4518 in
1049 4475 1274 4534 paterna
1311 4465 1475 4520 domo
1528 4483 1700 4536 usque
1733 4467 1799 4521 ad
1830 4477 1989 4522 terra:

428 4566 634 4608 nmtum
662 4572 676 4620 ;
726 4556 854 4609 hinc
884 4571 1024 4608 unus
1051 4557 1271 4624 elapsus
1305 4556 1471 4610 fuerit
1497 4558 1548 4610 in
1574 4567 1758 4611 monte
1782 4573 1843 4611 ac
1871 4557 1988 4628 pri-

423 4647 528 4699 mis
553 4647 677 4700 vita:
703 4649 1024 4702 monastica:
1075 4646 1424 4711 rudimentis,
1453 4649 1772 4718 priusquam
1798 4648 1852 4702 in
1891 4664 1988 4701 eo-

423 4737 665 4792 lumuam
686 4738 1093 4792 admitteretur.
1123 4739 1180 4792 In
1212 4739 1312 4794 hac
1355 4739 1661 4803 humiliori,
1694 4747 1751 4793 et
1804 4738 1989 4808 pelius

424 4825 540 4879 basi
569 4841 732 4894 quam
765 4826 1041 4888 columna,
1069 4827 1172 4880 sub
1199 4828 1374 4882 oculis
1423 4827 1650 4882 Joannis
1694 4827 1900 4890 anniti,
1933 4827 1986 4879 in

423 4917 685 4979 secunda,
739 4916 904 4985 pedes
932 4918 998 4970 40
1027 4917 1327 4981 eminente,
1374 4919 1406 4972 8
1449 4919 1730 4972 transacti.
1787 4917 1988 4984 Sicque

423 5007 494 5060 :20
527 5017 648 5061 erat
675 5022 968 5072 annorum,
1002 5018 1062 5062 ut
1087 5009 1340 5063 meminit
1393 5024 1649 5078 expresse
1679 5009 1799 5063 Vita
1832 5023 1985 5061 num.

434 5097 523 5161 '39.,
553 5114 677 5151 cum
727 5097 852 5152 inde
873 5099 1124 5168 migravit
1160 5099 1214 5152 in
1247 5099 1484 5154 Montem
1519 5100 1859 5154 Mirabilem:
1892 5097 1985 5152 ubi

435 5190 704 5258 reliquum
739 5189 864 5244 vitae
898 5200 1110 5260 tempus
1134 5191 1572 5257 conlecit,annis
1631 5193 1695 5246 10
1727 5191 1783 5245 in
1833 5200 1982 5260 petra

423 5279 526 5331 sub
561 5279 676 5344 dio,
702 5280 770 5333 45
805 5297 978 5350 usque
1006 5281 1070 5334 ad
1100 5282 1310 5336 obitum
1349 5282 1403 5336 in
1438 5284 1691 5337 columna
1713 5292 1983 5350 perstans.

423 5367 796 5422 Consentium
855 5371 940 5425 his
991 5370 1215 5435 Mcnaea,
1272 5380 1329 5426 et
1385 5372 1702 5442 Synaxaria,
1742 5389 1909 5426 unum
1941 5373 1986 5425 si

426 5457 605 5512 locum
634 5461 900 5530 excipias,
942 5461 1032 5514 ubi
1071 5463 1236 5517 stanti
1272 5463 1326 5516 in
1377 5464 1630 5517 columna
1665 5463 1734 5517 40
1787 5463 1984 5532 pedum

420 5567 594 5604 annos
631 5552 693 5606 l8
733 5553 880 5620 pr08
910 5551 1178 5617 tribuunt,
1211 5553 1379 5616 facili,
1439 5562 1497 5607 ut
1531 5553 1704 5617 vides,
1745 5569 1935 5606 errore
1972 5571 1981 5603 :

423 5640 509 5694 cui
538 5649 942 5709 consequenter
975 5642 1306 5698 inhzerentes
1337 5644 1655 5698 universum
1693 5643 1816 5698 vitzc
1849 5651 1986 5696 tern-

2093 4444 2423 4516 imaginibus
2446 4447 2482 4500 l.
2510 4462 2581 4508 Iv,
2605 4462 2654 4501 c.
2686 4447 2739 4510 5,
2765 4447 2832 4500 ab
2855 4447 3057 4500 Allatio
3092 4447 3145 4500 in
3174 4447 3518 4500 Dintribaltic
3546 4463 3663 4515 [To-

2091 4537 2254 4593 ducta
2283 4554 2295 4602 ;
2330 4547 2386 4591 et
2417 4539 2521 4613 alia
2551 4539 2810 4592 Hadriani
2839 4539 2859 4592 1
2888 4554 3039 4608 papze
3087 4539 3153 4592 ad
3202 4539 3456 4592 eumdem
3504 4539 3662 4592 Caro-

2092 4629 2206 4682 lum
2240 4646 2339 4699 pro
2371 4631 2578 4700 synodo
2604 4630 2820 4695 Nic;ena
2851 4646 2888 4683 ιι
2919 4630 2972 4683 in
3006 4629 3247 4683 editione
3291 4629 3658 4684 Conciliorum

2092 4721 2398 4776 Labbaeana
2450 4722 2609 4776 dicta:
2654 4722 2865 4792 synodo
2913 4721 3205 4792 subjuncta
3240 4722 3506 4790 (utraque
3555 4734 3657 4772 non

2090 4815 2254 4886 longo
2283 4825 2405 4884 post
2460 4825 2703 4884 tempore
2739 4814 2962 4884 scripta)
2993 4815 3308 4883 exprimant
3337 4828 3536 4865 nomen
3563 4810 3654 4863 ,1η-

2090 4909 2348 4972 stiniani,
2413 4922 2522 4959 non
2580 4906 2822 4960 Justini:
2887 4915 3000 4958 tum
3060 4905 3303 4974 denique
3359 4906 3526 4960 etiam
3577 4902 3653 4956 vel

2092 4999 2349 5065 maxime,
2405 4997 2553 5067 quod
2607 4997 2791 5052 statim
2845 4997 2901 5050 in
2943 4996 3220 5066 principio
3274 4995 3530 5066 Epistolas
3580 4993 3657 5047 di-

2091 5101 2287 5146 cantur
2334 5091 2620 5145 Samaritaz
2677 5089 2731 5142 in
2783 5098 3026 5142 sanctum
3069 5088 3343 5159 templum.
3383 5088 3531 5157 quod
3564 5087 3656 5138 im-

2091 5192 2312 5252 perator
2353 5179 2677 5235 struendum
2733 5187 3046 5244 curaverat,
3099 5194 3197 5249 per
3237 5194 3512 5234 summum
3542 5192 3653 5232 see-

2089 5273 2177 5326 lus
2205 5282 2370 5342 atque
2410 5271 2746 5341 impietatem
2792 5272 3052 5326 satviisse.
3079 5273 3353 5327 Incertqu
3383 5282 3563 5327 manet.
3594 5287 3653 5326 ex

2089 5367 2344 5436 epistola,
2380 5373 2505 5419 uter
2530 5363 2809 5418 curaverit
2837 5380 2852 5427 ;
2896 5378 3006 5415 non
3039 5373 3308 5416 manetex
3349 5363 3654 5432 conjectura

2091 5457 2382 5527 probabili.
2419 5457 2555 5511 Cum
2589 5456 2736 5509 enim
2775 5454 2904 5508 totis
2944 5470 3035 5508 sex
3063 5453 3218 5508 libris
3249 5455 3564 5522 complexus
3591 5451 3655 5500 sit

2091 5548 2393 5616 Procopius
2424 5546 2866 5600 substructiones
2895 5556 3058 5614 atque
3086 5545 3316 5600 aedilicia
3345 5545 3521 5600 omnis
3562 5558 3650 5612 gi:-

2091 5643 2240 5696 neris
2271 5640 2381 5696 fere
2420 5641 2725 5701 innumera.
2757 5638 2808 5693 ul
2834 5639 2959 5708 ique
2991 5650 3256 5694 terrarum
3294 5659 3320 5693 ιι
3352 5639 3648 5694 Justiniam
