4016 6208
403 261 504 322 207
509 259 543 322 7

1530 253 2124 316 COMMENTARIUS
2161 253 2526 313 PIL-EVIUS.

3498 259 3640 320 2978

403 372 657 432 excitata,
696 368 947 438 interque
975 382 1039 422 ea
1072 376 1398 422 numeretur
1434 365 1695 435 templum
1727 364 1971 432 Deiparte
2002 369 2042 423 Α
2076 362 2232 425 beas,
2289 363 2434 418 inter
2462 363 2567 417 alia
2607 363 2724 418 haec
2766 364 2978 434 profert
3018 381 3086 421 ex
3126 367 3474 437 Epiphanio:
3512 368 3639 434 Qui-

404 461 644 533 Virginis
678 461 1064 532 Porphyreone
1094 477 1108 524 ;
1137 460 1283 514 circa
1327 473 1492 527 quam
1531 457 1807 511 civitatem
1839 467 1973 510 tem-

404 562 586 625 pestas
625 553 900 623 prtecipue
935 551 1211 606 indicatur
1242 550 1555 605 desreviisse
1582 593 1596 616 ,
1621 548 1820 604 Justini
1844 561 1973 602 vero

404 645 635 716 paucula
655 645 904 714 quaedam
933 651 1288 697 monumenta
1313 641 1382 696 ab
1415 641 1739 695 auctoribus
1761 655 1973 694 memo-

407 746 639 802 rentur;
673 735 828 789 facile
863 734 1049 805 quivis
1083 732 1427 804 dijudicabit,
1467 731 1574 785 utri
1602 730 1974 786 verosimilius

407 843 471 883 ac
501 827 708 882 certius
731 825 850 880 haec
886 824 1118 895 epistola
1148 824 1411 893 inscripta
1447 821 1634 877 fuerit.

474 917 564 971 24.
603 916 832 986 Reliqua
867 916 1114 985 ejusdem
1166 915 1366 984 scripta
1416 919 1703 968 enumerat
1742 907 1975 967 Allatius

410 1013 514 1065 hor.
543 1007 705 1064 modo
739 1026 751 1064 :
779 1012 830 1064 4.
865 1009 1115 1079 Ejusdem
1138 1009 1422 1078 Τροπάρεα
1458 1011 1536 1070 εἰς
1561 1009 1650 1060 τὸν
1675 1008 1832 1074 ἆγιον
1883 1024 1976 1076 με·

408 1100 794 1172 γαλομᾶρτυρα
856 1101 1168 1171 Δημήτριον
1217 1101 1274 1151 ὲν
1300 1098 1375 1160 τῷ
1404 1099 1576 1168 Στῖχῳ
1601 1116 1613 1129 ·
1647 1098 1897 1168 Troparia
1921 1099 1976 1151 in

406 1203 643 1245 sanctum
681 1210 927 1263 magnum
979 1200 1265 1262 martyrem
1323 1191 1641 1244 Demetrium
1678 1192 1729 1243 in
1777 1188 1973 1253 Sticho,

409 1285 478 1337 26
508 1283 763 1338 Octobris.
824 1283 876 1337 5.
919 1281 1173 1352 Ejusdem
1213 1281 1362 1351 Εὐχή
1404 1281 1539 1350 πρὸς
1569 1280 1660 1332 τον
1683 1279 1830 1342 Υἱδιν,
1872 1279 1978 1349 ἰδίᾳ

410 1377 547 1444 πρὸς
611 1376 738 1438 τοὺς
794 1373 1260 1444 παρενοχλοῦντας
1307 1371 1620 1440 λογισμούςο
1673 1369 1861 1425 Oratio
1908 1369 1974 1423 ad

413 1465 626 1530 Filium,
669 1463 1073 1534 particulariter
1137 1462 1206 1516 ad
1259 1459 1586 1531 repellendas
1639 1457 1975 1512 obturbantes

412 1556 768 1628 cogitationes.
817 1553 1159 1622 Principium
1209 1561 1335 1606 est:
1372 1551 1617 1602 Δέσποτα
1643 1549 1814 1616 Κύριε
1867 1549 1976 1616 ’1η-

415 1647 508 1697 σοῦ
547 1645 769 1717 Χριστὲ,
799 1645 936 1712 Λὸγε
959 1643 1052 1696 τοῦ
1095 1643 1230 1695 Θεοῦ
1271 1640 1526 1703 ἀθάνατε,
1585 1640 1612 1691 ὁ
1662 1639 1770 1690 τῶν
1823 1637 1976 1707 μεγί-

417 1751 556 1790 στων
575 1734 799 1786 τουτωνὶ
830 1733 1042 1800 φύσεων
1071 1731 1318 1801 τεχνέτης
1345 1729 1436 1782 καὶ
1464 1728 1802 1798 κυϐερνήτης
1851 1727 1981 1780 Erat
2010 1706 2052 1759 Β

415 1840 476 1877 ea
499 1825 549 1876 in
567 1823 809 1878 Palatina
837 1831 894 1876 et
920 1839 1091 1892 penes
1130 1822 1407 1877 Allatium.
1443 1819 1494 1872 6.
1529 1818 1778 1888 Ejusdem
1812 1815 1977 1884 Εὑχὴ,

416 1916 680 1985 λεγομένη
717 1914 853 1984 μετὰ
879 1913 1132 1983 δακρύων
1161 1915 1238 1974 εἰς
1271 1913 1370 1983 ,τον
1422 1909 1626 1980 Κύριον
1681 1909 1835 1978 ἡμῶν
1878 1909 1982 1976 Ἰη-

419 2006 544 2058 σοῦν
595 2006 852 2076 Χριστὸν,
893 2007 1022 2058 ὅταν
1078 2004 1402 2075 ἐπέρχονται.
1439 2004 1487 2054 οἱ
1540 2000 1791 2070 λογισμοὶ
1845 2017 1982 2070 πορ-

419 2096 585 2157 νείας·
622 2095 804 2150 Oratio
849 2093 1122 2148 recitando
1173 2109 1290 2146 cum
1331 2092 1576 2162 lacrgmis
1607 2091 1676 2144 ad
1699 2090 1984 2147 Dominum

422 2197 654 2240 nostrum
679 2186 859 2240 Iesum
897 2185 1180 2251 Christum,
1218 2201 1335 2238 cum
1378 2184 1660 2254 insurgunt
1715 2183 1986 2254 cogitatio-

423 2295 514 2331 nes
537 2277 1021 2347 fornicationis.Est
1059 2276 1392 2346 principium
1424 2291 1439 2329 :
1465 2275 1638 2344 Κύριε
1664 2274 1987 2346 ’ῙησοῦΧριο

424 2370 536 2433 ore,
566 2370 704 2436 Δότε
733 2369 826 2424 τοῦ
847 2367 1003 2433 Θεοῦ,
1024 2368 1160 2435 Λόγε
1173 2367 1429 2426 ἀθάνατε,
1455 2368 1483 2419 ὁ
1512 2365 1586 2438 μὴ
1610 2365 1985 2438 καταισχύνων

421 2464 547 2522 τοὺς
606 2461 698 2512 ἐπὶ
761 2462 840 2511 eo".
883 2457 1232 2519 πεποιθότας.
1267 2459 1324 2512 In
1354 2457 1635 2522 Vaticana,
1679 2459 1792 2513 Cod
1861 2460 1983 2514 798.

425 2549 477 2603 8.
499 2547 765 2617 Ejusdem.
803 2549 946 2618 Εὐχή
976 2548 1076 2616 τῆς
1141 2549 1446 2618 ὑπεραγίας
1471 2549 1733 2600 Θεοτόκου
1779 2551 1857 2611 εἰς
1896 2566 1987 2601 πο-

425 2640 620 2710 νηροὺς
645 2637 960 2710 λογισμούς
995 2640 1178 2695 Oratio
1208 2642 1263 2694 in
1287 2641 1675 2696 sanctissimam
1701 2638 1990 2710 Deiparam

425 2747 522 2802 pro
594 2733 770 2799 pravis
839 2732 1260 2802 cogitationibus.
1318 2731 1697 2800 Principium:
1744 2730 1992 2800 ῐιαναγῑα

427 2805 656 2876 Θεοέόκε
701 2823 998 2887 ἀποδίωξον
1064 2824 1188 2884 τοῦς
1221 2823 1490 2893 πονηροὺς
1527 2824 1620 2876 καὶ
1651 2822 1993 2894 ἀκαθάρτους

425 2915 741 2983 λογισμούς.
784 2913 1008 2968 Ibidem.
1041 2915 1247 2969 Praeter
1267 2915 1404 2980 haec,
1442 2914 1511 2968 ab
1545 2914 1744 2970 Allatio
1780 2914 1993 2970 indica-

429 3018 502 3073 ta,
522 3016 698 3062 exstat
715 3021 933 3076 quoque
947 3005 1188 3077 Epistola
1207 3006 1327 3076 ejus
1355 3006 1408 3060 ir.
1434 3005 1554 3062 Vita
1572 3005 1742 3060 beatae
1768 3004 1990 3060 Martha:
2017 3031 2058 3090 ρ

429 3100 638 3154 matris.
655 3099 896 3153 llabetur
913 3105 1094 3153 autem
1125 3097 1268 3152 dicta
1290 3098 1531 3167 Epistola
1545 3113 1600 3150 n.
1621 3098 1708 3158 69,
1731 3096 1991 3167 inscripta

430 3190 845 3260 Staurophylaci
876 3198 1084 3244 sanctze
1115 3187 1545 3244 resurrectionis
1575 3187 1992 3260 Hierosolymis,

432 3297 596 3352 quem
638 3281 705 3336 de
741 3281 917 3335 salute
943 3283 1166 3337 anxium
1205 3280 1430 3345 animat,
1455 3295 1520 3335 ac
1553 3288 1761 3351 partem
1794 3289 1996 3335 sancta:

433 3373 616 3429 crucis
662 3382 836 3442 rogat.
871 3373 1051 3440 Atque
1101 3381 1304 3441 praeter
1333 3371 1448 3427 hinc
1471 3372 1650 3426 omnia
1676 3414 1691 3437 ,
1729 3372 1830 3426 alia
1861 3389 1998 3443 quo-

434 3479 540 3537 que
570 3463 723 3518 illum
760 3463 1042 3535 scripsisse
1065 3477 1172 3515 non
1196 3465 1392 3531 pauca,
1424 3478 1544 3531 qum
1575 3470 1882 3531 temporum
1916 3462 1998 3515 in-

431 3553 578 3626 juria
619 3552 855 3622 periere,
888 3551 945 3604 in
997 3561 1280 3620 comperto
1320 3557 1404 3604 est
1438 3565 1502 3603 ex
1534 3550 1766 3618 epistola
1792 3549 1860 3603 de
1890 3564 1997 3619 qua

437 3660 562 3699 mox
589 3684 604 3708 ,
656 3652 847 3697 contra
895 3641 1214 3704 Samaritas,
1243 3657 1364 3710 quae
1409 3643 1591 3712 quinta
1643 3639 1998 3710 indigitatur.

435 3734 517 3790 sic
553 3722 756 3788 ut'aliae
788 3731 1103 3786 necessario
1125 3732 1527 3800 praecesserint.
1558 3730 1763 3784 Eodem
1795 3729 2003 3782 faciunt

439 3824 702 3894 Evagrius
738 3831 795 3876 et
820 3823 965 3885 Vita,
1009 3836 1172 3891 quam
1205 3821 1399 3874 damus
1429 3837 1442 3873 :
1475 3834 1708 3889 quorum
1741 3818 1832 3872 ille
1857 3818 1896 3870 ι.
1924 3833 2000 3879 vi,

439 3931 489 3970 c.
539 3915 632 3981 ‘25,
680 3915 835 3977 dicit,
881 3912 986 3967 ista
1047 3929 1104 3966 n.
1142 3911 1242 3966 190
1292 3911 1567 3967 Iustinum
1609 3909 1898 3980 epistolam
1971 3917 2003 3961 a

444 4017 638 4062 saneto
661 4004 966 4074 accepisse.

447 4169 475 4240 §
506 4170 572 4224 Υ.
603 4165 842 4239 Epistola
881 4164 1052 4218 sancti
1079 4160 1350 4240 ngeonis
1401 4161 1470 4240 ad
1509 4159 1776 4240 Iustinum
1818 4159 2008 4213 Iunio-

740 4252 851 4289 rem
875 4243 1060 4287 contra
1097 4231 1398 4286 Samarites
1430 4231 1722 4284 baareticos.

2073 472 2197 508 nam
2236 473 2355 508 vero
2383 457 2576 525 fuerint
2633 456 2939 521 Samaritte,
2995 474 3144 515 nemo
3188 460 3240 514 in
3279 461 3466 514 divinis
3517 477 3635 513 ver-

2072 555 2218 599 satus
2245 545 2530 615 Scripturis
2559 548 2788 615 ignorat.
2816 547 2884 600 Ili
2921 555 3064 609 sunt,
3092 548 3179 617 qui
3207 565 3322 602 cum
3355 549 3506 603 diuisi
3558 567 3639 602 cs-

2075 646 2257 690 senta
2311 637 2530 700 Iudicis,
2570 655 2670 690 non
2719 637 2991 708 templum,
3056 656 3158 693 non
3210 641 3496 708 sacriﬁcia,
3560 641 3640 694 vel

2074 728 2410 781 cwrcmonias
2446 744 2744 781 communes
2786 746 2902 782 cum
2951 729 3056 783 illis
3091 729 3391 786 habebant:
3420 747 3641 800 cumque

2077 819 2304 888 quinque
2336 825 2543 872 tantum
2577 817 2767 888 Moysis
2821 820 2978 876 libros
3014 823 3319 883 retinerent,
3365 822 3644 892 prophetas

2080 926 2143 965 ac
2176 916 2367 964 cwtera
2422 909 2611 963 divina:
2669 909 2960 980 Scriptum
3002 910 3270 966 volumina
3322 911 3645 981 negligenter

2077 1001 2380 1072 rejiciebant
2404 1018 2420 1066 ;
2452 1018 2552 1053 non
2610 1002 2876 1056 credentes
2923 1006 3354 1056 resurrectionem
3408 1013 3642 1056 mortuo-
3683 1052 3685 1054 _

2080 1110 2234 1157 rum;
2275 1103 2524 1162 negantes
2554 1100 2601 1145 et
2633 1091 2884 1161 Spiritum
2939 1101 3206 1150 sanctum.
3229 1096 3391 1150 Plura
3433 1097 3476 1150 si
3515 1096 3598 1149 vis
3625 1136 3639 1157 ,

2078 1199 2258 1251 quaere
2290 1183 2432 1250 apud
2473 1183 2648 1251 ipsum
2685 1182 3051 1251 Epiphaniam
3080 1184 3135 1236 in
3173 1181 3430 1238 Panario.

2149 1273 2237 1326 26.
2269 1272 2438 1327 iidem
2475 1273 2598 1325 aliis
2627 1274 2942 1327 successive
2974 1274 3191 1328 saeculis
3239 1275 3518 1342 impietate
3580 1290 3643 1329 ac

2080 1363 2384 1418 sceleribus
2435 1362 2655 1425 famosi,
2681 1363 2940 1418 licentius
2989 1377 3150 1432 agere
3184 1373 3470 1431 emperunt
3509 1373 3645 1416 tem-

2079 1456 2306 1524 poribus
2341 1455 2595 1509 Zenonis.
2625 1453 2753 1510 Cum
2779 1456 2917 1508 enim
2944 1456 3182 1509 coiissent
3213 1455 3402 1516 subito,
3430 1463 3489 1508 ut
3517 1453 3648 1508 scri-

2082 1548 2159 1600 bit
2200 1547 2554 1616 Procopiusl.
2584 1563 2615 1600 v
2646 1546 2709 1598 de
2734 1546 2899 1614 .Edif.
2933 1561 2985 1600 e.
3026 1548 3077 1609 7,
3113 1547 3253 1615 facto
3280 1544 3502 1615 Neapoli
3543 1547 3646 1598 im-

2081 1648 2197 1709 petu
2217 1641 2268 1692 in
2284 1637 2626 1699 Christianos,
2648 1641 2833 1706 festum
2849 1639 2901 1690 in
2920 1636 3133 1688 ecclesia
3159 1635 3496 1698 celebrantes,
3511 1638 3648 1707 quod

2082 1729 2385 1782 Pentecoste
2417 1738 2652 1786 vocatur,
2680 1727 2872 1780 multos
2901 1726 3182 1793 conﬁciunt
3212 1744 3229 1790 ;
3271 1727 3485 1780 illorum
3535 1728 3648 1796 epi-

2081 1837 2296 1888 scopum
2334 1819 2718 1872 Tercbintliium
2749 1834 2916 1874 sacra!
2949 1835 3140 1870 mensw
3184 1826 3449 1870 astantem
3494 1833 3648 1869 occa-

2083 1917 2234 1980 pant,
2266 1910 2666 1978 offerentemque
2700 1907 2960 1978 ineffabile
2991 1907 3309 1975 sacriﬁcium
3359 1907 3552 1978 gladiis
3580 1907 3651 1975 fe-

2085 2002 2250 2062 riunt,
2271 1999 2573 2052 vulneribus
2607 1999 2908 2061 concidunt,
2940 2015 3197 2051 manuum
3233 2006 3481 2051 truncant
3524 1998 3652 2067 digi-

2086 2091 2182 2154 tis;
2212 2089 2563 2158 mysteriaque
2592 2089 3152 2158 injuricrsetractantes
3176 2128 3190 2148 ,
3218 2087 3429 2156 piacula
3457 2103 3647 2158 perpe-

2087 2189 2231 2234 trant
2276 2181 2436 2250 digna
2472 2179 2852 2246 Samaritanis,
2907 2180 3050 2232 nobis
3093 2179 3301 2232 silentio
3345 2179 3649 2250 premenda.

2085 2270 2458 2324 Renuntiante
2513 2269 2630 2324 haec
2663 2269 3198 2338 Constantinopolim
3233 2278 3290 2324 et
3313 2270 3644 2324 ostendente

2089 2363 2146 2420 in
2177 2377 2234 2419 se
2268 2362 2506 2420 admissa
2567 2362 2774 2416 scelera
2827 2361 3212 2424 Terehinthio,
3255 2361 3648 2414 Samaritarum

2089 2454 2382 2509 insolentia
2411 2457 2479 2509 ab
2511 2455 2840 2524 imperatore
2864 2452 3032 2510 armis
3052 2471 3299 2524 repressa
3323 2465 3423 2510 est.
3452 2455 3655 2509 Deinde

2089 2547 2291 2625 iterum
2361 2547 2535 2600 moliti
2594 2547 2747 2600 varia
2801 2548 2904 2600 sub
2957 2549 3248 2601 Anastasio
3295 2548 3655 2616 imperatore,

2091 2637 2290 2693 iterum
2325 2653 2515 2707 pmnas
2552 2637 2846 2700 dederunt,
2866 2638 3030 2691 etiam
3071 2653 3376 2707 supremas.
3409 2638 3651 2707 Denique

2091 2728 2194 2784 sub
2219 2729 2532 2784 Justiniano
2563 2729 2943 2784 crudelissime
2975 2731 3221 2784 omnium
3262 2730 3569 2792 saevientes,
3591 2746 3656 2784 ea

2091 2827 2585 2888 patraruntopera,
2608 2835 2730 2889 quae
2749 2820 2929 2875 audiri
2958 2820 3077 2875 sine
3093 2819 3325 2874 horrore
3353 2830 3656 2891 nequeunt.

2093 2907 2174 2962 Ita
2223 2908 2614 2963 describuntur
2643 2925 2673 2963 a
2733 2909 2935 2981 Cyrillo
2976 2911 3032 2965 in
3084 2911 3206 2966 Vita
3252 2920 3453 2966 sancta:
3479 2910 3657 2973 Sabaz.

2094 3015 2216 3068 qua:
2245 2999 2429 3054 Graeca
2463 3015 2631 3069 penes
2662 3016 2760 3054 nos
2779 3011 2884 3064 est,
2914 3001 3093 3055 danda
3127 3003 3158 3055 5
3187 3001 3524 3056 Decembris.

2162 3091 2251 3144 2'7.
2278 3092 2504 3163 Jamque
2536 3109 2711 3154 rerum
2749 3096 2941 3164 potitus
2971 3093 3304 3148 Justinianus
3347 3094 3660 3148 moderaba-

2094 3194 2182 3239 tur
2227 3185 2524 3254 imperium,
2556 3202 2674 3238 cum
2721 3185 2774 3238 in
2818 3185 3108 3239 Paltestina
3141 3203 3264 3256 gens
3311 3184 3661 3239 Samaritana

2096 3292 2269 3346 regem
2297 3276 2393 3329 sibi
2415 3275 2688 3330 lulianum
2710 3277 3007 3346 quemdam,
3043 3285 3090 3329 et
3123 3279 3292 3347 ipsum
3314 3276 3661 3337 Samaritam,

2097 3368 2361 3438 eligentes,
2393 3368 2561 3422 multa
2612 3369 2988 3423 contumeliose
3012 3370 3260 3422 adversus
3301 3367 3665 3422 Christianum

2099 3473 2287 3509 nomen
2313 3457 2427 3509 ausi
2461 3457 2690 3525 fuerunt.
2737 3456 2961 3524 Templis
2994 3473 3223 3526 namque
3257 3458 3471 3527 direptis
3495 3457 3634 3526 subji
3654 3486 3665 3497 ο

2099 3547 2300 3598 ciebant
2323 3547 2532 3616 ignem;
2566 3545 2889 3599 Christianos
2918 3545 3137 3612 inﬁnitis
3188 3549 3512 3601 excruciatos
3559 3556 3669 3601 torv-

2099 3639 2288 3689 mentis
2345 3636 2551 3689 tandem
2599 3638 2759 3689 morti
2805 3637 3344 3700 tradebant;eicinos
3393 3655 3554 3707 pagos
3587 3639 3669 3690 in-

2102 3727 2423 3778 cursionibus
2456 3727 2885 3796 populabantur;
2918 3735 3221 3779 sanctorum
3263 3732 3431 3780 thecas
3467 3728 3670 3797 diffrin-

2102 3825 2299 3886 gentes,
2359 3819 2706 3870 imminebant
2763 3820 2817 3870 in
2866 3819 3117 3886 ﬂammas
3146 3829 3241 3870 :et
3291 3818 3400 3870 lia’c
3450 3819 3669 3871 sa't'itirs

2105 3909 2368 3978 prweipue
2394 3924 2493 3960 non
2544 3909 2826 3962 admodum
2879 3911 3089 3961 remotis
3125 3907 3353 3978 Neapoli
3390 3909 3674 3978 grassaba-

2107 4006 2193 4049 tur
2242 3997 2384 4050 locis.
2410 3996 2578 4049 Porro
2627 3999 2921 4066 episcopum
2954 3997 3279 4049 sustulerunt
3303 3994 3497 4064 gladio,
3530 4011 3674 4056 eom-

2107 4089 2468 4158 prehensisque
2539 4087 2849 4156 quibusdam
2903 4086 3212 4156 presbyteris
3245 4126 3259 4148 ,
3340 4085 3669 4138 membratim

2109 4179 2277 4247 primo
2309 4194 2371 4230 ac
2410 4178 2677 4246 frustatim
2704 4176 2824 4229 illos
2848 4184 3144 4238 secuerunt,
3179 4191 3401 4243 cumque
3433 4173 3669 4245 reliquiis

2111 4279 2406 4338 martyrum
2430 4269 2482 4321 in
2504 4268 2773 4337 sartagine
2813 4269 3115 4335 frixerunt:
3150 4267 3370 4336 denique
3408 4264 3553 4318 nullo
3578 4282 3677 4317 au—

515 4367 604 4421 95.
632 4365 823 4420 Fidem
855 4357 1141 4427 solvimus,
1168 4376 1273 4431 qua
1305 4374 1362 4414 se
1395 4357 1688 4412 obstrinxit
1709 4355 2008 4410 Bollandus
2040 4353 2084 4411 D
2115 4362 2282 4414 ducite
2311 4370 2402 4413 aut
2430 4357 2756 4413 contumeliae
2784 4374 2971 4428 genere
2992 4369 3175 4411 contra
3206 4356 3528 4412 Christianos
3555 4357 3676 4410 abs-

446 4461 511 4514 ad
544 4460 578 4514 5
623 4459 849 4513 Januari
882 4456 938 4509 in
972 4455 1098 4508 Vita
1122 4455 1232 4524 jam
1260 4467 1401 4520 srepe
1450 4447 1738 4504 memorati
1784 4447 2010 4519 Symeo—

449 4553 533 4606 nis
557 4550 767 4621 Stylltaa
818 4544 1087 4607 Senioris,
1148 4558 1248 4612 per
1303 4541 1708 4610 Metaphrasten
1765 4538 2007 4606 scripta,

448 4655 567 4710 cap.
600 4641 683 4701 Η.
707 4647 898 4692 annot.
929 4637 985 4700 d,
1027 4649 1153 4688 eum
1181 4633 1348 4687 latius
1375 4632 1467 4685 hic
1494 4631 1562 4686 de
1588 4629 1872 4685 Samaritis
1913 4643 2008 4682 seu

451 4731 808 4787 Samaritanis
847 4726 1116 4796 agendum
1145 4723 1440 4794 promittit.
1465 4718 1733 4790 Neapolis,
1770 4717 2013 4772 Hebraeis

451 4818 650 4883 Sichen,
685 4835 780 4874 seu
804 4817 1005 4873 Sic/rem
1027 4823 1084 4870 et
1099 4813 1350 4878 Sicln'ma,
1373 4812 1506 4865 urbs
1535 4808 1937 4864 estPalazstinae
1961 4806 2015 4858 in

453 4911 697 4966 Samaria
765 4907 1112 4977 episcopalis,
1173 4903 1336 4958 hodie
1391 4902 1505 4957 fere
1559 4900 1837 4954 exstincta
1893 4905 1950 4951 et
1987 4913 2016 4950 a

457 5005 647 5074 paucis
686 5003 930 5057 habitata
964 5019 976 5052 ε
1012 5001 1184 5054 distat
1239 5013 1266 5051 a
1323 4995 1568 5050 Samaria
1619 4995 1756 5047 urbe
1781 5009 1830 5045 ix
1863 4993 1920 5045 P.
1947 4991 2015 5043 Μ.

454 5099 509 5150 ln
544 5098 822 5150 Austrum.
854 5093 1111 5146 Imminet
1143 5089 1264 5144 urbi
1285 5103 1443 5142 mons
1474 5088 1634 5150 altus,
1661 5085 1898 5139 Garizim
1930 5098 2021 5135 no.

458 5188 624 5250 mine,
652 5202 813 5255 quem
850 5185 979 5238 olim
1012 5184 1066 5236 in
1118 5180 1479 5236 veneratione
1511 5177 1788 5231 habebant
1814 5187 1867 5227 et
1890 5189 2017 5242 pre-

459 5278 688 5330 cationis
730 5292 892 5330 causa
935 5275 1159 5328 adibant
1215 5270 1544 5326 Samaritani
1580 5287 1592 5321 :
1643 5283 1876 5335 quorum
1909 5268 2017 5335 jam

462 5382 574 5422 tum
626 5370 828 5424 Christi
881 5367 1220 5434 temporibus
1273 5372 1480 5418 sectam
1517 5360 1786 5414 Baronius
1837 5357 2019 5410 tom.l

465 5462 655 5520 tinual.
691 5461 823 5514 loris
866 5459 1051 5522 variis,
1094 5457 1367 5527 prreeipue
1409 5456 1462 5508 in
1495 5454 1768 5522 Apparatu
1804 5449 2018 5503 descri-

1946 5654 1974 5676 τ’

2118 4452 2406 4504 tinuerunt.
2460 4449 2584 4502 Hazc
2637 4447 3031 4501 immanissima
3085 4446 3312 4510 scelera,
3365 4451 3420 4499 et
3474 4445 3518 4498 si
3573 4459 3680 4514 qua

2118 4549 2403 4612 praeterea,
2425 4539 2570 4592 circa
2594 4537 3048 4608 Porphyrionem,
3067 4544 3127 4591 ut
3152 4546 3428 4606 putamus,
3447 4544 3679 4604 patrata,

2120 4639 2420 4703 potuerunt
2454 4645 2484 4684 a
2532 4630 2830 4683 mitissimo
2859 4628 2978 4683 viro
3011 4637 3067 4682 et
3097 4627 3314 4682 miseris
3362 4641 3684 4680 succurrere

2119 4721 2550 4792 promptissimo,
2584 4719 2680 4772 ubi
2743 4717 2915 4788 gloria
2966 4716 3064 4770 Dei
3118 4726 3176 4769 et
3207 4714 3556 4768 incolumitas
3586 4713 3687 4766 Ee-

2118 4814 2285 4868 clesia
2331 4812 2708 4882 periclitatur,
2771 4808 3025 4877 exemplo
3088 4806 3318 4860 aliorum
3349 4815 3686 4863 sanctorum,

2122 4901 2432 4957 istiusmodi
2471 4909 2810 4967 extorquere
2858 4897 3172 4966 epistolam,
3205 4895 3423 4962 qualem
3466 4893 3688 4961 subjici-

2125 5010 2264 5054 mus,
2293 4993 2357 5046 ad
2383 4993 2750 5046 Iustinianum
2787 4990 2868 5051 (ut
2907 5003 3072 5056 supra
3116 4985 3478 5055 probabiliter
3523 4985 3681 5036 susti-

2127 5085 2341 5151 nemus)
2377 5083 2584 5136 datam.
2617 5081 2812 5150 Ipsam.
2844 5096 2952 5132 non
3009 5088 3068 5133 ut
3118 5077 3386 5131 Baronius
3420 5074 3586 5127 habet
3624 5089 3690 5132 ex

2127 5175 2368 5228 editione
2405 5172 2625 5227 concilii
2664 5186 2727 5224 ιιι
2773 5170 2978 5223 Nion-ni
3010 5168 3223 5227 Latina,
3258 5166 3352 5218 sed
3378 5180 3441 5217 ex
3473 5163 3691 5217 Graeco-

2124 5267 2339 5327 Latina,
2369 5279 2679 5335 quanquam
2717 5277 2826 5316 non
2881 5261 3013 5314 satis
3043 5245 3308 5313 accurate
3354 5256 3690 5315 translatam,

2127 5365 2186 5408 ut
2218 5355 2340 5407 istic
2373 5353 2604 5408 Aetione
2677 5366 2833 5404 versa
2859 5356 2964 5406 est.
2989 5350 3078 5402 hic
3096 5348 3287 5415 accipe
3317 5387 3330 5400 .
3359 5353 3544 5414 utpote
3568 5358 3692 5396 cum

2124 5455 2382 5499 contextu
2411 5444 2652 5498 auctoris
2675 5442 2843 5496 (ἔπινιί
2876 5440 3044 5509 magis
3071 5437 3493 5492 conrordantem
3523 5433 3621 5503 (Ι).

535 5671 604 5739 (ἰ)
636 5668 783 5722 lianc
823 5664 1120 5736 Epistolam
1161 5661 1298 5716 infra
1335 5662 1543 5719 danttts,
1581 5669 1696 5727 ;ost
1733 5659 1910 5711 Visun:
1946 5654 1998 5707 Γ).
2035 5651 2340 5724 Syzzieenis.
