4016 6208
390 251 537 315 ἳὶιτθ

1659 250 1717 309 S.
1762 250 2059 312 SYMEON
2098 251 2376 313 JUNIOR

3491 253 3641 319 2980

467 366 556 417 3|.
595 362 870 416 llacteuus
890 361 1145 433 cpistola,
1187 371 1295 415 tatu
1357 361 1474 415 zelo
1530 360 1733 415 divina:
1773 361 1960 431 glori:e.
1990 366 2033 423 Α
2062 362 2305 432 insignis,
2340 362 2505 415 multa
2538 372 2587 415 et
2617 364 2748 417 dixit
2771 373 2818 416 et
2847 364 2988 432 fecit,
3028 381 3144 434 quce
3171 364 3449 434 imperium
3480 364 3636 418 Hau.

397 451 636 520 odioque
663 451 939 505 scelerum
982 455 1166 520 plena,
1201 465 1365 519 quam
1394 462 1504 503 non
1579 450 1845 503 inStructa
1899 450 1967 503 ab

400 543 643 596 oratorio
685 542 994 621 _verborum
1028 552 1257 606 ornatu;
1316 541 1462 610 quod
1516 550 1696 595 tamen
1748 540 1967 595 allicere

400 634 538 687 nihil
586 633 752 688 debet
821 640 904 702 (ut
972 635 1090 687 vult
1142 630 1395 701 epistola,
1434 646 1597 699 quam
1629 630 1863 685 Allatius
1911 629 1965 683 in

402 723 779 788 Diatribahic,
809 723 912 777 sub
948 723 1172 777 nomine
1219 720 1403 774 Caroli
1460 720 1635 789 Magni
1690 719 1965 789 producit)

400 817 698 883 quominus
742 815 981 883 genuina
1036 814 1211 867 sancti
1256 812 1525 883 Symeonis
1565 812 1814 875 dicatur,
1855 812 1965 864 vim

401 906 817 975 signiﬁcationis
865 906 1049 975 potius
1073 920 1235 974 quam
1297 904 1483 959 fucum
1526 902 1793 957 orationis
1840 917 1966 971 spe-

401 998 624 1051 ctantis.
651 998 873 1052 Refutat
908 998 1141 1051 Allatius
1172 997 1295 1050 loco
1334 996 1502 1050 citato
1530 994 1732 1049 dictam
1758 993 1967 1073 episto-

401 1092 532 1155 lam,
562 1092 676 1146 haec
700 1092 977 1160 praecipue
1018 1100 1339 1162 argumenta
1390 1090 1759 1160 complexam;
1818 1087 1965 1158 quod

402 1184 934 1238 sanctuslustiniani
984 1184 1316 1253 imperatoris
1376 1198 1533 1237 aures
1572 1180 1775 1234 divinas
1828 1197 1967 1233 nun-

406 1277 714 1344 cupaverit;
748 1275 892 1345 quod
918 1276 1157 1328 eumdem
1196 1275 1554 1328 misericordia
1593 1275 1672 1327 uti
1696 1274 1970 1343 prohibue-

404 1368 473 1417 rit
506 1383 524 1429 ;
557 1366 702 1435 quod
740 1367 831 1437 qui
859 1366 1106 1420 debuerat
1142 1366 1282 1419 iram
1320 1366 1455 1435 regis
1491 1364 1779 1434 refrenare.
1813 1362 1967 1416 illam

401 1458 570 1526 magis
596 1458 865 1527 magisque
883 1457 1242 1521 succenderit;
1275 1455 1421 1525 quod
1440 1457 1552 1526 ejus
1579 1453 1817 1524 exemplo
1844 1470 1968 1508 usus

407 1564 511 1600 non
555 1550 644 1611 sit,
693 1550 784 1617 qui
811 1551 1069 1602 neminem
1110 1547 1221 1601 vult
1268 1548 1486 1617 perire:
1540 1546 1684 1613 quod
1731 1544 1969 1615 denique

406 1640 569 1693 «idem
594 1642 905 1709 imperatori
944 1639 1110 1693 Deum
1167 1654 1492 1708 conregnare
1545 1637 1755 1690 dixerit.
1802 1635 1968 1690 Vides

403 1746 565 1799 quam
592 1731 889 1785 inelllcacia
926 1731 1037 1786 siut
1083 1730 1286 1793 omnia,
1335 1729 1473 1783 adeo
1510 1736 1572 1782 ut
1615 1741 1797 1803 operae
1837 1741 1965 1796 pre-

406 1823 536 1874 tium
570 1837 678 1876 non
733 1821 806 1877 sit
842 1822 1103 1877 refutare.
1157 1823 1426 1893 Resurgat
1481 1822 1746 1892 prapheta
1799 1819 1966 1885 Elias,

405 1914 525 1967 zelo
584 1913 785 1967 divinae
823 1914 1009 1982 gloria:
1045 1928 1369 1975 succensus,
1401 1912 1621 1980 gravius
1679 1913 1854 1969 multo
1911 1913 1966 1966 in

404 2003 611 2058 scelera
650 2003 960 2057 istiusmodi
1018 2002 1332 2064 invchelur,
1380 2003 1458 2057 uti
1508 2004 1658 2066 olim,
1718 2002 1897 2073 ignem
1936 2016 1968 2056 e

405 2094 544 2146 σαξΞο
575 2108 880 2147 accersens.
922 2092 976 2147 Si
1030 2093 1158 2162 quis
1219 2092 1454 2147 refutata
1486 2092 1738 2163 pluribus
1796 2091 1965 2162 cupit,

407 2184 568 2237 adeat
602 2185 828 2238 citatum
858 2184 1044 2239 Allatii
1083 2183 1265 2238 locum
1305 2202 1318 2237 :
1349 2199 1452 2239 nos
1478 2183 1534 2238 iu
1563 2199 1644 2248 re,
1697 2199 1807 2237 non
1868 2182 1963 2236 ad-

408 2275 630 2329 modum
667 2276 732 2330 ad
764 2275 1075 2331 institutum
1098 2284 1346 2330 nostrum
1394 2273 1651 2338 faciente,
1693 2272 1968 2342 longiores

410 2369 576 2422 etiam
630 2366 854 2433 fuimus,
904 2383 1067 2438 quam
1095 2382 1193 2437 par
1218 2375 1336 2422 est:
1387 2365 1482 2421 sed
1526 2365 1796 2436 promissa
1846 2362 1968 2417 Bol-

406 2460 552 2514 landi
585 2459 865 2515 solvimus.

505 2630 532 2701 §
563 2630 649 2685 Vl.
673 2661 742 2669 —
773 2628 1142 2701 Hemorabilia
1188 2630 1252 2683 de
1302 2636 1483 2684 sancto
1513 2626 1769 2698 Symeone
1801 2642 1863 2680 (’1'

1056 2699 1308 2770 Evagrio.

467 2834 558 2889 32.
594 2832 899 2887 Plurimum
929 2829 1272 2885 auctoritatis
1321 2828 1616 2884 conciliare
1643 2827 1809 2883 debet
1832 2827 1970 2883 Vitae

402 2934 604 2979 nostra:
634 2922 901 2993 Ex‘agrius
933 2921 1329 2981 Scholastieus,
1358 2935 1458 2989 per
1506 2918 1598 2972 illa
1622 2933 1743 2988 quae
1792 2917 1846 2972 in
1876 2916 1965 2972 Ili-

2070 452 2194 505 ritio
2225 452 2564 507 nuntiabant.
2596 453 2858 520 Quaenam
2891 469 3024 510 vero
3078 455 3168 508 illa
3198 456 3331 520 sint,
3361 471 3469 509 non
3527 471 3644 510 me-

2069 543 2207 597 mini
2247 544 2458 613 uspiam
2487 544 2776 614 speciatim
2813 560 3139 615 expressum
3173 545 3376 615 legere,
3408 560 3481 600 ne
3512 546 3642 616 qui-

2069 633 2195 689 dem
2227 635 2280 688 in
2305 634 2429 691 Vita
2458 645 2645 690 nostra
2674 635 3003 705 prolisiore;
3031 651 3153 706 qua:
3180 636 3353 690 multa
3412 625 3645 707 quidem

2069 725 2137 781 de
2162 723 2384 780 lustino
2425 726 2651 781 Juniore
2681 767 2695 789 ,
2751 728 2913 796 eique
2950 726 3213 797 praedicto
3268 728 3520 799 imperio.
3569 728 3638 785 de

2068 814 2323 871 Mauritio
2356 831 2489 871 vero
2538 832 2768 886 prorsus
2797 817 2934 872 nihil
2962 837 2974 871 :
3032 819 3202 883 unde,
3254 819 3331 873 uti
3357 829 3424 882 et
3454 835 3524 875 ex
3554 836 3639 875 sc-

2072 907 2393 977 quentibus,
2430 924 2666 978 pronum
2729 919 2818 964 est
2872 910 3149 980 colligere,
3197 912 3448 980 quamvis
3516 926 3641 980 pro-

2069 996 2331 1053 lixissima
2357 997 2477 1052 Vita
2508 999 2788 1053 contineat
2811 998 3065 1069 plurima,
3108 1000 3264 1070 plura
3298 1008 3479 1055 tamen
3505 1016 3642 1071 prm-

2070 1090 2301 1145 teriisse.
2332 1090 2499 1144 Libro
2528 1090 2729 1144 deinde
2784 1100 2960 1155 sexto,
3008 1106 3130 1160 cap.
3168 1091 3245 1145 25
3293 1099 3428 1156 toto,
3480 1094 3641 1162 quasi

2069 1182 2457 1251 compendibm
2485 1183 2610 1237 vita:
2640 1182 2933 1253 Symeonis
2965 1185 3045 1239 sic
3079 1184 3248 1238 texit:
3284 1183 3484 1238 Eodem
3513 1193 3644 1239 tem-

2070 1288 2214 1344 pore,
2281 1288 2399 1325 cum
2450 1272 2732 1344 Gregorius
2794 1284 3034 1328 sanctum
3087 1271 3398 1344 Symeonem
3459 1274 3644 1329 letltali

2071 1366 2249 1421 morbo
2278 1377 2556 1438 a’grotare.
2605 1383 2687 1420 me
2738 1366 3024 1427 indicante,
3061 1365 3363 1431 didicisset,
3401 1366 3474 1419 ad
3526 1382 3645 1419 eum

2069 1458 2342 1528 confestim
2390 1457 2651 1523 excurrit,
2706 1467 2763 1510 ut
2816 1466 3093 1528 postremis
3141 1455 3483 1510 salutationis
3533 1457 3643 1527 offi-

2071 1552 2210 1606 cium
2238 1552 2284 1605 ei
2313 1550 2592 1606 exhiberet.
2619 1548 2807 1606 Verum
2837 1551 2891 1605 id
2923 1550 3059 1622 quod
3103 1551 3363 1620 cupiebat,
3397 1552 3644 1620 consequi

2072 1659 2175 1697 non
2196 1644 2386 1714 potuit.
2425 1642 2594 1698 Porro
2627 1644 2710 1697 hic
2744 1640 2970 1712 Symeon
2998 1650 3209 1696 cunctos
3263 1642 3346 1695 sui
3392 1644 3642 1711 temporis

2073 1732 2324 1788 mortales
2351 1735 2545 1789 virtute
2579 1733 2730 1804 longe
2773 1722 3061 1804 superavit.
3124 1731 3327 1804 Quippe
3369 1750 3405 1787 a
3455 1734 3643 1787 teneris

2072 1822 2373 1895 unguiculis
2408 1839 2654 1894 asperum
2690 1823 2897 1877 vivendi
2930 1838 3091 1893 genus
3130 1822 3184 1875 in
3236 1821 3487 1876 columna
3554 1838 3644 1876 ex-

2070 1914 2343 1970 coluerat:
2379 1914 2510 1968 adeo
2551 1922 2610 1967 ut
2640 1914 2818 1968 dentes
2870 1914 2925 1967 in
2963 1912 3222 1967 columna:
3263 1914 3498 1968 statione
3542 1914 3642 1984 ipsi

2072 2006 2262 2059 mutati
2294 2005 2507 2075 fuerint.

2144 2093 2233 2149 54.
2275 2093 2590 2149 Columnam
2653 2102 2830 2149 autem
2881 2092 3176 2148 conscendit
3230 2091 3539 2164 hujusmodi
3583 2107 3643 2145 es:

2070 2201 2269 2241 causa:
2307 2184 2442 2240 Cum
2468 2193 2597 2241 esset
2628 2186 2910 2240 admodum
2940 2194 3120 2241 tenera
3155 2186 3324 2240 adhuc
3353 2192 3534 2247 a’tate,
3560 2183 3642 2236 tu-

2070 2276 2198 2331 dens
2231 2286 2280 2330 et
2332 2274 2538 2331 saltans
2564 2293 2657 2347 per
2684 2278 2875 2330 montis
2890 2277 3025 2348 juga
3055 2276 3332 2331 oberrabat
3366 2292 3385 2329 :
3420 2289 3641 2345 cumque

2071 2371 2127 2423 in
2157 2370 2385 2441 pardum
2443 2371 2730 2433 incidisset,
2757 2386 2944 2424 zonam
3003 2369 3137 2424 collo
3169 2370 3283 2435 eius
3335 2368 3564 2439 injecit;
3593 2375 3639 2420 et

2070 2459 2321 2524 belluam,
2339 2461 2541 2514 innata:
2566 2459 2791 2530 feritatis
2821 2459 3059 2526 oblitam,
3093 2459 3245 2531 quasi
3261 2458 3381 2528 joco
3406 2458 3639 2521 trahens,

2070 2552 2141 2605 ad
2172 2553 2550 2606 monasterium
2605 2569 2758 2606 suum
2804 2551 3037 2606 deduxit.
3065 2550 3218 2617 Quod
3251 2547 3639 2620 contemplatus

2074 2645 2327 2714 magister
2357 2643 2492 2713 ejus,
2520 2644 2609 2715 qui
2633 2645 2685 2697 in
2710 2642 2956 2697 columna
2990 2644 3152 2696 vitam
3177 2644 3383 2714 agebat,
3416 2659 3635 2713 puerum

2070 2736 2440 2805 interrogavit,
2457 2734 2711 2804 quidnam
2725 2736 2819 2788 hoc
2834 2744 2982 2788 esset.
3000 2731 3100 2788 Ille
3112 2732 3262 2803 [clem
3288 2750 3397 2786 esse
3428 2750 3639 2801 respon—

2070 2825 2171 2887 dit,
2198 2843 2352 2896 quem
2380 2825 2529 2895 rulgo
2563 2835 2763 2880 caltam
2799 2827 3094 2880 nominant.
3124 2826 3294 2896 Atque
3323 2841 3386 2879 ex
3431 2827 3525 2878 hoc
3555 2825 3639 2894 fu-

2069 2930 2151 2973 cto
2175 2920 2533 2989 conjecturam
2557 2924 2790 2990 capiens,
2826 2917 3000 2990 qualis
3042 2926 3372 2988 quantusque
3410 2916 3633 2986 Symcon

406 3015 574 3069 storia
604 3030 702 3069 sua
741 3012 1113 3068 ecclesiastica
1144 3011 1211 3065 de
1236 3020 1419 3065 sancto
1466 3007 1723 3080 Symeoue
1770 3007 1966 3080 Stylila
2001 3027 2043 3084 ο
2076 3013 2129 3065 in
2187 3013 2395 3066 virtutis
2455 3012 2627 3066 studio
2675 3012 2884 3081 futurus
2930 3017 3082 3074 esset,
3111 3011 3167 3064 in
3200 3009 3500 3063 columnam
3525 3026 3638 3062 eum

404 3108 623 3161 Juniore
649 3114 934 3160 memorat.
960 3104 1095 3159 Nam
1117 3112 1485 3174 praeterquam
1542 3100 1692 3172 quod
1742 3115 1970 3157 summa:

407 3199 532 3252 fidei
593 3197 892 3250 historicus
943 3196 1035 3256 sit,
1066 3209 1285 3249 coaevus
1333 3192 1590 3264 Symeoui
1633 3191 1753 3251 fuit.
1794 3207 1970 3262 eoque

405 3287 747 3342 familiariter
807 3301 961 3352 usus,
1038 3282 1500 3356 quemadmodum
1566 3297 1631 3335 ex
1685 3282 1970 3350 ipsiusmet

375 3368 608 3439 Verbis,
662 3392 786 3431 mox
843 3374 1236 3448 subjiciendis,
1296 3381 1479 3445 potest
1535 3372 1771 3444 colligi:
1833 3373 1969 3428 dicit

408 3475 576 3539 enim,
601 3473 864 3545 Gregorio
883 3473 1205 3543 patriarchae
1240 3471 1607 3527 ~Antiocheno
1658 3473 1965 3531 innotuisse

399 3564 659 3618 lethalcm
699 3564 870 3617 sancti
926 3561 1200 3635 ngeonis
1228 3561 1519 3626 morbum,
1567 3561 1833 3615 indicante
1877 3577 1961 3616 se.

395 3657 650 3712 Ostendit
714 3657 880 3713 etiam
969 3656 1360 3711 commercium
1430 3656 1742 3709 litterarum
1822 3655 1967 3709 inter

401 3756 698 3817 utrumque
720 3746 1116 3814 intercessisse,
1155 3762 1278 3802 cum
1327 3747 1404 3801 ait
1458 3748 1799 3802 admonitum
1829 3762 1889 3803 se
1934 3763 1964 3802 a

405 3839 605 3893 Sancto
639 3854 737 3909 per
784 3839 999 3893 litteras
1021 3838 1191 3894 fuisse
1218 3839 1453 3910 quadam
1484 3853 1652 3910 super
1691 3854 1772 3904 re,
1800 3854 1963 3910 quam

401 3929 630 3998 putabat
668 3929 925 3985 omnibus
948 3930 1088 3984 clam
1117 3945 1261 3986 esse.
1290 3929 1539 3985 Certiora
1569 3945 1790 3999 quoque
1832 3944 1964 3999 pro-

410 4017 511 4074 fert
536 4020 738 4075 indicia
767 4005 972 4077 mutuae
1009 4022 1428 4078 consuetudinis
1458 4021 1579 4076 Vita
1644 4037 1799 4075 num.
1831 4019 1960 4085 258,

400 4108 489 4163 ubi
522 4125 644 4178 quae
673 4118 982 4180 cognoverat
1010 4112 1065 4164 in
1093 4112 1281 4180 spiritu
1307 4110 1554 4182 Symeon,
1577 4109 1824 4180 Evagrio,
1872 4124 1966 4178 pro

404 4201 486 4253 sui
512 4201 565 4253 in
586 4202 760 4270 ipsum
788 4200 1049 4271 singulari
1073 4202 1416 4271 prapensione
1435 4201 1621 4260 animi.
1665 4201 1827 4270 jussit
1880 4201 1966 4254 in-

402 4288 591 4341 dicari.
615 4289 785 4341 Porro
831 4290 1213 4345 auctoritatem
1265 4288 1421 4355 Vitae,
1460 4299 1567 4344 tam
1622 4288 1961 4361 frequentia,

2077 3103 2307 3157 admisit.
2348 3102 2467 3168 Qua
2503 3103 2560 3157 in
2601 3103 2846 3156 columna
2869 3143 2884 3167 ,
2925 3112 2973 3156 et
3007 3104 3061 3157 in
3108 3102 3279 3156 altera
3328 3116 3451 3171 qua:
3487 3108 3559 3153 est
3586 3100 3637 3151 in

2072 3210 2277 3248 summa
2304 3199 2493 3249 montis
2521 3200 2731 3258 vertice,
2755 3205 2867 3248 octo
2897 3212 2959 3248 ac
3010 3194 3288 3264 sexaginta
3324 3192 3494 3261 exegit
3546 3205 3638 3241 an-

2073 3302 2187 3350 nos,
2211 3288 2355 3340 omni
2378 3289 2564 3357 gratite
2587 3302 2775 3357 genere
2815 3288 3058 3339 donatus.
3092 3282 3293 3353 Quippe
3333 3283 3425 3352 qui
3453 3288 3502 3332 et
3532 3279 3636 3332 da!-

2074 3393 2254 3432 mones
2310 3378 2561 3447 abigeret,
2588 3385 2635 3430 et
2683 3375 2888 3430 morbos
2937 3392 2999 3429 ac
3029 3374 3307 3444 languores
3339 3387 3519 3426 omnes
3549 3386 3636 3423 sa-

2074 3478 2246 3532 naret,
2281 3479 2328 3522 et
2384 3468 2563 3538 futura
2609 3467 2820 3541 perinde
2872 3483 2934 3521 ac
2984 3465 3264 3537 praesentia
3303 3462 3630 3533 praevideret.

2076 3556 2328 3629 Gregorio
2364 3566 2500 3610 certe
2543 3556 2809 3627 prcedixit,
2839 3571 2958 3608 eum
2996 3563 3215 3608 mortem
3238 3550 3451 3622 quidem
3474 3550 3632 3620 ipsius

2071 3652 2305 3704 visurum
2340 3665 2442 3703 non
2470 3665 2625 3713 esse;
2657 3664 2774 3720 qua:
2815 3664 2937 3702 vero
2994 3655 3109 3717 post
3173 3652 3392 3699 mortem
3460 3643 3635 3712 futura

2076 3749 2268 3801 essent,
2294 3742 2687 3811 ignoraturum.

2143 3834 2231 3887 55.
2262 3832 2497 3902 Cumque
2522 3848 2616 3903 ego
2635 3831 2842 3885 amissis
2867 3830 3039 3884 liberis
3066 3828 3190 3882 meis
3216 3828 3270 3882 in
3290 3827 3469 3881 varias
3493 3824 3628 3894 cogi-

2073 3926 2299 3979 tationes
2319 3924 2613 3988 diducerer,
2654 3931 2702 3976 et
2724 3923 2866 3994 apud
2899 3938 2979 3976 me
3005 3936 3293 3992 qucerercm
3319 3903 3449 3989 quid
3466 3929 3631 3971 causa:

2074 4026 2226 4082 esset,
2276 4033 2371 4070 cur
2394 4015 2694 4086 gentilibus,
2731 4015 2913 4085 quibus
2939 4014 3091 4068 multi
3133 4022 3254 4067 sunt
3287 4011 3457 4075 liberi,
3502 4009 3631 4062 idem

2071 4123 2177 4161 non
2204 4108 2429 4160 eveniret
2463 4122 2482 4171 ;
2526 4106 2763 4175 quamvis
2791 4105 2985 4159 nemini
3015 4118 3230 4174 prorsus
3261 4102 3626 4172 cogitationem

2072 4198 2209 4251 hanc
2235 4197 2577 4267 aperuissem,
2608 4194 2703 4249 ille
2741 4203 2918 4249 tamen
2965 4195 3304 4263 cogitationes
3332 4194 3499 4247 animi
3542 4191 3636 4248 mei

2040 4348 2043 4351 ,
2075 4288 2464 4358 introspiciens,
2496 4287 2704 4357 scripsit
2743 4286 2813 4339 ad
2854 4302 2957 4344 me.
2989 4294 3047 4340 ut
3092 4285 3156 4338 ab
3194 4285 3271 4338 his
3310 4283 3634 4354 cogitationi—

404 4377 681 4441 iuusitata,
709 4378 1088 4448 stupendaque
1117 4380 1377 4435 miracula
1412 4391 1469 4435 et
1498 4359 1808 4436 inauditum
1833 4382 1961 4437 vita:
2000 4359 2039 4413 ί)
2071 4379 2164 4433 bus
2222 4379 2580 4443 abstinerem;
2618 4379 2808 4448 quippe
2849 4393 2964 4448 qua:
3004 4377 3417 4447 haudquaquam
3464 4372 3633 4444 place-

403 4467 715 4524 iustitutum
740 4468 1070 4537 continenti,
1102 4472 1396 4539 conciliat;
1424 4488 1548 4527 cum
1566 4473 1790 4528 vixdum
1814 4488 1964 4528 mor-

403 4571 558 4616 tuum
588 4560 770 4617 Sancti
805 4562 1174 4634 appellatione
1225 4579 1333 4618 non
1385 4565 1602 4621 dubitat
1654 4566 1962 4629 honorare;

402 4667 527 4705 cum
571 4650 725 4706 illum
779 4658 994 4705 cunctos
1036 4653 1118 4704 sui
1170 4652 1420 4722 temporis
1471 4650 1719 4705 mortales
1773 4652 1962 4705 virtute

401 4743 553 4815 longe
574 4760 870 4815 superasse,
903 4745 1256 4815 pronuntiat;
1298 4759 1423 4799 cum
1449 4743 1776 4798 miraculum
1823 4743 1877 4797 in
1907 4757 1966 4798 se

399 4835 628 4901 facturn,
664 4836 807 4890 idem
848 4835 996 4905 quod
1030 4836 1084 4890 in
1107 4836 1229 4891 Vita
1261 4852 1315 4890 n.
1350 4836 1458 4891 258
1494 4835 1740 4905 ponitur,
1798 4850 1964 4888 enar-

401 4932 504 4977 rat.
531 4922 718 4993 Neque
744 4934 923 4978 tamcn
949 4924 1155 4983 omnia.
1186 4938 1307 4992 qua:
1353 4923 1421 4978 de
1478 4931 1661 4978 sancto
1712 4921 1966 4995 Symeone

399 5014 490 5067 hic
517 5015 707 5075 refert.
732 5016 1127 5085 complectitur
1155 5015 1278 5069 Vita
1306 5028 1493 5071 nostra
1520 5033 1536 5081 ;
1564 5014 1765 5070 desunt
1790 5015 1967 5086 plera-

399 5117 507 5171 que
538 5120 549 5155 :
590 5113 753 5171 atque
803 5104 927 5159 idco
963 5105 1310 5175 potissimum
1347 5122 1412 5161 ea
1470 5106 1685 5170 damus,
1715 5121 1784 5161 ne
1831 5105 1963 5176 quid

398 5194 536 5248 scitu
564 5186 788 5264 dign’um
831 5204 1209 5265 praetereatur.

384 5360 387 5363 _
468 5285 558 5339 55.
591 5283 731 5339 Audi
773 5285 938 5355 igitur
974 5286 1154 5356 ipsum
1182 5287 1282 5342 lib.
1329 5303 1385 5351 ν,
1442 5304 1494 5343 c.
1536 5287 1629 5352 21,
1670 5288 1817 5342 inter
1859 5287 1965 5342 alia

404 5374 559 5445 signa
622 5391 744 5444 qua;
795 5376 1051 5432 Mauritio
1090 5378 1381 5447 imperium
1432 5377 1848 5448 portenderent,
1885 5377 1963 5433 sic

397 5462 714 5533 loquentem
741 5484 754 5518 :
791 5465 1022 5537 Denique
1053 5467 1300 5539 Symeon,
1337 5470 1427 5539 qui
1442 5469 1605 5538 juxta
1644 5469 1824 5523 urbem
1851 5468 1964 5523 An-

398 5553 643 5607 tiochiam
667 5572 823 5626 super
842 5556 1085 5611 columna
1139 5567 1286 5613 stans
1317 5561 1475 5613 vitam
1541 5560 1730 5629 exegit,
1783 5561 1863 5613 vir
1896 5560 1965 5612 ad

398 5656 479 5696 res
513 5646 770 5714 gerendas
803 5650 1101 5717 aptissimus
1123 5691 1136 5716 ,
1165 5658 1213 5703 et
1246 5649 1440 5702 cunctis
1471 5650 1657 5703 divinis
1689 5649 1963 5704 virtutibus

2070 4480 2188 4525 rent
2240 4471 2370 4526 Deo.
2400 4471 2572 4536 Idem,
2603 4486 2720 4525 cum
2750 4470 2906 4524 uxori
2925 4470 3203 4541 cujusdam
3238 4483 3303 4521 ex
3331 4467 3458 4521 meis
3482 4481 3630 4518 ama-

2070 4563 2356 4619 nuensibus
2386 4572 2500 4633 post
2528 4572 2741 4632 partum
2796 4560 2880 4615 lac
2922 4560 3241 4615 obstructum
3276 4565 3428 4624 esset,
3464 4566 3511 4610 et
3556 4555 3632 4607 in-

2070 4654 2189 4724 fans
2214 4654 2268 4708 in
2295 4670 2502 4708 summo
2532 4653 2832 4707 discrimine
2883 4660 3183 4706 versaretur
3211 4666 3230 4716 ;
3262 4656 3503 4703 contacta
3540 4644 3633 4699 viri

2073 4746 2312 4810 dextera,
2340 4744 2608 4815 praecepit,
2638 4752 2695 4798 ut
2722 4759 2839 4797 eam
2859 4744 3094 4814 conjugis
3126 4757 3235 4796 sua
3260 4737 3512 4794 mamillis
3536 4738 3629 4789 im-

2068 4845 2302 4907 poneret.
2336 4834 2451 4901 Quo
2481 4836 2642 4905 facta,
2665 4837 2845 4889 statim
2879 4834 2962 4888 lac
2983 4834 3137 4905 quasi
3160 4847 3223 4886 ea:
3242 4831 3472 4902 quodam
3501 4829 3632 4897 {ante

2072 4926 2319 4997 prosiliit,
2376 4926 2507 4980 adeo
2548 4933 2605 4979 ut
2646 4933 2811 4979 totam
2847 4923 3084 4979 mulieris
3111 4932 3305 4978 vestem
3347 4919 3630 4988 madeface—

2070 5025 2170 5071 ret.
2196 5015 2298 5071 Sed
2327 5024 2374 5070 et
2398 5032 2617 5087 puerum
2641 5017 2942 5086 quemdam,
2967 5024 3114 5093 nocte
3134 5014 3446 5086 intempesta
3480 5029 3513 5067 a
3551 5025 3629 5064 co-

2069 5109 2277 5163 mitibus
2329 5109 2532 5163 itineris
2580 5125 2673 5180 per
2709 5107 3016 5162 oblivionem
3047 5106 3289 5161 relictum
3316 5107 3369 5160 in
3419 5105 3524 5168 via,
3553 5101 3628 5155 leo

2073 5197 2377 5267 impositum
2412 5199 2566 5251 dorso
2594 5213 2689 5252 suo
2718 5198 2787 5251 ad
2814 5195 3085 5269 Symeonis
3124 5198 3497 5252 monasterium
3520 5207 3633 5263 por-

2074 5287 2242 5351 tavit;
2268 5296 2316 5340 et
2330 5289 2551 5359 jubente
2578 5288 2836 5361 ngcone
2881 5290 3074 5360 egressi
3116 5288 3365 5352 ministri,
3396 5298 3625 5356 puerum,

2072 5380 2161 5447 qui
2188 5396 2219 5431 a
2252 5378 2398 5433 leone
2421 5382 2841 5445 custodiebatur,
2866 5380 3296 5434 introduxerunt.
3314 5375 3481 5432 Multa
3507 5386 3628 5443 quo-

2070 5485 2168 5538 que
2203 5469 2333 5535 alia,
2365 5473 2674 5525 memoriam
2727 5488 2932 5524 onmem
2978 5470 3306 5540 superantia,
3346 5467 3481 5521 idem
3513 5477 3625 5533 ges-

2070 5560 2158 5621 sit,
2191 5576 2308 5629 qua:
2338 5569 2385 5612 et
2428 5560 2663 5631 linguam
2709 5561 2980 5624 disertam,
3009 5569 3057 5613 et
3085 5560 3277 5625 otium,
3302 5568 3352 5612 et
3376 5557 3624 5630 peculiare

2070 5666 2197 5719 opus
2239 5651 2539 5704 desiderant
2576 5667 2594 5704 :
2637 5666 2854 5721 qumque
2893 5652 3127 5706 omnium
3170 5666 3298 5723 pene
3329 5646 3622 5705 mortalium
