4016 6208
399 279 498 339 298
513 275 526 336 l

1537 273 2129 336 COMMENTARIUS
2170 272 2533 332 PREVIUS.

3489 273 3630 338 2992

400 390 588 458 tinguis
622 388 968 442 celebrantur.
1009 387 1254 442 Omnium
1289 386 1424 438 enim
1468 387 1742 438 nationum
1795 383 1960 434 homi-
1991 381 2036 441 Α
2064 396 2201 440 sum,
2236 378 2486 448 maligne,
2514 387 2560 429 et
2607 395 2762 430 curre
2813 379 2863 431 in
2911 382 3154 450 ﬂammas
3185 383 3342 450 ignis,
3367 400 3630 449 arsurus;

395 495 508 542 nes,
545 495 646 530 non
691 477 916 530 Romani
955 477 1148 538 solum.
1181 494 1356 530 verum
1409 478 1568 529 etiam
1622 475 1856 536 barbari,
1893 473 1959 524 ad

393 588 508 624 eum
535 569 902 632 uentitabant;
935 579 980 622 et
1027 573 1361 638 quiscunque”
1389 565 1782 637 postulaverant
1805 605 1817 626 ,
1862 566 1960 616 im-

391 660 691 730 petrabant.
727 659 834 712 Pro
875 659 983 710 cibo
1034 667 1208 710 autem
1258 676 1319 710 ac
1370 668 1494 727 potu
1551 658 1597 708 ei
1651 658 1793 725 fuere
1825 656 1960 708 rami

391 753 666 822 cujusdam
725 751 969 820 fruticis,
1033 750 1118 818 qui
1161 766 1218 801 eo
1273 749 1326 801 in
1387 757 1562 801 monte
1625 747 1956 802 nascebatur.

395 845 696 910 Utrumque
731 842 878 896 hunc
909 840 1124 910 Evagrii
1171 840 1353 896 locum
1387 839 1670 894 transtulit
1693 839 1858 893 etiam
1892 835 1960 890 ad

393 950 484 994 se,
558 931 785 988 totidem
837 947 975 1000 pene
1029 930 1251 993 verbis,
1303 929 1650 1000 Nicephorus
1707 927 1961 982 Callistus

392 1027 428 1076 l.
473 1042 619 1086 mu.
659 1041 708 1080 c.
740 1025 769 1077 7
801 1033 857 1080 et
890 1025 980 1078 2i.

393 1186 420 1256 ξ
447 1185 550 1239 \‘ll.
581 1185 702 1240 Alia
733 1183 795 1237 de
821 1185 998 1254 eodem
1030 1183 1414 1256 memorabilia,
1440 1197 1502 1234 ea:
1527 1181 1722 1252 synodo
1745 1179 1959 1233 Nica’na

675 1273 730 1316 ιι,
774 1265 822 1307 et
855 1253 1038 1306 sancto
1068 1254 1274 1306 Joanne
1333 1253 1677 1306 Damasceno.

472 1367 573 1422 llic
598 1383 816 1436 quoque
867 1367 1242 1437 paragrapltus
1293 1365 1486 1420 eodem
1520 1364 1704 1428 faciet,
1735 1378 1847 1432 quo
1872 1378 1964 1417 su-

399 1459 622 1528 perior:
658 1458 915 1512 videlicet
947 1467 1005 1511 ut
1049 1473 1115 1511 eo
1147 1459 1372 1527 majoris
1432 1455 1780 1510 auctoritatis
1829 1470 1962 1509 cen-

399 1559 584 1603 seatur
611 1565 729 1604 esse
757 1550 897 1614 Vita,
931 1565 1040 1618 quo
1073 1549 1355 1620 graviores
1391 1558 1522 1602 sunt
1551 1557 1803 1601 auctores
1829 1587 1842 1609 ,
1867 1545 1960 1616 qui

394 1655 494 1693 sua
519 1678 532 1702 ,
591 1639 634 1692 si
664 1653 772 1691 non
798 1655 864 1692 cx
889 1639 998 1700 illa,
1037 1648 1185 1692 certe
1213 1638 1400 1692 eadem
1433 1635 1556 1691 eum
1586 1637 1698 1690 illic
1736 1645 1962 1692 conten-

397 1732 483 1794 tis,
517 1731 832 1785 testimonia
893 1740 1306 1800 prompscrunt.
1373 1731 1450 1785 Ac
1498 1731 1676 1799 primo
1736 1729 1957 1798 quidem
1991 1721 2033 1776 Β

393 1823 634 1894 synodus
695 1823 911 1876 Nicaeus
944 1839 1000 1888 ιι,
1047 1823 1320 1892 generalis
1377 1840 1470 1887 vn,
1524 1839 1612 1876 an.
1664 1823 1786 1886 787,
1850 1821 1958 1875 lla-

394 1914 590 1968 driano
619 1913 636 1967 l
667 1929 802 1982 papa
827 1954 840 1977 ,
877 1911 1241 1968 Constantino
1276 1921 1436 1982 atque
1465 1913 1622 1966 lrenc
1661 1913 1958 1980 imperato-

399 2007 574 2072 ribus,
639 2007 910 2061 celebrata
978 2015 1168 2061 contra
1223 2006 1616 2068 lconoclastas,
1666 2006 1878 2060 actione
1905 2006 1958 2069 4,

400 2099 454 2152 in
479 2097 720 2152 editione
741 2097 1158 2152 Graeco—Latina
1189 2097 1414 2164 Lahbei,
1445 2101 1523 2152 sic
1549 2099 1793 2167 loquitur
1824 2115 1836 2149 :
1871 2097 1962 2150 Jo-

395 2186 539 2254 seph,
575 2187 1033 2244 reverendissimus
1073 2189 1358 2241 monachus
1399 2197 1446 2241 et
1477 2187 1807 2259 Hegumenus
1845 2205 1958 2240 mo-

397 2275 616 2327 nasterii
661 2273 940 2340 Heraclia’,
999 2277 1130 2328 dixit
1167 2291 1184 2328 :
1215 2275 1282 2328 Et
1337 2293 1429 2346 ego
1481 2287 1720 2345 peccator
1771 2276 1961 2328 librant

395 2369 526 2434 fero,
561 2368 912 2420 continentem
965 2366 1137 2420 Vitam
1173 2369 1344 2420 sancti
1390 2365 1660 2437 ngeonis
1705 2367 1962 2420 Mirabilis

395 2457 604 2520 Montis,
626 2469 672 2511 et
696 2457 972 2524 utjubetis.
1005 2457 1203 2512 Sancta
1253 2459 1479 2528 synodus
1513 2459 1642 2510 dixit
1671 2473 1688 2511 :
1713 2457 1959 2527 Legatur.

403 2549 466 2602 lit
504 2552 758 2618 accipiens
793 2548 1029 2613 Cosmus,
1065 2549 1173 2602 Deo
1204 2549 1446 2603 amabilis
1483 2550 1732 2602 diaconus
1783 2559 1829 2600 et
1853 2549 1959 2603 Cu-

395 2639 667 2700 buclesius,
712 2640 852 2711 legit.
895 2641 975 2694 Ea:
997 2641 1112 2694 Vita
1145 2643 1316 2694 sancti
1343 2641 1520 2694 Patris
1555 2642 1720 2694 nostri
1749 2639 1963 2710 Symeo-

400 2732 477 2783 nis
512 2731 769 2784 Mirabilis
797 2731 988 2785 Montis
1019 2731 1309 2801 capitulum
1339 2733 1461 2794 H8,
1489 2731 1562 2785 De
1587 2731 1782 2800 femina
1806 2771 1820 2795 ,
1846 2747 1963 2800 qua:

409 2822 682 2890 Rhosopoli
713 2823 907 2876 sterilis
942 2833 1080 2886 erat,
1117 2823 1292 2876 valido
1325 2823 1582 2877 ιὶωηιοηὶο
1613 2839 1814 2891 pressa,
1849 2837 1964 2891 qua:

401 2933 536 2968 sana
563 2925 610 2968 et
647 2916 868 2984 fecunda
899 2917 1062 2986 facta,
1094 2917 1376 2984 imaginem
1413 2915 1550 2968 Justi
1586 2916 1832 2984 imposuit
1865 2915 1961 2966 do-

399 3007 469 3058 mi
490 3021 616 3068 sure,
631 3021 744 3073 quae
761 3005 1036 3076 magniﬁce
1055 3005 1314 3058 miracula
1340 3005 1674 3074 operabatur.
1704 3003 1963 3070 Quamvis

401 3104 582 3149 autem
657 3097 802 3151 idem
878 3099 1206 3152 miraculum
1269 3096 1408 3150 inira
1457 3111 1676 3166 quoque
1729 3097 1782 3149 in
1845 3097 1963 3150 Vita

403 3201 459 3238 ιι.
497 3185 592 3238 125
627 3185 918 3252 referatur,
949 3187 1078 3256 quia
1116 3197 1296 3241 tamen
1329 3187 1666 3256 aliquantum
1693 3187 1965 3240 discrimi-

399 3275 488 3328 nis
515 3276 824 3336 intereediL
851 3278 1128 3347 prmcipue
1173 3277 1352 3346 quoad
1399 3277 1644 3346 phrasin,
1675 3285 1836 3346 atque
1874 3277 1956 3330 in-

408 3383 570 3435 super
639 3368 1022 3421 auctoritatem
1096 3369 1296 3437 accipit
1347 3368 1490 3422 liber
1547 3376 1693 3422 totus
1753 3383 1820 3422 ex
1863 3368 1962 3420 hac

407 3467 567 3512 talum
611 3459 799 3528 synodi
831 3459 1058 3528 probata
1089 3461 1428 3524 narratione,
1467 3459 1644 3515 videri
1675 3475 1967 3528 possumus

405 3559 584 3601 actum
613 3565 722 3601 non
758 3563 939 3619 agere,
973 3550 1015 3602 si
1055 3550 1200 3603 illam
1257 3552 1632 3604 narrationem
1683 3550 1772 3602 hic
1827 3549 1962 3618 adji-

399 3641 629 3695 ciamus.
657 3641 746 3695 Sic
793 3641 962 3710 igitur
997 3642 1286 3696 lectionem
1335 3657 1487 3696 suam
1533 3647 1964 3712 prosecutusest

401 3731 628 3785 Cosmus
660 3731 953 3784 diaconus:

473 3823 561 3876 57.
591 3821 781 3874 Mulier
802 3821 1045 3891 quautam
1076 3829 1190 3874 erat
1235 3820 1512 3889 Rhosapoli
1545 3819 1764 3882 Ciliciae,
1801 3819 1964 3873 Theo-

409 3921 558 3966 tecna
601 3914 763 3975 dicta,
805 3928 922 3982 ante
959 3911 1288 3966 habitaverat
1343 3929 1462 3965 cum
1515 3913 1626 3965 viro
1674 3929 1769 3966 suo
1810 3913 1964 3966 annis

401 4003 604 4072 viginti,
638 4012 688 4056 et
737 4003 910 4070 ﬁlium
973 4019 1077 4056 non
1127 4003 1324 4056 habuit.
1357 4001 1588 4074 Contigit
1647 4012 1823 4057 autem
1845 4021 1962 4059 eam

403 4097 562 4146 etiam
597 4111 626 4144 a
651 4094 886 4146 dmmone
907 4111 940 4146 α
973 4094 1198 4162 pueritia
1236 4093 1436 4156 vexari,
1467 4101 1516 4145 et
1568 4092 1817 4146 mandere
1865 4091 1967 4144 lin-

369 4187 374 4190 ’
403 4201 583 4253 gnam.
620 4181 710 4236 Vir
741 4193 916 4236 autem
943 4185 1076 4252 ejus,
1105 4183 1250 4236 ultra
1277 4199 1381 4236 non
1403 4183 1580 4237 valens
1607 4185 1824 4252 sufferre
1867 4183 1965 4235 tri-

412 4275 694 4330 bulationis
748 4277 860 4346 ejus
914 4278 1238 4347 angustiam,
1267 4277 1462 4329 dimisit
1526 4275 1676 4328 illam
1726 4291 1757 4327 a
1811 4275 1964 4327 domo

2063 479 2110 522 et
2140 470 2218 538 fer
2251 485 2444 539 aquam
2485 479 2532 520 et
2559 469 2746 539 collige
2769 470 2934 538 ligna.
2971 471 3032 524 Et
3065 475 3266 534 statim,
3307 475 3468 528 veluti
3499 493 3626 530 ven-

2061 569 2162 624 tus,
2196 577 2411 612 currens
2444 571 2489 612 et
2529 563 2856 615 vehementer
2881 573 3114 618 aestuans
3159 565 3363 620 dthOTI
3383 607 3398 632 ,
3427 577 3474 620 et
3523 569 3628 622 tol-

2061 649 2172 703 lens
2207 652 2257 703 in
2291 651 2508 704 muliere
2535 657 2846 720 amphoram
2879 673 3049 724 aquae,
3075 659 3416 724 minabatur;
3451 669 3500 712 et
3533 663 3637 714 im-

2060 739 2255 808 pletam
2286 740 2457 805 illam,
2492 751 2538 794 et
2567 743 2786 797 collecta
2815 746 2878 798 de
2904 747 3038 801 silva
3094 747 3238 818 ligna
3283 751 3484 815 attulit,
3511 753 3628 820 eju-

2062 831 2178 885 lans
2205 843 2250 886 et
2270 833 2444 886 dicens
2469 851 2486 887 :
2515 835 2600 889 Va:
2615 839 2738 891 mihi
2764 839 2904 892 malo
2929 857 3074 895 servo
3094 859 3156 895 ac
3179 843 3438 897 inventori
3463 845 3634 897 malo-

2063 927 2178 976 rum
2205 924 2224 976 !
2241 927 2362 994 quid
2389 943 2572 994 passus
2595 945 2712 982 sum
2739 929 2916 984 ?Nam
2946 951 2976 985 a
3005 934 3226 987 muliere
3271 951 3386 988 mea
3415 945 3630 1006 separat

2062 1032 2144 1068 me
2161 1026 2370 1070 sanctus
2399 1015 2642 1087 Symeon,
2690 1030 2734 1072 et
2771 1021 2894 1089 quid
2949 1023 3144 1090 faciam
3181 1024 3363 1092 infelix
3389 1065 3402 1088 ,
3437 1026 3628 1082 nescio.

2137 1153 2226 1206 58.
2259 1153 2354 1206 llis
2393 1161 2570 1206 autem
2617 1155 2766 1208 dictis
2788 1173 2966 1210 coram
3011 1160 3223 1228 papula,
3267 1163 3356 1230 qui
3381 1180 3631 1216 conrene—

2065 1252 2188 1304 rat;
2225 1251 2498 1311 postquam
2551 1245 2854 1310 adimplcvit
2907 1249 3286 1316 ministerium,
3345 1254 3481 1321 quod
3531 1255 3628 1306 sibi

2063 1333 2236 1400 fuerat
2283 1333 2636 1402 imperatum,
2669 1335 2916 1390 clamavit
2977 1339 3201 1394 altis-one
3225 1383 3240 1405 ,
3305 1343 3556 1413 loquens;
3582 1356 3630 1398 et

2069 1425 2328 1492 aspiciens
2359 1435 2540 1478 contra
2565 1442 2618 1480 se
2643 1429 2853 1480 veniens
2873 1431 3052 1500 fulgur
3091 1435 3224 1503 ignis
3253 1476 3266 1494 ,
3299 1436 3540 1490 currebat
3574 1441 3626 1492 in

2065 1513 2286 1566 muliere
2331 1532 2423 1584 per
2455 1517 2734 1570 circttilum
2764 1529 2932 1574 status
2964 1524 3097 1590 ejus,
3130 1525 3418 1594 plurimum
3455 1537 3504 1582 et
3533 1531 3630 1584 do-

2065 1603 2233 1657 lenter
2269 1607 2575 1670 cruciatus;
2631 1617 2678 1660 et
2709 1610 2889 1664 taliter
2943 1615 3181 1680 protinus
3215 1617 3339 1669 exiit
3367 1635 3384 1672 :
3416 1630 3462 1672 et
3515 1639 3628 1674 mu-

2064 1695 2189 1748 liere
2240 1699 2463 1766 pristino
2503 1699 2674 1772 ordini
2718 1705 2978 1769 restituta,
3029 1706 3224 1762 dimisit
3255 1725 3368 1766 eam
3402 1713 3625 1782 Symctt't

2061 1804 2288 1852 sanam;
2327 1788 2501 1844 dicens
2535 1791 2603 1844 ad
2645 1791 2796 1844 illam
2831 1810 2847 1844 :
2887 1793 3048 1860 Vade,
3083 1799 3290 1864 mulier,
3317 1803 3370 1854 in
3411 1803 3622 1858 domum

2061 1886 2207 1932 tuam
2249 1887 2296 1931 et
2349 1880 2588 1934 cohabita
2631 1901 2748 1936 cum
2777 1885 2885 1938 viro
2912 1897 3036 1950 tuo;
3093 1905 3204 1942 ecce
3251 1893 3392 1946 enim
3429 1895 3622 1950 direxit

2061 1967 2316 2022 Dominus
2341 1986 2430 2022 cor
2463 1973 2597 2040 ejus,
2631 1980 2682 2024 ut
2716 1975 2930 2042 recipiat
2968 1985 3017 2028 te
3046 1995 3162 2032 cum
3197 1982 3390 2049 gaudio
3413 2001 3621 2053 magno.

2063 2055 2212 2121 Quod
2241 2067 2288 2110 et
2321 2059 2516 2126 factum
2573 2070 2666 2115 est.
2733 2063 2968 2135 Cumque
2999 2067 3096 2122 illa
3154 2087 3360 2126 reuersa
3417 2075 3622 2143 fuisset,

2062 2149 2238 2202 statim
2297 2161 2492 2202 rectum
2533 2151 2729 2218 factum
2759 2165 2832 2208 est
2865 2173 2954 2210 cor
2985 2161 3084 2212 viri
3111 2162 3193 2214 sui
3213 2163 3282 2215 ad
3303 2163 3624 2234 diligendum

2059 2255 2211 2302 eam;
2234 2249 2282 2292 et
2313 2242 2584 2311 ingressus
2618 2255 2690 2298 est
2731 2251 2798 2300 ad
2825 2248 2996 2316 illam,
3023 2262 3068 2304 et
3097 2235 3366 2324 confestim
3395 2262 3624 2330 concepit

2061 2331 2114 2382 in
2137 2341 2284 2385 utero
2313 2350 2330 2385 :
2362 2343 2410 2386 et
2441 2337 2696 2406 completo
2723 2357 2864 2394 anno
2889 2343 3122 2398 tulerunt
3178 2365 3398 2416 puerum
3423 2353 3492 2404 ad
3511 2371 3627 2406 ser-

2063 2437 2180 2474 vum
2237 2423 2347 2486 Dei,
2375 2425 2652 2482 laudantes
2683 2439 2731 2482 et
2773 2432 3129 2501 gloriﬁcantes
3157 2437 3342 2494 Deum.
3369 2441 3497 2496 Cum
3531 2463 3627 2497 au-
3683 2491 3686 2494 .

2063 2519 2168 2564 tem
2210 2515 2552 2582 complessent
2600 2522 2894 2574 orationem
2945 2541 3118 2587 suam,
3149 2536 3198 2581 et
3246 2532 3520 2586 rediissent
3557 2537 3627 2588 ad

2063 2604 2334 2671 propriam
2365 2605 2596 2671 domum,
2621 2614 2784 2662 erexit
2811 2613 2999 2666 mulier
3019 2614 3124 2680 ﬁde
3166 2617 3318 2672 ducta
3343 2622 3626 2691 imaginem

2064 2689 2246 2746 Sancti
2267 2699 2322 2746 in
2347 2697 2586 2750 interiori
2618 2700 2773 2753 domo
2797 2717 2895 2756 sua
2925 2720 2942 2756 :
2977 2721 3092 2774 qua:
3119 2710 3440 2776 operabatur
3454 2689 3626 2766 mira-

2063 2784 2204 2846 cula,
2231 2785 2540 2842 obumbrata
2563 2787 2760 2859 Spiritu
2791 2795 2880 2862 qui
2907 2797 3174 2852 habitabat
3215 2803 3270 2854 in
3297 2801 3492 2858 Sancto
3527 2823 3544 2857 :
3578 2815 3625 2858 et

2063 2873 2376 2930 adatmonio
2405 2879 3018 2936 vexatienumdabantur
3059 2887 3187 2952 illic,
3241 2899 3290 2942 et
3349 2909 3413 2946 ea:
3469 2896 3629 2948 uariis

2066 2967 2388 3032 pussionibus
2426 2969 2684 3036 inﬁrmati
2723 2976 3066 3030 curabuntur.
3101 2977 3162 3032 lu
3195 2982 3378 3050 quibus
3417 2996 3464 3038 et
3521 3004 3627 3041 una

1993 3053 2035 3110 C
2069 3057 2290 3116 mulier.
2319 3060 2522 3128 ﬂuxum
2543 3065 2816 3132 sanguinis
2842 3066 3163 3122 incessanter
3193 3089 3285 3142 per
3333 3077 3627 3144 quindecim

2069 3163 2236 3199 annos
2263 3165 2441 3217 passa,
2463 3151 2516 3202 in
2533 3149 2636 3217 ﬁde
2657 3156 2876 3208 accessit
2899 3157 2967 3208 ad
2990 3159 3272 3212 videndum
3297 3161 3578 3232 inmginem
3605 3183 3622 3228 ;

2067 3249 2112 3289 et
2145 3239 2386 3292 continuo
2412 3241 2584 3309 fluxus
2615 3245 2770 3296 stetit.
2791 3241 2938 3297 Discit
2967 3249 3103 3300 enim
3133 3249 3278 3303 intra
3296 3265 3382 3314 se,
3407 3253 3552 3321 quia,
3575 3253 3630 3308 Si

2069 3334 2272 3378 tantum
2297 3327 2471 3381 videro
2513 3330 2906 3386 similitudinem
2954 3335 3088 3404 ejus,
3119 3337 3270 3392 salva
3295 3355 3402 3394 ero.
3447 3341 3630 3396 Videas

2070 3427 2246 3470 autem
2296 3419 2433 3488 quod
2465 3423 2752 3476 exsiccatus
2801 3437 2931 3478 esset
2967 3429 3082 3494 fons
3110 3432 3382 3498 sanguinis
3425 3435 3528 3498 sui,
3561 3436 3629 3488 ad

2068 3511 2328 3564 hominem
2359 3511 2454 3564 Dei
2477 3515 2714 3582 protinus
2759 3520 3009 3578 accurrit,
3038 3520 3267 3572 adorans
3319 3539 3498 3578 coram
3545 3543 3628 3589 eo,

2073 3598 2298 3654 laudans
2339 3611 2388 3654 et
2426 3601 2730 3671 gloriﬁcans
2765 3605 2950 3670 Deum,
2981 3625 3042 3662 ac
3080 3613 3361 3666 errantians
3396 3617 3630 3671 miracu-

2070 3687 2176 3744 lum
2204 3691 2260 3743 in
2291 3707 2344 3744 se
2377 3700 2754 3760 perpetratum.

2139 3825 2226 3879 59.
2259 3821 2398 3880 Huic
2449 3827 2682 3882 alterum
2741 3831 2909 3886 etiam
2963 3834 3289 3891 miraculum
3335 3839 3630 3910 subjicitur

2067 3929 2190 3968 cum
2223 3915 2327 3970 hoc
2357 3917 2517 3971 titulo
2542 3936 2553 3970 :
2581 3917 2715 3973 Item
2737 3920 2862 3992 legit
2891 3923 3139 3993 (Cosmas
3163 3927 3450 4000 diaconus)
3479 3934 3630 3988 aliud

2069 4007 2387 4061 miraculum
2445 4013 2618 4064 sancti
2653 4011 2831 4066 Patris
2886 4014 3193 4085 Symeonis:
3249 4019 3502 4092 idemque
3546 4038 3631 4082 est

2067 4097 2209 4166 quod
2238 4109 2460 4154 sanctus
2488 4101 2727 4159 Joannes
2771 4106 3139 4163 Damascenus
3177 4112 3425 4168 oratione
3455 4118 3518 4180 5,
3555 4117 3632 4172 De

2067 4189 2403 4258 imaginibus,
2435 4207 2543 4246 non
2579 4197 2770 4262 procul
2801 4211 2830 4250 a
2860 4197 2964 4252 line
2983 4199 3226 4268 adducit,
3259 4207 3479 4274 [ιι-αξηχο
3525 4209 3630 4266 hoc

2071 4280 2270 4334 titulo:
2319 4281 2398 4336 Ex
2439 4283 2554 4337 Vita
2597 4289 2768 4341 sancti
2802 4287 3074 4359 Symeonis
3122 4311 3298 4349 rerum
3349 4299 3632 4356 admirabi-

403 4383 522 4430 sua,
557 4377 606 4421 et
633 4385 724 4439 per
756 4377 984 4436 quatuor
1013 4384 1178 4420 annos
1205 4384 1324 4420 cum
1343 4366 1493 4420 nulla
1531 4376 1604 4419 est
1641 4365 1834 4434 femina
1882 4381 1966 4416 so—
1997 4376 2039 4430 ι)
2072 4369 2198 4422 lium
2238 4371 2509 4440 cﬂ‘ectoris,
2541 4379 2784 4430 narratio
2829 4377 3050 4434 Arcadii
3099 4385 3476 4458 archiepiscopi
3529 4367 3630 4462 Cy,-

404 4461 592 4514 ciatus.
633 4459 738 4513 Illa
799 4475 919 4512 vero
976 4461 1188 4512 invento
1225 4460 1476 4512 comitatu
1510 4459 1743 4528 confugit
1769 4457 1836 4510 ad
1864 4456 1962 4508 Ju-

371 4551 374 4554 ’
403 4559 560 4603 stum.
593 4549 724 4604 Cum
775 4559 950 4604 autent
981 4553 1192 4606 vidisset
1227 4569 1342 4605 eum
1376 4553 1602 4615 dwmon,
1629 4552 1812 4604 statim
1863 4551 1965 4617 fre-

407 4642 538 4692 muit
576 4650 623 4693 et
657 4641 1000 4710 torquebatur
1045 4659 1221 4696 coram
1253 4659 1344 4702 eo.
1369 4643 1544 4697 videns
1577 4658 1694 4694 cum
1749 4639 1967 4694 muliere

403 4731 732 4798 spiritualem
775 4733 888 4802 ejus
933 4735 1234 4804 imaginem,
1263 4735 1515 4787 dicentem
1541 4736 1768 4787 humana
1803 4747 1924 4784 uoce
1948 4747 1966 4782 :

403 4817 670 4887 Separabo
711 4827 760 4872 te
796 4821 859 4873 ab
898 4837 982 4886 ea,
1011 4821 1242 4891 maligne
1281 4829 1330 4873 et
1355 4813 1622 4874 immunda
1655 4819 1887 4886 spiritus,
1919 4823 1968 4867 et

405 4917 692 4960 revertetur
729 4909 797 4961 ad
827 4911 996 4962 virum
1027 4927 1199 4974 suum,
1234 4919 1284 4962 et
1323 4911 1568 4980 efficietur
1593 4911 1674 4965 illi
1721 4928 1862 4965 anno
1889 4929 1970 4964 se-

365 5003 372 5010 '
407 4998 582 5061 qaenti
610 4997 861 5065 puer..Et
891 4997 1106 5066 ejulavit
1145 4999 1460 5054 dccmonium
1497 5001 1737 5070 ferociter
1765 5015 1972 5057 contu-r-

407 5093 583 5140 batum
609 5104 626 5141 :
655 5085 700 5141 Ο
725 5087 972 5140 uiolentia
1005 5090 1255 5142 adversus
1285 5107 1366 5143 me
1395 5092 1415 5143 !
1444 5109 1547 5145 non
1575 5101 1649 5146 est
1679 5103 1826 5148 tuum
1859 5113 1972 5150 ma-

408 5178 645 5230 trimonii
689 5177 976 5231 solutiones
1010 5180 1248 5247 efﬁcere:
1285 5182 1488 5250 utquid
1515 5193 1686 5236 autem
1722 5193 1770 5236 et
1798 5185 1970 5252 filium

405 5269 474 5318 eis
506 5267 623 5326 das.
650 5285 765 5322 cum
797 5287 828 5322 a
869 5286 949 5323 me
975 5271 1143 5337 filium
1180 5274 1394 5326 minime
1429 5273 1608 5342 fecerit
1634 5277 1659 5327 .9
1691 5279 1816 5345 quid
1845 5279 1973 5332 mali

407 5356 505 5423 feci
545 5357 666 5420 tibi,
697 5358 778 5412 vel
801 5361 928 5429 quid
957 5363 1164 5430 peccavi
1193 5364 1247 5416 in
1281 5375 1556 5434 conspectu
1581 5375 1690 5431 tuo,
1717 5369 1838 5437 quia
1887 5385 1973 5422 se-

408 5464 570 5516 paras
597 5467 676 5502 me
698 5469 728 5503 a
759 5451 978 5504 muliere
1001 5470 1116 5506 mea
1138 5454 1172 5506 ?'
1186 5453 1244 5509 Si
1260 5471 1462 5508 servum
1488 5474 1568 5509 me
1591 5475 1970 5528 comparasses,

411 5537 564 5589 dares
593 5555 670 5590 me
701 5539 922 5606 forsitan
947 5543 1070 5595 etin
1104 5545 1372 5598 seruitium
1405 5547 1721 5600 hominibus.
1751 5549 1816 5602 At
1849 5566 1970 5602 vero

409 5625 628 5696 Symeon
661 5632 774 5683 ait:
800 5631 934 5696 Quia
966 5633 1136 5688 malus
1171 5651 1352 5690 servus
1385 5651 1457 5701 os,
1481 5654 1790 5710 recognosce
1809 5649 1861 5693 te
1892 5643 1974 5710 ip-

2069 4459 2170 4527 pri,
2205 4459 2518 4514 miraculum
2545 4462 2666 4516 liii.
2720 4463 3038 4522 Confercnti
3088 4481 3271 4525 autem
3333 4459 3630 4546 utrumque

2069 4557 2274 4604 textura
2304 4551 2447 4607 inter
2479 4569 2557 4620 sc,
2625 4557 2834 4610 nullum
2883 4560 3018 4614 mihi
3075 4561 3306 4617 dubium
3339 4575 3446 4630 est,
3498 4570 3632 4638 quin

2067 4657 2132 4695 ex
2162 4641 2352 4696 eodem
2385 4661 2610 4712 prorsus
2636 4647 2828 4704 Graeco
2854 4650 2962 4706 sint
3007 4657 3278 4718 translati.
3323 4657 3400 4712 ita
3431 4674 3634 4714 (ξοην-οε

2069 4731 2230 4786 niunt
2284 4736 2635 4804 principium,
2687 4738 2831 4805 linis,
2891 4743 3126 4810 periodi,
3191 4748 3396 4802 omnia.
3445 4749 3634 4806 Sicubi

2070 4823 2212 4877 forte
2244 4823 2464 4883 Graecus
2521 4829 2836 4885 Damasceni
2899 4841 3079 4888 textus
3105 4847 3303 4902 exstat,
3355 4841 3446 4908 qui
3475 4843 3636 4896 nobis

2070 4914 2229 4980 deﬁt,
2257 4919 2638 4986 comprobabit
2661 4921 2826 4976 dicta.
2859 4925 2954 4978 Est
3007 4935 3188 4982 tamen
3237 4930 3407 4985 altera
3431 4935 3633 5000 versio,

2070 5005 2239 5059 altera
2265 5021 2372 5060 non
2396 5009 2555 5076 paulo
2576 5014 2898 5066 concinnior
2918 5015 3354 5088 elegantiorque.
3380 5019 3634 5080 Vidimus

2067 5097 2176 5166 jam
2197 5096 2608 5152 inamceniorcm
2638 5103 2872 5166 concilii,
2897 5107 3156 5160 succedat
3175 5110 3441 5178 placitura
3465 5115 3636 5184 magis

2073 5188 2410 5244 Damasceni.
2436 5189 2622 5259 Neque
2649 5192 2758 5256 hic,
2793 5205 2948 5264 puto,
2974 5213 3196 5266 operam
3229 5199 3502 5270 perdituri
3546 5219 3638 5258 su-

2071 5295 2194 5332 mus
2220 5279 2582 5335 describendo
2619 5282 2760 5337 hanc
2787 5287 3180 5354 narrationem,
3203 5293 3454 5360 quamvis
3489 5309 3636 5346 eam-

2071 5365 2218 5430 dem,
2247 5367 2416 5421 verbo
2437 5376 2594 5423 tenus
2615 5369 2726 5424 fere
2757 5382 2962 5426 tantum
2981 5373 3407 5447 discrepantem,
3434 5381 3486 5434 in
3515 5381 3634 5436 Vita

2075 5473 2225 5512 num.
2273 5459 2366 5512 ΠΙ
2417 5460 2558 5530 stylo
2615 5473 2804 5517 nostro
2854 5463 3086 5530 demus;
3148 5469 3254 5523 erit
3301 5477 3446 5526 enim
3501 5490 3633 5527 usus

2075 5552 2360 5622 utriusque
2391 5571 2516 5608 mox
2561 5555 2587 5626 §
2619 5572 2734 5626 seq.
2788 5557 2877 5610 Sic
2907 5559 3074 5627 igitur
3107 5561 3285 5629 titulo,
3313 5565 3422 5636 jam
3475 5581 3638 5636 supra

2080 5643 2334 5712 adducto,
2361 5645 2642 5719 subjungit
2669 5651 3033 5707 Damascenus
3059 5671 3071 5706 :
