4016 6208
383 285 525 350 2:183

1649 262 1710 318 S.
1751 251 2045 317 SYMEON
2083 246 2384 310 JUNIOR.

3483 225 3626 290 298i

456 393 544 447 40,
573 387 1004 456 Contigifautem
1029 377 1136 432 illis
1163 373 1432 434 diebus,ut
1461 369 1540 422 eir
1569 365 1782 434 quidam
1811 377 1952 414 mer—
1987 363 2028 420 Α
2059 355 2427 410 scribentem:
2459 347 2609 414 Quod
2638 346 2700 398 de
2721 345 2892 398 codice
2916 341 3131 410 quavis.
3157 351 3218 388 Γπ
3237 351 3339 406 quo
3363 336 3626 404 άεεσνίρτα

1649 455 1655 456 ,
1731 455 1739 456 κ
1901 449 1912 456 .
2171 453 2180 456 -
2334 452 2344 456 -
2387 442 2398 454 ο
2532 441 2544 451 ο
2567 438 2607 456 ικ
2633 455 2658 456 η
2696 437 2740 456 9η
2799 432 3113 456 ηιι-η,ι1.--,..
3141 427 3486 456 17..ιιε.υ..ι,..,..
3517 441 3626 456 ..ουκ

387 490 538 536 eotor
567 449 1105 531 civitatis-Antiochia
1136 464 1286 536 gravi
1327 459 1566 520 molestia
1604 455 1668 508 ab
1724 449 1956 520 improbo

389 575 624 626 daemone
660 566 981 636 aﬂligeretur
1008 558 1197 626 diuque
1219 559 1526 622 angeretur,
1555 545 1686 598 adeo
1715 550 1772 594 ut
1799 541 1956 609 ευπο-

383 669 619 720 curetur,
652 631 941 708 interclusa
976 643 1222 717 spirandi
1247 637 1522 710 facultate.
1565 635 1658 688 llic
1690 631 1952 702 profectus

387 747 457 800 ad
485 744 763 802 Sanctum,
800 747 848 792 et
895 737 1008 806 ejus
1039 731 1272 802 precibus
1301 727 1590 782 sanitatem
1631 724 1704 775 sic
1747 735 1955 774 assecu-

391 845 496 895 tus,
529 842 585 886 ut
613 834 657 886 si
693 828 822 883 nihil
851 840 1086 895 unquam
1115 834 1388 892 perpessus
1409 823 1578 880 esset,
1609 829 1726 866 cum
1745 813 1800 864 in
1827 825 1952 878 pro-

387 927 560 997 prium
603 923 816 974 domum
865 916 1117 975 rediisset,
1138 919 1196 964 ut
1230 909 1370 980 grati
1409 905 1576 964 animi
1609 900 1956 974 signiﬁcatio-

387 991 506 1070 item
551 1014 724 1074 daret,
760 1011 813 1064 in
879 1007 989 1060 loco
1034 1004 1262 1057 civitatis
1307 998 1510 1071 publica
1545 1005 1704 1064 atque
1733 991 1952 1054 illustri,

386 1123 548 1174 supra
579 1103 712 1172 fores
743 1101 958 1170 ofﬁcinae
976 1110 1104 1158 suae,
1122 1092 1401 1162 imaginem
1427 1085 1631 1141 statuit.
1661 1083 1811 1138 lianc
1831 1077 1957 1150 inﬁ-

389 1173 583 1248 delium
609 1191 822 1262 quidam
853 1185 1142 1256 conspicati
1172 1179 1454 1236 luminibus
1487 1187 1535 1230 et
1570 1175 1696 1229 retis
1735 1173 1957 1226 decora-

291 1279 294 1282 ’
390 1298 522 1346 tam.
549 1285 658 1338 zelo
681 1281 846 1352 pleni,
877 1280 956 1332 sui
981 1274 1176 1330 similes
1197 1272 1428 1326 homines
1445 1266 1810 1335 incompositos
1831 1278 1958 1316 con-

389 1377 639 1435 citarunt,
671 1379 728 1423 ut
765 1367 1041 1424 multitudo
1076 1363 1366 1417 conveniret
1415 1358 1728 1427 confuseque
1774 1353 1960 1422 vocife-

392 1475 607 1519 raretur
639 1479 657 1517 :
685 1461 926 1515 Tollatur
948 1475 974 1511 e
997 1458 1127 1521 vita,
1158 1456 1246 1523 qui
1269 1455 1361 1506 hoc
1389 1435 1526 1520 fecit,
1558 1457 1606 1501 et
1626 1449 1799 1516 imago
1825 1445 1958 1513 deji-

388 1559 583 1610 ciatur.
617 1552 806 1606 Divina
838 1557 1014 1602 autem
1043 1543 1368 1616 providentia
1396 1541 1594 1609 factum
1624 1544 1721 1600 est,
1745 1542 1804 1586 ut
1846 1542 1958 1586 tum

393 1647 532 1700 domi
552 1659 661 1697 sua:
686 1659 788 1696 non
811 1631 1458 1702 inveniretur.Cupiebant
1484 1630 1622 1682 enim
1647 1643 1766 1680 eum
1790 1626 1956 1678 inter-

2059 453 2202 508 sunt,
2231 452 2344 496 erat
2379 442 2424 494 is
2455 438 2660 510 quidem
2691 437 2745 488 in
2793 432 3114 486 Bibliotheca
3141 427 3486 481 Vallicettana
3517 441 3632 476 mu-

2061 535 2183 588 tilus
2234 540 2284 585 et
2343 527 2610 596 ἀκέφαλος
2637 543 2653 558 ο
2691 525 2780 578 sed
2817 520 3128 576 Laurentius
3181 517 3388 570 Portins
3425 515 3528 583 (est
3583 515 3630 568 is

2060 625 2334 695 Symonis.
2363 620 2455 689 qui
2489 617 2872 672 Dictionarium
2931 612 3199 672 Latinum,
3227 605 3627 662 Greece-barba-

2061 734 2180 775 rum
2231 724 2277 768 et
2325 711 2553 766 litterale
2603 707 2830 764 Parisiis
2883 703 3040 764 l655,
3073 699 3286 764 edidit,
3318 697 3531 760 frater;
3567 703 3626 748 et

2060 821 2214 862 suam
2268 801 2428 858 nobis
2458 813 2682 870 Operam
2721 797 2775 850 in
2809 789 3192 848 describendis
3246 787 3394 841 Actis
3423 784 3624 840 Graecis

2059 895 2238 970 pretio
2268 889 2550 948 moderato
2583 886 2806 950 locavit,
2839 883 2998 940 islius
3023 879 3304 935 idlomatis
3330 875 3622 930 admodum

2061 966 2326 1058 peritus),
2359 981 2450 1036 sed
2481 979 2819 1039 Laurentius,
2849 974 3048 1043 inquit,
3081 971 3292 1024 Portius
3313 967 3402 1034 qui
3428 966 3624 1018 descri-

2059 1055 2159 1144 psit
2179 1089 2240 1126 ea:
2265 1071 2371 1125 alio
2397 1067 2686 1138 exemplari
2715 1064 2902 1118 ibidem
2937 1071 3160 1131 reperto,
3182 1073 3344 1111 manu
3377 1055 3494 1108 licet
3524 1071 3624 1106 an--

2061 1165 2356 1236 tiquissima
2379 1169 2428 1213 et
2445 1161 2564 1230 jam
2597 1156 2913 1210 exolescente
2939 1154 3202 1222 scriptura
3239 1155 3480 1207 exorato,
3501 1161 3628 1212 sup-

2061 1259 2215 1330 plerit
2267 1272 2370 1308 non
2420 1267 2582 1324 parvo
2609 1249 2787 1304 labore
2815 1262 2908 1302 suo
2943 1243 3081 1314 quod
3109 1243 3309 1300 deerat,
3343 1241 3392 1290 et
3413 1236 3629 1302 integri-

2060 1353 2158 1406 tati
2181 1349 2292 1419 fere
2323 1343 2650 1416 primigenite
2683 1354 2810 1408 opus
2831 1337 2925 1392 hoc
2949 1334 3192 1388 reddidit.
3219 1331 3394 1400 Caput
3419 1336 3626 1386 autem,

2060 1439 2207 1512 quod
2241 1438 2452 1506 reliquo
2485 1432 2702 1502 corpori
2730 1431 2786 1484 in
2809 1428 2998 1484 codice
3035 1425 3274 1480 definisse
3315 1434 3372 1474 et
3403 1415 3624 1474 aliunde

2059 1511 2375 1600 suppletum
2421 1525 2626 1580 dicitur
2659 1561 2676 1587 ,
2735 1529 2822 1575 est
2875 1517 2966 1572 illa
3021 1531 3147 1586 pars
3191 1511 3406 1582 Prologi
3461 1522 3626 1579 quam

2061 1599 2257 1691 primis
2315 1617 2532 1672 duobus
2576 1610 2826 1668 numeris
2873 1605 3142 1675 complexi
3171 1619 3380 1658 sumus.
3409 1599 3628 1655 Profert

397 1734 589 1803 ﬁcere;
622 1746 740 1784 cum
779 1727 916 1780 alius
955 1722 1103 1778 aliud
1151 1721 1443 1773 clamaret:
1475 1731 1600 1768 nam
1637 1727 1820 1766 eorum
1865 1725 1958 1761 ne-
1988 1696 2036 1755 Β
2063 1719 2326 1782 prmterea
2356 1707 2621 1764 Pessinus
2673 1703 2729 1756 in
2775 1699 2969 1760 eadem
2994 1695 3226 1768 epistola
3252 1707 3412 1748 suum
3441 1692 3510 1746 de
3541 1691 3632 1744 his

391 1798 560 1890 quitia
587 1819 753 1875 multa
803 1824 851 1870 et
883 1829 1080 1884 magna
1121 1819 1235 1864 erat
1269 1809 1324 1862 in
1351 1811 1624 1874 conspectu
1649 1801 1744 1855 Dei
1785 1798 1956 1860 ualde,

2061 1781 2214 1858 Actis
2265 1798 2558 1856 admodum
2607 1787 2902 1856 laudabile,
2939 1805 3040 1850 nec
3087 1785 3348 1856 ponderis
3397 1781 3627 1836 minoris

393 1925 442 1969 et
469 1916 727 1968 immensa
755 1907 976 1968 invidia,
1002 1921 1107 1974 qua
1136 1899 1343 1972 quidem
1367 1894 1580 1967 impulsi
1613 1909 1672 1946 eo
1707 1903 1960 1944 conuene-
2058 1895 2328 1966 judicium
2365 1908 2380 1949 ;
2417 1887 2498 1944 Ex
2539 1888 2707 1942 animi
2743 1887 2843 1938 mei
2881 1877 3146 1937 ερηιεηιεα
3175 1919 3190 1940 ,
3215 1878 3414 1947 inquit.
3462 1874 3629 1946 ργοβ-

395 2012 540 2068 runt,
565 2002 920 2054 existimantes
967 2009 1022 2048 se
1077 1999 1256 2046 nactos
1287 2003 1396 2042 esse
1445 1985 1790 2044 occasionem,
1855 1995 1960 2049 qua

391 2103 635 2148 sanctum
689 2089 947 2144 hominem
995 2084 1350 2155 opprimerent
1403 2086 1452 2131 et
1512 2077 1773 2146 aﬂicerent
1809 2074 1963 2141 igno-

395 2186 583 2247 minia,
619 2181 755 2253 quod
807 2193 944 2248 ηερε
993 2175 1312 2245 impietatem
1339 2177 1391 2223 et
1447 2182 1676 2222 errorem
1718 2163 1957 2226 illorum,

395 2274 483 2344 qui
503 2251 768 2342 cumlipsis
796 2269 860 2322 de
883 2265 1131 2336 religione
1162 2261 1300 2316 male
1337 2261 1628 2320 sentirent,
1659 2251 1963 2322 redarguit-

393 2371 490 2417 set.
525 2360 658 2416 Cum
685 2360 844 2430 igitur
879 2363 1084 2408 tantam
1119 2352 1384 2410 insaniam
1433 2346 1664 2400 cohibere
1698 2358 1800 2394 non
1843 2355 1964 2410 pos-

395 2461 536 2516 sent,
569 2450 778 2504 cuidam
809 2447 1040 2501 militum
1093 2441 1440 2504 mandarunt,
1497 2443 1552 2488 ut
1602 2433 1796 2505 gradus
1843 2447 1967 2484 con-

395 2543 662 2598 scenderet
691 2548 740 2594 et
791 2537 1076 2606 imaginem
1109 2533 1429 2585 deturbaret.
1471 2528 1573 2593 Qui
1621 2543 1737 2580 cum
1777 2537 1964 2578 ascen-

395 2637 551 2687 disset
573 2641 622 2684 et
661 2645 848 2683 manus
881 2625 1197 2682 extenderet,
1227 2629 1284 2673 ut
1299 2614 1452 2691 fassa
1480 2615 1964 2689 perﬂeeret.statim

401 2724 613 2776 eallisus
647 2729 744 2784 est,
776 2735 803 2770 e
829 2715 1097 2784 superiore
1149 2709 1260 2764 loco
1323 2707 1568 2778 delapsus
1627 2707 1868 2760 deorsum
1909 2703 1965 2756 in

401 2823 642 2868 terram:
675 2821 721 2864 et
755 2822 978 2878 magnus
1023 2801 1278 2857 tumultus
1313 2801 1370 2852 in
1403 2798 1558 2852 turba
1583 2805 1658 2850 est
1688 2798 1964 2850 excitatus.

413 2899 839 2973 lnﬂammatique
889 2898 1235 2966 perrexerunt
1277 2889 1506 2944 alterum
1543 2887 1786 2940 adhibere
1813 2929 1828 2953 ,
1877 2885 1966 2953 qui

415 3011 574 3056 manu
608 3003 846 3067 protenta
876 3009 993 3048 cum
1025 2989 1297 3050 delrahere
1329 2987 1612 3063 i‘maginem
1637 2991 1748 3058 ipse
1767 3002 1968 3060 quoque
1993 3032 2036 3088 Ο

407 3104 709 3156 conaretur,
737 3093 882 3146 humi
913 3092 1114 3162 pariter
1143 3089 1342 3158 efﬁctus
1371 3094 1465 3140 est.
1497 3083 1610 3150 Quo
1649 3083 1856 3152 quidem
1891 3079 1971 3152 {a-

405 3191 510 3249 cto,
541 3193 680 3236 metu
731 3197 908 3234 omnes
938 3179 1226 3250 perterriti,
1258 3178 1426 3230 crucis
1467 3177 1676 3245 signum
1717 3173 1814 3226 sibi
1867 3171 1969 3240 ipsi

406 3279 670 3344 coeperunt
725 3272 1018 3325 admovere.
1045 3268 1233 3322 Verum
1271 3283 1386 3321 cum
1426 3266 1595 3319 adhuc
1619 3262 1854 3332 inﬁdeles
1891 3261 1972 3314 illi

401 3363 719 3423 insanircnt,
751 3361 962 3412 tertium
983 3357 1161 3412 eodem
1192 3355 1462 3426 impellere
1485 3371 1588 3408 non
1615 3353 1920 3407 destiterunt
1953 3368 1970 3405 :

377 3493 382 3496 -
410 3454 500 3524 qui
530 3469 647 3505 cum
682 3467 900 3504 manum
930 3449 1264 3512 ostendisset,
1295 3455 1354 3500 ut
1385 3447 1668 3516 imaginem
1689 3445 1934 3514 dejiceret
1953 3479 1969 3506 ,

408 3545 521 3614 ipse
553 3555 755 3610 quoque
795 3537 1038 3593 similiter
1083 3537 1401 3607 confractus,
1431 3536 1485 3588 in
1532 3541 1728 3588 terram
1762 3533 1968 3585 decidit.

407 3634 548 3688 Tunc
566 3631 746 3700 ﬁdeles
777 3646 975 3694 omnes,
1005 3630 1094 3700 qui
1125 3626 1555 3688 circumstabant,
1579 3640 1802 3694 magnus
1825 3623 1976 3675 inea-

409 3726 476 3779 sit
507 3726 685 3786 timor,
721 3731 770 3774 et
825 3719 1118 3788 inﬁdelium
1162 3718 1448 3773 caecitatem
1502 3722 1658 3784 atque
1696 3711 1974 3766 audaciam

408 3815 680 3878 admirati,
697 3813 980 3883 imaginem
1006 3813 1288 3866 adorantes
1319 3823 1436 3861 cum
1467 3804 1848 3878 precationibus
1869 3803 1976 3856 dis-

407 3913 698 3968 cesserunt.
752 3903 1028 3958 Hactenus
1068 3902 1458 3956 Damascenus.
1485 3896 1912 3952 Recitatishisce
1945 3909 1976 3948 a

409 3996 604 4055 Cosma
636 3996 868 4050 diacono
899 4009 1080 4050 coram
1112 3992 1368 4048 Patribus
1397 3988 1614 4046 concilii
1659 3987 1974 4050 miraculis,

413 4089 530 4146 haec
586 4088 773 4142 statim
823 4085 1236 4156 subjiciuntur,
1270 4084 1525 4146 illorum,
1553 4081 1632 4136 uti
1693 4087 1750 4134 et
1805 4079 1977 4132 totius

399 4179 558 4240 ,γεω
577 4187 798 4240 ηοειι-ω,
827 4177 987 4230 ﬁdem
1017 4183 1072 4230 et
1095 4174 1478 4229 auctoritatem
1501 4171 1756 4243 augentia
1792 4188 1805 4224 :
1839 4168 1977 4224 Con-

406 4271 675 4334 stantinus
733 4268 1094 4330 sanctissimus
1147 4267 1410 4335 episc0pus
1453 4263 1774 4320 Constantia:
1819 4259 1978 4330 Cypri

2065 1995 2176 2039 teor
2201 2000 2300 2046 me,
2327 1983 2382 2035 in
2409 1982 2472 2035 iis
2500 1984 2746 2033 accurate
2763 1973 3001 2046 perlectis
3019 2013 3033 2036 ,
3065 1967 3196 2024 nihil
3212 1969 3310 2023 nisi
3333 1965 3622 2020 verisimili-

2064 2085 2164 2138 ter,
2220 2073 2525 2144 prudenter,
2559 2069 2826 2138 eleganter
2877 2065 3134 2134 scriptum
3191 2061 3508 2114 observasse.
3549 2055 3632 2108 Ea:

2065 2183 2167 2236 quo
2194 2165 2320 2234 ccepi
2345 2163 2533 2232 legere,
2565 2167 2737 2212 tenere
2773 2172 2852 2210 me
2883 2171 2986 2208 non
3007 2165 3244 2228 poteram
3271 2151 3432 2204 donec
3461 2147 3634 2201 absol-

2065 2272 2262 2314 verem.
2295 2254 2466 2310 Tanta
2492 2259 2607 2309 erat
2645 2243 2933 2318 voluptas;
2967 2257 3059 2300 nec
3093 2241 3266 2298 minor
3295 2249 3488 2294 tenerae
3515 2236 3633 2291 reli-

2063 2348 2234 2418 gionis
2263 2360 2464 2408 sensus,
2503 2359 2593 2396 cor
2623 2331 3005 2410 liquefacientis
3033 2351 3197 2406 usque
3229 2331 3299 2388 ad
3343 2332 3628 2401 lacrgmas.

2065 2439 2254 2508 Itaque
2283 2434 2671 2518 rara/existimo
2715 2431 2932 2500 reperiri
2965 2429 3078 2498 ejus
3129 2426 3331 2498 generis
3385 2422 3634 2477 ecclesia-

2066 2517 2202 2584 sticd
2230 2515 2590 2588 monumenta,
2616 2539 2733 2594 qua:
2755 2519 2880 2589 ﬁde,
2914 2519 3248 2582 auctoritate,
3279 2515 3632 2569 concinnitate

2065 2619 2478 2690 compositionis,
2511 2613 2927 2670 admirabilitate
2973 2627 3150 2664 rerum
3201 2625 3306 2663 non
3359 2605 3636 2661 incredibi—

2069 2709 2188 2764 liter
2231 2716 2598 2768 narratarum,
2627 2704 2746 2775 pari
2785 2719 2902 2756 cum
2926 2701 3004 2754 his
3031 2700 3172 2755 Actis
3199 2699 3325 2768 jure
3355 2699 3634 2752 editionem

2067 2805 2338 2875 lucemque
2367 2810 2689 2857 mereantur.
2724 2797 2968 2857 Verbum
2999 2795 3087 2854 his
3129 2811 3238 2852 mm
3294 2793 3460 2850 addo.
3486 2791 3636 2848 Reli-

2067 2915 2230 2975 quam
2260 2896 2328 2957 de
2359 2893 2560 2969 se'ipsa
2594 2898 2726 2952 Acta
2759 2895 2920 2950 ﬁdem
2951 2892 3189 2948 facient:
3221 2888 3462 2960 perlege.

2139 2995 2228 3050 42.
2269 2994 2344 3048 De
2371 2999 2599 3056 auctore
2625 2995 2892 3059 quantum
2927 2981 3142 3052 assequi
3173 2981 3336 3044 licet,
3363 2978 3636 3032 dicamus.

2071 3084 2352 3155 Principio
2407 3084 2542 3138 Vitae
2571 3078 2826 3150 prmﬂxus
2855 3081 2974 3132 erat
3003 3073 3094 3130 hic
3129 3071 3342 3132 titulus,
3373 3069 3498 3130 Bia;
3543 3063 3640 3120 καὶ

2071 3154 2317 3232 πολιτεία
2362 3174 2456 3228 τοῦ
2495 3173 2644 3226 ὁσίου
2688 3167 2899 3238 Πατρὶς
2923 3165 3078 3236 ἡμῶν
3101 3155 3326 3232 Συμεὼν
3347 3157 3439 3212 τοῦ
3475 3160 3530 3210 ὲν
3553 3154 3634 3224 τῷ

2071 3265 2379 3337 Bantia.an
2405 3267 2580 3334 Ὄρει,
2613 3261 2994 3332 συγγραφέντα
3025 3255 3173 3326 παρὰ
3191 3252 3513 3337 ⁸Ικῐυιηςρόρου
3543 3248 3638 3302 τοῦ

2071 3360 2386 3429 Μαγιστρου
2421 3355 2748 3425 Ἀντιοχείας
2775 3351 2869 3405 τοῦ
2895 3323 3157 3420 Οὐρανοῧ·
3179 3323 3298 3400 Ῠὶῑα
3327 3351 3374 3398 et
3412 3358 3628 3396 cancer.

2069 3452 2206 3505 satio
2251 3449 2423 3502 sancti
2459 3447 2636 3502 Patris
2679 3445 2846 3498 nostri
2869 3439 3142 3512 ngeonis
3176 3439 3230 3490 in
3275 3435 3450 3490 Monte
3473 3433 3642 3488 Mira-

2073 3539 2184 3602 bili,
2235 3539 2534 3606 conscripta
2565 3553 2598 3590 a
2643 3533 2934 3602 Nicephoro
2999 3527 3254 3598 Magistro
3299 3524 3587 3580 Antiochia:
3618 3561 3636 3584 ,

2075 3631 2274 3686 Cretum
2320 3630 2476 3683 dicto.
2515 3627 2672 3683 Unde
2727 3639 2859 3678 vero
2909 3622 3016 3676 hoc
3060 3619 3112 3675 ei
3161 3625 3584 3689 cognomentum
3615 3614 3642 3666 ἲ

2076 3722 2340 3776 Existimo
2364 3720 2510 3790 quod
2535 3720 2604 3774 ab
2629 3716 2979 3786 eloquentiae,
3013 3729 3178 3784 quam
3215 3712 3270 3765 in
3297 3708 3638 3764 Antiochena

2075 3814 2296 3870 civitate
2345 3811 2566 3880 publice
2615 3806 3004 3879 profitebatur,
3067 3809 3269 3858 ornatu
3329 3797 3640 3869 singulari,

2075 3905 2204 3974 quia
2234 3902 2412 3960 oratio
2455 3902 2574 3972 ejus
2627 3899 2809 3953 omnis
2855 3895 3154 3952 rhetoricis
3221 3891 3544 3948 luminibus,
3583 3895 3644 3940 ut

2077 3995 2280 4052 caelum
2336 3993 2532 4056 stellis,
2559 3988 2967 4061 resplendebat,
2999 3986 3174 4040 Habet
3231 3982 3452 4054 quidem
3498 3977 3644 4048 apud

2077 4086 2295 4140 Graecos
2331 4099 2439 4138 vox
2464 4081 2753 4150 Μαγίστηρ
2783 4079 2870 4134 vel
2925 4075 3240 4146 Μαγίστρος
3289 4069 3648 4142 signiﬁcatio-

2079 4191 2205 4232 nem
2231 4175 2398 4230 etiam
2433 4173 2619 4234 aliam.
2651 4179 2712 4226 ut
2741 4170 2812 4226 sit
2863 4169 3056 4230 titulus
3105 4167 3160 4226 in
3194 4165 3318 4220 aula
3353 4166 3646 4232 imperato-

2081 4267 2158 4322 ris
2187 4265 2505 4337 primarius,
2540 4275 2596 4319 et
2623 4263 2873 4319 Caesareo
2918 4259 3222 4331 proximus.
3261 4263 3398 4310 teste
3437 4252 3644 4308 Cedre-

409 4357 579 4424 άίπὶιε
611 4357 734 4414 H030
767 4357 994 4427 quidem,
1015 4355 1371 4412 -h0"0"ab“¢8
1401 4353 1610 4420 Ραινεεν
1637 4355 1700 4408 de
1750 4355 1826 4408 lu"
1859 4367 1976 4423 qm
2009 4365 2054 4420 D
2077 4375 2168 4426 ne,
2201 4373 2373 4428 quare
2409 4356 2573 4412 etiam
2603 4355 2992 4424 imperatorum
3019 4349 3214 4404 fratres
3252 4345 3459 4412 ﬁliique
3517 4355 3648 4398 eum

415 4451 560 4504 lectte
581 4457 725 4514 sunt,
758 4448 1054 4510 audivimus
1077 4455 1125 4500 et
1163 4446 1441 4510 credimus.

413 4605 602 4680 §Vlll.
638 4603 912 4680 Desancti
961 4600 1232 4680 ngeonis
1297 4600 1434 4680 Vita,
1479 4600 1900 4680 nunc‘primum
1945 4615 1979 4652 a

627 4675 772 4728 nobis
803 4675 858 4727 in
891 4671 1062 4726 lucem
1101 4673 1261 4736 edita,
1289 4671 1503 4740 eiusque
1533 4675 1766 4722 auctore.

482 4813 570 4876 41,
605 4809 706 4866 Cui
733 4808 1034 4880 plurimum
1059 4805 1194 4870 Acta
1213 4812 1546 4870 sanctorum,
1571 4811 1632 4858 et
1661 4817 1763 4858 nos
1787 4841 1803 4867 ,
1844 4810 1902 4860 et
1921 4811 1980 4858 tu

419 4905 644 4966 Lector,
687 4901 944 4958 Caslitum
981 4898 1262 4958 studiosus
1303 4897 1510 4968 gloriae,
1545 4895 1848 4962 debemus,
1895 4905 1982 4951 est

417 4993 486 5050 ll.
503 4995 561 5050 P.
579 4995 776 5050 Petrus
793 4991 1053 5054 Pessinus
1070 4989 1360 5046 Soeictatis
1378 4995 1596 5042 nostrae.
1618 4987 1828 5044 Nomen
1850 5001 1978 5058 ego;

416 5095 616 5142 czetera
641 5087 770 5142 libri
805 5085 874 5142 ab
905 5086 1024 5154 ipso
1047 5083 1180 5145 editi
1212 5093 1270 5138 et
1301 5082 1561 5152 frequens
1591 5081 1646 5136 in
1697 5081 1848 5137 hisce
1873 5082 1980 5136 Ac-

417 5176 492 5232 tis
521 5177 788 5232 memoria
815 5177 1130 5252 loquentur.
1165 5173 1392 5230 Curavit
1449 5173 1562 5239 ille,
1590 5180 1715 5242 post
1765 5181 1982 5228 nostro-

420 5283 538 5321 rum
567 5267 896 5322 Henschenii
929 5275 1093 5334 atque
1149 5264 1510 5334 Papebrochii
1544 5263 1848 5319 discessum
1877 5263 1984 5318 Ro-

421 5374 528 5416 ma.
565 5357 802 5412 describi
833 5357 1009 5412 Vitam
1039 5355 1180 5408 hanc
1230 5371 1298 5410 ex
1334 5355 1524 5408 codice
1553 5353 1744 5408 Graeco
1775 5353 1982 5407 Biblio-

429 5450 598 5502 thecae
617 5447 1002 5511 Vallicellanaa,
1024 5461 1144 5514 qme
1167 5453 1252 5500 est
1267 5444 1718 5514 Cougregationis
1743 5444 1983 5498 Oratorii

431 5541 488 5592 ς.
521 5539 756 5608 Philippi
819 5537 990 5591 Nerii.
1027 5536 1132 5589 Sed
1179 5537 1358 5606 ipsum
1405 5536 1590 5605 potius
1619 5535 1684 5589 de
1719 5535 1806 5588 his
1832 5535 1980 5593 audi.

427 5630 625 5684 litteris
655 5643 798 5683 anno
843 5627 997 5692 1036,
1030 5643 1100 5681 xu
1131 5629 1244 5682 ηεξ.
1280 5628 1451 5682 Julius
1495 5628 1666 5681 Bonna
1697 5627 1858 5690 datis,
1905 5628 1983 5681 sic

2079 4467 2191 4508 non
2253 4447 2532 4520 dedignati
2589 4454 2741 4508 sunt,
2767 4452 2826 4499 et
2881 4443 2988 4497 hoc
3048 4455 3212 4494 sensu
3249 4437 3484 4507 Symcon
3529 4433 3648 4498 ille,

2079 4544 2243 4616 vulgo
2271 4541 2688 4611 Metaphrastes,
2719 4536 2973 4606 Magister
2989 4545 3208 4602 quoque
3234 4529 3414 4584 dictus
3429 4524 3648 4580 estNa-

2079 4649 2204 4690 rum
2229 4649 2340 4688 non
2361 4647 2461 4702 pro
2485 4645 2591 4685 una
2624 4630 2846 4684 civitate
2881 4635 2974 4682 aut
2997 4625 3120 4680 loco
3143 4622 3376 4677 dabatur
3397 4617 3491 4672 hic
3509 4615 3646 4672 titu-

2081 4722 2190 4786 lus,
2219 4722 2451 4790 ideoque
2465 4733 2684 4788 semper
2709 4715 2990 4772 invenitur
3010 4713 3128 4768 sine
3151 4707 3417 4778 ejusmodi
3439 4702 3650 4759 addita-

2083 4803 2290 4875 ménto,
2321 4826 2462 4880 θεῖνε
2489 4809 2656 4872 etiam
2691 4823 2816 4864 cum
2861 4804 3125 4876 epithetis
3153 4798 3520 4871 Ιιερισλέπτου
3553 4803 3648 4848 aut

2084 4901 2445 4974 Περιφανοῦς,
2492 4901 2771 4970 Conspicui
2823 4897 2909 4952 vel
2963 4893 3215 4952 Illustris.
3257 4890 3358 4944 Hic
3391 4902 3523 4941 vero
3555 4883 3650 4938 Ni-

2081 4999 2334 5065 eephorus
2359 5007 2618 5064 expresse
2637 4991 2842 5046 dicitur
2869 4988 3122 5057 Magister
3165 4981 3455 5040 Antiochiw
3477 4995 3495 5032 :
3515 4977 3648 5032 soli-

2085 5097 2168 5144 tas
2199 5097 2382 5142 autem
2405 5083 2660 5140 civitates
2691 5079 2960 5152 ejusmodi
2991 5073 3300 5148 primat-ias,
3329 5069 3511 5142 qualis
3536 5070 3648 5122 An-

2085 5179 2288 5234 tiochia
2319 5184 2458 5239 erat,
2487 5189 2690 5244 magno
2741 5170 3017 5242 stipendio
3081 5166 3390 5224 conductos
3447 5159 3650 5216 habere

2085 5270 2334 5340 egregios
2359 5266 2691 5336 eloquentiae
2739 5263 3030 5333 magistros
3093 5259 3178 5313 vel
3223 5271 3292 5312 ex
3344 5251 3646 5324 Augustino

2087 5361 2309 5415 scimus.
2349 5356 2615 5428 ejusmodi
2643 5371 2744 5424 spe
2775 5355 3004 5414 Romam
3059 5349 3264 5408 delato.
3299 5345 3486 5400 Talem
3519 5355 3646 5394 vero

2085 5445 2256 5499 fuisse
2281 5445 2630 5513 Nicephorum
2659 5443 2802 5496 hunc
2832 5450 3080 5496 nostrum
3111 5436 3258 5507 quod
3287 5445 3344 5490 et
3391 5431 3645 5488 Possinus

2088 5535 2320 5594 censuit,
2361 5551 2469 5588 non
2530 5534 2654 5594 ideo
2692 5531 2948 5598 dubites,
2989 5529 3117 5600 quia
3168 5525 3512 5594 Nicephorus
3540 5519 3642 5573 Ca-

2089 5627 2248 5680 listus
2281 5627 2373 5680 lib.
2401 5641 2531 5680 sum
2561 5625 2804 5678 Historiae
2855 5622 3032 5677 cccles.
3061 5635 3179 5689 cap.
3209 5617 3298 5684 25,
3336 5628 3458 5672 cum
3482 5611 3640 5680 bullis
