4056 6198
1633 221 1695 281 5.
1736 217 2113 280 SYMEONIS
2149 219 2506 282 IUNIORIS

445 443 3657 478 Μ

1125 662 1562 754 .S‘ANCTI
1653 661 2267 752 SYMEONIS

2365 660 2942 755 JUNIORIS

1861 902 2253 1030 VITA

755 1166 1218 1230 CONSCRIPTA
1261 1168 1307 1226 A
1335 1165 1813 1239 'NICEPHORO,
1859 1166 2031 1227 MAG}

2136 1167 2248 1228 ’ΒΟ
2294 1166 2748 1242 ΑΝΤΙΟΟΗΙᾸΞ,
2801 1165 3146 1232 COELUM
3177 1166 3429 1231 ‘DICI‘O.

1075 1333 1169 1383 Ex.
1197 1331 1286 1382 Ms.
1313 1332 1656 1384 Vallicellanae
1687 1332 2006 1383 Bibliothecae
2027 1334 2156 1396 apud
2189 1334 2364 1384 Patres
2388 1332 2604 1384 Oratorii
2638 1334 2824 1395 Roma,
2857 1335 2975 1387 Cod.
2998 1336 3057 1388 B.

606 1481 940 1550 winterpretc
970 1481 1522 1552 ConradoJanningo
1545 1481 1835 1536 Societatis
1863 1480 2013 1536 Jesu.
2041 1481 2203 1536 Edid.
2243 1481 2508 1538 Βοιιλκο.
2541 1483 2655 1538 Act.
2704 1482 2912 1546 Sanct..
2952 1493 2993 1540 t.
3034 1484 3076 1541 γ
3100 1483 3253 1553 Maii,
3279 1497 3336 1554 p.
3361 1483 3486 1540 501.

1769 1795 1838 1868 Ῥ
1851 1791 2184 1869 ROLOG
2202 1790 2355 1868 US.

505 1960 1117 2021 LBenedi'ctusDeus'l
1176 1964 1291 2022 Deo
1331 1968 1538 2038 quippe
1587 1966 1847 2025 benedici
1911 1984 2014 2040 par

2190 1976 2260 2025 α’.
2289 1969 2594 2040 Εὐλογητὸς
2609 1969 2811 2034 δ’Θεός
2842 1970 2857 2025 ι
2893 1969 3059 2026 αὑτὸν
3092 1968 3202 2040 γὰρ
3229 1965 3474 2037 εὐλογεῖν
3501 1960 3660 2030 ἄξιον
3681 2001 3700 2028 ,

437 2059 546 2116 est.
572 2067 603 2110 a
655 2054 818 2110 nobis
858 2057 1161 2127 praecipue,
1221 2058 1314 2128 qui
1351 2059 1417 2114 ad
1473 2061 1800 2116 memoriam
1840 2060 2016 2116 divini

2136 2063 2216 2117 ιαὶ
2237 2064 2316 2127 εις
2340 2065 2562 2134 μνήμην
2592 2063 2821 2128 ἑαυτοὺς
2846 2061 2942 2116 τοῦ
2967 2063 3114 2117 θείου
3135 2061 3364 2133 Συμεὼν
3385 2057 3705 2121 καθιέντας.

435 2142 725 2216 Symconis
759 2145 1066 2203 faciendam
1110 2150 1474 2222 accingimur.
1529 2161 1810 2224 gestorum
1869 2153 2019 2208 illius

435 2235 968 2291 conscribendorum
1027 2239 1312 2308 provincia
1369 2253 1660 2314 suscepta:
1707 2243 2018 2316 Symeonis,

433 2324 686 2396 inquam,
715 2327 888 2393 illius,
921 2329 1017 2400 qui
1048 2331 1105 2384 in
1138 2331 1321 2387 Monte
1350 2333 1584 2388 Mirabili
1608 2336 1909 2408 angelicam
1933 2336 2020 2391 in-

414 2420 720 2476 -stituendo
751 2420 918 2476 vitam
968 2421 1174 2487 eﬁ'ecit,
1210 2423 1263 2477 id
1312 2425 1660 2496 cognominis
1712 2428 1888 2482 monti
1925 2429 2024 2482 ad-

438 2510 665 2566 haesisse
694 2554 709 2576 ,
741 2521 796 2566 et
819 2511 1066 2566 vicissim
1099 2513 1215 2582 ipse
1241 2528 1309 2567 ex
1333 2529 1402 2568 eo
1450 2516 1632 2581 traxit,
1687 2532 1782 2571 seu
1837 2517 2023 2586 potius

439 2601 519 2656 illi
552 2617 754 2656 nomen
777 2617 844 2656 ex
880 2617 938 2656 se
967 2601 1142 2656 dedit.
1165 2603 1313 2672 'lpse
1377 2621 1617 2676 namque
1668 2607 2022 2662 manifeStum

417 2691 538 2748 ‘Dei
567 2693 771 2748 donum
799 2692 1009 2748 mundo
1064 2692 1228 2749 datus
1270 2702 1376 2760 est,
1433 2710 1463 2748 a
1528 2696 1639 2750 Deo
1694 2696 2017 2766 priuslluam

425 2785 780 2840 formaretur
809 2785 1040 2850 electus,
1087 2793 1217 2841 ante
1263 2789 1682 2858 conceptionem
1731 2790 2024 2844 annuntia-

443 2885 553 2940 tns.
581 2887 710 2932 ante
760 2879 1108 2934 nativitatem
1137 2875 1550 2934 sanctiﬁcatus:
1608 2889 1669 2934 ut
1712 2894 1811 2935 nos
1839 2880 2022 2950 ipsum

443 2985 552 3026 non
583 2969 751 3026 modo
795 2969 1628 3036 intercessorem.mediatorem
1675 2979 1840 3040 atque
1878 2969 2026 3027 arbi-

430 3073 592 3118 trum
627 3063 722 3132 qni
747 3062 1083 3134 corporibus
1118 3062 1326 3118 nostris
1360 3063 1575 3133 pariter
1623 3077 1689 3118 ac
1725 3061 2025 3117 animabus

436 3153 652 3207 mederi
685 3161 892 3222 posset,
941 3151 1310 3219 haberemus;
1360 3167 1555 3208 verum
1603 3153 1772 3208 etiam
1805 3166 2026 3222 expres-

445 3259 562 3297 sam
589 3242 716 3296 vitae
757 3241 1014 3302 solitaria:
1059 3242 1239 3296 ideam
1285 3250 1343 3296 et
1371 3243 1627 3312 practicae
1664 3241 2024 3313 philosophiae

2121 2155 2219 2208 καὶ
2261 2155 2333 2208 τὰ
2383 2157 2506 2210 κατ’
2531 2155 2696 2208 αὑτὸν
2734 2153 2838 2225 ἢδη
2884 2154 3217 2225 συγγράφειν
3257 2149 3703 2225 προῃρημένους*

2124 2245 2350 2309 Συμεὼν
2397 2245 2610 2300 ἐκείνου
2662 2245 2759 2299 τοῦ
2793 2243 2937 2298 κατὰ
2968 2245 3029 2297 τὸ
3051 2243 3378 2312 Θαυμαστὸν
3409 2241 3576 2312 Ὄρος
3611 2240 3708 2308 ἀγα

2123 2338 2348 2409 γελικὴν
2404 2338 2680 2409 διαγωγὴν
2723 2337 3098 2409 μετελθόντος,
3137 2334 3396 2405 τοιαύτης
3425 2350 3483 2386 τε
3534 2333 3706 2386 τοῦτο

2123 2435 2304 2500 τυχεῖν
2343 2431 2666 2502 ἐπωνυμίας
2717 2429 3111 2500 πεποιηκότος,
3151 2427 3185 2499 ἦ
3219 2426 3556 2496 καταλλήλου
3607 2426 3708 2478 καὶ

2125 2523 2261 2590 αὐτῇ
2328 2522 2531 2590 μᾶλλον
2565 2519 2834 2589 ὲξὲαυτοῦ
2856 2520 3198 2590 μεταδόντος.
3246 2519 3400 2572 Ἐπεὶ
3429 2517 3524 2571 καὶ
3561 2515 3708 2570 Θεοῦ

2123 2613 2294 2684 δῶρον
2314 2613 2628 2685 ἀνθρώποις
2678 2610 2830 2675 οὗτος
2862 2611 3056 2682 σαφὲς,
3087 2610 3182 2665 τοῦ
3218 2612 3315 2664 καὶ
3338 2609 3444 2680 πρὸ
3468 2607 3707 2663 διαπλάο

2125 2723 2262 2769 σεως
2291 2706 2454 2759 αὑτὸν
2484 2705 2844 2775 ἐκλεξαμένου
2877 2705 2973 2758 καὶ
3025 2703 3133 2775 πρὸ
3161 2702 3478 2772 συλλήψεως
3525 2703 3710 2769 ἑπαγ-

2124 2799 2475 2868 γει).άμενου,
2515 2799 2610 2852 καὶ
2652 2799 2760 2868 πρὸ
2795 2800 3104 2869 γεννήσεως
3143 2797 3470 2866 ἁγιάσαντος
3501 2811 3516 2825 ·
3545 2795 3618 2848 ἶν’
3646 2794 3709 2848 ού

2125 2889 2468 2960 πρεσϐευτὴν
2492 2890 2654 2943 αὑτὸν
2686 2888 2846 2958 μόνον
2873 2889 2967 2942 καὶ
2995 2888 3223 2959 μεσίτην
3256 2888 3348 2940 καὶ
3374 2883 3714 2951 διαλλακτὴν

2128 2981 2355 3051 σώματά
2381 2998 2439 3034 τε
2467 2981 2561 3035 καὶ
2585 2981 2762 3052 ψυχὰς
2797 2980 2978 3035 ἰᾶσθαι
3007 2978 3302 3048 δυνάμενον
3325 2977 3548 3048 ἔχοιμεν
3567 3014 3585 3040 ,
3614 2975 3714 3030 ἁλι

2125 3068 2192 3122 λὰ
2219 3070 2314 3122 καὶ
2340 3069 2454 3137 βίου
2487 3069 2658 3125 τύπον
2693 3069 2985 3140 ιρημικοῦ,
3027 3069 3124 3123 καὶ
3181 3068 3500 3140 φιλοσοφίας
3561 3083 3714 3137 np:-

2126 3160 2321 3228 κτικῆς
2355 3160 2679 3230 ὑπόδειγμα.
2729 3160 2798 3214 El’
2822 3177 2904 3223 τις
2940 3161 3048 3230 ἄρα
3077 3149 3470 3230 βραχύτίτῶν
3496 3157 3712 3211 ἐκείνου

2128 3250 2603 3321 κατορθωθέντων,
2655 3252 2750 3305 καὶ
2817 3253 2942 3305 ὅσον
2993 3250 3216 3320 ἐφικτὸν
3263 3247 3578 3320 ἀνθρωπίνῃ
3615 3249 3713 3302 καὶ

446 3334 764 3403 exemplar;
797 3333 842 3387 si
871 3332 998 3402 quis
1029 3333 1172 3388 forte
1196 3347 1371 3405 pauca
1422 3331 1673 3403 quaedam
1698 3332 1849 3389 illius
1874 3341 2025 3389 recte

2136 3342 2329 3412 ρευστῇ
2394 3340 2554 3410 φύσει
2581 3379 2595 3402 ,
2626 3339 2871 3410 ζηλῶσαι
2925 3341 3210 3412 δυνήσεται
3251 3339 3411 3393 αὐτόν
3435 3373 3452 3391 .
3487 3336 3714 3392 πλείονα

448 3429 609 3492 facta,
635 3433 901 3494 quantum
922 3423 1164 3480 humana
1208 3423 1528 3497 fragilisque
1565 3433 1763 3480 natura
1793 3423 2022 3495 patitur,

2130 3432 2239 3501 γὰρ
2273 3432 2305 3503 ἦ
2338 3434 2432 3486 καὶ
2462 3433 2635 3486 πάντα
2668 3434 3068 3503 σχεδὸν·ἁΰλου
3115 3433 3315 3502 μᾶλλον
3371 3433 3462 3489 καὶ
3509 3432 3716 3487 ἀνωλὲ-

446 3517 696 3571 a-mulari
731 3524 954 3586 posset:
1013 3529 1143 3570 nam
1178 3515 1444 3586 pleraque
1465 3525 1561 3571 aut
1587 3516 1773 3570 omnia
1816 3515 2028 3569 imitari

2136 3523 2261 3594 ορου
2296 3524 2387 3578 καὶ
2427 3523 2595 3586 Θείας.

449 3625 562 3664 non
589 3617 795 3663 nostrae
814 3607 1096 3662 facultatis
1109 3615 1227 3672 est;
1261 3605 1356 3662 sed
1387 3615 1598 3662 natura
1621 3605 2028 3670 immaterialis,

451 3698 894 3769 incorruptibilis
941 3713 1006 3753 ac
1029 3697 1248 3752 divinae.

521 3794 577 3848 2.
615 3793 890 3848 Praeterea
921 3790 1206 3844 nihil'tam
1239 3798 1427 3843 natum
1461 3796 1544 3843 est
1575 3788 1879 3859 proborum
1912 3787 2032 3842 ani-

454 3903 572 3942 mas
595 3900 778 3941 amore
811 3884 947 3938 recti
975 3883 1338 3946 inﬂammare,
1367 3891 1423 3937 et
1478 3896 1781 3952 provocare
1817 3881 1882 3935 ad
1913 3880 2034 3934 imi-

456 3978 726 4034 tationem
751 3976 1039 4030 hominum
1063 3975 1270 4028 virtute
1297 3973 1680 4043 praeditornm,
1723 3987 1887 4040 quam
1922 3970 2033 4022 vita

457 4070 691 4141 hujusce
730 4067 857 4134 viri,
888 4075 1041 4122 tanto
1091 4065 1292 4120 divinae
1326 4065 1514 4135 gratias
1566 4062 1810 4122 cumulo,
1839 4075 1902 4114 ac
1941 4061 2033 4114 tali

455 4178 582 4218 cum
602 4162 713 4216 Deo
743 4159 1115 4214 familiaritate
1137 4158 1509 4225 libertateque
1567 4154 1766 4225 agendi
1801 4151 2032 4224 dignati,

458 4263 520 4310 ut
553 4253 836 4324 signorum
888 4249 1264 4320 magnitudine
1302 4258 1359 4304 et
1417 4246 1744 4301 excellentia
1800 4259 2036 4314 operum

459 4346 855 4414 obstupescant
909 4341 1164 4395 homines
1211 4349 1267 4394 et
1317 4339 1692 4404 emolliantur,
1743 4347 1910 4408 atque
1968 4337 2034 4392 ad

463 4435 830 4502 imperandum,
859 4434 902 4488 si
931 4448 1038 4487 non
1063 4432 1290 4487 omnino
1316 4431 1466 4501 paria
1503 4432 1636 4501 (quo
1685 4432 1833 4485 enim
1874 4439 2036 4500 pacto

463 4527 692 4600 gradum
738 4524 964 4579 virtutis
1014 4526 1148 4596 ejus
1203 4523 1474 4593 quispiam
1532 4522 1849 4592 altingat'i),
1885 4529 2037 4575 certe

463 4617 757 4691 quamdam
781 4633 909 4672 cum
940 4617 1032 4670 illa
1059 4613 1476 4686 congruentiam
1501 4614 1782 4676 habentia,
1820 4611 2037 4666 inﬂam-

2212 3794 2276 3861 β’.
2311 3794 2518 3856 ’Δλλως
2566 3811 2624 3846 τε
2664 3793 2723 3846 δὲ
2775 3795 2870 3846 καὶ
2905 3792 3040 3862 πρὸς
3079 3792 3172 3845 τὸν
3202 3790 3296 3845 τοῦ
3332 3788 3498 3844 καλοῦ
3530 3789 3714 3858 ζῆλον,

2133 3887 2284 3940 οὐδὲν
2328 3884 2499 3948 οὕτως
2533 3881 2640 3938 οἶδε
2673 3883 3028 3949 διανιστάναι,
3059 3883 3152 3936 καὶ
3184 3883 3284 3945 τὰς
3342 3880 3551 3949 ἀγαθὰς
3608 3879 3718 3949 dau-

2135 3977 2235 4048 χὰς
2263 3978 2399 4047 προς
2447 3976 2843 4047 μίμησιν-τέως
2872 3974 2981 4028 τῶν
3019 3975 3161 4028 κατὰ
3191 3974 3419 4043 δύναμιν
3461 3973 3719 4026 ἐκκαλεῖ-

2139 4069 2283 4131 σθαι,
2310 4068 2384 4132 ὡς
2423 4067 2613 4134 ἀνδρὸς
2658 4067 2900 4120 τοιούτου
2961 4065 3097 4136 βίος.
3130 4067 3226 4120 καὶ
3283 4062 3555 4133 τοσαύτης
3615 4063 3716 4134 μὲν

2140 4161 2428 4232 ἐπιδημίας
2492 4159 2626 4212 Θεοῦ
2685 4160 2777 4212 καὶ
2810 4159 3054 4229 χάριτος,
3087 4158 3424 4230 τηλικαύτης
3471 4157 3528 4210 δὲ
3575 4155 3718 4226 πρὸς

2139 4254 2303 4322 αὐτὸν
2325 4253 2654 4316 οίκειώσεως
2684 4253 2778 4304 καὶ
2802 4251 3120 4326 παρρησίας
3143 4247 3468 4320 ἠξιωμένου,
3500 4249 3592 4302 ἴνα
3641 4247 3720 4316 τῷ

2142 4343 2274 4416 πρὸς
2311 4342 2557 4414 σημείων
2592 4341 2832 4414 μεγέθει,
2867 4345 2962 4396 καὶ
2995 4345 3060 4412 τῇ
3099 4341 3206 4394 τῶν
3229 4340 3406 4411 ἔργων
3436 4339 3716 4410 ὑπερϐολῇ

2141 4433 2649 4504 καταπληττόμεναί
2687 4451 2746 4485 τε
2781 4432 2873 4485 καὶ
2907 4433 3313 4503 μαλαττόμεναι
3339 4469 3354 4495 ,
3389 4431 3524 4500 πρὸς
3550 4433 3718 4499 ἐργα-

2143 4525 2287 4590 σίαν,
2318 4525 2366 4576 εί
2421 4523 2517 4576 καὶ
2577 4522 2652 4593 μὴ
2704 4522 2882 4592 πάντη
2945 4521 3205 4575 τοιούτων
3240 4521 3366 4590 (ποῦ
3396 4521 3506 4590 γὰρ
3534 4521 3600 4574 ἄν
3635 4537 3721 4582 τις

2143 4618 2254 4674 τῶν
2295 4620 2507 4672 ἐκείνου
2565 4619 2662 4688 τῆς
2718 4617 2917 4687 ἀρετῆς
2969 4616 3213 4685 ἐφίκοιτο
3262 4614 3554 4687 μέτρων;)
3585 4614 3722 4668 ἀλλὰ

463 4679 690 4764 metitur
713 4749 727 4772 ,
759 4714 1049 4776 postquam
1087 4713 1195 4758 tam
1217 4703 1588 4772 exemplarem
1645 4702 1835 4762 vitam,
1879 4701 2031 4771 quasi

2144 4711 2253 4765 τῶν
2280 4728 2344 4779 γε
2376 4679 2772 4782 παραπλησίως
2795 4679 3024 4776 ὲχύντων
3056 4679 3570 4778 διαθερμαίνωνται,
3601 4701 3719 4757 εἶτα

465 4807 777 4854 accuratam
805 4795 1150 4866 magistram,
1176 4794 1320 4849 nacti
1349 4801 1513 4849 sunt:
1545 4807 1667 4862 qure
1700 4792 2036 4862 quibusdam

465 4891 692 4961 quidem
744 4887 1134 4942 abstinendum
1197 4885 1464 4955 suggerit,
1494 4893 1689 4939 contra
1743 4900 1876 4939 vero
1912 4885 2038 4953 qui-

466 4981 703 5038 busdam
728 4979 880 5034 omni
901 4977 1024 5032 nisu
1072 4976 1502 5032 incumbendnm
1561 4975 1804 5037 mandat,
1828 4983 1884 5029 ct
1917 4984 2038 5028 tan-

466 5087 633 5144 quam
660 5085 824 5125 manu
863 5078 1010 5124 recta
1041 5067 1194 5122 ducit
1217 5066 1284 5121 ad
1310 5065 1778 5136 perfectissimum
1809 5065 2042 5121 divinis-

469 5165 784 5232 simumquc
803 5160 1026 5215 virtutis
1048 5159 1261 5228 apicem
1292 5175 1309 5224 ;
1329 5173 1442 5228 quo
1464 5157 1558 5212 ubi
1591 5166 1917 5228 perventum
1937 5165 2042 5220 est,

469 5255 734 5319 ostendit,
767 5260 906 5323 quot
958 5251 1237 5306 hominem
1271 5249 1450 5313 illum,
1484 5249 1577 5319 qui
1618 5250 1869 5304 semitam
1904 5249 2046 5302 hanc

471 5344 612 5418 pede
639 5342 910 5398 inoffenso
936 5341 1171 5407 triverit,
1199 5339 1343 5410 apud
1385 5354 1738 5393 communem
1787 5337 2044 5392 omnibus

473 5437 826 5512 praemiorum
876 5435 1292 5490 distributorcm
1343 5433 1516 5488 Deum
1547 5439 1808 5487 maneant
1860 5447 2045 5485 remn—

473 5530 810 5594 nerationes,
848 5537 1053 5598 quanta
1087 5526 1337 5580 laborum
1391 5539 1607 5578 merces
1649 5531 1952 5592 exspectet.
1980 5522 2049 5577 At

478 5620 694 5695 qualem
718 5624 773 5677 in
802 5616 1303 5690 prasentimateria
1325 5615 1616 5671 adhibeam
1631 5616 1856 5671 vocem?
1883 5630 2050 5685 quam

2147 4800 2241 4855 καὶ
2273 4797 2592 4852 διδάσκαλον
2617 4796 2820 4867 ἀκριϐῆ
2863 4795 2956 4848 τδν
2982 4795 3223 4848 τοιοῦτον
3256 4796 3417 4866 ἔχωσι
3477 4793 3614 4865 βίον,
3644 4796 3726 4846 τί-

2147 4909 2252 4945 νων
2286 4887 2386 4958 μὲν
2422 4888 2723 4960 ἀπέχεσθαι
2757 4887 2874 4941 δέον
2919 4886 3241 4941 ὑποτιθέντα
3263 4927 3277 4952 ,
3314 4887 3449 4958 πρὸς
3480 4889 3608 4939 ποῖα
3667 4885 3725 4937 δὲ

2150 4984 2311 5038 πάλιν
2355 4979 2550 5035 ἑαυτὰς
2639 4979 2764 5042 ὅλας
2822 4977 3122 5032 ἐπιδιδόναι
3178 4973 3601 5045 παρεγγυῶντα,
3626 4976 3723 5027 καὶ

2149 5077 2339 5144 ὥσπερ
2368 5074 2452 5125 ἐπ’
2485 5071 2624 5125 αὐτὰ
2644 5068 3090 5140 χειραγωγοῦντα
3125 5068 3313 5135 σαφῶς
3340 5066 3402 5120 τὸ
3440 5067 3540 5134 τῆς
3591 5063 3722 5135 ἀρε·

2150 5167 2248 5236 τῆς
2280 5164 2578 5233 ἀκρότατον
2606 5163 2698 5214 καὶ
2725 5161 3022 5224 Θειότατον,
3047 5160 3164 5210 ἐκεῖ
3189 5158 3244 5212 δὲ
3272 5159 3572 5227 γενομένας
3594 5158 3726 5210 ὑπο-

2150 5251 2455 5316 δεικνύντα,
2486 5250 2626 5302 ὃσων
2677 5250 2706 5300 ὁ
2753 5247 2958 5317 ταύτην
2991 5245 3357 5317 ἀπροσκόπως
3387 5248 3487 5317 τὴν
3539 5245 3726 5316 τρίϐον

2153 5337 2339 5407 ἐλθὼν,
2372 5341 2524 5412 παρὰ
2559 5339 2635 5409 τῷ
2670 5337 2834 5405 κοινῷ
2870 5337 3077 5391 τούτων
3107 5337 3418 5408 ἀγωνοθέτη
3449 5337 3566 5407 Θεῷ
3590 5353 3722 5404 τυγ-

2153 5434 2301 5505 χάνει
2330 5433 2440 5487 τῶν
2471 5431 2738 5502 ἀμοιΰῶν,
2773 5429 2969 5498 ἡλίκας
3019 5430 3130 5483 τῶν
3166 5430 3343 5483 πόνων
3387 5429 3485 5492 τὰς
3515 5429 3724 5482 ἀντιδό-

2157 5541 2269 5586 σεις
2313 5522 2621 5592 κομίζεται.
2665 5517 2827 5572 ’Λλλὰ
2884 5517 3009 5572 τίνα
3058 5519 3320 5590 λάϐοιμεν
3366 5519 3434 5572 ἂν
3486 5519 3577 5572 ἐπὶ
3612 5521 3723 5579 τοῖς

2159 5614 2394 5686 παροῦσι
2447 5612 2631 5683 φωνήν
2661 5630 2680 5678 °,
2713 5613 2866 5664 ποῖον
2920 5609 2977 5663 δὲ
3014 5609 3110 5664 καὶ
3149 5608 3308 5678 λόγον
3337 5609 3586 5682 εὕρωμεν
3610 5611 3723 5667 τοῖς
