4056 6198
501 215 645 280 2989

1467 211 1642 274 VlTA
1677 210 1722 267 Λ
1764 205 2198 268 NICEPHORO
2238 201 2727 265 CONSCRIPTA.

3623 195 3764 257 923θὶ)

505 327 823 398 πράγμασιν
854 325 1243 396 ἐξισούμενον;
1279 324 1441 377 ὁπότε
1477 325 1572 378 καὶ
1609 320 1744 392 μόνα
1791 319 1892 388 τῆς
1918 315 2081 371 αὐτοῦ

2211 317 2464 372 nveniam
2511 315 2819 370 orationem
2869 325 3052 365 rerum
3100 308 3464 381 magnitudini
3529 313 3768 376 parem?

505 420 811 492 γεννήσεως
841 421 908 472 τὰ
937 416 1234 490 παράδοξα,
1266 418 1363 470 ὅσα
1393 434 1452 469 τε
1492 416 1586 484 τῆς
1617 417 1679 468 ὲγ
1714 411 1906 474 παιδὸς
1959 411 2087 482 ἀρε-

503 511 601 580 τῆς
622 511 718 579 τῆς
744 528 801 563 τε
831 511 960 582 παρ’
989 511 1206 578 ἡλικίαν
1241 509 1610 580 ἐνασκήσεως,
1646 506 1740 558 καὶ
1774 503 1882 558 τῶν
1931 501 2087 571 παρὰ

505 603 562 656 τὸ
584 603 728 666 εἰκὸς
760 604 858 672 τῆς
893 603 1108 671 φύσεως
1142 600 1391 670 ἀγώνων,
1426 602 1474 653 εί
1506 601 1600 653 καὶ
1657 599 1731 670 μὴ
1771 596 1912 651 κατὰ
1954 613 2088 648 ταυ-

505 697 596 748 τὸν
636 696 836 760 πάντα,
870 695 1006 750 ἀλλά
1045 712 1186 757 τινα,
1217 695 1417 764 μᾶλλον
1453 694 1508 746 δὲ
1564 695 1656 746 καὶ
1702 693 1748 744 εί
1780 689 1901 744 καθ’
1928 686 2089 740 ἑαυτὸ

506 789 711 840 τοίτων
734 788 966 840 ἕκαστον
991 790 1171 840 πᾶσαν
1193 785 1301 841 οἶδε
1327 787 1488 855 λόγου
1521 784 1752 838 κατόπιν
1783 780 1980 836 ἑαυτοῦ
2010 795 2088 830 τι-

509 881 658 933 θέναι
685 881 878 950 τέχνην
912 882 1001 933 καὶ
1035 881 1283 951 δύναμιν.

580 1060 648 1121 γ’.
671 1055 736 1107 Τί
765 1055 810 1108 δ’
830 1055 894 1108 ἀν
921 1058 968 1109 εἰ
1005 1057 1097 1109 καὶ
1124 1057 1183 1109 τὸ
1213 1057 1320 1109 τῶν
1350 1057 1594 1127 σημείων
1621 1057 1715 1111 καὶ
1745 1057 1852 1109 τῶν
1880 1056 2091 1124 θαυμά-

507 1161 615 1198 των
645 1146 848 1214 πλῆθος
873 1149 965 1200 καὶ
989 1149 1240 1216 μέγεθος,
1269 1150 1367 1213 τάς
1402 1168 1458 1203 τε
1488 1149 1639 1214 θείας
1670 1150 1884 1212 ὲκείνας
1911 1149 2087 1218 ὄψεις,

509 1234 564 1286 αἳ
591 1234 655 1305 δὴ
681 1236 872 1288 πολλαὶ
902 1237 1164 1300 πολλάκις
1185 1239 1333 1309 αύτῷ
1369 1241 1648 1310 μυστικῶς
1689 1257 1746 1293 τε
1793 1241 1886 1292 καὶ
1915 1240 2090 1310 ἀπορ-

467 1344 475 1349 ·
510 1327 1004 1398 ῥήτωςῶφθησαν,
1039 1331 1350 1395 ἐπεξελθεῖν
1398 1331 1796 1402 βουληθείημεν
1826 1349 1839 1397 ;
1869 1333 1999 1404 ποίᾳ
2035 1332 2090 1385 δὲ

509 1420 602 1471 καὶ
627 1419 787 1488 λόγου
805 1421 963 1489 φύσει
982 1422 1116 1492 πρὸς
1131 1423 1427 1493 ἑρμηνείαν
1442 1423 1547 1476 τῶν
1567 1423 1705 1492 ὑπὲρ
1718 1423 1872 1490 λόγον
1893 1423 2090 1492 χρησὸ-

513 1511 651 1579 μεθα
683 1527 697 1576 ;
727 1513 848 1565 ἐπεὶ
883 1515 976 1566 καὶ
1020 1515 1131 1567 πᾶν
1160 1515 1188 1567 ὃ
1230 1516 1304 1584 μὴ
1336 1515 1478 1586 λόγῳ
1506 1517 1774 1586 χωρητδν,
1813 1516 1932 1566 οὐδὲ
1993 1515 2090 1566 λα-

508 1601 691 1675 λητόν.
725 1602 852 1666 Πῶς
881 1603 990 1675 γὰρ
1017 1604 1044 1657 ὅ
1083 1604 1157 1674 μὴ
1207 1605 1471 1675 χωρήσει,
1508 1605 1716 1676 φράσαι
1762 1605 2090 1675 δυνήσεται;

2190 406 2641 478 quandoquidem
2679 404 2818 468 sola,
2863 417 2982 471 qua:
3012 402 3357 456 nativitatem
3387 400 3766 456 circumstant.

2192 515 2422 570 quazque
2446 499 2501 553 in
2531 498 2734 551 virtute
2765 513 2793 549 a
2817 510 2990 564 puero
3021 495 3285 554 exercita,
3314 495 3368 547 in
3401 493 3627 562 reliqum
3645 493 3771 547 vitae

2191 589 2551 657 occupatione
2573 596 2628 642 et
2660 587 2713 640 in
2750 585 3151 640 certaminibus
3194 595 3405 638 natura:
3431 584 3577 638 vires
3619 600 3776 638 cxce-

2193 679 2689 734 dentibuselucent
2719 677 3004 742 miracula,
3051 677 3156 731 etsi
3188 691 3299 729 non
3359 675 3553 729 eodem
3609 676 3772 730 modo

2193 771 2653 841 omnia,quzcdam
2678 781 2853 832 certe,
2885 769 2993 824 imo
3024 784 3158 823 vero
3208 765 3645 836 unumquodque
3685 784 3774 822 se-

2195 863 2434 917 cundum
2481 876 2539 915 se
2582 875 2800 914 omnem
2853 860 3072 915 dicendi
3115 870 3288 914 artem
3333 868 3389 914 et
3419 860 3772 927 elegantiam,

2194 957 2351 1025 longe
2375 962 2659 1023 superent.
3433 954 3452 972 ⁸

2264 1050 2317 1104 ὅ.
2351 1049 2492 1114 Quid
2537 1065 2701 1120 porro
2730 1048 2777 1105 si
2815 1049 3097 1120 signorum
3157 1057 3323 1118 atque
3377 1048 3773 1103 miraculorum

2115 1207 2118 1211 ι
2195 1140 2611 1194 multitudinem
2666 1139 3248 1211 magnitudinemque;
3283 1138 3417 1209 quid
3467 1139 3509 1193 si
3558 1139 3775 1192 divinas
3839 1210 3846 1221 I

2194 1248 2288 1288 cas
2339 1233 2602 1298 visiones,
2625 1248 2748 1302 quae
2777 1248 2886 1286 non
2919 1247 3046 1286 raro
3072 1231 3355 1301 Symeoni,
3390 1247 3594 1287 arcano
3633 1237 3774 1302 (ιυο-

2196 1328 2319 1382 dam
2354 1335 2410 1384 et
2446 1327 2820 1397 inexplicabili
2851 1328 3037 1391 modo,
3087 1327 3338 1397 plurima:
3371 1327 3569 1382 oblatae
3617 1341 3767 1388 sunt,

2196 1422 2446 1476 oratione
2471 1421 2737 1491 prosequi
2761 1421 3038 1475 velimus?
3061 1421 3265 1490 qualis,
3291 1434 3502 1490 quaeso.
3530 1421 3620 1473 illa
3658 1437 3780 1474 ora-

2198 1516 2274 1570 tio
2311 1514 2381 1568 sit
2403 1523 2644 1585 oportet,
2675 1529 2797 1583 quae
2821 1527 3040 1567 omnem
3074 1512 3295 1567 dicendi
3331 1512 3644 1567 facultatem
3685 1527 3780 1567 su-

2197 1606 2449 1676 perantia
2476 1605 2795 1674 expositura
2824 1613 2908 1658 est
2929 1644 2941 1666 ,
2971 1619 3096 1658 cum
3131 1612 3304 1656 totum
3325 1619 3504 1674 neque
3526 1604 3778 1658 oratione.

507 1695 656 1764 ὅμως
690 1698 738 1748 εί
783 1697 878 1750 καὶ
912 1696 1218 1768 κρεῖττονῆ
1251 1696 1394 1750 κατά
1438 1694 1602 1764 λόγου
1657 1696 1888 1767 δύναμιν
1919 1697 1977 1748 το
2000 1697 2090 1764 ἐγ-

2203 1696 2592 1767 comprehendi
2643 1695 2843 1765 possit,
2895 1711 3074 1764 neque
3114 1695 3304 1749 verbis
3350 1695 3630 1764 proferri?
3670 1712 3779 1765 quu

508 1789 771 1860 χείρημσι,
798 1788 934 1840 ἀλλὰ
962 1788 1022 1840 τὸ
1053 1796 1149 1858 μιν
1198 1804 1250 1842 τι
1281 1787 1615 1858 συλλήψεται
1649 1787 1868 1849 πάντως
1900 1789 2029 1858 ἡμῖν
2055 1788 2086 1856 ἡ

509 1882 630 1935 Θεία
662 1884 755 1935 καὶ
786 1879 1083 1952 συμπαθὴς
1115 1881 1298 1951 ἐκείνη
1327 1881 1498 1952 ψυχὴ,
1529 1881 1624 1935 καὶ
1655 1880 1788 1934 Θεοῦ
1830 1881 1925 1932 νῦν
1951 1881 2088 1950 ἀμέ-

511 1994 620 2040 σως
672 1976 766 2030 τοῦ
849 1974 1187 2046 ποθουμένου
1250 1975 1660 2043 κατατρυφῶσα
1700 1990 1710 2003 ι
1753 1973 1812 2024 τὸ
1867 1972 1922 2023 δὲ
1949 2011 1962 2035 ,
2001 1972 2095 2024 καὶ

513 2069 907 2138 συγγνώσεται.
945 2066 1336 2136 Συγγνὼσεσθε
1369 2066 1426 2119 δὲ
1458 2066 1553 2118 καὶ
1605 2065 1805 2128 πάντες
1847 2065 1962 2116 ὅσοι
1995 2064 2092 2131 τῆς

511 2160 829 2232 ὑπερφυοῦς
859 2160 1064 2232 ταύτης
1095 2161 1188 2212 καὶ
1243 2159 1437 2228 καινῆς
1477 2157 1753 2220 πολιτείας
1783 2155 2051 2226 ἀκροαταὶ
2079 2192 2092 2215 ,

513 2252 682 2321 μηδὲν
745 2251 836 2304 τοῦ
901 2253 1038 2322 πρὸς
1104 2250 1335 2319 δύναμιν
1395 2248 1805 2312 ἐλλιποῦσιν,εί
1845 2249 1937 2301 καὶ
1994 2247 2088 2300 τοῦ

510 2344 645 2414 πρὸς
680 2343 836 2407 ἀξίαν
877 2344 1127 2396 πλεῖστον
1158 2343 1593 2413 ἀπολειπόμεθα.
1624 2345 1715 2394 Δεῖ
1766 2342 1822 2396 δὲ
1888 2339 2088 2410 μικρὸν

511 2435 767 2504 ἀνωτέρω
795 2435 885 2486 τὸν
903 2435 1060 2502 λόγον
1089 2435 1484 2502 ἀναγαγόντας,
1508 2434 1637 2486 οἴων
1657 2435 1684 2486 ό
1714 2432 1963 2494 τοιοῦτος
1989 2431 2090 2497 ἔφυ

509 2529 734 2596 γονέων,
773 2528 867 2581 καὶ
913 2530 1058 2591 ὅστις
1093 2531 1120 2581 ὁ
1151 2529 1247 2598 τῆς
1300 2527 1615 2598 συλλήψεως
1676 2527 1876 2597 τρόπος
1941 2522 2091 2594 αύτῷ

515 2621 777 2690 πρότερον
834 2621 1204 2690 παραστῆσαι,
1237 2619 1303 2671 ἵν’
1331 2619 1551 2690 ἔχοιμεν
1592 2619 1684 2672 τοῦ
1716 2618 1923 2672 τοιοῦδε
1958 2632 2098 2686 καρ-

515 2712 615 2766 ποῦ
652 2716 744 2766 καὶ
801 2714 861 2767 τὸ
898 2713 1110 2780 δένδρον
1136 2712 1357 2776 ειδέναι,
1389 2708 1422 2782 ἢ
1461 2711 1596 2782 μηδὲ
1647 2711 1744 2782 τὴν
1779 2710 1934 2782 ῥίζαν
1995 2711 2094 2777 ἀγ-

514 2809 653 2859 νοεῖν
690 2807 890 2877 μᾶλλον
929 2847 942 2872 ,
997 2807 1118 2874 ἥτις
1170 2805 1260 2857 τδν
1315 2804 1486 2866 οὔτως
1542 2803 1741 2874 ὡραῖον
1793 2802 2097 2871 ἐϐλάστησε

519 2898 734 2953 κλάδον.

2193 1793 2343 1848 enim
2374 1802 2534 1863 pacto
2567 1791 2752 1846 verbis
2773 1791 3048 1860 quispiam
3084 1800 3437 1860 assequatur,
3469 1789 3616 1869 quod
3680 1806 3778 1843 ne-

2195 1887 2314 1957 quit
2340 1885 2675 1956 cogitatione
2706 1885 3018 1954 attingere?
3050 1884 3429 1939 Nihilominus
3453 1883 3559 1939 etsi
3602 1885 3777 1953 major

2195 1980 2408 2034 viribus
2451 1979 2659 2033 nostris
2694 1987 2930 2032 conatus
2959 1979 3051 2042 sit,
3080 1978 3279 2046 partim
3334 1985 3540 2042 tamen,
3588 1977 3778 2031 nullus

2199 2069 2412 2134 dubito,
2440 2070 2808 2140 opltulabitur
2846 2069 3007 2123 nobis
3055 2068 3241 2122 divina
3278 2067 3372 2122 illa
3433 2077 3490 2122 et
3549 2068 3774 2121 misera-

2201 2163 2350 2218 tione
2375 2163 2538 2233 pleua
2567 2162 2856 2231 Symeonis
2882 2161 3086 2225 anima,
3120 2176 3242 2230 qua:
3271 2159 3434 2214 modo
3487 2159 3780 2213 intuitione

2201 2259 2295 2312 Dei
2317 2257 2455 2312 adeo
2487 2256 2810 2321 desiderati,
2841 2257 2996 2311 nullo
3040 2254 3372 2324 interposito
3425 2253 3629 2317 medio,
3688 2253 3780 2306 de-

2199 2348 2463 2412 lectatur;
2499 2349 2698 2417 partim
2733 2348 2899 2404 etiam
2934 2345 3300 2400 imbecillitati
3327 2354 3531 2399 nostra:
3565 2345 3779 2397 veniam

2203 2439 2376 2493 dabit.
2409 2439 2619 2493 Dabitis
2667 2447 2722 2494 et
2757 2455 2877 2499 vos,
2904 2439 3222 2508 quicunque
3282 2435 3580 2492 eminentis
3630 2436 3786 2490 inau—

2204 2531 2439 2600 ditaeqne
2497 2531 2729 2602 hujusce
2802 2529 3242 2584 conversationis
3297 2528 3586 2583 auditores
3629 2529 3784 2589 estis,

2202 2623 2342 2678 nihil
2395 2634 2667 2693 quantum
2720 2636 2819 2693 per
2872 2622 3020 2676 vires
3075 2621 3266 2678 licebit
3305 2619 3784 2690 prretermissuris,

2203 2732 2518 2786 quanquam
2551 2716 2814 2786 pluritna,
2846 2717 2892 2770 si
2938 2730 3122 2769 rerum
3151 2715 3478 2786 dignitatem
3503 2713 3785 2783 spectetis.

2205 2808 2605 2877 relinquamus.
2643 2805 2875 2878 Oportet
2902 2816 3088 2860 autem
3147 2808 3312 2877 paulo
3355 2807 3524 2862 altius
3572 2821 3787 2862 sermo;

2205 2913 2332 2952 nem
2355 2907 2695 2969 repetentes,
2732 2898 2940 2969 quibus
2969 2899 3243 2955 oriundus
3267 2901 3614 2970 parentibus,
3660 2899 3785 2970 quis

517 2990 895 3060 conceptionis
925 2989 1121 3045 modus
1143 2989 1234 3055 sit,
1264 2988 1419 3060 prius
1477 2988 1548 3042 ob
1579 2988 1769 3043 oculos
1793 3003 2040 3059 ponere;
2103 2997 2163 3044 ut
2204 2991 2328 3046 talis
2373 2993 2588 3048 fructus
2634 2992 2888 3048 arborem
2936 3008 3160 3062 quoque
3224 3009 3639 3063 cognoscamus,
3690 3001 3786 3048 aut

518 3086 701 3155 potius
731 3101 839 3140 non
869 3086 1184 3155 ignoremus
1217 3083 1482 3149 radicem,
1518 3098 1641 3152 quae
1677 3089 1784 3136 tam
1829 3082 2091 3137 decorum
2135 3083 2396 3153 produxit
2426 3100 2660 3138 ramum.

2001 3218 2234 3278 CAPUT
2274 3219 2315 3276 Ι.

1271 3307 1543 3375 Parentes,
1571 3312 1842 3377 nativitas,
1871 3311 2162 3382 baptisma:
2194 3321 2242 3366 et
2277 3307 2504 3383 pueritia
2542 3313 3020 3386 sanctiSymconis.

580 3443 644 3506 δ’.
694 3451 858 3519 Ἀνήρ
883 3465 964 3511 τις
1006 3448 1208 3515 ὀλίγοις
1235 3445 1546 3516 ἔμπροσθεν
1595 3443 1812 3514 χρόνοις
1848 3444 1907 3510 ἐξ
1955 3444 2098 3497 Ἑδὲ-

2286 3457 2342 3515 4.
2371 3457 2524 3513 Multi
2545 3457 2655 3526 jam
2684 3453 2813 3507 anni
2847 3462 2996 3517 sunt,
3031 3467 3158 3507 cum
3182 3453 3265 3504 vir
3293 3449 3540 3520 quidam,
3559 3447 3778 3504 nomine

524 3560 622 3615 σης
673 3541 1014 3612 ὁρμώμενος,
1044 3542 1169 3608 νέαν
1204 3539 1284 3590 ἔτι
1332 3537 1428 3607 τὴν
1461 3537 1679 3604 ἡλικίαν
1729 3534 1900 3604 ἄγων,
1933 3535 2104 3604 ὄνομα

535 3638 810 3705 Ἰωάννης,
843 3634 984 3704 σὺν)
1044 3632 1226 3694 αὐτοῖς
1254 3630 1327 3694 ὼς
1364 3626 1475 3698 εἶχε
1510 3628 1748 3697 γονεῦσι,
1780 3627 2104 3698 κατειλήφει

521 3732 621 3800 τὴν
698 3728 1020 3797 Ἀντιόχου·
1056 3727 1104 3778 ot
1149 3725 1202 3778 δὲ
1253 3725 1360 3795 ἄρα
1426 3723 1685 3793 βάναυσοι
1751 3721 1849 3792 τὴν
1912 3721 2105 3791 τέχνην

524 3817 682 3893 ἦσαν,
719 3819 848 3889 περὶ
885 3815 1148 3885 συλλογὴν
1187 3815 1375 3885 μύρων
1410 3815 1503 3866 καὶ
1520 3815 1724 3885 πράσιν
1756 3813 2104 3884 πονούμενοι,

524 3913 618 3965 καὶ
650 3913 762 3963 πᾶν
792 3910 928 3978 ὅπερ
969 3908 1034 3960 ἂν
1065 3908 1250 3968 αὐτοῖς
1292 3905 1478 3976 ἐκείνη
1511 3906 1810 3976 πορίσειεν,
1847 3906 2104 3976 ἀφορμὴν

525 4003 680 4057 τοῦτο
727 4001 842 4072 βίου
896 3998 1275 4069 πεποιημένοι.
1338 3996 1489 4048 Ἐπεὶ
1526 3997 1582 4049 δὲ
1618 3997 1721 4068 ἤδη
1775 3997 1874 4050 καὶ
1926 3997 2104 4066 γάμου

525 4097 603 4168 τῷ
633 4097 733 4165 υίῴ
765 4096 859 4148 καὶ
886 4092 1148 4160 συζυγίας
1178 4091 1286 4144 ἔδει
1309 4091 1398 4144 διὰ
1425 4090 1522 4161 τὴν
1549 4091 1764 4160 ἡλικίαν
1786 4132 1800 4155 ,
1831 4090 2108 4158 διαλέγον-

529 4191 618 4244 ταί
657 4207 767 4242 τισι
817 4187 987 4258 κόρης
1032 4185 1275 4256 πατράσι
1325 4184 1548 4256 (Μάρθα
1582 4186 1637 4238 δὲ
1688 4184 1858 4254 ὄνομα
1889 4183 2108 4254 ταύτῃ),

530 4278 618 4352 ἐφ’
654 4276 698 4350 ᾧ
731 4282 867 4353 πρὸς
903 4280 1116 4349 γάμους
1148 4277 1319 4348 αὐτὴν
1368 4277 1672 4345 ἀγαγέσθαι
1705 4278 1781 4348 τῷ
1821 4277 2108 4348 νεανίσκῳ.

533 4377 638 4428 Καὶ
671 4377 721 4428 ot
757 4373 855 4444 μὲν
892 4374 1147 4440 ἀσμένως
1198 4369 1358 4422 τοῦτο
1415 4369 1721 4440 δεξάμενοι,
1757 4372 1824 4440 τῇ
1883 4369 2114 4438 θυγατρὶ

537 4467 830 4538 μηνύουσιν
860 4482 872 4495 °
912 4467 944 4534 ὴ
977 4465 1034 4516 δὲ
1061 4463 1360 4534 παρθενίαν
1390 4463 1671 4532 ἠσπάζετο
1698 4505 1712 4528 ,
1751 4462 1953 4532 μᾶλλον
1986 4479 2114 4514 συν-

534 4561 760 4627 ἀγαγεῖν
796 4555 966 4627 αὐτὴν
996 4553 1168 4607 εἰδυῖα
1203 4553 1428 4625 Χριστῷ
1477 4553 1554 4624 τῷ
1603 4553 1856 4624 ἀθανάτῳ
1897 4552 2116 4622 νυμτείῳ

534 4651 633 4714 τὰς
696 4649 997 4721 παρθένους
1043 4645 1221 4716 ψυχὰς
1279 4648 1357 4708 είς
1417 4645 1506 4697 τὶν
1552 4646 1760 4698 ἐκείνου
1822 4645 2108 4714 νυμφῶνα.

557 4747 949 4818 Ἐπικειμὲνων
987 4746 1042 4798 δὲ
1072 4744 1252 4798 αὐτῶν
1277 4744 1367 4798 καὶ
1410 4743 1508 4798 ούκ
1534 4743 1813 4802 ἀνιέντων,
1846 4739 1943 4808 οὐχ
1970 4737 2117 4790 ὅσιον

545 4839 705 4894 πάλιν
757 4838 832 4907 μὴ
882 4837 1061 4890 πάντα
1104 4833 1387 4888 πείθεσθαι
1437 4831 1705 4908 γονεῦσιν,
1737 4830 1844 4882 ούδ’
1896 4827 2118 4886 εὐσεϐὲς

545 4929 824 5000 ἡγουμένη
855 4967 869 4991 ,
903 4926 1022 4997 Θεῷ
1049 4925 1146 4994 τὴν
1173 4925 1264 4977 τοῦ
1302 4925 1624 4993 πράγματος
1667 4921 1879 4975 δίδωσιν
1914 4919 2114 4986 κρίσιν,

547 5021 638 5072 καὶ
689 5015 839 5087 αὐτῷ
887 5016 952 5069 τὰ
1001 5013 1123 5068 καθ’
1171 5012 1372 5080 ἑαυτὴν
1421 5009 1783 5080 ἐπιτρέψασα,
1839 5007 1989 5078 παρά
2025 5007 2117 5058 τὸν

548 5108 693 5162 θεῖον
732 5107 826 5160 τοῦ
878 5105 1196 5176 Προδρόμου
1226 5103 1352 5157 ναὸν
1386 5101 1738 5167 ἀφικνεῖται,
1776 5096 1833 5158 ὃς
1869 5094 1975 5164 πρὸ
2018 5093 2118 5163 τῆς

559 5200 833 5268 Ἀντιόχου
883 5197 1087 5267 ἵδρυτο,
1123 5189 1470 5253 δυσωποῦσα,
1521 5185 1972 5259 προσπίπτουσαι
2009 5183 2121 5234 δεο-

550 5290 706 5360 μένη,
735 5290 999 5360 δάκρυσιν
1021 5281 1396 5355 ἐκλιπαροῠσα
1433 5280 1630 5352 μᾶλλον
1653 5277 1685 5348 ἢ
1709 5277 1940 5349 ῥήμασι,
1979 5273 2118 5340 πλη-

549 5381 806 5452 ροφορίας
832 5379 957 5449 περὶ
980 5376 1074 5430 τοῦ
1099 5373 1462 5448 προκειμένου
1486 5371 1671 5440 τυχεῖν
1697 5385 1711 5399 ·
1729 5362 1796 5438 ἦς
1813 5367 1906 5420 καὶ
1921 5363 2118 5434 τυχοῦ-

549 5489 616 5524 σα
637 5512 650 5533 ,
681 5473 946 5523 τεκόντων
971 5469 1107 5520 εῑκει
1158 5465 1449 5535 θελήμασι,
1505 5461 1598 5515 καὶ
1639 5460 1833 5530 γάμων
1865 5456 2119 5524 κοινωνίᾳ

545 5561 624 5631 τῷ
663 5560 886 5632 Ίωάννῃ
910 5558 1259 5613 συνάπτεται.
1296 5556 1360 5609 Ἡ
1384 5555 1480 5624 μὲν
1501 5552 1592 5606 οὖν
1611 5551 1881 5622 ὲναρέτως
1905 5547 2118 5618 βιοῦσα,

547 5653 802 5708 κοινωνὸν
845 5653 936 5707 τὸν
981 5651 1149 5724 ἄνδρα
1202 5649 1295 5705 καὶ
1335 5649 1426 5704 τοῦ
1475 5645 1678 5717 τρόπου
1725 5643 1995 5706 ποιεῖται,
2056 5640 2116 5693 οὐ

2211 3549 2470 3616 Joannes,
2492 3550 2761 3604 oriundus
2793 3548 3020 3609 Edessa,
3049 3543 3280 3616 juvenili
3306 3541 3599 3597 admodum
3624 3551 3780 3594 aetate

2213 3644 2434 3706 ﬂorens,
2464 3657 2586 3695 cum
2613 3639 2747 3708 ipsis
2795 3652 2937 3707 quos
2983 3634 3175 3690 habuit
3222 3632 3547 3704 parentibus
3590 3631 3781 3685 Antio-

2212 3735 2390 3790 chiam
2418 3748 2476 3787 se
2507 3730 2742 3785 contulit
2767 3747 2778 3781 ι
2814 3735 3074 3799 parentes
3098 3734 3304 3788 autem,
3331 3722 3638 3777 mechanici
3657 3722 3780 3790 opi-

2211 3828 2362 3888 fices,
2410 3821 2806 3892 conquirendis
2847 3816 3322 3884 divendendisque
3363 3812 3661 3884 unguentis
3691 3811 3783 3866 da-

2208 3917 2341 3972 bant
2371 3929 2618 3985 operam,
2641 3908 2983 3981 etquidquid
3016 3905 3326 3962 istiusmodi
3355 3914 3472 3958 arte
3503 3903 3605 3957 sibi
3629 3917 3783 3956 com-

2213 4014 2520 4082 parassent,
2544 4007 2670 4060 vitae
2696 4000 3083 4059 sustentationi
3102 3997 3546 4068 impendebatur.
3562 3995 3784 4050 Postea-

2211 4117 2373 4172 quam
2402 4115 2535 4154 vero
2563 4101 2672 4170 jam
2707 4094 2917 4165 nuptiis
2969 4089 3340 4160 conjugioque
3387 4097 3639 4143 maturus
3689 4101 3786 4154 per

2210 4203 2426 4250 aetatem
2462 4192 2609 4246 ﬁlius
2661 4197 2804 4251 erat,
2857 4186 3238 4254 colloquentes
3284 4196 3410 4238 cum
3463 4179 3783 4251 parentibus

2207 4286 2407 4356 puella:
2439 4283 2747 4354 cujusdam,
2807 4279 2896 4335 cui
2951 4277 3174 4332 Marthte
3232 4288 3457 4336 nomen,
3526 4269 3778 4326 eamdem

2207 4377 2391 4449 juveni
2419 4377 2474 4430 in
2508 4373 2918 4428 matrimonium
2945 4367 3321 4426 collocandam
3357 4371 3571 4435 petunt.
3599 4362 3775 4430 Atque

2209 4469 2287 4523 illi
2341 4465 2564 4536 quidem
2617 4465 2858 4518 oblatam
2917 4459 3293 4517 conditionem
3353 4455 3497 4510 haud
3552 4462 3776 4524 gravate

2210 4567 2579 4630 acceptantes,
2626 4559 2793 4611 tiliam
2838 4555 2997 4609 istius
3055 4553 3136 4608 rei
3201 4551 3494 4606 certiorem
3534 4547 3775 4606 faciunt;

2210 4663 2266 4708 at
2301 4653 2417 4708 haec
2446 4651 2819 4722 virginitatem
2846 4649 3174 4716 amplexata,
3200 4642 3483 4711 antiquius
3503 4638 3780 4699 'habebat,

2218 4747 2432 4816 Sponso
2456 4741 2752 4799 immortali
2783 4739 3003 4794 Christo
3033 4737 3299 4806 virginem
3330 4746 3485 4787 suam
3519 4729 3779 4787 animam,

2153 4817 2193 4870 θ
2218 4837 2384 4893 castis
2425 4833 2672 4889 thalamis
2695 4830 3004 4886 habendam
3030 4826 3554 4898 possidendamque,
3614 4821 3784 4875 collo-

2215 4945 2358 4983 rare.
2386 4925 2723 4982 lnstantibus
2741 4932 2920 4977 tamen
2939 4920 3261 4991 parentibus
3284 4934 3382 4973 nec
3401 4915 3702 4985 quidquam
3721 4912 3787 4965 de

2213 5017 2488 5074 sententia
2514 5033 2608 5071 sua
2635 5011 3402 5069 remittentibus.existimans
3418 5008 3648 5068 Martha,
3679 5020 3786 5058 non

2211 5111 2344 5164 satis
2371 5124 2588 5178 {equum
2619 5108 2880 5177 piumque
2911 5120 3054 5166 esse,
3083 5100 3642 5173 parentibusomnino
3674 5112 3790 5151 mo-
3819 5119 3821 5122 ·

2210 5215 2326 5254 rem
2344 5215 2451 5254 non
2469 5213 2679 5269 gerere.
2700 5198 2808 5250 Deo
2833 5211 2943 5249 tem
2975 5203 3142 5250 totam
3157 5193 3515 5249 decidendam
3541 5190 3793 5246 commit.-

2212 5292 2276 5345 tit
2295 5292 2552 5360 ;ejusque
2573 5289 2806 5343 arbitrio
2833 5304 2891 5344 se
2913 5303 3121 5358 suaque
3139 5287 3488 5343 eonformans
3503 5283 3708 5348 omnia,
3725 5283 3791 5335 ad

2213 5381 2384 5435 sancti
2408 5379 2769 5436 Przecursoris
2795 5379 3083 5449 templum,
3099 5379 3242 5448 quod
3261 5379 3312 5431 ln
3331 5373 3797 5430 suburbioAntio-

2214 5473 2350 5526 chia:
2379 5481 2484 5536 est,
2516 5488 2572 5526 se
2606 5471 2840 5526 confert.
2873 5471 2952 5526 lbi
2979 5470 3192 5540 pudore
3222 5468 3452 5529 suffusa,
3477 5465 3793 5537 procidens,

2215 5564 2990 5636 orans,obsecrans.lacrymis
3009 5563 3288 5634 potentius
3309 5575 3473 5630 quam
3494 5558 3678 5614 verbis
3702 5557 3800 5612 ob-

2219 5657 2544 5723 testabatur,
2578 5658 2784 5713 certior
2812 5666 2869 5711 ut
2892 5655 3232 5716 redderetur,
3264 5652 3395 5708 ottid
3420 5651 3675 5724 pruenti
3710 5662 3798 5702 re-
