4056 6198
369 139 546 206 ³2991

1549 153 1608 213 S.
1653 155 2028 222 SYMEONIS
2063 165 2428 230 JUNIORIS

3417 209 3420 212 λ
3480 186 3635 250 £992

329 279 332 282 ·
387 283 510 319 rum
541 277 684 322 statu
717 268 860 326 facto
893 287 1032 342 opus
1071 273 1231 330 foret.
1278 277 1494 336 Certior
1547 297 1680 340 vero
1745 285 1924 344 reddit

2061 274 2176 344 βίου
2219 278 2382 347 μόνον
2426 279 2574 352 αὐτῷ
2613 282 2824 354 βοηθὸς,
2852 286 2986 340 ἀλλὰ
3029 290 3120 344 καὶ
3145 294 3419 364 σωτηρίας
3445 296 3632 368 ὁδηγδς

381 368 670 425 parentum
694 363 959 420 voluntati
997 369 1165 434 cedit,
1197 371 1501 443 Joannique
1531 375 1753 432 thalami
1784 383 1960 438 s'ocie-

381 456 491 502 tate
521 452 894 523 conjungitur.
925 457 1166 540 etvitam
1200 462 1452 532 religiose
1471 475 1772 540 sancteque
1797 471 1956 530 insti-

325 577 350 628 -ί
377 549 562 608 tuens,
587 559 710 598 cum
745 549 942 604 marito
981 567 1203 624 quoque
1242 572 1425 612 mores
1474 575 1605 616 suos
1638 565 1952 638 participat,

315 669 319 671 -
371 647 496 686 non.
526 635 705 688 solum
741 640 866 695 vita:
900 643 1214 698 auxiliatrix
1245 646 1370 715 ipsi,
1411 666 1603 706 verum
1641 655 1806 710 etiam
1840 635 1952 714 dux

367 725 565 782 salutis
607 728 772 784 facta.
805 733 1014 790 Deinde
1049 736 1116 789 ad
1147 740 1320 793 sancti
1365 741 1726 802 Przecursoris
1770 749 1952 807 denuo

369 819 633 887 templum
677 825 974 890 concessit,
1015 826 1168 882 humi
1205 833 1610 902 procumbens;
1661 855 1764 893 nec
1795 843 1950 910 quid~

297 955 320 976 _.
369 907 516 975 piam
547 910 782 966 alterius
821 914 900 968 rei
955 926 1320 1006 praeterquam
1359 925 1538 992 panis,
1578 943 1732 998 aqua:
1767 907 1826 984 et
1863 948 1948 988 sa-

369 999 435 1051 lis
465 1010 724 1070 gustatis;
763 1019 872 1060 non
903 999 1254 1065 inclinato‘in
1305 1014 1450 1070 latus
1487 1033 1740 1088 corpore,
1801 1038 1944 1078 som-

315 1129 342 1136 ..
365 1107 494 1144 num
537 1093 740 1150 ibidem
767 1097 1025 1166 capiens;
1068 1112 1124 1156 et
1155 1103 1426 1176 lacrymas
1455 1123 1584 1166 suas
1631 1111 1722 1168 die
1751 1126 1944 1172 nocte-

333 1197 470 1250 .que
499 1183 553 1236 in
571 1201 1118 1254 panemconvertens
1145 1211 1212 1249 eo
1269 1196 1395 1262 ﬁne,
1456 1209 1517 1254 ut
1559 1201 1724 1270 ﬁlius,
1769 1206 1942 1263 inter-

357 1273 590 1330 cedente
619 1289 810 1334 sancto
831 1281 1056 1338 Joanne
1073 1283 1338 1356 Baptista,
1381 1293 1784 1350 concederetur
1807 1298 1935 1366 sibi,

2063 369 2598 442 γενομένη.”Επειτα
2627 376 2810 444 μέντοι
2827 379 2902 450 τῷ
2930 383 3076 452 αὐτῷ
3094 383 3185 437 τοῦ
3207 386 3522 460 Προδρόμου
3543 393 3634 445 καὶ

2063 459 2226 514 πάλιν
2252 466 2607 536 προσεδρεύει
2641 469 2774 541 ναῷ,
2817 473 2909 524 ἐπὶ
2935 474 3027 526 τοῦ
3051 477 3284 546 ὲδάψους
3322 480 3628 554 καθημένη,

2053 552 2146 605 καὶ
2180 553 2253 622 μὴ
2304 555 2350 609 δ’
2380 551 2584 613 obsnio:
2624 557 2717 614 οὖν
2773 563 2984 634 ἑτέρου,
3027 567 3109 620 ὅτι
3143 569 3217 638 μὴ
3278 571 3438 640 μόνον
3465 551 3629 646 ἄρτου

2052 646 2143 698 καὶ
2183 645 2377 711 ὓδατος
2433 651 2526 703 καὶ
2578 653 2720 706 ἀλῶν
2769 657 3062 728 γευομένη,
3123 661 3257 730 μηδὲ
3281 665 3360 727 εἰς
3395 645 3628 736 πλευρὰν

2049 737 2472 813 ἀνακλινομένη,
2505 745 2640 798 ἀλλὰ
2675 749 2765 800 καὶ
2817 747 2986 801 ὕπνου
3041 749 3218 825 ταύτῃ
3277 756 3624 826 μεταλαμϐά-

2049 845 2234 896 νουσα,
2269 834 2362 885 καὶ
2413 835 2576 904 ἄρτον
2607 839 2770 907 ἑαυτῇ
2814 840 2880 892 τὰ
2929 843 3104 896 οἰκεῖα
3153 844 3364 914 δάκρυα
3425 851 3622 918 μᾶλλον

2048 917 2263 987 ἡμέρας
2293 920 2387 972 καὶ
2423 925 2617 986 νυκτὸς
2663 927 2982 998 ποιουμένη,
3013 930 3155 986 ὥστε
3213 933 3432 1004 δοθῆναι
3465 941 3625 993 παῖδα

2052 1012 2171 1072 ταῖς
2210 1013 2302 1064 τοῦ
2337 1015 2644 1067 Βαπτιστοῦ
2684 1021 3002 1087 πρεσϐείαις
3029 1025 3188 1096 αὐτῇ,
3221 1025 3280 1079 ὃν
3313 1029 3448 1097 αὑτὴ
3479 1032 3626 1084 Betim

2049 1101 2210 1155 πάλιν
2235 1107 2378 1158 κατὰ
2409 1107 2498 1158 τὸν
2523 1109 2776 1180 Σαμουὴλ
2807 1114 3069 1183 προσάξει
3110 1118 3250 1189 Θεῷ.
3289 1121 3476 1192 Τολμᾷ
3519 1126 3625 1194 γὰρ

2045 1195 2144 1264 ἤδη
2176 1213 2268 1264 μοι
2329 1197 2422 1250 καὶ
2477 1201 2640 1272 μέχρι
2701 1205 2914 1270 τούτου,
2961 1208 3098 1278 πρὸς
3148 1210 3216 1264 τὰ
3267 1211 3625 1282 ὲξῆςὸλέγος

2040 1285 2204 1348 ὀρῶν.

283 1409 290 1415 .
355 1367 614 1422 eumdem
653 1371 786 1438 Deo,
809 1375 968 1430 velut
996 1379 1232 1434 alterum
1283 1382 1614 1450 Samuelem,
1651 1403 1751 1457 per
1778 1392 2108 1450 oblationem
2141 1391 2456 1447 redditurae.
2489 1389 2668 1446 Audet
2698 1391 2846 1446 enim
2878 1393 3054 1448 oratio
3107 1409 3291 1450 nosna
3334 1398 3564 1466 lim-usqi
3589 1415 3619 1450 c

305 1513 314 1518 _
358 1461 634 1531 progredi,
671 1466 972 1538 respiciens
997 1471 1064 1524 ad
1097 1473 1329 1543 reliqua.

433 1559 484 1610 5.
517 1559 634 1612 Non
671 1564 902 1614 inuitum
941 1565 1254 1620 intercessit
1282 1572 1574 1636 temporis,
1621 1589 1742 1626 cum
1796 1589 1924 1626 cecc

2117 1569 2179 1616 ε’.
2213 1565 2286 1615 Οὐ
2317 1566 2490 1635 βραχῦ
2525 1570 2582 1622 τὶ
2611 1572 2668 1622 ἐν
2691 1574 2874 1642 μέσῳ,
2911 1576 3004 1629 καί
3035 1596 3118 1642 τις
3168 1573 3395 1646 γλυκεῖα
3425 1585 3624 1648 νυκτῦς

355 1651 598 1718 jucunda
625 1653 883 1722 quaedam
919 1667 1084 1710 noctu
1113 1658 1273 1722 visio,
1337 1661 1452 1728 ipse
1483 1663 1821 1717 Prodronms
1847 1681 1925 1734 ap~

2043 1657 2068 1707 ὀ
2101 1656 2410 1728 Πρόδρομος
2461 1664 2743 1731 ἐφίσταται
2794 1668 2934 1737 ὄψις,
2990 1671 3212 1742 Θάρσει,
3241 1673 3422 1741 γύναι,
3447 1677 3624 1745 λέγων

313 1793 316 1798 .
361 1753 535 1810 paret,
563 1743 815 1810 Conﬁde,
863 1749 1081 1808 mulier,
1147 1751 1445 1819 inquiens;
1481 1765 1733 1824 suscepta
1787 1758 1934 1810 enim

313 1877 324 1892 λ
358 1834 604 1900 precatio
636 1845 723 1888 tua
753 1844 874 1890 cst:
911 1839 1068 1907 cujus
1107 1839 1185 1893 rei
1221 1841 1334 1896 haec
1388 1842 1578 1898 odoris
1620 1846 1932 1900 suavissimi

355 1925 688 1994 compositio
719 1928 935 1997 signum
969 1939 1117 1994 esto;
1149 1947 1311 2000 quam
1343 1933 1436 1986 ubi
1475 1937 1790 2004 perceperis
1842 1953 1934 1990 ea-

351 2015 481 2070 dem
516 2017 742 2071 domum
772 2028 940 2072 totam
993 2021 1414 2093 saﬂ'umigabis;
1484 2027 1590 2080 erit
1649 2029 1795 2082 enim
1849 2040 1934 2083 sat

357 2123 552 2178 magna
583 2109 680 2163 tibi
712 2111 892 2180 copia.
933 2112 1129 2167 Mulier
1160 2123 1346 2170 autem
1405 2119 1674 2174 continuo
1726 2135 1928 2190 exper-

357 2209 526 2262 recta,
556 2199 754 2256 timore
789 2204 1000 2271 pariter
1031 2213 1088 2258 et
1119 2205 1326 2260 ltetitia'
1349 2207 1628 2276 perfusam
1659 2225 1716 2264 se
1747 2211 1926 2265 anim-

351 2291 628 2358 advertit;
687 2294 882 2348 timore
925 2295 1152 2365 quidem
1199 2295 1424 2366 prOpter
1468 2299 1768 2354 novitatem
1807 2317 1929 2371 spe-

357 2383 582 2448 ctaculi,
611 2384 799 2438 lietitia
837 2402 968 2440 vero
1001 2396 1229 2457 prepter
1270 2389 1443 2458 prolis
1489 2392 1676 2460 petita.-
1705 2392 1927 2460 pollici-

357 2475 624 2529 tationem
686 2477 910 2546 (ecquis
961 2487 1170 2542 autem,
1217 2495 1250 2534 o
1301 2479 1520 2535 Christe
1559 2498 1656 2537 rex
1711 2493 1921 2547 noster,

355 2565 767 2620 multitudinem
802 2567 1066 2620 bonitatis
1097 2579 1208 2626 tum
1231 2569 1414 2638 dignis
1459 2572 1702 2625 celebret
1741 2573 1924 2629 laudi-

355 2658 459 2710 bus
479 2659 542 2730 υ,
574 2658 734 2728 quasi
759 2658 984 2728 globum
1017 2657 1232 2713 sumtus
1258 2675 1516 2728 magnum
1553 2661 1775 2716 tenebat
1803 2679 1923 2717 ma-

351 2749 550 2815 nibus;
583 2750 859 2819 simulque
893 2751 1047 2804 humi
1077 2765 1136 2806 se
1169 2758 1552 2820 prosternens,
1576 2768 1638 2806 ac
1660 2769 1836 2822 prono
1867 2755 1920 2808 in

330 2841 728 2910 pavimentum
755 2842 960 2912 capite,
990 2850 1117 2896 ante
1147 2857 1299 2896 aram
1323 2843 1450 2896 nixa
1489 2843 1742 2912 genibus,
1789 2855 1924 2914 quot

331 2933 490 3000 .grati
549 2934 722 2988 animi
769 2950 954 3000 voces,
995 2941 1132 3004 quot
1187 2934 1335 2989 rivos
1389 2935 1758 3008 lacrymarum
1807 2953 1918 2990 non

2039 1749 2177 1818 αὐτῇ
2207 1767 2220 1779 ·
2260 1753 2594 1826 προσεδέχθη
2634 1757 2800 1828 γὰρὴ
2851 1761 3035 1830 δέησίς
3083 1781 3196 1826 σου,
3224 1767 3316 1818 καὶ
3363 1767 3500 1838 αὕτη
3537 1787 3624 1824 σοι

2042 1845 2270 1908 σημεῖον
2297 1847 2328 1913 ἡ
2351 1847 2569 1909 εὐωδία,
2613 1854 2798 1918 φησὶν,
2841 1856 2907 1926 ἢν
2941 1857 3035 1908 καὶ
3063 1857 3303 1912 λαϐοῦσα
3333 1860 3624 1931 θυμιάσεις

2038 1934 2113 2000 τῷ
2147 1937 2281 2005 οἴκῳ
2319 1953 2332 1966 ο
2373 1939 2618 2009 ἀρκοῦσα
2662 1945 2770 2014 γὰρ
2801 1946 2883 2014 ἐφ’
2913 1949 3098 2002 ίκανδν
3131 1951 3288 2005 ἔσται
3319 1971 3422 2006 σοι.
3467 1955 3528 2007 Ἡ
3559 1957 3620 2008 δὲ

2045 2028 2357 2096 κατάφοϐος
2377 2032 2509 2100 ὁμοῦ
2535 2035 2626 2087 καὶ
2658 2042 2961 2110 περιχαρὴς
2988 2043 3186 2096 αὐτίκα
3199 2046 3571 2100 διυπνισθείσα
3607 2092 3622 2114 ,

2035 2117 2096 2166 τὸ
2134 2119 2253 2186 μὲν,
2289 2120 2363 2190 τῷ
2397 2123 2576 2192 καινῷ
2599 2127 2692 2179 τοῦ
2721 2131 2998 2200 ὁράματος
3021 2177 3034 2200 ,
3077 2137 3137 2188 τὸ
3167 2137 3248 2200 δὲ,
3279 2142 3348 2209 τῇ
3375 2140 3469 2193 τοῦ
3525 2144 3620 2194 ati-

2033 2209 2288 2276 τηθέντος
2329 2214 2630 2287 ἐπαγγελίᾳ
2653 2220 2769 2284 (Τίς
2834 2241 2948 2286 σου,
2999 2227 3202 2296 Χριστὲ
3265 2230 3510 2300 βασιλεῦ,
3551 2234 3619 2286 τὸ

2033 2300 2132 2370 τῆς
2183 2307 2548 2378 χρηστότητος
2605 2313 2811 2380 πλῆθος
2849 2317 3016 2382 ἀξίως
3047 2321 3426 2390 ύμνήσειενί),
3479 2325 3619 2379 ὡσεὶ

2035 2402 2268 2467 σφαῖραν
2320 2401 2658 2474 θυμιάματος
2715 2410 2959 2478 μεγάλην
2987 2408 3099 2481 εἶχε
3137 2413 3224 2468 διὰ
3271 2417 3488 2486 χειρὸς,
3515 2421 3618 2471 καὶ

2033 2492 2378 2560 παραχρῆμα
2425 2494 2501 2556 ὡς
2534 2492 2682 2565 εἶχεν
2711 2499 2913 2568 ἑαυτὴν
2942 2501 3018 2570 τῷ
3045 2503 3230 2574 ἐδάφει
3277 2506 3442 2560 δοῦσα
3463 2545 3480 2572 ,
3514 2509 3616 2561 καὶ

2029 2581 2273 2649 κεφαλὴν
2330 2585 2418 2635 ἐπ’
2452 2585 2582 2638 αὐτὸ
2628 2590 2734 2660 πρὸ
2763 2592 2856 2643 τοῦ
2900 2591 3288 2664 θυσιαστηρίου
3323 2597 3463 2665 μετὰ
3513 2599 3614 2651 καὶ

2029 2673 2269 2738 γονάτων
2299 2675 2580 2744 ἐρείσασα,
2615 2681 2772 2742 ποίας
2797 2683 3251 2755 εὐχαριστηρίους
3279 2689 3378 2741 οὐκ
3409 2691 3612 2742 ἐποιεῖ-

2027 2779 2088 2814 το
2115 2765 2296 2830 φωνάς
2320 2783 2333 2828 ς
2363 2767 2515 2831 τίνας
2543 2769 2800 2840 δακρύων
2825 2775 3047 2844 ὀχετοὺς
3074 2778 3174 2830 οὐκ
3207 2779 3358 2848 ἠφίει
3389 2781 3402 2834 i
3439 2780 3606 2850 Ἑξῆς

2027 2851 2082 2903 δὲ
2115 2853 2354 2907 λαϐοῦσα
2383 2857 2766 2930 θυμιατήριον,
2799 2866 3056 2936 τοιαύτης
3098 2869 3335 2940 ἐπλήρου
3373 2872 3610 2936 εὐωδίας

2029 2943 2120 2995 τὸν
2177 2941 2344 3008 οἷκον,
2377 2949 2451 3010 ὡς
2502 2950 2628 3022 μηδ’
2674 2953 2820 3024 ἔχειν
2877 2959 3005 3021 τοὺς
3059 2961 3225 3031 αὐτῆς
3265 2963 3608 3033 ἀντιλαμϐα-

348 3024 908 3080 omittebatiDeindc
958 3034 1182 3095 arrepto
1217 3025 1528 3088 tburibulo,
1583 3028 1676 3080 tali
1743 3028 1924 3082 locum

2033 3035 2290 3103 νομένους
2348 3035 2548 3094 εἰδέναι
2615 3046 2802 3114 σαφῶς
2843 3088 2858 3112 ,
2924 3051 3047 3120 ἥτις
3106 3054 3234 3106 ποτὲ
3283 3054 3422 3124 αὕτη
3457 3073 3469 3085 ·
3509 3057 3610 3110 καὶ

351 3117 616 3184 implebat
646 3115 837 3170 odoris
861 3117 1155 3181 suavitate,
1179 3124 1240 3170 ut
1269 3117 1414 3170 illam
1457 3119 1762 3172 sentientes
1809 3135 1918 3174 non

345 3205 486 3259 satis
532 3215 931 3275 cognoscerent
983 3207 1161 3280 qualis
1183 3215 1364 3272 esset;
1419 3207 1550 3275 quin
1604 3208 1919 3270 etiam,cu-

2029 3125 2212 3178 ὁποίου
2241 3130 2308 3182 31v
2333 3131 2412 3202 εἴη
2455 3127 2628 3205 μύρου
2679 3137 2874 3206 (οὕτως
2931 3143 3240 3214 ἁπόρῤτρὶν
3295 3164 3348 3199 τι
3411 3149 3605 3217 χρῆμα

2029 3218 2124 3269 καὶ
2147 3219 2286 3271 θεῖον
2308 3218 2394 3292 ἦν)
2427 3227 2830 3296 ἐρμηνευθῆναι
2862 3232 3003 3304 λόγῳ
3031 3229 3105 3302 μὴ
3131 3231 3416 3304 δυναμένη.

343 3303 564 3372 jusnam
597 3301 738 3355 odor
764 3302 854 3356 ille
887 3303 1153 3372 unguenti
1191 3301 1334 3356 foret
1367 3301 1502 3373 (tam
1537 3304 1927 3362 inenarrabilis
1962 3325 2026 3366 ac
2098 3312 2282 3369 divina
2323 3321 2574 3386 quaedam
2605 3338 2692 3376 res
2761 3325 2896 3396 erat)
2919 3301 3099 3380 verbis
3161 3301 3418 3398 (ιτιι-ίὶιτιιὶ
3461 3348 3604 3384 run-

350 3408 513 3463 quam
543 3394 742 3463 potuit.

417 3489 476 3544 6.
507 3489 622 3543 Illo
641 3488 808 3558 igitur
835 3487 924 3542 die
952 3495 1124 3542 totum
1156 3503 1298 3558 pene
1325 3485 1660 3544 odoramenti
1695 3490 1914 3559 globum

347 3579 618 3636 adolendo
673 3581 1054 3650 consumpsit,
1111 3581 1310 3650 exigua
1373 3581 1609 3650 quadam
1663 3583 1916 3651 portione

346 3672 610 3727 duntaxat
641 3672 854 3736 relicta,
882 3688 1048 3742 quam
1103 3673 1410 3744 strophiolo
1457 3674 1602 3742 quod
1632 3691 1796 3727 manu
1831 3684 1913 3730 te-

345 3766 532 3830 nebat,
565 3764 819 3820 involvit.
875 3765 1105 3820 Postera
1159 3775 1344 3820 autem
1413 3767 1560 3830 luce,
1605 3767 1838 3821 excitata
1885 3783 1916 3822 c

344 3874 560 3922 somno,
609 3865 777 3912 totam
819 3857 972 3912 illam
1041 3856 1337 3912 suﬁimenti
1389 3859 1752 3927 quantitatem
1803 3861 1917 3927 (res

345 3952 486 4006 mira
510 3952 549 4021 ι)
575 3967 738 4020 quam
767 3961 994 4008 sanctus
1035 3951 1352 4006 Praecursor
1400 3949 1649 4012 dederat,
1683 3951 1914 4004 invenit.

342 4041 522 4110 Atque
549 4041 663 4109 ipsa
686 4042 910 4110 quidem
935 4043 1152 4110 eodem,
1180 4059 1291 4112 quo
1311 4041 1515 4111 pridie,
1569 4041 1732 4095 modo
1753 4041 1916 4096 facti-

347 4133 520 4197 tabat,
552 4135 929 4203 templumque
955 4151 1150 4189 rursus
1185 4134 1534 4189 suavitudine
1583 4134 1771 4188 odoris
1821 4147 1912 4186 re-

339 4224 630 4280 ferciebat.
697 4225 993 4295 lnterjecto
1058 4234 1239 4280 autem
1301 4225 1584 4293 aliquanto
1642 4233 1910 4292 tempore,

2029 3498 2031 3500 '
2105 3492 2180 3550 ς’.
2219 3484 2330 3556 Τὴν
2363 3485 2461 3557 μὲν
2486 3481 2582 3541 οὖν
2617 3489 2852 3559 σφαῖραν
2883 3490 3067 3544 πᾶσαν
3107 3492 3294 3562 σχεδὸν
3320 3495 3438 3546 κατ’
3463 3495 3610 3548 ὲκεί-

2031 3593 2128 3648 νην
2157 3578 2399 3631 ἀνάλωσε
2433 3579 2530 3650 τὴν
2563 3581 2794 3650 ἡμέραν,
2826 3581 2902 3650 τῷ
2935 3583 3046 3654 ναῷ
3088 3583 3360 3653 θυμιῶσα,
3408 3588 3608 3657 μικρὸν

2031 3669 2088 3723 δέ
2122 3687 2173 3722 τι
2204 3669 2370 3739 μέρος
2403 3671 2748 3738 ὑπολειφθὲν,
2802 3674 2878 3742 τῷ
2926 3675 3028 3726 ἀνὰ
3077 3677 3230 3744 χεῖρα
3281 3678 3606 3746 περιέδησεν

2028 3762 2304 3832 ὲγχειρίῳ.
2339 3763 2450 3831 Τῆς
2495 3763 2540 3815 δ’
2588 3764 2846 3834 ἐπιούσης
2880 3764 3038 3826 αὖθις
3076 3765 3168 3817 τοῦ
3202 3766 3370 3818 ὕπνου
3415 3769 3604 3820 διανα-

2028 3859 2222 3914 στᾶσα.
2281 3853 2404 3928 εὗρε
2447 3859 2609 3911 πάλιν
2654 3860 2783 3928 ὅλην
2831 3861 3032 3930 αὐτὴν,
3069 3855 3112 3914 ὦ
3147 3861 3239 3912 τοῦ
3287 3861 3596 3929 θαύματοςὲ

2025 3950 2098 4011 ὡς
2144 3949 2248 4002 ὑπὸ
2282 3951 2374 4001 τοῦ
2409 3951 2563 4018 ἁγίου
2595 3951 2793 4005 δέδοτο.
2832 3953 2938 4004 Καὶ
2985 3956 3016 4022 ἡ
3066 3954 3186 4022 μὲν,
3233 3953 3299 4004 τὰ
3353 3954 3441 4004 ἶσα.
3483 3955 3600 4015 τοῖς

2025 4043 2308 4112 προτέροις
2332 4043 2482 4112 ἔδρα,
2505 4045 2597 4097 καὶ
2622 4045 2710 4096 τὸν
2734 4045 2859 4097 ναὸν
2891 4045 3044 4108 αὖθις
3075 4045 3300 4108 εὐωδίας
3331 4045 3592 4114 ἐπλήρου.

2021 4137 2227 4205 Χρόνου
2263 4138 2320 4190 δέ
2355 4155 2500 4199 τινος
2546 4139 2947 4208 διαγενομένου,
2997 4139 3025 4190 ὁ
3079 4138 3388 4207 Πρὸδρομος
3434 4137 3598 4189 πάλιν

2019 4227 2154 4298 αὐτῇ
2187 4228 2390 4294 γλυκὺς
2421 4230 2628 4300 ὄνειρος
2663 4231 2912 4296 ἐπιστὰς,
2951 4230 3262 4300 Ἀνάστηθι,
3300 4231 3453 4298 φησὶν
3497 4227 3596 4296 “(’5'

343 4323 570 4370 sanctus
597 4317 914 4371 Przecurs'or
945 4317 1131 4370 denuo
1153 4317 1256 4385 ipsi
1293 4325 1450 4385 grato
1483 4331 1679 4370 somno
1721 4315 1914 4383 sopita:

2032 4337 2130 4385 lat,
2149 4322 2242 4373 καὶ
2275 4321 2507 4391 πορεύου
2537 4324 2684 4389 παρὰ
2716 4323 2805 4376 τὸν
2831 4323 2960 4376 ἴδιον
2983 4323 3149 4390 ἄνδρα
3176 4339 3188 4351 ·
3213 4322 3458 4393 συλλήῷῃ
3483 4325 3592 4392 γὰρ

343 4409 776 4479 superveniens:
817 4407 1011 4476 Surge,
1067 4407 1266 4476 inquit,
1301 4408 1518 4469 mulier,
1557 4417 1613 4462 et
1672 4407 1914 4461 concede

340 4499 408 4553 atl
447 4498 706 4552 maritum
739 4507 929 4562 tuum;
967 4499 1250 4566 ooncipies
1273 4499 1422 4551 enim
1449 4497 1914 4562 ﬁlinm,vocabis-

339 4608 450 4660 que
479 4606 682 4646 nomen
731 4591 853 4661 ejus
907 4590 1166 4662 Symcon.
1206 4589 1314 4644 Lac
1357 4589 1595 4644 dexterae
1659 4589 1914 4644 mamillae

345 4695 452 4739 tum
475 4693 654 4754 suget,
677 4694 733 4738 et
762 4684 985 4738 sinistra
1013 4684 1242 4738 omnino
1275 4681 1582 4736 abstinebit
1603 4699 1616 4746 ;
1639 4681 1747 4736 erit
1766 4682 1912 4737 enim

343 4774 491 4830 ﬁlius
515 4774 778 4828 dexterae.
810 4774 1044 4830 Carnem
1071 4783 1128 4828 et
1179 4774 1388 4836 vinum,
1423 4781 1479 4826 et
1517 4771 1784 4841 quidquid
1820 4773 1908 4826 in-

339 4867 552 4922 dustria
597 4875 762 4936 atque
817 4883 907 4922 ars
940 4867 1180 4920 humana
1241 4865 1459 4919 noverit
1511 4879 1728 4932 parare,
1797 4877 1908 4915 non

337 4959 662 5028 continget:
701 4959 796 5012 sed
849 4958 1008 5027 panis
1047 4965 1103 5011 et
1127 4971 1287 5024 aqua,
1329 4956 1434 5009 mel
1489 4963 1545 5008 et
1599 4953 1674 5009 sal
1729 4953 1910 5006 nutri-

340 5063 590 5107 mentum
627 5051 777 5104 illius
820 5033 1008 5113 erunt,
1039 5048 1234 5103 sedulo
1283 5056 1469 5099 autem
1513 5041 1912 5099 custodiendus

339 5143 438 5200 tibi
479 5143 610 5208 erit,
661 5141 830 5196 veluti
887 5155 984 5194 vas
1047 5154 1265 5194 sacrum
1299 5146 1356 5191 et
1383 5136 1571 5190 divino
1605 5135 1910 5188 ministerio

337 5231 656 5286 dicandum.
691 5231 909 5286 Biennii
959 5245 1126 5300 porro
1175 5229 1362 5298 elapso
1397 5227 1594 5295 spatio.
1642 5226 1744 5278 hac
1793 5225 1908 5293 ipsa

2015 4413 2148 4478 υἱὸν,
2170 4413 2264 4466 καὶ
2283 4414 2531 4476 καλέσεις
2555 4415 2613 4466 τὸ
2636 4415 2804 4484 ὄνομα
2826 4414 2992 4467 αὑτοῦ
3011 4415 3256 4484 Συμεών·
3279 4414 3451 4480 δεξιοῦ
3485 4432 3591 4484 μα-

2017 4499 2142 4552 στοῦ
2203 4502 2344 4569 γάλα
2385 4501 2611 4573 θηλάσει
2647 4521 2762 4568 σου,
2796 4503 2890 4558 τοῦ
2926 4506 3209 4575 εὐωνύμου
3245 4508 3298 4559 δὲ
3333 4507 3590 4573 καθάπαξ

2014 4592 2272 4658 ἀφέξεται
2301 4610 2315 4625 ·
2345 4593 2497 4648 ἔσται
2521 4595 2630 4666 γὰρ
2681 4596 2789 4648 τῶν
2836 4596 3028 4660 δεξιῶν
3067 4601 3128 4650 τὸ
3154 4597 3367 4650 παιδίον
3396 4615 3409 4628 ·
3457 4616 3588 4668 xpe-

2014 4683 2090 4734 ὦν
2123 4684 2154 4752 ἢ
2207 4685 2374 4746 οἴνου,
2403 4685 2433 4756 ἢ
2494 4685 2603 4738 τῶν
2626 4689 2726 4740 ὅπα
2751 4688 2914 4757 τέχνη
2951 4688 3045 4740 καὶ
3090 4688 3212 4755 χεὶρ
3251 4682 3358 4740 οἶδε
3391 4688 3584 4738 σκευά-

2017 4773 2156 4836 ζειν,
2184 4776 2244 4827 οὐ
2278 4778 2671 4846 μεταλήψεται,
2701 4778 2820 4831 ἀλλ’
2852 4779 3016 4847 ἄρτος
3043 4779 3075 4847 ἡ
3114 4778 3290 4847 τροφὴ
3324 4779 3418 4831 καὶ
3447 4778 3590 4848 ὕδωρ

2021 4863 2189 4931 αὐτῷ,
2215 4865 2310 4915 καὶ
2337 4865 2458 4934 μέλι
2489 4867 2581 4918 καὶ
2613 4866 2737 4929 ᾶλες
2765 4884 2778 4897 ·
2813 4868 2841 4920 ὃ
2875 4868 2970 4921 καὶ
3001 4869 3152 4938 πάσῃ
3185 4868 3399 4938 φυλακῇ
3425 4886 3592 4940 τηρη·

2017 4954 2162 5012 τέον,
2189 4955 2264 5017 ὡς
2292 4957 2484 5018 σκεῦος
2516 4957 2690 5024 ἅγιον,
2725 4960 2820 5012 καὶ
2847 4961 2965 5028 Θεῴ
2989 4963 3066 5023 εἰς
3101 4961 3450 5030 λειτουργίαν
3479 4962 3590 5012 ἐ,σὸ-

2021 5060 2199 5110 μενον.
2233 5047 2416 5106 Διετὲς
2464 5047 2518 5098 δὲ
2541 5049 2760 5115 γεγονὸς
2803 5053 2860 5102 ὲν
2893 5050 3025 5119 τῷδε
3057 5050 3134 5119 τῷ
3157 5051 3291 5120 οἴκῳ
3321 5051 3378 5102 τὸ
3447 5051 3588 5104 θεῖον

2019 5133 2301 5203 βάπτισμα
2333 5135 2572 5199 δέξεται.
2611 5142 2704 5190 καὶ
2760 5138 2896 5191 αὐτὸ
2923 5143 3079 5210 ’μετὰ
3125 5141 3222 5212 τὴν
3251 5145 3314 5192 ἐκ
3345 5141 3435 5192 τοῦ
3491 5143 3590 5210 βαι

2017 5223 2324 5291 πτίσματος
2359 5227 2537 5297 χάριν,
2569 5229 2636 5280 τὰ
2663 5231 2788 5298 περὶ
2817 5231 3008 5282 ἑαυτοῦ
3033 5231 3342 5298 φθέγξεται.

335 5329 394 5384 in
415 5329 652 5385 ecclesia
681 5345 902 5384 sacrum
927 5327 1200 5397 baptisma
1259 5325 1549 5394 suscipiet,
1610 5326 1904 5394 gratimque
1943 5324 2286 5395 baptismalis
2321 5323 2500 5378 factus
2539 5325 2838 5394 particeps,
2866 5323 2996 5396 quid
3015 5325 3081 5380 de
3101 5341 3165 5382 se
3190 5325 3436 5380 futurum
3493 5323 3588 5388 sit,

336 5421 670 5475 cnunﬁabh.

407 5511 462 5564 7.
488 5511 702 5565 Martha
723 5511 894 5582 igitur
925 5520 1033 5566 tam
1067 5509 1324 5581 praesenti
1357 5509 1656 5578 divinaque
1685 5507 1904 5578 appari—

336 5603 485 5658 tione
537 5603 780 5672 dignata,
825 5603 1078 5672 perculsa
1131 5611 1189 5656 et
1217 5599 1428 5670 trepida
1483 5599 1708 5653 domum
1752 5613 1906 5654 suam

2085 5505 2152 5568 ζ’.
2201 5506 2266 5558 Ἢ
2298 5507 2396 5577 μὲν
2431 5507 2526 5560 οὖν
2551 5507 2687 5576 γυνὴ
2712 5506 2970 5578 τοιαύτης
3011 5507 3103 5558 καὶ
3130 5505 3271 5558 οὕτω
3295 5505 3444 5568 θείας
3471 5507 3580 5559 ὲπιο

2019 5597 2244 5662 στασίας
2299 5600 2616 5665 ἀξιωθεῖσα,
2639 5600 2944 5667 ὑπότρομος
2982 5600 3074 5650 καὶ
3107 5597 3360 5670 περιδεὴς
3382 5601 3461 5662 είς
3496 5598 3583 5651 τὸν
