4032 6186
435 333 571 394 29³33

1459 343 1636 406 VITA
1675 345 1722 401 Α
1760 332 2199 401 NICEPHORO
2238 332 2733 394 CONSCRIPTA.

3565 335 3706 399 2994

435 446 634 500 οίκεῖον
671 444 960 500 ,ἐπάνεισιν
998 445 1169 515 οἷκον,
1207 451 1336 503 εἴσω
1379 453 1564 506 πυλῶν
1599 455 1696 524 τῆς
1743 451 2016 522 Ἀντιόχου

2138 446 2446 508 'evertitur,
2477 445 2620 498 intra
2650 451 2841 512 portas
2877 441 3184 500 Antiochiae
3219 444 3418 513 sitam;
3459 448 3706 502 accedit-

435 541 595 592 ϐντα·
631 540 1047 612 καταλαμϐάνει
1086 542 1143 596 δὲ
1193 542 1285 596 τὸν
1333 545 1540 613 ἑαυτῆς
1584 547 1752 618 ἄνδρα
1814 546 1893 618 τῷ
1934 545 2018 616 βι-

437 632 572 702 ϐλίῳ
607 634 1028 702 προσκείμενον,
1057 633 1085 686 ὃ
1115 634 1213 705 τὴν
1263 635 1529 706 ἐξήγησιν
1563 641 1663 709 τῆς
1721 639 1873 708 ἱερᾶς
1923 637 2018 690 τοῦ

441 723 757 794 Προδρόμου
776 724 1022 796 κεφαλῆς
1046 729 1344 797 περιεῖχεν,
1377 729 1527 793 ὅπως
1563 733 1590 782 ὁ
1629 730 1885 793 τοσοῦτος
1919 731 2020 798 θη-

442 817 662 885 σαυρὸς,
697 819 790 869 καὶ
822 817 915 870 τοῦ
955 817 1029 887 μὴ
1059 819 1243 873 λαθεῖν
1281 820 1470 887 ἄξιος,
1505 823 1608 875 ὑπὸ
1643 823 1746 892 γῆν
1777 823 2023 894 κρυπτό-

445 922 603 975 μενος
625 906 898 979 εὑρεθείη.
936 907 1235 978 Σύμϐολον,
1268 905 1445 981 οἶμαι,
1484 912 1580 978 τῆς
1606 909 1699 964 τοῦ
1737 910 2024 979 εύαγγελι·

443 996 662 1062 σθέντος
693 999 832 1071 αὐτῇ
871 1000 1210 1070 προφητείας
1242 1003 1336 1055 καὶ
1368 1003 1546 1067 τοῦτο,
1574 1003 1654 1055 ὅτι
1690 1003 1834 1071 μέγα
1864 1021 1915 1058 τι
1948 1003 2024 1067 τῷ

444 1089 543 1160 βίῳ
573 1089 774 1157 ἀγαθὸν
805 1091 896 1144 καὶ
930 1085 1086 1156 οὗτος
1113 1096 1381 1162 φανεῖται.
1418 1094 1574 1165 Ποιρά
1619 1094 1698 1165 τῷ
1728 1095 1884 1166 ἀνδρὶ
1917 1097 2025 1148 τοί-

443 1200 536 1235 νυν
595 1182 885 1248 καθίσασα,
937 1184 1040 1254 τῆς
1093 1186 1456 1253 ἀναγνώσεως
1507 1187 1784 1256 ἠκροᾶτοο
1838 1187 1913 1249 ὡς
1965 1173 2025 1240 δὲ

443 1273 580 1344 αὕτη
639 1275 812 1344 πέρας
863 1269 1009 1344 εἶχεν
1069 1276 1302 1346 αύτῷ,ἡ
1340 1279 1469 1346 γυνὴ
1501 1277 1599 1346 τὴν
1626 1277 1746 1345 ὄψιν
1775 1279 1853 1340 είς
1899 1277 2025 1330 νοῦν

444 1366 816 1435 λαμϐάνουσα,
849 1367 1016 1435 φόϐου
1051 1369 1145 1420 καὶ
1198 1369 1373 1437 χαρᾶς
1403 1368 1500 1440 τὴν
1529 1369 1706 1440 ψυχὴν
1741 1371 2027 1434 ὑπόπλεως

445 1451 602 1519 οὖσα,
638 1457 757 1512 ούδέ
808 1459 1093 1521 καθεκτῶς
1138 1458 1286 1527 ἔχειν
1315 1461 1404 1512 οἶα
1435 1477 1495 1513 τε
1517 1456 1606 1528 ἦν,
1639 1462 1775 1515 ἀλλά
1819 1481 1872 1514 τι
1908 1463 2026 1515 λίαν

445 1551 658 1619 οἰκτρὸν
697 1549 894 1620 ἑαυτὴν
925 1549 1272 1622 ὠλοφύρετο,
1308 1554 1382 1615 ὡς
1441 1552 1576 1625 μηδὲ
1634 1553 2028 1624 πυνθανομένῳ

445 1641 544 1711 τὴν
567 1639 747 1693 αἰτίαν
774 1641 852 1710 τῷ
873 1639 1029 1710 ἀνδρὶ
1059 1633 1480 1711 ἀποκρίνεσθαῖ
1505 1641 1619 1693 ἀλλ’
1641 1643 1700 1694 ἐν
1729 1642 2029 1712 ἀπορρήτῳ

447 1730 673 1802 καρδίας
732 1733 822 1798 τὰ,
863 1732 1099 1802 ὀφθέντα
1154 1733 1408 1801 κατέχειν
1437 1747 1451 1761 ⁸
1480 1733 1663 1803 ἐκείνη
1699 1733 1799 1802 μὲν
1828 1731 1921 1786 οὖν
1949 1733 2026 1804 τῷ

445 1823 600 1893 ἀνδρὶ
635 1822 962 1876 συνοικοῦσα
999 1823 1261 1878 συνέλαϐε
1293 1823 1400 1878 ἀπὸ
1434 1823 1554 1876 τότε
1598 1826 1742 1879 κατὰ
1785 1828 1884 1896 τὴν
1927 1826 2021 1880 τοῦ
2054 1800 2100 1858 Β

449 1918 764 1988 Προδρόμου
815 1916 1021 1988 φωνὴν,
1052 1916 1148 1970 καὶ
1199 1918 1493 1988 συνετήρει
1540 1917 1809 1972 πάντοθεν
1856 1920 2026 1989 αὐτὴν

444 2007 633 2078 ὥσπερ
661 2026 714 2062 τι
739 2008 882 2061 θετον
915 2009 971 2060 ἐν
1002 2009 1167 2078 ἑαυτῇ
1202 2007 1445 2078 φέρουσα
1498 2008 1692 2072 σκεῦος
1722 2025 1735 2040 ·
1774 2004 1854 2074 οἷς
1901 2011 2028 2080 μέν·

445 2118 526 2154 τοι
557 2101 780 2172 θαρρεῖν
804 2099 941 2171 εἶχε,
970 2102 1063 2154 καὶ
1097 2101 1336 2170 μάλιστα
1379 2100 1455 2171 τῷ
1486 2102 1641 2172 ἀνδρὶ
1671 2143 1684 2162 ,
1721 2103 2025 2174 παρεδήλου

449 2193 704 2256 πολλάκις
733 2233 747 2257 ,
779 2193 853 2257 ὡς
886 2194 1116 2263 ἄρρενος
1150 2191 1410 2262 ἐγκύμων
1443 2194 1530 2265 εἴη
1557 2195 1744 2265 γονῆς,
1804 2197 1896 2249 καὶ
1945 2197 2026 2249 ὃτι

447 2284 669 2355 Συμεὼν
709 2285 780 2338 ’τὸ
834 2284 1239 2355 τεχθησόμενον
1273 2284 1558 2354 όνομάσοι.
1587 2285 1694 2342 Τοῦ
1726 2287 1922 2356 χρόνου
1971 2287 2026 2340 δὲ

447 2379 546 2449 ἤδη
574 2377 684 2430 τῶν
711 2377 917 2430 ὠδίνων
945 2377 1412 2440 συντελεσθέντος,
1441 2376 1638 2445 τίκτει,
1672 2378 1781 2431 τῶν
1810 2379 1911 2448 τῆς
1944 2379 2028 2432 λο-

445 2473 598 2541 χείας
655 2470 855 2524 ὀδυνῶν
897 2469 1033 2539 αὐτῇ
1090 2469 1162 2541 μὴ
1193 2452 1340 2523 κατὰ
1366 2471 1464 2538 τὴν
1497 2470 1706 2522 οἰκείαν
1731 2470 1894 2539 φύσιν
1915 2472 2027 2523 ἐπι-

447 2563 708 2633 θεμένων,
742 2562 882 2614 ἀλλὰ
942 2562 1035 2614 καὶ
1082 2561 1199 2614 λίαν
1231 2560 1422 2631 ἀλύπῳ
1441 2559 1648 2630 τοκετῷ
1676 2562 2024 2633 χρησαμένη.

448 2657 875 2726 Τεσσαρακοστῇ
907 2654 1092 2707 τοίνυν
1138 2653 1276 2723 μετά
1307 2653 1399 2706 τὸν
1432 2653 1591 2706 τόκον
1620 2653 1806 2725 ἡμέρᾳ
1858 2673 2028 2727 προσ-

449 2749 572 2816 άγει
601 2749 661 2802 τὸ
694 2747 894 2820 βρέφος
922 2747 1000 2818 τῷ
1033 2747 1126 2800 τοῦ
1161 2745 1478 2816 Προδρόμου
1511 2745 1622 2816 ναῷ
1643 2787 1656 2812 ,
1687 2746 2029 2801 ἀντιδιδοῦσα

450 2841 703 2913 καθάπερ
749 2842 778 2895 δ
829 2841 1010 2904 ἔλαϐε,
1073 2840 1169 2893 καὶ
1224 2837 1343 2908 Θεῷ
1401 2838 1481 2911 τῷ
1536 2837 1791 2894 δεδωκότι
1843 2839 2027 2893 καθιε-

455 2933 642 3005 ροῦσα.

521 3035 592 3101 η’.
627 3029 734 3081 Καὶ
762 3029 796 3098 ἡ
843 3028 942 3098 μὲν
980 3026 1128 3097 αὐτῷ
1163 3025 1259 3096 τὴν
1300 3023 1482 3090 δεξιὰν
1508 3025 1697 3094 ἐπεῖχε
1729 3024 1917 3096 θηλὴν,
1955 3024 2030 3086 ὡς

2123 552 2231 618 que
2262 535 2328 590 ad
2363 536 2646 602 maritum,
2673 551 2895 606 operam
2919 535 3144 592 dantem
3174 536 3397 592 lectioni
3420 538 3706 609 cujusdam

2123 627 2272 691 libri,
2323 627 2697 682 narrationem
2771 629 2839 684 de
2895 644 3056 684 sacro
3105 630 3472 685 Prazcursoris
3528 630 3707 699 capite

2123 719 2495 785 continentis;
2526 735 2638 789 quo
2677 720 2890 776 scilicet
2919 731 3088 792 pacto
3141 722 3438 776 thesaurus
3470 722 3584 788 ille,
3615 721 3705 775 in—

2124 813 2304 884 dignis
2340 813 2443 867 sub
2478 823 2618 866 terra
2663 815 2911 870 tenebris
2941 817 3235 870 abstrusus
3282 815 3533 880 latitans,
3583 823 3706 869 tan-

2125 905 2247 959 dem
2281 903 2408 958 inde
2434 903 2673 959 eductus
2707 905 2801 958 sit.
2839 905 3159 977 Symbolum
3203 905 3255 959 id
3291 921 3394 977 ego
3419 906 3709 960 existima-

2126 1013 2256 1053 vero
2315 997 2625 1070 prophetiae
2677 1000 2898 1054 mulieri
2959 1000 3336 1066 denuntiata);
3397 1001 3548 1070 quod
3616 999 3708 1054 hic

2125 1107 2343 1161 quoque
2371 1108 2631 1164 magnum
2664 1091 2891 1162 aliquod
2927 1093 3058 1147 huic
3116 1093 3325 1148 mundo
3356 1093 3566 1148 bonum
3615 1108 3710 1161 ap-

2127 1183 2409 1252 pariturus
2458 1193 2626 1240 esset.
2684 1185 2857 1255 Igitur
2903 1185 3106 1238 marito
3154 1185 3425 1249 assidens,
3482 1183 3708 1238 lectioni

2125 1275 2405 1346 prmbebat
2432 1292 2628 1342 aures;
2667 1293 2772 1346 qua
2809 1277 2998 1341 ﬁnita,
3021 1277 3318 1332 recordata.
3344 1275 3577 1335 visionis
3595 1291 3710 1330 sua:

2126 1366 2392 1435 repletam
2428 1367 2626 1422 timore
2647 1365 2960 1437 gaudioque
3008 1379 3252 1420 mentem
3295 1366 3585 1422 continere
3615 1380 3711 1419 ne-

2126 1459 2357 1529 quibat:
2400 1459 2495 1513 sed
2525 1459 2842 1514 luctuosum
2883 1461 3017 1530 quid
3071 1462 3326 1516 evenisse
3364 1461 3471 1514 sibi
3503 1461 3713 1514 lamen—

2130 1552 2298 1606 tando
2339 1552 2652 1617 simulabat,
2713 1560 2774 1606 ut
2816 1568 2886 1606 ne
2921 1567 3142 1608 causam
3199 1554 3543 1623 percontanti
3585 1568 3702 1606 ma.-

2131 1643 2240 1697 rito
2292 1643 2537 1697 revelare
2601 1642 2990 1711 respondendo
3035 1654 3358 1715 cogeretur,
3412 1661 3606 1700 verum
3653 1645 3710 1698 in

2133 1733 2508 1803 penetralibus
2567 1733 2753 1788 cordis
2811 1751 2933 1804 quae
2989 1736 3204 1790 viderat
3263 1737 3524 1792 conclusa
3577 1737 3711 1791 reti»-

2128 1837 2304 1882 neret.
2335 1828 2508 1882 Porro
2541 1828 2630 1882 illa
2663 1827 2784 1883 viro
2830 1843 3130 1900 congressa
3185 1829 3370 1884 statim
3431 1830 3708 1898 concepit,

2128 1921 2206 1976 uti
2238 1921 2566 1991 przedixerat
2593 1929 2817 1976 sanctus
2843 1922 3123 1988 Joannes;
3155 1922 3633 1990 eonservabatque
3651 1937 3711 1976 se

2128 2007 2278 2064 omni
2309 2009 2363 2062 in
2386 2008 2528 2072 loco,
2562 2025 2672 2064 non
2702 2025 2862 2065 secus
2892 2026 2955 2064 ac
2984 2011 3028 2065 si
3052 2026 3147 2065 vas
3174 2011 3454 2080 quoddam
3489 2028 3709 2067 sacrum

2127 2100 2320 2155 ferret:
2345 2116 2409 2156 ae
2433 2103 2623 2157 multis
2658 2103 2907 2172 quidem,
2953 2105 3157 2173 quibus
3182 2104 3514 2170 conﬁdebat,
3544 2115 3710 2174 atque

2130 2194 2402 2262 imprimis
2435 2196 2636 2250 marito
2660 2197 2797 2251 satis
2848 2194 3138 2252 manifesto
3188 2196 3469 2251 indicabat
3509 2197 3711 2265 saepius

2130 2288 2355 2344 virilem
2418 2304 2476 2344 se
2527 2289 2700 2344 fetum
2753 2298 2968 2360 gestare
3033 2301 3212 2354 utero,
3269 2289 3431 2359 eique
3508 2305 3710 2344 nomen

2131 2380 2366 2450 Symeon
2395 2380 2815 2450 imponendum.
2842 2381 2960 2436 Jam
2988 2396 3122 2435 vero
3155 2381 3376 2450 expleto
3411 2381 3711 2452 gravidita-

2133 2471 2204 2526 tis
2228 2481 2495 2541 tempore,
2531 2489 2656 2528 non
2672 2474 2839 2528 modo
2873 2473 3013 2526 nihil
3048 2472 3400 2543 aegritudinis
3427 2489 3494 2527 ex
3524 2482 3710 2542 partu,

2131 2570 2296 2630 prout
2319 2560 2395 2614 rei
2415 2571 2608 2618 natura
2627 2563 3052 2634 fert,persensit.
3093 2564 3188 2620 sed
3249 2566 3431 2620 omnis
3483 2567 3713 2620 omnino

2131 2653 2338 2710 doloris
2362 2671 2559 2726 expers
2615 2655 2777 2712 enixa
2817 2665 2924 2712 est.
2972 2657 3403 2728 Quadragesima
3451 2659 3652 2714 deinde
3683 2676 3713 2713 a
3750 2705 3758 2711 .

2131 2756 2292 2817 partu
2342 2747 2430 2802 die
2488 2748 2752 2804 infantem
2816 2749 2872 2803 in
2935 2751 3114 2805 sancti
3171 2750 3399 2806 Joannis
3457 2752 3716 2820 Baptistae

2132 2842 2399 2911 templum
2432 2841 2683 2907 adducit,
2718 2841 3006 2896 redditura
3037 2844 3294 2899 eumdem
3347 2844 3712 2913 quemadmo-

2133 2938 2264 2992 dum
2289 2942 2600 3005 aeccperat,
2625 2935 2850 3003 Deoque
2881 2932 3060 2988 datori
3085 2945 3498 2988 consecratum.

2187 3025 2258 3078 .8.
2313 3024 2577 3078 Dextrum
2607 3039 2778 3093 porro
2817 3023 2978 3087 uber,
3010 3023 3088 3076 uti
3142 3023 3210 3077 ab
3264 3024 3459 3078 eodem
3524 3033 3716 3079 sancto

451 3121 557 3174 ὑπὸ
600 3119 694 3173 τοῦ
758 3119 1071 3189 Προδρόμου
1121 3119 1330 3188 εῐρητο,
1359 3117 1454 3171 καὶ
1505 3117 1681 3188 ταύτῃ
1712 3117 1774 3169 τὸ
1829 3116 2030 3187 βρέφος

2138 3117 2347 3171 dictum
2382 3127 2521 3180 erat,
2545 3117 2594 3170 ei
2626 3115 2927 3186 praebebat,
2965 3131 3028 3170 ac
3065 3116 3474 3170 nutrimentum
3517 3133 3718 3187 suppe-

452 3211 749 3280 ἐτιθηνείτο
776 3227 790 3241 ·
823 3209 1032 3277 ὀλίγαις
1062 3207 1119 3261 δὲ
1155 3207 1381 3279 ὕστερον
1409 3208 1647 3280 ἡμέραις
1683 3207 1858 3262 ἔννοια
1888 3209 2034 3276 γίνε-

450 3320 540 3356 ται
571 3305 636 3373 τῇ
665 3302 855 3373 μητρὶ,
891 3301 986 3354 καὶ
1007 3300 1106 3371 τὴν
1133 3299 1418 3371 εὐώνυμον
1450 3299 1601 3370 αὐτῷ
1633 3303 1903 3371 ἐπισχεῖν,
1941 3301 2033 3353 καὶ

452 3396 586 3465 δῆτα
635 3395 886 3465 δεόμενον
938 3394 1121 3447 ἰδοῦσα
1177 3393 1364 3463 θηλῆς,
1393 3393 1484 3444 τὸν
1511 3392 1802 3464 ἀριστερὸν
1847 3392 2033 3462 ἐπέχει

457 3486 679 3557 μαστόν.
703 3486 813 3539 Καὶ
833 3484 894 3537 τό
912 3485 1010 3556 μὲν
1030 3485 1127 3554 οὐχ
1150 3485 1375 3555 ἥπτετο,
1392 3483 1526 3535 ἀλλὰ
1549 3483 2029 3554 κλαυθμυριζόμε-

452 3595 542 3630 νον
563 3576 957 3646 ἀπεστρέφετο·
991 3575 1087 3647 ἡδ’
1112 3575 1346 3643 ἐπέμενε
1384 3573 1583 3644 μᾶλλον
1611 3573 1900 3643 ἐπέχουσα.
1947 3572 2034 3635 Ὠς

452 3667 507 3720 δὲ
542 3667 698 3720 τοῦτο
727 3667 910 3719 πᾶσαν
940 3666 1159 3736 ἐκείνην
1193 3666 1482 3736 παρέτεινε
1530 3664 1716 3734 σχεδὸν
1747 3663 1845 3736 τὴν
1893 3664 2034 3734 ἠμέ-

455 3776 574 3828 ραν,
606 3759 701 3811 καὶ
748 3758 810 3810 τὸ
853 3757 1064 3811 παιδίον
1111 3758 1378 3828 ἄγευστον
1423 3756 1590 3829 θηλῆς
1643 3756 2034 3826 διεμεμενήκει

453 3853 552 3920 τῆς
580 3851 775 3912 νυκτὸς
802 3849 1018 3918 ἐκείνης
1053 3851 1139 3920 (Ὢ
1170 3849 1286 3911 πῶς
1320 3865 1414 3903 σου
1447 3849 1516 3902 τὰ
1543 3849 1824 3920 θαυμάσια
1849 3889 1862 3914 ,
1897 3849 2034 3918 Χρι-

455 3943 568 4006 στὲ,
600 3943 936 4012 διηγήσομαι
968 3941 1008 4011 l)
1042 3939 1388 3994 συστέλλεται
1413 3943 1478 4010 τῇ
1513 3941 1682 4010 μητρὶ
1714 3941 1773 3993 τὸ
1802 3939 2034 3993 διοιδοῦν

455 4035 549 4089 καὶ
610 4033 913 4102 ἀνεστηκδς
973 4031 1065 4085 τοῦ
1115 4031 1400 4102 εὐωνύμου
1462 4031 1693 4101 μαστοῦ,
1725 4033 1824 4084 εἴτ’
1873 4027 1966 4085 οὖν
2005 4034 2034 4085 ὁ

456 4126 907 4195 ὐποπιπλὰμενος
932 4124 1025 4177 τοῦ
1072 4123 1350 4192 γάλακτος
1383 4123 1605 4186 κόλπος,
1643 4125 1740 4175 καὶ
1777 4123 2034 4176 ὑπολεαί-

455 4237 602 4274 νεται
641 4219 735 4271 καὶ
760 4200 1096 4288 ξηραίνεται,
1139 4215 1233 4269 καὶ
1265 4215 1496 4286 ἀνδρείῳ
1518 4214 1578 4266 τὸ
1611 4215 1720 4269 πᾶν
1756 4215 1847 4268 ἴσα
1884 4216 2031 4283 γίνε-

453 4329 542 4364 ται
566 4327 580 4341 ’
609 4313 638 4364 ό
667 4309 842 4374 δεξιὸς
877 4308 952 4373 δὲ,
982 4307 1059 4370 ὡς
1116 4307 1212 4361 καὶ
1264 4293 1529 4378 πρότερον
1577 4303 1746 4376 εἶχεν,
1789 4307 2036 4376 ἀερθόνως

456 4403 711 4474 θηλάζειν
741 4403 801 4455 τὸ
843 4401 1055 4454 παιδίον
1107 4401 1426 4470 δυνάμενος.
1456 4399 1751 4471 Μάρτυρες
1783 4398 1878 4450 τοῦ
1911 4413 2036 4450 τοσ-

2137 3208 2368 3265 (litabat.
2397 3208 2598 3263 Paucis
2631 3222 2760 3264 vero
2789 3217 2915 3278 post
2973 3208 3172 3264 diebus
3204 3208 3259 3263 in
3290 3220 3531 3265 mentem
3568 3213 3719 3266 venit

2137 3301 2321 3367 matri,
2351 3301 2590 3356 sinistra:
2608 3316 2828 3371 quoque
2853 3315 3102 3354 mamma:
3127 3301 3421 3357 admovere
3448 3318 3716 3372 puerum;

2136 3404 2301 3462 atque
2333 3393 2471 3448 adeo
2506 3401 2826 3462 poscentem
2863 3392 3032 3447 ubera
3080 3409 3139 3448 re
3174 3392 3290 3462 ipsa
3322 3393 3616 3450 admovet:
3663 3405 3720 3449 at

2137 3485 2228 3539 ille
2257 3493 2480 3554 tangere
2506 3500 2770 3549 renuens,
2799 3484 3134 3554 ploransque
3164 3483 3368 3540 faciem
3411 3487 3716 3541 avertebat.

2136 3574 2274 3629 Cum
2305 3582 2489 3628 autem
2524 3583 2702 3630 mater
2735 3585 3143 3644 perseveraret,
3189 3586 3413 3646 totoque
3456 3593 3596 3646 pene
3627 3579 3720 3634 illo

2137 3664 2226 3719 die
2254 3665 2390 3719 uber
2411 3665 2700 3719 sinistrum
2741 3665 3070 3735 porrigeret,
3099 3675 3157 3720 et
3180 3681 3319 3735 puer
3343 3668 3510 3722 etiam
3559 3677 3720 3722 nocte

2137 3755 2276 3810 nihil
2331 3755 2567 3810 materni
2613 3756 2771 3810 lactis
2821 3765 3096 3826 gustasset
3127 3748 3427 3825 (quomedo
3467 3759 3727 3829 prodigia.

2138 3845 2358 3900 Domini
2401 3845 2757 3912 enarrabol),
2789 3846 3138 3900 contrahitur
3179 3851 3342 3902 matri
3414 3849 3719 3905 distentum

2138 3949 2305 4010 atque
2340 3939 2607 3994 tumidum
2635 3939 2777 3993 lacte
2806 3941 2944 3994 uber
2973 3940 3297 4008 sinistrum;
3328 3950 3384 3996 et
3408 3943 3563 3997 sinus
3597 3953 3722 3999 ante

2137 4029 2532 4099 protuberans,
2566 4030 2764 4096 mollis,
2798 4029 2987 4084 aridus
3041 4039 3096 4084 et
3121 4031 3267 4086 virili
3292 4032 3520 4087 omnino
3571 4033 3725 4088 simi-

2139 4123 2208 4178 lis
2241 4121 2512 4178 cﬂicitur:
2556 4122 2751 4176 dexter
2774 4138 2925 4187 vero,
2959 4122 3038 4177 uti
3068 4123 3241 4192 prius,
3274 4124 3549 4180 retinebat
3587 4126 3722 4181 affa-

2142 4214 2263 4278 tim,
2326 4212 2473 4266 unde
2525 4227 2663 4280 puer
2722 4212 2920 4265 nutriri
2976 4221 3179 4281 posset.
3222 4213 3413 4268 Testes
3467 4215 3544 4270 rei
3615 4224 3721 4269 tam

2140 4303 2482 4359 admirabilis
2505 4315 2652 4368 sunt,
2674 4305 3017 4373 quotquotin
3053 4304 3251 4359 vicinia
3275 4307 3563 4373 mulieres;
3600 4308 3724 4377 qui-

2140 4397 2243 4452 bus
2262 4404 2439 4451 mater
2467 4411 2577 4465 prze
2599 4395 2930 4450 verecundia
2973 4397 3314 4452 erubescens
3368 4399 3500 4453 illud
3541 4400 3721 4468 ipsum

456 4496 610 4550 θύτου
635 4494 914 4565 θαύματος
947 4494 1069 4546 ὅσαι
1097 4491 1206 4544 τῶν
1238 4493 1515 4560 γυναικῶν
1569 4489 1915 4560 ἐγγειτόνων,
1949 4484 2032 4552 αἷς

2144 4489 2282 4544 uber
2304 4486 2653 4552 monstravit,
2695 4501 2757 4541 ac
2784 4493 2948 4556 gestm
2979 4486 3056 4540 rei
3089 4488 3291 4542 seriem
3340 4490 3618 4559 ex’posuit.

456 4589 489 4660 η
518 4589 708 4641 τούτου
771 4587 975 4656 μήτηρ,
1009 4583 1217 4654 χλωρὸν
1249 4583 1355 4635 ὑπὸ
1409 4583 1565 4646 δέους
1607 4581 1814 4653 ὁρῶσα,
1848 4580 1940 4633 τόν
1975 4597 2033 4632 τε

459 4678 660 4750 μαστὸν
693 4677 893 4738 εὐθέως
916 4675 1146 4740 ἐδείκνυ,
1175 4676 1268 4728 καὶ
1287 4674 1386 4744 τὴν
1423 4674 1600 4727 αἰτίαν
1625 4671 1964 4744 ὲπεξηγείτο.

527 4772 590 4824 θ’.
625 4769 812 4833 Διετὲς
847 4769 904 4819 δε
942 4767 1164 4836 γεγονὸς
1195 4767 1256 4820 τὸ
1296 4768 1506 4820 παιδίον
1537 4768 1595 4820 ἐν
1630 4765 1707 4837 τῷ
1757 4765 1849 4820 τοῦ
1896 4767 2038 4836 Προ-

455 4861 657 4931 δρόμου
684 4856 818 4927 ναῷ,
850 4855 990 4910 κατὰ
1013 4857 1113 4927 τὴν
1149 4855 1359 4908 ἐκείνου
1385 4856 1750 4926 προφητείαν,
1817 4856 1877 4910 τὸ
1936 4854 2038 4926 βά-

456 4969 671 5022 πτισμα
716 4950 956 5022 δέχεται,
989 4950 1084 5003 καὶ
1119 4946 1345 5019 Συμεὼν
1373 4948 1670 5020 ἐπικληθὲν
1731 4948 1939 5005 ἄνεισιν
1975 4953 2040 5006 ὲκ

456 5041 552 5096 τοῦ
584 5043 795 5104 ὓδατος.
839 5041 1051 5094 Γίνεται
1072 5041 1129 5094 δέ
1154 5059 1206 5094 τι
1231 5039 1418 5109 θαῦμα
1449 5042 1580 5111 περὶ
1605 5042 1738 5095 αὐτὸ
1769 5040 1863 5095 τοῦ
1901 5061 2038 5114 προ-

457 5137 618 5207 τέρου
669 5133 1120 5207 παραδοξότερον.
1197 5132 1422 5204 Γλώττῃ
1458 5135 1566 5205 γὰρ
1632 5135 1792 5199 εὐθὺς
1841 5135 2044 5207 ἤρξατο

456 5232 630 5303 τρανῇ
663 5228 864 5297 λέγειν,
891 5227 919 5280 ὃ
972 5227 1064 5280 καὶ
1097 5225 1175 5296 τῷ
1210 5226 1489 5296 Βαπτιστῇ
1555 5226 1755 5298 δηλαδὴ
1809 5228 2046 5299 προηγό.

465 5337 645 5394 ρευτο·
677 5321 828 5392 Ἕχω
889 5319 1103 5390 πατέρα
1148 5318 1244 5372 καὶ
1271 5317 1370 5370 οὐκ
1401 5318 1528 5387 ἔχω,
1560 5317 1671 5388 ἔχω
1705 5320 1918 5390 μητέρα
1950 5319 2045 5373 καί⁹

460 5416 562 5469 οὐκ
592 5414 701 5485 ἔχω
725 5431 737 5444 ·
765 5413 924 5467 τοῦτο
978 5411 1034 5464 δὲ
1099 5410 1194 5464 καὶ
1227 5413 1283 5474 ἐς
1325 5411 1559 5480 ἑϐδόμην
1606 5411 1847 5482 ἐπέμενε.
1887 5416 2046 5484 λέγον

461 5507 700 5577 ἡμέραν,
738 5507 1001 5577 σημαῖνον
1057 5502 1306 5556 ἐντεῦθεν
1344 5504 1444 5574 τὴν
1495 5502 1704 5554 οἰκείαν
1770 5501 1878 5553 τῶν
1927 5500 2046 5570 γηΐ-

462 5616 570 5653 νων
626 5599 855 5669 ἄρνησίν
911 5612 967 5649 τε

463 5690 531 5744 τὰ
577 5691 807 5762 οὐράνια
873 5689 1074 5759 μᾶλλον
1113 5689 1386 5742 οἰκείωσιν
1431 5688 1595 5740 αὑτοῦ
1634 5688 1724 5739 καὶ
1762 5686 2044 5740 ἀνάϐασιν.

475 5782 564 5850 Ἐξ
596 5781 804 5840 ἐκείνου
833 5782 1007 5837 τοίνυν
1035 5783 1225 5844 ὁσάκις
1265 5783 1294 5850 ἡ
1351 5779 1529 5851 μήτηρ
1576 5779 1750 5851 κρεῶν
1814 5776 2051 5840 μεταλάο

1028 5599 1120 5650 καὶ
1170 5596 1540 5668 ἀναχώρησιν,
1597 5597 1690 5648 καὶ
1751 5595 1847 5664 τὴν
1911 5594 2047 5664 πρὸς

2224 4748 2275 4804 9.
2309 4746 2579 4802 Caeterum
2622 4750 2811 4814 postea
2844 4756 3006 4813 quam
3036 4738 3320 4796 biennium
3365 4735 3742 4803 compleverat

2145 4859 2302 4916 puer,
2322 4843 2376 4896 in
2397 4841 2508 4897 divi
2531 4830 3220 4896 Prazcursoris:ede,veluti
3241 4826 3510 4916 abeodem
3527 4823 3733 4916 dictum
3762 4885 3766 4916 ἓ

2147 4899 2471 5000 grat,'sacro
2502 4925 3119 5000 baptismatis-abluitur
3147 4923 3316 4982 fonte,
3353 4934 3416 4973 ac
3447 4899 3766 4998 Symeonis;

2148 5025 2370 5080 nomine
2391 5021 2690 5092 insignitus
2709 5019 2832 5073 inde
2849 5011 3324 5082 emergit.Accidit
3345 5013 3446 5063 hoc
3467 5009 3585 5077 ipso
3608 5014 3736 5058 tem-

2150 5132 2284 5187 pore
2301 5114 2609 5185 prodigium
2628 5110 2901 5181 quoddam
2921 5105 3303 5162 admirabilius
3325 5103 3523 5173 priore.
3546 5096 3766 5152 Conti-‘

2150 5221 2260 5262 nuo
2285 5221 2520 5276 namque
2541 5205 2690 5258 clara
2710 5200 3019 5270 voce(quod
3043 5199 3221 5268 ipsum
3267 5207 3488 5266 quoque
3513 5200 3740 5247 sanctus

2149 5295 2388 5352 .loztunes
2421 5292 2804 5364 przcdixerat),
2841 5289 3093 5360 proloqui
3133 5287 3459 5355 incipiebat:
3487 5281 3583 5338 Est
3605 5279 3738 5334 ruihi

2151 5395 2386 5458 pater,ct
2406 5403 2511 5441 non
2533 5395 2644 5442 est:
2670 5393 2755 5440 est
2775 5382 2907 5437 mihi
2933 5388 3186 5446 matcr,et
3206 5395 3312 5434 non
3332 5386 3416 5434 est
3435 5393 3448 5444 ;
3465 5373 3742 5432 eumdem-

2152 5496 2259 5550 que
2284 5480 2336 5533 in
2360 5481 2648 5549 septimam
2672 5492 2845 5546 usque
2861 5476 3002 5530 diem
3020 5472 3379 5529 continuabat
3407 5465 3742 5529 sermonem,

2154 5575 2493 5645 signiﬁcans,
2539 5588 2599 5629 se
2622 5573 2745 5628 dein
2767 5570 2934 5624 rebus
2958 5565 3192 5646 terrenis
3217 5565 3409 5619 nuntio
3432 5560 3688 5622 remisso,
3717 5572 3744 5605 ιι

2153 5671 2382 5738 strepitu
2426 5668 2606 5739 p0puli
2655 5678 3008 5721 recessurum
3032 5702 3044 5724 ,
3083 5658 3521 5723 cmlestib-usque
3549 5650 3748 5704 melius

2154 5763 2462 5826 intentum,
2511 5773 2574 5812 eo
2621 5767 2736 5815 tota
2773 5761 2952 5812 mente
2985 5763 3369 5810 ascensurum.
3409 5741 3662 5834 Proiecto
3689 5749 3767 5788 eo-
