4032 6186
356 247 499 316 9995

1521 274 1580 332 S.
1617 275 1996 334 SYMEONIS
2033 275 2392 336 JUNlORlS

3475 277 3616 342 2996

347 357 443 412 illo
475 369 742 429 tempore,
797 367 1015 433 quoties
1041 379 1214 424 mater
1251 387 1468 428 carnem
1520 379 1912 449 manducasset1

2039 383 2144 446 ὕοι,
2185 385 2316 453 παρ’
2343 383 2470 449 ὅλην
2519 383 2578 434 τδ
2633 383 2844 436 παιδίον
2891 385 3106 454 ἐκείνην
3158 385 3416 456 ἀπείχετο
3449 387 3620 459 θηλῆς

343 459 460 507 toto
519 453 614 508 illo
669 455 758 511 die
823 457 1088 516 uberibus
1146 462 1459 520 abstinebat
1525 484 1662 538 puer
1697 473 1920 544 {quod

340 557 468 598 cum
509 547 708 616 sapius
769 547 971 605 factum
1022 563 1190 617 esset,
1243 571 1570 624 persuasum
1621 565 1786 618 matri
1816 576 1920 632 est,

339 635 525 690 carnis
551 653 646 692 esu
687 641 912 695 omnino
938 642 1041 697 sibi
1073 644 1150 697 uti
1189 645 1565 705 interdiceret.
1615 653 1752 708 Cum
1785 671 1918 712 vero

337 739 406 779 eo
424 727 535 796 jam
569 741 916 796 pervenerat,
943 741 1002 786 ut
1035 733 1157 788 aliis
1177 750 1396 806 quoque
1423 741 1563 796 cibis
1601 745 1744 798 vesci
1791 763 1918 816 pos-

336 824 442 880 set,
477 832 673 886 panem
709 819 786 873 illi
821 822 980 876 melle
1029 823 1249 891 illitum,
1275 836 1331 881 et
1377 845 1478 898 pro
1531 843 1664 900 potu
1712 850 1910 904 aquam

333 909 652 978 porrigebat
675 921 870 968 mater.
907 912 962 967 Si
987 917 1206 985 quando
1233 927 1416 974 autem
1448 921 1516 975 ad
1553 924 1760 981 balnea
1809 929 1909 982 ad-

249 1075 254 1078 _
339 999 546 1055 ducere
565 1001 742 1070 ipsum
771 1004 1066 1072 niteretur,
1107 1017 1216 1062 tam
1253 1025 1396 1080 aegre
1423 1013 1755 1083 patiebatur,
1795 1027 1914 1074 tan-

333 1101 562 1161 tamque
597 1111 712 1164 przze
735 1111 792 1151 se
820 1096 1032 1152 ferebat
1061 1099 1524 1171 indignationem,
1567 1114 1630 1160 ut
1668 1109 1915 1165 reniten—

245 1167 268 1208 τ’
333 1192 443 1236 tem
497 1185 764 1242 continuo
821 1203 926 1242 vox
971 1189 1266 1246 deficeret:
1329 1209 1441 1262 quo
1503 1197 1907 1272 animadverso,

329 1283 510 1338 mater
529 1276 662 1332 illud
694 1293 914 1352 quoque
947 1280 1000 1335 in
1025 1291 1308 1352 posterum
1337 1294 1552 1342 tentare
1577 1286 1811 1346 destitit.

2037 474 2134 545 τὴν
2165 473 2379 544 ἡμέραν
2401 491 2414 504 ο
2456 473 2484 525 ὃ
2516 473 2580 543 δὴ
2605 473 2868 536 πολλάκις
2904 475 3151 544 γεγονὸς,
3184 478 3360 530 πείθει
3389 479 3491 548 τὴν
3517 496 3622 552 μη-

2035 565 2172 636 τέρα
2229 563 2577 619 παντάπασιν
2625 567 2961 636 ἀποσχέσθαι
3006 569 3386 638 κρεωφαγίας.
3415 569 3618 624 Ἄπτε-

2037 655 2161 708 σθαι
2198 656 2256 708 δὲ
2299 657 2400 728 ἤδη
2454 659 2548 710 καὶ
2591 662 2799 730 τροφῆς
2843 658 3150 729 δυναμένῳ,
3183 660 3402 732 ἄρτονὴ
3435 660 3616 734 μήτηρ

2037 747 2217 817 μέλιτι
2255 750 2504 818 χρίουσα,
2542 751 2636 804 καὶ
2661 749 2805 821 ὕδωρ
2838 751 2988 823 αὐτῷ
3019 752 3184 806 ποτὸν
3210 752 3438 824 ὤρεγεν.
3475 755 3534 808 Ei
3557 755 3615 808 δὲ

2033 837 2129 890 καὶ
2159 837 2370 910 λουτρῷ
2395 839 2554 895 τοῦτο
2584 845 2959 912 προσαγαγεῖν
2990 845 3304 914 πειραθείη,
3326 845 3474 900 οὕτω
3511 848 3617 900 δει-

2029 931 2096 985 νά
2131 932 2328 996 ἐποίει,
2353 935 2446 986 καὶ
2498 934 2844 1002 ἀγανακτοῦν
2891 937 3162 1005 ἐφαίνετο,
3187 937 3263 1001 ὡς
3313 938 3408 992 καὶ
3447 939 3616 1009 αὐτὴν

2029 1021 2194 1087 εὐθὺς
2247 1025 2380 1078 αὐτὸ
2416 1026 2516 1096 τὴν
2550 1027 2734 1096 φωνὴν
2783 1028 3089 1082 ἐπιλείπειν
3125 1046 3138 1060 ο
3188 1031 3325 1099 ὅπερ
3375 1030 3469 1084 οῦν
3519 1031 3616 1102 τὴν

2029 1116 2246 1186 μητέρα
2273 1117 2480 1170 εἰδυῖαν
2511 1118 2708 1189 μηκέτι
2753 1117 3018 1196 βαλανείῳ
3066 1121 3127 1174 τδ
3177 1122 3388 1176 παιδίον
3449 1140 3614 1192 προσ-

2027 1207 2181 1276 άγειν
2211 1207 2406 1263 πείθει.

1815 1410 2048 1469 CAPUT
2089 1415 2155 1470 ll.

580 1526 956 1581 Terrwmotum
983 1526 1188 1596 fugiens
1217 1525 1394 1580 Pilum
1425 1529 1748 1597 perducitur,
1781 1533 2060 1591 inimicum‘
2082 1549 2260 1604 sanat,
2298 1541 2601 1598 columnam
2617 1546 2935 1603 conscendit.
2962 1545 3191 1602 Visiones
3215 1550 3400 1603 variw.

411 1642 498 1698 10.
521 1639 772 1706 Accidit,
829 1641 1104 1712 Symeone
1161 1649 1354 1697 nostro
1401 1643 1513 1714 jam
1574 1646 1924 1718 quinquenni

335 1733 504 1798 facto,
529 1747 781 1804 magnam
807 1732 1155 1788 Antiochiam
1207 1735 1356 1805 gravi
1391 1745 1705 1793 terrzemotu
1738 1739 1811 1808 (2)
1845 1742 1926 1796 sic

307 1825 683 1889 labefactari,
720 1835 782 1880 ut
815 1841 926 1880 non
979 1826 1145 1881 modo
1190 1827 1410 1894 domus,
1441 1829 1535 1883 ubi
1568 1843 1832 1900 parentes
1861 1834 1925 1887 il-

2109 1662 2156 1710 t'.
2191 1657 2520 1722 Πενταέτους
2557 1659 2611 1712 δὲ
2640 1661 2742 1731 ἤδη
2773 1663 2962 1717 τούτου
2992 1665 3382 1736 γεγενημένου,
3417 1666 3618 1738 συνέϐη

2035 1747 2244 1817 σεισμῷ
2265 1749 2363 1818 τὴν
2407 1751 2676 1820 Ἀντιόχου
2713 1753 2933 1827 μεγάλῳ
2980 1753 3400 1825 κατενεχθῆναι,
3438 1757 3514 1820 ὡς
3539 1757 3618 1828 μὴ

2035 1841 2197 1908 μῦνον
2225 1841 2315 1896 τὸν
2338 1837 2506 1908 οἷκον,
2536 1846 2614 1908 εἰς
2644 1844 2702 1896 ὃν
2721 1847 2770 1898 οί
2792 1845 2983 1899 τούτου
3015 1850 3190 1914 γονεῖς
3215 1849 3495 1912 κατέλυον,
3523 1850 3618 1920 έρ-

335 1916 444 1972 lius
473 1917 854 1983 morabantur,
886 1917 1082 1972 eodem
1119 1927 1342 1984 rueret,
1414 1936 1608 1974 verum
1639 1922 1756 1992 ipse
1790 1941 1912 1993 quo-

2033 1947 2128 1998 γον
2167 1931 2260 1983 τοῦ
2301 1933 2506 1984 τοιοῦδε
2552 1933 2780 2003 σεισμοῦ
2827 1936 3103 2002 γενέσθαι,
3147 1938 3286 1990 ἀλλά
3322 1941 3414 2011 καὶ
3447 1940 3614 1994 αὑτὸν

334 2024 443 2079 que
479 2019 654 2080 pater,
681 2009 864 2063 ruinis
891 2010 1254 2080 interceptus,
1291 2012 1458 2066 vitam
1489 2013 1744 2069 luctuoso
1770 2017 1918 2072 exitu

335 2101 713 2157 concluderet.
745 2102 812 2155 Et
863 2111 1040 2156 mater
1092 2102 1316 2172 quidem
1363 2103 1418 2156 in
1455 2107 1758 2160 oratorium
1793 2117 1922 2164 tunc

333 2203 674 2250 commotum
705 2193 954 2248 abierat:
1005 2194 1122 2263 ipse
1163 2211 1297 2249 vero
1347 2196 1400 2249 in
1448 2197 1564 2251 azde
1605 2209 1922 2268 protomar-

335 2285 470 2356 tyris
495 2285 760 2354 Stephani
792 2283 1100 2340 Antiochiae
1120 2287 1221 2340 sita
1255 2302 1312 2341 sc
1345 2288 1686 2345 continebat.
1717 2291 1920 2346 Verum

335 2385 650 2434 terraemotu
710 2377 907 2431 urbem
966 2377 1340 2432 miserandum
1397 2379 1453 2433 in
1503 2381 1726 2435 modum
1761 2399 1920 2438 ever-

331 2471 649 2534 tente,inde
678 2470 968 2534 recedens,
990 2473 1343 2528 errabundus
1383 2475 1918 2546 circun'ivagabatur,

334 2563 517 2620 donec
552 2561 754 2616 mulier
793 2560 1043 2630 quaedam
1083 2565 1171 2632 pia
1204 2581 1267 2618 ac
1297 2566 1619 2634 parentibus
1675 2569 1794 2638 ejus
1841 2569 1922 2624 fa-

333 2656 624 2710 miliariter
671 2671 792 2719 usa,
841 2663 1128 2724 repertum
1183 2655 1327 2710 forte
1377 2657 1432 2710 in
1493 2669 1736 2712 montem
1795 2660 1917 2715 urbi

330 2747 628 2812 admodum
667 2747 912 2802 vicinum
961 2747 1210 2802 deduxit.
1285 2747 1508 2819 Septem
1558 2751 1744 2821 itaque
1799 2751 1919 2806 dies

331 2851 508 2896 mater
541 2840 837 2911 quaesitum
885 2857 984 2909 per
1027 2841 1220 2896 urbem
1273 2841 1524 2898 invenire
1571 2845 1722 2898 nullo
1753 2845 1917 2899 modo

331 2944 578 3006 poterat;
634 2943 862 3003 rataque
915 2932 1272 2988 aedificiorum
1351 2935 1554 3003 passim
1610 2935 1914 2990 labentium

330 3027 508 3082 ruinis
545 3025 858 3080 involutum
917 3023 1174 3094 periisse,
1213 3021 1543 3092 gravissimo
1595 3026 1918 3081 medullitus

328 3117 520 3172 dolore
547 3117 902 3186 premebatur
923 3156 936 3179 ,
968 3115 1144 3168 donec
1179 3115 1298 3168 lana
1325 3115 1560 3181 visione,
1593 3127 1786 3172 sancto
1818 3119 1918 3173 itc-

333 3223 460 3280 rum
490 3216 792 3278 apparente
809 3205 1136 3268 Prodromo,
1157 3215 1424 3268 recreata,
1445 3206 1758 3276 certiorque
1792 3208 1916 3262 red-

2031 2023 2122 2076 τδν
2159 2021 2348 2075 τούτου
2375 2025 2587 2094 πατέρα
2625 2028 2737 2087 τοῖς
2767 2027 3171 2098 συμπτώμασιν
3205 2031 3618 2101 ἐναποληφθέν·

2029 2132 2098 2166 τα
2165 2116 2574 2184 συγκαταλῦσαι
2632 2119 2720 2170 τὸν
2771 2119 2884 2188 βίον
2913 2161 2926 2174 .
2977 2121 3040 2174 Ἥ
3068 2122 3166 2192 μὲν
3205 2122 3297 2176 οὖν
3328 2126 3509 2195 μήτηρ
3533 2127 3618 2192 είς

2031 2208 2342 2276 προσευχῆς
2389 2207 2693 2278 τηνικαῦτα
2730 2208 2879 2264 οἷκον
2914 2212 3213 2283 ἐτύγχανεν
3259 2215 3517 2282 ἀπιοῦσα,
3553 2217 3618 2270 τὸ

2033 2297 2089 2350 δὲ
2116 2297 2349 2363 παιδίον,
2371 2301 2397 2352 ὀ
2421 2301 2560 2354 κατὰ
2589 2301 2687 2372 τὴν
2727 2303 2996 2376 Ἀντιόχου
3021 2307 3115 2359 τοῦ
3146 2310 3617 2381 πρωτομάρτυρος

2029 2389 2300 2460 Στέφανου
2326 2393 2451 2454 ναδς
2485 2389 2649 2464 εἶχεν.
2671 2395 2775 2448 Τοῦ
2805 2396 2860 2450 δὲ
2881 2399 3105 2470 σεισμοῦ
3126 2400 3224 2472 τὴν
3255 2403 3409 2456 πόλιν
3422 2404 3616 2470 δεινῶς

2030 2483 2528 2555 καταστρέψαντος,
2549 2482 2638 2538 οἶα
2666 2487 3020 2560 πλανώμενον
3044 2495 3327 2563 περιῆγεν,
3347 2496 3452 2556 ἓως
3473 2499 3613 2568 γυνή

2027 2589 2110 2635 τις
2139 2575 2293 2638 αὐτὸ,
2319 2577 2424 2628 τῶν
2453 2578 2724 2631 θεοσεϐὦν
2757 2583 2852 2634 καὶ
2879 2584 2991 2646 τοῖς
3023 2585 3192 2638 αὑτοῦ
3225 2587 3444 2655 γονεῦσι
3469 2607 3616 2657 γνωο

2031 2665 2230 2735 ρίμων,
2261 2667 2519 2738 εὑροῦσα,
2553 2671 2782 2741 πλησίον
2812 2673 2906 2726 τοῦ
2939 2677 3090 2747 παρά
3129 2683 3196 2748 τῇ
3253 2681 3404 2733 πόλει
3450 2684 3605 2752 κομί-

2030 2775 2172 2810 σειεν
2226 2758 2407 2830 ὅρους,
2445 2761 2620 2815 Ἐπτά
2670 2765 2829 2818 τοῦτο
2889 2767 3069 2822 τοίνυν
3099 2771 3132 2840 ἡ
3165 2772 3350 2840 μήτηρ
3397 2774 3614 2844 ἡμέρας

2027 2851 2130 2903 ἀνά
2171 2851 2268 2922 τὴν
2320 2853 2472 2906 πόλιν
2503 2853 2765 2925 ζητοῦσα,
2797 2859 2872 2922 ὡς
2905 2861 3000 2930 οῦχ
3035 2862 3125 2914 οἵα
3149 2880 3210 2914 τε
3241 2860 3308 2935 ἦν
3333 2868 3611 2936 ἀνευρεῖν,

2031 2944 2556 3014 ἐπικατασεισθῆναί
2583 2965 2736 3012 τινας
2765 2950 2916 3020 αὐτῷ
2950 2953 3222 3022 νομίσασα
3249 2956 3358 3010 τῶν
3395 2957 3608 3012 οἰκοδο-

2028 3035 2166 3104 μῶν,
2215 3035 2282 3088 τά
2317 3053 2375 3088 τε
2430 3037 2715 3106 σπλάγχνα
2767 3039 2956 3104 δεινῶς
2989 3044 3314 3114 ἐστρέφετο,
3359 3048 3454 3101 καὶ
3509 3050 3612 3120 τὴν

2025 3125 2252 3194 καρδίαν
2307 3127 2570 3180 ἐκόπτετο
2597 3145 2609 3158 ·
2640 3129 2745 3192 ἕως
2777 3133 2982 3203 φαιδρά
3032 3151 3114 3197 τις
3155 3137 3279 3206 ὄψις
3331 3139 3470 3210 αὐτῇ
3504 3143 3604 3194 καὶ

2025 3217 2187 3272 πάλιν
2227 3220 2255 3271 ὁ
2308 3222 2622 3294 Πρόδρομος
2668 3226 2920 3292 ἐπιστὰς,
2955 3229 3212 3300 γνωρίζει
3267 3232 3358 3285 τὸν
3418 3235 3606 3300 τόπον,

324 3296 442 3352 dita
472 3303 578 3357 est,
608 3307 718 3362 quo
777 3293 950 3344 lilium
983 3291 1104 3345 loco
1145 3293 1436 3360 reperiret.
1469 3293 1676 3348 Abiens
1705 3296 1912 3365 itaque,

2025 3311 2154 3365 ὅπου
2187 3313 2452 3384 γενομένη
2488 3316 2546 3368 τὸ
2593 3317 2804 3372 παιδίον
2835 3320 3081 3392 εὑρήσει.
3130 3323 3464 3379 ’Λπελθοῦσα
3489 3329 3604 3380 τοί-

328 3386 544 3450 invenit
581 3385 734 3439 illum
789 3383 932 3454 apud
974 3384 1181 3447 dictam
1214 3385 1529 3452 mulierem,
1559 3387 1675 3442 haec
1698 3389 1765 3443 de
1797 3389 1917 3458 ipso

326 3493 542 3534 summa
576 3491 702 3532 cum
734 3475 1102 3530 admiratione
1148 3487 1713 3544 commemorantem,
1766 3480 1916 3550 quod

327 3573 506 3642 spatio
536 3570 754 3624 dierum
783 3577 1018 3638 septem,
1043 3569 1130 3624 bis
1153 3584 1449 3638 persuasus
1480 3571 1726 3626 alimenti
1755 3574 1916 3642 quid—

327 3663 452 3718 dam
481 3677 729 3724 sumere,
758 3661 876 3715 solo
910 3675 1051 3730 pane
1085 3671 1142 3716 et
1176 3677 1318 3730 aqua
1372 3673 1668 3720 contentus
1698 3665 1913 3723 fuisset.

325 3754 464 3810 Cum
517 3761 742 3822 recepto
793 3752 961 3820 igitur
990 3751 1101 3806 ﬁlio
1127 3752 1194 3806 ad
1218 3753 1445 3809 Joannis
1486 3755 1748 3826 Baptista:
1775 3767 1916 3813 tem-

329 3847 480 3918 plum
503 3845 866 3910 contendens,
893 3845 1085 3916 gratiis
1113 3843 1224 3898 Deo
1245 3853 1302 3899 et
1323 3854 1536 3912 saneto,
1572 3855 1630 3901 ut
1653 3863 1751 3918 par
1775 3861 1912 3914 erat,

328 3941 530 3995 ibidem
565 3939 884 4010 persolutis,
937 3939 1127 3992 urbem
1177 3949 1403 3992 remeat.

391 4025 478 4082 il.
497 4025 636 4078 Dum
663 4024 789 4080 istic
805 4024 936 4094 agit,
955 4032 1012 4078 et
1027 4033 1230 4094 quanta
1245 4023 1375 4086 sibi,
1403 4031 1515 4078 tum
1530 4039 1628 4094 per
1645 4024 1904 4096 visiones,

323 4129 436 4174 tum
468 4133 568 4187 per
595 4116 918 4186 prophetias
941 4115 1210 4185 promissa
1239 4115 1305 4169 de
1335 4113 1448 4169 filio
1471 4125 1673 4181 essent,
1704 4133 1900 4186 quam-

319 4225 426 4278 que
443 4209 716 4278 stupenda
727 4210 839 4278 jam
865 4222 1014 4266 nunc
1033 4207 1180 4261 circa
1212 4208 1464 4261 eumdem
1489 4208 1632 4264 facta
1657 4209 1906 4276 vidisset,

323 4302 375 4354 in
406 4301 652 4354 animum
687 4309 942 4366 revocat;
1001 4299 1317 4370 pendetque
1363 4301 1552 4366 dubia,
1613 4319 1744 4378 nu‘m
1793 4304 1908 4359 visa

325 4391 414 4444 illa
447 4391 626 4461 rcipsa
652 4390 949 4460 aliquando
967 4405 1100 4444 vere
1134 4391 1460 4460 complenda
1483 4403 1670 4448 essent
1703 4413 1716 4448 :
1757 4394 1908 4451 videt

323 4495 421 4550 per
440 4495 694 4534 somnum
747 4496 866 4536 sese
905 4481 1102 4534 alatam
1153 4481 1209 4535 in
1263 4481 1498 4537 sublime
1546 4483 1753 4546 efferri,
1793 4501 1907 4540 ma-

325 4573 488 4629 nibus
537 4580 885 4643 prensantem
945 4573 1140 4638 lilium,
1191 4589 1429 4645 eumque
1467 4577 1636 4642 veluti
1687 4587 1904 4647 gratum

326 4667 434 4718 Deo
466 4665 669 4719 donum
715 4665 937 4731 offerre,
962 4673 1126 4734 atque
1153 4666 1305 4720 hisce
1333 4668 1664 4736 compellare
1689 4655 1902 4722 verbis:

323 4758 493 4822 Unice
518 4756 900 4814 desiderabam
933 4757 1085 4814 hunc
1106 4757 1406 4827 gloriosam
1428 4773 1720 4812 ascensum
1741 4769 1896 4813 tuum

326 4851 533 4914 videre,
571 4849 645 4916 fili
689 4869 701 4904 :
756 4850 829 4906 ita
869 4865 953 4904 me
991 4849 1251 4904 famulam
1306 4865 1458 4905 suam
1485 4849 1690 4906 liberet
1733 4851 1904 4906 Altis-

322 4945 515 5007 simus,
553 4943 812 5012 quoniam
847 4941 1032 4996 inveni
1078 4942 1312 5013 gratiam
1353 4941 1497 4996 inter
1526 4942 1816 5008 mulieres,
1844 4952 1906 4998 ut

323 5036 426 5108 ipsi
475 5025 678 5105 possim
717 5035 954 5090 reddere
993 5035 1136 5090 uteri
1191 5034 1296 5090 mei
1346 5034 1612 5100 fructum,
1662 5035 1902 5104 dolores,

321 5135 377 5180 et
445 5125 682 5182 labores.
741 5123 1062 5182 Istiusmodi
1125 5124 1396 5178 visionem
1463 5138 1649 5180 saneta
1707 5123 1906 5182 mulier

320 5217 659 5288 conspicata,
694 5217 750 5272 in
780 5231 945 5271 voces
971 5215 1252 5288 prophetae
1279 5215 1428 5272 illius
1459 5216 1747 5288 Symeonis
1781 5233 1904 5288 per-

297 5325 480 5380 quam
515 5309 745 5373 similes,
789 5306 947 5378 quasi
985 5314 1042 5362 et
1105 5307 1222 5377 ipsa
1280 5307 1459 5362 oculis
1512 5309 1630 5363 suis
1661 5308 1902 5364 salutare

315 5400 594 5470 quoddam
643 5401 918 5464 vidisset,
989 5399 1352 5471 erumpebat,
1426 5402 1902 5472 conservabatque

241 5529 250 5536 .
315 5493 590 5550 omniain
644 5494 813 5550 corde
865 5507 989 5548 suo.

384 5645 468 5726 (ελ
513 5651 588 5712 De
637 5649 746 5703 hoc
797 5655 1120 5726 terrazmotu
1173 5651 1280 5726 jam
1340 5649 1562 5726 egimus
1607 5668 1774 5726 supra
1803 5653 1910 5726 δῖ),

310 5717 400 5769 ubi
431 5718 494 5770 de
522 5729 704 5784 αιεεῃιρ
755 5720 928 5769 sancti
961 5717 1281 5792 symeo'nis,
1317 5717 1778 5796 diiimnsque'ad
1804 5717 1912 5781 an;

303 5799 426 5838 nam
455 5793 554 5862 δ”-ξύ
599 5796 872 5856 avectam-
933 5825 948 5850 ,

2018 3419 2112 3454 νυν
2167 3404 2201 3472 ἡ
2259 3404 2463 3474 μήτηρ,
2491 3406 2738 3474 εὑρίσκει
2795 3409 2956 3464 τοῦτο
3009 3414 3161 3485 παρὰ
3220 3418 3288 3486 τῇ
3337 3420 3602 3484 γυναικὶ,

2018 3493 2204 3548 ἐκεῖνα
2241 3495 2368 3565 περὶ
2394 3497 2556 3550 αὐτοῦ
2579 3501 2675 3552 σῦν
2712 3502 3354 3580 ὲκπλήξειμδιηγουμένῃ,
3385 3509 3457 3572 ὡς
3491 3511 3604 3581 ἀρα

2017 3584 2099 3648 δίς
2129 3585 2228 3649 τάς
2253 3585 2394 3639 ἑπτὰ
2433 3589 2649 3660 ἡμέρας
2693 3591 2945 3663 πεισθείη
2988 3597 3194 3666 τροφῆς
3250 3600 3602 3668 μεταλαϐεῖν,

2017 3673 2183 3743 ἄρτου
2239 3678 2334 3729 καὶ
2387 3677 2562 3731 ταῦτα
2610 3681 2776 3749 μάνου
2831 3683 2925 3736 καὶ
2961 3683 3176 3750 ὕδατος.
3217 3689 3602 3746 Ἀπολασοῦσα

2016 3768 2308 3839 τοιγαροῦν
2329 3769 2388 3822 τὸ
2419 3772 2630 3825 παιδίον
2654 3775 2686 3843 ἠ
2718 3776 2924 3844 μήτηρ,
2948 3783 3042 3830 καὶ
3067 3781 3218 3850 παρὰ
3244 3783 3334 3835 τὸν
3361 3784 3456 3836 τοῦ
3488 3783 3600 3838 Βα-

2017 3861 2243 3936 πτιστοῦ
2276 3861 2400 3914 ναδν
2429 3865 2766 3929 ἀπελθοῦσα,
2798 3867 2918 3938 Θεῷ
2939 3886 2998 3921 τε
3025 3871 3121 3923 καὶ
3157 3873 3306 3943 αὐτῷ
3341 3875 3408 3926 τὰ
3451 3875 3602 3928 είκό-

2014 3965 2084 4000 τα
2115 3951 2585 4024 εὐχαριστήσασα,
2621 3958 2869 4011 ἐπάνεισι
2901 3963 2980 4023 είς
3009 3961 3106 4032 τὴν
3135 3964 3312 4020 πόλιν.

2091 4040 2179 4096 ια’.
2211 4043 2346 4096 Καθ’
2381 4046 2578 4118 ἑαυτὴν
2615 4049 2669 4101 δέ
2707 4069 2836 4104 ποτε
2876 4055 3168 4124 γενομένη,
3206 4058 3301 4110 καὶ
3339 4058 3440 4112 ὅσα
3471 4061 3606 4131 περὶ

2013 4133 2106 4187 τοῦ
2137 4135 2352 4188 παιδίου
2375 4139 2511 4209 αὐτῇ
2544 4140 2734 4213 ὀφθείη
2771 4147 2866 4197 καὶ
2898 4145 3180 4219 λαληθείη,
3205 4152 3306 4203 ὅσα
3331 4168 3392 4204 τε
3423 4169 3606 4222 παρα-

2013 4225 2180 4292 δόξως
2214 4226 2302 4281 ἐπ’
2337 4228 2484 4298 αὐτῷ
2529 4233 2802 4302 γενόμενα
2850 4237 2949 4288 ἴδοι
2997 4239 3056 4290 ἐν
3104 4240 3180 4310 νῷ
3223 4239 3600 4310 λαμὸἀνουσα.

2015 4316 2110 4370 καὶ
2137 4317 2164 4370 ὅ
2209 4317 2263 4370 τί
2315 4337 2446 4374 ποτε
2481 4321 2590 4393 ἄρα
2623 4325 2684 4377 τὸ
2714 4326 2799 4380 ἐπ’
2833 4328 2984 4400 αὐτῷ
3013 4331 3476 4402 τελεσθησὸμενον
3507 4337 3600 4404 εἴη

2013 4408 2372 4481 διαποροῦσα,
2395 4416 2496 4485 ὁρᾷ
2523 4417 2665 4470 κατά
2689 4417 2814 4482 τοὺς
2845 4419 3044 4484 ὕπνους
3071 4423 3380 4492 ὑπόπτερον
3402 4427 3605 4496 ἑαυτὴν

2013 4503 2122 4556 ἀπὸ
2151 4503 2253 4574 γῆς
2277 4507 2598 4578 αἰρομένην,
2632 4511 2690 4562 τό
2719 4528 2778 4564 τε
2807 4512 3019 4566 παιδίον
3053 4516 3211 4584 χερσὶ
3241 4518 3602 4588 κατέχουσαν,

2015 4591 2109 4644 καὶ
2137 4591 2310 4663 δῶρον
2354 4593 2542 4664 ὥσπερ
2578 4597 2698 4670 Θεῷ
2724 4601 2908 4654 δεκτδν
2935 4604 3338 4675 ἀναφέρουσαν,
3377 4609 3608 4663 τοιαῦτά

1948 4677 1990 4731 Ι)
2020 4701 2078 4736 τε
2108 4683 2256 4754 αὐτῷ
2277 4687 2752 4762 ὲπιφθεγγομένην
2773 4707 2786 4721 ·
2835 4693 3172 4763 Ἐπεθύμουν
3211 4695 3340 4750 ἰδεῖν
3371 4713 3484 4762 σου,
3511 4699 3604 4752 τέ-

2016 4789 2160 4835 κνον,
2203 4772 2302 4846 τὴν
2343 4775 2496 4829 θείαν
2533 4777 2736 4848 ταύτην
2777 4780 3068 4846 ἀνάϐασιν,
3101 4783 3250 4847 ὅπως
3275 4785 3372 4855 τὴν
3409 4786 3606 4858 δούλην

2015 4861 2181 4915 αὑτοῦ
2231 4865 2259 4916 ὁ
2306 4865 2568 4934 ’Ὕψιστος
2617 4867 2862 4940 ἀπολύσῃ
2914 4887 3004 4940 με,
3037 4871 3118 4924 ὅτι
3149 4867 3308 4942 εὗρον
3341 4875 3502 4944 χάριν
3545 4878 3605 4929 ὲν

2014 4953 2258 5021 γυναιξὶν
2298 4955 2590 5010 ἀποδοῦναι
2619 4959 2833 5030 καρπὸν
2859 4961 3008 5030 αὐτῷ
3034 4963 3243 5026 κοιλίας
3281 4965 3444 5035 ἐμῆς,
3471 4967 3604 5020 ὠδῖ-

2013 5063 2131 5109 νας,
2155 5049 2248 5099 καί
2282 5047 2496 5111 πόνους.
2529 5049 2742 5119 "Oxi/su);
2790 5053 2886 5122 μὲν
2917 5052 2980 5124 δὴ
3008 5056 3266 5123 τοιαύτης
3298 5059 3330 5126 ἡ
3355 5057 3476 5110 ὀσιι
3504 5075 3600 5110 τυ-

2011 5138 2204 5208 χοῦσα,
2255 5141 2349 5194 καὶ
2393 5143 2780 5214 παραπλησίας
2822 5143 2965 5198 οὕτω
3010 5148 3193 5214 φωνάς
3225 5149 3303 5218 τῷ
3339 5152 3606 5224 Προφήτῃ

2013 5229 2238 5301 Συμεὼν
2265 5231 2637 5305 φθεγξαμένη,
2663 5235 2760 5290 ᾰτε
2783 5239 2893 5298 τοῖς
2921 5238 3120 5310 ἑαυτῆς
3165 5241 3465 5312 ὀφθαλμοῖς
3493 5261 3600 5298 σω-

2011 5327 2200 5397 τήριον
2240 5325 2424 5378 ίδοῦσα
2452 5327 2546 5380 καὶ
2575 5325 2740 5398 αὐτὴ,
2767 5331 2848 5393 είς
2879 5331 3110 5402 καρδίαν
3146 5333 3324 5388 πάντα
3351 5335 3601 5406 609.661-

2013 5416 2201 5480 λουσιι,
2241 5417 2364 5470 καθ’
2389 5419 2590 5490 ἑαυτὴν
2613 5421 2874 5492 διετήρει.

2087 5663 2181 5742 (5)-
2203 5663 2408 5723 Eadem
2445 5665 2585 5742 visio
2615 5675 2874 5742 narratur
2901 5685 3124 5742 quoque
3145 5671 3208 5727 in
3247 5672 3360 5729 Vita
3394 5687 3600 5736 sancti!

2013 5728 2269 5798 Marthae,
2322 5751 2470 5791 num.
2515 5734 2572 5806 2,
2605 5755 2708 5794 nec
2759 5728 2992 5796 multum
3033 5728 3430 5801 'diversimode.
