4032 6186
413 334 549 399 2997

1417 342 1590 401 VITA
1630 348 1676 401 A
1714 341 2146 401 NICEPHORO
2185 340 2673 400 CONSCRIPTA.

3524 334 3695 399 τοοκ-τ

485 446 563 516 ιβ’.
600 447 821 518 Συμδάν
847 449 903 502 δὲ
929 449 1019 502 τὸν
1048 450 1272 521 Συμεὼν
1304 452 1443 520 μετά
1468 452 1643 506 ταῦτα
1673 453 1793 505 κατ’
1817 454 1989 503 ἐκεῖνο

2168 451 2251 505 l2.
2284 450 2415 505 Post
2447 448 2564 504 haec
2592 448 2854 518 Symeon,
2886 462 3011 501 cum
3036 446 3174 499 forte
3211 446 3267 500 in
3297 446 3390 500 illo
3417 457 3664 499 versare-

410 538 797 609 τῆςἈντιόχου
817 540 1043 607 διάγειν,
1068 541 1096 593 6
1148 541 1434 611 Χερουϐὶμ
1454 542 1677 605 εἰκότως
1703 541 1810 593 ἀπὸ
1829 541 1988 594 Τίτου

415 630 627 694 ἑλόντος
666 630 1013 703 Ἱεροσόλυμα
1032 632 1271 700 λέγεται,
1288 633 1504 695 εἰκόνας
1526 650 1583 685 τε
1609 632 1847 703 περιωνύ
1856 649 1990 699 μους

415 715 520 773 τῶν
560 722 841 792 Χερουὸὶμ
887 724 995 776 ἀπὸ
1044 723 1138 777 τοῦ
1174 726 1233 778 ἐν
1273 725 1457 789 αύτοίς
1501 724 1825 795 ἀνελομένου
1859 722 1987 776 ναοῦ

413 810 550 878 πρός
594 827 653 862 τε
694 811 794 881 τὴν
843 811 1116 881 Ἀντιόχου
1186 815 1674 885 μετακομίσαντος,
1710 813 1988 868 κάνταῦθα

412 899 511 967 τῆς
552 901 759 964 πόλεως
802 901 876 964 ὼς
923 904 980 955 ἐν
1026 904 1443 975 ἐπιφανεστάτῳ
1490 906 1805 974 στήσαντος·
1850 903 1988 974 Τῇδε

412 991 590 1043 τοίνυν
610 992 831 1061 διάγων,
864 994 964 1064 ὁρᾷ
994 995 1113 1047 κατ’
1145 994 1481 1064 ὀφθαλμοὺς,
1507 997 1600 1050 ἐπὶ
1628 997 1727 1065 τῆς
1758 978 1989 1065 ἀρχαίας

412 1085 766 1151 τειχοποιΐας,
800 1085 1036 1155 φρικτῆς
1058 1087 1271 1157 ἐκείνης
1297 1088 1559 1159 ὁράσεως.
1614 1088 1747 1157 Ὀρᾷ
1771 1104 1989 1158 τοιγαρ-

414 1172 527 1235 οῦν,
564 1174 654 1226 καὶ
690 1175 821 1233 ἰδοὺ,
856 1177 883 1227 6
908 1176 1110 1246 Κύριος
1142 1177 1396 1231 ἁπάντων
1427 1179 1519 1230 καὶ
1556 1178 1829 1248 Δεσπότης
1856 1179 1989 1247 Χρι-

417 1265 541 1325 στὸς
578 1268 605 1317 6
631 1265 763 1329 θεὸς
798 1266 936 1335 (πῶς
967 1266 1033 1320 ἂν
1058 1270 1425 1339 παραστήσειε
1448 1268 1603 1335 λόγος
1631 1266 1693 1320 τὸ
1722 1268 1862 1337 μέγα
1891 1268 1989 1336 τῆς

414 1358 737 1425 ἐπιφανείας
781 1359 995 1429 ἐκείνης
1038 1359 1294 1431 θέαμας)
1332 1362 1422 1414 ἐπὶ
1455 1360 1647 1432 θρόνου
1690 1360 1895 1432 ὑψηλοῦ
1929 1379 1989 1414 τε

415 1446 509 1498 καὶ
546 1446 849 1518 μετεώρου,
883 1448 1033 1518 βῆμά
1072 1468 1130 1502 τε
1168 1451 1274 1519 πρὸ
1301 1450 1463 1504 αὐτοῦ
1500 1451 1726 1522 φοϐερὸν
1757 1454 1986 1522 ἑωρᾶτο,

412 1538 534 1589 τότε
585 1538 693 1589 τῶν
735 1540 962 1592 δικαίων
999 1541 1199 1611 πλῆθος
1246 1544 1563 1612 συνήρχετο,
1603 1546 1699 1597 καὶ
1736 1546 1767 1614 ἡ
1810 1543 1992 1612 βίϐλος

415 1626 512 1695 τῆς
549 1627 693 1695 ζωῆς
724 1628 1031 1698 ἀνεῴγνυτο
1056 1649 1069 1661 ·
1108 1631 1201 1683 καὶ
1230 1632 1337 1684 ἀπὸ
1376 1632 1475 1701 μὲι
1510 1632 1782 1686 ἀνατολῶν
1825 1635 1852 1685 6
1892 1632 1993 1701 τῆς

417 1721 625 1789 τρυφῆς
661 1722 920 1785 πυκάζων
961 1724 1314 1793 Παράδεισος,
1350 1726 1457 1776 ἀπ’)
1487 1725 1540 1776 δὲ
1568 1726 1787 1794 δυσμῶν
1825 1726 1989 1797 λίμνη

2094 552 2184 598 tur
2241 540 2553 596 Antiochia:
2585 540 2730 606 loco,
2788 539 2884 609 qui
2930 539 3053 608 jure
3100 538 3302 591 merito
3361 535 3707 591 Cherubim-

2090 635 2423 703 appellatur,
2451 643 2743 703 prOpterea
2767 630 2916 701 quod
2937 630 3122 694 Titus,
3148 644 3347 684 eversa
3399 628 3663 682 Hieroso-

2089 726 2254 797 lyma,
2289 724 2624 779 celebriores
2652 722 3099 791 Cberubinorum
3131 729 3363 785 statuas,
3422 734 3491 773 ex
3530 728 3669 773 tem-

2089 818 2182 887 plo
2212 818 2331 887 ejus
2350 816 2619 879 sublatas,
2660 813 3010 869 Antiochiam
3038 810 3406 874 transtulerit,
3428 808 3666 865 ibidem-
3714 826 3718 887 ς

2090 923 2197 977 que
2232 905 2594 961 celeberrimo
2650 905 2808 960 urbis
2854 904 2979 960 loco
3012 902 3300 973 posuerit:
3361 916 3492 956 cum
3548 899 3663 962 illo,

2092 995 2339 1065 inquam,
2369 995 2490 1048 loco
2515 1002 2834 1048 versaretur
2869 993 3132 1063 Symeon,
3169 991 3433 1061 obiicitur
3462 988 3540 1041 illi
3560 1004 3660 1057 ap-

2088 1104 2290 1158 parens
2318 1102 2482 1156 super
2514 1086 2799 1141 ruinosum
2839 1085 3105 1155 parietem
3124 1081 3471 1138 horrendum
3499 1081 3670 1136 bocca
3704 1110 3708 1117 λ

2091 1179 2490 1249 spectaculum.
2534 1177 2848 1247 Apparebat
2891 1190 3021 1230 ecce
3069 1175 3329 1230 Christus
3372 1174 3666 1229 universo-

2092 1285 2215 1324 rum
2246 1268 2514 1323 Dominus
2537 1266 2656 1337 (sed
2678 1282 2800 1336 qua:
2822 1264 3097 1319 sermonis
3127 1264 3381 1319 facundia
3408 1275 3518 1318 tam
3544 1263 3671 1318 illu-

2093 1360 2224 1413 stris
2268 1358 2634 1428 apparitionis
2656 1354 3039 1427 spectaculum
3067 1371 3168 1424 pro
3202 1354 3468 1425 dignitate
3511 1369 3671 1410 enar-

2094 1452 2277 1515 ret?),
2312 1450 2650 1520 apparebat,
2723 1450 2971 1519 inquam,
3020 1449 3276 1505 Christus
3335 1448 3561 1503 sublimi
3613 1450 3670 1502 in

2095 1544 2317 1604 throno,
2378 1552 2507 1595 ante
2535 1557 2701 1610 quem
2751 1540 2994 1595 tribunal
3042 1541 3325 1604 terribile;
3379 1549 3511 1594 tunc
3570 1540 3672 1593 im-

2094 1649 2285 1689 mensa
2308 1634 2591 1703 justorum
2609 1631 2909 1686 multitudo
2933 1631 3269 1693 conﬂuebat,
3298 1630 3670 1699 pandebatur-

2095 1741 2202 1795 que
2226 1724 2371 1778 liber
2390 1723 2550 1777 vitae:
2580 1720 2936 1791 spectabatur
2966 1720 3036 1774 ab
3068 1729 3192 1773 ortu
3242 1717 3481 1783 refertus
3514 1716 3672 1770 volu-

418 1811 586 1881 πυρὸς
616 1812 1021 1882 ἀναῦράζουσα,
1050 1791 1283 1884 -Πνεῦμά
1308 1834 1365 1868 τε
1390 1817 1592 1887 Κυρίου
1614 1791 1700 1869 ἐπ’
1722 1791 1993 1871 uomit;

2101 1826 2303 1887 ptatum
2334 1811 2634 1883 paradisus,
2652 1813 2731 1867 .ab
2755 1828 2954 1867 occasu
2988 1828 3123 1866 vero
3152 1825 3409 1881 stagnum
3450 1809 3701 1879 ignibus»

418 1920 541 1970 γον·
582 1906 779 1956 Ἀκουε
816 1906 912 1957 καὶ
936 1903 1092 1968 σύνες
1131 1906 1321 1973 λόγους
1364 1907 1541 1975 ζωῆς·
1573 1909 1850 1980 συμϐουλὴ
1882 1908 1992 1977 γάρ

419 2012 500 2048 σοι
550 1997 687 2067 προς
740 1997 973 2066 ἐκλογὴν
1026 1998 1119 2050 τοῦ
1155 1998 1320 2051 καλοῦ
1361 2000 1427 2052 τά
1465 1998 1737 2069 ὁρώμενα.
1789 2001 1851 2053 Ἦ
1894 2000 1992 2070 μὲν

416 2087 526 2157 γάρ
576 2087 685 2138 τῶν
742 2087 968 2140 δικαίων
1020 2087 1361 2157 λαμπρότης,
1416 2089 1510 2140 καὶ
1559 2092 1586 2142 6
1633 2090 1731 2159 τῆς
1784 2094 1993 2161 τρυφῆς

416 2179 771 2246 Παράδεισος,
811 2179 909 2250 τὴν
955 2179 1126 2232 ἀίδιον
1160 2180 1479 2245 ἀγαλλίασιν
1524 2180 1989 2248 ἐπαγγέλλονται·

416 2271 448 2339 ἡ
474 2268 531 2320 δέ
558 2268 650 2320 τοῦ
678 2269 850 2337 πυρὸς
889 2270 1103 2336 γέεννα,
1143 2268 1241 2337 τὴν
1271 2269 1629 2340 ἀτελεύτητον
1659 2272 1875 2325 ἀπειλεῖ
1908 2290 1993 2325 τι-

419 2359 651 2430 μωρίαν.
693 2359 881 2413 Ἀπιθι
919 2359 1219 2425 τοίνυν,,τὸ
1253 2360 1455 2427 ἀγαθὸν
1503 2361 1883 2432 ἐκλεξάμενος,
1917 2363 1993 2427 ὼς

414 2451 481 2508 ἀν
540 2450 616 2522 μὴ
665 2450 773 2503 τῶν
832 2451 1129 2506 ἀθανάτων
1176 2453 1338 2521 μόνον
1398 2453 1539 2520 μετά
1602 2454 1753 2517 τέλος
1805 2455 1993 2509 δεινῶν

415 2543 759 2613 ἀπαλλαγῇς,
788 2542 925 2596 ἀλλά
966 2543 1061 2595 καὶ
1093 2543 1202 2596 τῶν
1230 2543 1666 2613 ἀπηγγελμένων
1709 2547 1823 2610 τοῖς
1856 2548 1999 2617 ἀγα-

420 2635 560 2689 πῶσι
584 2635 674 2689 τὸν
702 2634 833 2689 Θεὸν
856 2635 1238 2706 άνεκλαλήτων
1264 2635 1486 2705 ἀγαθῶν
1514 2638 1796 2709 ἐπιτύχῃς.
1969 2628 1973 2632 ’

492 2821 579 2885 ιγ’.
613 2815 830 2885 Ταύτης
872 2815 950 2883 τῷ
976 2816 1199 2885 Συμεὼν
1242 2816 1341 2885 τῆς
1379 2817 1617 2887 Θεωρίας
1656 2819 2001 2887 ύποδειχθείο

422 2925 541 2978 σης,
574 2908 787 2972 σύνεσίς
814 2924 873 2959 τε
902 2907 1218 2976 παραδόξως
1253 2906 1401 2976 αὐτῷ
1443 2907 1690 2976 θειοτέρα
1729 2910 1823 2961 καὶ
1857 2926 1994 2978 κρυ-

421 3006 560 3068 φίων
601 3000 849 3063 ἀθεάτως
896 2991 1296 3068 ἀποκαλύψεων
1342 3002 1723 3071 προσετέθειτο
1768 3003 1991 3081 γνῶσις.

2092 1917 2366 1972 mstuans;
2394 1913 2449 1961 et
2470 1904 2710 1975 Spiritus
2749 1902 2966 1958 Domini
3025 1902 3247 1956 diccbat
3273 1902 3361 1955 ei:
3403 1900 3666 1954 Ausculta

2092 2010 2150 2054 et
2181 2000 2423 2068 intellige
2452 1996 2621 2052 verba
2649 1996 2805 2061 vitae;
2842 1994 3073 2049 consule
3118 1994 3231 2057 illa,
3278 2007 3401 2062 quae
3425 1991 3517 2044 hic
3538 2005 3665 2045 ecr-

2094 2099 2189 2152 nis
2238 2105 2298 2150 ut
2330 2095 2500 2165 eligas
2515 2093 2801 2147 virtutem.
2834 2091 3107 2161 Splendor
3135 2091 3238 2144 iste
3274 2099 3592 2143 sanctorum
3616 2098 3699 2141 et.

2094 2188 2385 2258 paradisus
2445 2186 2745 2253 voluptatis
2801 2184 3199 2252 sempiternam
3242 2182 3672 2237 exsultationem

2094 2282 2410 2353 significant
2458 2280 2608 2334 :ista
2662 2288 2846 2333 autem
2883 2279 3134 2348 gehenna
3197 2276 3339 2347 ignis
3390 2290 3672 2344 nunquam

2098 2371 2445 2428 terminanda
2490 2369 2758 2439 supplicia
2828 2368 3241 2422 inter-minatur.
3305 2365 3408 2420 Abi
3478 2366 3670 2433 igitur,

2094 2467 2470 2535 virtutemque
2494 2461 2676 2533 elige;
2710 2469 2771 2516 ut
2801 2468 2927 2531 post
2954 2460 3080 2513 vitae
3132 2458 3298 2529 huius
3347 2458 3672 2523 terminum,

2096 2576 2206 2615 non
2252 2560 2415 2613 modo
2472 2555 2726 2610 libereris
2769 2556 3035 2607 aerumnis
3092 2554 3309 2607 nullum
3367 2551 3699 2605 terminum»

2097 2647 2395 2710 habituris,
2454 2658 2651 2699 verum
2698 2643 2863 2697 etiam
2911 2641 3187 2710 particeps
3239 2641 3339 2694 fias
3398 2640 3704 2694 honorum.

2098 2736 2485 2798 ineffabilium,
2520 2732 2932 2802 propositorum
2960 2730 3277 2784 amantibus
3297 2730 3494 2784 Deum.

2166 2829 2257 2883 15.
2280 2823 2759 2893 Contemplatione
2789 2823 2892 2876 ista
2926 2820 3189 2891 Symconi
3235 2821 3474 2890 objecta,
3497 2820 3677 2875 scien-

2098 2922 2173 2976 tia
2198 2919 2446 2990 quaedam
2508 2916 2798 2985 plusquam
2852 2913 3115 2977 humana,
3182 2927 3305 2981 qua:
3362 2912 3579 2965 occulta
3621 2922 3703 2967 ειη

2084 3012 2273 3067 aciem
2304 3018 2547 3063 nostram
2573 3003 2839 3075 fugientia
2868 3003 3161 3063 revelaret,
3209 3000 3544 3055 mirabiliter
3584 3002 3672 3056 ei-

432 3091 672 3158 Ὀλίγαις
712 3091 769 3144 δὲ
814 3090 1043 3160 ὕστερον
1082 3092 1319 3162 ἡμέραις
1345 3093 1446 3161 ὁρᾷ
1477 3092 1640 3144 πάλιν
1670 3092 1761 3144 ὑπ’
1796 3094 1998 3161 ὀφθαλ-

2106 3102 2231 3157 dem
2268 3100 2533 3154 attributa
2568 3105 2673 3152 est.
2699 3096 3047 3165 Paucispost
3070 3094 3269 3148 diebus
3300 3092 3452 3147 videt
3484 3094 3705 3147 denuo-

424 3179 557 3250 pob;
586 3179 749 3249 ἄνδρα
783 3178 1257 3247 λευχειμονοῦντα,
1281 3179 1358 3242 ὃς,
1398 3179 1704 3232 Ἀκολούθει
1732 3198 1843 3249 μοι,
1870 3182 1995 3250 ἔφη.

422 3270 531 3325 Καὶ
557 3270 584 3322 6
614 3271 710 3339 μὲν
747 3270 1034 3339 ἠκολούθει
1063 3272 1403 3343 παραχρῆμα
1432 3275 1498 3343 τῇ
1524 3274 1651 3341 σκιᾷ
1681 3273 1774 3325 τοῦ
1805 3274 1997 3341 ὀφθέν-

421 3378 544 3423 τος·
583 3362 612 3413 6
645 3359 700 3412 δὲ
739 3361 879 3413 κατὰ
901 3362 1001 3431 τὴν
1034 3362 1326 3432 Τιϐερινὴν
1360 3363 1561 3429 ἀπάγει
1605 3363 1788 3431 χώραν
1815 3365 2023 3431 αὑτὸν,

422 3450 519 3519 τὴν
551 3434 655 3501 ὑπὸ
694 3453 758 3520 τῇ
793 3450 993 3518 γείτονι
1035 3451 1297 3521 Σελευκίᾳ
1333 3451 1592 3520 κειμένην
1629 3453 1719 3504 ὲπί
1754 3471 1877 3507 τινα
1908 3456 2000 3507 τό⁹

425 3558 542 3604 πον,
573 3544 629 3594 ἐν
658 3535 703 3609 ᾧ
726 3543 947 3611 χωρίον,
973 3542 1109 3595 Πίλα
1148 3543 1366 3612 συνήθει
1404 3542 1617 3613 γλώττῃ
1645 3544 1999 3612 καλούμενον.

424 3629 510 3703 ἦν.
548 3633 813 3687 Ἐνταῦθα
838 3634 1129 3703 τοιγαροῦν
1155 3638 1181 3687 ὁ
1206 3635 1429 3703 Συμεὼν
1455 3635 1558 3687 ἀνὰ
1588 3636 1689 3702 τὴν
1718 3636 1811 3688 τοῦ
1843 3636 2002 3707 ὅρους

424 3726 661 3795 ἐρημίαν
710 3726 815 3778 ὑπὸ
856 3726 1065 3796 θηρίοις
1096 3727 1272 3795 διῆγε,
1311 3728 1490 3797 μόνοις
1532 3728 1680 3798 αὖτῴ
1727 3732 2005 3791 κοινωνοῖς

425 3818 522 3885 τῆς
550 3817 779 3885 διαίτης,
813 3817 1069 3871 πλουσίου
1100 3817 1269 3870 νύκτα
1299 3818 1394 3869 καὶ
1415 3818 1628 3887 ἡμέρας
1682 3818 1860 3884 φωτὸς
1912 3818 2004 3871 ἀν-

426 3907 567 3961 ωθεν
602 3908 911 3971 ἀπολαύων,
948 3909 1042 3962 καὶ
1077 3902 1176 3960 ὑπὸ
1208 3907 1301 3960 τοῦ
1325 3907 1579 3975 ὀφθέντος
1602 3908 1750 3976 αὐτῷ
1797 3908 2007 3977 λευχεί-

430 4017 590 4070 μονος
624 4000 812 4070 ἀνδρὸς
834 4000 1213 4069 ὁδηγούμενος,
1251 3999 1307 4062 ὃς
1339 4000 1487 4067 αύτῴ
1522 4002 1613 4050 καὶ
1639 3999 1708 4051 τὰ
1733 4001 2003 4067 ἀναγκαῖα

426 4093 678 4162 ἐπήρκει.
734 4092 977 4161 Ἡμέρας
1030 4091 1126 4160 μὲν
1163 4091 1226 4159 δή
1268 4107 1419 4152 τινας
1470 4091 1597 4161 τῇδε
1641 4090 2003 4160 διεκαρτέρει,

427 4180 545 4236 εἶτα
596 4184 691 4237 καὶ
738 4184 885 4253 αύτῷ
940 4182 1284 4251 προσϐαίνων
1328 4183 1428 4252 ἥδη
1474 4182 1550 4250 τῷ
1584 4183 1722 4251 ὄρει,
1761 4182 2007 4252 εὑρίσκει

431 4276 602 4345 βραχὺ
639 4277 1108 4346 μοναστήριον,ηέν
1141 4269 1185 4342 ᾧ
1221 4291 1304 4336 τις
1342 4274 1615 4344 Ἰωάννης,
1644 4274 1846 4345 ἀρετὴν
1880 4291 2009 4343 μετ-

432 4369 525 4422 ιὼν
554 4369 712 4439 ἀνὴρ,
748 4370 837 4420 ἐπὶ
886 4368 1096 4437 βάσεως
1132 4368 1418 4431 ἱστάμενος
1449 4362 1537 4437 ἦν,
1570 4360 1613 4435 ᾧ
1644 4369 1749 4421 καὶ.
1783 4368 1887 4438 πρὸ
1914 4366 2009 4419 τοῦ

2102 3194 2305 3254 virum,
2362 3189 2488 3244 albo
2522 3187 2855 3241 vestimento
2898 3186 3191 3246 amictum,
3250 3183 3671 3251 dicentemque:

2101 3284 2346 3352 Sequere
2378 3294 2483 3333 me.
2520 3278 2616 3332 Ille
2646 3284 2832 3331 autem
2857 3274 3196 3344 sequebatur
3242 3273 3512 3327 continuo
3560 3287 3681 3325 um-

2102 3374 2258 3426 bram
2312 3368 2627 3440 apparentis
2673 3366 2799 3428 sibi,
2851 3365 3217 3434 ducentisque
3272 3364 3329 3417 in
3394 3363 3707 3433 regionem:

2105 3463 2445 3523 Tiberinam,
2491 3458 2852 3513 contermina:
2906 3455 3176 3510 Seleucia:
3222 3456 3554 3524 subjectum,
3610 3454 3680 3509 ad

2102 3556 2285 3610 locum
2316 3550 2632 3621 quemdam,
2659 3556 2927 3604 consueto
2984 3546 3181 3599 incolis
3238 3544 3521 3610 idiomate,
3567 3544 3710 3599 Pila.

2106 3640 2589 3714 appellatum.llic
2622 3640 2859 3710 Symeon
2917 3636 3223 3690 desertoin
3274 3641 3460 3688 monte
3513 3646 3701 3700 agens-

2106 3736 2251 3789 inter
2277 3734 2442 3793 feras,
2474 3747 2610 3800 quas
2634 3730 2777 3784 solas
2800 3728 2930 3782 vitae
2953 3742 3065 3781 sua:
3095 3733 3383 3780 consortes
3415 3722 3707 3786 babebal,.

2106 3826 2332 3895 cepioso
2404 3821 2614 3874 lumine
2665 3819 2885 3875 caelitus
2916 3818 3163 3871 immisso
3222 3816 3320 3869 diu
3386 3822 3674 3881 noctuque

2106 3909 2533 3981 perfruebatur;
2567 3907 2805 3961 ducente
2856 3922 2955 3976 per
3010 3905 3193 3958 omnia
3242 3904 3364 3957 viro
3432 3902 3545 3963 illo,
3585 3901 3681 3969 qui

2109 4000 2438 4056 candidatus
2465 4008 2894 4068 apparuerat,et
2944 3996 3260 4052 necessaria
3310 3996 3435 4050 vita:
3479 4008 3683 4062 suppe-

2108 4093 2342 4147 ditante.
2370 4091 2594 4161 Aliquot
2623 4090 2745 4145 istic
2773 4091 2880 4146 loci
2926 4089 3047 4144 dies
3092 4088 3436 4159 perduravit,
3483 4086 3685 4141 deinde

2111 4184 2291 4254 ipsum
2321 4199 2544 4253 quoque
2574 4192 2819 4237 montem
2852 4182 3261 4245 conscendens,
3295 4182 3555 4251 exiguum
3596 4178 3680 4231 in-

2110 4278 2263 4333 venit
2284 4276 2726 4342 monasterium;
2773 4275 2830 4330 in
2871 4291 2982 4345 quo
3037 4274 3245 4345 degens
3289 4274 3374 4328 vir
3435 4272 3709 4341 quidam,.

2110 4368 2355 4423 Joannes
2371 4365 2595 4421 nomine
2632 4364 2731 4435 (ι),
2757 4364 2981 4419 virtutis
3019 4363 3318 4419 admodum
3377 4363 3683 4428 studiosus,

346 4516 357 4521 _
428 4463 517 4511 τὸν
544 4458 768 4528 Συμεὼν
801 4460 1055 4525 ἐπιϐῆναι
1099 4458 1194 4510 τοῦ
1224 4458 1403 4528 ὅρους,
1440 4459 1629 4511 πολλαὶ
1677 4460 1804 4529 περὶ
1839 4458 1998 4512 αὑτοῦ

2115 4459 2298 4514 stabat
2322 4474 2492 4528 super
2516 4458 2724 4511 basim:
2755 4459 2846 4513 cui
2890 4459 3012 4512 viro
3060 4459 3214 4527 prius
3249 4458 3417 4511 etiam
3477 4456 3545 4511 de
3588 4455 3691 4526 Sy-

430 4550 687 4613 πολλάκις
718 4550 991 4617 ἐφάνησαν
1011 4550 1182 4618 ὄψεις.
1218 4550 1351 4601 Ποτὲ
1386 4550 1483 4619 μὲν
1514 4548 1624 4619 γάρ
1660 4550 1827 4602 παῖδα
1853 4548 2001 4620 ἐώρα

428 4639 898 4709 λευχειμονοῦντα,
926 4641 1011 4691 ἐπ’
1033 4641 1306 4709 ὀχήματος
1347 4640 1647 4709 φερόμενον
1674 4639 1769 4692 ἐπὶ
1790 4641 1888 4711 τὴν
1909 4657 2005 4708 μο-

429 4732 557 4801 νήν·
592 4733 720 4784 ποτὲ
750 4732 806 4783 δὲ
839 4732 997 4784 πάλιν
1029 4733 1086 4783 ἐν
1116 4732 1238 4799 ἀέρι
1282 4731 1450 4800 μέσῳ,
1487 4729 1663 4801 στύλῳ
1698 4732 1876 4799 φωτὸς
1911 4733 2001 4784 ὁδ-

429 4822 752 4891 ηγούμενον,
796 4823 891 4876 καὶ
930 4822 1485 4892 συμπεριῖστάμενον,
1533 4825 1629 4877 καὶ
1686 4824 1782 4893 τῆς
1835 4824 2001 4892 μονῆς

430 4913 776 4966 ἐπιϐαίνοντα
818 4931 831 4944 ·
891 4913 1078 4966 ἄλλοτε
1130 4913 1186 4965 δὲ
1244 4914 1589 4983 προσάγοντα
1653 4916 1752 4983 μὲν
1796 4916 1894 4984 ἤδη
1943 4918 2008 4986 τῇ

435 5007 567 5072 μονῇ
636 5004 725 5055 τὸν
778 5004 941 5055 παῖδα
971 5046 985 5067 ,
1038 5003 1283 5071 ἄγγελον
1320 5004 1375 5055 δὲ
1423 5005 1565 5074 ἀετῴ
1623 5005 1811 5057 τοῦτον
1878 5006 2011 5057 ὐπο-

430 5091 734 5151 δεικνύντα,
768 5093 884 5152 καὶ,
921 5084 1092 5153 Οὗτος
1123 5093 1357 5156 ἐκεῖνος,
1375 5093 1621 5159 λέγοντα,
1655 5093 1721 5145 δι’
1747 5087 1807 5145 οὗ
1841 5093 2012 5157 σώζε-

434 5184 558 5235 σθαι
609 5182 842 5251 μέλλοις.
885 5183 1070 5234 Ταῦτα
1122 5184 1151 5235 6
1206 5183 1305 5251 μὲν
1357 5184 1517 5252 ὁρῶν,
1564 5187 1676 5247 τοῖς
1726 5185 1822 5237 σὺν
1866 5183 2014 5254 αύτῴ

438 5276 690 5343 μοναχοίς
716 5273 950 5344 διεξῄει·
972 5276 1276 5339 μονωτάτου
1299 5273 1356 5326 δὲ
1391 5274 1492 5344 ἤδη
1516 5277 1581 5344 τῇ
1619 5277 1755 5345 μονῇ
1786 5274 1877 5327 το)
1910 5276 2012 5327 Συ-

508 5407 583 5476 (4)
611 5405 892 5477 Nusquam
920 5408 1258 5462 mentionem
1286 5409 1505 5476 reperio
1531 5409 1695 5473 hujus
1719 5410 1824 5463 viri
1864 5411 2008 5477 apud

435 5478 675 5539 Grzecos,
716 5493 841 5530 cum
875 5486 1058 5531 tamen
1095 5487 1295 5544 praeter
1327 5479 1431 5531 alia
1472 5480 1675 5531 virtutis
1724 5481 2011 5533 admodum

435 5548 695 5600 studiosus
729 5546 841 5607 hie,
869 5554 923 5599 et
960 5547 1167 5613 placide
1190 5559 1424 5601 mortuus
1444 5564 1613 5605 .num.
1642 5548 1731 5606 45.
1761 5549 2007 5613 dicatur;

436 5626 490 5669 et
536 5616 588 5668 in
640 5616 755 5669 Vita
802 5616 866 5669 B.
920 5617 1163 5679 Marthae,
1210 5633 1365 5671 num.
1418 5618 1507 5680 ‘22,
1549 5619 1720 5671 sancti
1786 5621 2010 5673 nomine

436 5685 883 5755 dccoretursEst
918 5696 1101 5740 autem
1148 5688 1257 5747 ille,
1317 5688 1410 5755 qui
1464 5703 1493 5741 a
1546 5688 1763 5755 Radere
1821 5698 2011 5743 nostro

443 5761 599 5825 parte
646 5770 705 5813 nt
737 5753 1007 5825 Viridarii,
1060 5772 1178 5826 cap.
1231 5760 1285 5824 4,
1335 5753 1409 5813 De
1442 5754 1666 5829 Stylitis,
1702 5764 2008 5843 Anonymus

2112 4567 2311 4607 meone
2334 4551 2654 4620 frequentes
2687 4549 3002 4620 obtigerant
3030 4549 3293 4611 visiones,
3321 4563 3486 4617 quam
3531 4547 3578 4601 is
3619 4546 3691 4602 ad

2112 4654 2355 4700 montem
2383 4644 2720 4698 advenisset.
2752 4642 2903 4696 Alias
2926 4641 3127 4710 quippe
3145 4656 3398 4711 puerum,
3454 4638 3689 4694 candido

2114 4735 2317 4788 amictu
2348 4730 2776 4795 circumdatum,
2818 4730 2873 4783 in
2894 4730 3293 4783 monasterium
3322 4744 3490 4783 curru
3530 4727 3689 4793 vehi;

2114 4826 2251 4879 alias
2296 4839 2493 4877 rursus
2549 4837 2649 4891 per
2702 4820 2945 4876 medium
2997 4835 3146 4883 aera,
3197 4820 3453 4874 columna
3503 4818 3709 4891 lucida

2110 4914 2255 4967 viam
2285 4921 2649 4974 monstrante,
2683 4912 2976 4980 ipsumque
3010 4910 3313 4973 ambiente,
3363 4908 3559 4963 eodem
3586 4923 3685 4978 pe-

2112 5013 2335 5057 netrare
2358 5010 2742 5072 conspexerat.
2767 4998 2984 5054 Accidit
3015 5014 3234 5068 quoque
3273 4990 3467 5052 eodem
3512 4996 3691 5052 addu-

2111 5102 2259 5148 ctum
2293 5094 2489 5148 Joanni
2519 5093 2765 5149 exhiberi
2801 5092 2869 5146 ab
2896 5092 3113 5161 angelo,
3149 5090 3367 5145 dicente
3400 5106 3414 5143 z
3451 5090 3551 5145 Hic
3600 5089 3711 5147 ille-

2112 5194 2213 5248 est,
2247 5202 2344 5254 per
2372 5202 2538 5255 quem
2570 5186 2801 5239 salutem
2848 5193 3255 5239 consecuturus
3307 5197 3385 5236 es.
3419 5181 3565 5243 limo,
3598 5181 3692 5235 illo

2113 5292 2223 5346 quo
2247 5276 2467 5331 videbat
2499 5287 2742 5345 tempore
2775 5276 2940 5331 sociis
2966 5276 3081 5329 suis
3113 5273 3396 5329 monachis
3432 5271 3696 5328 retulerat

2120 5412 2334 5484 Stylita,
2361 5412 2635 5484 Symeonia
2654 5413 2887 5484 lenioris
2909 5416 3160 5483 magister
3188 5422 3560 5484 nuncupatur,
3583 5410 3696 5470 non

2117 5482 2308 5552 parum
2345 5482 2646 5538 obstrictus
2704 5482 2824 5537 Villi:
2869 5482 3023 5549 hujus
3078 5485 3322 5552 scriptori
3378 5482 3695 5553 Nicephoro,

2116 5553 2263 5622 quod
2314 5563 2438 5621 post
2485 5562 2568 5607 tot
2597 5554 2795 5608 saecula
2830 5553 3103 5608 beneficio
3136 5554 3303 5618 illius,
3339 5569 3449 5607 non
3487 5563 3698 5609 tantum
3767 5569 3777 5579 ’

2119 5625 2428 5678 innotescat
2480 5622 2808 5677 nominatim
2841 5622 3074 5688 Latinis,
3104 5623 3202 5677 sed
3251 5622 3453 5677 famam
3479 5636 3705 5690 quoque

2117 5693 2431 5749 sanctitatis
2484 5701 2537 5746 et
2592 5693 2817 5749 odorem
2866 5694 3137 5748 virtutum
3197 5693 3306 5748 late
3357 5701 3602 5762 spargat.
