4032 6186
547 269 688 332 3003

1751 267 1812 328 S.
1851 267 2230 328 SYMEONIS
2269 267 2628 328 JUNIORIS

3697 263 3846 326 300‘

549 381 824 436 humanas
856 379 1003 434 vires
1054 377 1495 434 excedentibus?
1545 373 1776 446 Oportet
1803 385 1860 430 et
1888 377 2140 446 corporis
2167 434 2172 443 ,

2261 377 2548 447 ἱνθρωπον,
2571 376 2804 430 Δέδωκα
2841 377 2946 448 γὰρ
2981 377 3122 445 ὑμῖν
3157 376 3354 430 πάντα
3385 375 3604 447 φαγεῖν
3639 377 3848 444 ὡς·λά-

549 487 738 530 curam
757 487 970 544 gerere,
985 472 1150 541 eique
1165 470 1500 524 mediocrem
1516 483 1768 522 somnum
1783 467 2046 523 alimentu
2057 485 2136 522 m-

2245 489 2401 540 χανα
2425 472 2665 539 χόρτου,
2695 471 2860 540 φησὶν
2889 473 2921 541 ἡ
2949 469 3066 522 θεία
3089 470 3306 541 Γραφή.

551 579 656 634 que.
687 553 998 635 indulgere,
1055 575 1116 617 ut
1155 562 1406 617 suﬂicerc
1465 561 1753 616 laboribus
1779 565 2030 617 ascetica:
2089 563 2221 618 vita:
2259 563 2456 634 possit.
2505 563 2694 633 Neque
2746 565 2895 618 enim
2945 563 3106 618 cibus
3141 571 3200 617 et
3254 571 3424 633 polus
3477 563 3856 635 coinquinant

551 658 854 723 hominem;
885 673 1010 710 nam
1039 673 1053 709 :
1095 656 1226 709 Dedi
1275 655 1416 708 vobis
1459 657 1638 709 omnia
1668 657 1802 709 sicut
1837 655 1984 708 olera
2019 657 2199 726 pabuli
2231 657 2632 720 manducando.
2671 658 2856 726 inquit
2895 671 3050 712 sacra
3083 655 3162 728 (6)
3197 655 3484 727 Scriptura
3522 659 3562 712 ⁸.

628 751 712 804 18.
755 751 836 805 Ad
874 751 1066 805 istltmc
1095 751 1334 822 Symeon
1379 750 1675 804 admodum
1711 751 2018 820 prudenter
2050 767 2134 806 re-

551 843 833 912 spondens
868 861 880 896 :
915 842 1180 906 Tametsi,
1234 843 1436 911 inquit,
1489 841 1582 896 illa
1634 857 1746 894 non
1783 841 2146 910 coinquinant

553 937 880 1000 hominem,
945 935 1316 988 nihilominus
1373 933 1804 1001 coinquinanles
1857 932 2146 1001 cogitatio-

553 1043 654 1082 nes
692 1027 958 1090 excitant,
981 1041 1185 1096 easque
1217 1025 1468 1079 turbidas
1494 1040 1850 1093 morosasque
1879 1024 2144 1090 efﬁciunt,

557 1128 613 1172 et
639 1119 1058 1172 subtilissimum
1093 1117 1336 1170 hominis
1357 1125 1598 1170 mentem
1631 1127 1790 1170 terrae
1817 1115 2065 1186 infligunt,
2091 1127 2148 1171 et

561 1209 806 1264 tenebris
835 1210 1007 1263 veluti
1052 1209 1384 1276 quibusdam
1429 1210 1734 1263 involvunt.
1771 1210 1988 1264 Etenim
2022 1226 2146 1264 cum

560 1301 656 1354 diu
685 1311 964 1371 noctuque
999 1303 1175 1374 legem
1209 1302 1424 1356 Domini
1451 1304 1803 1366 meditamur,
1836 1305 2148 1372 periculum

519 1437 524 1444 .
557 1392 704 1446 baud
733 1404 840 1456 est,
875 1409 944 1448 ne
981 1394 1322 1463 abripiamur
1345 1395 1524 1448 somni
1557 1393 1854 1456 illecebris,
1907 1394 1988 1446 uti
2021 1409 2151 1462 que-

561 1485 704 1538 ritur
739 1485 1012 1554 Propheta
1041 1486 1234 1539 (licens
1273 1505 1284 1540 :
1319 1485 1638 1539 Dormitavit
1665 1489 1846 1540 anima
1895 1501 2010 1538 mea
2037 1501 2147 1554 pra:

563 1579 718 1630 milia
739 1579 760 1608 ¹
809 1576 974 1645 (quod
1007 1577 1198 1645 utique
1228 1577 1446 1631 trcdium
1475 1577 1822 1630 continentes
1853 1593 2145 1646 pravarum

560 1669 955 1737 cogitationum
993 1671 1250 1723 incursus
1301 1669 1562 1730 aﬂerunt,
1627 1669 1822 1723 anima:
1879 1670 2146 1724 intensio-

559 1775 686 1814 nem
735 1761 937 1813 sensim
989 1761 1338 1826 relaxantes),
1389 1761 1482 1814 sed
1537 1761 1815 1828 aperimus
1872 1762 2058 1828 potius
2089 1775 2150 1815 os

561 1873 812 1914 nostrum
862 1859 1222 1926 (desiderium
1263 1861 1510 1930 intelligo
1555 1869 1606 1912 et
1652 1851 1836 1913 cordis
1875 1859 2146 1913 fervorem

561 1951 629 2006 ad
681 1951 1109 2006 custodiendum
1145 1961 1418 2022 prmcepta
1465 1953 1672 2018 divina)
1709 1961 1768 2005 ut
1803 1951 2148 2006 attrahamus

560 2059 856 2112 supernam
894 2043 1123 2113 gratiam
1162 2059 1258 2098 seu
1301 2045 1568 2113 Spiritum
1614 2054 1883 2097 sanctum.
1939 2043 2142 2098 Verum

561 2134 698 2189 nihil
761 2135 882 2194 tibi,
922 2135 993 2187 mi
1043 2136 1224 2199 Pater,
1267 2151 1364 2204 per
1397 2135 1492 2188 Dei
1545 2149 1808 2200 amorem,
1851 2151 1978 2190 cum
2009 2135 2146 2190 meis

561 2225 716 2279 hisce
761 2225 1154 2290 sermonibus;
1211 2227 1346 2279 mihi
1381 2226 1496 2294 ipse
1547 2227 1695 2296 leges
1729 2227 1826 2280 has
1867 2228 2004 2290 fero,
2039 2243 2150 2280 non

557 2315 718 2368 aliis:
751 2315 888 2368 mihi
916 2315 1065 2369 enim
1095 2317 1394 2380 necessitas
1417 2317 1709 2379 incumbit,
1748 2317 1820 2370 ob
1847 2317 2152 2386 juvenilem

553 2413 799 2474 aetatem,
853 2415 962 2462 tam
1015 2422 1213 2476 aspere
1248 2423 1452 2479 corpus
1501 2423 1686 2463 meum
1741 2407 2036 2464 tractandi.

2321 753 2410 822 ιη’.
2445 753 2591 823 Πρὸς
2632 754 2776 822 ἅπερ
2815 755 3000 806 ἐκεῖνα
3039 753 3130 806 τὸν
3163 752 3393 823 Συμεὼν
3427 752 3518 806 καὶ
3549 753 3666 804 λίαν
3699 769 3860 825 πρε·-

2249 846 2519 910 σϐυτικῶς
2553 847 2966 922 ἀποκρίνεσθαι.
3019 848 3108 911 Ὠς
3141 849 3190 901 εί
3210 848 3305 900 καὶ
3337 845 3528 904 ταῦτα,
3557 848 3744 916 φησιν,
3777 847 3856 899 οὐ

2253 941 2425 992 κοινοῖ
2459 939 2551 992 τὸν
2585 939 2894 1012 ἄνθρωπον,
2921 939 3056 991 ἀλλὰ
3148 940 3273 1002 τοὺς
3347 937 3658 1000 κοινοῦντας
3687 938 3862 1004 λογι-

2219 1069 2228 1078 .
2253 1031 2424 1100 σμοῦς
2459 1033 2598 1084 κινεῖ
2634 1031 2726 1084 καὶ
2752 1029 2895 1083 θολεῖ
2913 1027 3004 1080 καὶ
3019 1029 3270 1099 παχύνει,
3297 1027 3482 1082 ἔνυλόν
3509 1047 3566 1082 τε
3617 1029 3714 1082 τὸν
3751 1029 3856 1082 λε-

2255 1124 2520 1176 πτότατον
2545 1122 2840 1193 ἐργάζεται
2880 1121 3028 1186 νοῦν,
3065 1121 3234 1190 ἀχλὺν
3257 1119 3408 1189 αὐτῷ
3435 1120 3690 1190 καθάπερ
3717 1122 3852 1172 ἀνα-

2254 1217 2585 1287 κερὰσαντα.
2619 1215 2808 1268 Νύκτα
2861 1213 3042 1284 μέντοι
3079 1213 3175 1265 καὶ
3222 1211 3440 1282 ἡμέραν
3479 1213 3534 1264 ὲν
3577 1211 3658 1278 τῷ
3695 1213 3858 1282 νόμῳ

2257 1309 2460 1379 Κυρίου
2497 1307 2850 1378 μελετῶντες,
2876 1307 2937 1358 οὗ
2965 1303 3430 1375 συναρπαξόμεθα
3456 1307 3522 1374 τῇ
3547 1303 3644 1356 τοῦ
3673 1301 3858 1354 ὕπνου

2259 1400 2418 1472 μέθῃ.
2437 1397 2774 1462 Ἐνύσταξε
2803 1399 2928 1468 γὰρ,
2947 1398 3132 1465 φησὶν,
3156 1399 3192 1464 ὴ
3215 1395 3386 1465 ψυχή
3411 1413 3530 1465 μου
3553 1395 3676 1448 ἀπὸ
3701 1395 3862 1460 ἀκη-

2255 1491 2389 1556 δίας
2433 1491 2521 1561 (ἣν
2551 1491 2584 1559 ἡ
2620 1489 2849 1560 συνεχὴς
2867 1489 2976 1542 τῶν
2998 1487 3261 1557 ὲμπαθῶν
3289 1487 3572 1556 λογισμῶν
3605 1485 3856 1556 ἐργάζε-

2252 1600 2341 1634 ται
2391 1581 2687 1654 προσϐολὴ,
2735 1583 2826 1633 τὸν
2855 1581 2954 1649 τῆς
2983 1579 3166 1650 ψυχῆς
3195 1579 3352 1631 τόνον
3389 1579 3584 1648 ἡρέμακ
3621 1577 3862 1646 διαχαν-

2253 1673 2438 1742 νοῦσα)
2461 1718 2473 1736 ,
2506 1673 2641 1728 ἀλλὰ
2681 1673 2743 1724 τδ
2767 1672 2940 1742 στόμα
2963 1671 3267 1741 τηνικαῦτα
3296 1669 3496 1740 μᾶλλον
3535 1669 3860 1736 ἀνοίγοντες

2187 1785 2226 1837 Β
2255 1767 2411 1838 (ὅπερ
2459 1767 2606 1818 ἐστὶν
2645 1767 2672 1818 ὁ
2705 1767 2835 1834 περὶ
2871 1765 2970 1828 τὰς
3003 1765 3153 1824 θείας
3193 1763 3416 1823 ἐντολὰς
3467 1757 3654 1824 πόθος,
3687 1763 3788 1812 καὶ
3819 1761 3855 1830 ἢ

2253 1860 2354 1927 τῆς
2405 1858 2633 1928 καρδίας
2673 1861 2800 1927 περὶ
2843 1857 3010 1918 αὑτὰς
3052 1855 3252 1924 Οέρμη)
3289 1855 3390 1922 τὴν
3423 1851 3632 1904 ἄνωθεν
3685 1853 3858 1922 χάριν

2249 1942 2351 2001 εἶτ’
2391 1945 2485 2001 οὖν
2515 1947 2735 2018 Πνεῦμα
2766 1947 3086 2017 ὲλκύσομεν.
3128 1947 3309 2011 ’Λλλα,
3344 1945 3436 1998 διὰ
3467 1943 3564 2012 τὴν
3605 1942 3708 1996 τοῦ
3747 1945 3856 1996 Κυ-

2252 2041 2370 2112 ρίου
2417 2043 2658 2110 ἀγάπην,
2709 2042 2878 2112 μηδὲν
2937 2058 3020 2094 σοι
3071 2040 3206 2108 πρὸς
3246 2041 3374 2100 τοὺς
3411 2041 3576 2106 ἐμοὺς
3625 2037 3854 2104 λόγους,

2250 2135 2474 2202 ἐμαυτῷ
2494 2135 2603 2204 γὰρ
2631 2131 2908 2202 νομοθετῶ
2935 2134 3030 2185 καὶ
3063 2133 3164 2184 οὐκ
3194 2131 3407 2192 ἄλλοις·
3447 2131 3528 2181 δεῖ
3561 2129 3677 2197 γάρ
3737 2147 3848 2198 μοι,

2251 2225 2340 2278 διὰ
2391 2225 2450 2276 τὸ
2494 2225 2613 2276 νέον
2664 2225 2766 2294 τῆς
2817 2225 3059 2296 ἡλικίας.
3089 2223 3358 2293 τοσαύτης
3407 2225 3530 2294 περὶ
3577 2221 3638 2274 τὺ
3685 2221 3844 2291 σῶμα

2255 2317 2390 2386 σκλη
2400 2317 2706 2387 ραγωγίας.

2025 2563 2256 2620 CAPUT
2291 2565 2380 2619 ill.

1873 2679 1894 2706 δ

1439 2727 1668 2781 Visiones
1698 2725 1820 2780 alia:
1841 2743 1868 2796 ;.
1887 2723 2188 2786 miracula;
2220 2725 2652 2780 terriculamenta
2686 2727 2960 2781 damnis.

633 2885 722 2942 19.
777 2886 846 2941 Et
907 2885 1028 2940 huic
1077 2889 1300 2954 quidem
1361 2882 1652 2956 Symeonis
1695 2882 1896 2948 oratio,
1951 2891 2151 2952 praeter

563 2989 783 3036 aetatem
815 2990 871 3034 et
912 2979 1379 3048 exspectationem
1427 2975 1655 3046 prolata,
1697 2975 1998 3044 percellere
2051 2991 2154 3029 au-

565 3073 782 3126 dientes
807 3081 1049 3141 poterat:
1084 3069 1342 3126 Christus
1371 3077 1556 3122 autem
1589 3068 1684 3136 qui
1741 3067 1919 3136 ipsum
1950 3068 2156 3122 sancti-

570 3165 852 3226 ﬁeaverat,
878 3165 1084 3234 quique
1109 3163 1430 3233 priusquam
1465 3170 1744 3231 pateretur
1786 3163 1994 3216 sanctis
2039 3162 2156 3216 suis

569 3256 858 3326 discipulis
921 3257 1296 3325 apostolisque
1367 3253 1582 3308 dixerat
1643 3271 1655 3306 :
1718 3251 1999 3319 Conﬁdite,
2061 3269 2154 3322 ego

565 3349 670 3403 vici
706 3348 1043 3413 mundam';
1089 3347 1432 3419 gratiamque
1488 3353 1544 3401 et
1594 3347 1858 3401 virtutem
1903 3345 2154 3414 patrandi

567 3441 837 3496 miracula
869 3440 1182 3506 infuderat;
1225 3439 1314 3494 ille
1345 3439 1622 3494 similibus
1639 3438 1970 3509 Symeonem
1994 3439 2160 3492 donis

565 3533 980 3603 impertiturus,
1005 3533 1312 3602 palmisque
1339 3541 1529 3586 contra
1553 3531 1833 3586 diabolum
1861 3531 2158 3602 pugnando

561 3628 815 3682 obtentis
853 3627 1273 3690 nobilitaturus,
1309 3625 1586 3680 similibus
1625 3627 1792 3680 etiam
1855 3626 1924 3680 ad
1978 3626 2158 3695 ipsum

563 3720 802 3774 evocibus
835 3719 914 3774 uti
943 3718 1202 3786 dignatus
1245 3727 1350 3781 e51,
1379 3717 1605 3772 dicens:
1637 3715 1874 3786 Conﬁde,
1921 3734 2015 3788 ego
2064 3718 2160 3770 vici

565 3813 851 3866 mundum.
939 3811 1150 3866 Deinde
1213 3811 1382 3865 etiam
1453 3809 1654 3864 divina:
1713 3810 1855 3866 lucis
1907 3811 2162 3864 claritate

571 3903 1044 3961 circumfunditur
1069 3945 1084 3968 ,
1125 3911 1132 3916 ‘
1167 3901 1559 3974 detegiturque
1613 3901 1906 3956 confestim
1983 3901 2163 3956 omnis

569 3995 988 4067 magnificentia
1007 3994 1480 4065 atqueimperium
1500 3993 1705 4048 diaboli
1728 4010 1742 4046 :
1769 3993 1886 4062 ipse
1909 3992 2162 4047 diadema

573 4089 632 4144 in
681 4090 864 4158 capite
923 4087 1207 4158 gestabat;
1271 4085 1526 4141 astabant
1578 4086 1810 4156 integras
1847 4085 2159 4142 daemonum

573 4180 914 4251 phalanges;
981 4179 1049 4233 ad
1107 4179 1406 4248 voluptatis
1457 4187 1714 4233 ornatum
1755 4187 1958 4248 praesto
2003 4187 2164 4233 erant

567 4285 796 4330 aurum,
823 4269 1052 4340 pretiosi
1071 4269 1302 4338 lapides,
1329 4269 1585 4334 uniones,
1611 4277 1803 4338 utpote
1827 4269 2000 4337 magis
2021 4275 2164 4336 aptat

576 4367 644 4421 ad
676 4363 1048 4420 inducendam
1081 4363 1419 4432 voluptatem
1451 4361 1762 4426 illecebrae;
1829 4359 2164 4414 audiebatur

579 4453 846 4510 tibiarum
903 4453 1326 4523 listularumque
1373 4467 1564 4514 sonus,
1614 4459 1670 4506 et
1703 4449 1892 4504 varius
1943 4448 2166 4502 musicaa

569 4558 917 4612 concentus;
977 4547 1313 4601 cernebatur
1377 4553 1662 4615 peccatum
1720 4540 1907 4612 specie
1939 4541 2161 4611 puellae.

2329 2883 2414 2938 ιθ’.
2445 2883 2686 2937 Τοιαῦτα
2751 2883 2852 2954 μὲν
2907 2882 2970 2952 δὴ
3033 2882 3102 2934 τὰ
3148 2881 3240 2934 τοῦ
3289 2882 3557 2952 Συμεὼν,
3587 2885 3686 2938 καὶ
3721 2899 3856 2957 παρ’

2256 2974 2472 3047 ἡλικίαν
2494 2976 2588 3028 καὶ
2626 2975 2797 3046 ἀκοὴν
2837 2973 2988 3026 οὕτω
3017 2975 3198 3026 πᾶσαν
3233 2975 3566 3046 ἐκπλήττειν
3603 2979 3861 3046 δυνάμι-

2256 3082 2361 3120 ναο
2413 3068 2647 3137 Χριστὸς
2701 3067 2780 3132 δὲ,
2831 3069 2859 3120 ὁ
2911 3067 3006 3119 καὶ
3055 3067 3146 3120 τὸν
3189 3066 3416 3137 Συμεὼν
3465 3071 3733 3136 ἁγιάσας.
3767 3071 3866 3124 καὶ

2259 3158 2364 3228 πρὸ
2411 3157 2506 3210 τοῦ
2559 3157 2799 3226 παοῆναι
2845 3160 2957 3220 τοῖς
3005 3158 3172 3228 ἱεροῖς
3223 3157 3388 3211 αὐτοῦ
3434 3159 3714 3229 μαθηταῖς
3765 3161 3866 3212 καὶ

2259 3251 2608 3314 ἀποστόλοις·
2653 3249 2966 3319 Θαρσεῖτε,
3003 3247 3206 3312 εἰπὼν,
3249 3250 3365 3318 ἐγὼ
3403 3251 3714 3316 νενίκηκα
3751 3253 3868 3306 τὸν·

2261 3345 2515 3412 κόσμον,
2563 3344 2662 3396 καὶ
2690 3345 2850 3413 χάριν
2879 3343 3066 3405 αὐτοῖς
3105 3343 3199 3395 καὶ
3251 3343 3494 3412 σημείων
3527 3343 3864 3413 ἐμπνεύσας

2259 3437 2508 3507 δύναμιν,
2537 3435 2920 3505 παραπλησίου
2979 3435 3188 3504 μέλλων
3238 3435 3580 3504 χαρίσματος
3631 3435 3736 3487 καὶ
3785 3434 3868 3505 τῷ

2261 3526 2488 3596 Συμεὼν
2545 3525 2888 3595 μεταδοῦναι,
2917 3529 3021 3596 τήν
3047 3543 3106 3579 τε
3151 3527 3296 3578 κατὰ
3325 3525 3420 3578 τοῦ
3465 3525 3726 3578 διαῦόλου
3757 3542 3870 3578 πασ-

2266 3616 2564 3688 ρασχέσθαι
2619 3615 2778 3686 νίκην
2835 3615 3006 3685 αὐτῷ,
3051 3616 3150 3685 τῆς
3202 3614 3328 3684 ἴσης
3383 3613 3548 3667 αὑτὸν
3613 3614 3864 3676 ἐκείνοις

2262 3709 2403 3774 ἀξιοῖ
2430 3711 2520 3761 καὶ
2551 3709 2760 3777 φωνῆς,
2805 3707 3150 3775 Θάρσει,κα“ι
3167 3707 3304 3776 πρὸς
3327 3705 3488 3759 αὐτὸν
3517 3705 3722 3771 εἰπὼν,
3749 3709 3868 3776 ἐγὼ

2264 3803 2556 3872 νενίκηκα
2595 3803 2701 3858 τὸν
2727 3805 2982 3874 ξιόσμον.
3021 3798 3152 3856 Εῐτα
3193 3804 3289 3856 καὶ
3345 3801 3470 3856 θεία
3503 3803 3638 3871 περὶ
3695 3804 3864 3857 αὐτὸν

2266 3895 2535 3964 ἔλλαμψις
2565 3897 2797 3962 γίνεται,
2831 3895 2926 3948 καὶ
2949 3895 3123 3948 πᾶσαι
3157 3893 3250 3948 τοῦ
3281 3893 3529 3948 διαϐόλου
3566 3893 3776 3964 ἁθρόον
3807 3896 3865 3948 αι

2265 3985 2558 4054 φαντασίαι
2593 3987 2689 4038 καὶ
2721 3985 2993 4055 βασιλεῖαι
3025 3985 3178 4054 αὐτῷ
3223 3985 3648 4038 ὑποδείκνυνται
3685 4001 3700 4014 °
3733 3987 3860 4040 διὰ-

2264 4079 2414 4146 δημα
2441 4083 2538 4148 μὲν
2575 4081 2782 4142 ἐκεῖνος
2812 4080 2906 4131 ἐπὶ
2934 4077 3178 4145 κεφαλῆς
3208 4077 3369 4147 ἔχων,
3401 4080 3456 4130 αἱ
3500 4077 3560 4130 δὲ
3593 4078 3712 4132 τῶν
3741 4079 3862 4132 δαιο

2269 4169 2446 4239 μόνων
2479 4169 2631 4240 αὐτῷ
2681 4167 3030 4239 παρεστῶσαι
3052 4167 3356 4234 φάλαγγες,
3385 4165 3586 4234 χρυσός
3636 4179 3698 4216 τε
3729 4163 3858 4233 παρ’

2266 4259 2415 4328 αὑτῷ
2441 4259 2576 4328 πρὸς
2605 4259 2696 4310 τὸν
2729 4257 2839 4310 τῶν
2870 4258 3070 4326 ἡδονῶν
3095 4256 3322 4325 κόσμον,
3349 4257 3444 4306 καὶ
3477 4253 3620 4306 λίθοι
3647 4255 3824 4320 τίμιοι
3843 4293 3858 4318 ,

2267 4352 2363 4405 καὶ
2421 4354 2774 4420 μαργαρῖται,
2845 4349 2936 4402 ἴνα
2965 4350 3058 4401 καὶ
3095 4349 3306 4416 μᾶλλον
3327 4343 3436 4399 εἷεν
3494 4346 3858 4412 ὲπαγωγότε-

2271 4438 2506 4514 ραι.ἾΙν
2536 4441 2592 4493 δὲ
2621 4439 2718 4492 καὶ
2740 4439 2922 4492 αὐλῶν
2947 4439 3190 4500 ἀκούειν,
3227 4439 3320 4491 καὶ
3351 4437 3636 4506 σύριγγος,
3659 4436 3862 4504 μέλους

2267 4551 2328 4586 τε
2386 4531 2645 4604 μουσικοῦ
2681 4531 2882 4593 παντὸς
2930 4548 2943 4561 υ
2997 4530 3072 4592 ὡς
3119 4529 3394 4598 θυγατέρα
3433 4544 3490 4580 τε
3543 4529 3644 4596 τὴν
3673 4529 3862 4596 ἁμαρ·

571 4655 705 4697 cum
735 4641 1036 4696 comitibus
1071 4639 1208 4704 suis,
1245 4639 1312 4693 ad
1344 4637 1746 4708 turpitudinem
1797 4635 2056 4689 homines
2085 4635 2164 4688 al-

2269 4627 2394 4678 τίαν
2425 4624 2694 4677 συνοῦσαν
2718 4625 2830 4685 τοῖς
2857 4621 3078 4688 ὀλέθρια
3102 4619 3514 4689 δελεαζομένοις
3543 4635 3560 4650 ο
3585 4620 3710 4670 ἐκεῖ
3759 4633 3858 4670 πε-

573 4730 936 4786 licientibus:
965 4730 1078 4785 illic
1104 4729 1446 4785 curiositatis
1486 4727 1878 4796 nequitiaeque,
1911 4726 2004 4780 hic
2049 4724 2159 4779 difv

573 4823 842 4888 ﬁdentia},
897 4823 1114 4878 inertia:
1146 4830 1203 4876 et
1231 4821 1530 4876 oblivionis
1568 4819 1796 4889 spiritus
1823 4817 2160 4882 residebant;

577 4915 810 4984 spiritus
831 4923 1016 4969 autem
1045 4913 1291 4968 avaritiae
1338 4912 1580 4966 diductis
1625 4912 1861 4965 immane
1933 4909 2166 4962 rictibus

575 5005 790 5068 hiabat,
812 5005 986 5061 veluti
1019 5005 1128 5058 non
1159 5003 1446 5058 satiandus
1486 5002 1594 5056 nisi
1644 5001 1904 5056 universa
1965 4999 2165 5054 absor-

575 5093 810 5164 psisset;
861 5093 958 5163 qui
999 5093 1310 5148 istiusmodi
1343 5108 1526 5148 rerum
1557 5091 1770 5162 species
1813 5090 2162 5154 exhibentes,

579 5183 927 5238 conabantur
952 5183 1282 5254 Symeonem
1311 5199 1532 5254 quoque
1573 5183 1641 5237 ad
1673 5199 1734 5238 se
1787 5182 2070 5251 pellicere.
2095 5182 2165 5233 At

579 5275 670 5328 ille
693 5275 976 5330 consuetis
1003 5275 1192 5330 armis.
1220 5274 1449 5330 salutari
1479 5275 1606 5330 Jcsu
1625 5275 1848 5328 nurnine
1873 5270 2163 5339 crucisque

577 5367 736 5433 signa
783 5381 841 5418 se
905 5365 1182 5430 muniens,
1247 5363 1506 5419 universa
1577 5363 1870 5418 confestim
1945 5371 2161 5430 spectra

655 5518 674 5552 ⁸
705 5518 844 5576 Gen.
871 5536 944 5584 Ix,
979 5523 1032 5577 5.
1113 5524 1132 5552 '
1167 5521 1312 5578 Psal.
1361 5537 1548 5584 εει-ιιι,
1581 5519 1672 5574 ‘38.

1753 5519 1772 5550 ³
1805 5519 1962 5574 Joan.
1997 5535 2108 5583 xvi,
2139 5517 2230 5573 55.

2272 4715 2519 4786 ριεργίας
2581 4713 2798 4784 πνεῦμα
2859 4714 2954 4766 καὶ
3019 4714 3304 4781 πονηρίας.
3369 4711 3518 4762 Ἐκεῖ
3561 4709 3856 4768 ἁπειθεὲας

2271 4807 2364 4859 καὶ
2398 4805 2674 4876 ῥᾳθυμίας
2699 4806 2793 4858 καὶ
2819 4803 3013 4874 λήθης,
3048 4803 3110 4856 τδ
3125 4804 3194 4866 ﬁs
3219 4803 3320 4872 τῆς
3351 4801 3728 4870 φιλαργυρίας
3759 4801 3846 4851 καὶ

2271 4898 2392 4952 λίαν
2449 4897 2680 4968 φοϐερὸν
2731 4895 3004 4966 ἐκεκῄνει,
3037 4893 3230 4965 ὥσπερ
3297 4893 3406 4946 οὖδ⁹
3441 4893 3506 4945 ἂν
3563 4893 3612 4942 εἰ
3677 4893 3850 4944 πάντα

2275 4987 2535 5042 καταπίοι
2563 4985 2922 5056 χορτάζεσθαι
2955 4984 3171 5054 μέλλον.
3201 4981 3384 5035 Ταῦτα
3411 4981 3581 5044 οὓτως
3637 4981 3846 5048 ὁρώμε-

2271 5099 2358 5144 να,
2393 5081 2488 5132 κα¹ι
2517 5077 2773 5147 τοιαύτην
2799 5076 3104 5146 φαντασίαν
3131 5073 3506 5128 ἐπιδεικνύντα
3533 5116 3546 5138 ,
3572 5071 3846 5140 ἐπαγαγὲ-

2273 5173 2398 5226 σθαι
2435 5173 2571 5240 πρὸς
2606 5171 2774 5224 ἑαυτὰ
2797 5170 2892 5222 καὶ
2925 5170 3016 5222 τὸν
3047 5167 3270 5238 Συμεὼν
3298 5167 3556 5232 ἐπειρᾶτο
3587 5181 3602 5196 ⁸
3641 5169 3671 5218 ὁ
3695 5165 3754 5218 δὲ
3777 5161 3844 5230 τῷ

2273 5264 2491 5336 συνήθει
2527 5265 2620 5318 καὶ
2655 5259 2751 5314 νῦν
2775 5260 2924 5328 ὅπλῳ
2953 5301 2968 5326 ,
3003 5265 3070 5332 τῇ
3097 5261 3191 5314 τοῦ
3229 5259 3472 5328 Χριστοῦ
3507 5259 3842 5328 φραξάμενος

2272 5357 2578 5429 ἐπικλήσει,
2607 5357 2706 5428 τήν
2731 5373 2790 5409 τε
2825 5355 2922 5408 τοῦ
2949 5352 3182 5423 σταυροῦ
3225 5351 3498 5423 σφραγῖδα
3555 5351 3668 5414 τοῖς
3721 5347 3838 5400 θεὲ·

647 5669 728 5738 ίσ)
769 5673 848 5727 ES
879 5679 1138 5736 versione
1162 5677 1319 5748 LXX,
1347 5692 1516 5755 quam
1569 5679 1772 5752 ubique
1799 5675 1958 5732 citari
1987 5675 2042 5729 in
2075 5674 2180 5734 hac
2222 5675 2340 5735 iita
2365 5689 2514 5730 more
2541 5671 2880 5742 Graecorum,
2915 5679 3165 5728 notatum
3209 5667 3398 5726 velim.
