4032 6186
149 280 291 342 3005

1172 277 1346 336 VITA
1384 276 1430 333 Α
1469 271 1904 334 NICEPHORO
1942 275 2426 339 CONSCRIPTA-

3254 279 3393 343 3006

157 406 322 459 μασιν
343 387 573 448 ἐκείνοις
606 386 903 450 ἐπιϐαλὼν,
931 383 1128 440 αὐτίκα
1163 387 1335 438 πάντα
1360 384 1719 449 διασκεδάζει,

1838 385 2078 457 lissipat,
2129 388 2595 458 quemadmodum
2644 386 2896 456 dissipari
2939 387 3178 444 tenebrae
3217 392 3393 448 solent

154 483 404 551 καθάπερ
430 496 480 532 τι
516 478 706 541 σκότος
735 479 930 546 αὐγαῖς
962 477 1114 548 ἡλίου
1138 475 1476 530 διαλυθέντα.

223 583 292 629 κ’.
318 574 473 629 Μετά
531 571 716 641 palmet.
763 573 861 634 τάς
907 571 1199 632 νυκτώδεις
1233 570 1322 622 καὶ
1346 569 1535 632 νυκτὸς
1570 568 1725 632 ἀξίας

153 661 448 729 φαντασίας
505 659 720 722 ἐκείνας
775 659 1110 728 τελεωτέρας
1155 654 1306 720 αὖθις
1349 657 1666 727 ἐλλάμψεως
1699 659 1726 708 ὁ

154 750 376 820 Συμεὼν
426 750 710 815 ἀξιοῦται·
741 750 866 802 ἐπεὶ
914 751 1006 802 καὶ
1038 750 1152 817 φῶς
1199 749 1510 802 ἀκολουθεῖν
1560 751 1730 816 ἀναγ-

155 848 306 897 καῖον
338 884 352 906 ,
389 842 613 908 σκότους
639 842 1096 912 ὑποχωρήσαντος
1123 882 1134 896 .
1202 842 1510 903 Ἀντενίσας
1561 844 1669 908 γὰρ
1708 878 1722 902 ,

154 932 280 986 ναὸν
313 933 414 1002 ὁρᾷ
431 933 571 984 θεῖον
597 933 676 994 εἰς
707 931 957 1001 οὐρανὸν,
982 931 1106 996 δόξα
1127 949 1185 983 τε
1209 932 1371 984 αὑτὸν
1395 930 1602 983 ἐκεῖθεν
1633 931 1725 982 εύ-

155 1025 252 1086 θυς
283 1023 622 1092 περιέλαμψε
661 1039 675 1052 °
711 1022 802 1076 καί
849 1040 934 1085 τις
986 1022 1094 1074 τῶν
1151 1024 1524 1094 πατριαρχῶν,
1554 1022 1727 1092 μύρον

153 1117 253 1185 ἡδύ
291 1133 342 1170 τι
379 1118 474 1167 καὶ
503 1117 644 1168 θεῖον
674 1115 874 1179 ἀπόζον
903 1118 958 1166 ἐν
993 1119 1175 1186 χεροῖν
1202 1115 1362 1185 ἔχων,
1393 1117 1727 1182 ἀποτταγεὶς

157 1211 294 1280 πρὸς
324 1209 484 1262 αὐτὸν
514 1211 606 1261 καὶ
637 1211 963 1278 σφραγίσας,
997 1210 1212 1280 ἔχρισεν
1245 1211 1412 1264 εἰπὼν
1437 1226 1449 1239 ·
1513 1211 1599 1262 Ἐν
1651 1208 1728 1278 τῷ

158 1297 320 1367 μύρι)
347 1297 520 1367 τοάτῳ
559 1298 770 1361 διώξεις
823 1301 948 1362 τοὺς
981 1297 1436 1368 δαίμονας,ςθείαν
1479 1313 1536 1347 τε
1567 1295 1726 1347 δύνα-

157 1410 254 1461 μιν
282 1391 339 1456 ἐξ
362 1391 528 1458 ὕψους
561 1393 618 1443 ἐν
643 1391 805 1460 ὀσφύϊ
849 1392 1315 1462 περιζωσάμενος,
1341 1390 1503 1447 κενὰς
1550 1387 1729 1440 αὐτῶν

155 1477 262 1541 τὰς
293 1478 598 1548 προσϐολὰς
628 1479 722 1530 καὶ
751 1481 849 1542 τὰς
875 1481 1166 1542 ἐπιϐουλὰς
1195 1477 1726 1546 ἀποδείξεις.Θάρσει

152 1571 470 1640 τοιγαροῦν,
504 1571 774 1633 πεποιθὼς
809 1575 872 1641 τῇ
899 1574 991 1625 τοῦ
1027 1572 1350 1641 ποιήσαντος
1385 1589 1442 1624 σε
1469 1569 1724 1640 σφραγῖδι

154 1661 396 1728 Χριστοῦ
426 1677 439 1690 ·
468 1663 568 1714 οὐκ
631 1663 903 1733 ὠφελήσει
949 1664 1056 1733 γὰρ
1116 1663 1307 1732 ἐχθρὸς
1356 1660 1448 1714 ἐπὶ
1494 1660 1728 1720 σοὶμκαὶ

151 1753 271 1814 υἱὸς
307 1753 535 1822 ἀνομίας
567 1753 626 1804 ού
655 1752 954 1823 προσθήσει
985 1752 1231 1806 κακῶσαί
1262 1771 1340 1805 σε.

234 1930 336 1982 κα’.
377 1930 666 1993 Τοιαύταις
717 1933 744 1983 ὁ
797 1931 935 1993 θεῖος
988 1932 1210 2000 Συμεὼν
1256 1931 1523 2000 ἐνετρύφα
1578 1931 1726 2002 παρά

154 2021 296 2073 Θςοῦ
333 2021 607 2088 θεωρίαις,
640 2023 908 2091 τοσαύτης
941 2024 1143 2075 ἐκεῖθεν
1179 2023 1311 2091 πρὸς
1345 2023 1468 2084 τοὺς
1500 2027 1728 2092 ἀσκητι-

158 2107 293 2168 κοὺς
338 2105 561 2173 ἀγῶνας
609 2107 858 2170 εύδοκίας
895 2106 1116 2176 ἠξίωτο.
1159 2109 1338 2176 ’Λπερ
1371 2108 1471 2159 οὐκ
1506 2107 1746 2177 ἐλελήθει

156 2198 252 2249 τὸν
280 2197 534 2266 Ἰωάννην
556 2214 569 2226 ·
597 2198 672 2261 ὡς
702 2199 812 2270 γὰρ
841 2200 950 2252 τῶν
980 2199 1170 2253 ἑαυτοῦ
1197 2199 1368 2267 φύντα
1400 2200 1747 2268 σπλάγχνων,

155 2285 335 2352 οὕτως
364 2289 507 2356 ἑώρα
547 2290 638 2342 τὸν
667 2290 913 2360 Συμεὼν,
952 2291 1041 2344 διά
1068 2291 1126 2343 τὸ
1153 2290 1287 2344 πολὺ
1344 2292 1436 2344 καὶ
1470 2290 1598 2358 παρ’
1626 2291 1744 2359 ἡλι-

157 2382 287 2434 κίαν
320 2382 420 2450 τῆς
453 2383 656 2452 ἀρετῆς
681 2425 694 2447 ,
722 2385 816 2436 καὶ
851 2383 1145 2453 μανθάνειν
1181 2385 1244 2437 τά
1272 2385 1393 2437 κατ’
1422 2384 1584 2436 αὐτὸν
1620 2385 1748 2453 περὶ

160 2476 366 2538 παντὸς
405 2478 664 2539 ἐποιεῖτο,
712 2472 793 2540 οἷς
837 2477 1108 2532 ἀκόλουθα
1157 2479 1330 2548 δήπου
1374 2479 1465 2531 καὶ
1495 2478 1563 2529 τὰ
1593 2476 1743 2544 ἑξῆς.

170 2566 340 2638 Ἀνὴρ
367 2569 475 2638 γάρ
524 2585 607 2631 τις
641 2570 974 2638 παρειμένος
1005 2571 1066 2621 τὸ
1094 2571 1266 2638 ἰσχίον
1305 2570 1396 2622 καὶ
1427 2571 1618 2639 χρόνον
1645 2569 1743 2638 ἤδη

157 2660 380 2729 συχνὸν,
416 2659 630 2722 ὀδύναις
670 2678 731 2712 τε
763 2659 920 2714 τοῦτο
957 2662 1235 2732 δριμείαις
1271 2661 1633 2730 βαλλόμενος,
1670 2659 1745 2722 ὡς

157 2752 285 2823 μηδ’
325 2748 437 2814 οἷός
471 2769 529 2804 τε
574 2748 714 2805 εἶναι
755 2757 1106 2806 παντάπασιν
1153 2752 1429 2821 ἀνακύψαι
1453 2793 1466 2816 ,
1504 2751 1744 2820 συνεχῶς

153 2847 223 2914 τῇ
259 2847 392 2915 μονῇ
419 2847 638 2913 φοιτῶν,
672 2847 772 2914 τήν
806 2862 864 2897 τε
901 2847 1060 2914 ξένην
1091 2845 1184 2898 τοῦ
1215 2845 1439 2914 Συμεὼν
1467 2845 1523 2896 ἐν
1558 2843 1743 2914 ἡλικίᾳ

152 2938 383 3008 τοιαύτῃ
412 2939 686 2992 πολιτείαν
725 2939 889 3009 ὀρῶν,
925 2940 1170 2991 πείθεται
1203 2939 1302 3008 τὴν
1327 2939 1525 3008 ψυχὴν,
1555 2939 1630 3000 ὡς
1666 2937 1744 2988 εί-

1825 479 2035 548 fulgore
2065 481 2214 534 solis.

1892 571 1980 624 9.0.
2009 571 2290 641 Lucifugis
2324 572 2474 625 hisee
2502 571 2902 640 nocturnisque
2939 571 3252 627 visionibus
3280 573 3395 628 dis-

1827 661 2024 720 cussis,
2044 660 2256 714 meliori
2293 660 2476 714 denuo
2521 663 2886 717 illustratione
2948 663 3145 734 dignus
3180 663 3396 733 judica-

1829 761 1952 815 tur;
2009 752 2254 806 tenebris
2293 754 2497 822 quippe
2545 754 2792 822 depulsis
2831 753 3017 808 lumen
3097 756 3397 810 succedere

1828 859 2048 898 necesse
2075 854 2178 898 est.
2196 844 2326 898 Nam
2349 845 2477 898 dum
2504 845 2620 898 fixis
2648 847 2909 914 templum
2929 847 3173 900 intuetur
3195 846 3393 911 oculis,

1828 935 1979 990 videt
2010 936 2104 989 Dei
2135 938 2476 1005 majestatem
2504 937 2556 988 in
2585 937 2758 990 cmlo:
2809 939 3187 1006 continttoque
3221 937 3396 1007 gloria

1830 1029 1954 1080 inde
2007 1027 2206 1080 diffusa
2268 1026 2594 1096 Symeonem
2650 1025 3038 1087 circumfulsit,
3063 1035 3118 1079 et
3162 1025 3398 1094 patriar-

1829 1123 2055 1171 charum
2089 1115 2364 1185 quispiam
2393 1116 2923 1185 unguentum,quod
2957 1132 3124 1170 suave
3159 1131 3222 1170 ac
3254 1116 3400 1168 divi-

1830 1207 2262 1276 numquidpiam
2296 1205 2603 1266 redolebat,
2641 1206 2894 1259 manibus
2928 1206 3238 1274 prtelatum,
3274 1213 3402 1274 gut-

1833 1299 1986 1352 tatim
2027 1298 2238 1351 stillare
2269 1297 2420 1358 facit,
2453 1297 2719 1362 unxitque
2784 1296 2986 1364 ipsum,
3049 1296 3275 1349 dicens:
3343 1293 3401 1348 In

1827 1391 2037 1444 virtute
2071 1389 2235 1459 hujus
2266 1387 2533 1458 unguenti
2573 1387 2789 1456 fugabis
2841 1387 3139 1450 daemonas,
3187 1386 3404 1439 divino-

1830 1497 1936 1552 quc
1989 1481 2188 1535 robore
2211 1481 2280 1533 ab
2341 1479 2557 1533 excelso
2607 1479 2811 1532 lumbis
2849 1479 3150 1540 accinctus,
3201 1477 3393 1530 inanes

1832 1575 2074 1642 ipsorum
2099 1587 2220 1625 esse
2261 1571 2497 1639 impetus
2520 1553 2854 1636 insidiasque
2882 1565 3403 1620 ostendes.Confide

1835 1665 2024 1733 igitur,
2048 1675 2278 1730 sperans
2314 1661 2368 1712 in
2399 1658 2628 1720 Christi,
2668 1658 2760 1727 qui
2807 1667 2857 1712 te
2914 1658 3144 1719 ereavit,
3197 1657 3352 1725 signo
3387 1672 3401 1710 :

1759 1724 1802 1780 Β
1832 1771 1940 1810 non
1973 1747 2119 1807 enim
2151 1751 2406 1821 proficiet
2437 1750 2698 1804 inimicus
2725 1750 2778 1802 in
2805 1759 2877 1813 te,
2909 1758 2963 1802 et
3001 1749 3145 1802 filius
3194 1748 3406 1816 iniqui-

1833 1851 1958 1900 tatis
1987 1859 2096 1896 non
2127 1850 2367 1912 apponet
2395 1855 2594 1895 nocere
2626 1840 2750 1894 tibi.

1833 1922 1850 1936 ”
1903 1935 1988 1989 2-1.
2023 1934 2338 1988 Istiusmodi
2371 1933 2663 1987 submissis
2687 1949 2716 1986 a
2752 1933 2867 1986 Deo
2925 1933 3258 2001 spectaculis
3310 1946 3399 1986 re-

1830 2028 2121 2084 creabatur
2148 2026 2406 2096 Symeon,
2432 2026 2984 2095 praeveniebaturquc
3033 2026 3268 2094 gratuita
3300 2024 3404 2078 hac

1831 2118 2234 2177 benevolentia,
2267 2125 2328 2168 ut
2353 2133 2453 2184 par
2475 2116 2726 2169 ascetica:
2754 2117 2879 2169 vita:
2906 2115 3190 2169 laboribus
3242 2126 3405 2182 atque

1830 2211 2232 2266 certaminibus
2291 2209 2465 2264 ﬁeret.
2501 2211 2678 2276 Atque
2744 2208 2831 2260 illa
2879 2207 3144 2261 Joannem
3182 2205 3406 2258 minime

1829 2302 2140 2371 fugiebant:
2165 2301 2368 2370 quippe
2402 2300 2727 2370 Symeonem
2762 2308 2984 2367 pr0pter
3012 2297 3244 2365 plurima
3272 2311 3404 2365 pra:-

1831 2393 2225 2461 stautioraque,
2277 2406 2438 2460 quam
2461 2391 2513 2442 iu
2538 2390 2626 2443 illa
2648 2397 2805 2442 «etate
2830 2389 3012 2442 solent
3045 2389 3251 2446 inesse,
3288 2387 3406 2440 vir-

1833 2490 2010 2536 tutum
2051 2481 2275 2545 decora,
2311 2497 2421 2534 non
2457 2495 2616 2534 secus
2668 2478 2994 2533 observabat
3042 2493 3204 2546 quam
3233 2476 3406 2530 filium

1831 2588 1899 2628 ex
1927 2588 1985 2626 se
2017 2583 2371 2642 prognatum,
2412 2570 2925 2638 instituendumque
2953 2568 3183 2622 curabat
3227 2567 3407 2621 omni-

1833 2666 1958 2731 bus,
1985 2681 2108 2734 quae
2157 2665 2222 2718 ad
2267 2665 2446 2733 ipsum
2512 2662 2865 2731 Spectabant:
2916 2675 3154 2730 quorum
3216 2661 3407 2728 utique

1832 2757 2066 2812 ell'ectus
2116 2763 2246 2810 sunt
2303 2768 2425 2822 qua:
2473 2754 2898 2806 subnectuntur.
2944 2749 3040 2802 Vir
3099 2747 3322 2817 quidam
3375 2762 3408 2802 a

1833 2850 1996 2918 longo
2021 2849 2130 2917 jam
2162 2856 2408 2914 tempore
2436 2845 2648 2897 viribus
2686 2843 3008 2903 destitutus,
3071 2841 3410 2911 gravissimis

1836 2941 2190 3011 premebatur
2225 2937 2542 3000 doloribus;
2581 2949 2682 2988 nec
2726 2935 2836 2988 ulla
2893 2935 3120 2988 omnino
3159 2933 3408 2986 adhibita

153 3045 264 3100 περ
299 3025 452 3091 οὗτος
485 3030 629 3100 ὑπὲρ
661 3030 824 3083 αὑτοῦ
848 3031 1064 3101 δεηθείη
1095 3073 1106 3093 ,
1131 3031 1262 3098 ύγιᾶ
1297 3033 1455 3084 πάλιν
1481 3030 1644 3083 αὑτὸν
1667 3029 1740 3092 ὡς

1838 3032 2111 3087 medicina
2161 3037 2372 3100 poterat
2399 3028 2603 3081 levari:
2658 3027 2898 3094 dumque
2942 3024 3241 3080 identidem
3294 3038 3409 3076 ηιο-

153 3121 538 3193 καὶπρότερον
580 3126 608 3176 ὁ
650 3123 780 3186 θεὸς
819 3125 1264 3190 ἀποκαταστήσει
1286 3140 1299 3152 ”
1329 3125 1421 3176 καὶ
1456 3120 1740 3194 προελθὼν

150 3211 233 3283 τῷ
263 3211 483 3288 Ἰωάννῃ
509 3215 679 3269 δεῖται
700 3215 918 3286 θερμῶς
941 3215 1198 3286 δεηθῆναι
1224 3217 1384 3270 πάλιν
1405 3216 1567 3268 αὐτὸν
1598 3215 1740 3269 ὲκεί-

171 3309 263 3345 νου
311 3295 708 3362 προσεύξασθαι
750 3300 876 3366 περὶ
915 3299 1101 3352 αὑτοῦ.
1143 3301 1198 3351 Ὀ
1232 3300 1330 3369 μὲν
1359 3299 1449 3354 οὖν
1487 3301 1738 3369 Ἰωάννης

171 3385 309 3454 προς
330 3383 398 3438 ’τὸ
421 3387 513 3439 τοῦ
547 3387 734 3457 ἀνδρὸς
768 3389 936 3452 πάθος
969 3392 1251 3461 σπλάγχνα
1297 3392 1503 3456 παθὼν,
1537 3397 1604 3464 τῇ
1643 3395 1740 3464 βά-

173 3493 257 3528 σει
311 3481 652 3548 παραστῆναι
693 3479 786 3532 τοῦ
834 3481 1058 3551 Συμεὼν
1103 3485 1515 3552 παραγγέλλει·
1552 3485 1740 3538 ἔπειτα

176 3574 449 3638 παραινεῖ,
505 3572 858 3641 συμϐουλεύει
917 3574 996 3640 τῷ
1051 3575 1294 3642 Συμεὼν,
1343 3576 1526 3644 ἱκέτης
1577 3579 1740 3629 αὐτοῦ

172 3659 336 3713 πάλιν
373 3663 576 3724 ἐκεῖνος
608 3663 838 3730 γίνεται,
874 3665 949 3734 μὴ
985 3665 1126 3719 οὕτω
1157 3666 1400 3734 σφοδρῶς
1443 3668 1741 3737 ἀλγυνομέ-

172 3768 266 3803 νου
295 3752 386 3804 τοῦ
416 3754 715 3822 κάμνοντος
746 3757 1042 3822 ὑπεριδεῖν,
1073 3758 1184 3809 ἀλλ’
1227 3757 1482 3823 εὔξασθαί
1514 3777 1570 3812 τε
1603 3761 1742 3828 ὑπὲρ

171 3844 340 3896 αὑτοῦ
389 3847 480 3898 καὶ
520 3849 708 3916 χεῖρας
757 3847 908 3915 αὐτῷ
954 3848 1245 3903 ἐπιθεῖναι.
1301 3850 1358 3901 '0
1409 3850 1464 3902 δὲ
1501 3851 1592 3902 καὶ
1625 3850 1742 3903 λίαν

172 3932 482 4001 ἀχθεσθεὶς,
509 3935 828 4004 ἁμαρτωλὸν
867 3937 1056 3990 ἑαυτὸν
1085 3937 1287 4002 ἐκάλει,
1319 3939 1412 3990 καὶ
1450 3939 1524 4001 ὠς
1561 3939 1743 4006 μεῖζον

171 4024 205 4092 ἦ
237 4024 376 4076 κατὰ
405 4025 498 4085 τὴν
516 4023 709 4079 ἑαυτοῦ
729 4026 976 4096 δύναμιν,
1009 4029 1069 4080 τὸ
1108 4029 1387 4097 ἐπίταγμα
1428 4032 1740 4101 παρῃτεῖτο.

187 4115 338 4166 Ἐπεὶ
382 4114 436 4166 δὲ
477 4116 504 4166 ὁ
549 4115 799 4182 Ἰωάννης
849 4118 984 4180 μετά
1018 4117 1124 4169 τῶν
1156 4121 1252 4169 σὺν
1283 4119 1430 4187 αύτῷ
1452 4121 1549 4170 οὐκ
1583 4119 1741 4181 ἀνίει,

173 4205 308 4258 ἀλλὰ
366 4205 694 4274 θερμότερον
750 4207 829 4258 ἔτι
889 4209 1086 4275 μᾶλλον
1147 4210 1446 4271 ἐπέκειντο,
1498 4210 1594 4278 ὀψὲ
1652 4210 1746 4261 καὶ

175 4294 420 4362 βραδέως
453 4295 715 4358 πεισθεὶς,
745 4299 902 4365 χεῖρά
953 4315 1010 4349 τε
1064 4298 1139 4366 τῷ
1198 4299 1459 4367 πάσχοντι
1517 4300 1744 4365 ἐπιθεὶς,

1836 3119 2136 3174 nasterium
2188 3118 2524 3184 frequentat,
2574 3115 2964 3181 iusolitamque
3011 3113 3299 3182 Symeonis
3348 3113 3403 3164 in

1842 3201 1930 3256 illa
1979 3209 2139 3255 {etate
2188 3198 2583 3269 perfectionem
2635 3206 2809 3260 notat,
2862 3195 3117 3250 fiduciam
3187 3191 3426 3260 concipit

1839 3295 1957 3350 fore
1997 3303 2058 3348 ut
2109 3295 2252 3347 Deus
2303 3292 2550 3363 pristinae
2605 3306 2663 3345 se
2698 3289 3001 3344 valetudini
3056 3288 3331 3352 restituat,
3379 3283 3426 3339 si

1841 3387 2078 3459 Symeon
2130 3388 2458 3457 deprecator
2506 3383 2902 3439 intercedebat.
2942 3381 3124 3450 Itaque
3159 3379 3426 3433 Joannem

1839 3476 2029 3532 adiens
2076 3480 2236 3532 enixe
2266 3485 2458 3544 rogat,
2494 3475 2823 3544 Symeonem
2873 3471 3132 3542 precibus
3177 3471 3294 3523 suis
3329 3485 3426 3521 ex-

1838 3585 1997 3625 orare
2024 3568 2174 3633 velit,
2207 3578 2262 3621 ut
2299 3583 2396 3636 pro
2422 3583 2480 3621 se
2506 3567 2710 3619 misero
2735 3565 3036 3618 intercedat
3067 3561 3208 3629 apud
3233 3560 3424 3612 Deum.

1837 3661 2413 3728 Joannes.conspo-cto
2442 3659 2541 3710 viri
2569 3656 2762 3711 affecto
2783 3672 3034 3726 corpore,
3062 3654 3426 3708 commisi-ra-

1838 3753 1988 3808 tione
2033 3762 2233 3814 laetus,
2273 3751 2470 3803 adduci
2496 3750 2561 3803 ad
2589 3751 2901 3801 columnam
2929 3746 3220 3818 Symeouis
3245 3745 3425 3814 ipsum

1839 3851 2106 3916 imperat;
2145 3845 2344 3898 deinde
2385 3843 2606 3895 hortatu
2649 3856 2950 3909 suasuque,
2986 3839 3214 3907 supplex
3244 3839 3428 3890 denuo

1844 3936 2046 3996 factus,
2062 3936 2321 3988 inducere
2342 3934 2518 3985 virum
2537 3939 2786 3985 sanctum
2807 3940 3060 3992 conatur,
3089 3937 3145 3982 ut
3167 3928 3429 3996 nedespi-

1838 4029 1950 4084 ciat
1969 4036 2078 4080 tam
2094 4027 2334 4096 graviter
2353 4022 2814 4084 laborantem,sed
2838 4035 3029 4091 preces
3048 4036 3144 4088 pro
3165 4021 3284 4085 ipso
3306 4018 3430 4072 fun-

1849 4118 1942 4170 dat
1968 4130 2272 4182 manusque
2309 4114 2570 4178 imponat.
2599 4108 2651 4160 ls
2680 4115 2865 4160 autem
2894 4105 3284 4158 molestissime
3317 4103 3422 4157 hoc

1849 4209 2052 4267 ferens,
2090 4212 2437 4273 peceatorcm
2466 4216 2524 4253 se
2550 4197 2927 4266 nuncupabat,
2963 4195 3416 4263 mandatumque,

1851 4299 1997 4368 quod
2030 4298 2180 4350 vires
2211 4311 2338 4348 suas
2369 4291 2638 4347 excedere
2664 4288 2974 4358 inquiebat,
2994 4287 3420 4356 deprecabatur.

174 4381 270 4431 καὶ
321 4380 441 4432 ὅλον
486 4380 673 4434 ἑαυτὸν
717 4385 795 4444 είς
833 4386 997 4454 εὐχὴν
1037 4387 1353 4456 ἐπιτρέψας
1398 4387 1537 4454 Ἐγὼ
1581 4388 1681 4457 μὲν
1717 4390 1740 4440 ό

1847 4391 2094 4458 Cumque
2119 4389 2361 4442 Joannes
2388 4399 2511 4438 cum
2573 4381 2687 4436 suis
2739 4380 2879 4433 nihil
2930 4379 3263 4440 remitteret,
3315 4377 3424 4430 imo

173 4471 498 4541 ἁμαρτωλὸς
525 4475 826 4543 σφραγίζω,
853 4475 977 4544 ἔφη,
1013 4480 1076 4545 τῇ
1097 4477 1188 4528 τοῦ
1204 4479 1436 4547 Χριστοῦ
1469 4482 1745 4548 σφραγῖδι,

172 4562 318 4614 κατὰ
347 4562 402 4614 δέ
428 4563 527 4632 τὴν
553 4565 732 4617 πίστιν
763 4566 916 4634 ὑμῶν
938 4567 1220 4640 γενηθήτω
1241 4570 1316 4636 τῷ
1337 4571 1596 4638 πάσχοντι
1613 4588 1626 4602 ο
1657 4571 1750 4624 καὶ

176 4657 520 4726 παραχρῆμα
582 4658 876 4726 θεραπείας
912 4659 1108 4731 τυχὼν,
1157 4663 1386 4734 ἀπῆλθε,
1437 4665 1612 4718 λαλῶν
1656 4665 1752 4737 δλῃ

173 4744 391 4817 γλώττῃ
421 4745 517 4809 τὰς
556 4747 651 4800 τοῦ
683 4747 820 4802 Θεοῦ
851 4749 1190 4816 δυναστείας.

249 5011 354 5078 κβ’.
403 5006 534 5065 Εἶτα
562 5011 895 5079 προσάγεται
951 5031 1034 5077 τις
1078 5013 1228 5082 αύτῷ
1258 5015 1526 5083 δαιμονῶν
1549 5036 1562 5050 ο
1599 5019 1692 5070 καὶ
1725 5021 1755 5069 ὁ

179 5104 280 5170 μὲν
333 5101 540 5172 δαίμων
582 5103 673 5154 τὸν
722 5103 944 5172 Συμεὼν
990 5106 1184 5157 αὐτίκα
1237 5105 1380 5166 ἰδὼν,
1422 5109 1755 5176 ἀφαρπάσας

177 5194 431 5256 ἐλεεινῶς
460 5194 548 5247 τὸν
575 5193 862 5264 ἄνθρωπον
894 5197 999 5248 τῶν
1027 5197 1186 5250 αὑτὸν
1213 5199 1570 5266 κατεχόντων,
1593 5200 1672 5260 είς
1698 5199 1755 5249 ὃν

180 5287 392 5345 ἐκεῖνος
417 5281 484 5356 ἦν
509 5286 755 5349 ἐνοικὼν,
779 5287 882 5340 ἀνά
906 5288 1000 5352 τὰς
1023 5289 1259 5360 ἐρήμους
1291 5288 1385 5342 τοῦ
1413 5289 1570 5360 ὅρους
1591 5289 1758 5358 ἡλαύυ

180 5395 331 5431 νετο.
364 5379 422 5432 '0
453 5379 678 5448 Συμεὼν
708 5381 763 5434 δὲ
792 5379 884 5432 τού
917 5382 1210 5450 πάσχοντος
1231 5376 1408 5434 οἶκτον
1431 5381 1632 5445 λαϐὼν,
1664 5384 1756 5436 καὶ

175 5471 374 5523 τοῦτον
405 5471 463 5524 ἐν
491 5472 716 5540 ὀνόματι
752 5473 958 5543 Κυρίου
992 5473 1244 5537 καλέσας,
1271 5475 1628 5544 ἀναστρέφειν
1661 5492 1755 5528 κε-

176 5561 366 5614 λεύει·
414 5565 506 5616 καὶ
563 5564 642 5628 ὃς,
699 5565 814 5635 ἅμα
867 5570 932 5637 τῇ
975 5566 1164 5638 κλήσει
1216 5567 1398 5637 παρῆν
1438 5567 1584 5636 αύτῷ
1619 5585 1759 5638 παρ·

178 5655 377 5718 εστώς.
419 5657 477 5712 Ὀ
512 5659 567 5712 δὲ
595 5658 670 5731 τῷ
701 5659 915 5732 δαίμονι
941 5659 1141 5724 εὐθέως
1174 5662 1525 5734 ἐπιτιμήσας,
1572 5664 1672 5731 τήν
1699 5681 1757 5717 τε

1849 4480 2014 4535 etiam
2047 4479 2207 4546 longe
2233 4475 2521 4529 ardentius
2581 4471 2816 4525 instaret
2847 4510 2861 4535 ,
2929 4470 3021 4522 vix
3059 4468 3282 4522 tandem
3319 4468 3420 4520 ali-

1851 4571 2071 4642 quando
2102 4576 2550 4635 exoratus,aegre
2606 4562 2830 4616 habenti
2872 4576 3066 4615 manus
3132 4557 3422 4627 imposuit,

1853 4679 2020 4732 seque
2058 4661 2196 4714 dans
2229 4668 2407 4712 totum
2439 4655 2720 4710 orationi:
2773 4653 2912 4721 Ego,
2972 4651 3173 4719 inquit,
3226 4665 3428 4717 pecca-

1853 4763 1941 4807 tor
2000 4751 2180 4804 formo
2229 4749 2442 4817 signum
2472 4744 2725 4808 Christi;
2786 4742 2865 4795 uti
2932 4740 3274 4801 credidistis,
3332 4738 3425 4795 fiat

1854 4843 2166 4915 (egrotanti.
2205 4841 2309 4906 Qui
2366 4837 2631 4892 continuo
2679 4834 2916 4886 sanitate
2969 4831 3210 4883 donatus
3267 4827 3427 4890 abiit,

1855 4935 2157 5006 potentiam
2193 4931 2288 4985 Dei
2330 4930 2494 4998 pleno
2521 4942 2630 4991 ore_
2661 4925 2982 4979 decantatis.

1929 5026 2018 5079 29..
2052 5026 2179 5078 Post
2211 5023 2325 5076 haec
2347 5020 2714 5074 daemoniacus
2739 5018 2804 5071 ad
2830 5017 3156 5086 Symeonem
3193 5010 3424 5065 adduci-.

1859 5127 1991 5172 tur:
2031 5123 2087 5168 at
2130 5115 2343 5167 damon
2393 5111 2555 5165 simul
2601 5119 2766 5177 atque
2804 5109 2976 5160 virum
3009 5113 3253 5159 sanctum
3303 5118 3434 5156 con-

1857 5209 2056 5280 spexit,
2078 5216 2326 5273 ereptum
2354 5201 2740 5256 miserabiliter
2759 5214 2788 5253 e
2817 5215 2921 5251 mai
2949 5199 3072 5252 ibus
3104 5195 3436 5257 tenentium,

1860 5314 2022 5370 quem
2055 5295 2349 5357 insidebat,
2384 5291 2660 5346 hominem
2696 5305 2791 5360 per
2821 5297 3037 5342 deserta
3088 5287 3290 5339 montis
3316 5284 3434 5354 agi-

1863 5390 2033 5444 tabat.
2075 5387 2328 5440 Misertus
2380 5398 2513 5451 ergo
2547 5382 2782 5451 Symcon
2830 5379 2901 5433 ita
2954 5377 3176 5446 raptati,
3208 5389 3332 5428 eum
3377 5373 3434 5426 in

1863 5481 2085 5536 nomine
2116 5476 2328 5531 Domini
2369 5483 2623 5528 vocatum
2661 5470 2863 5524 reverti
2891 5469 3046 5539 jubet
3081 5486 3092 5519 :
3123 5467 3212 5520 ille
3247 5472 3437 5519 autem

1862 5588 2002 5643 pene
2050 5569 2235 5631 citius,
2264 5582 2427 5635 quam
2474 5574 2701 5618 vocatus
2746 5569 2912 5621 esset,
2968 5575 3024 5615 se
3054 5573 3236 5612 coram
3270 5554 3436 5608 stitit.

1863 5665 1982 5719 Mox
2028 5663 2113 5716 vir
2165 5660 2254 5715 Dei
2297 5657 2628 5728 increpitum
2678 5655 3007 5716 daemonem,
3056 5653 3209 5715 signo
3255 5645 3452 5709 crucis
