4032 6186
160 194 282 256 mg
1161 179 1338 240 VITA
1375 181 1424 238 Α
1459 167 1898 236 NICEPHORO
1933 165 2420 228 coxscmrm.
3265 163 3404 229 30:0

159 303 402 372 διαλέκτῳ
431 300 721 364 καλεῖται’,
765 299 941 360 πάσας
980 296 1054 360 ὡς
1083 294 1262 348 ἐδόκει
1293 289 1476 352 καλῶς
1504 288 1605 351 τὰς
1635 286 1730 340 ὐπῗ

1857 295 1940 342 tra
1985 286 2172 355 lingua
2225 283 2530 340 December
2569 289 2945 351 nuncupatur,
3005 281 3264 338 omnibus
3322 287 3405 346 (ut

161 395 308 448 αὑτὸν
333 394 624 462 φάλαγγας
657 388 984 459 ἐξαρτύσας,
1011 383 1242 454 δευτέρᾳ
1271 383 1484 452 φυλακῇ
1515 379 1617 448 τῆς
1643 396 1729 462 νυ-

1859 382 2040 436 uidem
2075 379 2390 447 videbatur)
2421 375 2786 447 phalangibus
2820 375 3131 437 instructis,
3163 378 3406 432 secunda

159 490 270 550 κτδς
301 484 685 556 ἐπιστρατεύει
717 482 796 550 τῷ
819 481 1067 550 Συμεὼν,
1103 481 1198 534 καὶ
1225 477 1317 530 τὸν
1350 473 1730 544 γεγλυμμένον

1851 473 2000 527 lectis
2029 471 2237 541 vigilia,
2269 470 2518 524 adoritur
2567 467 2935 538 Symeoncm;
2983 467 3277 537 subitoque
3309 485 3407 522 ex-

157 582 342 634 αὑτίκα
371 578 556 648 μόδιον
583 577 722 646 ἄρας
747 576 884 644 αὐτῇ
924 572 1148 642 μελωπῇ
1183 611 1196 632 ,
1221 569 1414 638 ἀφίησι
1455 566 1598 619 κατὰ
1631 561 1728 615 τοῦ

1853 575 2072 620 avatum
2129 562 2398 628 modium,
2451 575 2576 613 cum
2633 559 2750 628 ipsa
2798 557 2938 626 pelle
2984 565 3290 626 arreptum,
3347 561 3404 613 in

157 670 414 740 κρημνοῦ.
465 667 628 732 Δεξιὰ
672 667 727 720 δὲ
775 665 984 734 Κυρίου
1017 663 1179 725 εὐθὺς
1213 662 1300 714 ἐπ’
1331 660 1521 722 aio-ci»),
1577 655 1731 720 δεξιὰ

1851 672 2064 725 .rreccps
2094 655 2205 708 dat.
2249 655 2481 708 Dextera
2509 659 2696 705 autem
2747 649 2966 704 Domini
2999 651 3267 704 continuo
3304 651 3410 703 fuit

1821 765 1988 817 super
2014 748 2216 816 ipsum,
2244 746 2470 799 dextera
2497 742 2712 797 Domini
2745 741 2953 795 faciens
2977 741 3269 800 virtutem;
3293 742 3412 810 ipse

1823 841 2094 910 siquidem
2128 840 2388 892 immotus
2417 838 2597 891 stabat
2627 851 2790 904 supra
2825 835 3162 900 columnam,
3187 835 3410 888 orabat-

1824 948 1967 1002 que;
2019 931 2231 984 dtetuon
2267 943 2400 982 vero
2446 943 2474 981 a
2533 925 2668 979 mari
2738 925 2966 988 imbres,
3019 933 3238 989 ventos,
3285 941 3411 993 pre.-

1823 1025 2010 1086 cellas,
2041 1021 2291 1075 turbines
2317 1021 2505 1088 igneos
2531 1031 2593 1071 ac
2613 1025 2970 1085 tempestates
2995 1015 3196 1076 ciebat,
3229 1015 3413 1068 fulmi-

1825 1131 2006 1183 naque
2054 1113 2390 1167 inflammata
2426 1119 2481 1164 et
2531 1109 2698 1179 ignita
2727 1127 2739 1161 :
2781 1119 2834 1162 ct
2867 1109 3110 1162 tonitrua
3143 1117 3250 1161 tam
3282 1109 3412 1160 hor-

1827 1193 2006 1262 renda
2049 1213 2214 1274 atque
2269 1204 2484 1273 fragosa
2531 1201 2920 1270 erumpebant,
2981 1207 3039 1252 ut
3085 1215 3195 1253 non
3251 1199 3415 1251 modo

1829 1303 1956 1357 totis
1976 1301 2210 1355 artubus
2227 1296 2722 1352 contremisccrent
2744 1293 3020 1356 monachi,
3043 1293 3228 1346 verum
3248 1292 3414 1346 etiam

1827 1393 2122 1449 surdorum
2158 1390 2332 1444 instar
2358 1387 2495 1442 nihil
2528 1386 2758 1439 auribus
2803 1383 3292 1453 perscutisccrcnt.
3327 1381 3416 1433 ln—

1829 1495 1982 1542 terca
2006 1483 2263 1554 Symeon,
2299 1481 2660 1534 inconcussus
2683 1493 2746 1530 ac
2778 1475 3132 1530 circumverti
3171 1475 3414 1538 nescius,

1829 1594 1940 1632 non
1969 1591 2203 1646 corpore
2238 1581 2471 1636 tantum,
2499 1571 2594 1625 sed
2617 1572 2701 1624 vel
2729 1567 2966 1622 maxime
2992 1567 3196 1631 animo,
3229 1566 3419 1620 adver-

159 769 349 836 Κυρίου
385 763 620 818 ποιοῦσα
651 761 910 830 δύναμιν·
944 762 1038 812 καὶ
1063 761 1092 811 6
1125 758 1222 827 μὲν
1249 756 1483 817 ἁκλινῶς
1509 755 1604 806 ἐπὶ
1633 753 1733 821 τῆς

161 860 355 929 βάσεως
401 856 574 918 ἑστὼς
605 855 698 907 καὶ
737 853 1179 922 προσευχόμενος
1207 847 1308 904 ἦν·
1339 849 1368 900 6
1403 847 1459 922 δὲ
1491 847 1732 916 ὄμϐρους

159 951 258 1004 ἀπὸ
289 951 382 1018 τῆς
430 947 708 1016 θαλάσσης
751 947 846 999 καὶ
894 945 1153 1013 ἀνέμους,
1205 943 1297 994 καὶ
1339 941 1590 1009 τυφῶνας
1638 937 1734 990 καὶ

157 1042 490 1113 πρηστῆρας,
547 1040 640 1093 καὶ
687 1035 1008 1102 καταιγίδας
1068 1035 1275 1091 ἐκίνει,
1333 1031 1612 1102 ἀστραπαί
1673 1047 1732 1083 τε

157 1135 402 1205 διάπυροι
453 1131 895 1202 κανφλογώδεις,
949 1130 1046 1182 καὶ
1098 1127 1320 1199 βρονταὶ
1375 1125 1587 1196 βαρεῖαι
1637 1124 1732 1176 καὶ

155 1228 380 1298 σκληραὶ
421 1225 848 1297 ὲξερῤήγνυντο,
877 1223 952 1283 ὡς
987 1221 1059 1290 μὴ
1093 1221 1192 1282 τὰς
1217 1217 1397 1288 ψυχὰς
1442 1217 1602 1286 μόνον
1637 1217 1731 1268 ὲκ-

159 1320 486 1390 τεταράχυαι
517 1315 644 1378 τοὺς
680 1314 948 1385 μοναχοὺς
982 1310 1118 1364 ἀλλὰ
1147 1309 1240 1362 καὶ
1271 1309 1338 1361 τὰ
1363 1304 1479 1358 ὦτα
1508 1305 1733 1366 τούτους

151 1409 640 1476 ὲκκεκωφωμένοις
691 1404 1098 1476 προσεοικέναι.
1148 1401 1204 1454 ὐ
1253 1399 1351 1470 μὲν
1385 1394 1478 1451 οὖν
1507 1395 1732 1467 Συμεὼν

151 1499 442 1570 ἀκλόνητός
461 1516 520 1550 τε
547 1499 640 1550 καὶ
665 1495 1088 1566 ἁπερίτρεπτος,
1115 1492 1176 1544 οὐ
1201 1489 1370 1558 σῶμα
1397 1488 1576 1560 μόνον,
1597 1485 1736 1541 ἀλλὰ

151 1595 246 1648 καὶ
268 1593 389 1647 νοῦν
421 1592 559 1661 πρὸς
583 1588 920 1660 τηλικαύτας
954 1587 1142 1639 ἵστατο
1169 1583 1312 1653 βίας.

227 1761 334 1818 κε’.
368 1755 428 1808 Ὀ
454 1754 510 1807 δὲ
557 1754 700 1818 θεῖος
740 1755 1000 1826 Ἰωάννης
1035 1755 1296 1809 ἐκόπτετο
1343 1756 1410 1809 τὰ
1446 1757 1730 1826 σπλάγχνα

155 1847 282 1914 περὶ
319 1845 506 1910 αὑτοῦ,
531 1846 762 1898 ἁστακτὶ
811 1846 1064 1917 δακρύων
1088 1889 1103 1912 ,
1134 1847 1230 1900 καὶ
1283 1849 1409 1912 τοὺς
1461 1851 1732 1918 μοναχοὺς

159 1933 387 1988 καθ”ἐνα
405 1953 462 1987 τε
491 1933 747 2008 καὶκοινῇ
770 1938 1078 2005 συγκαλῶν.
1117 1941 1180 1992 Οἱ
1219 1926 1276 1993 δέ
1315 1941 1392 2010 τῷ
1435 1943 1731 2012 παραλόγῳ

155 2031 254 2095 τῆς
283 2026 398 2094 βίας
434 2026 900 2096 καταπλαγέντες,
937 2030 1058 2082 οὐδὲ
1092 2031 1498 2100 ἀποκρίνασθαι
1531 2030 1632 2085 οἷοί
1674 2051 1732 2086 τε

156 2115 324 2187 ἦσαν·
363 2118 476 2171 ἀλλ’
506 2119 538 2186 ἢ
579 2119 677 2188 μὲν
699 2120 1050 2174 ἀποθανεῖται
1085 2121 1200 2184 νῦν,
1231 2122 1436 2189 ἔλεγον,
1479 2125 1614 2192 προς
1645 2125 1735 2180 ἀλ-

159 2210 370 2274 λήλους.
390 2213 416 2262 ὁ
442 2209 688 2278 Συμεών.
715 2207 846 2264 Εἶτα
871 2215 964 2266 καὶ
991 2213 1056 2266 τὰ
1083 2215 1146 2266 ἐκ
1169 2213 1262 2266 τοῦ
1301 2215 1538 2285 πονηροῦ
1571 2234 1736 2285 προσ-

157 2302 419 2354 ετίέσαν.
459 2301 570 2354 Ποῦ
596 2305 876 2374 ,φησὶν,ἠ
921 2305 1062 2374 ὑπὲρ
1115 2305 1401 2375 ἄνθρωπον
1447 2307 1612 2360 αὐτοῦ
1651 2325 1738 2360 πο-

159 2391 330 2444 λιτεία
364 2407 378 2452 ;
409 2391 513 2443 ποῦ
582 2393 614 2462 ὴ
669 2395 766 2463 τῆς
831 2398 1120 2465 ἀσκήσεως
1182 2397 1375 2465 gavia;
1414 2399 1578 2468 ποῦή
1629 2400 1738 2451 τῶν

163 2483 454 2552 θαυμάτων
479 2485 744 2549 ἐπίδειξις
782 2505 794 2546 ;
835 2489 996 2550 αὐτὸς
1047 2491 1384 2557 παραστήτω
1417 2489 1512 2541 νῦν
1563 2490 1739 2560 ἐαυτῷ

165 2571 376 2642 βοηθδς,
404 2574 564 2635 αὐτὸς
599 2574 690 2626 τὸν
729 2575 868 2644 ὑπὲρ
899 2577 1141 2646 κεφαλῆς
1169 2579 1438 2649 διαδράτω
1472 2581 1736 2637 κίνδυνον.

163 2663 272 2716 Τοῦ
307 2666 352 2717 δ’
377 2663 470 2718 οὖν
508 2667 755 2719 Ἰωάννου
783 2667 856 2737 μὴ
887 2669 1156 2734 ἀνιέντος,
1183 2671 1317 2723 ἀλλὰ
1361 2690 1492 2724 συντ
1507 2673 1739 2744 ,νωτέρᾳ

161 2754 365 2823 μᾶλλον
383 2755 460 2807 ἔτι
482 2757 576 2808 καὶ
601 2757 1044 2828 περιπαθεστέρᾳ
1067 2761 1131 2828 τῇ
1152 2761 1302 2828 φωνῇ
1323 2760 1623 2830 χρωμένου,
1651 2759 1737 2813 Μὲ

159 2844 226 2898 δὲ
254 2847 352 2914 μία
380 2864 462 2900 σοι
491 2847 560 2899 δι’
587 2849 683 2916 ἐμὲ
713 2847 880 2916 λύπη,
913 2850 1114 2919 Πάτερ,
1150 2850 1283 2920 μηδὲ
1309 2853 1548 2921 φροντὶς,
1573 2853 1600 2904 ὁ
1629 2852 1736 2902 Συ-

1833 1685 1928 1724 sus
1957 1669 2348 1736 illos'impetus
2378 1664 2580 1720 stabat.

1905 1761 1996 1815 26.
2039 1749 2272 1814 Divinos
2298 1757 2522 1812 interim
2570 1755 2815 1811 Joannes
2868 1751 3229 1808 cruciabatur
3291 1750 3420 1803 inti-

1833 1854 1940 1908 mis
1969 1851 2279 1907 visceribus
2310 1848 2602 1922 Symeonis
2669 1861 2862 1909 causa,
2914 1845 3166 1898 ubertim
3225 1843 3416 1912 lacry-

1836 1959 2015 2008 mans,
2051 1943 2468 2011 monachosque
2501 1941 2555 1993 in
2590 1955 2761 1993 unum
2823 1935 3050 2006 publice
3102 1943 3368 1990 convocat
3403 1952 3416 1986 :

1837 2039 1930 2106 qui
1960 2038 2262 2104 inepinataa
2319 2033 2672 2103 tempestatis
2728 2031 2996 2085 violentia
3052 2028 3419 2089 consternati,

1837 2129 1976 2202 nihil
2003 2129 2134 2182 dare
2165 2127 2416 2196 responsi
2439 2132 2696 2195 poterant
2721 2123 2966 2178 universi
2995 2139 3006 2186 ;
3045 2121 3140 2174 sed
3175 2121 3319 2174 inter
3341 2135 3422 2184 se,
3477 2165 3498 2186 ,

1839 2222 1960 2276 .Iam
1994 2221 2135 2274 forte
2165 2219 2406 2290 Symeon
2451 2227 2628 2272 morte
2679 2215 3026 2276 occubuerit,
3071 2211 3421 2282 inquiebant.

1840 2313 2048 2366 Deinde
2074 2311 2244 2366 etiam
2279 2309 2530 2380 quzedaut
2559 2325 2587 2364 c
2623 2309 2866 2378 pessimo
2921 2305 3170 2376 profecta
3225 2302 3426 2372 spiritu

1841 2405 2194 2474 adjiciebant,
2233 2403 2484 2458 dicentes
2515 2421 2526 2454 :
2557 2399 2659 2457 Ubi
2685 2416 2833 2454 nunc
2856 2399 3209 2454 conversatio
3273 2397 3428 2452 illius

1843 2497 2088 2549 bmnana
2141 2493 2478 2548 sublimior?
2515 2493 2606 2546 ubi
2653 2493 2790 2546 illud
2845 2492 3100 2546 insanum
3151 2490 3427 2544 exercita-

1843 2587 2012 2641 tionis
2039 2587 2252 2656 genus?
2285 2586 2382 2639 ubi
2415 2585 2717 2639 ostentatio
2737 2585 3121 2654 prodigiorum
3147 2584 3170 2636 ?
3224 2582 3427 2644 Opim--

1845 2679 1993 2734 letur
2022 2694 2172 2732 nunc
2205 2678 2312 2733 sibi
2361 2680 2500 2748 ipse,
2533 2689 2590 2732 et
2645 2679 2957 2748 periculum
3017 2693 3048 2731 a
3112 2677 3294 2745 capite
3329 2691 3430 2730 suo

1847 2771 2160 2826 amoltatur.
2195 2771 2345 2824 inter
2369 2771 2487 2826 haec
2530 2771 2740 2824 Joanne
2803 2770 3016 2822 nullum
3054 2767 3276 2823 dolendi
3313 2781 3434 2820 mo-

1849 2861 1982 2917 dum
2017 2863 2278 2927 faciente,
2301 2861 2400 2916 sed
2430 2862 2604 2932 magis
2631 2862 2800 2914 etiam
2832 2862 3048 2914 intonsa
3092 2875 3156 2913 ac
3210 2857 3432 2927 lugubri

167 2935 314 3006 μεὼν
357 2937 710 3008 ἀποκρίνεται
747 2954 762 2970 ο
794 2941 820 2990 6
855 2939 954 3008 μὲν
997 2939 1106 3006 γὰρ
1160 2940 1352 3011 ἐχθρὸς
1402 2942 1745 3011 κατήργηται

1852 2972 1987 3011 voce
2020 2965 2388 3026 personante,
2441 2970 2767 3024 responsum
2811 2953 3100 3023 Symeonis
3157 2951 3382 3005 auditur
3418 2967 3430 3000 :

161 3029 268 3098 ἤδη
299 3029 391 3081 καὶ
421 3029 850 3098 καταϐέϐληταν
882 3032 1006 3100 ἐμοὶ
1051 3039 1104 3093 δὲ
1168 3031 1408 3102 ἔρρωται
1436 3037 1502 3103 τῇ
1539 3033 1746 3086 ἄνωθεν

167 3120 350 3188 χάριτι
409 3121 609 3185 πάντα,
649 3123 744 3174 καὶ
769 3121 1030 3188 ἀσφαλῶς
1081 3121 1152 3173 τὰ
1188 3125 1288 3192 τῆς
1319 3124 1559 3188 στάσεως
1607 3125 1740 3194 ἔχει.

173 3213 323 3282 Ἅμα
376 3213 434 3266 δὲ
481 3215 666 3284 ἡμέρᾳ
705 3215 915 3266 συνίασι
941 3216 1032 3266 καὶ
1056 3215 1104 3266 οἱ
1133 3217 1382 3286 μοναχοὶ,
1417 3219 1746 3272 καταλαϐεῖν

167 3303 331 3355 αὑτὸν
379 3305 482 3374 ῆῖη
531 3307 804 3359 τεθνεῶτα
851 3305 1166 3376 νομίζοντες
1195 3327 1208 3340 ·
1239 3309 1376 3362 ἀλλὰ
1436 3311 1744 3382 κρεῖττονῆ

165 3393 312 3448 κατὰ
371 3396 698 3465 προσδοκίαν
742 3397 962 3466 ἀπήντα
1009 3399 1072 3451 τὸ
1111 3399 1388 3452 ἐλπισθὲν.
1419 3401 1526 3454 Καὶ
1555 3403 1584 3454 6
1625 3403 1745 3470 μὲν,

171 3485 356 3555 ψυχὴν
412 3487 527 3556 ἅμα
564 3488 658 3540 καὶ
687 3487 808 3556 ὄψιν
837 3488 1156 3557 ὴγαλλιᾶτο,
1198 3489 1274 3553 ὡς
1313 3490 1403 3544 διὰ
1449 3491 1542 3542 τοῦ
1580 3509 1750 3562 προε-

169 3576 322 3629 ώπου
348 3577 448 3649 τὴν
479 3580 626 3633 ἔνεον
655 3569 986 3652 φαιδρετητα
1019 3581 1486 3654 παραδείκνυσθαι
1518 3599 1532 3614 ο
1573 3585 1621 3636 οἱ
1673 3585 1750 3650 δὲ,

169 3669 326 3738 παρὰ
373 3670 466 3724 τοῦ
519 3671 664 3724 θείου
703 3669 951 3725 Ἰωάννου
996 3675 1066 3726 τὰ
1120 3674 1304 3727 εἰκότα
1348 3673 1750 3745 ὀνειδιζόμενοι,

167 3761 506 3832 ἀνεχώρουν.

1853 3045 2003 3100 Nihil
2064 3045 2160 3097 tibi
2217 3059 2338 3098 mea
2371 3059 2558 3108 causa,
2619 3044 2690 3096 mi
2736 3043 2918 3102 Pater,
2979 3041 3127 3110 quod
3164 3040 3435 3094 crucicris

1855 3146 1950 3190 aut
2011 3137 2244 3190 doleas:
2301 3135 2355 3188 in
2405 3151 2610 3190 vanum
2668 3133 2918 3188 recidere
2983 3133 3434 3186 machinamenta

1855 3227 2032 3281 hostis
2075 3227 2315 3296 turpiter
2347 3226 2651 3296 prostrati;
2685 3241 2770 3280 me
2803 3235 2986 3278 autem
3029 3225 3072 3276 si
3135 3233 3350 3292 spectes
3379 3231 3437 3274 et

1856 3308 2168 3372 columnam
2205 3319 2348 3386 (quae
2373 3331 2632 3386 superum
2661 3316 2834 3386 gratia
2866 3315 2993 3378 est),
3029 3313 3175 3374 salva
3229 3309 3436 3362 omnia.

1859 3409 2034 3464 Simul
2071 3418 2236 3478 atque
2264 3407 2465 3470 illuxit,
2506 3407 2942 3476 progrediuntur
2999 3419 3105 3457 una
3157 3401 3437 3461 monachi.

1858 3501 2063 3570 ipsum,
2098 3508 2158 3552 ut
2221 3499 2514 3568 putabant,
2564 3499 2678 3563 jam
2743 3507 3024 3564 mortuum
3076 3491 3438 3560 suscepturi:

1861 3605 2054 3644 verum
2083 3589 2370 3651 euntibus,
2404 3588 2598 3640 melior
2621 3587 2884 3655 opinione
2915 3600 3014 3638 sua
3045 3598 3192 3652 spes,
3245 3597 3443 3634 occur-

1863 3681 1936 3736 rit
1961 3681 2077 3750 ipsc
2109 3680 2368 3748 Symeou,
2401 3690 2456 3732 et
2489 3679 2676 3733 animo
2707 3687 2762 3731 et
2794 3679 2950 3730 vultu
3009 3675 3214 3744 pariter
3252 3671 3443 3727 exsul-

1862 3781 1989 3826 tans
2017 3790 2031 3838 ;
2071 3773 2321 3826 externis
2351 3772 2538 3824 vultus
2568 3771 2712 3824 notis
2739 3771 3022 3823 internum
3083 3765 3251 3819 animi
3303 3779 3441 3833 gau-

167 3854 328 3908 dium
365 3871 476 3910 non
503 3857 742 3912 obscure
779 3859 1134 3915 testantibus.
1160 3857 1414 3914 Monachi
1457 3875 1648 3929 porro,
1687 3869 1746 3914 ut
1787 3863 1974 3916 meriti
2040 3873 2219 3928 erant,
2249 3880 2278 3916 a
2313 3861 2502 3916 divino
2533 3862 2744 3916 Joanne
2796 3859 3078 3927 increpiti,
3105 3856 3172 3910 ad
3205 3871 3262 3910 se
3292 3853 3444 3923 quis-

167 3963 284 4018 que
317 3949 760 4004 revertebantur.

1633 4062 1862 4118 CAPUT
1909 4063 1996 4118 IV.
2045 4111 2050 4114 _

1166 4182 1481 4236 Exhortatio
1507 4183 1702 4254 duplex
1727 4182 2019 4254 Symeonis,
2059 4191 2106 4234 et
2149 4183 2472 4247 poenitentia.

249 4291 358 4352 κζ’.
406 4289 650 4358 Ὀμιλίας
669 4291 726 4342 δέ
751 4307 878 4343 ποτε
911 4293 1044 4358 πρὸς
1069 4292 1264 4356 αὐτοὺς
1287 4295 1315 4347 6
1353 4293 1580 4362 Συμεὼν
1623 4293 1749 4361 ἁψά‹

1936 4292 2494 4348 27.Ουιηῖηρί(1ἱεςει
2549 4293 2848 4362 aliquando
2893 4293 3130 4364 Symeon
3159 4293 3213 4346 in
3273 4293 3447 4348 collo-

173 4396 368 4451 μενος,
401 4381 627 4436 τοιαῦτα
672 4384 990 4454 παραδόξως
1045 4385 1229 4448 αὐτοῖς
1281 4385 1574 4454 διελέγετο,
1621 4386 1654 4456 ἢ
1694 4387 1760 4455 τῇ

168 4470 276 4524 τοῦ
315 4471 476 4538 ἁγίου
514 4473 832 4544 Πνεύματος
869 4475 1098 4545 δυνάμει
1132 4477 1334 4545 μᾶλλον
1365 4474 1699 4546 ἐφθέγγετο,
1737 4475 1766 4528 ὃ

171 4563 274 4618 καὶ
318 4563 406 4618 διὰ
438 4564 638 4628 παντὸς
674 4565 1074 4636 ὲμφιλοχωρεῖν
1108 4562 1254 4637 εἶχεν
1296 4564 1445 4635 αὐτῷ
1471 4567 1566 4618 καὶ
1589 4567 1764 4635 ἡδέως

179 4651 680 4706 ἐπανοπαύεσθαι·
709 4655 906 4721 Ἔλεγε
943 4655 1144 4717 τοίνυν,
1191 4657 1314 4709 Ὀτι
1365 4655 1779 4725 δημιουργήσας

173 4741 238 4790 ἐν
271 4741 414 4810 ἀρχῇ
441 4741 533 4792 τὸν
565 4743 892 4811 ἀνθρωπονό
911 4743 1064 4804 Θεὸς,
1090 4742 1216 4794 νοῦν
1247 4744 1306 4794 ὲν
1337 4744 1486 4812 αὐτῷ
1513 4743 1780 4809 κατέστη-

171 4847 277 4882 σεν
301 4831 925 4902 ἡγεμόνα,δοκιμαστὴν
949 4833 1140 4902 ὥσπερ
1160 4835 1252 4886 καὶ
1274 4835 1536 4904 δικαστὴν
1554 4833 1664 4886 τῶν
1688 4835 1778 4901 ἐγ·

167 4923 494 4992 γινομένων
529 4926 660 4994 ἡμῖν
705 4925 986 4995 λογισμῶν
1031 4925 1254 4994 ἀγαθῶν
1294 4943 1350 4978 τε
1393 4927 1488 4979 καὶ
1531 4926 1773 4994 φαύλων,

165 5015 322 5068 ὥστε
365 5015 539 5078 οὐδεὶς
567 5017 794 5085 ἄγνοιαν
828 5017 972 5086 ἔχειν
994 5017 1085 5070 τοῦ
1109 5017 1273 5070 καλοῦ
1299 5036 1356 5070 τε
1384 5021 1476 5070 καὶ
1501 5019 1575 5088 μὴ
1597 5019 1774 5071 τοιού-

164 5121 272 5156 του
301 5104 486 5172 λέγειν
508 5104 819 5176 δυνήσεται.
849 5107 910 5158 Ei
933 5108 1112 5160 τοίνυν
1141 5107 1197 5158 αἱ
1221 5108 1328 5158 τῶν
1355 5109 1556 5175 ἡδονῶν
1582 5108 1770 5160 ἐπιθυ-

165 5194 303 5261 μίαι
346 5197 748 5263 περιγένωνται
791 5199 820 5266 ἡ
833 5198 969 5266 μῶν,
991 5201 1084 5251 καὶ
1117 5200 1206 5251 ὑπ’
1238 5199 1417 5250 αὐτῶν
1446 5199 1778 5268 αἰχμαλωτι-

163 5287 423 5354 σθῶμεν,
456 5293 550 5342 καὶ
584 5290 658 5361 μὴ
697 5291 902 5362 μᾶλλον
930 5291 1196 5359 γενναίως
1214 5289 1614 5360 ἀγωνισώμεθα
1638 5291 1776 5361 πρὸς

1865 4383 2055 4452 quium
2085 4397 2209 4435 cum
2251 4381 2557 4446 monachis,
2579 4381 2704 4434 talia
2739 4389 2940 4450 praeter
2975 4381 3444 4450 exspectationem

1867 4473 2278 4537 disseruit,aut
2307 4474 2495 4542 potius
2549 4473 2756 4527 virtute
2806 4473 2984 4527 sancti
3046 4472 3311 4542 Spiritus,
3350 4476 3444 4543 qui

1867 4573 2198 4636 perpetuam
2253 4566 2306 4619 in
2363 4565 2481 4634 ipso
2506 4563 2610 4618 sibi
2675 4572 2996 4634 gratamque
3041 4565 3446 4620 habitationem

1867 4659 2110 4728 elegerat
2143 4659 2496 4726 suavitcrque
2563 4656 2972 4724 rcquiesccbat,
3029 4657 3282 4710 elocutus
3310 4665 3395 4710 est
3430 4674 3444 4720 ;

1867 4748 2171 4802 videlicet:
2200 4747 2378 4814 Quod,
2418 4765 2541 4800 cum
2572 4749 2713 4800 Deus
2747 4747 2801 4799 in
2871 4747 3148 4816 principio
3183 4747 3447 4802 conderet

1869 4837 2176 4903 hominem,
2245 4848 2484 4892 mentem
2519 4837 2568 4890 ei
2607 4838 2827 4900 ducem,
2863 4839 3158 4900 arbitrum,
3191 4853 3253 4891 ac
3294 4838 3449 4894 velut

1866 4928 2111 4998 judiccm
2131 4929 2528 4998 cogitationum
2561 4929 2829 4982 bonarum
2862 4929 3240 4998 malarumque
3309 4907 3450 4982 indi-

1871 5018 2036 5082 derit,
2074 5027 2134 5071 ut
2169 5035 2236 5072 ne
2268 5019 2392 5086 quis
2422 5021 2792 5089 ignorantiam
2819 5021 3044 5074 virtutis
3067 5020 3448 5088 vitiorumque

1870 5115 2058 5177 posset
2093 5107 2458 5176 praetendere.
2497 5107 2700 5175 Siqua:
2747 5107 2913 5176 igitur
2972 5121 3138 5176 prava
3195 5106 3449 5175 volupta-

1875 5207 1988 5252 tum
2015 5197 2292 5252 desideria
2319 5213 2420 5250 nos
2471 5197 2755 5263 invadant,
2813 5196 2991 5266 iisque
3043 5196 3452 5267 quodammodo

1874 5273 2074 5362 captivi
2114 5299 2422 5354 teneamur,
2472 5289 2528 5344 et
2581 5304 2690 5343 non
2756 5288 2994 5342 viriliter
3027 5287 3226 5358 pedem
3262 5289 3453 5365 confe-

161 5379 376 5442 αὐτὰς,
402 5381 540 5450 μηδὲ
561 5383 790 5452 δυνάμει
815 5387 878 5455 τῇ
907 5385 1054 5454 πάσῃ
1081 5383 1298 5453 στῶμεν
1321 5383 1458 5454 πρὸς
1477 5385 1574 5444 τὰς
1591 5383 1774 5435 αὐτῶν

159 5472 494 5543 προσϐολὰς
518 5516 533 5541 ,
575 5475 807 5545 ψεῦσται
849 5479 1070 5540 πάντως
1107 5477 1206 5546 τῆς
1247 5477 1454 5529 ἑαυτῶν
1484 5475 1776 5545 ὁμολογίας

151 5566 484 5640 γινόμεθα,
515 5569 582 5638 ἣν
613 5569 690 5640 τῷ
733 5570 954 5641 Χριστῷ
999 5570 1087 5623 διὰ
1133 5569 1229 5623 τοῦ
1269 5569 1645 5640 βαπτίσματος
1679 5569 1773 5621 καὶ

1873 5397 2082 5448 ramus,
2107 5398 2208 5436 nec
2229 5391 2342 5436 tota
2367 5383 2572 5437 virtute
2595 5381 2982 5436 invadentimn
3005 5380 3247 5435 insultus
3272 5379 3453 5448 "repri-

1873 5489 2089 5528 mamus
2115 5491 2130 5538 ;
2164 5474 2330 5528 fallax
2359 5481 2526 5544 atque
2565 5473 2804 5528 mendax
2828 5481 2914 5527 est
2947 5471 3218 5542 professio
3243 5479 3456 5536 nostra,

1875 5582 2042 5638 quam
2072 5565 2294 5622 Christo
2329 5575 2444 5622 tum
2480 5583 2580 5637 per
2609 5568 2971 5640 baptismum,
3023 5575 3141 5620 tum
3201 5581 3300 5634 per
3327 5570 3478 5620 sus-'
