4034 6186
651 140 787 209 3011

1840 138 1900 196 S.
1939 135 2316 197 SYMEONIS
2351 133 2702 196 JUNlORIS

3755 131 3868 194 3012

653 256 962 326 ceptionem
992 250 1283 307 monastici
1316 251 1485 320 hujus
1509 248 1733 303 habitus
1779 261 1964 302 coram
2023 247 2218 301 electis

2333 243 2418 296 τοῦ
2454 240 2742 312 μοναδικοῦ
2774 238 2926 294 τοῦδε
2980 237 3280 308 σχήματος,
3307 236 3539 291 ἐνώπιον
3567 237 3678 290 τῶν
3705 239 3872 292 tam.

655 347 752 401 Dei
773 345 982 414 angelis
1004 343 1260 400 fecimus.
1293 342 1495 396 Fateor
1545 339 1770 410 quidem
1807 355 1836 394 a
1887 351 2086 394 natura
2137 337 2222 390 in-

653 439 896 508 genitam
949 436 1108 490 nobis
1161 433 1668 502 concupiscentiam
1723 448 1843 488 esse
1871 449 1882 484 :
1915 432 2042 500 quis
2073 429 2220 484 enim

655 541 857 598 negare
895 533 1064 580 aueat
1121 540 1178 580 se
1227 524 1666 592 concupiscere?
1715 525 1810 576 sed
1871 539 1900 574 a
1959 521 2224 588 concupi-

655 619 1015 674 scentiisnon
1042 615 1314 686 superari,
1377 615 1430 668 id
1485 614 1714 668 rationis
1777 611 2225 682 prmdotuinantis

659 726 797 780 Opus
843 719 948 770 est.
1013 715 1368 775 nostramque
1441 707 1494 780 in
1547 707 1748 760 malum
1797 704 2224 775 pr0pensionem

658 779 807 854 velut
855 799 1012 853 freno
1043 779 1498 868 cortstringentis.
1556 797 1823 848 Similiter
1854 804 1908 848 et
1934 793 2136 864 gulam,
2171 801 2226 847 et

656 909 902 947 amorem
929 892 1234 962 proprium,
1303 901 1360 944 et
1409 890 1772 952 iracundiam,
1826 898 1882 942 ct
1933 887 2222 950 invidiam,

658 992 712 1037 et
743 985 788 1038 si
827 999 950 1052 quas
984 981 1084 1038 alia
1127 981 1465 1053 perturbatio
1489 981 1652 1036 animi
1679 989 1782 1046 est,
1809 994 1932 1034 eum
1973 977 2224 1047 opposita

660 1087 934 1142 quamque
969 1073 1174 1124 virtute
1229 1084 1585 1138 comparare,
1617 1076 1672 1122 et
1701 1067 1770 1120 ab
1801 1082 1866 1120 ea
1913 1067 2227 1120 discernere

657 1163 868 1234 judicio
887 1165 1136 1217 valemus
1163 1179 1178 1226 ;
1211 1163 1400 1230 sicque
1427 1175 1490 1213 ex
1514 1160 1686 1214 altera
1711 1167 1866 1228 parte
1889 1157 2036 1227 quod
2057 1157 2228 1226 magis

663 1272 786 1311 cum
821 1256 1094 1325 probitate
1141 1254 1496 1322 conjunctum
1539 1259 1646 1314 est,
1693 1251 1934 1318 eligere;
1987 1249 2136 1318 quod
2159 1247 2228 1302 ab

661 1363 728 1402 ea
754 1349 1012 1408 alienum,
1047 1344 1361 1414 reprobarc.
1389 1343 1604 1396 Etenim
1637 1343 1902 1395 Dominus
1941 1342 2087 1395 Deus
2125 1357 2228 1394 no-

663 1448 778 1492 ster
806 1437 942 1490 duas
973 1436 1132 1488 nobis
1163 1435 1388 1488 semitas
1417 1433 1918 1496 ostendit,alteram
1941 1441 2228 1502 angustam

661 1538 720 1584 et
753 1529 926 1597 spinis
961 1541 1340 1580 mrumnarum
1397 1525 1654 1590 obsitam,
1711 1540 1832 1594 quin
1881 1539 1979 1592 per
2009 1539 2066 1578 se
2111 1539 2231 1594 gra-

663 1619 882 1672 dientes
929 1617 1081 1670 ducit
1131 1616 1198 1669 ad
1236 1618 1446 1670 vitam:
1477 1617 1704 1668 alteram
1755 1631 1888 1670 vero
1945 1625 2228 1684 patentem

661 1710 948 1778 laxataque
971 1749 985 1772 ,
1029 1709 1186 1777 cujus
1213 1709 1476 1760 terminus
1521 1707 1842 1761 barathrum
1880 1707 2230 1776 perditionis.

663 1801 857 1870 Igitur,
885 1800 1104 1860 fratres,
1143 1799 1300 1852 nobis
1333 1798 1440 1866 ipsi
1475 1798 1582 1850 vim
1642 1797 1968 1862 inferamus,
2029 1807 2090 1851 ut
2141 1813 2232 1852 ra-

663 1893 880 1962 piamus
931 1889 1076 1960 quod
1137 1889 1248 1943 vim
1303 1891 1514 1958 patitur
1557 1903 1786 1958 regnum
1837 1889 1956 1952 Dei,
2012 1889 2234 1959 quinos

663 1997 856 2036 omnes
896 1989 1329 2034 conservaturus
1379 1991 1464 2033 est
1521 1978 1590 2032 ad
1643 1977 1873 2044 gloriam
1930 1979 2233 2048 majestatis

663 2089 794 2128 sum.
829 2073 1024 2125 Amen.

732 2165 822 2218 ‘28.
859 2164 1050 2218 lstlnec
1087 2162 1310 2232 quidem
1343 2161 1810 2218 commemorabat
1849 2162 2110 2234 Symeon.
2165 2167 2234 2218 At

661 2251 899 2307 Joannes
933 2267 1040 2304 non
1065 2250 1352 2322 Symeunis
1381 2251 1494 2316 illa,
1535 2251 1628 2306 sed
1657 2253 1990 2306 sanctissimi
2017 2254 2234 2308 arcani-

661 2359 770 2412 que
807 2341 1065 2412 Spiritus,
1101 2359 1262 2412 quem
1287 2352 1343 2398 et
1375 2344 1548 2412 ipsius
1580 2360 1674 2398 ore
1695 2345 1984 2414 perspicue
2009 2347 2236 2414 loquen-

666 2439 772 2483 tem
821 2429 1055 2492 viderat,
1079 2444 1199 2482 esse
1221 2429 1386 2482 verba
1406 2429 1774 2483 asseverabat.
1795 2431 2056 2498 Ephraim
2080 2447 2232 2496 vero,

663 2519 758 2587 qui
789 2533 887 2588 per
917 2517 970 2570 id
1004 2519 1263 2586 temporis
1304 2533 1512 2588 magna:
1551 2519 1670 2572 urbi
1703 2519 2008 2574 Antiochia:
2049 2522 2236 2590 prazsi-

664 2607 832 2661 debat
868 2606 1340 2674 archiepiscopus,
1367 2606 1433 2658 de
1467 2617 1780 2660 sanctorum
1813 2609 2028 2662 illorum
2056 2610 2236 2664 standi

663 2695 1084 2758 consuetudine,
1103 2695 1446 2763 etpraecipue
1471 2693 1778 2765 Sytneonis,
1799 2697 1976 2766 deque
2017 2707 2236 2752 austero

663 2785 830 2856 hujus
883 2786 1278 2855 laburiosoque
1327 2787 1620 2841 admodum
1680 2788 1804 2842 vitae
1863 2789 2134 2854 instituto,
2181 2801 2238 2846 et

662 2879 1088 2932 conversatione
1128 2879 1350 2932 sublimi
1382 2895 1446 2933 ac
1473 2889 1740 2949 perpetuo
1773 2897 1896 2934 cum
1939 2882 2236 2936 certamine

662 2971 954 3040 conjuncta
993 2972 1195 3025 certior
1221 2972 1419 3035 factus,
1453 2972 1568 3041 ipse
1623 2973 1724 3026 viae
1751 2988 1808 3026 se
1844 2973 2013 3038 dedit,
2050 2989 2233 3028 coram

663 3069 940 3127 spectator
1005 3061 1244 3116 futurus.
1335 3061 1584 3130 Cumque
1656 3063 1887 3116 vidisset
1959 3065 2236 3132 quomodo

663 3151 884 3206 Christo
911 3153 1209 3206 crucifixus
1233 3152 1464 3222 Symcon
1501 3153 1554 3205 in
1591 3153 1682 3206 illo
1707 3151 1882 3206 aetatis
1911 3151 2040 3206 flore
2067 3162 2234 3218 esset;

664 3243 856 3296 oculos
887 3243 1102 3296 illorum
1139 3258 1259 3310 qua:
1289 3243 1445 3312 prius
1469 3243 1720 3296 audierat
1749 3259 1896 3298 nunc
1931 3253 2097 3298 testes
2143 3261 2238 3298 na-

664 3341 807 3395 ctus,
847 3333 1016 3386 Deum
1049 3334 1211 3402 pleno
1255 3349 1350 3386 ore
1389 3333 1789 3403 magnificabat,
1841 3335 2236 3390 conﬁtebatur-

664 3437 771 3492 que
822 3437 929 3476 non
975 3424 1160 3476 minus
1210 3423 1468 3493 lacrymis
1516 3439 1677 3492 quam
1731 3425 1915 3480 verbis
1957 3443 1970 3478 :
2007 3443 2236 3498 quaeque

663 3513 923 3582 praesenti
957 3513 1224 3568 miraculo
1253 3513 1492 3576 fuerant,
1525 3515 1592 3568 ad
1636 3529 1732 3567 sua
1765 3517 2062 3570 revertenti
2091 3533 2236 3570 nun-

663 3619 825 3673 quam
867 3619 976 3656 non
1023 3603 1076 3656 in
1128 3619 1226 3657 ore
1265 3605 1671 3664 versabantur..

729 3695 820 3748 ‘29.
859 3695 998 3760 Quid
1047 3710 1212 3764 porro
1245 3695 1522 3766 Symeon?
1562 3696 2034 3762 Quemadmodum
2083 3714 2237 3764 amo.-

665 3783 744 3838 ris
767 3784 853 3838 sui
879 3785 933 3837 in
952 3783 1234 3838 Christum
1263 3785 1465 3854 ignem,
1498 3785 1608 3838 alio
1635 3801 1852 3856 semper
1873 3789 2090 3858 alioque
2115 3790 2237 3858 igne

665 3875 900 3946 adjecto,
930 3875 1101 3946 magis
1132 3878 1469 3932 succendere
1497 3877 1751 3947 cupidus,
1795 3879 1944 3933 nulla
1984 3879 2239 3952 gravissi-

667 3979 881 4018 morum
937 3967 1282 4020 cruciatuum
1310 3967 1562 4023 satietate
1591 3969 1936 4038 capiebatur,
1961 3971 2103 4040 petit
2139 3971 2238 4024 ali-

663 4055 887 4124 quando
915 4055 984 4110 ab
1031 4057 1227 4125 aliquo
1263 4073 1321 4112 se
1369 4058 1640 4112 invisente
1685 4059 1893 4124 funem,
1927 4069 2240 4130 acceptum-

664 4160 772 4214 que
803 4145 1010 4200 circum
1057 4161 1257 4215 corpus
1307 4149 1586 4201 convolvit
1641 4149 2082 4219 constringitque
2129 4158 2238 4204 tam

2322 334 2432 388 τῶν
2463 333 2748 402 ἀγγέλων,
2781 329 3234 401 ὡμολογήσαμεν.
3280 330 3444 382 Φύσει
3496 329 3594 398 μὲν
3639 331 3749 400 γὰρ
3797 333 3875 382 to)

2323 425 2722 496 ἐπιθυμητικοῦ
2763 424 3054 494 προσόντος
3092 424 3246 490 ἡμῖν,
3271 423 3446 484 οὐδεὶς
3473 423 3762 492 ἐπιθυμεῖν
3803 426 3881 490 ἀρ-

2325 519 2594 590 νήσασθαι
2639 518 2902 571 δύναται·
2931 515 2990 567 τὸ
3030 514 3086 566 δὲ
3137 513 3212 584 μὴ
3265 512 3374 564 τῶν
3413 513 3718 583 ἐπιθυμιῶν
3745 514 3882 582 ἡττᾶ-

2329 617 2476 678 σθαι,
2508 613 2602 666 τοῦ
2639 609 3062 682 ὲπικρατοῦντός
3101 609 3218 660 ἐστι
3248 608 3532 676 λογισμοῦ,
3569 611 3666 677 τὴν
3691 609 3878 676 ἡμετέ-

2330 724 2430 778 ραν
2468 706 2558 758 ἐπὶ
2598 703 2666 756 τὰ
2707 703 2873 773 χείρω
2909 701 3080 771 ῥοπὴν
3115 699 3475 768 ἀνείργοντος.
3499 698 3884 768 Παραπληεξῳ

2325 798 2382 850 δὲ
2411 797 2504 848 καὶ
2536 793 3000 864 γαστριμαργίαν,
3019 791 3113 844 καὶ
3137 789 3421 858 φιλαυτίαν
3447 792 3536 840 καὶ
3581 789 3776 858 θυμὸν,
3803 791 3888 841 καὶ

2329 889 2544 958 φθόνον,
2574 889 2666 938 καὶ
2693 885 2746 937 εἴ
2771 903 2822 937 τι
2851 885 2976 937 ἄλλο
3009 885 3187 953 ψυχῆς
3227 883 3420 944 πάθος,
3455 882 3532 950 τῷ
3565 883 3712 950 αὐτῷ
3749 883 3888 949 λογι-

2331 980 2453 1050 σμῷ
2485 979 2619 1047 πρὸς
2650 977 2747 1047 τὴν
2777 975 3160 1043 ἀντικειμένην
3199 973 3428 1026 ἕκαστον
3473 973 3670 1042 ἀρετὴν
3723 990 3890 1042 παρα-

2329 1071 2538 1124 τιθέναι
2564 1069 2656 1122 καὶ
2689 1068 2894 1136 κρίνειν
2917 1065 3222 1133 δυνάμεθα,
3255 1067 3350 1116 καὶ
3379 1063 3552 1126 οὕτως
3587 1067 3652 1117 ἐκ
3683 1066 3888 1133 παραὶ..

2329 1163 2494 1232 λήλου
2525 1162 2586 1214 τὸ
2630 1160 2834 1230 βέλτιον
2881 1157 3173 1226 αἱρεῖσθαι,
3209 1156 3270 1208 τὸ
3299 1156 3502 1224 φαῦλον
3543 1155 3890 1224 διακρουόμεο

2331 1273 2434 1309 νοι.
2471 1254 2624 1308 Ἐπεὶ
2659 1255 2754 1306 καὶ
2792 1254 2818 1304 ὁ
2847 1251 3048 1319 Κύριος
3089 1248 3244 1318 ἡμῶν
3286 1251 3380 1302 καὶ
3411 1249 3542 1311 Θεὸς
3561 1247 3655 1300 δύο
3681 1248 3888 1317 τρίϐους

2329 1347 2462 1414 ἡμῖν
2489 1345 2856 1404 ὑποδείκνυσι,
2885 1343 2984 1411 τὴν
3023 1342 3120 1409 μὲν
3155 1341 3344 1408 στενὴν
3385 1341 3476 1392 καὶ
3507 1339 3887 1408 τεθλιμμένην,

2331 1436 2453 1504 ἥτις
2487 1435 2688 1499 ἀπάγει
2719 1434 2852 1502 πρὸς
2902 1433 3000 1500 τὴν
3045 1431 3192 1498 ζωὴν
3221 1429 3346 1491 τοὺς
3387 1429 3454 1482 δι’
3485 1429 3657 1497 αὐτῆς
3697 1427 3888 1480 ὁδεύονο

2331 1544 2450 1589 τας,
2483 1528 2582 1594 τὴν
2611 1526 2667 1578 δὲ
2701 1525 2964 1578 πλατεῖαν
2994 1523 3088 1576 καὶ
3117 1521 3328 1584 ἄνετον,
3357 1521 3478 1590 ἦτις
3507 1521 3592 1573 ἐπ’
3619 1520 3762 1572 αὐτὸ
3807 1521 3889 1586 φέ-

2336 1635 2419 1690 ρει
2442 1618 2540 1686 τῆς
2565 1615 2838 1675 ἀπωλείας
2856 1613 2914 1666 τὸ
2942 1613 3233 1683 βάραθρον.
3263 1609 3590 1680 Βιασώμεθα
3613 1608 3891 1680 τοιγαροῦν

2335 1713 2582 1773 ἑαυτοὺς,
2615 1709 2853 1777 ἀδελφοὶ,
2890 1707 2976 1760 ἵνα
3006 1708 3098 1760 καὶ
3143 1703 3242 1774 τὴν
3299 1703 3527 1774 βιαστὴν
3559 1703 3890 1772 άρπάσωμεν

2333 1802 2426 1856 τοῦ
2469 1800 2602 1854 Θεοῦ
2661 1800 2958 1870 βασιλείαν,
3005 1799 3063 1861 ὃς
3117 1797 3342 1866 φυλάξει
3389 1797 3596 1857 πάντας
3635 1795 3788 1863 ἡμᾶς
3827 1792 3890 1852 si;

2335 1893 2491 1958 δόξαν
2531 1893 2627 1961 τῆς
2659 1891 2824 1944 αὑτοῦ
2858 1889 3268 1961 μεγαλωσύνης.
3315 1888 3507 1958 Ἀμήν.

2407 2166 2512 2229 κη’.
2555 2158 2612 2212 Ὀ
2646 2159 2741 2226 μὲν
2770 2155 2864 2209 οῦν
2915 2151 3138 2226 Συμεὼν
3171 2153 3343 2208 ταῦτα
3402 2153 3534 2224 πρὸς
3581 2151 3786 2216 αὐτοὺς
3825 2153 3890 2204 διο

2337 2249 2513 2320 εξῄει·
2551 2249 2580 2300 ὁ
2624 2247 2680 2299 δὲ
2722 2244 2968 2314 Ἰωάννης
2997 2245 3098 2297 οὑκ
3121 2244 3330 2295 ἐκείνου
3375 2243 3444 2294 τὰ
3473 2243 3698 2311 ῥήματα
3731 2242 3886 2307 ἔλεγεν

2337 2335 2496 2402 εἶναι,
2521 2336 2655 2389 ἀλλὰ
2681 2335 2774 2388 τοῦ
2803 2333 3066 2400 παναγὶου
3089 2333 3183 2386 καὶ
3203 2332 3316 2384 τελε
3327 2331 3544 2384 ιωτικοῦ
3567 2332 3892 2400 Πνεῦματος,

2335 2429 2372 2484 ἃ
2410 2431 2504 2482 καὶ
2539 2427 2606 2481 δι’
2637 2425 2802 2480 αὑτοῦ
2847 2424 3034 2493 σαφῶς
3071 2424 3188 2494 ᾔδει
3224 2423 3608 2492 φθεγγόμενον.
3665 2423 3898 2490 Ἐφραὶμ

2335 2521 2412 2587 δὲ,
2465 2523 2493 2573 ό
2535 2521 2656 2572 κατ’
2698 2521 2872 2570 ἐκεῖνο
2909 2515 3098 2586 καιροῦ
3138 2516 3236 2584 τῆς
3260 2515 3676 2585 μεγαλοπόλεω;
3719 2517 3900 2569 Ἀντιο-

2338 2613 2491 2682 χείας
2522 2609 2947 2681 ἀρχιεπίσκοπος
2971 2646 2986 2670 ,
3022 2610 3148 2678 περὶ
3177 2608 3276 2678 τῆς
3311 2608 3556 2670 στάσεως
3597 2607 3718 2660 τῶν
3755 2607 3898 2658 ὁσίων

2336 2706 2538 2758 τούτων
2567 2702 2906 2772 πειθόμενος,
2943 2701 3038 2753 καὶ
3073 2699 3306 2768 μάλιστα
3329 2698 3422 2751 τοῦ
3455 2697 3716 2768 Συμεὼν,
3747 2699 3834 2768 τῆς
3855 2715 3898 2750 τε

2339 2796 2594 2868 τραχείας
2615 2773 2786 2848 αὐτοῦ
2815 2794 2906 2846 καὶ
2934 2791 3054 2844 λίαν
3081 2791 3340 2844 ἐπιπόνου
3367 2790 3670 2859 διαγωγῆς,
3705 2791 3800 2842 καὶ
3819 2791 3898 2854 τῆς

2260 2924 2304 2986 C
2341 2887 2720 2960 ἀπαραμίλλου
2771 2885 2866 2938 καὶ
2922 2882 3235 2954 ὑπερφυοῦς
3281 2881 3576 2948 πολιτείας,
3609 2889 3758 2942 κατὰ
3791 2883 3900 2934 θέεν

2335 2980 2537 3032 τούτων
2575 2976 2764 3040 ἐλθὼν,
2797 2977 2942 3039 ὅπως
2985 2992 3042 3027 τε
3081 2975 3158 3045 τῷ
3185 2973 3408 3044 Χριστῷ
3435 2972 3760 3042 ὲσταύρωτο
3791 2971 3900 3040 παρ’

2338 3072 2554 3140 ἡλικίαν
2580 3069 2702 3123 ἰδὼν
2725 3110 2741 3134 ,
2775 3069 2869 3122 καὶ
2901 3067 3050 3137 ὄψεις
3079 3067 3188 3118 τῶν
3220 3067 3596 3119 ἀκουσθέντων
3627 3068 3904 3138 μάρτυρας
3983 3107 3988 3114 .

2337 3165 2585 3233 θέμενος,
2617 3163 2749 3216 Gai»:
2775 3159 2842 3233 ἦν
2869 3162 2978 3230 ὅλῳ
3009 3161 3238 3228 στόματι
3267 3159 3602 3228 μεγαλύνων,
3635 3159 3738 3211 καὶ
3771 3158 3906 3226 αὐτῷ

2335 3257 2596 3326 δάκρυσιν
2619 3256 2717 3324 οὐχ
2737 3250 2898 3326 ἧττον
2919 3253 2952 3323 ἢ
2977 3254 3214 3323 ῥήμασιν
3239 3250 3758 3320 ἐξομολογούμενος,
3777 3249 3906 3318 ἅπερ

2335 3344 2404 3418 ἦν
2435 3317 2582 3414 άὺτῷ
2611 3317 2717 3398 καί*
2733 3317 2959 3414 τέαρὼτὶ
2977 3317 3189 3412 θαῦμα,
3215 3342 3308 3396 καὶ
3334 3317 3416 3406 εἰς
3445 3341 3544 3414 τὴν
3565 3317 3734 3394 πόλιν
3753 3317 3904 3393 Ema-

2337 3440 2543 3492 ελθόντι
2569 3439 2726 3508 διήγη
2736 3455 2828 3508 μα.

3231 3517 3256 3542 δ

2411 3699 2514 3754 κθ’.
2558 3699 2618 3752 '0
2646 3698 2704 3752 δὲ
2737 3697 2847 3768 πῦρ
2890 3697 3077 3768 ὥσπερ
3119 3699 3211 3752 ἐπὶ
3253 3699 3386 3768 πῦρ,
3423 3699 3692 3754 ἀνάπτων
3721 3701 3806 3754 ἀεὶ
3825 3701 3906 3752 τοῦ

2343 3791 2420 3854 εἱς
2449 3789 2682 3860 Χριστὸν
2721 3788 2944 3860 ἔρωτος,
2974 3789 3165 3841 οὐδένα
3209 3807 3266 3842 τε
3315 3791 3476 3860 κόρον
3505 3790 3594 3844 διὰ
3619 3791 3790 3844 τοῦτο
3811 3791 3908 3843 τῶν

2339 3881 2478 3949 ὑπὲρ
2504 3878 2668 3932 αὑτοῦ
2699 3879 2960 3947 καμάτων
2995 3879 3170 3942 εἰδὼς,
3201 3880 3343 3932 αἰτεῖ
3367 3897 3498 3934 ποτε
3537 3883 3781 3950 σχοινίον
3801 3883 3908 3934 τινά

2338 3971 2447 4024 τῶν
2492 3969 2641 4040 αὐτῷ
2678 3970 3008 4040 προσιόντων
3031 3986 3044 4000 ·
3077 3969 3106 4022 δ
3127 3971 3220 4022 καὶ
3263 3971 3444 4024 λαϐὼν
3486 3973 3678 4035 εὐθὺς,
3713 3974 3828 4028 ὅλον
3859 3975 3908 4025 ὲν

2341 4061 2456 4133 χρῷ
2490 4061 2550 4115 τὸ
2584 4060 2742 4130 σῶμα
2779 4060 3112 4128 περιελίσσει
3141 4061 3236 4114 καὶ
3268 4061 3580 4132 διασφίγγει
3601 4061 3764 4118 οὕτω
3793 4081 3910 4132 σφο-

2337 4151 2502 4222 δρῶς,
2529 4150 2603 4213 ὡς
2619 4150 2903 4218 διαφαγεῖν
2925 4149 3090 4201 αὑτοῦ
3117 4150 3216 4212 τὰς
3250 4152 3478 4222 σάρκας,
3499 4153 3730 4216 ἁπαλάς
3749 4172 3804 4206 τε
3829 4151 3905 4204 οὔ·

665 4245 838 4304 arcte,
879 4245 940 4290 ut
985 4251 1147 4290 exesa
1189 4251 1375 4302 carne,
1415 4253 1540 4306 quae
1571 4237 1700 4294 istic
1731 4241 1911 4294 mollis
1937 4242 2233 4296 admodum

2343 4259 2442 4306 σας
2465 4243 2554 4294 καὶ
2587 4239 2890 4311 τρυφερᾶς,
2915 4241 3130 4310 γυμνάς
3163 4241 3342 4293 αὐτῶν
3371 4243 3470 4304 τάς
3503 4243 3640 4296 πλευ
3653 4246 3760 4313 pi;
3789 4247 3906 4296 ἁπο-

664 4339 731 4380 ac
761 4333 950 4380 tenera
973 4334 1076 4388 est,
1107 4327 1266 4382 nudae
1295 4339 1456 4383 costae
1486 4337 1790 4383 exstarent.
1817 4329 2031 4400 Corpus
2053 4333 2237 4400 itaque

664 4416 1040 4470 exitlceratum
1085 4417 1319 4487 pessime
1368 4417 1600 4486 habere;
1634 4427 1687 4472 et
1745 4419 1992 4474 ulcerum
2036 4423 2236 4488 sanies,

667 4513 930 4560 concreto
951 4507 1215 4577 sanguine
1243 4508 1426 4568 mista.
1451 4525 1697 4578 pannoso
1713 4511 1938 4564 amictui
1971 4511 2242 4581 congluti—

664 4597 808 4650 nari.
867 4597 920 4650 ls
975 4613 1108 4652 vero
1165 4599 1258 4668 qui
1309 4599 1424 4654 haec
1467 4601 1801 4668 patiebatur,
1841 4603 2020 4657 nihilo
2067 4605 2240 4674 magis

664 4685 918 4741 dolorum
938 4687 1238 4743 acerbitate
1253 4691 1721 4757 commovebatur,
1743 4709 1906 4762 quam
1935 4695 1980 4748 si
1997 4695 2236 4750 alienum

665 4791 869 4846 corpus
917 4793 1058 4850 aegre
1094 4779 1400 4836 habuisset.
1464 4781 1666 4836 Verum
1703 4801 1956 4856 processu
1977 4793 2233 4859 temporis

668 4871 1542 4938 tantusfetoreputrescentibus
1598 4875 1880 4930 ulceribus
1945 4887 2238 4946 generatus

666 4969 774 5024 cst,
825 4969 884 5012 ut
916 4959 984 5011 ad
1041 4961 1342 5014 multorum
1393 4977 1556 5018 nares
1593 4963 1832 5030 delatus,
1881 4970 2062 5036 gravis
2094 4977 2238 5022 esset

665 5051 972 5110 monachis,
1011 5050 1120 5102 imo
1140 5061 1195 5104 et
1215 5049 1318 5121 ipsi
1349 5051 1544 5107 Joanni
1572 5070 1587 5107 :
1613 5057 1972 5125 quamobrem
2006 5072 2241 5128 percun-

664 5141 946 5196 ctantibus
983 5142 1092 5195 illis
1123 5143 1431 5211 gravissimi
1458 5145 1648 5201 odoris
1674 5163 1915 5212 causam,
1943 5159 2239 5219 pra-textus

664 5247 880 5304 semper
901 5231 1115 5302 aliquos
1135 5250 1234 5304 pro
1261 5235 1346 5290 sui
1376 5238 1697 5308 purgatione
1721 5240 2238 5295 comminiscebatur

661 5323 897 5394 Symeon
925 5342 936 5377 :
963 5325 1139 5380 donec
1167 5343 1264 5396 per
1283 5327 1476 5383 rimam
1503 5331 1752 5386 fenestra:
1781 5333 2096 5402 speculatus
2120 5347 2239 5385 mo-

660 5417 966 5470 nachorum
991 5419 1236 5492 quidam,
1273 5421 1734 5493 conspicatusque
1767 5424 2049 5496 sanguinis
2101 5439 2238 5493 pure

657 5505 808 5562 misti
849 5515 1127 5582 stagnum,
1177 5513 1340 5568 discit
1375 5513 1624 5570 dolorum
1665 5517 1786 5588 ejus
1817 5531 2112 5582 arcanum;
2158 5527 2240 5570 at-

2337 4331 2538 4395 δεῖξαν.
2571 4331 2824 4382 Ἰιλκωτο
2853 4329 2950 4398 μὲν
2969 4325 3060 4382 οὖν
3087 4327 3232 4396 αὐτῷ
3257 4329 3318 4380 τὸ
3344 4329 3523 4398 σῶμα,
3547 4331 3646 4381 καὶ
3677 4329 3904 4398 πονηρῶς

2339 4420 2518 4492 εἶχεν·
2563 4423 2620 4476 οἵ
2662 4438 2721 4474 τε
2755 4421 2864 4474 τῶν
2897 4420 3070 4474 ἑλκῶν
3115 4421 3308 4490 ἰχῶρες
3357 4421 3552 4490 αἵμασι
3605 4423 3904 4492 πεπηγόσιν

2341 4513 2790 4582 άνακιρνάμενοι,
2819 4511 2897 4580 τῷ
2949 4512 3172 4584 τριχινῳ
3203 4507 3638 4581 συγκεκόλληντο
3665 4515 3854 4584 ῥάκει·
3881 4515 3900 4560 ἐ

2337 4603 2394 4657 δὲ
2425 4603 2673 4672 καθάπερ
2713 4599 2901 4669 σαφῶς
2951 4598 3111 4652 ἄλλου
3157 4601 3477 4668 πάσχοντος,
3509 4600 3660 4654 οὕτω
3709 4603 3818 4654 τῶν
3853 4603 3898 4650 ἐι

2339 4693 2432 4748 τοῦ
2481 4693 2730 4762 σώματος
2786 4690 3092 4758 ἀλγηδόνων
3131 4691 3438 4760 ὑπερεώρα.
3483 4692 3590 4744 Τοῦ
3637 4695 3830 4762 γρόνου
3855 4691 3894 4740 ει

2340 4785 2434 4838 καὶ
2463 4783 2724 4836 δυσωδίαν
2759 4783 3066 4844 ἐντεκόντος
3097 4785 3206 4844 τοῖς
3241 4782 3475 4844 ἕλκεσιν,
3505 4783 3580 4845 ὡς
3617 4785 3726 4854 ήδη
3755 4783 3893 4846 πολ.ὶὴ

2341 4875 2500 4945 αὕτη,
2537 4877 2630 4928 καὶ
2675 4873 2886 4928 πολλῶν
2918 4872 3182 4942 ὀσφρήσει
3213 4872 3630 4944 προσϐάλλουσα
3669 4873 3890 4940 αἴσθησίν

2339 4983 2400 5020 τε
2439 4969 2548 5029 τοῖς
2585 4967 2838 5034 μοναχοίς
2866 4964 3002 5018 ἀλλὰ
3041 4966 3134 5017 καὶ
3161 4963 3238 5033 τῷ
3275 4963 3491 5035 Ἰωάννῃ
3531 4969 3812 5036 παρεῖχεν.
3845 4963 3890 5012 0i

2345 5058 2442 5128 μὲν
2471 5055 2830 5110 ἐπυνθάνοντο
2851 5055 2947 5124 τῆς
2971 5055 3147 5124 ὀσμῆς
3180 5055 3276 5124 τὴν
3305 5055 3482 5108 αἰτίαν
3503 5071 3518 5084 ⁸
3549 5057 3580 5108 ό
3605 5057 3668 5110 δὲ
3701 5053 3886 5124 Συμεέε

2341 5149 2644 5220 προφάσεις
2693 5147 2845 5210 τινάς
2893 5147 2972 5209 εἰς
3015 5145 3312 5212 ἀπολογίαν
3345 5146 3670 5210 ἐπλάττετο,
3701 5149 3800 5209 ἕως
3825 5141 3882 5194 διέ

2339 5244 2438 5310 τῆς
2465 5239 2676 5308 θυρίδος
2705 5239 2812 5292 τῶν
2849 5238 3097 5308 μοναχῶν
3127 5255 3208 5300 τις
3237 5237 3708 5310 παραθεωρήσας,
3733 5239 3814 5292 καὶ
3837 5235 3872 5285 iz'

2345 5349 2478 5402 μνας
2509 5331 2760 5400 αἱμάτων
2792 5331 3008 5384 ἕλκεσιν
3039 5331 3500 5400 άναπεερυρμένας
3529 5331 3680 5392 ῐδὼν,
3717 5327 3878 5400 invii-

2342 5441 2422 5476 νει
2477 5424 2537 5476 τὸ
2582 5421 2676 5476 τοῦ
2714 5421 2920 5485 πάθους
2963 5425 3282 5492 μυστήριον,
3334 5423 3426 5474 καὶ
3472 5421 3738 5492 παρ-αντὶ
3811 5419 3878 5480 vi.

2341 5515 2470 5578 θέας
2497 5511 2820 5582 ἐπαγγέλλει
2845 5506 2922 5578 τῷ
2945 5515 3184 5587 Ἰωάννῃ.
3215 5517 3322 5570 Καὶ
3350 5516 3408 5580 ὃς
3435 5517 3534 5568 οὐκ
3561 5515 3728 5583 ὀλίγα
3751 5513 3868 5568 δερ
