4034 6186
239 148 386 236 3013

1257 189 1433 250 VITA
1472 192 1515 249 Α
1558 192 1995 255 NICEPHORO
2035 198 2518 261 CONSCRIPTA-

3382 208 3524 275 30M

247 292 500 385 πιθήσας
552 289 854 385 ἀναγκάζει
892 296 981 352 τὸν
1013 296 1240 371 Συμεὼν
1278 292 1408 376 ἆραι
1456 308 1595 361 κατὰ
1641 312 1822 382 μικρδπ

1944 327 2051 380 que
2089 313 2355 368 continuo
2389 315 2457 368 ab
2493 315 2597 368 hoc
2652 318 2965 385 spectaculo
2998 320 3062 373 ad
3091 321 3354 378 Joannem
3384 343 3524 381 nun-

245 381 307 434 τὸ
330 381 560 451 σχοινίον
581 400 593 411 ·
626 383 857 455 ἀρθῆναι
880 387 988 458 γάρ
1009 389 1202 460 ἀθρόον
1222 394 1319 446 οὐκ
1345 391 1434 464 ἦν,
1454 398 1838 469 ἐκδαπανῆσαν

246 471 345 540 ἤδη
402 472 496 524 καὶ
545 473 817 543 διασῆψαν
851 477 948 540 τὰς
991 480 1220 551 σάρκας,
1270 485 1365 536 καὶ
1415 488 1654 553 ταύταιᾲ
1679 493 1837 561 ἄχρις

246 566 453 620 ὀστέων
484 568 860 635 ἐγκοιλανθέν.

312 829 374 882 λ’.
398 829 833 902 Περιερχομένου
858 834 913 888 δὲ
936 836 1149 903 τούτου,
1172 841 1263 891 καὶ
1284 841 1492 911 δάκρυα
1519 849 1835 916 προστιθέν-

246 937 338 981 τος
369 922 600 991 καρδίας
633 924 907 995 δήγματα,
939 928 1179 999 ἐπετίμα
1208 933 1236 984 ό
1273 934 1526 1004 Ἰωάννης
1554 942 1646 992 καὶ
1667 959 1834 1012 προσ-

243 1012 485 1105 ωνείδιζε
512 1016 1004 1090 φιλοστόργως’Μὴ
1031 1021 1186 1091 δῆτα,
1220 1024 1413 1092 λέγων,
1439 1023 1482 1080 ὧ
1512 1031 1717 1098 τέκνον,
1757 1035 1830 1105 μὴ

243 1102 415 1167 οὕτως
436 1107 633 1160 ἐαυτοῦ
660 1112 857 1180 χρῆναι
883 1113 1003 1166 λίαν
1033 1117 1463 1190 ἀφιλανθρώπως
1491 1124 1654 1193 ἔχειν.
1697 1102 1830 1182 ’0δέ

245 1195 364 1248 τότε
398 1198 496 1266 μέν
529 1206 823 1271 πατρικαῖς
858 1207 1243 1278 ἐπιτιμήσεσιν
1286 1213 1458 1278 εἴξας,
1495 1216 1728 1271 ἀπέθετο
1770 1220 1829 1272 τὸ

247 1290 477 1357 σχοινίον
496 1306 510 1320 ·
544 1294 681 1359 μετὰ
704 1293 759 1347 δὲ
781 1296 954 1350 ταῦτα
974 1298 1267 1368 λαμϐάνων
1289 1306 1420 1357 αὐτὸ
1446 1307 1604 1360 πάλιν
1629 1310 1825 1378 ὁμοίως

244 1382 663 1451 περιειλίσσετο,
700 1388 762 1439 οὐ
801 1391 937 1458 μετά
983 1392 1083 1461 τῆς
1119 1395 1289 1465 αὐτῇς
1335 1397 1602 1464 σφίγξεως
1640 1400 1671 1471 ἢ
1713 1402 1827 1454 δια-

241 1472 473 1536 τάσεως,
529 1476 666 1530 am
726 1481 1049 1550 χαυνότερόν
1105 1502 1221 1547 πως
1278 1487 1371 1538 καὶ
1425 1491 1821 1562 φορητότερον·

243 1562 541 1629 ἐσπούδαζε
591 1567 699 1636 γὰρ
732 1570 1072 1637 ὑπωπιάζειν
1112 1575 1197 1627 ἀεὶ
1230 1575 1291 1627 τὸ
1323 1576 1481 1647 σῶμα
1532 1581 1624 1633 καὶ
1656 1599 1824 1634 κατα-

242 1655 486 1724 τρύχειν.
517 1659 645 1721 τοὺς
683 1663 1149 1733 ἐπανισταμένους
1175 1666 1233 1731 ἐξ
1263 1643 1426 1722 αὐτού
1452 1673 1517 1741 τῇ
1542 1671 1686 1743 ψυχῇ
1723 1690 1823 1727 πο·
1851 1643 1899 1702 Β

243 1744 443 1813 λέμους
468 1749 711 1803 ἁκούων·
739 1752 881 1824 ἅπερ
905 1754 1086 1824 ἐξίστη
1112 1760 1237 1821 τοὺς
1264 1762 1529 1831 μοναχοὺς
1561 1766 1617 1816 ἐν
1641 1766 1825 1837 ἡλικία

247 1835 481 1903 μαλίστα
521 1840 747 1914 τοιαύτῃ
793 1845 1070 1914 γινόμενα.
1116 1850 1333 1904 Ᾱίτοῦσι
1370 1853 1549 1907 τοίνυν
1594 1835 1823 1911 ἀκοῦσαι

243 1927 435 1995 λόγους
483 1931 613 1999 παρ’
647 1934 807 1989 αὐτοῦ
847 1937 1135 2006 σωτηρίας,
1169 1942 1264 1995 καὶ
1295 1944 1322 1995 ό
1353 1944 1580 2014 Συμεὼν
1609 1948 1825 2017 ὁμιλίας

244 2016 400 2084 αὖθις
453 2023 751 2092 ἁψάμενος,
788 2026 819 2098 ἢ
863 2029 942 2100 τῷ
983 2031 1279 2086 ἐνοικοῦντι
1330 2036 1530 2104 μᾶλλον
1569 2016 1825 2109 κινούμεο

243 2128 330 2253 νοξ
385 2114 685 2184 Πνεύματι,
741 2110 786 2187 ᾧ
842 2119 939 2174 καὶ
988 2121 1095 2192 πρὸ
1154 2128 1435 2195 μητρικῶν
1483 2128 1688 2183 ὠδίνων
1734 2132 1822 2196 ἐξ·

244 2219 438 2253 ε..ετο.

244 2219 438 2257 ξελετο.

315 2462 414 2518 λα’.
452 2468 692 2537 Πατέρες
725 2468 850 2540 ἔφη,
884 2474 975 2525 καὶ
1002 2475 1240 2543 ἀδελφοὶ,
1268 2479 1329 2531 ού
1369 2482 1473 2551 χρὴ
1506 2481 1595 2535 τὸν
1629 2482 1823 2537 ἀσύνε-

241 2570 332 2609 tow
368 2557 466 2625 ἐμὲ
492 2559 620 2629 περὶ
651 2560 927 2631 σωτηρίας
956 2565 1134 2635 ψυχῆς
1163 2571 1227 2638 τῇ
1260 2570 1503 2643 ὑμετέρᾳ
1528 2572 1689 2643 πολιᾷ
1711 2573 1824 2627 δια-

242 2645 495 2715 λέγεσθαι
522 2665 537 2680 ο
567 2651 718 2721 ὅμως
745 2654 868 2706 ἐπεὶ
897 2661 1184 2726 πατρικοῖς
1204 2662 1521 2734 οὐκέστιμὴ
1541 2664 1824 2718 πείθεσθαι

240 2734 442 2806 λόγοις,
477 2740 681 2809 Ἔργον
714 2745 950 2813 μοναχοῦ
989 2746 1088 2817 τὴν
1113 2750 1441 2821 ἐγκράτειαν
1472 2750 1646 2824 οἶμαι,
1682 2755 1821 2809 ὥστε

241 2829 470 2899 ἠρεμεῖν
514 2832 664 2903 αὐτῷ
708 2834 806 2898 τὰς
836 2837 929 2889 τοῦ
978 2837 1228 2910 σώματος
1263 2843 1476 2910 ἡδονάς,
1509 2846 1684 2916 ἔχοντι
1724 2848 1824 2919 τὴν

240 2920 421 2991 ψυχὴν
456 2924 511 2975 ἐν
541 2925 755 2998 εἰρήνῃ,
788 2928 850 2981 τό
885 2947 944 2982 τε
991 2934 1233 3003 συνεχῶς
1263 2933 1506 3003 ψάλλειν,
1535 2939 1629 2991 καὶ
1667 2940 1822 2993 ἀδια-

241 3010 473 3077 λείπτως
504 3013 581 3084 τῷ
611 3016 687 3085 νῷ
713 3020 1144 3090 προσεύχεσθαι·
1168 3025 1328 3096 ἔργον
1365 3030 1599 3097 μοναχοῦ
1632 3032 1822 3102 ήάγά-

244 3121 343 3174 πη,
381 3105 474 3158 καὶ
504 3108 537 3177 ἠ
564 3109 701 3174 μετά
737 3115 1000 3183 ταπεινῆς
1031 3117 1255 3188 καρδίας
1279 3121 1513 3189 ὑπακοὴ,
1540 3122 1608 3175 δι’
1629 3118 1696 3194 ἦς
1726 3124 1821 3177 καὶ

138 3218 141 3219 ν
241 3194 474 3265 Χριστὸς
506 3194 616 3251 εἷλε
645 3200 738 3253 τὸν
778 3201 1028 3268 θάνατον,
1057 3209 1347 3277 γενόμενος
1390 3211 1629 3281 ὑπήκοος
1660 3216 1820 3284 μέχρι

242 3284 497 3353 θανάτου,
525 3289 753 3345 θανάτου
777 3292 835 3346 δὲ
862 3299 1118 3366 σταυροῦ,
1146 3300 1233 3353 ἵνα
1269 3302 1370 3365 τὰς
1403 3304 1697 3374 ἐπιθυμίας
1718 3309 1821 3376 τῆς

240 3377 444 3449 σαρκὸς
489 3384 583 3434 καὶ
626 3384 789 3453 ἡμεῖς
829 3385 895 3439 δι’
926 3388 1097 3461 αὐτῆς
1166 3391 1730 3463 θανατώσωμεν,τότε
1761 3400 1820 3449 ἐν

240 3470 625 3543 ἐξομολογήσει
659 3476 887 3541 κλαίειν,
921 3482 1017 3531 καὶ
1045 3482 1103 3531 ἐν
1128 3484 1386 3555 συντριϐῇ
1421 3488 1649 3556 καρδίας
1678 3489 1755 3552 ὡς
1791 3492 1819 3542 ό

240 3560 490 3633 Τελώνης
526 3565 945 3637 προσεύχεσθαι,
982 3572 1134 3642 φωνή
1177 3590 1237 3625 τε
1270 3574 1585 3646 σύμμετρος
1622 3581 1714 3632 καὶ
1739 3581 1821 3634 λό‹

238 3672 335 3723 τος
367 3654 651 3728 εὔτακτος,
681 3662 779 3714 καὶ
804 3664 837 3734 ἡ
868 3665 926 3717 ἐν
952 3667 1219 3735 πραότητι
1261 3671 1355 3722 καὶ
1384 3672 1581 3742 ἡσυχίᾳ
1617 3675 1817 3743 διαγω-

240 3748 335 3814 γή.
373 3749 573 3820 Ἔργον
614 3754 871 3824 μοναχοῦ,
906 3756 967 3809 τὸ
1007 3757 1081 3828 μὴ
1116 3759 1338 3830 ὀμνύειν
1364 3763 1520 3827 ὅλως,
1551 3765 1690 3837 πλὴν
1722 3768 1817 3821 τοῦ

240 3839 540 3896 Πίστευσον
561 3843 592 3911 ἢ
616 3844 999 3916 Συγχώρησον,
1038 3851 1073 3918 ἦ
1111 3868 1167 3902 τε
1197 3852 1305 3906 τῶν
1336 3857 1432 3923 τῆς
1455 3855 1819 3928 φιλαργυρίας

243 3932 556 3987 σκανδάλων
579 3936 749 4006 φυγὴ,
781 3939 875 3991 καὶ
900 3941 932 4009 ἡ
962 3940 1069 3993 τῶν
1095 3941 1264 3997 ὄντων
1301 3946 1608 4013 μετάδοσις,
1644 3952 1735 4003 καὶ
1758 3952 1819 4003 τὸ

244 4023 320 4094 μὴ
358 4026 519 4095 μόνον
566 4029 702 4100 μηδέ
754 4033 886 4085 ποτέ
926 4049 1070 4096 τινος
1113 4036 1468 4103 καταλαλεῖν,
1501 4040 1635 4095 ἀλλὰ
1682 4043 1817 4112 μηδὲ

240 4117 673 4184 κατα).αλοῦντος
695 4122 1003 4193 ἀνέχεσθαι,
1031 4128 1372 4196 συμπάσχειν
1397 4148 1455 4184 τε
1486 4135 1599 4197 τοῖς
1622 4135 1680 4188 ἐν
1705 4135 1819 4189 όδύο

237 4222 327 4279 νῃ,
350 4208 445 4261 καὶ
460 4210 705 4279 ἀδελφῶν
725 4213 889 4277 πόδας
909 4215 1141 4283 νίπτειν,
1159 4220 1253 4273 καί
1269 4224 1387 4284 ταῖς
1411 4222 1589 4277 αὐτῶν
1608 4226 1817 4295 χρείαις

1946 404 2179 458 tiaturus
2210 405 2442 459 accedit.
2486 407 2535 459 l5
2580 414 2765 459 autem
2817 422 2927 461 non
2977 411 3190 466 modice
3229 412 3421 470 dolens
3470 428 3525 472 et

1941 507 2351 561 consternatus,
2384 489 2553 569 adigit
2586 500 2938 570 Symeonem,
2986 515 3046 556 ut
3095 506 3295 559 sensim
3340 506 3523 562 funem

1938 588 2180 655 auferat;
2233 606 2360 645 nam
2414 591 2704 647 confestim
2741 594 2989 648 solvendi
3039 597 3186 649 nulla
3217 612 3343 665 spes
3382 605 3520 659 erat,

1939 689 2131 750 utpote
2181 684 2275 752 qui
2306 684 2417 754 jam
2451 686 2795 755 consumptis
2822 696 2877 739 et
2908 687 3235 755 putrefactis
3264 688 3523 741 carnibus

1936 773 2002 825 ad
2052 788 2175 827 ossa
2221 789 2393 843 usque
2431 783 2790 843 penetrasset.

1999 864 2086 918 50.
2120 856 2345 919 interim
2400 866 2466 920 ad
2503 867 2788 935 amplexus
2842 877 3227 936 properantem
3286 869 3517 939 Symeo-

1933 971 2082 1019 nem,
2132 957 2513 1027 lacrymasque
2546 960 2768 1013 contriti
2802 960 2986 1013 cordis
3012 960 3228 1014 indices
3260 961 3522 1031 adjicien-

1933 1053 2066 1111 tem,
2097 1047 2347 1117 increpat
2376 1049 2616 1102 Joannes
2659 1059 3003 1119 paterneque
3062 1052 3314 1121 objurgat
3350 1070 3365 1105 :
3398 1052 3517 1106 Non

1931 1137 2201 1206 profecto,
2249 1138 2322 1191 mi
2362 1138 2461 1202 ﬁli,
2502 1140 2781 1207 inquiens,
2829 1156 2939 1193 non
2993 1141 3066 1193 ita
3120 1141 3412 1195 barbarum
3462 1142 3516 1196 in

1932 1228 2156 1281 modum
2208 1243 2413 1297 corpus
2454 1239 2691 1283 tractare
2737 1229 2816 1283 fas
2852 1230 2951 1282 tibi
2984 1240 3088 1284 est.
3138 1231 3238 1285 Cui
3272 1241 3517 1299 paterna:

1930 1319 2276 1388 castigationi
2305 1320 2398 1373 ille
2434 1327 2563 1373 tunc
2590 1320 2812 1389 quidem
2850 1320 3074 1383 cedens,
3106 1320 3290 1374 funem
3325 1322 3512 1377 solvit:

1927 1426 2118 1465 verum
2153 1411 2300 1465 haud
2340 1412 2414 1463 ita
2451 1412 2624 1465 multo
2657 1420 2782 1481 post
2810 1423 3154 1481 resumplum
3200 1412 3383 1466 denuo
3408 1414 3517 1468 cir-

1927 1517 2052 1556 cum
2081 1518 2284 1571 corpus
2318 1503 2597 1565 astrinxit,
2642 1503 2897 1571 quamvis
2944 1518 3053 1556 non
3107 1513 3214 1557 tam
3257 1514 3409 1558 arcte
3459 1513 3516 1557 et

1925 1595 2223 1655 violenter,
2271 1594 2368 1648 sed
2396 1594 2678 1663 aliquanto
2710 1594 2889 1648 laxius
2920 1594 3372 1663 tolerabiliusque
3405 1612 3419 1648 :
3446 1611 3511 1647 eo

1930 1688 2135 1757 quippe
2163 1685 2450 1757 Symeonis
2473 1701 2605 1740 cura
2636 1686 2816 1739 omnis
2844 1686 3190 1747 intendebat,
3219 1696 3278 1740 ut
3309 1702 3512 1754 corpus

1931 1795 2091 1834 suum
2126 1778 2423 1848 castigaret
2446 1792 2665 1846 semper
2688 1786 2745 1830 et
2769 1776 2823 1829 in
2843 1777 3169 1831 servitutem
3206 1775 3507 1845 redigeret,

1929 1870 2101 1941 probe
2126 1870 2340 1923 scilicet
2368 1869 2541 1938 ignari
2569 1878 2774 1937 quanta
2801 1868 2928 1921 inde
2958 1868 3145 1936 prmlia
3185 1867 3512 1921 immineant

1929 1962 2143 2017 animze.
2169 1962 2301 2027 Quae
2330 1976 2441 2022 res.
2487 1960 2541 2013 in
2582 1960 2672 2013 tali
2708 1959 3014 2029 prmsertim
3051 1968 3232 2022 tetate,
3279 1960 3512 2028 perculit

1926 2054 2287 2108 vehementer
2315 2052 2638 2116 monachos,
2672 2060 2932 2120 rogantes
2984 2050 3152 2103 verba
3195 2050 3394 2104 salutis
3441 2050 3510 2103 ab

1926 2162 2023 2201 ore
2049 2146 2222 2215 ipsius
2249 2144 2505 2213 excipere
2537 2144 2640 2198 sibi
2683 2143 2866 2196 denuo
2921 2152 2980 2195 ut
3014 2141 3225 2196 liceret.
3270 2141 3382 2195 Nec
3415 2141 3511 2194 ab-

1928 2252 2110 2290 nuens
2139 2235 2401 2304 Symeon,
2441 2234 2662 2287 interno
2724 2233 2958 2303 Spiritu,
2986 2249 3015 2286 a
3039 2248 3148 2302 quo
3192 2241 3505 2287 maternum

1927 2335 2053 2380 ante
2089 2335 2307 2395 partum
2337 2325 2553 2379 electus
2602 2323 2804 2388 fuerat,
2866 2333 3140 2389 movente,
3189 2323 3509 2393 aggreditur

1927 2417 2137 2471 dicere.

1995 2509 2290 2564 5|.Patres
2316 2509 2649 2577 fratresque,
2679 2507 2984 2577 inquiebat,
3018 2507 3262 2572 memon
3286 2522 3506 2576 aequum

1926 2607 2032 2663 est,
2072 2616 2156 2654 me
2195 2601 2414 2670 ingenio
2458 2608 2564 2653 tam
2607 2598 2871 2652 imbecilli
2942 2596 3010 2650 ad
3066 2597 3213 2650 hunc
3262 2606 3509 2651 vestrum

1926 2691 2126 2745 canitie
2169 2691 2547 2745 venerandum
2567 2700 2771 2745 costum
2808 2688 2975 2742 verba
3004 2687 3221 2741 facere:
3250 2687 3344 2740 sed
3405 2703 3508 2741 nec

1925 2796 2143 2850 aequum
2179 2792 2264 2835 est
2298 2782 2582 2835 seniorum
2608 2779 2772 2833 dictis
2805 2795 2914 2832 non
2978 2777 3384 2847 obtemperare.
3418 2777 3509 2831 Sic

1926 2872 2092 2941 igitur
2139 2871 2395 2925 existimo
2427 2913 2442 2937 ,
2496 2886 2562 2925 eo
2620 2869 3014 2941 connitendum
3064 2884 3184 2923 esse
3238 2868 3509 2922 monacho

1851 2987 1892 3044 Ο
1927 2938 2226 3030 ργωοίριιθ,
2283 2962 2580 3015 continens
2629 2967 2690 3012 ut
2732 2938 2838 3022 sit';
2888 2968 2949 3012 ut
3009 2959 3207 3012 nuntio
3254 2958 3507 3026 corporis

1927 3051 2308 3121 voluptatibus
2368 3052 2637 3117 remisso,
2693 3050 3145 3118 tranquillitatem
3209 3064 3509 3118 pacemque

1923 3143 2429 3205 animiconservet,
2482 3152 2544 3195 ut
2606 3142 2959 3196 continenter
3010 3140 3231 3210 psallat,
3282 3155 3347 3194 ac
3384 3139 3507 3193 sine

1925 3234 2336 3288 intermissione
2361 3233 2589 3287 mentali
2614 3242 2772 3287 vacet
2812 3231 3072 3286 orationi.
3108 3232 3186 3286 Eo
3216 3230 3509 3284 conniten-

1922 3325 2051 3379 dum
2081 3324 2375 3386 monacho,
2397 3325 2669 3378 charitatc
2694 3323 2983 3386 utardeat,
3019 3330 3075 3375 et
3109 3320 3279 3375 corde
3311 3321 3507 3375 humili

1920 3416 2557 3485 prmeipientiobediat:
2613 3416 2932 3471 obedientia
2987 3414 3199 3483 quippe
3245 3422 3351 3476 est,
3403 3428 3505 3481 per

1921 3521 2085 3574 quam
2116 3506 2376 3559 Christus
2405 3507 2523 3573 ipse
2581 3506 2724 3558 mori
2781 3503 2972 3573 elegit,
3023 3503 3201 3555 factus
3243 3501 3509 3557 obediens

1922 3612 2097 3665 usque
2130 3596 2197 3649 ad
2222 3605 2481 3659 mortem,
2507 3603 2742 3648 mortem
2771 3603 2958 3647 autem
2995 3593 3199 3653 crucis,
3237 3600 3297 3644 ut
3328 3598 3384 3644 et
3406 3606 3506 3644 nos

1921 3684 2197 3739 desideria
2227 3684 2422 3737 carnis
2439 3691 2642 3736 nostrae
2672 3698 2772 3751 per
2804 3683 2979 3750 ipsam
3013 3678 3501 3733 mortificaremus.

1923 3776 2004 3830 Eo
2040 3790 2261 3844 quoque
2291 3773 2690 3828 connitendum
2748 3772 3043 3834 monacho,
3074 3779 3136 3825 ut
3181 3770 3240 3823 in
3282 3769 3503 3825 confes--

1922 3866 2079 3920 sione
2103 3864 2305 3933 ploret,
2335 3863 2688 3931 contritoque
2712 3862 2879 3916 corde
2901 3877 3025 3915 cum
3050 3860 3348 3931 publicano
3373 3875 3502 3929 pre-

1921 3970 2015 4010 ces
2035 3970 2165 4010 suas
2218 3953 2416 4009 fundat
2444 3952 2513 4006 ad
2558 3953 2895 4007 Dominum:
2941 3960 3002 4005 ut
3040 3968 3147 4007 vox
3194 3950 3499 4013 moderata,

1919 4060 2105 4100 sermo
2130 4045 2394 4100 decenter
2423 4043 2789 4112 compositus,
2818 4050 2986 4111 atque
3024 4042 3207 4097 omnis
3254 4041 3309 4095 in
3343 4057 3501 4095 man-

1920 4137 2216 4193 suetudine
2236 4146 2293 4191 et
2322 4136 2724 4205 tranquillitate
2745 4135 3098 4189 conversatio
3137 4134 3229 4189 sit.
3255 4134 3337 4188 Eo
3364 4147 3501 4187 con-

1922 4229 2221 4283 nitendum
2253 4228 2549 4292 monacho,
2582 4235 2733 4281 utne
2753 4224 3169 4297 jurctomnino,
3205 4225 3299 4280 sed
3322 4224 3501 4279 solum

234 4299 621 4367 διακονείσθαι,
640 4304 700 4357 τό
724 4321 782 4357 τε
814 4305 889 4374 μὴ
919 4308 1013 4365 τοῦ
1036 4309 1273 4378 χαλεποῦ
1304 4313 1508 4377 πάθους
1532 4317 1630 4386 τῆς
1653 4319 1817 4389 ὑπερ-

1924 4321 2092 4385 dicat,
2124 4322 2321 4386 Crede,
2357 4322 2464 4383 vel,
2494 4322 2719 4391 Ignosce
2749 4339 2764 4387 ;
2795 4333 2856 4375 ut
2902 4320 3221 4375 scandalum
3259 4317 3506 4374 avaritiae

235 4391 473 4550 ηερανίὲις
495 4394 779 4462 ἡττᾶσθαι,
797 4398 932 4475 άλλὰ
961 4400 1177 4454 πάντων
1206 4402 1431 4475 ἔσχατον
1459 4408 1652 4463 ἐαυτὸν
1674 4407 1813 4464 εἶναι

278 4484 400 4549 γεῖσ
435 4502 509 4537 αι.
840 4518 847 4523 -

278 4484 509 4549 γεῖσθαι.

1921 4415 2202 4480 declinet;
2263 4422 2321 4468 ut
2371 4414 2659 4468 facultates
2718 4430 2846 4468 suas
2894 4413 3224 4479 distribuat;
3278 4422 3340 4467 ut
3388 4429 3503 4467 non

1923 4505 2091 4559 modo
2139 4519 2418 4572 nunquam
2482 4503 2549 4557 de
2603 4502 2828 4557 alterius
2884 4501 3024 4554 fama
3076 4500 3359 4560 detrahat,
3402 4498 3500 4553 sed

236 4578 403 4632 etiam
436 4594 506 4633 ne
539 4580 922 4653 feratquidem
954 4585 1366 4657 detrahentem;
1405 4601 1467 4647 ut
1508 4598 1873 4665 compatiatur
1911 4598 1963 4653 in
1997 4599 2148 4653 luctu
2179 4598 2408 4667 positis;
2448 4606 2506 4652 ut
2537 4597 2766 4651 fratrum
2799 4596 2970 4665 pedes
2994 4598 3137 4651 lavet
3168 4595 3504 4664 utilitatique

238 4676 499 4741 studeat;
537 4685 598 4730 ut
627 4679 941 4748 periculosa
976 4683 1069 4737 illa
1098 4684 1266 4739 animi
1312 4684 1589 4754 passione,
1655 4689 1919 4759 superbia
1963 4688 2108 4754 dico,
2151 4703 2262 4742 non
2324 4696 2641 4757 superetur,
2700 4686 2797 4741 sed
2861 4687 3108 4739 omnium
3159 4693 3496 4755 postremum

237 4782 301 4823 se
341 4780 579 4834 reputet.

310 4863 411 4936 λβ’.
446 4862 1008 4945 Ἔργονκμοναχοῦ,ἡ
1060 4876 1138 4939 εἰς
1184 4877 1393 4941 πάντας
1437 4880 1710 4947 μεγάλους
1751 4897 1810 4933 τε

240 4958 339 5010 καὶ
400 4964 630 5031 μικροὺς
656 5004 670 5029 ,
699 4963 945 5031 ἐνδόξους
973 4968 1068 5020 καὶ
1114 4968 1354 5034 ἀδόξους,
1393 4970 1685 5035 πλουσίους
1718 4972 1811 5025 καὶ

193 5075 207 5082 ο
242 5049 501 5120 πένητας,
539 5053 615 5117 ὡς
653 5056 732 5119 είς
759 5058 922 5112 αὐτὸν
945 5060 1180 5131 Χριστὸν
1212 5062 1354 5131 άγνὴ
1399 5062 1721 5134 φιλαδελφία
1747 5081 1807 5117 τε

237 5142 334 5195 καὶ
364 5143 662 5214 φιλοξενία,
694 5149 790 5202 καὶ¹
836 5151 1177 5222 ὑποκρίσεως
1211 5154 1590 5225 καθαρεύουσα
1625 5157 1807 5226 πάσης

237 5231 501 5291 διακονία.
534 5239 781 5310 Μοναχὸς
807 5241 914 5313 γὰρ
948 5244 1088 5313 πρὸς
1138 5244 1237 5314 μὲν
1270 5245 1367 5308 τὰς
1428 5246 1571 5299 κατὰ
1603 5248 1808 5316 κόσμον

238 5325 454 5396 βλέπων
487 5330 785 5403 ὑπεροχὰς,
812 5334 907 5387 καὶ
934 5337 1203 5408 πρόσωπα
1232 5338 1341 5390 τῶν
1370 5338 1627 5392 τοιούτων
1661 5339 1806 5409 λαμ-

237 5417 439 5482 ϐάνων,
474 5422 689 5492 πτωχὸν
721 5423 777 5477 δὲ
802 5426 897 5479 καὶ
931 5428 1138 5496 πένητα
1172 5428 1468 5497 προσιόντα
1492 5430 1589 5481 καὶ
1615 5428 1802 5498 δεύμε-

237 5523 328 5561 νον
366 5507 829 5583 ἀπωθούμενος,ό
882 5516 1123 5579 τοιοῦτος
1178 5518 1276 5586 οὐχ
1323 5515 1431 5583 ἕξει
1506 5518 1804 5585 παρουσίαν

235 5600 320 5663 εις
341 5601 435 5656 τὸν
473 5604 758 5675 νυμφῶνα,
810 5605 932 5661 οὐδὲ
982 5608 1395 5678 ἀπαντήσεται,
1429 5607 1547 5661 οὐδὲ
1594 5622 1807 5659 συνεισ-

1988 4874 2077 4928 32.
2124 4874 2202 4927 Eo
2253 4872 2652 4927 connitendum
2706 4872 2996 4934 monacho,
3044 4878 3104 4923 ut
3147 4886 3339 4925 omnes
3384 4881 3495 4927 tam

1916 4981 2145 5036 magnos
2175 4980 2339 5035 quam
2372 4980 2592 5033 parvos,
2629 4972 2736 5017 tam
2782 4963 3052 5032 gloriosos
3099 4978 3262 5031 quam
3320 4964 3495 5034 inglo-

1914 5059 2050 5123 rios,
2109 5067 2216 5110 tam
2272 5055 2489 5110 divitiis
2542 5055 2834 5110 affluentes
2891 5069 3056 5122 quam
3108 5070 3332 5123 egenos,
3386 5071 3495 5109 non

1912 5165 2071 5205 secus
2092 5162 2157 5203 ac
2190 5149 2500 5211 Christum,
2526 5146 2798 5203 charitate
2822 5154 2991 5211 casta,
3013 5146 3392 5216 hospitalitate
3438 5158 3497 5201 et

1911 5240 2200 5309 obsequio,
2253 5240 2437 5295 omnis
2477 5237 2840 5310 bypocriseos
2880 5245 3107 5306 experte
3168 5239 3490 5307 praeveniat.

1912 5332 2214 5386 Monachus
2258 5346 2517 5399 namque,
2565 5329 2661 5399 qui
2715 5328 2781 5382 ad
2842 5345 3028 5383 rerum
3086 5329 3495 5385 mundanarum

1910 5422 2257 5492 splendorem
2277 5422 2471 5477 oculos
2500 5419 2738 5483 reﬂexit,
2794 5436 3099 5490 earumque
3144 5422 3357 5491 species
3393 5439 3495 5478 cu-

1912 5514 2038 5583 pide
2089 5512 2525 5582 contemplatur,
2575 5509 2892 5565 mendicum
2948 5526 3100 5573 vero,
3160 5527 3498 5582 pauperem-

1909 5621 2016 5677 quc
2049 5615 2103 5662 et
2143 5621 2375 5677 egenum
2421 5621 2449 5659 a
2490 5620 2550 5659 se
2614 5602 2854 5674 repellit,
2908 5618 3015 5657 non
3078 5602 3401 5662 admittetur
3423 5603 3501 5661 ad
