4034 6186
540 134 684 198 30ὶὸ

1740 138 1797 204 S.
1839 135 2222 204 SYMEONIS
2256 136 2615 197 JUNIORIS

3694 130 3828 210 301’s

542 248 787 321 nuptias,
819 262 924 304 nec
958 254 1147 319 speret
1177 245 1396 303 obviam
1428 245 1636 300 iturum
1690 261 1749 301 se
1788 262 1914 301 cum
1939 247 2127 303 exsuL

2242 262 2521 317 ἐλεύσεται
2555 258 2796 332 φαιδρῶς
2837 260 2916 330 τῷ
2954 256 3211 331 ἀθανάτῳ
3250 258 3472 329 νυμφίῳ
3494 300 3506 322 ,
3532 259 3673 313 ἀλλὰ
3706 259 3831 313 τοῦ-

546 342 753 395 ιτιῑίοιιθ
790 337 1086 392 immortali
1123 336 1360 407 Sponso,
1384 344 1446 390 ut
1480 352 1604 389 eum
1630 351 1697 390 eo
1738 336 2082 407 ingrediatur
2111 354 2123 389 :

544 433 642 489 sed
674 432 859 502 potius
899 431 1033 484 illud
1067 430 1171 484 sibi
1230 430 1397 483 velim
1470 429 1824 498 persuadeat,
1881 429 1999 483 fore
2047 439 2125 491 ut,

552 524 926 597 exstincta‘ob
955 523 1064 578 olei
1099 522 1378 576 defectum
1434 521 1710 591 lampade,
1734 522 2131 576 miserabiliter

547 621 616 673 ab
649 618 769 688 ipso
794 616 1140 672 excludatur.
1172 616 1536 687 Eleemosyna
1586 616 1791 684 quippe
1840 616 2131 669 consuevit

549 707 988 763 misericordiam
1022 705 1295 774 consequi
1329 705 1461 770 illis,
1507 705 1600 774 qui
1656 704 2048 759 misericordes
2073 704 2132 758 in

546 816 750 871 egenos
774 807 926 862 sunt,
964 812 1172 867 eosque
1207 797 1475 867 gravibus
1528 798 1794 851 aerumnis
1848 798 2128 861 iibcrarc;

548 899 787 946 testante
831 890 883 943 id
911 890 1090 959 ipsum
1117 889 1345 943 Christo
1368 905 1434 943 ac
1465 890 1790 952 confitente,
1832 890 2132 960 pra'stitam

548 982 780 1052 pauperi
817 981 1286 1046 misericordiam,
1327 981 1431 1035 sibi
1463 982 1766 1050 priestitam
1816 990 2131 1052 reputatum

549 1076 642 1129 iri.
667 1075 812 1130 Dicit
836 1075 983 1129 enim
1012 1092 1025 1128 :
1063 1072 1313 1138 Quandiu
1343 1075 1539 1143 fecistis
1564 1076 1656 1128 uni
1680 1091 1744 1128 ex
1769 1077 1847 1130 his
1878 1077 2129 1140 minimis,

550 1166 678 1219 mihi
712 1165 911 1234 fecistis
933 1165 953 1193 ⁶
979 1182 993 1217 :
1029 1165 1169 1218 adeo
1197 1174 1258 1218 ut
1313 1166 1411 1234 qui
1439 1180 1550 1219 non
1577 1166 1874 1220 miseretur
1923 1166 2131 1228 fratris,

550 1256 750 1310 Filium
786 1256 878 1310 Dei
912 1256 1229 1311 censendus
1275 1257 1346 1311 sit
1371 1258 1552 1326 palam
1579 1259 1888 1329 negavisse,
1914 1259 2132 1315 Saddu-

549 1362 691 1403 caeos
715 1347 1125 1416 quodammodo
1159 1347 1426 1415 imitatus,
1474 1364 1585 1404 non
1634 1351 1917 1406 credendo
1938 1348 2143 1407 resuro‘

557 1438 860 1493 rectionem
884 1453 1027 1500 esse,
1060 1454 1242 1507 neque
1272 1438 1326 1493 in
1360 1455 1512 1509 spem
1546 1441 1674 1496 inde
1713 1451 2133 1511 promanantem

551 1530 743 1584 oculos
768 1530 1125 1585 reﬂectendo.
1178 1530 1257 1586 Ne
1307 1530 1475 1602 igitur
1534 1533 1797 1588 latentem
1861 1535 1966 1589 sub
1995 1550 2135 1589 auro

550 1623 854 1681 dtemonem
902 1624 1079 1697 pluris
1131 1624 1398 1691 feceritis,
1465 1643 1633 1697 quam
1703 1628 2132 1684 necessitatibus

549 1716 782 1772 fratrum
825 1717 1214 1784 succurrisse;
1274 1718 1604 1780 deemonem.
1639 1720 1888 1789 inquam,
1920 1722 2016 1790 qui
2082 1729 2138 1776 et

550 1810 728 1877 ipsum
763 1807 1046 1864 Christum
1107 1810 1331 1880 aggredi
1362 1825 1474 1865 non
1516 1820 1603 1866 est
1638 1814 1873 1877 veritus,
1923 1812 2000 1866 ita
2047 1811 2135 1866 lo-

547 1912 771 1967 quens:
811 1896 936 1951 Ilwc
966 1898 1143 1950 omnia
1170 1897 1305 1951 dabo
1337 1898 1448 1962 tibi,
1487 1900 1533 1952 si
1587 1900 1781 1953 cadens
1827 1899 2133 1955 adoraueris

550 2007 632 2045 me
658 1990 703 2043 ".
734 1989 814 2044 Ne
836 1989 1120 2045 Christum
1156 1990 1351 2045 mundi
1402 1989 1616 2045 fallacis
1668 1990 1921 2061 opinioni
1970 2007 2132 2047 men-

550 2082 834 2138 dicitatem
880 2084 1142 2152 pauperis
1172 2081 1583 2153 praeferentem,
1612 2091 1668 2138 et
1695 2099 1806 2138 non
1839 2085 2133 2140 habentem

553 2176 649 2230 ubi
682 2185 853 2246 caput
889 2175 1209 2241 reclinaret,
1238 2176 1574 2231 contumelia
1610 2175 1903 2242 afliciatis;
1955 2177 2134 2242 illum,

552 2268 799 2337 inquam,
832 2267 1139 2332 Christum,
1178 2268 1233 2321 in
1261 2267 1425 2337 cujus
1462 2275 1743 2336 potestate
1770 2269 1896 2323 creti
1923 2276 2055 2323 sunt
2077 2284 2142 2324 ac

552 2371 717 2414 terra.
787 2360 1004 2414 Etenim
1058 2376 1183 2415 cum
1246 2360 1526 2414 Abraham
1583 2360 2020 2430 hospitalitatem
2081 2364 2136 2415 in

552 2467 747 2505 omnes
795 2461 1103 2516 exerceret,
1154 2452 1367 2507 meruit
1416 2453 1611 2518 Deum,
1657 2452 1870 2522 angelis
1918 2453 2138 2507 duobus

553 2543 894 2605 comitatum.
919 2544 1020 2598 sub
1039 2544 1227 2613 specie
1251 2544 1483 2598 viatoris
1504 2544 1861 2613 conspicere:
1881 2544 2140 2599 similiter

551 2643 610 2688 et
645 2634 769 2697 Lot,
794 2635 888 2703 qui
924 2635 1151 2704 angelos
1177 2634 1423 2703 hospitio
1457 2635 1697 2703 excepit.
1739 2635 2136 2690 Verumtamen

552 2725 679 2780 date
719 2741 943 2795 operam
969 2726 1183 2790 sedulo,
1215 2735 1273 2780 ut
1302 2727 1354 2780 in
1386 2726 1657 2782 divitibus
1705 2736 1873 2797 atque
1932 2744 2141 2799 paupe-

555 2818 710 2873 ribus
752 2818 1046 2887 aequaliter
1099 2818 1273 2873 Deum
1339 2818 1637 2888 quaeratis;
1680 2819 1831 2889 quod
1874 2819 2137 2874 eil‘ectum

2237 369 2331 405 τον
2371 352 2553 421 ἐαυτῷ
2594 350 2849 414 ἐλεεινῶς
2892 350 3243 416 ἀποκλείσει,
3280 349 3347 403 δι’
3397 350 3611 403 ἔνδειαν
3649 349 3829 401 ἐλαίου

2239 443 2339 508 τῆς
2382 438 2665 509 λαμπάδος
2709 437 3146 507 ἀποσϐεσθείσης
3170 450 3185 465 '
3218 434 3565 505 ἐλεημοσύνη
3597 436 3708 504 γὰρ
3738 436 3831 487 αὐ-

2237 529 2366 590 τοὺς
2390 530 2563 582 ἐλεεῖν
2593 529 2805 597 πέφυκε
2843 527 3091 597 πρώτους
3119 569 3134 591 ,
3174 527 3271 580 καὶ
3304 526 3561 595 μεγάλων
3589 526 3830 594 ἐξαιρείο

2240 617 2364 670 σθαι
2396 616 2581 670 κακῶν
2611 618 2737 680 τοὺς
2759 618 2962 686 ἑαυτῆς
2984 615 3249 686 ἐργάτας,
3274 614 3439 667 αὑτὸν
3465 614 3672 667 ἐκεῖνον
3693 616 3831 683 ὁμο-

2234 706 2500 773 λογοῦντα
2519 704 2756 775 Χριστὸν
2780 704 3004 773 ἔχουσα,
3031 704 3127 757 καὶ
3159 705 3240 766 είς
3262 702 3457 757 ἑαυτὸν
3492 702 3832 772 ἀναδεχόμεο

2237 809 2366 856 νον,
2411 795 2503 847 τὸν
2539 795 2621 856 εἰς
2669 792 2798 851 τοὺς
2847 795 3089 862 πένητας
3144 792 3313 844 ἔλεον.
3367 790 3678 861 Ἐςρ⁹ὕσον
3714 790 3835 859 γὰρ

2236 882 2589 951 ἐποιήσατε,
2614 883 2801 951 φησιν,
2817 880 2907 935 ἐνὶ
2927 882 3159 935 τούτων
3180 879 3675 948 τῶνέλαχίστων,
3694 878 3830 946 ἐμοὶ

2234 970 2565 1037 ἐποιήσατε
2585 985 2600 1001 ο
2652 969 2844 1040 ῶσπερ
2888 970 2917 1022 6
2962 968 3038 1039 μὴ
3065 969 3157 1022 τὸν
3185 968 3417 1036 ἀδελφὸν
3444 968 3614 1022 ἐλεῶν
3639 968 3829 1027 πάλιν,

2236 1060 2330 1112 τὸν
2357 1060 2481 1112 Υίὸν
2506 1058 2600 1112 τοῦ
2616 1059 2765 1113 Θεοῦ
2799 1057 2987 1128 σαφῶς
3012 1058 3267 1127 ἧρνηται,
3295 1057 3502 1128 τρόπον
3537 1057 3662 1110 τινὰ
3685 1057 3832 1110 κατά

2235 1148 2363 1211 τοὺς
2388 1146 2782 1209 Σαδδουκαίους
2810 1148 2876 1217 τῇ
2903 1144 3201 1199 ἀναστάσει
3230 1144 3323 1197 καὶ
3350 1144 3516 1208 αὐτὸς
3554 1145 3828 1207 ἀπιστῶν,

2236 1239 2331 1287 καὶ
2359 1236 2494 1306 πρὸς
2522 1234 2623 1297 τὰς
2671 1233 2881 1286 ἐκεῖθεν
2907 1233 2970 1286 οὐ
2997 1232 3182 1285 sum
3194 1250 3307 1285 πων
3336 1232 3583 1295 ἐλπίδας.
3612 1233 3707 1304 Μὴ
3738 1232 3829 1286 οὖν

2238 1324 2615 1394 προτιμήσητε
2644 1322 2743 1391 τῆς
2775 1321 2869 1375 τοῦ
2914 1319 3147 1389 ἀδελφοῦ
3178 1320 3366 1391 χρείας
3394 1320 3488 1372 τὸν
3515 1320 3830 1390 ἐγκρυπτὸ-

2237 1429 2403 1482 μενον
2453 1413 2568 1474 τοῖς
2618 1413 2867 1481 χρήμασι
2900 1409 3160 1479 δαίμονα,
3196 1410 3253 1472 ὃς
3293 1409 3385 1461 καὶ
3417 1395 3567 1480 ἃὺτῷ
3601 1410 3830 1479 Χριστῷ

2235 1499 2543 1569 τετόλμηκε
2573 1498 2905 1570 προσϐαλεῖν
2927 1537 2941 1563 ,
2970 1498 3210 1568 εἰρηκώς
3231 1513 3246 1527 ’
3287 1493 3479 1551 Ταῦτα
3501 1496 3708 1554 πάντα
3730 1514 3830 1552 σοι

2168 1611 2209 1666 Β
2236 1587 2431 1654 δώσω,
2452 1588 2560 1642 ear
2579 1586 2784 1641 πεσὼν
2796 1585 3240 1655 προσκυνήσῃς
3246 1604 3349 1654 μοι
3364 1602 3383 1619 ⁸
3405 1587 3481 1657 μὴ
3498 1589 3563 1657 τῇ
3584 1590 3829 1657 κοσμικῇ

2237 1672 2514 1743 φαντασίᾳ
2540 1671 2632 1724 τὸν
2655 1669 2755 1742 τὴν
2790 1669 3069 1739 πτωχείαν
3100 1670 3192 1722 τοῦ
3234 1670 3465 1740 πένητος
3508 1670 3832 1740 ὑπερχόμεο

2239 1780 2350 1828 νον,
2380 1762 2474 1813 καὶ
2509 1759 2585 1831 μὴ
2608 1760 2799 1829 ἔχοντα
2826 1758 2930 1811 ποῦ
2961 1758 3058 1829 τὴν
3087 1758 3333 1828 κεφαλὴν
3353 1758 3554 1821 κλῖναι,
3584 1759 3829 1829 Χριστὸν

2236 1852 2566 1920 ἀτιμάσητε,
2597 1843 2658 1899 οἶ)
2698 1848 2837 1900 εἰσιν
2867 1848 2915 1898 οἱ
2945 1846 3168 1916 οὐρανοὶ
3201 1848 3293 1898 καὶ
3328 1847 3361 1916 ἡ
3396 1846 3491 1915 γῆ.
3540 1847 3706 1900 Ἐπεὶ
3739 1849 3832 1899 καὶ

2248 1938 2501 2009 Ἀδραὰμ
2548 1935 2762 2002 ξενίσας
2799 1930 2905 1987 οἵδε
2946 1934 3080 1987 Θεὸν
3135 1935 3233 1988 σὺν
3286 1934 3541 2003 ἀγγέλοις
3579 1934 3742 1987 δυσὶν
3775 1935 3832 1986 ἐν

2234 2028 2516 2097 ὁδοιπόρου
2539 2026 2780 2095 σχήματι
2802 2025 3039 2093 ’.ὁμοίως
3060 2023 3116 2076 δὲ
3142 2025 3238 2077 καὶ
3255 2024 3377 2076 Λὼτ
3399 2024 3670 2092 ἀγγέλους
3697 2025 3830 2076 ὑπο-

2234 2115 2550 2187 δεξάμενος.
2596 2113 2759 2165 Ἀλλὰ
2782 2115 2881 2167 καὶ
2904 2115 2961 2166 ἐν
2993 2111 3234 2182 πλουσίῳ
3259 2113 3353 2165 καὶ
3385 2114 3583 2183 πένητι
3607 2113 3827 2183 ζητεῖτε

2234 2201 2393 2265 Θεὸν,
2414 2199 2655 2268 πένητας
2681 2197 2781 2266 μὲν
2805 2196 2879 2260 ῶς
2916 2196 3230 2259 πλουσίους,
3259 2197 3553 2260 πλουσίους
3582 2197 3638 2250 δὲ
3666 2198 3824 2250 πάλιν

2234 2290 2311 2352 ὠς
2347 2272 2583 2359 πένητας
2607 2286 2970 2356 λογιζόμενοι,
3005 2285 3171 2347 πόδας
3198 2302 3255 2337 τε
3292 2285 3473 2338 αὐτῶν
3507 2286 3627 2356 μετ’
3663 2288 3825 2357 εὐχα-

2239 2378 2451 2447 ριστίας
2479 2376 2615 2429 Θεοῦ
2648 2377 2740 2429 καὶ
2763 2376 2990 2445 ἀγάπης
3028 2375 3085 2427 ἐν
3125 2372 3365 2428 διαθέσει
3396 2374 3576 2444 ψυχῆς
3601 2376 3826 2429 νίπτον-

2234 2484 2345 2533 τες,
2378 2469 2473 2521 καί
2500 2466 2699 2536 ἱλαρῶς
2734 2466 2918 2530 αὐτοῖς
2938 2469 3003 2519 ἐκ
3028 2468 3137 2521 τῶν
3160 2467 3329 2520 ὄντων
3353 2465 3737 2538 ἐπαρκοῦντες
3761 2470 3829 2521 τὰ

2236 2555 2372 2626 πρὸς
2403 2556 2499 2625 τὴν
2528 2555 2739 2626 χρείαῆ
2766 2554 2841 2618 ὡς
2873 2556 2969 2608 ἕνα
3001 2572 3061 2609 τε
3092 2559 3217 2619 τοὺς
3247 2558 3457 2618 πάντας
3490 2556 3707 2626 ὁρῶντε
3723 2576 3764 2621 :,
3797 2556 3830 2627 ἦ

2235 2646 2331 2697 καὶ
2389 2645 2625 2715 Χριστὸν
2682 2645 2740 2697 ἐν
2795 2645 2981 2708 αὐτοῖς
3037 2645 3239 2715 μᾶλλον
3290 2648 3423 2717 ὁρᾷν
3478 2645 3861 2715 νομίζοντεςμ

2236 2732 2475 2795 Πλοῦτος
2504 2735 2780 2803 μοναχοῖς,
2806 2733 3027 2802 ἀδελφοὶ
3056 2735 3151 2787 καὶ
3176 2733 3441 2805 ιῐατέρες,
3476 2735 3509 2805 η
3542 2735 3833 2805 ἀκτησίλ·

2237 2822 2287 2873 εἰ
2316 2820 2376 2873 δὲ
2398 2820 2662 2889 κέκτηταί
2690 2838 2793 2891 τις,
2828 2820 2904 2893 μὴ
2943 2822 3122 2892 ἑαυτῷ
3150 2822 3373 2893 μᾶλλον,
3401 2822 3538 2876 ἀλλὰ
3571 2821 3653 2894 τῷ
3688 2823 3837 2897 πλη-

553 2909 777 2971 dabitis,
804 2909 849 2963 si
871 2908 1237 2964 consideretis
1263 2909 1316 2962 in
1344 2925 1590 2979 paupere
1621 2910 1853 2965 divitem
1875 2918 2138 2965 etcontra

2242 2908 2352 2963 σίον
2381 2907 2694 2977 κεκτήσθω.

558 3002 610 3054 in
638 3002 806 3057 divite
837 3015 1169 3071 pauperem;
1205 3001 1253 3056 si
1275 2977 1671 3070 pedesveorum
1700 3002 1898 3057 lavetis
1923 3018 2051 3057 eum
2098 3001 2399 3072 gratiarum
2430 3001 2647 3055 actione
2684 3007 2741 3054 et
2763 2998 3030 3056 charitate
3054 2977 3602 3055 indestiﬁcationem
3635 2998 3843 3059 animi,

557 3098 602 3150 si
647 3097 1013 3167 suppeditetis
1039 3096 1293 3150 hilariter
1313 3096 1381 3151 de
1408 3096 1767 3151 facultatibus
1796 3097 1999 3152 vestris
2026 3097 2295 3166 quidquid
2326 3110 2518 3150 eorum
2551 3110 2684 3149 usus
2704 3093 2973 3165 deposcit,
3016 3097 3061 3148 si
3096 3093 3335 3163 denique
3363 3092 3661 3146 universos
3694 3094 3847 3146 velut

557 3207 727 3244 unum
765 3189 1111 3251 intueamini,
1132 3197 1226 3243 aut
1259 3192 1441 3259 potius
1470 3191 1752 3247 Christum
1784 3193 1837 3246 in
1864 3194 2124 3247 omnibus
2148 3209 2243 3247 vos
2265 3207 2513 3255 cernere,
2543 3191 2890 3245 existimetis.
2928 3190 3141 3245 Dix'itia:
3173 3188 3594 3252 monachorum,
3648 3189 3850 3243 Patres

558 3286 891 3353 fratresque,
928 3283 1065 3337 nihil
1100 3284 1426 3352 possidere:
1472 3287 1518 3340 si
1561 3288 1689 3356 quis
1735 3296 1916 3342 tamen
1962 3289 2029 3344 iis
2064 3287 2328 3352 abundet,
2364 3303 2473 3341 non
2515 3286 2620 3340 sibi
2656 3287 2839 3356 potius
2865 3286 3111 3341 abundet
3154 3300 3319 3355 quam
3347 3284 3619 3355 proximo.

626 3374 716 3428 '53.
750 3374 828 3427 Eo
857 3374 1258 3428 connitendum
1313 3377 1605 3441 monacho,
1644 3387 1707 3431 ut
1746 3386 1859 3432 tum
1911 3392 2144 3448 corpore

560 3472 676 3517 tum
705 3464 892 3517 animo
927 3466 1220 3520 continens
1242 3466 1332 3520 sit.
1362 3467 1417 3521 Si
1460 3484 1625 3537 quem
1658 3476 1903 3524 vestrum
1942 3471 2145 3524 lasciva

559 3554 820 3623 cogitatio
872 3552 1133 3616 incessat,
1164 3554 1386 3617 fratres,
1427 3556 1481 3609 in
1529 3558 1808 3611 anxietate
1835 3558 2068 3627 spiritus
2090 3564 2146 3611 et

560 3643 986 3713 compunctione
1011 3644 1195 3699 cordis
1233 3646 1558 3715 confugiens
1590 3646 1656 3700 ad
1691 3648 1885 3708 Deum,
1913 3648 1986 3700 ita
2018 3660 2144 3699 cum

561 3737 819 3807 lacrymis
840 3737 1042 3791 clamet
1070 3752 1085 3790 :
1114 3738 1344 3792 Domine
1370 3739 1497 3793 Jcsu
1535 3739 1775 3803 Christe,
1806 3749 1861 3793 tu
1905 3741 1999 3808 qui
2046 3738 2147 3792 mi-

559 3827 801 3881 sericors
833 3835 895 3881 et
914 3827 1209 3882 miserator
1240 3829 1405 3892 Deus,
1438 3829 1531 3897 qui
1557 3830 1725 3883 totius
1752 3830 2146 3883 consolationis

561 3919 847 3983 Dominus,
898 3928 953 3973 tu
988 3921 1082 3989 qui
1116 3920 1269 3974 fuisti
1324 3936 1563 3990 semper,
1609 3922 1940 3990 futurusque
1981 3936 2041 3975 es
2090 3922 2144 3974 in

561 4018 854 4073 aeternum,
891 4021 947 4066 tu
993 4013 1089 4081 qui
1142 4013 1556 4068 amantissimus
1590 4013 1764 4066 nostri
1815 4014 1998 4075 Pater,
2049 4013 2144 4081 qui

559 4092 903 4156 confidentes
934 4103 988 4155 in
1011 4112 1065 4156 te
1089 4118 1202 4156 non
1234 4103 1441 4172 pateris
1462 4104 1759 4170 confundi;
1787 4114 1868 4167 tu,
1898 4104 2143 4173 inquam,

559 4193 715 4263 eripe
770 4207 857 4246 me
902 4208 970 4246 ex
1011 4202 1282 4262 potestate
1334 4195 1600 4260 hostium,
1641 4211 1902 4250 succurre
1950 4197 2146 4250 animae

562 4301 716 4347 meae,
751 4285 962 4339 salvum
1003 4301 1090 4340 me
1146 4286 1233 4341 fac
1288 4287 1341 4340 in
1379 4287 1761 4342 misericordia
1788 4296 1901 4352 tua,
1938 4296 1996 4341 tu
2050 4288 2145 4354 qui

559 4377 856 4432 exsultatio
879 4394 999 4433 mea
1026 4394 1107 4434 es.
1153 4379 1351 4435 Libera
1380 4395 1466 4434 me
1484 4382 1553 4435 ab
1583 4381 1798 4435 insidiis
1823 4396 2015 4435 eorum
2050 4383 2144 4451 qui

560 4466 1050 4523 circumdederunt
1078 4485 1163 4524 me
1188 4487 1201 4524 :
1228 4479 1284 4524 tu
1310 4471 1515 4541 quippe
1538 4472 1708 4534 nosti,
1735 4472 1827 4540 qui
1856 4473 2006 4527 solus
2028 4488 2145 4526 om—

559 4558 652 4612 nia
680 4560 847 4624 nosti,
873 4569 928 4613 et
952 4576 1117 4629 quem
1149 4578 1219 4616 ne
1248 4561 1573 4616 abscondita
1604 4562 1829 4631 quidem
1854 4563 2039 4617 cordis
2068 4563 2147 4616 la-

2319 3376 2420 3444 λγ⁹.
2455 3377 2657 3443 Ἔργον
2709 3374 2967 3446 μοναχοῦ,
3011 3375 3335 3445 σωφροσύνη
3393 3374 3677 3446 σώματος,
3712 3377 3849 3429 ἀλλὰ

2248 3468 2531 3538 καὶψυχῆς
2554 3485 2568 3500 ⁸
2594 3470 2641 3521 εἰ
2670 3470 2726 3522 δέ
2746 3486 2865 3521 τινα
2893 3467 3069 3535 ὑμῶν,
3105 3468 3347 3537 ἀδελφοὶ,
3374 3468 3637 3537 λογισμὸς
3682 3471 3853 3523 ἆκαθυ

2248 3559 2445 3629 αρσίας
2477 3558 2719 3631 εἰσέλθῃ,
2750 3562 2807 3612 ἐν
2852 3562 3049 3629 συνοχῇ
3113 3559 3427 3628 πνεύματος
3471 3562 3566 3612 καὶ
3607 3559 3849 3631 καῷίας

2246 3651 2529 3721 ὀλολυγμῷ
2573 3652 2709 3722 πρὸς
2734 3650 2865 3703 θεὸν
2901 3651 3038 3722 μετὰ
3084 3651 3340 3718 δακρύων
3386 3654 3571 3704 ἐκεῖνα
3620 3652 3850 3721 Baiter

2247 3744 2493 3797 Δέσποτα
2523 3743 2748 3813 Χριστὲ,
2792 3743 2821 3795 6
2874 3741 2985 3795 τῶν
3033 3736 3337 3812 οἰκτιρμῶν
3381 3743 3479 3795 καὶ
3516 3743 3610 3795 τοῦ
3660 3744 3850 3805 ἐλέους

2247 3836 2403 3901 Θεὸς,
2446 3837 2474 3888 ὁ
2513 3837 2691 3907 πάσης
2737 3834 3134 3905 παρακλήσεως
3175 3834 3401 3905 Κύριος,
3437 3836 3466 3887 6
3504 3836 3591 3887 ἀεὶ
3643 3832 3728 3889 ῶν
3760 3839 3851 3888 καὶ

2248 3925 2516 3995 διαμένων
2547 3927 2626 3987 εἰς
2659 3924 2787 3986 τοὺς
2822 3923 3043 3989 αἰῶνας,
3086 3925 3113 3975 6
3141 3923 3297 3991 μόνος
3337 3923 3709 3995 φιλόστοργος
3744 3925 3851 3976 Πα-

2247 4016 2373 4087 τὴρ,
2398 4018 2423 4068 6
2450 4018 2573 4079 τοὺς
2604 4016 2695 4068 ἐπὶ
2727 4015 2809 4068 σοὶ
2843 4017 3170 4078 πεποιθότας
3205 4013 3283 4084 μὴ
3312 4015 3730 4084 καταισχύνων,
3757 4014 3846 4085 ῥῦ-

2252 4109 2342 4163 σαί
2369 4126 2434 4178 με
2473 4112 2535 4161 ἐκ
2562 4108 2742 4183 χειρὸς
2773 4108 2982 4181 ἐχθρῶν
3012 4126 3136 4179 μου,
3170 4109 3407 4180 προσχες
3437 4111 3502 4181 τῇ
3529 4110 3689 4182 ψυχῇ
3728 4129 3848 4180 μου.

2248 4199 2422 4254 σῶσόν
2462 4218 2528 4271 με
2565 4202 2622 4252 ἐν
2646 4200 2723 4271 τῷ
2755 4199 2893 4253 ἐλέει
2917 4217 3009 4253 σου
3041 4200 3100 4253 τὸ
3123 4200 3440 4271 ἀγαλλίαμὰ
3479 4220 3605 4270 μου.
3643 4203 3837 4274 λύτρω

2250 4282 2363 4345 σαί’
2391 4310 2458 4361 με
2505 4292 2611 4345 ἀπὸ
2652 4292 2759 4343 τῶν
2808 4292 3207 4345 κυκλωσάντων
3246 4309 3345 4362 με’
3385 4294 3448 4347 σὺ
3476 4294 3587 4364 γὰρ
3621 4291 3799 4356 οἶδας.
3823 4305 3849 4356 ὁ

2251 4383 2409 4454 μόνος
2440 4384 2616 4436 πάντα
2651 4380 2829 4446 εἰδὼς,
2861 4383 2919 4435 ὃν
2947 4383 3102 4436 οὐδὲν
3166 4383 3283 4438 οὐδὲ
3336 4382 3445 4436 τῶν
3478 4385 3580 4455 τῆς
3616 4386 3850 4457 καρδίας

2247 4468 2495 4540 κρυφίων
2536 4468 2720 4522 λαθεῖν
2767 4470 3013 4535 δύναται,
3055 4471 3130 4533 ὡς
3178 4470 3277 4521 οὐκ
3327 4472 3468 4540 ἐμῆς
3514 4476 3628 4527 εἰσι
3672 4476 3846 4528 ταῦτα

2246 4558 2475 4629 γνώμης
2508 4557 2793 4629 γεώργιον,
2829 4559 2963 4614 ἀλλὰ
2999 4561 3141 4613 κατὰ
3171 4560 3303 4613 πολύ
3342 4579 3432 4632 μοι
3469 4564 3535 4616 τὸ
3580 4566 3849 4618 ἀκούσιον

564 4661 679 4705 tere
709 4661 963 4721 possunt,
993 4661 1073 4717 tu,
1108 4654 1355 4724 inquam,
1381 4655 1553 4717 nosti,
1588 4655 1902 4710 istiusmodi
1929 4656 2138 4725 impura

2251 4650 2487 4718 ἐπεφύη.
2513 4651 2796 4720 Μνήσθητι
2826 4651 2906 4703 ὅτι
2959 4649 3088 4721 χοῦς
3126 4653 3261 4721 εἰμι,
3304 4654 3397 4705 καὶ
3434 4652 3509 4722 μὴ
3553 4658 3641 4718 είς
3682 4660 3847 4709 κατά-

559 4742 814 4812 eogitata,
846 4760 955 4798 non
989 4761 1020 4799 a
1050 4761 1134 4799 me
1170 4746 1454 4809 accersita,
1488 4746 1581 4800 sed
1612 4747 1845 4800 invitum
1878 4749 2141 4801 multum-

561 4849 671 4901 que
717 4836 1085 4890 reluctantem
1142 4837 1390 4889 animum
1416 4838 1677 4893 subiisse.
1714 4840 1985 4893 Memento
2013 4839 2143 4909 quia

562 4922 743 4991 pulvis
768 4940 911 4987 sum,
940 4940 1064 4987 nec,
1114 4940 1322 4994 quaeso,
1368 4927 1421 4980 in
1452 4928 1966 4983 condemnationem
2008 4930 2140 4982 mihi

561 5012 653 5067 illa
673 5014 893 5068 cedant.
914 5015 1167 5080 Domine,
1184 5018 1433 5081 Domine,
1451 5020 1625 5073 virtus
1644 5020 1836 5074 salutis
1859 5036 2012 5084 mete,
2037 5020 2143 5075 sub

562 5103 759 5159 umbra
792 5113 883 5159 tua
914 5113 1142 5176 protege
1183 5123 1269 5161 me
1304 5108 1357 5162 in
1390 5109 1480 5164 die
1513 5110 1666 5165 belli.
1730 5111 1805 5166 Ne
1843 5112 2145 5165 tradideris

552 5210 669 5255 sne.
702 5196 956 5260 Domine,
981 5212 1011 5251 a
1041 5200 1505 5269 concupiscentiis
1529 5204 1666 5257 meis
1689 5204 1963 5273 peccotori
1998 5221 2011 5257 :
2039 5205 2145 5258 mi-

558 5300 745 5345 serere
768 5288 898 5353 mei,
923 5288 1089 5353 Deus,
1119 5290 1385 5346 miserere
1414 5294 1545 5358 mei,
1568 5294 1828 5362 quoniam
1858 5295 1911 5347 in
1937 5303 1987 5348 te
2007 5310 2140 5347 con-

560 5378 684 5433 ﬁdit
716 5379 900 5434 anima
927 5396 1069 5447 mea,
1096 5392 1152 5437 et
1177 5384 1282 5438 sub
1306 5384 1498 5439 umbra
1528 5388 1740 5439 alarum
1767 5395 1983 5440 tuarum
2014 5400 2143 5454 spe-

557 5470 698 5526 rabo
723 5488 739 5521 :
771 5470 917 5524 Deus
942 5488 1119 5539 meus,
1147 5491 1215 5530 ne
1242 5475 1403 5545 longe
1436 5477 1664 5531 recedas
1692 5493 1721 5531 a
1747 5492 1835 5531 me
1865 5495 1878 5529 :
1904 5477 2051 5531 Deus
2082 5476 2137 5530 in

621 5580 865 5636 ‘Matth.
903 5599 1027 5655 xxv,
1083 5587 1175 5643 40.
1250 5590 1271 5622 ⁷
1323 5590 1513 5645 Matth.
1564 5607 1635 5659 IV,
1672 5593 1725 5648 9.

2252 4756 2425 4809 κριμα
2483 4739 2787 4807 λογισθήτω
2830 4756 2938 4809 μοι.
2999 4738 3193 4809 Κύριε,
3242 4740 3711 4813 Κύριε,ιδύναμις
3755 4745 3846 4815 τῆς

2252 4829 2527 4900 σωτηρίας
2561 4847 2685 4899 μου,
2715 4830 3034 4883 ἐπισκίασον
3072 4830 3169 4883 ἐπὶ
3207 4834 3311 4901 τὴν
3350 4832 3605 4904 κεφαλήν
3651 4853 3760 4903 μου
3796 4839 3845 4886 ἐν

2251 4922 2435 4992 ἡμέρα
2463 4920 2737 4990 πολέμου·
2770 4920 2843 4991 μή
2880 4922 3139 4992 παραδῴς
3198 4940 3285 4992 με,
3346 4925 3545 4993 Κύριε,
3594 4925 3715 4978 ἀπὸ
3755 4924 3845 4993 τῆς

2250 5013 2545 5084 ἐπιθυμίας
2571 5031 2673 5082 μου
2702 5013 3013 5084 ἁμαρτωλῷ
3033 5015 3291 5085 ’ἐλέησόν
3322 5034 3411 5084 με,
3437 5019 3465 5069 6
3498 5017 3663 5080 Θεὸς,
3700 5017 3844 5083 ἐλέη-

2254 5108 2344 5159 σόν
2377 5123 2465 5175 με,
2498 5108 2580 5159 ὅτι
2614 5108 2706 5159 ἐπὶ
2733 5107 2815 5159 σοὶ
2850 5107 3110 5160 πέποιθεν
3142 5111 3174 5178 ἡ
3208 5108 3354 5179 ψυχή
3403 5126 3531 5179 μου,
3569 5111 3675 5162 καὶ
3702 5111 3838 5177 ﬁeri

2253 5199 2384 5268 σκιᾷ
2412 5197 2521 5250 τῶν
2550 5200 2837 5269 πτερύγων
2879 5216 2974 5252 σου
3004 5198 3179 5251 ἐλπιῶ
3198 5215 3214 5229 ο
3245 5203 3275 5252 6
3296 5201 3428 5262 Θεὸς
3458 5218 3587 5269 μου,
3626 5203 3710 5273 μὴ
3748 5217 3839 5272 μα-

2252 5289 2458 5361 κρύνῃς
2491 5291 2584 5344 ἀπ’
2616 5292 2772 5359 ἐμοῦ,
2814 5292 2843 5344 6
2872 5291 3007 5353 Θεὸς
3041 5309 3163 5361 μου,
3198 5294 3278 5355 είς
3303 5294 3406 5359 τὴν
3447 5291 3719 5362 βοήθειάν
3747 5308 3836 5362 μου

2252 5382 2519 5452 πρόσχες·
2590 5381 2783 5453 βοηθός
2861 5400 2964 5454 μου
2992 5384 3087 5437 καὶ
3116 5384 3321 5455 ρύστης
3348 5402 3449 5455 μου
3472 5382 3523 5437 εἷ
3548 5386 3644 5453 σὺ,
3666 5387 3699 5439 6
3720 5383 3837 5446 Θςις

2257 5491 2381 5544 μου,
2414 5473 2487 5544 μὴ
2516 5476 2789 5547 χρονίσῃς.
