4034 6186
318 209 449 276 3017

318 439 343 475 a
397 436 502 474 me.

386 513 478 564 λδν.
511 509 696 563 Ταῦτα
753 511 781 562 ὁ
842 512 1108 579 ῥυπαροῖς
1159 512 1436 579 λογισμοῖς
1485 509 1884 578 πολεμούμενος
1915 516 1956 568 Α

319 601 616 670 προσεύχου
653 601 801 670 Θεῷ·
847 598 964 653 εἶτα
1017 602 1170 671 ῥίψον
1210 604 1308 671 τὴν
1353 603 1555 656 οἰκείαν
1601 603 1882 655 ἀσθένειαν

319 692 546 746 ἐνώπιον
599 692 698 759 τῆς
751 691 916 742 αὐτοῦ
956 691 1308 760 ἀγαῡότητος,
1345 694 1438 744 καὶ
1483 692 1644 754 αὐτὸς
1683 694 1740 742 ὲν
1771 691 1883 750 τοῖς

321 779 675 850 μεταφρένοις
720 778 886 831 αὑτοῦ
942 779 1146 842 εὐθέως
1198 781 1507 834 ἐπισκιάσει
1556 795 1657 832 σοι.
1723 778 1885 831 Ἀπο-

322 869 616 938 στρέιξεσοε
648 868 848 930 τοίνυν,
872 867 1249 936 ἀδελφοὶ,τοὺς
1278 869 1554 938 ῥυπαροὺς
1573 867 1885 936 λογισμοὺς,

319 959 406 1022 οὓς
457 961 629 1012 τίκτει
674 958 735 1011 τὸ
793 957 1068 1027 πλήρωμα
1111 958 1206 1024 τῆς
1245 957 1518 1027 γαστρόςο
1562 957 1782 1008 διώκετε
1829 957 1885 1008 δὲ

323 1049 520 1116 μᾶλλον
549 1049 647 1118 τὴν
668 1049 891 1118 εἰρήνην
917 1048 1016 1100 καὶ
1048 1047 1137 1100 τὸν
1163 1048 1450 1117 ἀγιασμδν,
1482 1042 1556 1099 ὧν
1595 1048 1764 1117 χωρὶς
1791 1047 1883 1099 ού-

319 1138 423 1200 δε“ις
445 1138 632 1206 ὄψεται
665 1137 888 1206 Κύριον,
935 1137 992 1198 ὃς
1022 1137 1140 1188 οὐδὲ
1169 1137 1266 1200 τὰς
1293 1137 1385 1189 τοῦ
1412 1136 1603 1207 ἐχθροῦ
1640 1136 1887 1206 μηχανὰς

319 1226 631 1295 ἀπέκρυψεν
656 1227 746 1294 ἀφ’
775 1226 928 1295 ἡμῶν
948 1242 962 1258 ·
989 1225 1112 1278 οὐδὲ
1147 1227 1255 1295 γὰρ
1279 1226 1464 1289 αὑτοῦ,
1495 1226 1648 1296 φησὶ,
1672 1227 1740 1277 τὰ
1765 1227 1888 1294 νοή-

323 1335 464 1386 ματα
501 1315 819 1385 ἀγνοοῦμεν.
861 1316 1000 1368 Ἀλλ’
1035 1317 1128 1370 ὲάν
1182 1334 1264 1380 τις
1323 1317 1475 1386 ὑμῶν
1532 1317 1667 1384 πρὸς
1709 1316 1888 1388 ὄρεξιν

323 1407 626 1477 βρωμάτων
675 1406 1058 1476 διερεθίζηται,
1106 1407 1294 1459 νοείτω
1345 1408 1427 1470 τίς
1471 1408 1499 1459 ὁ
1552 1407 1746 1470 ξαίνων
1792 1408 1888 1476 τὴν

319 1500 497 1567 ὄρεξιν
519 1516 532 1529 ο
566 1499 660 1552 ἐὰν
689 1515 770 1562 τις
803 1499 908 1550 ὑπὸ
943 1498 1208 1568 σαρκικοῦ
1239 1498 1474 1568 πολέμου
1502 1499 1888 1569 διαθερμαίνη-

320 1606 427 1656 ται,
462 1591 866 1656 ἐπιγινωσκέτω
909 1590 991 1650 τίς
1042 1592 1069 1642 ὁ
1116 1592 1176 1641 τὸ
1206 1589 1316 1658 πῦρ
1363 1591 1637 1650 ἀνάπτων,
1677 1591 1770 1641 καὶ
1795 1591 1889 1656 τῆς

320 1683 398 1744 τις
427 1681 488 1732 τὸ
519 1681 682 1733 κακδν
705 1680 960 1748 ἀφορμῆς
982 1681 1222 1750 ἐκκοπὴν
1250 1681 1549 1733 ἐπινοείτω.
1577 1681 1745 1748 Στῆτε
1776 1697 1890 1733 τοι·

323 1773 522 1845 γαρούν
566 1772 638 1833 ὡς
669 1770 902 1841 α’)ληταὶ
935 1775 1190 1840 γενναῖοι,
1234 1771 1614 1842 ἀνακρίνοντες
1666 1774 1891 1836 ἑαυτοὺς

323 1865 407 1918 διὰ
437 1863 654 1928 παντὸς,
687 1863 922 1931 ἀδελφοὶ,
963 1865 1056 1916 καὶ
1093 1867 1372 1934 οἰχήσεται
1411 1864 1504 1929 ἀφ’
1531 1865 1684 1934 ὑμῶν
1732 1869 1764 1933 ἡ
1796 1866 1892 1934 τῆς
1927 1859 1966 1910 Β

326 1957 593 2026 ἁμαρτίας
619 1956 868 2025 ἐνέργεια
893 1972 906 1986 '
931 1958 988 2007 ἐν
1011 1956 1219 2018 τούτοις
1243 1955 1328 2009 ἀεὶ
1353 1957 1704 2025 μελετῶντες,
1726 1957 1896 2010 ταῦτα

325 2050 443 2103 καθ’
468 2051 692 2111 ἑαυτοὺς
723 2048 1082 2115 ἐξετάζοντες,
1114 2050 1346 2104 εὐνςέῖτε
1373 2049 1448 2118 τῷ
1477 2049 1664 2117 οἰκείῳ
1693 2051 1892 2102 Δεσπὸ-

323 2160 388 2213 τῃ
409 2157 423 2170 ⁸
463 2142 548 2194 ἵνα
579 2143 674 2194 καὶ
711 2143 742 2210 ἡ
768 2145 1019 2213 προκοπὴ
1051 2143 1203 2212 ὑμῶν
1307 2140 1534 2213 φανερὰ,
1565 2141 1660 2194 τοῦ
1699 2143 1755 2192 ἐν
1784 2143 1895 2192 Κυ-

327 2233 423 2300 ρίῳ
470 2233 778 2301 καυχᾶσθαι
831 2233 970 2286 κατὰ
1019 2234 1080 2286 τὸ
1122 2235 1526 2306 γεγραμμένον,
1555 2235 1650 2287 καὶ
1696 2233 1896 2299 λέγειν,

335 2323 480 2377 Ἐὰν
520 2322 606 2391 μή
656 2341 772 2390 μου
845 2327 1360 2390 κατακυριεύσωσι
1391 2365 1406 2386 ,
1471 2325 1603 2378 τότε
1662 2324 1901 2392 ἄμωμος

325 2411 534 2480 ἔσομαι
559 2453 574 2475 ,
608 2411 704 2464 καὶ
758 2414 1274 2482 καθαρισθήσομαι
1322 2415 1439 2467 ἀπὸ
1480 2416 1768 2481 ἁμαρτίας
1797 2430 1900 2482 με.

328 2502 548 2571 γὰλης,
596 2503 693 2555 καὶ
739 2504 983 2557 ἔσονται
1033 2507 1120 2568 εις
1151 2503 1435 2558 εὐδοκίαν
1465 2503 1535 2557 τὰ
1576 2505 1752 2572 λόγια
1793 2504 1902 2559 τοῦ

326 2596 628 2663 στόματός
647 2612 788 2662 μου’
808 2595 1018 2649 ἔσονται
1058 2596 1119 2648 δὲ’
1145 2599 1263 2650 τότε
1298 2598 1516 2666 μᾶλλον,
1559 2598 1778 2668 ἀδελφοὶ
1807 2601 1902 2652 καὶ

327 2688 588 2756 Πατέρες,
611 2690 687 2748 εἰς
706 2687 967 2746 εὐδοκίαν,
987 2689 1113 2740 ὅταν
1133 2688 1269 2756 μετὰ
1290 2688 1381 2741 τοῦ
1407 2691 1903 2760 ἀκατακυριεύτους

327 2780 471 2848 ἡμᾶς
495 2774 653 2843 εἶναι,
681 2778 760 2831 ἔτι
799 2779 866 2830 τὰ
908 2778 1066 2845 λόγια
1098 2780 1192 2831 τοῦ
1227 2780 1490 2848 στόματος
1523 2782 1619 2832 καὶ
1643 2781 1903 2851 δάκρυσιν

328 2865 364 2944 ᾗ
395 2868 618 2937 καρδίας
659 2883 896 2938 κατηρτυ
907 2869 1060 2936 μένα.

397 2959 491 3013 λε’.
535 2958 595 3010 Ἢ
632 2959 919 3026 ψαλμῳδία
948 2958 1240 3023 κατάνυξιν
1276 2960 1447 3029 ἐχέτω
1470 2976 1483 2990 ⁶
1518 2963 1572 3013 αἱ
1619 2962 1750 3030 πρὸς
1775 2961 1905 3013 Θεὸν

331 3051 524 3116 φωναὶ,
551 3052 644 3099 καί
684 3048 743 3098 τὸ
774 3049 880 3098 τῶν
902 3047 1100 3115 χειρῶν
1135 3048 1314 3117 ἔργον,
1339 3050 1413 3112 ὼς
1475 3051 1721 3118 ἀγγέλων
1765 3066 1907 3119 παρ-

333 3138 582 3193 εστώτων
610 3139 736 3207 ὑμῖν
771 3138 1092 3191 ὲκτελείσθω
1114 3155 1126 3166 ·
1179 3139 1208 3190 ὁ
1239 3141 1331 3194 δύο
1371 3143 1603 3210 χιτῶνας
1635 3143 1796 3212 ἔχων,
1827 3140 1905 3211 τῷ

335 3231 409 3299 μὴ
439 3229 611 3298 ἔχοντι
659 3227 961 3296 μεταδότωο
1011 3230 1044 3296 ὴ
1077 3231 1296 3297 νηστεία
1321 3213 1325 3218 1
1353 3232 1472 3285 καθ’
1517 3231 1728 3302 ἡμέραν
1773 3233 1902 3302 ὑμῖν

331 3319 489 3389 ἄχρις
511 3319 735 3388 ὲννὰτης
759 3319 1167 3388 παρατεινέσθω
1184 3337 1197 3350 ·
1221 3325 1568 3392 νηστεύοντες
1587 3326 1640 3378 δὲ
1665 3327 1740 3395 μὴ
1765 3325 1903 3378 κατὰ

331 3410 458 3470 τοὺς
498 3407 798 3476 ὑποκριτὰς
837 3409 1343 3480 σκυθρωπάζωμεν,
1374 3413 1510 3465 ἀλλὰ
1549 3415 1796 3485 φυλακὴν
1826 3415 1904 3485 τῷ

336 3499 564 3567 στόματι
593 3497 839 3566 Θώμεθα,
887 3499 980 3552 καὶ
1023 3503 1284 3570 περιοχῆς
1326 3501 1496 3571 Θύραν
1533 3508 1642 3566 τοῖς
1679 3506 1900 3572 χείλεσι.

332 3590 482 3658 Ξένῳ
511 3587 724 3656 ἀδελφῷ
759 3589 1125 3652 ὑπαντῶντες,
1157 3592 1364 3660 ταχέως
1395 3593 1684 3661 μετάνοιαν
1715 3594 1904 3663 βάλλε-

333 3696 414 3745 τε,
452 3679 719 3745 λέγοντες,
771 3678 893 3741 Πῶς
947 3680 1174 3749 ἔχομεν;
1231 3679 1347 3734 εἶτα
1387 3683 1567 3736 δοτέον
1607 3683 1788 3754 χώραν
1839 3686 1902 3752 τῇ

333 3772 513 3837 σιωπῇ
537 3786 552 3800 ο
598 3771 645 3820 εί
677 3769 734 3821 δέ
771 3786 875 3821 τινι
912 3771 1006 3822 καὶ
1039 3771 1381 3841 διαλεχθῆναι
1421 3776 1738 3840 ἀναγκαῖον,
1777 3793 1904 3844 προ-

330 3857 520 3926 τρέψει
578 3857 668 3908 τὸν
701 3857 924 3925 ἀδελφὸν
963 3860 1183 3929 ἀγάπην
1226 3860 1408 3913 λαϐεῖν
1431 3879 1444 3891 ·
1475 3864 1571 3914 εἴτ’
1603 3859 1695 3915 οὖν
1742 3865 1904 3930 ἄρτον

335 3947 500 4014 ζωῆς,
538 3950 630 4000 καὶ
656 3947 920 4014 φιλοθέοις
952 3951 1113 4002 αὐτὸν
1147 3952 1466 4020 διηγήμασι,
1497 3954 1583 4005 καὶ
1612 3953 1905 4014 πολιτείαις

335 4041 594 4110 Πατέρων
625 4041 920 4093 ἑστιατέον.
951 4043 1041 4112 Μὴ
1073 4042 1349 4111 γινώμεθα
1381 4043 1645 4107 κενόδοξοι
1676 4046 1741 4113 τῇ
1782 4045 1896 4096 δια⁸

334 4131 529 4200 λέκτῳ,
561 4129 675 4181 ἀλλ’
708 4133 738 4199 ἡ
765 4132 870 4182 τῶν
895 4133 1124 4184 ἐντολῶν
1153 4135 1283 4202 ἡμῖν
1312 4135 1535 4204 τήρησις
1577 4136 1774 4204 μᾶλλον
1808 4137 1904 4204 τὴν

335 4217 508 4286 ἀληθῆ
537 4218 688 4280 δόξαν
719 4218 1128 4288 περιποιείσοω,
1174 4224 1228 4272 ἐν
1262 4220 1517 4287 ἁπλότητι
1551 4221 1773 4292 καρδίας
1813 4239 1907 4272 τα-

340 4309 732 4377 πεινουμένοις,
777 4309 846 4360 Τὸ
877 4309 1208 4378 φιλόπτωχον
1244 4313 1373 4381 ἡμῖν
1414 4313 1518 4364 ὰπδ
1547 4311 1638 4364 τοῦ
1670 4313 1900 4380 ὑστερήο

341 4416 506 4467 ματος
546 4400 684 4451 ἔστω
709 4401 802 4452 καὶ
837 4400 1041 4463 ἐνδείας
1065 4417 1076 4429 ·
1110 4404 1142 4472 ἡ
1169 4405 1301 4471 πρὸς
1331 4403 1461 4455 Θεὸν
1489 4403 1805 4474 εὐχαριστία
1833 4404 1906 4472 μὴ

1346 210 1520 270 ΥΙΤΛ
1564 211 1604 266 Α
1650 203 2080 266 ΝΙὉΕΡΗΟΒΟ
2117 199 2595 265 CONSCRIPTA.

319 323 651 396 adjutorium
697 336 882 377 meum
957 322 1204 386 intende,
1255 318 1449 394 adjuva
1497 337 1604 380 me,
1663 321 1919 388 quoniam
1961 319 2220 372 liberator
2263 332 2418 371 meus
2465 332 2523 369 es
2579 327 2632 368 tu
2674 331 2687 367 :

3413 200 3550 267 3018

2743 314 2886 369 Deus
2942 330 3119 378 meus,
3162 332 3228 370 ne
3280 314 3552 386 elongerts

2054 504 2142 558 54.
2177 505 2253 558 ita
2299 504 2365 557 ad
2401 505 2569 556 Deum
2597 517 2711 562 ora.
2757 500 3005 570 quisquis
3041 500 3268 568 impuris
3289 500 3552 556 sordidis.

1988 612 2096 666 que
2146 594 2574 665 cogitationibus
2627 593 2931 656 infestaris;
2989 590 3192 645 deinde
3253 600 3554 657 prostratus

1988 697 2115 742 ante
2145 687 2387 740 divinam
2422 687 2568 740 illaut
2615 685 2940 747 bonitatem,
2989 681 3365 736 infirmitatem
3409 693 3554 736 tuam

1989 778 2283 842 confitere;
2314 787 2368 832 et
2408 779 2522 846 ipsa
2550 777 2812 832 continuo
2844 777 2898 829 in
2933 774 3240 828 visceribus
3284 774 3400 827 suis
3430 789 3558 842 pro-

1991 877 2135 940 teget
2166 876 2239 923 te.
2267 868 2636 922 Ex‘terminate
2663 869 2828 937 igitur
2853 865 3179 920 ementibus
3202 866 3419 928 vestris,
3449 865 3564 917 fra-

1992 968 2124 1022 tres,
2143 959 2501 1030 cogitationes
2517 968 2724 1027 turpes,
2744 971 2878 1026 quas
2895 955 3224 1010 abundantia
3241 954 3554 1022 ventrisqur

1992 1052 2217 1105 satietas
2242 1051 2382 1105 solet
2404 1065 2600 1119 parere
2626 1066 2639 1102 :
2661 1063 2853 1118 pacem
2880 1061 3011 1101 vero
3034 1056 3090 1101 et
3116 1045 3458 1100 sanctitatem
3478 1061 3562 1098 se-

1989 1141 2216 1195 ctamini
2235 1141 2440 1210 potius,
2459 1141 2577 1194 sine
2605 1139 2806 1208 quibus
2827 1154 2987 1192 nemo
3007 1137 3218 1192 videbit
3248 1135 3558 1194 Dominum,

1991 1233 2087 1302 qui
2107 1232 2540 1286 machinationes
2561 1229 2766 1284 inimici
2788 1245 2893 1283 non
2912 1229 3110 1283 celavit
3131 1241 3261 1281 nos:
3286 1241 3392 1279 non
3417 1225 3560 1278 enim

1994 1323 2309 1392 ignoramus
2333 1322 2560 1376 consilia
2585 1322 2772 1389 ipsius.
2799 1321 2853 1374 Si
2879 1321 3004 1390 quis
3031 1328 3212 1373 autem
3234 1327 3473 1372 vestrum
3497 1317 3561 1370 ad

1993 1415 2409 1469 immoderatam
2447 1415 2552 1476 cibi
2592 1415 2959 1484 appetentiam
2996 1411 3198 1467 irritari
3244 1427 3301 1467 se
3345 1412 3560 1472 sentiat,

1995 1507 2219 1578 cogitet,
2249 1507 2374 1576 quis
2397 1507 2544 1561 illam
2576 1507 2776 1560 excitet
2813 1505 2890 1559 :si
2916 1505 3040 1573 quis
3067 1521 3095 1557 a
3129 1502 3333 1558 carnali
3367 1517 3566 1555 concu-

1998 1598 2265 1666 piscentia
2299 1598 2615 1658 incalescat,
2652 1595 2872 1663 indaget
2895 1594 3017 1661 quis
3042 1594 3221 1662 ignem
3257 1592 3407 1644 illum
3440 1606 3564 1642 sue-

1997 1689 2227 1754 cendat;
2266 1688 2674 1756 constituatque
2706 1685 2845 1754 apud
2879 1700 2937 1738 se
2990 1684 3118 1737 mali
3154 1684 3482 1752 principium
3506 1699 3567 1734 ac

1997 1779 2236 1833 radicem
2286 1779 2506 1848 penitus
2567 1777 2823 1832 evellere.
2888 1775 3037 1830 State
3063 1774 3248 1844 igitur,
3309 1759 3565 1842 ut'genc-

1999 1886 2156 1925 rosos
2179 1871 2401 1940 pugiles
2455 1869 2632 1931 decet,
2657 1867 3020 1938 dijudicantes
3049 1865 3428 1932 vosmetipsos,
3461 1862 3567 1917 fra-

1997 1972 2150 2026 tres;
2207 1971 2262 2017 ct
2299 1962 2434 2016 certi
2467 1972 2644 2015 estote
2698 1958 2843 2028 quod
2897 1957 3078 2011 omnis
3108 1955 3344 2010 ellieacia
3385 1965 3441 2009 et
3486 1955 3568 2008 vis

1998 2051 2206 2122 peccati
2253 2059 2564 2105 evanescet.
2612 2051 2738 2103 Ilaec
2765 2058 3028 2117 perpetuo
3081 2047 3427 2109 meditantes,
3455 2045 3570 2099 lucc

1996 2142 2189 2195 sedulo
2229 2141 2372 2210 apud
2417 2141 2777 2209 vosmetipsos
2817 2132 3208 2206 expendentes,
3258 2134 3569 2189 benedicite

2001 2233 2263 2287 Domino:
2290 2241 2349 2286 ut
2381 2233 2655 2301 profectus
2674 2240 2856 2285 vester
2883 2228 3264 2282 manifestetur
3285 2227 3570 2296 gloriando

2003 2324 2057 2377 in
2109 2324 2361 2386 Domino,
2390 2324 2540 2392 juxta
2574 2321 2719 2390 quod
2757 2320 3022 2388 scriptum
3061 2327 3166 2380 est,
3205 2327 3259 2371 et
3293 2318 3567 2372 dicendo:

2003 2415 2060 2470 Si
2103 2418 2201 2469 mei
2226 2432 2328 2468 non
2357 2415 2552 2485 fuerint
2596 2415 2871 2474 dominati,
2899 2421 3021 2464 tunc
3060 2409 3432 2464 immaculata;
3461 2426 3569 2471 ero,

2004 2517 2051 2561 et
2072 2507 2394 2561 emundabor
2417 2525 2448 2560 a
2474 2505 2658 2559 delicto
2688 2521 2897 2574 magno,
2925 2512 2974 2556 et
3001 2511 3215 2569 accepta
3241 2508 3392 2552 erunt
3419 2501 3572 2556 verba

2003 2598 2110 2650 oris
2152 2597 2251 2649 mei
2282 2595 2322 2648 ⁸.
2376 2595 2549 2649 Erunt
2601 2603 2781 2648 autem
2837 2601 2969 2646 tunc
3018 2589 3350 2658 acceptiora,
3383 2589 3574 2643 Patres

2007 2690 2310 2758 fratresque
2345 2687 2472 2748 mei,
2519 2686 2686 2739 verba
2710 2684 2822 2738 oris
2855 2683 3049 2745 nostri,
3077 2681 3314 2751 quando.
3353 2680 3573 2735 invictis

2007 2777 2652 2848 nobispermanentihus,
2694 2777 2948 2846 laerymis
2975 2789 3191 2844 quoque
3227 2771 3411 2827 cordis
3438 2787 3573 2826 cou-

2006 2869 2120 2923 dita
2157 2869 2386 2923 fuerint.

2083 2959 2172 3012 55.
2207 2959 2544 3012 Psalmorum
2584 2967 2780 3012 cantus
2811 2972 2842 3009 ο
2871 2955 3037 3011 corde
3070 2964 3399 3026 compuncto
3443 2970 3574 3025 pro-

2007 3051 2168 3106 cedat
2190 3069 2201 3103 :
2224 3051 2534 3104 orationum
2556 3050 2736 3120 jacula
2769 3049 2835 3103 ad
2860 3049 3026 3102 Deum
3047 3048 3304 3109 emittite,
3334 3055 3392 3102 et
3410 3061 3574 3115 opera

2011 3143 2285 3200 manualia
2309 3142 2578 3213 perficite,
2607 3155 2876 3195 memores
2897 3155 3117 3210 semper
3143 3137 3443 3210 praesentiat
3473 3153 3574 3191 au-

2007 3239 2253 3308 gelorum
2288 3254 2300 3289 :
2329 3237 2421 3306 qui
2453 3236 2588 3289 duas
2614 3235 2780 3289 habet
2804 3231 3223 3297 tunicas,alleri
3250 3231 3450 3284 nullam
3483 3229 3576 3283 ha~

2009 3328 2156 3383 benti
2190 3327 2601 3381 communicet:
2635 3327 3020 3396 quotidianum
3060 3322 3328 3396 jejunium
3370 3322 3425 3375 in
3477 3335 3575 3374 no-

2007 3435 2132 3473 nam
2170 3433 2342 3487 usque
2372 3418 2562 3471 horam
2588 3417 2698 3471 diei
2736 3419 3079 3472 extrahatur.
3113 3421 3180 3470 At
3214 3429 3337 3470 eum
3367 3413 3580 3486 jejuna-

2009 3525 2150 3572 mus,
2183 3509 2485 3564 cavendum
2516 3517 2598 3562 est
2624 3523 2691 3562 ne
2713 3508 3124 3578 bypocritarum
3159 3523 3309 3560 more
3337 3503 3576 3560 luridum

2008 3611 2373 3668 mmstumque
2411 3599 2767 3667 przeferamus
2790 3599 3023 3658 vultum,
3063 3597 3155 3651 sed
3201 3596 3496 3651 videndum
3521 3605 3579 3649 ut

2009 3689 2314 3744 custodiam
2349 3703 2616 3758 ponamus
2661 3689 2744 3741 ori
2786 3696 2843 3742 et
2904 3689 3103 3742 ostium
3151 3687 3578 3742 circumstantiae

2010 3780 2170 3833 labiis
2211 3781 2434 3833 nostris.
2471 3779 2607 3832 Cum
2645 3777 2804 3834 fratri
2862 3794 3089 3848 peregre
3135 3778 3448 3832 advenienti
3487 3793 3577 3830 0c-

2009 3871 2253 3933 curritis,
2287 3871 2543 3923 celeriter
2582 3871 2846 3924 inclinato
2876 3884 3106 3939 corpore
3139 3869 3305 3924 dicite
3332 3888 3344 3922 :
3368 3869 3576 3938 Ecquid

2009 3961 2296 4015 valemus?
2335 3961 2533 4015 deinde
2572 3977 2671 4015 vos
2713 3962 2914 4015 iterum
2945 3961 3167 4014 silentio
3205 3961 3350 4016 date.
3393 3960 3448 4014 Si
3491 3963 3578 4016 cui

2008 4060 2186 4105 autem
2211 4051 2419 4105 diutius
2445 4052 2870 4121 colloquendum
2914 4063 3018 4116 est,
3046 4041 3137 4105 ille
3173 4051 3400 4106 fratrem
3439 4052 3579 4105 invi-

2011 4140 2147 4193 tabit
2198 4139 2263 4193 ad
2327 4141 2679 4195 refectionem
2732 4142 2813 4194 vel
2855 4142 3020 4196 etiam
3071 4140 3140 4194 ad
3199 4155 3396 4209 panem
3458 4140 3582 4193 vitae

2010 4226 2473 4290 manducandum,
2515 4237 2626 4283 tum
2659 4228 3073 4283 narrationibus
3122 4228 3373 4283 divinum
3423 4229 3584 4298 quid-

2014 4319 2137 4373 dam
2158 4321 2519 4390 spirantibus,
2541 4331 2654 4375 tum
2682 4330 3000 4377 sanctorum
3025 4323 3247 4376 Patrum
3266 4323 3396 4377 vitis
3430 4337 3584 4376 meu-

2013 4424 2084 4463 sa?
2123 4409 2410 4477 appositis.
2447 4409 2765 4466 Cavendum
2793 4419 2876 4465 est
2922 4427 2990 4466 ne
3021 4412 3309 4482 oblingute
3331 4410 3582 4480 peritiam

332 4487 648 4554 ὲκλειπέτω,
674 4491 784 4543 ἀλλ’
811 4492 867 4542 ὲν
896 4491 972 4560 τῷ
995 4492 1218 4560 στόματι
1246 4492 1398 4563 ὑμῶν
1423 4494 1481 4545 τὸ
1506 4495 1674 4563 ὄνομα
1704 4497 1900 4564 Κυρὲον

2014 4515 2152 4554 vana
2185 4501 2357 4570 gloria
2421 4502 2766 4566 efferamur;
2813 4502 2910 4556 sed
2963 4503 3141 4558 danda
3190 4504 3375 4573 potius
3418 4518 3582 4573 opera

334 4582 351 4629 ξ
364 4579 430 4632 πὶ
463 4582 624 4632 πᾶσιν
659 4581 987 4649 ἁγιαζέσοω,
1021 4582 1051 4651 ἢ
1092 4585 1184 4636 καὶ
1225 4585 1395 4653 στόμα
1428 4584 1628 4652 μᾶλλον
1658 4585 1784 4654 ὑμῖν
1817 4586 1908 4637 καὶ

335 4669 562 4740 καρδίαν
590 4673 878 4740 ἁγιαζέτω.

2021 4601 2100 4657 ut,
2129 4593 2384 4667 mandata
2407 4593 2504 4648 Dei
2534 4595 2588 4648 in
2615 4594 2965 4664 simplicitate
2984 4610 3047 4649 ac
3073 4595 3382 4650 humilitate
3400 4593 3584 4649 cordis

2015 4684 2410 4749 custodientes,
2440 4699 2622 4738 veram
2678 4685 2907 4754 gloriam
2959 4700 3312 4754 assequuntur
3338 4699 3404 4738 ac
3451 4699 3586 4737 cor.-

343 4779 644 4818 servemus.
671 4765 840 4820 Amor
865 4765 1188 4821 voluntaria:
1225 4767 1569 4838 paupertatis
1610 4768 1676 4822 ab
1705 4767 1818 4838 ipsa
1859 4772 2088 4839 penuria
2122 4783 2285 4844 atque
2316 4775 2497 4846 inopia
2543 4775 2725 4844 capiat
2792 4775 3228 4832 incrementum:
3281 4776 3583 4845 gratiarum

334 4859 476 4912 actio
510 4859 624 4912 Deo
654 4859 840 4914 debita
871 4877 1148 4930 nunquam
1171 4861 1392 4917 deticiat
1456 4862 1636 4923 vobis,
1695 4863 1788 4919 scd
1815 4863 1867 4918 iu
1903 4880 1999 4920 ore
2024 4879 2205 4924 vestro
2231 4885 2428 4923 nomen
2458 4867 2673 4922 Domini
2699 4870 3074 4925 sanctiiicetur
3100 4870 3154 4924 in
3176 4868 3456 4932 omnibus,
3489 4879 3587 4922 aut

333 4964 398 5003 os
418 4959 661 5004 vestrum
689 4952 874 5022 potius
899 4953 1204 5009 sanetiticet
1225 4970 1321 5009 cor
1340 4964 1603 5010 vestrum.

405 5040 514 5106 λς-’.
559 5043 793 5111 Ἀδελφῴ
827 5044 957 5115 περί
1017 5062 1162 5108 τινος
1225 5045 1428 5113 φαύλου
1472 5049 1797 5119 πράγματος

341 5132 708 5199 ωνδυαστέον,
731 5135 866 5189 ἀλλὰ
899 5139 1225 5207 προσεκτέον
1258 5138 1458 5208 μᾶλλον
1497 5142 1733 5204 ἑαυτοῖς,
1764 5141 1911 5193 ὀδελ-

339 5224 453 5290 φιὶ,
479 5225 572 5276 καὶ
607 5225 784 5278 πάντα
809 5226 1168 5298 δοκιμαστέον
1203 5228 1442 5298 πρῶτον,
1481 5226 1599 5283 εἶτα
1625 5231 1716 5283 τοῦ
1739 5231 1907 5284 καλοῦ

333 5311 562 5383 δυνάμει
591 5318 657 5386 τῇ
690 5321 838 5390 πάσῃ
869 5321 1200 5390 περιεκτὼν.
1231 5320 1442 5392 Μηδεὶς
1467 5324 1523 5375 ὲν
1559 5321 1682 5389 ὑμῖν
1735 5323 1914 5376 διάϐο-

333 5404 604 5468 λος-ιστωο
633 5409 733 5478 τῆς
760 5411 868 5480 γὰρ
895 5412 1106 5464 ἐκείνου
1143 5410 1358 5485 μερίδος
1375 5416 1527 5468 ἐστὶν
1549 5417 1577 5466 ὁ
1608 5417 1907 5483 συνταράσ-

408 5554 596 5614 ‘Psal.
649 5577 801 5626 xvtn,
855 5563 941 5619 M.

620 5654 885 5716 PATBOL.
931 5657 1046 5716 Gn.
1087 5659 1426 5721 LXXXVI.

2081 5051 2168 5104 36.
2200 5051 2337 5106 Cum
2369 5050 2537 5107 fratre
2584 5052 2738 5121 pravi
2800 5051 3082 5122 quidpiam
3154 5050 3294 5106 forte
3336 5048 3586 5104 molienti

2014 5141 2182 5197 nolite
2215 5141 2555 5212 conspirare,
2578 5143 2673 5197 sed
2707 5143 2775 5198 ad
2807 5159 2902 5198 vos
2923 5144 3072 5214 ipsos
3102 5144 3286 5212 potius
3304 5141 3582 5203 conversi,

2013 5232 2297 5302 explorate
2329 5234 2486 5303 prius
2521 5233 2742 5296 omnia;
2781 5243 2896 5288 tum
2943 5233 3091 5304 quod
3133 5233 3371 5304 propius
3419 5231 3584 5290 avir-

2018 5333 2132 5380 tute
2165 5323 2340 5388 abest,
2370 5325 2500 5379 totis
2529 5324 2744 5380 viribus
2769 5325 3078 5380 sectamini.
3104 5325 3299 5382 Nullus
3320 5327 3464 5383 inter
3483 5337 3587 5380 Vos

2019 5415 2272 5470 diabolus
2300 5415 2369 5470 sit
2408 5433 2420 5469 :
2452 5415 2653 5470 diaboli
2703 5415 2906 5486 quippe
2942 5425 3126 5487 partes
3155 5427 3284 5472 sunt
3332 5415 3592 5474 fraterni-

3268 5667 3350 5725 95
