4034 6186
489 147 631 208 3019

1679 143 1740 201 S.
1783 139 2160 201 SYMEONIS
2196 139 2557 201 IUNIORIS

3603 132 3746 196 3020

489 262 654 307 tatem
691 246 1024 304 disturbare.
1052 247 1218 301 Labia
1250 253 1429 300 vestra
1471 259 1684 300 necnon
1710 260 1807 300 cor
1827 254 2048 302 vestrun

2173 263 2282 301 σων
2311 246 2413 316 τὴν
2439 245 2776 315 ἀδελφότητα
2805 260 2820 274 ‘
2849 243 2986 299 ἀλλά
3016 244 3084 297 τά
3119 260 3178 296 τε
3202 242 3353 313 χείλη
3377 242 3636 312 ἀλήθειαν
3657 247 3747 300 ἀ.ὶ

487 341 777 396 veritatem
809 347 1080 408 perpetuo
1111 338 1390 408 loquatur.
1426 336 1481 392 Si
1533 336 1677 392 inter
1725 336 2064 392 accumben-

486 431 617 486 dum
643 428 910 492 sitiveris,
939 444 1072 484 cave
1090 428 1263 493 dicas,
1300 428 1377 482 Da
1405 426 1553 497 quod
1578 427 1795 482 bibam:
1827 428 1924 483 sed
1956 444 2060 483 nu-

486 522 635 576 tibus
661 519 978 590 signiﬁcalo,
1005 521 1104 585 illi,
1133 520 1226 588 qui
1284 519 1739 574 accumbentibus
1766 520 2060 587 ministrat,

485 612 873 666 necessitatem
916 622 1105 674 tuam;
1147 608 1236 662 siti
1288 623 1421 662 vero
1454 609 1695 677 expleta,
1743 610 1907 664 tacite
1963 610 2062 665 de-

484 701 693 754 mittito
739 701 990 754 calicem.
1028 699 1084 754 Si
1164 697 1458 753 excreandi
1508 699 1811 755 necessitas
1864 711 2058 771 urget,

485 802 763 847 memento
792 807 901 846 non
929 791 983 845 in
1041 800 1344 860 conspectu
1393 791 1626 846 fratrum
1678 792 1930 863 pituitam
1959 795 2061 864 eji-

483 900 643 940 cere:
668 884 762 938 sed
789 884 1020 954 surgite,
1056 883 1425 954 Patritnsque
1455 885 1666 939 salvere
1698 886 1888 955 jussis,
1934 901 2063 956 pro-

485 978 576 1032 cul
613 978 739 1033 inde
764 978 1011 1034 rccedito
1032 993 1296 1047 ;cumque
1335 979 1653 1033 necessitati
1683 979 1881 1033 feceris
1901 979 2058 1044 satis,

484 1068 538 1121 in
572 1067 789 1122 silentio
811 1083 1066 1122 reversus
1098 1069 1218 1122 loco
1248 1079 1343 1121 tuo
1379 1077 1427 1121 te
1455 1083 1682 1137 repone,
1723 1077 1778 1122 et
1807 1085 1930 1138 qua:
1961 1085 2059 1139 ap-

484 1157 662 1227 posita
719 1169 888 1224 sunt,
925 1168 1184 1229 tanquam
1245 1159 1556 1214 ministerio
1609 1159 1931 1229 angelorum
1991 1175 2059 1214 eo

483 1246 686 1307 delata.
742 1247 1000 1318 religiose
1039 1246 1391 1301 manducato.
1446 1246 1572 1301 Vini
1622 1262 1725 1301 usu
1773 1249 2060 1302 monachis

482 1342 710 1395 omnino
743 1342 1103 1397 interdictum
1139 1351 1298 1396 esto:
1342 1343 1386 1396 si
1441 1343 1529 1396 cui
1592 1351 1774 1395 tamen
1831 1350 2059 1410 propter

483 1431 855 1490 infirmitatem
887 1435 1137 1503 corporis
1165 1434 1426 1488 utendum
1480 1443 1566 1488 est
1595 1473 1610 1497 ,
1650 1443 1834 1488 utator
1890 1449 2056 1502 quam

481 1526 824 1594 parcissime.
853 1526 972 1580 Non
1004 1527 1154 1580 enim
1175 1527 1444 1596 ‘ignorare
1475 1525 1712 1585 debetis.
1768 1540 1866 1594 per
1895 1524 2054 1578 vino-

479 1617 705 1671 lentiam
759 1626 945 1686 aptum
992 1632 1089 1672 vos
1149 1616 1436 1671 dwmoniis
1486 1615 1866 1670 habitaculum
1895 1614 2050 1680 fieri;

481 1708 571 1762 illa
597 1709 800 1779 quippe
831 1710 884 1764 in
913 1723 1146 1778 corpore
1173 1706 1419 1762 ﬂammas
1457 1707 1706 1762 libidinis
1743 1706 2054 1771 succendit,

2167 337 2260 388 καὶ
2288 337 2323 405 ὴ
2353 334 2552 407 καρδία
2584 334 2834 389 λαλείτω.
2884 335 3010 387 Ἐὰν
3061 335 3120 386 ἐν
3162 337 3232 403 τῇ
3277 332 3527 405 τραπέζῃ
3585 335 3745 405 64+.-

2167 443 2288 500 σῃς.
2311 429 2412 480 οὐκ
2441 431 2607 498 ἐρεῖς,
2641 429 2740 489 Δός
2774 443 2864 498 μοι
2909 428 3055 479 πιεῖν
3076 443 3090 458 ·
3131 426 3268 478 ἀλλά
3295 426 3528 495 νεύματι
3565 444 3744 497 σημαο

2163 519 2276 580 νεῑς
2335 516 2414 586 τῷ
2460 515 2693 587 διακόνῳ
2731 516 2832 586 τῆς
2871 516 3084 586 χρείας,
3115 515 3210 569 καὶ
3247 518 3374 585 σιγῇ
3394 515 3739 588 παρέξεισοι.

2165 613 2484 683 Φλέγματος
2525 612 3101 674 ἐπικατασπασθέντος
3150 610 3228 681 τῷ
3258 611 3472 680 θώρακι
3519 613 3615 664 οὑκ
3647 613 3742 665 ἐν-

2163 699 2335 754 ώπιον
2366 701 2591 764 πτύσεις
2615 701 2724 755 τῶν
2747 702 3016 770 ἀδελφῶν,
3041 702 3180 755 ἀλλά
3209 702 3470 764 ἀναστὰς,
3499 702 3739 770 Εὑλογή-

2164 808 2318 857 σατε,
2354 792 2617 862 Πατέρες,
2670 793 2840 862 ἐρεῖς,
2873 794 3062 864 πόρρω
3096 809 3156 844 τε
3186 792 3394 845 τούτων
3427 794 3738 862 γενόμενος,

2162 882 2257 935 καὶ⁵
2285 885 2387 952 τὴν
2433 884 2622 953 χρείαν
2664 881 2980 952 πληρώσας,
3013 885 3193 952 ήσυχῆ
3239 883 3402 936 πάλιν
3440 883 3629 946 ἐλθὼν,
3670 887 3740 952 τῇ

2161 975 2411 1046 τραπέζῃ
2459 974 2655 1028 ἑαυτὸν
2686 977 3032 1050 παρενείρῃς,
3073 975 3316 1038 εὐλαϐῶς
3344 991 3406 1027 τε
3451 975 3746 1045 μεταλήψῃ

2159 1066 2268 1118 τῶν
2311 1067 2830 1140 προκειμένων,ὡς
2877 1067 2984 1121 ὑπὸ
3031 1067 3415 1137 παραστάταις
3460 1067 3742 1133 ἀγγέλοις.

2161 1153 2316 1221 Οἷνος
2345 1160 2660 1213 παντάπασι
2697 1165 2951 1230 μοναχοῖς
2981 1159 3390 1229 ἀπαγορευτέος
3424 1176 3438 1190 ο
3481 1162 3532 1212 εἰ
3559 1159 3617 1212 δέ
3650 1177 3740 1222 τις

2159 1251 2307 1320 αὐτῷ
2354 1251 2445 1304 διὰ
2498 1251 2755 1321 σώματος
2814 1250 3104 1304 ἀσθένειαν
3166 1251 3386 1320 χρῷτο,
3425 1251 3546 1304 λίαν
3574 1252 3746 1320 ὀλίγῳ

2159 1344 2472 1414 κεχρήσθω’
2505 1344 2774 1414 παροικία
2797 1344 2905 1414 τάρ
2936 1343 3208 1413 δαιμόνων
3243 1342 3420 1412 σαφὴς
3449 1344 3483 1411 ἡ
3519 1342 3746 1395 πολυοι-

2155 1433 2267 1484 νία·
2295 1432 2374 1503 τῷ
2401 1450 2458 1486 τε
2483 1434 2591 1504 γάρ
2618 1433 2830 1502 σώματι
2855 1434 3154 1504 πυρώσεως
3176 1432 3487 1485 ὑπανάπτει
3511 1431 3746 1498 φλόγας,

2158 1523 2252 1576 καὶ
2302 1521 2472 1594 βαρὺν
2501 1525 2598 1593 μὲν
2638 1524 2728 1577 τὸν
2760 1522 2950 1584 ὕπνον.
2981 1522 3329 1594 ἀμϐλυτέρας
3377 1522 3435 1575 δὲ
3463 1522 3562 1586 τάς
3608 1523 3748 1590 φρει

2084 1595 2132 1652 Β
2163 1631 2260 1676 νας
2288 1615 2602 1684 ἐργάζεται,
2634 1613 2739 1680 ἐξω
2764 1631 2826 1667 τε
2856 1614 3109 1685 καθάπερ
3131 1613 3327 1667 ἑαυτοῦ
3352 1615 3446 1667 τὸν
3494 1612 3750 1683 ἡγεμόνα

2164 1706 2456 1777 καθίστησι
2490 1705 2638 1760 νοῦν.

480 1799 573 1854 illa
623 1802 871 1871 gravium
951 1815 1271 1856 somnorum
1339 1816 1503 1855 causa
1553 1810 1673 1864 est;
1736 1799 1824 1852 illa
1883 1799 2084 1869 pingue
2140 1798 2509 1868 obtusumqne
2559 1797 2740 1854 reddit
2796 1799 3120 1870 ingenium;
3165 1808 3231 1852 ut
3317 1797 3458 1853 nihil
3515 1795 3744 1863 dicam,

479 1888 624 1956 quod
665 1899 929 1953 mentem,
1006 1891 1435 1960 pulcherrimam
1482 1890 1724 1944 hominis
1761 1889 1984 1954 ducem,
2019 1904 2050 1943 e
2089 1888 2212 1944 loco
2253 1904 2355 1944 suo
2379 1889 2658 1944 deturbet.

550 1980 639 2033 57.
689 1978 824 2034 Cum
883 1977 1193 2034 infirmatus
1243 1979 1434 2043 fueris,
1478 1980 1726 2034 medicus
1778 1979 1878 2033 tibi
1907 1979 2054 2033 Deus

477 2079 616 2123 esto.
655 2067 791 2124 Cum
822 2068 1054 2124 fratrum
1084 2070 1357 2140 quispiam
1401 2069 1663 2125 inciderit
1694 2071 1750 2124 in
1797 2070 2052 2125 morbum

477 2161 573 2226 qui
619 2160 830 2214 olidum
858 2160 1108 2216 faetorem
1144 2161 1476 2225 emittit,ne
1517 2163 1846 2232 deprecetur
1888 2161 2052 2216 mini-

478 2250 710 2306 sterium
742 2252 1020 2309 curatoris
1049 2254 1376 2312 monachus.
1419 2269 1491 2308 ne
1521 2264 1780 2310 vereatur
1805 2269 2053 2309 commo-

475 2343 607 2399 dare
637 2359 882 2407 manum,
909 2354 966 2400 et
997 2344 1220 2401 deterso
1249 2363 1388 2416 pure
1415 2347 1644 2400 vulnera
1686 2362 1910 2402 curare:
1938 2347 2048 2402 imo

475 2449 607 2489 vero
633 2434 834 2490 infirmi
864 2437 1068 2490 lectum
1101 2438 1356 2502 sternito,
1390 2449 1447 2493 et
1473 2438 1519 2492 si
1550 2453 1659 2508 qua
1687 2454 1746 2493 re
1797 2438 2045 2508 indigere

473 2525 684 2591 audiat,
727 2537 980 2598 prompte
1038 2529 1410 2600 suppeditato,
1455 2529 1621 2598 idque
1660 2531 1756 2594 ita,
1807 2542 1868 2584 ut
1905 2531 2045 2585 nihil

472 2617 919 2689 conviciijaciat,
944 2621 1082 2674 nihil
1110 2621 1291 2691 magni
1331 2636 1434 2675 ase
1465 2620 1670 2674 factum
1721 2622 2046 2687 arbitretur,

473 2705 569 2760 sed
605 2708 682 2761 uti
727 2722 925 2762 servus
948 2709 1174 2764 domino
1192 2727 1294 2766 suo
1322 2710 1556 2781 benigne
1601 2710 1919 2770 famuietur.
1947 2712 2047 2767 do-

2228 1977 2327 2042 λζ’.
2376 1979 2576 2049 Ἰατρὸς
2599 1981 2972 2052 ἁῤῥωστοῢντι
3005 1981 3139 2044 Θεὸς
3165 1981 3310 2034 ἔστω
3337 1999 3439 2034 σοι.
3477 1981 3677 2046 Ἀδελφ
3696 1982 3749 2032 ιῦ

2161 2069 2320 2122 πάθει
2339 2069 2603 2122 δυσωδίαν
2631 2072 2869 2124 τίκτοντι
2901 2072 3347 2142 περιπίπτοντος,
3375 2071 3448 2141 μὴ
3468 2073 3752 2140 παραιτή-

2162 2177 2322 2228 σηται
2383 2160 2616 2230 μοναχὸς
2658 2161 2900 2231 ἅψασθαί
2923 2179 2979 2214 τε
3018 2161 3182 2214 αὖτοῦ
3217 2161 3312 2214 καὶ
3399 2160 3751 2230 ἀπαντλῆσαι

2164 2253 2226 2306 τὸ
2257 2253 2500 2324 τραῦμα,
2522 2251 2660 2306 ἀλλά
2706 2254 2804 2307 καὶ
2851 2254 3039 2322 κοίτην
3092 2253 3261 2306 αὑτοῦ
3315 2253 3584 2325 στρώσει,
3648 2258 3751 2307 καὶ

2163 2343 2284 2397 ὅτου
2318 2345 2488 2398 δέοιτο
2511 2344 2928 2414 πυνθανόμενος
2955 2344 3191 2413 ἑτοίμως
3221 2341 3421 2413 ὀρέξει,
3451 2342 3554 2394 οὐκ
3600 2343 3754 2395 ὀνει-

2159 2433 2342 2498 δίζων.
2375 2435 2435 2487 οὐ
2467 2435 2610 2504 μέγα
2637 2453 2693 2488 τι
2717 2434 2850 2505 δρᾷν
2882 2435 3146 2505 οἰόμενος,
3188 2432 3324 2486 ἀλλά
3381 2433 3480 2484 ὅσα
3535 2432 3750 2484 5:61:6-

2158 2540 2227 2596 τῃ
2254 2525 2438 2590 δοῦλος
2461 2527 2818 2596 εὐγνωμόνως
2842 2525 3155 2595 ὑπηρετῶν,
3183 2524 3288 2584 ἕως
3307 2525 3336 2576 ό
3361 2523 3538 2582 κοινὸς
3562 2523 3750 2574 ἀπάν-

2153 2633 2262 2668 των
2301 2617 2578 2686 Δεσπότης
2627 2617 3071 2687 ἐπισκεψάμενος
3137 2615 3370 2675 ᾶνωθεν,
3407 2614 3600 2684 ἐγείρῃ
3651 2617 3752 2664 τὶν

2154 2709 2450 2777 κάμνοντα.
2516 2707 2706 2762 Ταῦτα
2752 2708 2994 2780 τηρείτω
3049 2709 3082 2778 ἡ
3154 2705 3458 2775 ἀδελφότης
3492 2747 3506 2770 ,
3561 2705 3754 2760 ταῦτα

475 2814 578 2854 nec
602 2800 914 2856 communis
937 2800 1324 2856 universorum
1362 2802 1634 2858 Dominus
1676 2819 1778 2858 nos
1817 2803 2048 2860 visitans

2154 2803 2326 2851 ποιεῖν
2351 2799 2718 2864 σπουδαζέτω,
2744 2801 2792 2851 εί
2814 2798 3106 2868 μέλλοιμεν
3124 2797 3222 2866 τῆς
3242 2797 3502 2859 εὐκταίας
3520 2797 3754 2866 ἐκείνης

471 2892 663 2946 exalto
683 2903 893 2947 recreet
922 2894 1136 2964 sibique
1165 2895 1421 2949 restituat
1454 2895 1815 2950 laborantem.
1852 2897 2048 2952 lsthmc

469 2989 620 3046 sunt,
673 2983 906 3042 fratres.
949 2998 1070 3052 quae
1127 2982 1422 3038 observare
1477 2997 1573 3037 vos
1606 2983 1798 3036 velim:
1857 2981 2048 3036 isthmc

472 3081 734 3140 praestare
781 3074 1036 3142 satagite,
1097 3074 1143 3128 si
1185 3074 1492 3142 optabilem
1561 3073 1709 3126 illam
1759 3073 2056 3143 aliquando

469 3161 662 3217 audire
692 3179 880 3218 vocem
910 3163 1149 3232 cupitis:
1195 3163 1389 3226 Venite,
1419 3164 1673 3217 benedicti
1712 3163 1893 3218 Patris
1927 3167 2049 3228 mei,

470 3254 726 3322 pauidas
777 3264 1027 3326 paratum
1092 3255 1230 3310 vobis
1291 3271 1513 3326 regnum
1587 3273 1619 3310 ο
1681 3258 2052 3311 constitutione

473 3348 660 3402 mundi
679 3350 697 3380 ’
721 3367 735 3404 :
761 3350 889 3420 quia
915 3350 1128 3405 vidistis
1145 3366 1230 3406 me
1252 3351 1612 3416 esurientem,
1637 3360 1692 3406 et
1707 3353 2046 3418 nutrivistis;

470 3438 770 3502 sitientem,
795 3449 850 3494 et
871 3441 1105 3496 dedistis
1159 3452 1384 3513 potum;
1444 3444 1678 3504 nndmn.
1735 3454 1792 3498 et
1840 3460 2044 3514 coope-

2154 2892 2383 2947 ἀκοῦσαι
2406 2897 2615 2965 φωνῆς’
2636 2893 2836 2959 Δεῦτε,
2873 2897 2924 2947 οὶ
2943 2889 3339 2961 εὐλογημένοι
3364 2889 3472 2944 τοῦ
3503 2891 3752 2956 Πατρός

2147 3003 2288 3056 μου,
2305 2986 2800 3055 κληρονομήσατε
2815 2984 2931 3052 τὴν
2945 2982 3396 3053 ἡτοιμασμένην
3411 2981 3753 3052 {mir-ﬂum-

2153 3080 2329 3133 λείαν
2353 3080 2474 3133 ἀπὸ
2495 3077 2839 3147 καταϐολῆς
2876 3078 3134 3146 κόσμου,
3157 3077 3240 3128 ὅτι
3272 3075 3542 3128 πεινῶντα
3570 3092 3643 3144 με
3680 3073 3756 3126 εἰς

2151 3171 2267 3223 δετε
2291 3173 2384 3223 καὶ
2413 3169 2700 3240 ἐθρέψατε,
2737 3169 2980 3238 διψῶντα
3035 3169 3130 3221 καὶ
3176 3167 3492 3226 ἐποτίσατε.
3527 3167 3754 3234 γυμνὸν

2149 3263 2244 3315 καὶ
2280 3262 2658 3332 περιεϐάλετε,
2715 3260 2918 3329 ἀσθενῆ
2947 3261 3042 3313 καὶ
3073 3262 3131 3314 ἐν
3167 3259 3381 3330 φυλακῇ
3420 3261 3514 3313 καὶ
3543 3259 3754 3328 most.

2150 3356 2283 3424 πρός
2310 3372 2396 3425 με.
2431 3353 2486 3408 '0
2507 3355 2666 3424 ἔχων
2681 3349 2801 3408 ὦτα
2818 3354 3062 3407 ἀκούειν
3083 3353 3372 3415 ἀκουέτω,
3392 3346 3547 3403 εἶπεν
3569 3349 3597 3402 ὁ
3622 3350 3753 3402 Κύ-

2148 3463 2282 3514 ριος·
2311 3446 2518 3516 αὐτῷή
2547 3447 2674 3510 δόξα
2713 3448 2792 3508 εἰς
2814 3446 2941 3508 τοὺς
2962 3444 3189 3506 αἰῶνας.
3217 3443 3413 3513 Ἀμήν.

468 3531 688 3596 ruistis;
725 3531 1004 3588 infirmum
1035 3545 1091 3590 et
1123 3551 1348 3590 carcere
1375 3535 1684 3601 detentum,
1711 3545 1767 3590 et
1807 3537 2121 3593 accessistis
2160 3538 2394 3594 invisuri
2451 3538 2518 3594 ad
2563 3552 2672 3592 me.
2736 3535 2842 3602 Qui
2887 3536 3042 3591 habet
3105 3551 3260 3588 aures
3318 3533 3571 3588 audiendi
3630 3549 3752 3585 αι-

469 3621 669 3689 a‘iat",
704 3623 841 3680 dicit
863 3625 1158 3691 Dominus,
1184 3625 1273 3681 cui
1303 3626 1483 3696 gloria
1507 3627 1562 3680 in
1597 3627 1816 3682 saecula.
1846 3629 2043 3682 Amen.

1921 3759 2148 3818 CAPUT
2181 3759 2222 3813 ν

854 3875 1013 3940 Visio,
1045 3877 1207 3931 ardor
1228 3879 1481 3948 patiendi,
1514 3888 1751 3950 acceptus
1783 3877 2009 3950 Spiritus
2036 3889 2271 3944 sanctus,
2300 3875 2638 3940 tentationes,
2666 3891 2806 3928 more
2831 3873 3030 3928 Joanni
3063 3875 3338 3943 prwdicta.

537 4011 625 4066 58.
659 4013 823 4068 Hisce
884 4013 1111 4077 auditis,
1164 4026 1390 4086 stupore
1453 4029 1620 4088 atque
1673 4019 2035 4073 admiratione

462 4103 719 4172 completi
751 4113 883 4158 sunt
907 4105 1184 4169 monachi,
1213 4108 1488 4178 prmcipue
1512 4109 1774 4172 Joannes,
1798 4110 1894 4179 qui
1935 4109 2038 4180 Sy-

2215 4013 2315 4086 λη’.
2349 4014 2567 4067 Τούτων
2591 4012 2881 4077 ἀκούοντες
2910 4014 2959 4065 of
2993 4012 3221 4082 μοναχοὶ
3242 4054 3258 4078 ,
3293 4015 3773 4085 κατεπλήττοντο,

2146 4108 2237 4160 καὶ
2273 4105 2472 4177 μᾶλλον
2505 4109 2533 4158 ό
2574 4106 2846 4176 Ἰωάννης,
2873 4105 2931 4165 ὂς
2964 4106 3054 4157 καὶ
3083 4106 3202 4158 νέον
3227 4105 3410 4169 Δαυῒδ,
3435 4107 3537 4160 ὅσα
3560 4126 3633 4177 γε
3670 4116 3759 4177 εἷς

463 4207 740 4258 meonem,
773 4204 1041 4262 quantum
1074 4196 1142 4250 ad
1195 4199 1522 4266 sapientiam
1577 4200 1919 4269 spiritualem
1953 4203 2038 4256 di-

2153 4199 2524 4270 πνευματικὴν
2565 4200 2757 4268 σοφίαν
2801 4197 2895 4251 καὶ
2931 4197 3092 4266 λόγου
3135 4197 3389 4266 δύναμιν,
3419 4199 3614 4255 ἐκάλει
3659 4205 3756 4257 τὸν

461 4283 734 4354 eendique
765 4283 1063 4340 efﬁcaciam
1093 4289 1311 4345 attinet.
1341 4291 1576 4346 alterum
1630 4293 1888 4349 Davidem
1943 4309 2038 4366 ap-

459 4375 733 4446 pellabat,
800 4378 1168 4448 narrabatque
1237 4382 1516 4451 quomodo
1577 4395 1739 4439 nocte
1799 4385 1891 4440 illa
1938 4401 2038 4456 per

459 4467 737 4522 somnium
779 4468 968 4523 divina
990 4471 1240 4539 quaedam
1279 4474 1458 4529 virtus
1478 4475 1662 4530 oblata
1687 4475 1790 4531 sibi
1819 4475 2035 4544 fuisset,

457 4577 581 4632 quae
608 4561 832 4619 dextera
866 4580 1189 4634 expressum
1236 4581 1266 4619 e
1310 4565 1433 4620 favo
1479 4568 1587 4621 mel
1633 4567 1954 4622 effundebat
1975 4583 2032 4623 ac

459 4655 789 4725 Symeonem
839 4656 1133 4724 multiplici
1192 4658 1420 4712 scientia
1488 4659 1843 4712 informabat.
1885 4660 2035 4714 Alter

455 4746 626 4800 etiam
671 4763 704 4802 e
756 4763 962 4802 corona
992 4749 1225 4804 fratrum
1280 4750 1444 4805 simul
1494 4753 1830 4816 astantium,
1877 4761 2037 4807 aetate

455 4839 718 4908 grandior
743 4839 1161 4912 interrogabat,
1183 4857 1318 4896 num
1350 4842 1473 4898 istic
1511 4844 1618 4899 ioci
1643 4845 1914 4902 columba:
1945 4862 2036 4902 es-

453 4938 599 4986 sent.
637 4930 1232 5003 Cunctisnegantibus,
1281 4936 1474 4989 retulit
1517 4938 1797 5006 quomodo
1841 4940 2034 4994 candi-

453 5024 579 5076 dam
612 5025 925 5079 columbam
947 5041 1045 5094 per
1069 5026 1372 5081 fenestram
1408 5028 1473 5082 ad
1511 5029 1838 5100 Symeonem
1864 5031 2034 5087 advo-

455 5117 680 5180 lantem,
711 5114 950 5186 indeque
979 5132 1172 5171 rursus
1196 5119 1503 5172 avolantem
1528 5136 1593 5175 ae
1618 5121 1910 5177 sublimem
1943 5124 2035 5178 ab-

451 5217 677 5262 euntem
699 5211 1054 5279 conspicatus
1084 5211 1298 5266 fuisset.
1324 5209 1459 5266 Dum
1487 5213 1602 5268 haec
1631 5213 1709 5268 illi
1742 5215 1885 5270 inter
1914 5211 2050 5273 sese

449 5299 766 5365 conferunt,
789 5300 960 5356 sentit
989 5302 1229 5373 Symeon
1262 5302 1318 5356 in
1354 5303 1558 5357 coelum
1621 5301 2033 5373 quodammodo

451 5407 509 5444 se
547 5393 683 5462 rapi,
709 5404 766 5448 et
797 5409 895 5462 per
921 5396 1205 5451 universas
1241 5397 1433 5450 mundi
1458 5395 1646 5466 plagas
1680 5397 1787 5452 Ιλιο
1817 5402 2028 5470 vagari;

513 5547 531 5575 ⁸
561 5548 760 5606 Matth.
805 5565 929 5615 xxv,
967 5552 1059 5610 54.
1144 5551 1340 5606 "Luc.
1377 5567 1487 5610 xiv.
1521 5552 1605 5608 35.

2144 4292 2390 4362 Συμεὼν,
2418 4293 2639 4344 κάκεῖνο
2661 4290 2715 4343 δὲ
2746 4289 3078 4361 προσετίθει,
3099 4288 3172 4352 ὡς
3197 4289 3391 4360 ὀφθείη
3411 4291 3512 4360 τῆς
3540 4297 3754 4358 νυκτὸς

2142 4385 2356 4454 ἐκείνης
2386 4381 2534 4454 αὐτῷ
2566 4383 2682 4437 θεία
2717 4382 2858 4437 κατά
2892 4383 3018 4444 τοὺς
3051 4381 3254 4444 ὕπνους
3285 4380 3539 4451 δύναμις,
3571 4387 3755 4438 οἱονεί

2142 4494 2194 4530 τι
2235 4476 2358 4547 μέλι
2390 4477 2584 4547 κηρίον
2617 4477 2684 4546 τῇ
2717 4474 2868 4546 δεξιᾷ
2896 4473 3229 4545 κατέχουσα,
3261 4475 3360 4529 καὶ
3403 4475 3481 4545 τῷ
3506 4477 3754 4546 Συμεὼν

2143 4570 2382 4638 γνησίως
2416 4566 2790 4637 μεταδιδοῦσα.
2823 4566 3054 4638 Ἕτερος
3105 4566 3269 4620 πάλιν
3301 4565 3396 4620 τοῦ
3440 4567 3553 4621 τῶν
3580 4569 3752 4622 ἀδελ-

2145 4660 2261 4728 φῶν
2289 4659 2450 4730 χοροῦ
2467 4661 2666 4732 γέρων,
2696 4662 2808 4724 τοῖς
2830 4659 3039 4723 λοιποῖς
3063 4660 3467 4731 συμπαρεστὼς
3499 4663 3680 4716 ἐπυνθ
3692 4666 3776 4724 ir

2133 4769 2274 4815 νετο,
2313 4755 2362 4806 εί
2394 4752 2630 4806 ἐνταῦθα
2659 4748 2771 4806 εἷεν
2804 4753 3128 4824 περιστεραί
3151 4769 3165 4782 ο
3199 4753 3300 4805 οὑκ
3329 4747 3472 4807 εἶναι
3498 4754 3558 4808 δέ
3598 4759 3750 4810 πάν-

2131 4860 2240 4897 των
2267 4844 2788 4913 διαϐεϐαιουμένων,
2813 4845 3001 4912 ἔλεγεν
3039 4845 3116 4906 ὡς
3145 4838 3182 4914 ἦ
3221 4845 3330 4914 μὴν
3370 4845 3579 4918 λευκήν
3617 4866 3753 4902 τι.α

2133 4937 2465 5008 περιστερὰν
2487 4937 2648 4999 αὐτὸς
2690 4937 2788 4990 ῐδοι
2833 4937 2969 5007 πρὸς
2997 4937 3090 4991 τὸν
3113 4937 3341 5007 Συμεὼν
3390 4938 3481 4993 διά
3509 4941 3617 5010 τῆς
3651 4943 3749 4996 θδο

2135 5033 2278 5103 ρεδος
2301 5035 2623 5098 εἰσπτᾶσαν,
2651 5033 2864 5086 ἐκεῖθέν
2887 5050 2946 5086 τε
2969 5029 3129 5098 αὖθις
3151 5035 3502 5098 ἀποπτᾶσαν.
3534 5041 3638 5091 καὶ
3664 5044 3749 5102 εἰς

2139 5123 2279 5193 ἀέρα
2305 5127 2656 5194 χωρήσασαθ.
2715 5125 2802 5178 Ἐν
2835 5126 2946 5196 ὅσῳ
2976 5125 3033 5179 δέ
3074 5125 3249 5180 ταῦτα
3297 5128 3437 5198 πρὸς
3460 5129 3748 5201 ἀλλήλους

2139 5213 2296 5267 αὐτοὶ
2326 5212 2629 5284 διεξῄεσαν,
2660 5216 2761 5286 ὁρᾷ
2793 5215 3044 5286 καθάπερ
3079 5218 3107 5270 ό
3135 5217 3364 5286 Συμεὼν
3406 5220 3746 5291 ἀρτταζόμε-

2139 5321 2228 5356 νον
2257 5307 2334 5370 εἰς
2357 5306 2586 5375 οὐρανὸν
2614 5306 2827 5372 ἐαυτὸν,
2861 5309 2953 5361 καὶ
2993 5308 3136 5362 κατὰ
3167 5310 3368 5372 παντὸς
3401 5306 3494 5365 οἶα
3526 5315 3744 5382 μέρους

2139 5402 2237 5470 τῆς
2264 5401 2365 5469 γῆς
2405 5401 2763 5472 ἀπλοὺμενον,
2789 5397 2910 5458 εἶτα
2934 5403 3021 5457 διὰ
3052 5403 3338 5475 κλιμάκων
3363 5407 3508 5460 ἐτττά
3533 5407 3739 5476 ἀναγό-
