4034 6186
359 170 490 237 3021

1360 178 1533 243 VlTA
1576 182 1621 239 Α
1660 180 2097 244 NICEPHORO
2135 186 2619 250 CONSCRIP’I‘A.

3493 188 3633 255 302?.

364 313 523 366 μενον
546 312 558 324 ·
595 295 670 359 ὡς
706 297 759 349 δὲ
811 297 1179 361 πυνθάνεσθαι
1217 301 1269 353 τι
1300 318 1430 353 ποτε
1473 302 1558 370 εἴη
1605 303 1674 353 τὰ
1716 302 1939 372 παρόντε

2062 314 2183 358 tutu
2218 306 2420 361 deinde
2450 322 2551 376 per
2578 319 2786 378 septem
2814 311 2989 363 scalas
3026 310 3246 365 deduci.
3285 311 3634 365 Pcrcontanu

359 395 555 458 ἐδόκει,
586 397 771 461 φωνῆς
803 390 993 444 ἀκούει
1021 391 1309 461 λεγούσης,
1340 392 1414 453 ὡς
1462 392 1568 461 ἄρα
1595 392 1659 443 Οἱ
1686 392 1831 444 «ἑπτὰ
1859 393 1949 443 ού-

364 485 514 553 ρανοί
546 487 682 536 εἰσιν
711 481 879 544 οὗτοι,
910 484 977 534 δι’
1005 477 1080 535 ὧν
1104 484 1346 552 ἁνήχθης
1366 499 1378 511 ⁸
1415 481 1544 553 ἑξῆς
1570 483 1627 536 δὲ
1670 484 1761 535 καὶ
1785 483 1949 537 αὑτὸν

358 577 461 645 ὁρᾷ
486 574 577 626 τὸν
609 573 961 643 παράδεισον,
989 572 1252 625 παλάτιόν
1281 588 1337 623 τε
1367 572 1544 639 φωτὸς
1572 574 1629 625 ἐν
1660 572 1829 642 αὐτῷ,
1858 573 1951 625 καὶ

359 669 543 738 πηγὴν
600 666 757 736 μύρῳ
816 666 1135 735 βλύζουσαν,
1182 668 1409 735 καμάρα
1453 667 1509 718 δὲ
1547 670 1612 737 τῇ
1658 669 1807 737 πηγῇ
1857 668 1951 733 ἐφ’

358 758 629 826 ειστήκει,
665 756 817 818 θείας
847 756 1092 826 ἀκριϐῶς
1126 758 1306 827 χειρὸς
1337 758 1519 829 ἔργον,
1548 757 1739 811 οὐδένα
1768 757 1823 809 δὲ
1857 759 1952 811 άν-

358 849 595 921 θρώπων
643 851 777 910 ἐκεῖ,
810 849 890 902 ὅτι
919 848 993 919 μὴ
1023 850 1113 902 τὸν
1148 850 1318 919 Ἀδὰμ
1356 851 1453 904 καὶ
1487 850 1578 902 τὸν
1604 850 1829 921 Λῃεςὴν
1853 850 1951 903 ἴδοι

361 943 575 1013 μόνους.
611 943 698 994 Ἑν
716 941 895 1011 ἐαυτῴ
917 942 973 995 δὲ
994 941 1255 1009 γεγονὼς,
1280 942 1614 1010 ἀπαγγέλλει
1636 943 1713 1013 τῷ
1728 944 1951 1013 Ἰωάννῃ

358 1033 459 1103 τήν
487 1033 633 1101 ὀψινσ
668 1035 695 1086 ὁ
727 1032 782 1085 δὲ
818 1032 1050 1102 χείλεσιν
1067 1032 1437 1101 ἀγαλλιάσεως
1460 1029 1527 1104 ἦν
1549 1034 1713 1088 αἰνῶν
1747 1053 1804 1087 τε
1835 1033 1952 1104 ἅμα

358 1126 453 1178 καὶ
482 1124 723 1192 εὐλογῶν
752 1124 843 1177 τὸν
867 1124 1020 1189 Θεὸν,
1054 1125 1113 1188 ὃς
1142 1124 1477 1195 τηλικαύτην
1504 1126 1654 1196 αύτῷ
1682 1127 1953 1198 δεδώρητο

357 1218 539 1286 χάριν.
590 1217 647 1270 'U
682 1218 781 1287 μὲν
816 1213 909 1271 οὖν
935 1217 1160 1288 Συμεὼν
1193 1219 1550 1289 τηλικαύταις
1584 1219 1784 1290 ὑψοῦτο
1814 1222 1950 1292 πρὸς

362 1308 493 1362 Θεὸν
530 1309 881 1363 ἀναϐάσεσιν.

428 1509 528 1563 λθ’.
559 1509 731 1563 Ἐπὰν
776 1509 833 1563 δέ
888 1524 970 1572 τις
1012 1507 1161 1579 αύτῷ
1204 1508 1491 1579 προσέλθοι
1528 1509 1826 1580 ἐνδύματος
1860 1511 1948 1562 ὲν·

356 1601 504 1671 δεὴς,
537 1601 785 1665 ὲξεδύετο
817 1600 878 1653 τὸ
914 1602 1116 1653 οἰκεῖον
1154 1603 1383 1663 ἐκεῖνος,
1418 1602 1600 1654 πᾶσαν
1634 1601 1709 1665 ὡς
1738 1596 1851 1655 οἷόν
1888 1618 1945 1653 τε

356 1691 634 1746 λανθάνων
663 1692 917 1762 αἴσθησιν
936 1732 958 1751 η
993 1695 1087 1745 καὶ
1121 1694 1347 1762 παρεῖχε
1380 1692 1459 1763 τῷ
1483 1693 1721 1764 δεομένῳ
1746 1708 1759 1722 ⁸
1794 1695 1888 1747 καὶ
1918 1695 1946 1747 ὁ

361 1786 461 1855 μὲν
493 1785 731 1856 ἐκάθητο
768 1786 975 1855 γυμνὸς
1019 1785 1087 1838 τὰ
1137 1785 1307 1838 πολλὰ
1353 1789 1443 1838 καὶ
1475 1787 1764 1857 χειμῶνος,
1795 1787 1949 1847 θείας

356 1878 565 1932 ἄνωθεν
589 1879 810 1949 χάριτος
844 1876 1105 1949 περιϐολῇ
1138 1878 1496 1948 σκεπόμενος.
1536 1879 1757 1933 Ἐλύπει
1795 1879 1853 1933 δὲ
1886 1880 1949 1933 τὸ

358 1973 503 2043 πέρα
533 1971 747 2040 φύσεως
775 1971 934 2024 τοῦτο
965 1971 1063 2039 τῆς
1091 1969 1186 2022 τοῦ
1213 1969 1440 2040 Συμεὼν
1463 1970 1836 2035 κακοπαθείας
1857 1972 1948 2024 τὸν

369 2064 643 2134 Ἰωάννην,
681 2064 781 2116 ὅσα
816 2068 910 2117 καὶ
940 2063 1122 2135 πατὴρ
1152 2064 1316 2117 αὑτοῦ
1352 2064 1446 2117 καὶ
1490 2065 1675 2134 μήτηρ
1711 2065 1945 2135 κηδόμε-

355 2172 467 2209 νον.
491 2154 628 2208 Ποτὲ
660 2154 839 2208 τοίνυν
875 2154 1175 2224 βαλόμενος
1215 2158 1242 2209 ὁ
1284 2154 1511 2225 Συμεὼν
1539 2157 1633 2207 ἐπὶ
1663 2155 1786 2208 νοῦν
1819 2157 1947 2218 τοὺς

356 2247 463 2301 τῶν
496 2247 669 2313 ἁγίων
693 2248 1102 2317 τεσσαράκοντα
1142 2248 1438 2319 μαρτύρων
1472 2248 1614 2318 ὑπὲρ
1658 2248 1943 2311 εὐσεϐείας

359 2340 605 2406 ἀγῶνας,
636 2340 784 2402 ὅπως
823 2341 943 2411 ὥρᾳ
981 2340 1249 2410 χειμῶνος
1284 2342 1376 2393 ἐπὶ
1408 2340 1604 2410 λίμνης
1636 2341 1838 2413 αῖθριοι
1866 2340 1946 2410 τῷ

357 2431 584 2502 παγετῷ
620 2433 1031 2504 διεκαρτέρουν,
1077 2433 1139 2485 τό
1168 2450 1227 2485 τε
1280 2433 1477 2503 στῆθος
1507 2434 1686 2485 παίων
1725 2435 1817 2485 καὶ
1850 2433 1945 2486 δα-

355 2524 560 2594 κρύων,
579 2527 765 2589 ὑετοὺς
796 2526 905 2578 τῶν
933 2524 1229 2595 ὀφθαλμῶν
1254 2526 1487 2591 καθιεὶς,
1515 2527 1709 2597 Οῖμοιι
1737 2526 1943 2595 ἔλεγεν,

304 2608 311 2616 ’
357 2617 540 2686 οἷμοιῑ
575 2617 760 2680 ’Ὀσοις
785 2618 835 2669 οἱ
874 2617 1151 2688 μάρτυρες
1195 2617 1412 2682 ἄθλοις,
1441 2618 1658 2688 ἡλίκαις
1697 2619 1784 2672 διὰ
1815 2621 1946 2690 Χρι-

357 2709 482 2762 στὸν
508 2707 784 2773 κολάσεσι,
814 2708 914 2771 τάς
940 2726 996 2762 τε
1029 2708 1330 2780 μελλούσας
1367 2709 1638 2780 βασάνους
1665 2710 1942 2779 διέφυγον.

355 2801 448 2851 καὶ
470 2799 580 2852 τῶν
612 2798 1045 2869 ἐπηγγελμένων
1068 2801 1434 2871 τετυχήκασιν
1466 2801 1690 2869 ἀγαθῶν
1712 2803 1725 2854 l
1756 2803 1867 2869 ἐγὼ
1888 2803 1947 2855 δὲ

353 2888 407 2941 τι
450 2890 662 2959 δράσω;
722 2891 847 2953 Πῶς
889 2890 979 2943 τὸν
1014 2890 1259 2961 βρυγμὸν
1293 2890 1402 2945 τῶν
1430 2892 1660 2945 ὀδόντων
1699 2894 1726 2944 ό
1764 2892 1946 2955 ἄθλιος

2051 407 2264 463 autem,
2293 399 2424 469 quid
2450 402 2620 456 rebus
2642 401 2771 465 illis,
2801 417 2923 471 qure
2951 403 3125 457 oculis
3175 403 3635 473 subjiciebantur,

2053 490 2351 559 aliquando
2382 492 2633 546 futurum
2666 503 2835 557 esset,
2857 493 3045 547 audita
3075 510 3180 548 vox
3198 506 3282 549 est
3304 496 3494 549 dicens
3525 512 3536 547 :
3571 494 3636 547 lii

2053 594 2261 654 septem
2279 586 2404 640 cceli
2426 595 2555 640 sunt
2570 603 2669 657 per
2689 603 2830 656 quos
2844 589 3164 643 ascendisti.
3183 589 3441 643 Posthac
3460 589 3639 657 ipsum

2048 677 2408 746 conspicatur
2432 679 2770 747 paradisum,
2820 680 2874 734 in
2906 696 3083 751 eoque
3118 680 3384 749 palatium
3428 679 3639 749 fulgen-

2056 769 2325 823 tissimum
2343 779 2400 825 et
2422 769 2629 825 fontem
2655 780 2934 842 unguento
2950 773 3192 842 pretioso
3210 773 3639 836 scaturientcm;

2052 858 2194 914 fonti
2236 868 2418 914 autem
2450 861 2776 917 imminebat
2802 862 3006 927 fornix,
3034 864 3261 934 dignum
3304 863 3515 919 artifice
3549 863 3638 918 die

2054 952 2182 1007 vino
2208 968 2349 1022 opus
2373 972 2384 1006 :
2411 954 2507 1009 sed
2550 956 2761 1011 nullum
2788 957 2925 1011 inibi
2958 957 3239 1012 hominem
3270 965 3636 1027 praeterquam

2053 1045 2231 1100 solum
2257 1046 2526 1101 Adamum
2549 1057 2605 1102 et
2626 1048 2833 1103 bonum
2860 1049 3153 1105 Latronem
3181 1049 3533 1104 observabat.
3559 1048 3636 1102 Ad

2053 1153 2111 1191 se
2145 1153 2403 1193 reversus
2427 1138 2662 1210 Symeon
2698 1141 2926 1210 exponit
2947 1141 3146 1195 Joanni
3177 1141 3469 1203 visionem,
3500 1140 3639 1194 laetis

2052 1231 2286 1286 vocibus
2334 1232 2582 1287 laudanti
2617 1234 2913 1287 Dominum
2964 1250 3029 1288 ac
3063 1234 3434 1297 benedicenti,
3489 1232 3637 1302 quod

2050 1323 2220 1377 talem
2242 1324 2447 1378 famulo
2465 1341 2566 1379 suo
2583 1328 2813 1396 gratiam
2845 1327 3162 1397 impertitus
3183 1334 3350 1382 esset.
3381 1326 3561 1395 Atque
3580 1323 3637 1378 hi

2050 1415 2402 1485 suntgradus
2425 1456 2439 1480 ,
2469 1418 2677 1486 quibus
2707 1417 2944 1488 Symeon
2981 1418 3319 1473 efferebatur
3343 1419 3409 1472 ad
3439 1418 3632 1475 Deum.

2124 1507 2213 1560 '59.
2252 1507 2308 1561 Si
2339 1508 2565 1575 quando
2618 1508 2796 1576 ipsum
2819 1510 3110 1563 accederet
3148 1509 3422 1578 quispiam
3465 1510 3637 1564 vestis

2054 1599 2293 1669 indigus,
2328 1616 2482 1654 suam
2512 1601 2617 1655 sibi
2654 1602 2771 1671 ipse
2802 1602 3127 1665 detractam,
3154 1603 3302 1657 omni
3341 1604 3634 1658 commise-

2051 1688 2285 1742 rationis
2327 1703 2517 1754 sensu,
2543 1699 2810 1759 quantum
2838 1692 2954 1744 fieri
2986 1700 3220 1761 poterat,
3263 1690 3633 1757 dissimulato,

2050 1778 2370 1850 porrigebat
2394 1781 2626 1850 petenti,
2650 1780 3103 1850 perennabatque
3123 1782 3307 1836 nudus
3330 1781 3447 1852 ipsa
3466 1783 3634 1837 etiam

2048 1870 2375 1941 plerumque
2405 1871 2609 1936 hieme,
2637 1871 2841 1926 divinae
2873 1871 3159 1925 charitatis
3185 1870 3389 1925 amictu
3417 1871 3635 1925 coalitus

2048 1964 2362 2032 coepertus.
2401 1963 2605 2017 Verum
2646 1963 2738 2018 hic
2786 1964 3033 2018 insolens
3063 1978 3343 2033 supraque
3378 1971 3633 2016 naturam

2048 2053 2351 2123 castigandi
2394 2053 2481 2108 sui
2511 2053 2707 2109 modus
2734 2069 2956 2125 gravem
2979 2055 3150 2110 animi
3173 2070 3395 2109 sensum
3421 2054 3635 2125 ingere-

2048 2146 2143 2200 bat
2187 2146 2408 2210 Joanni,
2458 2162 2569 2201 non
2604 2147 2792 2203 minus
2837 2147 2906 2202 de
2949 2147 3239 2220 Symeone,
3274 2163 3438 2217 quam
3475 2157 3633 2217 pater

2049 2248 2292 2294 materve
2331 2240 2494 2302 solet,
2534 2239 2720 2295 anxio.
2764 2239 3012 2306 Quodam
3065 2251 3313 2311 tempore
3366 2255 3633 2296 revocans

2047 2330 2116 2386 ad
2150 2333 2395 2385 animum
2437 2332 2675 2403 Symeon
2727 2333 3095 2405 quadraginta
3134 2343 3451 2389 sanctorum
3482 2350 3631 2388 mar-

2049 2435 2229 2493 tyrum
2282 2424 2568 2494 religionis
2613 2440 2748 2494 ergo
2783 2434 3045 2496 suscepta
3075 2428 3403 2490 certamina,
3450 2429 3633 2496 pensi-

2049 2526 2280 2585 tansque
2296 2532 2460 2585 quam
2491 2532 2689 2572 sereno
2712 2519 2985 2587 hilarique
3015 2519 3171 2573 vultu
3198 2520 3252 2573 in
3276 2519 3397 2573 lacu
3427 2520 3630 2589 frigore

2048 2608 2392 2679 conglaciato
2425 2609 2660 2663 brumali
2692 2618 3016 2679 tempestate
3049 2609 3341 2671 durarent.
3364 2626 3630 2679 percusso

2048 2710 2272 2770 pectore
2326 2701 2805 2773 lacrymarumque
2849 2701 3025 2756 imbre
3072 2702 3251 2756 oculis
3291 2702 3625 2771 proﬂuente.

2050 2792 2148 2846 llei
2173 2792 2330 2856 mihi,
2356 2792 2554 2861 inquit,
2586 2792 2677 2847 hci
2710 2793 2913 2845 misero
2938 2792 3069 2845 mihi
3090 2793 3103 2845 ι
3127 2792 3348 2862 quantis
3379 2793 3455 2848 illi
3488 2810 3633 2847 mar-

2050 2896 2199 2955 tyres
2225 2885 2647 2945 certaminibus,
2672 2900 2834 2954 quam
2858 2884 3077 2939 acerbis
3092 2895 3320 2954 propter
3346 2885 3629 2941 Christum

355 2979 535 3049 φύγω,
572 2980 622 3033 οἳ
654 2980 933 3034 κάνταῦθα
964 2981 1026 3034 τὸ
1060 2982 1222 3052 σῶμα
1255 2981 1481 3039 ἔδονται.
1510 2984 1673 3037 κάκεῖ
1712 3002 1804 3054 μοι
1839 2986 1939 3038 πά-

2050 2974 2393 3031 cruciatibus
2426 2976 2697 3037 toleratis,
2728 2985 2785 3032 et
2817 2984 3090 3030 tormenta
3127 2977 3463 3047 sempiterna
3496 2994 3629 3034 eva-

355 3071 438 3125 λιν
459 3072 520 3124 ού
548 3071 960 3140 τελευτήσουσις
988 3071 1171 3124 Ταῦτα
1200 3072 1376 3139 ἔλεγε,
1402 3072 1611 3136 τούτοις
1640 3073 1938 3145 ὴδολέσχει,

353 3164 580 3218 τοιαῦτα
606 3162 1095 3234 προσανεκλαίετο.
1126 3160 1258 3217 Εἶτα
1295 3164 1496 3231 γόνατα
1534 3165 1669 3235 πρὶς
1706 3165 1810 3232 γῆν
1844 3167 1940 3218 καὶ

359 3260 548 3329 χεῖρας
591 3258 831 3327 ἐρείσας,
872 3256 1014 3310 οὕτω
1048 3258 1227 3311 πᾶσαν
1268 3258 1484 3328 ἐκείνην
1510 3257 1608 3325 τὴν
1641 3260 1814 3312 νύκτα
1844 3277 1936 3312 πι-

354 3350 505 3423 κρῶς
546 3350 738 3403 ἑαυτὸν
775 3349 1115 3420 ἀπωδύρετο,
1152 3348 1342 3421 ὥσπερ
1386 3350 1535 3422 αὐτῷ
1578 3353 1672 3404 καὶ
1712 3352 1937 3423 καρδίας

354 3446 467 3506 τοῖς
485 3442 717 3512 δάκρυσι
748 3442 1201 3510 συνεκχεομένης,
1225 3441 1301 3503 ὡς
1333 3440 1425 3494 καὶ
1451 3442 1518 3493 τὰ
1545 3442 1827 3511 σπλάγχνα
1848 3445 1939 3494 τὶν

355 3532 497 3585 θεῖον
533 3533 786 3601 Ἰωάννην
824 3532 1087 3594 παθόντα,
1121 3531 1385 3601 Μάχαιρά
1420 3547 1502 3584 σοι
1531 3532 1799 3592 λείπεται.
1838 3534 1938 3601 φά-

352 3642 466 3689 ναι,
516 3626 582 3696 ἦν
616 3623 796 3677 λαϐὼν
854 3623 1078 3677 σεαυτὸν
1130 3623 1518 3694 διαχειρξσεις·
1550 3622 1723 3687 οὕτως
1770 3625 1937 3679 αὑτοῦ

352 3717 593 3784 γνησίως
619 3718 989 3786 περιεκαίετο.

2049 3056 2271 3133 εενιιηι,
2329 3077 2385 3123 et
2414 3068 2743 3139 promissam
2780 3068 3097 3123 beatitatem
3134 3070 3417 3124 consecuti
3463 3073 3627 3127 sum!

2050 3158 2164 3228 Ego
2191 3170 2374 3213 autem
2420 3156 2554 3227 quid
2588 3158 2787 3227 agam?
2812 3174 2922 3228 quo
2963 3168 3123 3227 pacto
3159 3159 3457 3215 stridorem
3490 3160 3631 3215 den-

2048 3252 2185 3306 tium
2213 3251 2379 3309 miser
2407 3251 2689 3323 effugiam,
2718 3250 2995 3315 dentium,
3035 3250 3130 3321 qui
3167 3259 3280 3305 tum
3313 3252 3404 3307 hic
3432 3253 3634 3311 roden-

2046 3345 2120 3400 do
2148 3360 2351 3415 corpus
2401 3343 2803 3407 comminuent.
2836 3354 2948 3399 tum
3004 3343 3130 3400 istic
3161 3344 3526 3403 nihilominus
3574 3349 3629 3402 in

2046 3445 2379 3507 perpetuum
2432 3452 2520 3491 me
2546 3436 2932 3491 dilaniabunt?
2962 3436 3114 3490 Talia
3156 3435 3461 3492 identidem
3503 3455 3625 3509 pro-

2047 3530 2229 3584 mebat
2259 3545 2377 3594 ore,
2409 3529 2540 3583 talia
2564 3528 2938 3583 meditabatur
2966 3528 3174 3591 animo,
3202 3529 3331 3583 talia
3361 3531 3628 3585 miserum

2048 3622 2102 3675 in
2130 3621 2353 3676 modum
2387 3629 2535 3674 totus
2558 3618 3000 3673 lamentabatur:
3026 3628 3140 3671 tum
3179 3620 3414 3688 genibus
3448 3623 3627 3675 mani.

2048 3718 2262 3789 busque
2295 3714 2447 3770 humi
2478 3711 2675 3783 positis
2713 3726 2941 3781 pronus,
2983 3709 3225 3780 scipsuin
3274 3719 3379 3765 tam
3431 3712 3629 3766 acerbe

356 3820 471 3865 tota
509 3810 603 3865 illa
635 3819 798 3865 nocte
856 3809 1200 3879 deplorabat,
1231 3809 1401 3864 vitam
1433 3810 1607 3865 veluti
1635 3826 1760 3865 cum
1792 3811 2049 3882 lacrymis
2065 3810 2424 3881 profundens,
2451 3817 2511 3861 ut
2563 3807 2648 3860 vir
2665 3805 2886 3859 divinus
2925 3804 3184 3863 Joannes,
3228 3803 3438 3857 intimis
3455 3807 3629 3857 visee-

354 3901 509 3955 ribus
531 3911 863 3966 commotus,
902 3901 1089 3955 dicere
1124 3901 1351 3955 auditus
1379 3901 1450 3954 sit
1486 3918 1499 3953 :
1550 3900 1692 3968 Quid
1723 3902 1985 3967 tandem,
2026 3902 2299 3975 Symeon?
2355 3900 2589 3955 Ferrum
2641 3895 2989 3951 solummodo
3087 3894 3268 3957 deest,
3328 3898 3626 3967 quominus

350 3997 626 4050 violentas
664 3994 763 4047 tibi
792 3995 907 4062 ipse
942 4009 1138 4048 manus
1166 3992 1388 4048 inferas.

428 4086 499 4157 μ’.
536 4089 766 4139 Ἔπειτα
798 4086 978 4155 μέντοι
1006 4085 1144 4155 πρὸς
1179 4086 1377 4158 ἑτέραν
1415 4088 1637 4157 μείζονα
1670 4087 1776 4140 τῶν
1804 4104 1935 4155 προ-

350 4181 528 4251 τέρων
555 4181 786 4251 ἄσκησιν
822 4178 1014 4233 ἑαυτὸν
1039 4180 1068 4231 ὁ
1094 4179 1316 4249 Συμεὼν
1352 4179 1596 4246 ἐξεπόνει
1628 4198 1642 4212 ·
1666 4182 1805 4249 ἔγνω
1826 4182 1933 4250 γάρ

2111 4083 2197 4137 40.
2234 4082 2501 4138 Successu
2553 4080 2755 4136 deinde
2786 4078 3048 4149 temporis
3077 4079 3227 4134 aliud
3274 4084 3626 4142 exercitatio-

2042 4177 2130 4231 nis
2159 4191 2336 4247 genus
2369 4174 2707 4243 excogitans,
2743 4172 2912 4242 priori
2958 4173 3119 4243 longe
3174 4175 3346 4245 magis
3395 4184 3623 4246 stupen-

351 4275 445 4326 ἰπὶ
471 4272 578 4324 τῶν
606 4271 800 4325 ἑαυτοῦ
831 4272 1048 4325 καθίσαι
1078 4270 1254 4325 ποδῶν
1279 4288 1293 4303 ·
1311 4270 1339 4324 ὃ
1357 4270 1451 4325 καὶ
1467 4271 1598 4343 παρ’
1617 4272 1736 4326 ὅλον
1757 4276 1932 4328 ἐνιαυ-

2047 4270 2193 4335 dum,
2225 4267 2294 4323 ad
2326 4265 2461 4321 illud
2487 4280 2609 4320 sese
2640 4264 3038 4319 exstimulavit.
3084 4262 3389 4323 Constituit
3432 4269 3620 4341 igitur,

353 4365 447 4417 τὸν
474 4363 794 4433 πεποίηκεν,
826 4364 1123 4427 ἀσάλευτος
1154 4364 1366 4432 μείνας,
1398 4364 1652 4435 καθάπερ
1692 4368 1786 4420 ἐπὶ
1828 4366 1926 4419 πέ-

350 4471 485 4524 τραν
500 4454 595 4521 τῆς
609 4455 685 4515 εἱς
705 4449 931 4518 Χριστὸν
945 4453 1150 4523 ἀγάπης
1167 4454 1411 4525 ἀκριϐῶς
1442 4456 1801 4527 ἡδρασμένος.
1841 4458 1932 4527 Τῷ

354 4547 452 4616 μὲν
488 4543 581 4599 οὖν
623 4544 822 4616 χρονίῳ
856 4545 954 4614 τῆς
987 4545 1277 4615 καθέδρας,
1321 4547 1415 4599 καὶ
1453 4550 1519 4619 τῇ
1553 4548 1661 4602 τῶν
1710 4550 1931 4620 σαρκῶν

350 4637 669 4707 ἁπαλότητι,
729 4639 847 4702 ταῖς
906 4638 1143 4708 κνήμαις
1186 4639 1235 4691 οἱ
1281 4641 1447 4709 μηροὶ
1478 4641 1926 4712 συμπεφύκεσαν,

351 4730 511 4799 μέλος
541 4729 730 4799 ὥσπερ
773 4729 831 4781 ἒν
859 4730 1164 4797 γεγονότες,
1197 4728 1359 4799 σῆψίς
1384 4747 1443 4783 τε
1469 4731 1678 4794 τούτοις
1708 4734 1930 4800 ἐντετη-

349 4824 497 4887 κυῖα,
547 4822 639 4875 τὸν
678 4822 955 4891 Ἰωάννην,
1010 4820 1149 4873 ἀλλὰ
1195 4822 1290 4874 καὶ
1348 4823 1474 4886 τοὺς
1503 4822 1768 4891 ἀδελφοὺς
1811 4825 1931 4878 δυσ-

348 4914 509 4978 ωδίας
540 4913 807 4985 ἑπλήρου.
847 4909 955 4977 Ἦς
981 4913 1103 4967 ὅθεν
1139 4931 1198 4966 τε
1226 4910 1309 4985 ἧν,
1345 4917 1439 4968 καὶ
1467 4918 1615 4980 ὅπως
1648 4913 1758 4987 εἶχε
1785 4935 1929 4986 γνωο

348 5005 587 5074 σθείσης,
628 5006 810 5077 ἰατρόν
837 5023 955 5058 τινα
981 5006 1471 5076 μεταστειλάμενος
1500 5008 1529 5059 ὁ
1563 5006 1831 5078 Ἰωάννης,
1859 5010 1926 5079 τῇ

343 5098 510 5170 τέχνῃ
535 5099 670 5169 πρὸς
697 5098 759 5150 τὸ
790 5097 885 5151 τοῦ
924 5095 1148 5167 Συμεὼν
1189 5098 1359 5160 πάθος
1392 5096 1625 5169 χρῆσθαι
1655 5098 1829 5167 ἠξίου.
1871 5101 1928 5153 'U

343 5191 403 5245 δὲ
459 5192 763 5259 κατεγέλα·
809 5193 884 5261 Ζῇ
939 5190 1144 5261 Κύριος
1196 5192 1224 5243 ὁ
1272 5189 1403 5253 Θεός
1433 5207 1558 5261 μου,
1602 5190 1795 5258 λέγων,
1828 5194 1928 5246 οὐκ

345 5281 660 5354 ἀνθρωπίνη
701 5301 793 5353 μοι
820 5284 981 5353 τέχνη
1007 5281 1266 5351 ψαύσειεν
1304 5282 1336 5351 ἢ
1377 5283 1521 5352 χείρ.
1564 5282 1680 5335 Ἐπ’
1720 5283 1927 5337 ἐκεῖνον

344 5373 453 5447 γάρ
493 5375 770 5446 ὲπέρῤιψα
799 5375 1056 5446 ἐμαυτὸν,
1082 5376 1175 5428 καὶ
1208 5373 1371 5437 αὐτὸς
1397 5374 1637 5443 ποιήσει.
1673 5374 1860 5428 Ταῦτα
1897 5379 1927 5430 ὀ

348 5465 448 5538 μὲν
470 5466 677 5535 ἰλεγεψ
710 5467 842 5531 Θεὸς
864 5467 921 5520 δὲ
950 5467 1011 5520 οὐ
1042 5466 1130 5520 διὰ
1165 5463 1378 5537 μακροῦ
1406 5466 1667 5538 ἐπλήρου,
1697 5468 1791 5520 καὶ
1819 5468 1928 5521 άπὸ

344 5558 445 5628 τῆς
481 5560 695 5631 πληγῆς
732 5562 759 5614 ὁ
782 5558 1009 5631 Συμεὼν
1043 5559 1181 5623 ἰᾶτο,
1210 5556 1337 5621 τούς
1363 5574 1423 5611 τε
1455 5563 1664 5629 μηροὺς
1695 5557 1922 5629 ερρωτο,

348 5654 441 5706 καὶ
466 5657 586 5716 ταῖς
612 5655 851 5724 κνήμαις
873 5653 1072 5723 ἐχρῆτο
1087 5670 1099 5683 ·
1127 5652 1221 5705 καὶ
1244 5652 1571 5723 χαριστήρια
1593 5649 1711 5722 Θεῷ
1731 5652 1925 5705 τοσαύ-

2038 4361 2273 4432 pedibus
2294 4359 2411 4414 suis
2435 4373 2532 4429 pro
2553 4356 2716 4411 sedili
2744 4356 2845 4419 uti,
2873 4356 3338 4426 quemadmodum
3363 4368 3420 4415 et
3442 4362 3622 4432 reipsa

2036 4469 2170 4509 usus
2198 4462 2284 4507 est
2312 4466 2459 4505 anno
2486 4450 2723 4520 integro,
2760 4449 3132 4520 immotusque
3153 4451 3418 4520 persedit,
3446 4455 3620 4509 veluti

2034 4558 2203 4613 super
2252 4550 2463 4612 petram
2502 4540 2818 4595 dilectionis
2861 4538 3067 4594 Christi
3122 4542 3296 4611 probe
3344 4542 3613 4600 firmatus.

2034 4635 2261 4689 Factum
2298 4640 2385 4687 est
2411 4632 2578 4701 igitur
2609 4631 2827 4686 diutino
2856 4631 2951 4685 illo
2978 4632 3089 4687 situ
3118 4645 3174 4686 et
3200 4634 3384 4688 carnis
3413 4636 3616 4691 teneri-

2033 4727 2227 4783 tudine
2265 4726 2427 4782 tibias
2456 4741 2581 4781 cum
2613 4725 2768 4780 coxis
2796 4725 3125 4789 coalescere,
3169 4734 3227 4781 et
3266 4727 3489 4781 unicum
3519 4744 3612 4784 so-

2031 4820 2315 4876 lummodo
2356 4820 2664 4875 membrum
2703 4832 2990 4888 apparere.
3034 4819 3179 4873 unde
3214 4833 3471 4890 generata
3510 4838 3613 4893 pu-

2032 4913 2285 4969 trefactio
2304 4921 2448 4968 tetro
2470 4913 2661 4974 odore,
2693 4928 2800 4968 non
2822 4912 3090 4967 Joannem
3118 4912 3316 4976 solum,
3348 4914 3444 4968 sed
3476 4913 3613 4972 alios

2033 5021 2255 5076 quoque
2287 5004 2484 5060 fratres
2518 5004 2848 5074 complebat.
2883 5004 2983 5060 Ubi
3012 5012 3193 5059 autem
3224 5005 3414 5060 fetoris
3447 5021 3609 5063 causa

2032 5098 2285 5168 indagata
2314 5106 2643 5166 repertaque
2674 5104 2777 5160 est,
2806 5096 3080 5151 medicum
3117 5098 3420 5153 accersivit
3442 5098 3613 5154 Joan-

2030 5206 2148 5254 nes,
2180 5198 2298 5244 arte
2324 5204 2422 5243 sua
2446 5189 2713 5243 medelam
2737 5188 2937 5243 affecto
2960 5190 3175 5259 corpori
3204 5190 3608 5247 adhibiturum.

2028 5280 2169 5350 Quid
2195 5280 2263 5334 ad
2296 5280 2413 5336 lucc
2437 5278 2717 5351 Symeon?
2743 5279 2801 5334 In
2834 5280 3006 5334 risum
3032 5280 3245 5337 effusus
3277 5298 3290 5334 :
3321 5282 3471 5337 Vivit
3502 5283 3609 5337 Do-

2030 5376 2213 5431 minus
2234 5388 2411 5436 meus,
2435 5373 2636 5442 inquit,
2667 5387 2732 5426 ac
2750 5372 2897 5427 Deus
2920 5387 3106 5427 meus:
3127 5374 3272 5430 absit
3290 5384 3349 5430 ut
3372 5375 3610 5431 humana

2028 5479 2124 5524 aut
2152 5483 2244 5523 ars
2275 5476 2370 5523 aut
2402 5482 2597 5521 manus
2635 5465 2849 5521 medica
2877 5467 3111 5522 vulnera
3143 5483 3261 5523 mea
3297 5477 3516 5525 tractet.
3555 5471 3613 5525 lu

2030 5560 2321 5617 Dominum
2352 5559 2558 5630 projeci
2581 5572 2771 5613 curam
2798 5558 2927 5624 mci,
2954 5557 3073 5630 ipse
3101 5560 3471 5619 medicabitur
3502 5580 3609 5619 me.

2029 5654 2154 5709 Haec
2190 5652 2301 5709 ille.
2338 5652 2483 5708 Deus
2504 5660 2685 5707 autem
2708 5650 3052 5722 praedictioni
3082 5652 3248 5711 fidem
3278 5656 3475 5714 deesse
3508 5672 3616 5711 non
