4034 6186
298 359 384 415 ΞΟΞ

299 357 421 428 τοῖ’-5
1307 377 1480 435 vrm
1523 377 1564 433 A
1610 367 2042 432 NICEI’IIORO
2082 365 2566 426 coxsczurra.

3379 351 3532 432 3.ιὲὓί

297 489 592 558 ἀνάγουσιν,
618 491 776 543 ἕκτον
833 493 921 544 ἐπὶ
947 492 1041 559 τῆς
1073 490 1283 561 βάσεως
1316 491 1528 556 ἐκείνης
1563 489 1664 556 ἤδη
1702 484 1850 553 παρὰ

1975 499 2117 552 luam
2139 483 2192 534 in
2217 482 2305 534 illa
2327 478 2440 534 basi
2461 495 2554 532 sex
2580 491 2753 529 annos
2775 473 2875 527 sub
2904 472 3194 540 disciplina
3214 470 3324 524 divi
3353 469 3520 525 Joan-

297 579 364 649 τῷ
407 579 534 652 θείῳ
579 582 796 654 Ἰωάννῃ
850 582 1038 650 χρόνον
1091 578 1631 651 ειη-λυκότα.Σπονδη
1683 578 1736 629 δὲ
1787 573 1850 644 ἦν

298 672 394 725 τῶν
446 673 729 742 παρόντων
787 673 1022 741 ἐκὰατῳ,
1059 673 1152 723 καὶ
1219 671 1450 740 μάλιστα
1487 675 1596 732 τοῖς
1633 669 1726 720 τοῦ
1761 667 1854 736 βή-

303 779 480 830 ματος,
513 763 592 832 τῷ
649 762 766 831 μὲν,
799 762 1169 824 διαϐαστάσαι,
1201 761 1277 830 τῷ
1315 761 1368 813 δέ
1401 761 1492 813 τοῦ
1549 759 1855 827 ἐνδύματος

303 851 535 919 ἅψασθαι
571 891 584 914 ,
618 850 694 921 τῷ
751 852 806 903 δὲ
865 852 957 902 καὶ
1009 850 1237 919 πλησίον
1291 847 1563 917 γενέσθαι,
1601 848 1854 916 καθάπερ

301 943 367 1010 τῷ
397 943 560 993 πλέον
591 943 914 1013 μετασχόντι
950 940 1190 1004 πλείονος
1221 943 1392 1012 παρὸν
1423 944 1602 1010 τυχεῖν
1638 941 1732 992 καὶ
1761 939 1858 1010 τῆς

302 1029 562 1098 εὐλογίας.

363 1201 474 1264 μγ⁹.
508 1199 570 1248 ’0
590 1195 685 1263 μέν
712 1195 803 1248 οὖν
834 1195 978 1264 ίερδς
1011 1197 1237 1266 Συμεὼν
1269 1200 1362 1250 ἐπὶ
1385 1197 1678 1260 τοῦκίονος
1704 1197 1857 1261 στὰς,

299 1287 476 1354 ὃγδοον
509 1289 565 1339 ἐν
595 1286 742 1355 αὐτῷ
767 1287 1192 1358 διεκαρτέρησεν
1229 1288 1364 1350 ἔτος,
1391 1289 1472 1351 ὶῦς
1503 1287 1628 1359 ἑξῆς
1658 1287 1859 1356 προῖὼν

301 1381 324 1430 ὀ
353 1377 505 1444 λόγος
537 1377 764 1445 δηλώσει
796 1395 901 1446 μοι⁴
939 1379 995 1431 Ὀ
1024 1379 1078 1430 δὲ
1109 1380 1382 1446 Ἰωάννης,
1408 1381 1582 1432 καίτοι
1603 1380 1862 1448 διαθήκας

307 1468 439 1538 μετά
461 1469 554 1519 τοῦ
584 1467 804 1535 Συμεὼν
833 1469 1170 1536 διαθέμενος,
1207 1469 1446 1538 ἡνῶσθαί
1470 1487 1527 1521 τε
1555 1471 1640 1522 διὰ
1667 1471 1863 1532 παντὸς

305 1558 446 1628 αὺτῷ
477 1559 574 1626 τὴν
605 1559 978 1628 πνευματικὴν
1000 1558 1212 1618 ἕνωσιν,
1247 1561 1340 1611 καὶ
1371 1558 1672 1627 ἁχὼριοτος
1700 1557 1863 1613 αἰτοῦ

303 1651 392 1719 τὴν
424 1652 601 1720 ψυχὴν
630 1651 924 1720 διαμένειν,
954 1652 1098 1719 ὅμως
1137 1652 1219 1702 ὅτι
1268 1651 1341 1720 μὴ
1371 1651 1468 1720 τὴν
1499 1651 1620 1720 δοξιιν
1659 1652 1864 1704 ἐκείνου

303 1741 550 1806 γλυκεῖαν
604 1743 698 1794 καὶ
758 1741 930 1803 θείαις
983 1739 1252 1792 ἀνθοῦσαν
1300 1740 1517 1810 χάρισιν
1567 1739 1866 1809 ὀφθαλμοῖς

296 1828 433 1900 εἶχεν
460 1833 614 1900 ὀρᾷν,
659 1830 910 1881 ἐδάκνετο
940 1831 1036 1898 τὴν
1078 1829 1304 1897 καρδίαν
1340 1828 1434 1879 καὶ
1478 1827 1740 1888 ὠδυνᾶτο,
1777 1826 1867 1876 καὶ

297 1925 370 1983 είς
404 1920 614 1988 φανερὰ
649 1917 904 1978 πολλάκις
934 1917 1235 1968 κατέπιπτε
1259 1914 1492 1983 δάκρυα.
1519 1912 1614 1983 Τῷ
1641 1911 1868 1980 Συμεὼν

296 2017 346 2068 δὲ
399 2015 641 2085 μείζονες
684 2010 792 2064 τῶν
853 2009 1136 2078 προτέρων
1187 2006 1398 2072 ἀγῶνες
1445 2007 1538 2056 ἐπὶ
1567 2005 1660 2057 τοῦ
1687 2006 1871 2066 κίονος

295 2105 441 2178 ἦσαν.
473 2105 712 2174 πραότης
756 2120 814 2154 τε
850 2100 1050 2152 πλείων
1095 2097 1241 2166 αὐτῴ
1287 2097 1660 2168 προσετίθετο,
1712 2096 1806 2148 καὶ
1835 2097 1868 2165 ἡ

295 2203 387 2270 τῆς
417 2197 646 2268 καρδίας
687 2195 976 2258 κατάνυξις
1003 2193 1218 2262 ηὔξετο,
1251 2192 1319 2246 τά
1349 2209 1413 2254 τε,
1437 2191 1649 2260 δάκρυ-α
1681 2189 1870 2250 ὑετοὺς

297 2293 558 2361 ἐμιμεῖτο,
591 2291 682 2342 καὶ
714 2291 746 2359 ή
778 2288 991 2355 γλῶττα
1021 2288 1132 2348 τοῖς
1161 2287 1239 2348 είς
1267 2283 1398 2337 Θεὸν
1423 2283 1610 2354 ὕμνοις
1633 2283 1756 2344 ταῖς
1788 2281 1872 2333 οὐ·

299 2383 500 2456 ρανίαις
534 2382 794 2452 δυνάμεσι
829 2379 1015 2449 σαφῶς
1043 2376 1313 2447 ὠμοίωτο.

365 2563 466 2636 μδ⁹.
510 2563 596 2626 Ὠς
629 2561 692 2616 ἂν
738 2561 794 2614 δὲ
841 2560 914 2631 μὴ
961 2558 1323 2628 καυχήσηται,
1357 2555 1510 2624 φησὶ,
1544 2555 1692 2609 πᾶσα
1714 2553 1869 2625 σὰρξ,

298 2658 453 2729 ἡνίκα
480 2656 732 2724 τοιαύτης
763 2653 1055 2723 ἐτύγχανεν
1105 2649 1300 2712 ἐπιϐὰς
1337 2648 1573 2718 ἡλικίας,
1620 2649 1740 2718 ἥτις
1772 2645 1871 2713 φύ-

297 2769 429 2813 σεως
481 2749 688 2817 πέφυκε
735 2746 896 2816 γονὴν
935 2745 1198 2815 προϊέναι,
1233 2741 1506 2794 ὡπλίσατο
1539 2739 1814 2811 κραταιῶς
1846 2739 1874 2792 ὁ

297 2842 572 2902 Σατανᾶς,
605 2839 746 2891 ὥστε
795 2836 990 2898 νυκτὸς
1031 2834 1193 2887 αὑτὸν
1231 2833 1503 2896 ἐνυπνίοις
1547 2833 1872 2901 ἐπηρεᾶσαι.

295 2929 378 3000 Τῷ
408 2931 489 2991 δὲ,
529 2932 577 2982 εἰ
617 2929 710 2982 καὶ
738 2929 800 2980 τὸ
825 2927 985 2995 σῶμα
1046 2924 1163 2978 κατ’
1199 2925 1374 2976 ἐκεῖνο
1401 2923 1499 2988 τῆς
1528 2921 1674 2992 ὧρας
1706 2920 1872 2974 ὕπνου

297 3021 515 3093 ἥττητο,
545 3019 657 3073 ἀλλ’
688 3021 720 3088 ἡ
749 3019 894 3088 ψυχὴ
923 3017 1192 3087 ἐγρήγορέ
1213 3033 1271 3068 τε
1301 3015 1394 3066 καὶ
1414 3013 1756 3082 διανέστηκε,
1780 3009 1876 3064 καὶ

295 3113 474 3175 οὕτως
527 3113 692 3182 ἑαυτῇ
738 3111 1102 3180 προσέχουσα,
1167 3107 1242 3170 ὡς
1280 3105 1354 3176 μὴ
1401 3107 1560 3174 μόνον
1599 3103 1874 3172 ἐνδόσιμον

299 3204 480 3274 μηδὲν,
536 3203 672 3273 μηδέ
714 3201 954 3270 μαλακὸν
1005 3199 1218 3260 παθεῖν,
1253 3196 1387 3250 ἀλλὰ
1433 3195 1528 3254 καὶ
1569 3195 1660 3248 τον
1703 3193 1868 3248 ὕπνον

292 3297 452 3358 εὐθὺς
485 3293 882 3364 ἀπορρίψαντα,
930 3289 1236 3344 κατώδυνον
1280 3289 1399 3341 ὅλον
1444 3287 1538 3339 καὶ
1578 3285 1864 3357 δακρυώδη

295 3387 474 3442 παίειν
503 3388 602 3450 τὰς
634 3387 806 3451 ὄψεις,
835 3385 930 3436 καὶ
981 3381 1205 3435 τοιαῦτα
1257 3379 1435 3449 ἐαυτῷ
1473 3378 1864 3449 ὲποδύρεσθαι·

290 3481 394 3536 Φεῦ
433 3476 519 3535 οἶα
551 3481 744 3533 παθεῖν
775 3482 803 3533 ὁ
841 3478 1070 3539 δείλαιος
1113 3469 1364 3546 ἔμελλονί
1411 3469 1522 3526 οἷον
1556 3472 1868 3544 προσθεῖναι

290 3573 546 3643 τραῦμα,
587 3573 724 3641 ὅπερ
770 3571 870 3622 οὐκ
914 3569 1114 3636 ἰατρδς.
1145 3565 1206 3618 οὐ
1235 3565 1418 3632 τέχνη,
1459 3563 1518 3614 οὐ
1557 3561 1867 3630 φάρμακον,

291 3665 389 3716 οὔκ
417 3663 544 3717 ἄλλο
572 3679 622 3713 τι
650 3658 986 3730 θεραπεῦσαι
1013 3657 1228 3725 ἴσχυσεν
1255 3655 1352 3708 ᾶνί
1387 3651 1549 3706 Ἀλλὰ
1575 3652 1656 3704 σοὶ
1673 3649 1750 3720 τῷ
1779 3649 1874 3718 μό-

291 3773 366 3821 νῳ
397 3753 642 3826 Δεσπότῃ
670 3752 764 3806 καὶ
786 3751 998 3820 Σωτῆρι
1026 3749 1232 3818 ψυχῶν,
1259 3745 1336 3816 τῷ
1366 3746 1511 3815 μόνῳ
1534 3743 1748 3814 νεφρῶν
1777 3743 1872 3796 καὶ

291 3845 530 3914 καρδιῶν
585 3845 782 3912 ἐταστῇ
847 3841 1194 3910 προσπίπτω,
1251 3838 1466 3899 δεικνὺς
1515 3835 1613 3905 τὴν
1667 3833 1873 3887 οἰκείαν

289 3937 598 3998 ἀσθένειαν,
633 3936 757 3989 ἐπεὶ
788 3935 880 3986 καὶ
904 3933 1110 3992 πάντας
1137 3932 1306 3982 ἐλεεῖν
1333 3925 1508 3992 οἶδας,
1530 3931 1557 3982 ὁ
1580 3928 1672 3981 καὶ
1699 3929 1875 3981 πάντα

290 4029 482 4096 σαφῶς
542 4027 859 4096 δυνάμενος.
895 4023 1056 4076 Ταῦτ’
1093 4022 1270 4088 ἔλεγε,
1311 4021 1406 4073 καὶ
1453 4019 1584 4081 ἰδοὺ,
1620 4020 1720 4089 ὁρᾷ
1752 4035 1874 4072 τινα

287 4122 554 4174 κατιόντα
602 4119 739 4188 πρὸς
789 4113 1226 4180 αὐτὺνιᾶνωθεν,
1251 4114 1322 4165 τὸ
1349 4109 1490 4174 εἶδος
1526 4111 1742 4180 σεμνὸν,
1775 4109 1876 4182 τὴν

284 4217 457 4284 τρίχα
482 4211 732 4282 γηραιὸν,
762 4209 823 4261 τὸ
856 4207 1046 4278 σχῆμα
1079 4207 1174 4258 καλ⁵
1207 4206 1304 4273 τὴν
1337 4204 1528 4274 στολὴν
1569 4205 1737 4274 ἱερέα,
1775 4221 1876 4256 πο-

281 4309 483 4377 τήριον
515 4302 784 4372 σωτηρίου
809 4300 964 4370 χερσὶ
991 4298 1310 4366 κατέχοντα,
1339 4296 1534 4349 εὐωδία
1557 4313 1613 4348 τε
1640 4296 1874 4366 κατέσχε

281 4397 386 4449 τὸν
418 4397 598 4448 τόπον.
638 4393 744 4445 Καὶ
766 4394 793 4444 ὁ
823 4391 1012 4459 φανεὶς
1043 4387 1152 4440 τῶν
1175 4389 1459 4458 ἀχράντων
1490 4388 1650 4441 οἱονεὶ
1675 4405 1878 4458 μυστη-

1955 574 2040 626 nis
2061 582 2302 626 moratus
2335 570 2532 622 fuerat.
2570 565 2775 634 Volupe
2809 562 2898 616 hic
2923 570 3041 615 erat
3068 560 3250 614 studia
3277 567 3519 627 spectare

1956 663 2224 732 cujusque
2297 658 2674 731 prazsentium,
2751 654 3030 725 praecipue
3088 650 3522 706 ministrantium

1957 753 2148 818 altari;
2177 752 2300 806 aliis
2330 760 2580 806 sanctum
2614 764 2644 802 a
2701 757 2850 800 terra
2913 743 3352 806 sublevantihus,
3403 741 3526 793 aliis

1959 845 2284 900 vestimenta
2311 852 2532 912 tangere
2564 839 2941 910 cupientibus,
2987 837 3264 906 plerisque
3301 831 3530 902 propius

1959 939 2293 1008 prepiusque
2332 935 2523 988 adeSse
2545 931 2896 994 conantibus,
2953 928 3207 981 omnibus
3253 925 3407 994 quasi
3444 941 3524 976 ra-

1963 1038 2074 1084 tum
2106 1026 2456 1087 habentibus,
2493 1025 2616 1093 plus
2637 1019 3044 1076 benedictionis
3067 1019 3336 1072 relaturos
3383 1015 3526 1074 illos,

1961 1118 2053 1187 qui
2079 1117 2200 1184 plus
2234 1113 2402 1168 studii
2448 1111 2832 1166 contulissent.

2032 1207 2120 1259 45.
2149 1203 2348 1258 Beatus
2378 1203 2564 1270 itaque
2603 1201 2864 1271 Symeon,
2907 1207 3060 1254 stans
3113 1213 3277 1266 super
3319 1197 3531 1250 culum-

1963 1316 2111 1362 nam,
2137 1313 2312 1352 annos
2342 1305 2467 1350 octo
2494 1293 2700 1348 ibidem
2735 1290 3054 1362 perduravit
3081 1330 3096 1354 ,
3139 1290 3216 1344 uti
3241 1303 3534 1359 progressu

1966 1383 2227 1458 deinceps
2246 1387 2512 1440 orationis
2533 1385 2823 1440 docebitur
2847 1402 2858 1437 :
2879 1383 3119 1438 Joannes
3139 1391 3538 1447 autem,quam-

1969 1483 2050 1534 vis
2077 1487 2266 1550 pactus
2299 1493 2422 1532 cum
2451 1477 2720 1548 Symeone
2756 1482 2921 1538 esset,
2963 1473 3314 1527 adluesurum
3370 1485 3427 1523 se
3461 1469 3536 1521 illi

1971 1587 2185 1640 semper
2210 1567 2513 1638 spiritualis
2542 1566 2762 1620 vinculo
2798 1561 3227 1632 coniunctionis,
3281 1568 3336 1613 et
3389 1558 3541 1611 null»

1973 1678 2214 1733 unquam
2247 1671 2492 1728 tempore
2517 1665 2832 1728 separatum
2867 1653 2971 1726 iri,
3006 1651 3374 1707 nihilominus
3395 1651 3540 1719 quod

1972 1752 2126 1808 suavi
2155 1761 2378 1820 aspectu
2411 1749 2576 1814 illius,
2594 1747 2779 1818 gratia:
2796 1746 2998 1800 divina:
3019 1743 3228 1812 copiam
3251 1742 3540 1812 prodente,

1975 1837 2082 1891 frui
2103 1835 2280 1892 oculis
2309 1851 2419 1890 non
2442 1835 2656 1898 liceret,
2679 1831 2983 1902 angebatur
3010 1829 3198 1892 corde,
3219 1826 3551 1895 dolebatque

1977 1938 2283 1999 tantopere,
2317 1937 2376 1982 ut
2402 1927 2456 1980 in
2485 1926 2755 1996 lacrymas
2783 1922 3233 1993 conspicuasnon
3268 1935 3393 1974 raro
3427 1935 3552 1987 pro-

1977 2031 2276 2094 rumperet.
2309 2022 2522 2077 Interea
2553 2019 2818 2082 virtutum
2851 2016 3032 2072 studia
3063 2015 3320 2086 Symeoui
3379 2013 3432 2066 in
3459 2027 3554 2066 co-

1976 2116 2162 2169 lumna
2195 2117 2398 2183 majora
2425 2120 2584 2166 erant
2610 2109 2924 2180 prioribus:
2950 2107 3350 2162 incrementum
3374 2103 3554 2172 capie-

1976 2208 2068 2263 bat
2085 2205 2470 2269 mansuetudo,
2489 2203 2816 2274 augescebat
2831 2199 3182 2269 compunctio
3201 2197 3405 2258 cordis,
3425 2195 3557 2249 ube-

1977 2298 2152 2354 riores
2173 2297 2416 2352 ﬂuebant
2441 2296 2692 2368 lacrymm
2719 2293 3028 2363 pluviarum
3053 2291 3284 2344 imbrem
3311 2287 3554 2346 imitata.

1977 2389 2165 2459 lingua
2201 2389 2254 2442 in
2288 2386 2652 2443 decantandis
2673 2385 2785 2441 Deo
2804 2383 3024 2454 hymnis
3057 2381 3196 2436 nihil
3231 2379 3409 2435 beatis
3429 2375 3554 2434 caali

1977 2479 2268 2550 spiritibus
2314 2477 2675 2532 concedebat.

2046 2571 2136 2626 44.
2170 2571 2247 2626 Ne
2286 2579 2493 2636 autem,
2527 2569 2606 2622 uti
2637 2567 2868 2630 dicitur,
2893 2564 3158 2636 glorietur
3188 2561 3367 2616 omnis
3402 2575 3552 2622 caro,

1977 2663 2224 2735 quzejam
2246 2661 2314 2716 ad
2339 2661 2390 2714 id
2414 2659 2592 2714 :etalis
2611 2657 2884 2728 pervenit,
2905 2665 2967 2710 ut
2987 2651 3346 2724 procreandis
3367 2649 3558 2705 liberis

1979 2765 2103 2826 apta
2143 2755 2252 2816 sit,
2295 2753 2502 2807 bellum
2541 2751 2799 2823 Symeoni
2831 2749 3062 2804 Satanas
3086 2746 3418 2801 acerrimum
3473 2742 3556 2796 in-

1979 2847 2138 2910 dixit,
2163 2860 2335 2914 usquc
2359 2843 2497 2898 adeo
2523 2853 2586 2897 ut
2607 2850 2772 2896 noctu
2795 2841 2961 2894 etiam
2983 2837 3278 2894 dormienti
3306 2850 3415 2890 non
3439 2835 3558 2888 leve

1981 2938 2288 3010 periculum
2335 2943 2574 2989 tentator
2615 2941 2851 2988 crearet.
2907 2928 3420 2986 Verumenimvero,
3477 2931 3550 2976 ta-

1981 3029 2142 3084 metsi
2173 3041 2273 3097 per
2303 3025 2438 3080 illud
2468 3033 2687 3093 tempus
2715 3037 2908 3077 somno
2940 3019 3314 3080 succubuerat
3335 3030 3556 3084 corpus,

1982 3122 2164 3176 anima
2195 3119 2559 3174 nihilominus
2585 3115 2863 3186 vigilabat,
2890 3123 3075 3169 erecta
3097 3126 3313 3180 semper
3338 3119 3556 3177 tamque

1975 3221 2185 3268 attenta
2210 3213 2378 3268 rebus
2399 3211 2536 3274 suis,
2565 3217 2626 3264 ut
2649 3224 2759 3263 non
2784 3208 2950 3262 modo
2975 3205 3116 3260 nihil
3149 3203 3276 3258 inde
3299 3199 3561 3256 motionis

1968 3301 2280 3359 libidinosa:
2301 3311 2602 3372 pateretur,
2623 3313 2816 3354 verum
2835 3297 2998 3352 etiam
3018 3309 3249 3350 excusso
3270 3290 3557 3348 confestim

1969 3410 2165 3450 somno
2186 3403 2417 3449 mmstus
2441 3401 2606 3463 atque
2634 3390 3104 3463 lacrymabundus
3138 3387 3332 3441 faciem
3360 3397 3560 3454 percu-

1973 3493 2138 3546 teret,
2178 3491 2344 3552 atque
2377 3481 2450 3535 ita
2484 3495 2672 3534 secum
2711 3479 2828 3550 ipse
2859 3479 3255 3532 lamentaretur
3287 3492 3301 3527 :
3329 3473 3420 3528 Vae
3459 3470 3562 3526 mi-

1969 3589 2094 3629 sero
2113 3573 2270 3636 mihi,
2297 3588 2460 3642 quam
2483 3585 2653 3641 prope
2684 3586 2714 3624 a
2749 3569 2958 3623 scelere
2991 3567 3176 3622 abfuit
3206 3579 3369 3635 quam
3421 3577 3559 3632 pene

1973 3663 2244 3719 inflictum
2267 3663 2401 3717 mihi
2421 3663 2623 3716 vulnus
2646 3661 2768 3724 fuit,
2795 3659 2882 3714 cui
2902 3675 3004 3714 nec
3025 3657 3298 3723 medicus,
3323 3671 3424 3711 nec
3449 3673 3558 3710 ars.

1971 3771 2076 3810 nec
2101 3755 2478 3825 pharmacum,
2500 3767 2601 3807 nec
2620 3751 2766 3829 aliud
2784 3749 3060 3820 quidlibet
3079 3748 3278 3803 afferre
3295 3763 3453 3818 opem
3479 3747 3561 3800 ul-

1973 3846 2080 3900 lam
2107 3845 2412 3914 potuissetl
2447 3844 2516 3897 At
2551 3843 2671 3906 tibi,
2707 3841 2938 3896 Domine
2968 3849 3023 3895 et
3057 3839 3311 3894 Salvator
3343 3840 3556 3894 anima—

1974 3950 2095 3996 rum
2129 3943 2464 3994 nostrarum,
2496 3931 2593 3984 tibi
2630 3930 2732 3985 soli
2766 3945 2956 3984 renum
2990 3944 3052 3982 ac
3073 3927 3324 3982 cordium
3349 3936 3558 3980 scruta-

1977 4027 2084 4079 tori
2121 4025 2352 4094 supplex
2384 4022 2609 4086 accedo,
2649 4022 2911 4092 detegens
2938 4019 3317 4075 infirmitatem
3346 4033 3558 4080 meam;

1976 4117 2237 4188 quoniam
2268 4125 2323 4169 tu
2353 4123 2411 4170 et
2445 4113 2697 4168 misereri
2727 4112 2974 4167 omnium
3004 4111 3172 4175 soles,
3201 4118 3260 4165 et
3299 4109 3560 4164 medicari

1977 4210 2237 4266 omnibus
2255 4217 2429 4278 potes.
2468 4207 2628 4262 [lisce
2658 4205 2848 4268 ﬁnitis,
2875 4221 3004 4260 ecce
3033 4205 3234 4260 iterum
3267 4203 3560 4274 quemdam

1978 4303 2250 4372 conspicit
2298 4302 2368 4356 ad
2409 4317 2467 4356 se
2494 4301 2920 4355 descendentem
2951 4300 3020 4356 ab
3062 4299 3564 4364 arthere,.vcnera-

1977 4395 2143 4450 bilem
2171 4395 2368 4458 forma,
2390 4393 2590 4448 canitie
2642 4394 3022 4464 conspicuum,
3055 4392 3237 4462 specie
3270 4401 3438 4462 atque
3469 4391 3566 4445 ha-

283 4487 430 4556 ρίων
477 4483 554 4553 τῷ
604 4480 828 4551 Συμεὼν
863 4481 1222 4548 κοινωνήσας,
1267 4478 1692 4546 Ἀνδρίξου,.καὶ
1736 4496 1866 4549 κρα-

1982 4488 2100 4542 bitu
2129 4486 2494 4549 sacerdotem,
2520 4485 2748 4540 calicem
2773 4484 3116 4539 salutiferum
3145 4484 3402 4539 manibus
3423 4499 3566 4554 prte-

282 4575 589 4634 ταιούσθω,
638 4575 823 4643 φησὶν,
858 4575 892 4642 ἡ
937 4571 1132 4642 καρδία
1169 4586 1295 4624 σου·
1347 4572 1444 4639 οὐχ
1484 4571 1730 4641 ὑποπέσῃ
1769 4571 1878 4642 γὰρ

286 4661 566 4713 ἐνυπνίων
601 4661 901 4725 ἐνεργείαις
946 4659 1148 4719 οὐκέτι,
1175 4659 1422 4730 φυλακὴν
1451 4663 1542 4714 ἐπὶ
1575 4667 1638 4734 τῇ
1675 4665 1880 4723 ἄνωθεν

285 4745 474 4798 ἐλπίδι
497 4748 674 4798 πᾶσαν
697 4746 792 4816 τῆς
823 4746 1014 4799 ἐαυτοῦ
1047 4747 1270 4816 καρδίας
1294 4748 1572 4818 τιθέμενος
1593 4770 1608 4784 ο
1639 4753 1666 4804 ὃ
1697 4756 1881 4809 τοσοῦ-

281 4853 390 4889 τον
429 4840 520 4890 ἐπὶ
574 4840 760 4890 πένθει
810 4841 1002 4900 πέν⁶ὶος
1039 4837 1115 4908 τῷ
1147 4840 1368 4907 Συμεὺν
1403 4843 1772 4914 προστίθησιν,
1803 4849 1878 4912 ὡς

282 4925 392 4985 ὲττί
421 4942 569 4986 τινας
597 4927 809 4996 ἡμέρας
839 4926 998 4996 ἄχρις
1028 4927 1254 4996 ἐννάτης
1278 4928 1426 4998 ὥρας
1489 4933 1623 5000 μηδέ
1647 4937 1743 5003 τὴν
1781 4937 1875 4990 θυ-

283 5017 420 5087 ρίδα
447 5019 694 5071 ὁπωσοῦν
730 5021 1100 5089 παρανοίγειν,
1137 5021 1252 5074 ἀλλ’
1283 5024 1523 5094 ἀκριϐῶς
1561 5029 1727 5090 αὐτὴν
1754 5031 1875 5084 ἐπι-

217 5129 222 5132 ·
279 5107 691 5178 κεκλεισμένην
707 5110 1030 5182 ἀνομίλητον
1055 5115 1364 5167 παντάπασι
1385 5115 1678 5186 διαμένειν,
1700 5122 1876 5186 ἑαυτῷ

280 5198 448 5267 μόνῳ
475 5200 568 5251 καὶ
595 5199 714 5271 θεῷ
739 5191 1295 5274 προσαδολεσχοῦντα.
1847 5175 1859 5195 ⁸

1983 4581 2254 4634 ferentem
2279 4596 2292 4631 :
2315 4579 2580 4647 locusque
2601 4577 2758 4631 suavi
2782 4575 2970 4630 odoris
2994 4575 3292 4646 fragrantia
3323 4575 3569 4644 repletus

1983 4679 2124 4725 erat.
2161 4671 2228 4724 Et
2263 4670 2332 4734 is,
2365 4669 2457 4738 qui
2491 4667 2814 4738 apparebat,
2863 4667 3186 4722 intemerata
3221 4677 3566 4721 sacramenta

1984 4762 2240 4834 Symeoni
2271 4763 2680 4816 communicare
2701 4761 2854 4814 visus
2879 4777 2892 4812 :
2915 4760 3184 4824 Vitiliter,
3215 4759 3414 4828 inquit,
3444 4775 3564 4828 age,

1983 4862 2040 4907 et
2079 4853 2422 4908 confortetur
2452 4869 2548 4908 cor
2577 4861 2769 4918 tuum;
2806 4866 2918 4906 non
2970 4852 3296 4906 succumbes
3339 4851 3567 4917 posthac

1985 4942 2336 4998 illusionibus
2383 4943 2808 5008 insomniorum,
2856 4943 2901 4998 si
2935 4943 3117 4998 cordis
3148 4944 3224 4998 tui
3258 4943 3564 5000 custodiam

1985 5033 2094 5088 Deo
2141 5035 2374 5089 firmiter
2403 5035 2677 5104 sperando
2721 5035 3085 5089 commiseris.
3119 5035 3226 5089 lies
3269 5035 3360 5088 illa
3393 5033 3564 5104 priori

1984 5127 2464 5198 Symeonisluctui
2501 5128 2842 5198 spiritusque
2875 5128 3195 5182 contritioni
3236 5137 3446 5182 tantum
3474 5127 3571 5181 ad-

1983 5218 2122 5273 didit
2144 5217 2570 5282 incrementum,
2585 5225 2644 5272 ut
2661 5217 2860 5272 diebus
2875 5217 3082 5286 aliquot
3099 5219 3164 5274 ad
3183 5220 3566 5288 horam-usque

275 5306 498 5395 n.0nam
526 5295 818 5398 fenestram
865 5301 1016 5398 nul-lo
1047 5301 1208 5398 modo
1242 5303 1573 5374 adaperiret,
1608 5312 1702 5365 sed
1770 5314 1908 5373 bene
1949 5313 2306 5370 obfirmatam.
2345 5313 2590 5370 retinens
2643 5315 2793 5370 intus
2843 5315 2960 5386 ipse
3030 5317 3248 5382 lateret,
3303 5333 3566 5374 commer-

272 5389 384 5438 cio
433 5389 582 5440 omni
634 5389 874 5445 humano
921 5393 1225 5460 abstinens,
1273 5397 1486 5466 sibique
1531 5403 1630 5455 soli
1679 5414 1734 5458 et
1763 5407 1875 5463 Deo
1915 5421 2136 5461 vacans.

445 5486 456 5504 ,
527 5480 540 5498 ,
642 5498 669 5510 _
719 5481 769 5510 ._
847 5483 894 5514 ..λ
1118 5484 1143 5495 .-
1195 5487 1207 5506 ,
1297 5488 1307 5504 .
1545 5494 1554 5506 .

374 5497 440 5548 με
463 5521 475 5532 .
544 5479 614 5532 Εν
651 5500 815 5552 ..ουιῳ
843 5499 896 5535 οε
932 5487 1023 5538 καὶ
1053 5503 1144 5538 του
1213 5488 1439 5541 ῐωαννου
1477 5509 1602 5554 τους
1633 5497 1882 5564 συνήθεις

271 5572 390 5622 ἐπὶ
437 5573 534 5640 τῆς
569 5573 774 5638 οἰκείας
812 5573 1019 5642 βάσεως
1057 5577 1332 5646 μετιόντος
1359 5581 1594 5647 ἀγῶνας,
1628 5585 1793 5652 ὑγιῶς
1821 5607 1878 5640 τε

273 5663 438 5715 κατὰ
488 5663 645 5733 σῶμα
705 5667 798 5718 καὶ
851 5667 1053 5730 ἁνόεως
1106 5669 1338 5738 ἔχοντος,
1401 5673 1722 5740 ἐγγίζουσαν
1779 5681 1878 5750 ἤδη

281 5753 573 5821 προγνοὺς
617 5755 714 5824 τὴν
745 5759 950 5809 ἑκ;ίνου
988 5760 1250 5829 ἐκδημίαν
1290 5765 1315 5812 ο
1347 5763 1588 5831 Συμεὼν,
1619 5768 1880 5832 τοιούτοις

2049 5496 2138 5549 45.
2173 5497 2320 5551 lnter
2372 5497 2486 5552 haec
2516 5497 2764 5553 Joannes
2801 5513 3022 5568 quoque
3073 5499 3131 5554 in
3163 5501 3418 5556 columna
3467 5517 3572 5558 sua

1981 5603 2275 5643 consuetas
2295 5590 2400 5644 sibi
2419 5591 2842 5646 exercitationes
2859 5600 3082 5646 strenue
3103 5591 3311 5654 obibat,
3333 5609 3572 5663 corpore

1984 5681 2124 5736 bene
2157 5697 2348 5748 sanus,
2377 5699 2478 5738 nec
2507 5682 2902 5738 invaletudinis
2925 5683 3032 5738 ulla
3061 5683 3306 5739 sentiens
3333 5683 3574 5740 indicia:

1983 5775 2142 5844 cujus
2174 5783 2354 5830 tamen
2383 5775 2726 5847 migrationis
2751 5776 2972 5847 jamjam
3005 5775 3263 5831 instantis
3308 5777 3580 5846 prmseius
