4034 6186
479 337 621 398 3027

1699 344 1760 403 S.
1803 344 2097 404 SYMEON
2107 347 2176 405 IS
2212 347 2574 409 JUNIORIS

3599 331 3740 396 3028

477 455 736 527 Symcon,
761 453 963 511 talibus
992 455 1061 511 ad
1087 471 1214 512 eum
1242 459 1428 514 verbis
1456 474 1587 514 usus
1611 469 1696 516 est
1725 480 1737 515 :
1769 461 1848 516 Ne
1874 463 2058 516 animo

2176 466 2297 535 πρὸς
2322 465 2484 518 αὑτὸν
2509 459 2790 532 μηνύμασι
2815 458 3046 528 χρῆται·
3079 454 3171 524 Μὴ
3197 450 3506 523 ἀθυμήσῃς,
3534 447 3737 519 Πάτερ,

477 544 720 610 delicias,
744 546 926 613 Pater,
958 548 1005 603 si
1026 549 1213 604 obitus
1238 549 1406 616 diem,
1424 567 1546 621 qua:
1565 568 1739 622 genus
1760 553 2058 608 humanum

477 639 600 693 sine
633 635 958 696 discrimine
996 640 1317 696 universum
1344 650 1548 708 manet,
1582 643 1680 697 tibi
1711 659 1930 713 quoque
1961 661 2057 714 ap-

479 729 850 799 propinquare
876 730 1156 785 audiveris
1182 747 1197 796 ;
1222 732 1466 787 intellexi
1515 733 1662 788 enim
1684 734 1910 787 citatum
1939 749 2059 788 esse

481 831 534 873 te
560 834 593 872 a
619 819 765 885 Deo;
799 821 944 890 quod
990 821 1090 876 tibi
1119 821 1343 891 quidem
1389 831 1446 877 et
1493 832 1764 892 quotquot
1792 826 2059 879 virtutum

481 921 697 964 tuarum
728 912 1075 967 aemulatores
1095 913 1225 968 sunt
1259 913 1479 982 requies
1501 914 1685 984 potius
1706 929 1772 968 ac
1797 915 1906 968 vita
1936 916 2021 970 est
2042 932 2056 979 ;

478 1001 864 1070 peccatoribus
890 1018 1026 1058 vero
1052 1003 1327 1074 angustia,
1369 1005 1573 1066 luctus,
1605 1013 1661 1058 et
1705 1019 1853 1058 mors
1891 1005 2059 1076 (quod

479 1092 688 1148 utinam
724 1109 832 1148 non
857 1104 1005 1150 esset
1027 1096 1067 1157 ί)
1086 1095 1412 1149 certissima.
1435 1095 1593 1150 Nunc
1623 1104 1805 1150 autem
1831 1106 2059 1165 paterna

482 1193 575 1238 tua
602 1200 670 1240 ac
699 1185 976 1255 spirituali
1006 1186 1396 1241 benedictione
1428 1202 1514 1241 me
1550 1187 1770 1256 imperti
1804 1207 1816 1242 :
1849 1205 1912 1244 ac
1940 1204 2056 1242 me-

482 1283 670 1328 mento
695 1275 803 1330 mei
825 1291 950 1330 cum
981 1275 1051 1330 ad
1080 1275 1373 1344 concupita
1405 1275 1499 1330 tibi
1523 1276 1720 1345 gaudia
1749 1279 2057 1344 transieris,

483 1366 750 1436 beateque
784 1365 876 1420 illa
898 1365 1110 1422 visione
1131 1381 1292 1421 omne
1315 1366 1649 1421 desiderium
1674 1370 2062 1425 transcenden-

483 1467 536 1510 te
567 1457 825 1528 dignatus
866 1457 1062 1523 fueris,
1103 1467 1163 1513 ut
1207 1474 1310 1512 nos
1340 1473 1561 1528 quoque
1591 1460 1809 1515 devicto
1854 1462 2061 1516 mundo

483 1546 782 1615 aliquando
818 1556 1001 1602 tecum
1032 1563 1099 1602 eo
1136 1555 1498 1614 transeamus,
1535 1557 1592 1604 et
1624 1549 1752 1604 facti
1783 1562 2064 1620 compotes

483 1642 762 1699 votorum,
797 1645 994 1690 mutuo
1030 1643 1256 1706 aspectu
1301 1636 1498 1690 iterum
1552 1636 1821 1693 fruamur.
1870 1639 2062 1695 Neuti—

483 1741 647 1794 quam
683 1726 934 1781 turbatus
959 1738 1043 1782 est
1065 1727 1134 1782 ad
1158 1727 1263 1782 hoc
1295 1729 1551 1783 nuntium
1579 1729 1838 1795 Joannes,
1873 1742 2062 1801 utpote

481 1817 808 1888 jampridem
863 1819 929 1873 ad
970 1819 1062 1874 illa
1115 1820 1299 1874 animo
1346 1831 1746 1891 comparatus:
1794 1823 1899 1878 hoc
1951 1831 2067 1878 tan-
2099 1806 2139 1858 Β

487 1920 602 1963 tum
629 1910 844 1979 reponit
872 1927 886 1964 :
913 1910 1208 1966 Benedicat
1236 1921 1307 1976 te,
1334 1910 1409 1965 illi
1431 1912 1528 1976 mi,
1553 1913 1694 1968 Deus
1715 1913 1876 1967 Pater
1902 1929 2063 1982 quem

485 2001 784 2070 quaesivisti
805 2018 820 2068 ;
842 2009 899 2057 et
919 2003 1240 2073 unigenitus
1265 2001 1638 2057 PatriS'Filius
1657 2019 1822 2072 quem
1850 2003 2068 2059 deside-

488 2096 644 2158 rasti,
665 2104 720 2149 et
748 2094 1000 2150 viviﬂcus
1018 2095 1258 2164 Spiritus
1274 2095 1432 2166 cujus
1455 2103 1644 2149 sancta
1665 2097 1838 2166 gratia
1861 2096 2068 2152 ditatus

487 2201 575 2252 es;
600 2187 760 2241 unica
785 2185 876 2241 illa
894 2195 950 2253 et
974 2187 1240 2240 immensa
1264 2186 1448 2241 Deitas
1471 2197 1522 2240 te
1548 2187 1714 2241 ducat
1739 2203 1838 2258 per
1859 2189 2063 2253 omnia,

489 2277 580 2331 illa
607 2292 864 2332 securum
884 2285 1128 2347 praestet,
1157 2277 1248 2331 illa
1280 2277 1627 2332 consoletur:
1648 2279 1742 2348 qui
1769 2279 2067 2333 benedixe-

490 2371 601 2424 rint
625 2380 675 2425 te
702 2370 980 2425 benedicti
1019 2370 1088 2426 ab
1119 2371 1210 2425 illa
1241 2379 1427 2436 erunt,
1459 2377 1515 2424 et
1546 2369 1640 2439 qui
1682 2370 2069 2424 maledixcrint

491 2461 789 2516 maledicti.
827 2460 1066 2530 Adjiciat
1098 2461 1198 2514 tibi
1232 2460 1380 2514 Deus
1423 2459 1710 2524 honorem,
1746 2469 1970 2530 propter
2002 2460 2068 2513 il-

492 2552 603 2605 lum
626 2567 738 2622 quo
770 2568 858 2607 me
883 2561 1208 2622 prosecutus
1227 2565 1308 2615 es,
1338 2551 1598 2620 quoniam
1633 2567 1721 2606 me
1749 2561 1810 2606 ut
1834 2553 2067 2605 alterum

493 2649 776 2708 parentem
809 2640 1090 2696 honorasti
1123 2658 1137 2693 :
1173 2641 1308 2712 quid
1340 2650 1523 2696 autem
1559 2649 1735 2696 mater
1766 2643 1896 2696 tua?
1943 2658 2063 2713 gra-

495 2731 623 2784 tiam
661 2739 719 2786 et
759 2731 1198 2787 misericordiam
1231 2733 1490 2803 impetret
1530 2749 1561 2788 a
1606 2733 1740 2799 Deo,
1772 2749 1892 2803 qua:
1923 2740 2068 2787 tanta

495 2823 630 2878 mihi
667 2822 984 2894 adjumenta
1039 2824 1506 2881 subministravit.
1546 2824 1684 2880 Cum
1728 2825 2072 2880 audivissent

493 2915 631 2979 hac,
657 2917 750 2986 qui
785 2915 1015 2971 aderant
1043 2916 1265 2981 fratres,
1296 2932 1663 2987 supremaque
1685 2917 1807 2970 vale
1837 2915 2072 2970 dicentis

492 3006 658 3061 verba
685 3022 808 3062 esse
829 3008 1370 3071 animadvertissent,
1398 3008 1617 3063 attoniti
1638 3016 1804 3078 atque
1877 3006 2070 3062 exani-

493 3097 624 3151 mati
657 3097 969 3160 haerebant;
1007 3110 1064 3153 et
1089 3099 1180 3152 vix
1217 3098 1676 3169 tandem,ecquid
1701 3099 1768 3153 de
1801 3098 2070 3169 Symeone

494 3187 814 3242 mandatum
841 3189 948 3243 sibi
969 3190 1159 3251 vellet,
1183 3191 1623 3261 interrogabant.
1662 3191 1764 3258 Qui
1795 3192 1904 3245 ait:
1928 3191 2070 3246 illud

492 3289 714 3349 exopto,
777 3290 839 3335 ut
901 3280 1101 3336 ardens
1168 3281 1414 3336 studium
1473 3281 1708 3337 virtutes
1784 3281 2072 3353 Symeonis

492 3372 790 3426 :emulandi
821 3374 1034 3428 animos
1056 3374 1302 3428 omnium
1343 3371 1666 3438 inﬂammet,
1716 3382 1774 3428 et
1810 3374 2076 3444 precibus

493 3465 614 3532 ejus
642 3465 892 3535 adjuvari
912 3477 1252 3532 mereantur;
1277 3466 1542 3535 quoniam
1577 3481 1836 3536 magnum
1885 3474 1942 3522 et
1971 3467 2073 3522 ho-

496 3556 744 3612 norabile
776 3557 914 3624 Deo,
940 3571 1034 3612 vas
1064 3557 1354 3612 electionis
1414 3567 1518 3612 est.
1565 3557 1865 3628 Postquam
1915 3558 2069 3616 hisce

494 3649 682 3704 verbis
730 3649 1064 3704 inStituisset
1130 3651 1298 3720 ipsos,
1356 3659 1412 3704 et
1463 3650 1626 3705 simul
1679 3650 1941 3720 precibus
1964 3651 2076 3705 Deo

497 3741 960 3806 commendasset,
997 3742 1282 3812 paululum
1315 3742 1550 3813 quievit,
1574 3750 1630 3797 et
1674 3742 1831 3812 quasi
1863 3741 2076 3812 sopitus

498 3836 606 3891 leni
625 3851 842 3901 somno,
864 3836 1122 3892 decessit.

2095 3145 2144 3207 (1

2161 559 2210 610 εἰ
2238 556 2334 610 τοῦ
2358 556 2588 610 Θανάτου
2618 552 2760 608 κατὰ
2791 551 2970 620 πάσης
2999 548 3216 618 φύσεως
3249 543 3600 615 ἀνθρωπίνης
3628 558 3741 595 κοι-

2161 651 2266 712 νῶς
2285 631 2585 710 δδεύοντος,
2615 643 2937 714 ἐφίστασθαι
2962 641 3062 712 ἢδη
3099 640 3282 710 μέλλει
3311 637 3406 690 καὶ
3438 635 3522 688 σοὶ
3546 635 3611 686 τὰ
3635 633 3737 701 τῆς

2167 741 2417 810 τελευτῆς
2439 757 2453 770 ο
2497 738 2718 808 ἐώρακα
2751 735 2860 803 γάρ
2888 749 2948 785 σε
2987 728 3398 801 μετακληθέντα
3441 724 3547 777 ὑπὸ
3577 721 3732 783 Θεοῦ,

2158 829 2295 898 ὅπερ
2325 827 2409 880 σοὶ
2440 826 2539 896 μὲν
2568 824 2663 878 καὶ
2688 824 2834 884 ὅσοις
2862 821 2959 890 τὴν
2983 818 3183 891 ἀρετὴν
3215 817 3355 869 κατά
3399 813 3460 866 σὲ
3488 813 3734 865 ἀνάπαυ-

2162 933 2246 979 σις
2275 915 2476 985 μᾶλλόν
2503 916 2618 968 ἐστι
2653 915 2746 967 καὶ¹
2777 911 2913 982 ζωὴ.
2941 909 3292 979 ἁμαρτωλοῖς
3315 911 3371 964 δὲ
3389 903 3736 972 στενοχωρία.

2161 1009 2256 1063 καὶ
2287 1006 2454 1075 λύπη,
2475 1006 2567 1058 καὶ
2599 1002 2776 1073 σαφὴς
2803 1001 2896 1070 (ὼς
2919 1001 3030 1052 είθε
3053 998 3132 1068 μὴ
3167 994 3374 1064 ὦφελον
3397 993 3452 1062 ί)
3489 992 3741 1054 θάνατος,

2174 1099 2332 1152 Ἀλλά
2358 1097 2454 1151 νῦν
2488 1096 2585 1168 μέν
2635 1097 2733 1164 τῆς
2765 1092 3038 1162 πατρικῆς
3081 1107 3174 1142 σου
3225 1087 3318 1140 καὶ
3368 1083 3743 1154 πνευματικῆς

2161 1191 2412 1259 εὐλογίας
2443 1189 2672 1260 μετάδος
2708 1204 2820 1257 μοι,
2849 1186 3098 1256 μέμνησο
3139 1182 3196 1234 δέ
3238 1198 3340 1252 μου
3375 1181 3470 1232 καὶ⁵
3503 1177 3641 1248 πρὸς
3677 1175 3744 1227 τὰ

2163 1285 2247 1337 σοὶ
2285 1282 2595 1351 ποθούμενα
2625 1279 2920 1334 διαϐαίνων
2952 1277 3046 1329 καὶ
3087 1276 3185 1344 τῆς
3229 1273 3504 1345 μακαρίας
3531 1269 3749 1336 ἐκείνης

2163 1377 2293 1438 θέας
2346 1375 2456 1427 τῶν
2499 1373 2639 1442 ύπέρ
2689 1370 2878 1439 ἔφεσιν
2922 1367 3264 1436 ἀξιούμενος,
3304 1364 3445 1417 ὥστε
3494 1361 3749 1430 διαϐῆναι

2163 1467 2318 1537 παρὰ
2349 1465 2409 1518 σέ
2441 1463 2533 1518 καὶ
2562 1465 2709 1533 ἡμᾶς
2736 1462 2826 1515 τὸν
2856 1461 3060 1530 κόσμον
3091 1460 3446 1529 νικήσαντας,
3478 1455 3572 1507 καὶ
3592 1451 3753 1518 ana.

2165 1560 2289 1620 λους
2333 1555 2560 1621 ὄψεσθαι
2592 1553 2756 1622 πάλιν
2789 1552 2928 1622 μετά
2957 1549 3209 1622 χρηστῶν
3239 1549 3348 1601 τῶν
3383 1545 3634 1600 ἐλπίδων.
3670 1540 3753 1598 Ού

2165 1645 2456 1718 ταραχθεὶς
2525 1643 2703 1699 τοίνυν
2765 1641 2902 1712 πρὸς
2953 1640 3050 1710 τὴν
3120 1637 3382 1706 ἀγγελίαν
3431 1638 3460 1687 ὁ
3493 1635 3760 1703 Ἰωάννης

2171 1743 2490 1815 (ἡτοίμαστο
2512 1739 2606 1792 καί⁵
2632 1738 2740 1807 γὰρ
2761 1739 2823 1788 ἐκ
2852 1731 3150 1802 πλείονος),
3177 1732 3242 1783 Al.
3277 1730 3375 1800 μὲν
3401 1730 3512 1791 σαὶ,
3534 1727 3755 1790 τέκνον,

2169 1836 2433 1902 εὐλογίαι,
2467 1832 2621 1901 φησὶ,
2647 1827 2800 1900 παρά
2821 1826 2912 1880 τοῦ
2939 1824 3074 1878 Θεοῦ
3100 1823 3196 1876 καὶ
3223 1820 3434 1890 Πατρὸς
3471 1819 3530 1871 ὃν
3554 1817 3758 1887 ἐζήτη-

2170 1947 2290 1996 σας,
2318 1925 2533 1981 καὶτοῦ
2569 1920 2907 1990 Μονογενοῦς
2959 1916 3126 1972 αὑτοῦ
3160 1914 3291 1968 Υίοῦ
3339 1915 3397 1968 ὃν
3449 1911 3754 1978 ἐπόθησας,

2170 2018 2382 2076 καὶτοῦ
2421 2013 2686 2081 ζωοποιοῦ
2721 2012 3034 2081 Πνεύματος
3071 2003 3132 2062 οὗ
3155 2006 3254 2077 τὴν
3288 2007 3449 2076 χάριν
3485 2002 3757 2069 ἐπλούτη-

2171 2131 2289 2176 σας.
2320 2112 2420 2179 τῆς
2451 2110 2583 2178 μιᾶς
2615 2107 2709 2160 καὶ
2739 2104 3054 2174 ἀμετρήτου
3087 2099 3364 2166 θεότητος,
3395 2096 3533 2165 αὐτή
3562 2112 3647 2149 σοι
3668 2092 3760 2146 ὀδ-

2169 2203 2302 2273 ηγία
2344 2199 2481 2270 πρὸς
2515 2197 2692 2252 πάντα
2726 2193 2822 2248 καὶ
2853 2191 3123 2259 ἀσφάλεια
3157 2188 3260 2241 καὶ
3294 2184 3673 2256 παράκλησις·
3705 2185 3758 2234 oi

2169 2288 2519 2360 εύλογοῦντὲς
2556 2304 2616 2339 σε
2656 2285 2986 2357 ηὑλόγηνται
3016 2280 3147 2350 παρ’
3169 2278 3366 2348 αὐτῆς,
3404 2278 3453 2329 oi
3492 2275 3548 2327 δὲ
3582 2289 3760 2326 κατα-

2175 2382 2407 2458 ρώμενοί
2462 2398 2522 2434 σε
2564 2379 2933 2448 κατήρανταιο
2980 2372 3308 2445 προστεθείη
3357 2369 3414 2422 δέ
3465 2385 3548 2421 σοι
3599 2366 3760 2458 παρᾷ

2173 2457 2308 2530 Θεοῦ
2342 2472 2436 2526 καὶ
2464 2468 2599 2540 τιμὴ
2620 2469 2715 2537 τῆς
2743 2469 2823 2528 είς
2857 2464 2957 2534 ἐμὲ
2986 2463 3152 2532 τιμῆς
3183 2463 3391 2522 ἕνεκεν,
3419 2459 3519 2511 ὅσα
3557 2473 3623 2525 με
3661 2457 3761 2507 καὶ

2174 2559 2387 2629 πατέρα
2425 2554 2747 2625 τετιμηκὸτι
2771 2568 2785 2582 ο
2817 2553 2849 2621 ή
2883 2552 2937 2604 δέ
2979 2549 3046 2620 σὴ
3083 2550 3288 2619 μήτηρ,
3312 2548 3458 2610 ἔλεος
3489 2547 3625 2615 αὐτῇ
3661 2545 3765 2596 καὶ

2170 2651 2328 2722 χάρις
2350 2646 2498 2719 παρά
2519 2645 2657 2717 Θεῷ,
2672 2641 2805 2716 [ἐφ’]
2824 2636 2904 2705 οἷς
2933 2641 3170 2695 τοσαῦτά
3190 2656 3279 2710 μοι
3303 2638 3609 2707 διηκόνησε.
3626 2633 3768 2686 Τού-

2169 2759 2277 2794 των
2311 2740 2360 2791 οί
2388 2736 2737 2803 παρεστῶτες
2776 2732 3086 2797 ἀκούοντες,
3123 2731 3217 2786 καὶ
3246 2732 3326 2783 ὃτι
3355 2729 3535 2793 ἐξόδια
3569 2727 3658 2794 ετη
3687 2725 3766 2779 τὰ

2173 2833 2238 2904 pf;
2248 2847 2393 2899 ματα
2421 2827 2711 2891 συνιέντες,
2731 2825 2928 2895 ἄθυμοί
2959 2841 3016 2877 τε
3036 2825 3130 2878 καὶ
3150 2824 3416 2893 κατηφεῖς
3432 2821 3766 2889 ἑστήκεσαν.

2173 2925 2404 2977 Ἔπειτα
2431 2923 2636 2992 μέντοι,
2663 2919 2772 2973 Καὶ
2805 2918 2955 2979 τίνας
2987 2917 3351 2985 ἐπισκήπτεις
3375 2914 3505 2983 ἡμῖν
3532 2910 3770 2972 ἐντολὰς

2171 3019 2298 3085 περὶ
2337 3013 2432 3067 τοῦ
2472 3011 2734 3080 Συμεών;
2786 3009 3088 3080 ἐπηρώτων
3113 3024 3127 3038 ·
3160 3010 3188 3058 ὁ
3221 3007 3277 3059 δέ
3317 3022 3503 3075 φησιν,
3533 3003 3635 3056 'Iv‘
3666 3003 3772 3055 ἀνο

2174 3107 2410 3180 θρώποις
2439 3122 2502 3174 γε
2545 3106 2678 3157 πᾶσι
2723 3101 2928 3173 σπουδὴ
2970 3101 3198 3172 γένηται
3233 3099 3426 3168 φοιτᾷν
3464 3097 3540 3159 ὡς
3570 3094 3768 3157 αὑτὸν,

2174 3200 2268 3253 καὶ
2291 3201 2389 3268 τῆς
2425 3199 2554 3266 παρ’
2580 3196 2748 3250 αὐτοῦ
2772 3194 2938 3264 εὐχῆς
2966 3192 3273 3258 ἀξιοῦσθαι,
3297 3192 3380 3244 ὅτι
3410 3191 3552 3258 μέγα
3583 3205 3638 3240 τι
3667 3188 3774 3240 καὶ

2172 3292 2354 3360 τίμιον
2408 3288 2642 3357 ἐκλογῆς
2696 3284 2891 3348 σκεῦός
2949 3287 3066 3338 ἐστι
3125 3282 3202 3354 τῷ
3241 3281 3382 3351 Θεῷ.
3430 3281 3487 3333 ὐ
3526 3279 3624 3348 μὲν
3667 3273 3773 3331 οὖν

2173 3383 2345 3437 ταῦτα
2369 3380 2558 3444 εἰπὼν,
2585 3378 2680 3432 καὶ
2710 3376 3114 3445 συνταξάμενος
3146 3374 3352 3435 αὐτοῖς,
3381 3371 3499 3439 ἅμα
3534 3369 3633 3423 καὶ
3663 3369 3771 3419 ἑπ-

2174 3473 2494 3540 ευξάμενος,
2553 3469 2650 3521 καὶ
2697 3463 3078 3534 παραθέμενος
3119 3463 3316 3524 αὐτοὺς
3356 3459 3434 3529 τῷ
3463 3458 3602 3528 Θεῷ,
3642 3453 3774 3512 εἶτα

2178 3562 2374 3634 μικρὸν
2408 3559 2707 3630 ἡσυχάσας,
2737 3557 2830 3608 καὶ
2858 3553 3047 3626 ὥσπερ
3073 3553 3226 3624 ῦπνῳ
3249 3549 3649 3622 καταληφθεὶς,
3680 3548 3773 3616 ἐξ·

2183 3654 2276 3725 est)
2285 3671 2358 3724 μη
2366 3669 2423 3704 σε
2433 3692 2449 3706 .

1948 3944 2172 4003 CAPUT
2219 3943 2306 4000 Vl.

673 4063 939 4120 Orationis
977 4074 1214 4136 tempora
1243 4081 1260 4118 :
1295 4065 1558 4118 dwmones
1589 4064 1825 4133 superati
1849 4079 1866 4115 :
1891 4070 2120 4132 potestas
2153 4068 2336 4114 contra
2358 4057 2481 4114 illos
2501 4065 2550 4112 et
2583 4057 2750 4112 virtus
2780 4053 3161 4108 miraculorum
3191 4052 3393 4106 caelitus
3426 4052 3578 4108 data.

568 4186 994 4242 46.10annisex
1026 4185 1131 4240 hac
1158 4187 1267 4238 vita
1309 4185 1510 4248 exitus,
1571 4182 1897 4238 austerioris
1949 4181 2076 4236 vitae

501 4277 838 4346 principium
872 4276 1134 4348 Symeoni
1159 4275 1296 4330 fuit:
1325 4276 1442 4345 qui,
1482 4274 1660 4329 dolori
1693 4281 1750 4328 et
1805 4288 2077 4342 compun-

501 4369 672 4424 ctioni
720 4369 915 4440 majori
967 4383 1025 4423 se
1065 4367 1321 4432 daturus,
1385 4365 1629 4421 modium
1687 4365 1878 4429 alium,
1929 4364 2079 4418 nulla

503 4460 786 4516 t‘cnestella
810 4460 1174 4532 perforatum,
1199 4459 1520 4529 impositum
1564 4457 1840 4512 columnae
1882 4456 2078 4522 subiit,

2253 4188 2371 4252 μς¹.
2395 4177 2620 4250 Συμεὼν
2647 4176 2702 4229 δέ
2733 4175 2831 4246 τὴν
2859 4175 3127 4244 ἑκδημίαδ
3144 4170 3320 4242 ἀρχὴν
3345 4170 3560 4224 οίκείων
3586 4169 3769 4224 καθεὶς

2179 4289 2284 4343 περ
2314 4269 2540 4339 ἀγώνων
2569 4265 2971 4336 πεποιημένος,
3031 4263 3111 4334 τῷ
3143 4278 3204 4330 γε
3241 4262 3426 4316 πένθει
3456 4263 3551 4314 καὶ
3607 4260 3771 4325 αὖθις

2190 4361 2534 4432 προστίθησι,
2583 4358 2677 4412 καί
2734 4374 2854 4410 τινα
2909 4355 3043 4426 μηδέ
3090 4353 3283 4424 θυρίδα
3339 4353 3527 4422 ἔχοντα
3579 4353 3768 4422 μόδιον

2187 4456 2282 4509 ἐπὶ
2313 4453 2407 4508 τοῦ
2434 4454 2612 4517 κίονος
2673 4450 2915 4512 ὕπεισιν,
2945 4442 3034 4500 οἶα
3079 4448 3174 4498 καὶ
3214 4444 3380 4499 αὐτοῦ
3413 4446 3592 4513 φωτὸς
3625 4447 3769 4498 ἀπ)-

501 4553 671 4607 veluti
708 4552 880 4622 ipsius
911 4551 1053 4607 lucis
1101 4566 1272 4606 usura
1319 4555 1660 4619 aspectuque
1719 4562 1778 4602 se
1824 4547 2071 4617 privans.

2186 4545 2394 4615 στερῶν
2419 4542 2633 4597 ἑαυτόν.
2693 4538 2842 4610 Em
2891 4537 2947 4589 δὲ
3003 4535 3134 4604 παρ’
3155 4533 3283 4641 ὅλην
3313 4531 3770 4641 σχεδὸνὶίῃιέραν

501 4641 604 4696 llic
635 4657 735 4712 per
783 4641 1060 4713 integrum
1108 4655 1251 4712 pene
1291 4638 1463 4705 diem,
1521 4637 1590 4692 ad
1625 4637 1815 4691 horam
1871 4637 2080 4692 scilicet

501 4750 702 4789 nonam
729 4749 922 4805 usque,
975 4733 1284 4790 continenti
1323 4731 1552 4788 vacabat
1611 4728 1890 4784 orationi:
1943 4729 2082 4783 liora

500 4834 683 4881 autem
711 4841 856 4881 nona
887 4824 1318 4881 tburiﬂcationis
1337 4821 1578 4878 olﬁcium
1629 4819 1738 4874 alia
1772 4818 2085 4888 excipiebat

499 4918 942 4974 oratio:deinde
971 4919 1214 4988 solejam
1259 4916 1628 4972 occumbente
1687 4913 1850 4969 aliam
1899 4911 2084 4966 denuo

500 4997 918 5075 enordiebatur,
950 5025 1110 5081 aqua
1134 5009 1356 5064 tandem
1407 5009 1523 5064 sole
1576 5008 1722 5064 diem
1772 5005 2076 5061 reducente

500 5100 806 5158 desistebat
843 5121 856 5158 :
891 5118 956 5157 ac
996 5111 1128 5156 tunc
1176 5101 1399 5157 demum
1438 5099 1574 5156 illud
1627 5100 1732 5156 sibi
1773 5099 2081 5154 occinens:

499 5191 565 5246 In
606 5209 735 5262 pace
774 5194 830 5247 in
876 5193 1108 5264 idipsum
1156 5193 1421 5247 dormiam
1465 5203 1512 5247 et
1557 5193 1907 5263 requiescam,
1953 5205 2080 5260 quo-

503 5285 652 5338 niam
673 5295 758 5351 tu,
791 5285 1038 5353 Domine,
1068 5283 1419 5357 singulariter
1439 5287 1494 5340 in
1529 5301 1624 5354 spe
1651 5283 1896 5340 habitare
1919 5279 2087 5351 fecisti

501 5377 687 5444 me";
722 5394 986 5435 somnum
1030 5379 1264 5451 perinde
1314 5395 1379 5435 ac
1424 5378 1691 5434 famulum
1747 5373 2085 5436 accersebat,

505 5467 944 5542 indulgebatque
967 5471 1044 5527 illi
1075 5472 1421 5543 parcissime,
1450 5469 1519 5524 ad
1537 5467 1912 5525 necessarium
1944 5465 2088 5519 dun-

507 5567 653 5617 taxat
679 5564 934 5634 corporis
955 5580 1141 5620 usum.
1172 5563 1362 5619 Oratio
1387 5571 1572 5618 autem
1596 5563 1718 5633 ejus
1744 5567 1926 5622 erant,
1945 5557 2089 5613 Psal-

509 5652 709 5707 terium
739 5663 916 5710 totum
943 5664 999 5711 et
1029 5656 1281 5712 Mosaicae
1303 5655 1611 5719 cantiones,
1636 5652 1916 5723 plagreqnc
1953 5649 2086 5704 dex-

581 5779 622 5811 "
649 5779 787 5834 Psal.
844 5797 916 5844 tv,
961 5783 1013 5848 9,
1049 5781 1134 5834 10.

2185 4640 2312 4708 ἄχρι
2344 4637 2482 4698 τέως
2502 4631 2723 4697 ἐννᾶτης
2743 4630 2999 4700 διηνεκὴς
3033 4626 3182 4695 αύτῷ
3231 4620 3301 4694 ἦν
3331 4639 3346 4653 ο
3385 4621 3529 4675 κατά
3582 4623 3771 4690 μέντοι

2185 4731 2285 4801 τὴν
2317 4728 2566 4797 ἐννάτην,
2599 4723 2730 4792 εὐχὴ
2765 4720 2926 4772 πάλιν
2961 4719 2994 4785 ἡ
3025 4716 3120 4769 τοῦ
3151 4715 3493 4801 θυμιάματος
3531 4709 3634 4801 τὴν

2186 4799 2288 4894 χήν
2319 4819 2617 4888 διεδέχετο·
2653 4808 2771 4866 εἶτα
2802 4809 2952 4882 ἡλίου
2983 4808 3080 4878 ἤδη
3121 4804 3381 4873 δυομένου
3402 4842 3417 4864 ,
3449 4800 3619 4868 εὐχῆς
3653 4799 3768 4894 ἑτέ.

2189 4892 2287 4987 ρας
2308 4910 2629 4982 ἀρχόμενος,
2655 4903 2967 4971 ἀνίσχοντος
2996 4899 3158 4951 πάλιν
3185 4895 3446 4949 ἐπαύετο·
3470 4892 3772 4962 τηνικαῦτα

2186 4985 2294 5074 γὰρ
2329 5004 2513 5054 ἐκεῖνα
2542 4995 2720 5064 ἐαυτῷ
2753 4993 3041 5060 ἐπιλέγων,
3060 4991 3163 5043 Ἐν
3190 4987 3397 5054 εἰρήνῃ
3425 4985 3524 5038 ἐπὶ
3567 4985 3638 5036 τὸ
3668 4986 3771 5038 at?-

2187 5094 2252 5148 τὸ
2277 5088 2716 5160 κοιμηθήσομαι
2751 5085 2847 5138 καί
2883 5081 3163 5142 ὑπνώσω,
3194 5079 3280 5132 ὅτι
3310 5078 3412 5139 σὺ,
3446 5079 3647 5142 Κύριε,
3686 5091 3770 5128 κα-

2188 5185 2448 5255 ταμόνας
2475 5182 2567 5235 ἐπ’
2599 5177 2799 5233 ἐλπίδι
2829 5172 3168 5238 κατῴκισάς
3196 5188 3288 5238 με,
3317 5171 3409 5221 τὶν
3463 5167 3638 5220 ὕπνον
3683 5169 3768 5220 ὅσα

2189 5279 2286 5332 καὶ
2321 5275 2541 5345 οἰκέτην
2579 5271 2808 5333 ἐκάλει,
2847 5265 3168 5334 διακονῆσαι
3211 5261 3409 5332 μικρὸν
3448 5258 3602 5327 αὐτῷ
3646 5258 3768 5345 πρὸς

2191 5368 2291 5440 τὴν
2325 5343 2629 5434 ἀναγκαίαν
2661 5359 2755 5413 τοῦ
2793 5357 3043 5428 σώματος
3079 5351 3370 5424 “nim/JH
3414 5348 3550 5418 εὐχὴ
3597 5347 3695 5440 δὲ,
3724 5343 3768 5396 τό

2191 5489 2251 5524 τε
2278 5465 2592 5533 Ψαλτήριον
2635 5460 2755 5512 ὅλον
2801 5455 2897 5508 καὶ
2939 5453 2993 5506 αί
3038 5449 3132 5503 τοῦ
3178 5445 3420 5506 Μωσέως
3448 5442 3587 5512 ᾠδαὶ
3622 5437 3765 5537 ἦσαν,

2195 5560 2400 5633 πληγαί
2434 5573 2493 5609 τε
2521 5550 2663 5607 κατά
2695 5550 2806 5603 τῶν
2849 5546 3087 5616 στέρνων
3129 5544 3194 5612 τῇ
3225 5538 3374 5633 δεξιᾷ
3409 5536 3477 5633 (ἡ
3501 5536 3765 5633 ’ἀριστερα

2197 5623 2304 5724 γὰρ
2320 5623 2472 5721 πρὸς
2494 5645 2626 5700 Θεὸν
2647 5642 2859 5710 τέτατο)
2884 5636 2978 5691 καὶ
2996 5633 3246 5704 δακρύων
3266 5628 3443 5700 ὀχετοὶ
3464 5625 3528 5677 τὸ
3549 5623 3764 5696 τρίχινον
