4034 6186
322 291 466 355 3029

1329 291 1500 350 VITA
1540 292 1584 348 A
1625 287 2059 350 Ntcspnono
2096 267 2577 347 cessantem.

3427 270 3569 334 3030

323 404 503 454 έκεῖνο
555 397 803 459 λούοντες
850 395 1075 467 ἔνδυμα,
1127 395 1252 464 ἑξῆς
1306 395 1361 448 δὲ
1420 393 1728 462 ἀνάγνωσις
1795 395 1891 446 καὶ

2011 407 2112 447 .era
2141 391 2361 447 inﬂicta:
2382 390 2594 461 pectori
2632 389 2794 458 (nam
2851 385 3074 440 sinistra
3111 381 3180 437 ad
3224 383 3397 438 Deum
3450 367 3571 434 ten-
3605 389 3608 393 '

323 488 484 542 θείων
516 483 723 556 μελέτη
752 483 967 550 λογίων.
988 481 1248 552 Θυμίαμα
1289 481 1471 550 μέντοι
1499 479 1794 549 λαμϐάνων
1821 479 1888 546 τῇ

319 579 489 649 δεξιᾷ,
531 575 840 646 προσέφερε
894 572 1154 635 πολλάκις
1219 571 1339 641 Θεῷ
1398 573 1492 624 καὶ
1535 573 1564 624 6
1611 569 1814 632 καπνὸς
1841 569 1893 638 (6

319 669 454 731 Θεός
521 684 646 737 μου,
699 667 784 730 τίς
837 665 1142 732 ἀπαγγελεῖ
1187 663 1257 716 τὰ
1303 664 1582 732 θαυμάσιά
1610 679 1702 715 σου
1731 661 1770 729 l)
1797 661 1895 713 καὶ

297 757 493 831 ’χωρὶς
558 758 844 828 ἀνθράκων
909 756 1103 827 ἀνῄειο
1187 755 1373 808 ἄλλοτε
1443 755 1501 808 δὲ
1568 753 1662 807 καὶ
1734 753 1892 821 ὄχλου

322 850 728 916 συμιιάλλοντος
772 847 921 917 αὐτῷ
987 846 1253 916 ᾐσθάνετο
1311 847 1406 899 καὶ⁵
1452 845 1895 907 συναποδιδόντος

321 937 384 991 τὸ
417 936 752 1006 Ἀλληλούῖα.
788 935 868 987 Τὰ
901 933 1075 987 πολλὰ
1109 935 1168 988 δὲ
1203 935 1322 988 οὐδὲ
1346 935 1513 987 ὕπνου
1547 933 1607 987 τὸ
1639 934 1898 1003 παράπαν

319 1027 566 1094 ἐγεύετο,
594 1025 732 1080 ὥστε
755 1025 850 1078 καὶ
871 1026 1164 1094 τριάκοντα
1188 1025 1388 1088 νύκτας
1411 1025 1538 1087 ὅλας
1563 1024 1657 1078 καὶ
1684 1023 1897 1094 ἡμέρας

248 1149 251 1151 -
321 1121 447 1181 ῐσας
477 1117 754 1187 ἐπέμεινε.
786 1117 1226 1186 προσευχόμενος
1255 1115 1640 1184 ἀπαλλαγῆναι
1666 1114 1770 1181 τῆς
1803 1113 1896 1166 τοῦ

321 1207 498 1260 ὕπνου
561 1209 731 1278 μέθης
769 1223 785 1239 ο
825 1209 944 1260 ἀλλ’
1003 1207 1201 1280 ἐρρέθη
1269 1207 1545 1278 μυστικῶς
1602 1205 1750 1274 αὐτῷ
1805 1204 1900 1256 καὶ

319 1299 655 1369 ἀπορρήτως
710 1298 814 1352 ὑπὸ
867 1297 967 1366 τῆς
1013 1299 1254 1368 χάριτος,
1327 1299 1410 1352 ὃτι
1465 1299 1558 1350 Δεῖ
1616 1313 1674 1349 σε
1719 1295 1894 1364 βραχὺ

320 1392 634 1446 καθεύδειν.

1998 482 2254 550 debatur)
2300 490 2357 536 et
2397 481 2565 536 veluti
2626 479 2789 533 rivuli
2852 477 3214 545 lacrytnarum
3275 485 3570 542 pannosam

1998 573 2665 644 detritamquelacernam
2708 571 3034 640 irrigantes:
3071 567 3187 622 haec
3236 581 3367 620 vero
3420 564 3572 618 exci-

1998 664 2183 735 piebat
2201 665 2366 719 lectio
2389 673 2552 733 atque
2566 661 2854 717 meditatio
2869 659 3183 714 divinorum
3205 654 3574 711 oraculorum.

1998 753 2287 808 lncensum
2343 766 2563 822 quoque
2624 749 2854 803 dextera
2913 745 3247 816 prehensum
3310 736 3578 793 offerebat

1999 859 2143 914 saepe
2171 845 2306 904 Deo,
2327 852 2385 897 et
2416 842 2601 896 fumus
2628 840 2682 908 (ο
2713 840 2838 909 quis
2877 834 3149 891 mirabilia
3206 830 3420 886 Domini
3477 845 3576 883 an-

2003 935 2285 990 nuntiabit
2303 935 2346 1003 ?)
2375 935 2494 988 sine
2537 932 2736 1002 prunis
2791 929 3026 985 sublime
3091 925 3404 980 ferebatur:
3445 921 3579 974 alias

1997 1042 2130 1083 vero
2162 1027 2491 1080 audiebatur
2526 1026 2689 1080 simul
2729 1023 2960 1093 psallere
3012 1034 3136 1074 cum
3166 1015 3347 1076 turba,
3386 1012 3580 1068 simul—

1997 1133 2107 1187 que
2142 1117 2375 1171 Alleluia
2411 1117 2706 1186 subjicere.
2757 1112 3101 1182 Longissimo
3142 1122 3283 1175 saepe
3335 1114 3581 1171 tempore

1998 1210 2140 1264 nihil
2174 1210 2406 1263 omnino
2439 1209 2618 1263 somni
2654 1207 2833 1262 oculis
2880 1203 3123 1264 videbat,
3181 1198 3318 1252 adeo
3353 1204 3413 1248 ut
3479 1192 3582 1245 tri-

1999 1301 2147 1370 ginta
2179 1302 2466 1356 interdum
2525 1311 2720 1354 noctes
2776 1299 3015 1366 integras
3077 1291 3412 1356 totidemque
3463 1284 3592 1336 dies

2000 1393 2372 1452 cmitinuaret,
2414 1391 2658 1461 rogitans
2680 1392 2874 1451 Deum,
2893 1393 3175 1456 expertem
3199 1379 3376 1434 somni
3415 1377 3589 1429 vitam-

320 1486 562 1540 ducere:
613 1503 831 1550 verum,
879 1467 1066 1556 gratia.
1090 1484 1240 1538 intus
1300 1484 1584 1552 loquente,
1635 1498 1897 1536 arcanum
1937 1483 2272 1553 taeitunrlue
2337 1499 2661 1553 responsum
2724 1470 3584 1550 acecpit:0portctaliquantulm

321 1577 501 1648 quieti
544 1587 596 1632 te
627 1578 827 1632 tradas.

402 1668 508 1736 μζ’.
545 1666 730 1720 Ταῦτα
789 1666 976 1726 δεινῶς
1033 1663 1238 1717 ὥπλισε
1302 1662 1465 1715 πάλιν
1531 1661 1620 1713 τὸν
1667 1659 1900 1730 πονηρὸν

2082 1658 2169 1710 47.
2203 1657 2326 1713 Ιῐωο
2353 1659 2550 1712 iterum
2570 1657 2840 1711 adversus
2863 1653 3014 1707 illum
3057 1659 3414 1706 armaverunt
3474 1652 3582 1706 (lar

325 1732 421 1811 tu;
450 1759 632 1822 αὐτὸν,
675 1760 794 1825 ὕφει
822 1756 955 1827 πρὸς
975 1756 1074 1827 τὴν
1110 1752 1400 1823 ἐπιϐουλὴν
1445 1753 1520 1822 τῷ
1550 1750 1768 1819 παλαιῷ
1813 1749 1904 1803 καὶ

2011 1763 2232 1802 mouetn
2258 1749 2324 1802 ad
2357 1748 2732 1802 insidiandum
2773 1745 2824 1799 ei
2880 1754 3010 1798 tunc
3063 1757 3285 1812 quoque
3351 1743 3582 1812 antiquo

324 1848 429 1901 νῦν
446 1847 665 1918 ὀργάνῳ
704 1847 985 1919 χρώμενον
1019 1862 1032 1877 ³
1065 1845 1204 1915 πλὴν
1242 1847 1366 1899 ὅσον
1403 1845 1520 1896 ἐκεῖ
1543 1843 1641 1913 μὲν
1672 1843 1907 1902 πείθειν,

330 1937 570 1992 δνταῦθα
611 1939 669 1993 δὲ
699 1938 883 2008 φοϐεῖν
930 1937 1175 2008 ἔμελλεν.
1219 1935 1613 2006 Ὕποϐεϐλήκει
1653 1934 1762 2005 γὰρ
1782 1932 1905 2002 ὅφιν

331 2029 506 2100 αὐτῷ,
555 2030 783 2100 φοϐερόν
842 2048 894 2084 τι
963 2031 1216 2102 χαίνοντα
1258 2031 1350 2083 καὶ
1417 2029 1774 2098 συρίττοντα,
1813 2027 1905 2078 καὶ

324 2122 518 2176 δακεῖν
567 2121 898 2176 ἀπειλοῦντα
927 2139 942 2154 ο
977 2122 1006 2174 6
1033 2123 1089 2175 δὲ
1135 2119 1412 2192 θαρῤαλὲᾳ.
1467 2120 1562 2173 καὶ
1615 2118 1760 2188 χειρὶ
1812 2117 1908 2169 καὶ

325 2213 528 2287 γνώμῃ
559 2214 881 2283 λαϐόμενος,
911 2212 1089 2266 παίων
1115 2208 1181 2283 ἦν
1211 2211 1410 2280 κομιδῇ
1437 2211 1530 2263 καὶ
1576 2207 1901 2276 συντρίϐων,

326 2303 441 2365 ἓως
467 2305 576 2357 τῶν
593 2305 755 2358 ὁσίων
779 2304 978 2375 χειρῶν
1010 2305 1230 2356 ἐκείνων
1257 2302 1603 2369 διολισθήσας
1639 2301 1734 2354 καὶ
1766 2300 1908 2353 κατὰ

335 2395 438 2466 γῆς
466 2393 670 2458 πεσὼν,
691 2394 902 2465 ἀφανὴς
949 2393 1212 2462 ἐγεγόνει,
1243 2392 1432 2454 αύταῖς
1478 2391 1552 2454 ὼς
1589 2388 1701 2460 εἶχε
1729 2389 1907 2459 φολίσι

336 2482 398 2535 τὺ
446 2485 645 2537 οἰκεῖον
687 2480 890 2551 ἔνδυμα
942 2484 1093 2550 παρὰ
1144 2481 1271 2541 τοὺς
1323 2479 1489 2533 αὐτοῦ
1525 2480 1690 2542 πόδας
1724 2481 1906 2549 ἀφεὶς,

335 2575 592 2630 τοσούτου
628 2575 905 2644 θαύματος
935 2574 1165 2643 ἀψευδὲς
1209 2573 1526 2644 μαρτύριον.
1549 2571 1721 2624 Τοῦτο
1747 2571 1909 2641 χαλε-

335 2668 558 2738 πωτέρα
591 2667 803 2736 γίνεται
830 2667 1011 2736 πληγὴ
1039 2665 1116 2735 τῷ
1143 2665 1425 2735 βασκάνῳ,
1454 2665 1545 2718 καὶ
1573 2663 1672 2725 τὰς
1702 2663 1910 2725 οἰκείας

335 2759 594 2828 δυνάμεις
627 2756 973 2826 συναγαγὼν.
1004 2757 1095 2810 τόν
1134 2773 1190 2808 τε
1219 2758 1375 2809 κίονα
1404 2755 1588 2825 κύκλῳ
1611 2751 1907 2816 διαλαϐὼν,

337 2851 662 2922 ἀνατρέπειν
691 2851 855 2905 αὐτὸν
881 2853 960 2914 εἰς
987 2849 1182 2918 ἔδαφος
1213 2849 1497 2918 ἐπειρᾶτο.
1540 2847 1680 2900 Ἀλλ’
1704 2847 1737 2916 ἡ
1786 2845 1907 2899 θεία

338 2943 518 3014 χάρις,
554 2942 744 3014 ὥσπερ
771 2961 856 3007 τις
887 2943 1094 2998 ἄνωθεν
1130 2941 1386 3012 ἀστραπὴ
1431 2939 1744 3010 διᾴττουσαι,
1777 2937 1910 3006 φεύ-

338 3054 459 3105 γειν
509 3038 608 3091 ὅσα
644 3038 739 3090 καλ⁵
773 3038 995 3106 μάστιγι
1025 3035 1248 3099 τούτους
1284 3035 1678 3102 ἐλαυνομένους
1713 3031 1906 3096 ἐποίει,
1935 3065 1980 3127 C

343 3128 482 3198 μέγα
510 3145 564 3182 τι
608 3129 702 3182 καὶ
749 3128 920 3181 δεινὸν
972 3127 1343 3191 όλολύζοντας.
1393 3126 1552 3179 Ἀλλὰ
1585 3126 1674 3178 τὸν
1722 3124 1913 3194 φθόνον

344 3219 445 3272 οὐκ
493 3215 561 3289 ἦν
612 3220 865 3289 ἠρεμεῖν,
891 3220 1027 3274 άλλά
1063 3220 1341 3290 πτέρυγας
1377 3217 1628 3270 πετεινοῦ
1672 3215 1857 3274 λαϐὼν
1886 3216 1915 3268 6

343 3305 536 3377 ἐχθρὸς
565 3307 648 3376 (τὸ
675 3307 966 3378 πρόσωπον
1009 3307 1066 3360 δὲ
1116 3306 1330 3360 παιδίου
1369 3307 1590 3360 εἴκαστο
1612 3307 1690 3376 τῷ
1746 3323 1917 3377 προσ-

334 3390 470 3463 ώπῳ
486 3394 526 3462 ),
559 3392 884 3463 προσϐάλλει
910 3392 988 3462 τῷ
1014 3393 1239 3462 Συμεών
1261 3411 1276 3426 ·
1301 3395 1330 3446 6
1359 3393 1414 3447 δὲ
1445 3394 1506 3446 τὸ
1545 3393 1637 3446 τού
1680 3391 1915 3464 σταυροῦ

337 3485 561 3553 σημεῖον
587 3482 934 3547 διατυπώσας
954 3522 970 3546 ,
993 3482 1137 3537 -ὠσεὶ
1167 3485 1375 3538 καπνὸν
1405 3485 1604 3538 αὐτίκα
1629 3485 1915 3540 διασκεδά-

336 3574 680 3638 ζει.⁹Επειτα
725 3577 909 3644 μέντοι
953 3577 1169 3647 κρότοις
1210 3577 1476 3647 ἐναερίοις
1519 3578 1613 3630 καὶ
1662 3577 1910 3647 θορύϐοις

337 3667 432 3722 atat
475 3668 630 3738 ἤχοις
675 3668 818 3739 ὑπὲρ
865 3670 1107 3740 κεφαλῆς
1151 3670 1315 3724 αὑτοῦ
1359 3671 1624 3740 κέχρητο,
1652 3670 1810 3740 δῆθεν
1839 3670 1914 3733 ὡς

337 3763 424 3814 tn‘
457 3763 621 3818 αὑτὸν
653 3765 852 3818 ὲπιώνο
895 3766 957 3819 ού
999 3766 1106 3839 μὴν
1138 3767 1273 3821 ἀλλὰ
1307 3767 1400 3821 καὶ
1437 3765 1631 3835 ἀθρόον
1663 3765 1728 3818 ὲκ
1758 3764 1912 3817 νότου

337 3855 468 3927 λίθῳ
497 3858 717 3928 μεγάλῳ
743 3859 833 3912 τὸν
861 3859 1014 3914 κίονα
1037 3859 1254 3928 βάλλει·
1286 3860 1380 3913 καὶ
1399 3860 1427 3911 6
1453 3858 1548 3928 μὲν
1573 3857 1912 3928 περιτρέπει,

337 3931 372 4016 ἦ
419 3947 539 4001 θεία
570 3948 640 4002 -δὲ
683 3950 841 4020 χάρις
890 3953 948 4003 ὲν
993 3950 1297 4020 ὁμοιώματι
1331 3950 1661 4021 περισνερᾶς
1710 3945 1913 4008 εὖθεως

337 4041 692 4109 ἐπιφανεῖσα,
737 4045 836 4112 τὴν
880 4043 1220 4113 περιτροπὴν
1264 4043 1494 4112 ἵστησιν.
1513 4041 1671 4112 Ἑξῆς
1717 4041 1774 4094 δὲ
1817 4040 1911 4094 καὶ

337 4133 528 4201 κείρας
561 4133 724 4186 αὐτοῦ
770 4135 992 4204 δεσμεῖν
1034 4134 1130 4188 τοῦ
1166 4136 1400 4206 πονηροῦ
1438 4135 1800 4206 πειρωμένου,
1833 4132 1912 4204 τῷ

339 4224 554 4295 παλαιῷ
603 4227 692 4279 καὶ
739 4227 902 4282 πάλιν
950 4229 1226 4300 φαρμάκῳ
1265 4230 1342 4300 τῷ
1386 4229 1605 4300 σταυρῷ
1634 4227 1912 4284 κάνταῦθα

337 4318 702 4387 χρησάμενος,
739 4318 901 4384 εὐθὺς
931 4321 1097 4374 αὐτοῦ
1127 4320 1225 4393 τὴν
1255 4321 1484 4392 δύναμιν
1516 4321 1785 4375 σϐέννυσι.

414 4558 529 4624 μηθ.
557 4555 720 4620 Τέλος
771 4553 861 4612 οἷά
891 4575 977 4622 τις
1012 4559 1238 4632 ἀναιδὴς
1269 4561 1419 4631 αύτῷ
1461 4562 1710 4632 πρόσεισι
1761 4569 1911 4632 παῖς,

345 4646 511 4714 μέλας
537 4648 656 4712 ὅλος
688 4649 780 4703 καὶ
810 4650 937 4704 ίδεῖν
965 4651 1208 4723 αἰσχρὸς,
1258 4656 1446 4726 χεῖρας
1482 4655 1691 4724 ἰταμῶς
1722 4655 1914 4711 ἐπιϐα-

341 4738 474 4803 λεῖν,
505 4740 600 4792 καὶ
631 4743 710 4804 ei;
736 4743 1055 4815 συμπλοκὴν
1091 4745 1266 4798 ἐλθεῖν
1294 4746 1670 4816 ἐπειγόμενος,
1703 4749 1826 4801 Ἔτι
1853 4746 1916 4800 τὸ

342 4829 488 4896 ἅπαξ
525 4830 703 4896 τοῦτο,
747 4831 943 4900 λέγων,
975 4833 1225 4889 παλαίσω
1246 4853 1348 4899 σοι,
1373 4837 1468 4889 καὶ
1498 4836 1658 4906 εἰπερ
1695 4837 1755 4890 ού
1785 4854 1920 4892 κατ-

344 4919 551 4990 ισχύσω
583 4939 701 4985 σου,
725 4924 788 4976 τδ
812 4923 944 4992 γοῦν
970 4926 1145 4996 παρὸν
1175 4927 1569 4997 ἀπελεύσομαι.
1612 4929 1778 4982 Ταῦτ’
1797 4928 1916 4982 ελε-

343 5026 430 5078 γε,
461 5013 554 5064 καὶ
583 5015 720 5083 μετὰ
753 5016 1005 5085 μεγάλων
1039 5017 1187 5087 ήχων
1221 5019 1314 5071 καὶ
1338 5018 1585 5089 θορύϐων
1616 5019 1796 5091 ἐπῄει,
1825 5037 1922 5073 τα-

345 5104 516 5173 ραχῆς
550 5105 727 5160 πάντα
772 5106 1018 5178 πληρῶν,
1043 5108 1132 5162 ἵνα
1165 5109 1245 5180 τῷ
1273 5110 1567 5182 παραλόγῳ
1590 5113 1690 5181 τῆς
1724 5113 1914 5182 ἐφόδου

346 5195 440 5247 καὶ
475 5197 815 5268 καταπλήξῃ.
858 5198 917 5252 '0
949 5199 1005 5252 δὲ
1036 5200 1200 5270 μηδὲν
1242 5203 1572 5272 ὑποτρέσας,
1613 5203 1752 5256 ἀλλὰ
1781 5205 1916 5274 πρδς

342 5286 408 5340 τὸ
430 5289 630 5342 οἰκεῖον
651 5290 814 5346 ὅπλον
836 5290 999 5356 εὐθὺς
1031 5293 1131 5356 τὰς
1156 5296 1233 5357 είς
1255 5294 1492 5365 Χριστὸν
1530 5295 1734 5364 βλέψας.
1760 5296 1916 5349 ἐλπί-

341 5375 458 5442 δας,
497 5380 752 5452 εὐψύχως
795 5401 856 5436 τε
887 5383 987 5454 τὴν
1031 5385 1210 5456 πάλην
1233 5388 1327 5440 καὶ
1349 5387 1614 5451 νεανιώς
1654 5389 1914 5453 ὑποστὰς,

343 5467 640 5539 λαϐόμενος
678 5472 841 5526 αὐτοῦ
869 5474 978 5528 τῶν
1009 5477 1228 5545 χειρῶν,
1256 5477 1432 5530 ὀπίσω
1465 5496 1525 5531 τε
1564 5481 1917 5550 περιαγαγὼν

345 5558 514 5622 αὑτὰς
547 5563 642 5614 καὶ
664 5561 962 5634 δισμήσας,
993 5564 1173 5634 ἀφανῆ
1203 5565 1403 5636 τεθησι,
1433 5567 1595 5632 κενὰς
1625 5569 1789 5622 αὐτοῦ
1819 5571 1917 5633 τὶς

343 5647 573 5716 ἀπειλὰς
611 5652 916 5720 ἀποδείξας.
950 5650 1090 5709 Εἶτα
1108 5655 1204 5725 ἡδύ
1240 5675 1292 5711 τι
1326 5658 1460 5731 πρὸς
1503 5659 1730 5731 οὐρανὸν
1770 5661 1911 5725 ἰδὼν,

2006 1855 2106 1894 suo
2134 1841 2505 1896 instrumento
2539 1855 2720 1901 usum,
2758 1838 2862 1892 sub
2893 1837 2986 1892 illo
3026 1845 3206 1890 tamen
3237 1835 3579 1898 discrimine,

2007 1931 2153 2000 quod
2194 1932 2247 1986 in
2301 1930 2562 2000 paradiso
2613 1928 2830 1984 blandis
2874 1925 3166 1982 lenociniis
3225 1923 3579 1995 persuadere,

2008 2024 2100 2078 hic
2143 2025 2292 2094 gravi
2346 2037 2559 2078 terrore
2608 2022 2844 2092 dejicere
2901 2028 3132 2074 conatus
3166 2019 3257 2072 sit.
3313 2017 3585 2072 Submisit

2010 2113 2193 2183 itaque
2217 2122 2552 2184 serpentem,
2577 2112 2921 2165 horribiliter
2946 2109 3190 2164 hiantem
3244 2109 3582 2163 sibilantem-

2007 2221 2138 2276 que,
2160 2215 2214 2260 et
2237 2205 2492 2260 mordere
2519 2203 2849 2257 minantem:
2874 2214 3037 2270 quem
3067 2200 3151 2253 vir
3197 2207 3446 2263 sanctus,
3475 2215 3580 2254 au-

2008 2297 2130 2352 daci
2171 2313 2331 2352 manu
2360 2298 2514 2366 juxta
2543 2311 2607 2350 ac
2659 2302 2842 2347 mente
2891 2292 3329 2361 apprehensum,
3401 2291 3583 2346 valide

2009 2389 2604 2458 allisitcontrivitque,
2650 2386 2832 2440 donec
2891 2385 3098 2439 sanctis
3128 2383 3275 2438 illius
3327 2382 3584 2436 manibus

2009 2479 2306 2549 elapsusin
2352 2491 2580 2542 terram,
2633 2477 2862 2531 evanuit
2893 2490 2959 2529 ex
2994 2474 3194 2538 oculis,
3225 2473 3461 2528 demissa
3515 2473 3583 2526 ad

2011 2569 2176 2638 pedes
2203 2570 2376 2624 sancti
2404 2569 2564 2638 pelle,
2603 2575 2661 2621 ut
2689 2574 2807 2620 erat
2835 2563 3082 2634 squamis
3111 2571 3274 2625 tecta,
3303 2579 3404 2633 pro
3430 2562 3582 2624 ,irre-

2010 2659 2259 2731 fragabili
2288 2660 2603 2715 testimonio
2635 2656 2908 2713 miraculi.
2939 2655 3276 2712 Gravissime
3301 2655 3432 2710 illud
3465 2670 3585 2711 sen-

2009 2755 2081 2808 sit
2106 2753 2404 2823 impostor;
2438 2762 2574 2818 tum,
2607 2768 2800 2808 omnes
2832 2753 2886 2807 in
2917 2766 3087 2807 unum
3119 2752 3267 2806 vires
3299 2749 3582 2819 colligens.

2009 2843 2461 2911 comprehensam
2491 2857 2588 2910 per
2631 2842 2900 2896 ambitum
2950 2841 3262 2896 columnam
3296 2839 3350 2893 in
3383 2847 3585 2892 terram

2009 2935 2141 2988 dare
2187 2934 2437 2990 laborat:
2501 2949 2691 2989 verum
2747 2934 2924 3004 gratia
2985 2933 3195 2996 divina,
3235 2934 3288 2987 in
3354 2931 3580 2985 modum

2011 3025 2244 3094 fulguris
2267 3026 2505 3080 cmlestis
2528 3027 2792 3093 emicans,
2821 3027 3231 3082 machinatores
3259 3025 3382 3079 illos
3431 3023 3583 3077 velut

2014 3116 2229 3188 ﬂagello
2274 3118 2637 3187 compellebat
2688 3119 2931 3188 arripere
2969 3119 3177 3189 fugam,
3232 3115 3575 3172 horrendum

2013 3208 2310 3265 frementes
2334 3219 2500 3281 atque
2521 3211 2813 3282 ejulantes.
2854 3211 2974 3265 Non
3029 3209 3119 3264 hic
3172 3209 3326 3264 stetit
3381 3207 3589 3262 invidia

2015 3299 2250 3355 inimici:
2283 3302 2397 3356 alas
2421 3302 2667 3357 volucris
2696 3302 2799 3357 sibi
2822 3302 3065 3371 adaptat,
3103 3309 3159 3355 et
3190 3299 3386 3355 faciem
3429 3298 3586 3369 pueri

2030 3389 2346 3445 assimilans
2366 3429 2380 3451 ,
2412 3387 2732 3457 conspectui
2765 3383 3053 3455 Symeonis
3084 3397 3143 3437 se
3175 3380 3361 3444 offert;
3399 3380 3492 3449 qui
3524 3379 3596 3434 ef.

2025 3480 2260 3534 formato
2294 3479 2478 3534 crucis
2508 3479 2667 3546 signo
2697 3475 2987 3530 confestim
3012 3515 3026 3540 ,
3062 3483 3119 3528 ut
3145 3481 3340 3527 ventus
3370 3471 3598 3536 fumum,

2020 3572 2308 3640 dissipavit
2357 3571 2590 3625 hostem.
2621 3568 2776 3622 Tunc
2819 3566 3030 3622 crebris
3078 3563 3361 3635 plausibus
3399 3563 3596 3618 tumul-

2022 3662 2275 3731 tibusque
2305 3677 2426 3716 eum
2458 3660 2665 3730 ingenti
2697 3675 2834 3714 sono
2865 3673 3032 3726 supra
3059 3663 3222 3724 caput
3248 3655 3366 3724 ejus
3394 3653 3448 3707 in
3475 3667 3600 3708 aere

2021 3752 2292 3817 excitatis,
2338 3751 2391 3805 in
2444 3752 2623 3820 ipsum
2677 3751 2922 3804 facturus
2977 3750 3241 3818 impetum
3276 3746 3599 3801 videbatur:

2025 3858 2230 3909 magna:
2279 3858 2496 3912 quoque
2526 3842 2688 3896 molis
2727 3857 2920 3897 saxum
2967 3855 3030 3894 ex
3086 3847 3238 3909 parte
3289 3837 3514 3892 australi
3549 3837 3602 3891 in

2021 3934 2333 3987 columnam
2367 3934 2500 4002 jacit
2536 3953 2548 3987 :
2587 3948 2707 4002 qum
2759 3933 2965 4001 impetu
3013 3931 3104 3986 illo
3149 3945 3340 3986 eversa
3387 3929 3601 3996 fuisset.

2020 4025 2125 4080 nisi
2149 4026 2321 4095 gratia
2339 4026 2540 4088 divina,
2564 4026 2616 4078 in
2636 4024 2999 4080 similitudine
3021 4023 3290 4079 columbae
3307 4037 3600 4092 apparens,

2023 4123 2277 4171 ruentem
2303 4117 2556 4171 stitisset.
2587 4115 2782 4171 Postea
2807 4115 2971 4170 etiam
2995 4156 3008 4180 ,
3039 4113 3227 4171 eodem
3259 4113 3458 4185 spiritu
3480 4114 3600 4168 vin-

2020 4209 2161 4263 culis
2186 4209 2561 4277 constringere
2582 4223 2778 4263 manus
2802 4208 3087 4279 Symeonis
3116 4214 3379 4275 tentante,
3405 4206 3496 4262 hic
3533 4206 3601 4261 ad

2022 4302 2398 4370 pharmaeum,
2417 4300 2528 4370 jam
2557 4299 2764 4370 pridem
2789 4309 2982 4355 contra
3005 4299 3152 4354 illius
3171 4313 3442 4355 venenum
3467 4313 3594 4370 prte-

1939 4369 1993 4428 D
2019 4391 2420 4455 sentissimutn,
2442 4398 2878 4456 sacrosanctum,
2904 4392 3150 4461 inquam,
3181 4390 3362 4446 crucis
3383 4369 3598 4460 signum

2023 4479 2370 4550 confugiens,
2397 4487 2632 4547 cunctas
2657 4483 2922 4537 tentantis
2955 4484 3097 4537 vires
3129 4480 3368 4550 infregit.

2085 4574 2174 4629 48.
2210 4573 2486 4644 Denique,
2506 4575 2585 4628 uti
2611 4577 2790 4645 puella
2815 4576 3064 4645 quaedam
3093 4575 3321 4641 eﬂrons,
3349 4578 3468 4632 viro
3493 4578 3590 4634 Dei

2017 4666 2250 4730 accedit,
2287 4677 2436 4723 totus
2469 4667 2645 4738 niger,
2683 4676 2829 4722 totus
2871 4680 3094 4737 aspectu
3142 4666 3402 4724 deformis
3433 4685 3446 4721 :
3477 4684 3592 4723 ma-

2019 4770 2229 4826 nusque
2255 4755 2399 4810 collo
2419 4757 2639 4827 jamjam
2702 4757 3030 4825 injecturus,
3069 4764 3126 4811 et
3159 4757 3216 4810 in
3245 4756 3587 4826 complexum

2019 4859 2182 4899 ruere
2212 4843 2480 4900 festinans
2511 4864 2524 4899 :
2555 4844 2910 4910 Certaminis,
2945 4845 3144 4915 inquit,
3173 4846 3368 4911 aleam,
3406 4844 3589 4899 adhuc

2019 4933 2186 4989 semel
2214 4943 2395 4989 tecum
2423 4936 2656 5000 luctans,
2683 4936 2880 5005 jaciam
2905 4954 2918 4991 ε
2948 4945 3004 4992 et
3023 4937 3294 5006 siquidem
3317 4951 3426 4990 non
3453 4951 3590 5006 pra:-

2018 5025 2243 5080 valuero
2300 5025 2420 5089 tibi,
2475 5027 2528 5080 in
2575 5028 2865 5096 praesentia
2916 5027 3188 5084 recedam.
3244 5028 3436 5084 Isthmo
3477 5029 3592 5083 elo-

2019 5124 2180 5172 cutus
2224 5117 2416 5187 graudi
2464 5133 2588 5172 cum
2633 5133 2769 5174 sono
2805 5118 3149 5189 strepituque
3180 5117 3360 5184 irruit,
3406 5119 3592 5175 omnia

2020 5206 2240 5276 replens
2282 5207 2541 5272 tumultu,
2595 5217 2653 5262 ut
2687 5210 2768 5263 vel
2815 5210 2930 5279 ipsa
2972 5210 3270 5265 invasionis
3300 5208 3589 5265 insolentia

2023 5307 2288 5352 terrorem
2346 5299 2636 5354 incuteret.
2690 5300 2758 5354 At
2805 5300 2895 5354 ille
2947 5303 3267 5372 neutiquam
3316 5316 3376 5357 se
3418 5317 3584 5356 aver-

2025 5398 2165 5452 tens,
2214 5399 2478 5444 consueta
2540 5391 2808 5460 corripuit
2853 5407 3027 5455 arma,
3075 5408 3224 5462 spem
3278 5392 3488 5448 scilicet
3535 5391 3592 5447 in

2018 5480 2240 5536 Christo
2275 5481 2531 5550 positam,
2559 5482 2840 5552 alaerique
2871 5499 2932 5537 ac
2959 5500 3226 5554 generoso
3254 5485 3436 5538 animo
3471 5498 3592 5538 cer-

2021 5582 2201 5627 tamen
2222 5573 2562 5643 aggrediens,
2583 5589 2780 5628 manus
2799 5575 2970 5628 hostis
2990 5575 3373 5644 apprehendit,
3389 5589 3592 5643 easque

2022 5673 2142 5731 post
2192 5671 2404 5733 tergum
2437 5663 2703 5719 adductas
2739 5663 2953 5727 vineiit,
2991 5673 3150 5734 atque
3183 5664 3256 5718 ita
3326 5679 3394 5718 ex
3424 5661 3597 5716 oculis
