  <div class='ocr_page' id='page_1' title='image "/cluster/home/n/w/nwhite01/storage/ocr_20150623/86:2/hvd.32044054112354/643.png"; bbox 0 0 4034 6186; ppageno 0'>
   <div class='ocr_carea' id='block_1_1' title="bbox 443 237 582 304">
    <p class='ocr_par' dir='ltr' id='par_1_1' title="bbox 443 237 582 304">
     <span class='ocr_line' id='line_1_1' title="bbox 443 237 582 304; baseline 0 -1"><span class='ocrx_word' id='word_1_1' title='bbox 443 237 582 304; x_wconf 74' lang='grc'><strong>3031</strong></span> 
     </span>
    </p>
   </div>
   <div class='ocr_carea' id='block_1_2' title="bbox 1611 253 2482 316">
    <p class='ocr_par' dir='ltr' id='par_1_2' title="bbox 1611 253 2482 316">
     <span class='ocr_line' id='line_1_2' title="bbox 1611 253 2482 316; baseline 0.005 -4"><span class='ocrx_word' id='word_1_2' title='bbox 1611 253 1671 312; x_wconf 86' lang='grc'><strong>8.</strong></span> <span class='ocrx_word' id='word_1_3' title='bbox 1715 253 2011 314; x_wconf 78' lang='lat' dir='ltr'><strong>SYMEON</strong></span> <span class='ocrx_word' id='word_1_4' title='bbox 2019 256 2090 314; x_wconf 89' lang='lat' dir='ltr'><strong>IS</strong></span> <span class='ocrx_word' id='word_1_5' title='bbox 2123 255 2482 316; x_wconf 79' lang='lat' dir='ltr'><strong>IUNIORIS</strong></span> 
     </span>
    </p>
   </div>
   <div class='ocr_carea' id='block_1_3' title="bbox 3531 255 3679 320">
    <p class='ocr_par' dir='ltr' id='par_1_3' title="bbox 3531 255 3679 320">
     <span class='ocr_line' id='line_1_3' title="bbox 3531 255 3679 320; baseline 0.014 -2"><span class='ocrx_word' id='word_1_6' title='bbox 3531 255 3679 320; x_wconf 77' lang='lat'><strong>3032</strong></span> 
     </span>
    </p>
   </div>
   <div class='ocr_carea' id='block_1_4' title="bbox 423 351 2012 437">
    <p class='ocr_par' dir='ltr' id='par_1_4' title="bbox 423 351 1999 432">
     <span class='ocr_line' id='line_1_4' title="bbox 423 351 1999 432; baseline 0.008 -28"><span class='ocrx_word' id='word_1_7' title='bbox 423 351 684 408; x_wconf 88' lang='lat' dir='ltr'><strong>recedere</strong></span> <span class='ocrx_word' id='word_1_8' title='bbox 717 356 918 426; x_wconf 81' lang='lat' dir='ltr'><strong>coegit,</strong></span> <span class='ocrx_word' id='word_1_9' title='bbox 961 357 1220 413; x_wconf 78' lang='lat' dir='ltr'><strong>edoctum</strong></span> <span class='ocrx_word' id='word_1_10' title='bbox 1259 375 1430 414; x_wconf 84' lang='lat' dir='ltr'><strong>vanas</strong></span> <span class='ocrx_word' id='word_1_11' title='bbox 1475 377 1597 416; x_wconf 84' lang='lat' dir='ltr'><strong>esse</strong></span> <span class='ocrx_word' id='word_1_12' title='bbox 1640 365 1758 432; x_wconf 86' lang='lat' dir='ltr'><strong>ejus</strong></span> <span class='ocrx_word' id='word_1_13' title='bbox 1803 365 1999 420; x_wconf 86' lang='lat' dir='ltr'><strong>minas.</strong></span> 
     </span>
    </p>
   </div>
   <div class='ocr_carea' id='block_1_5' title="bbox 2114 351 3687 437">
    <p class='ocr_par' dir='ltr' id='par_1_5' title="bbox 2114 363 3687 437">
     <span class='ocr_line' id='line_1_5' title="bbox 2114 363 3687 437; baseline 0.001 -18"><span class='ocrx_word' id='word_1_14' title='bbox 2114 367 2234 430; x_wconf 80' lang='grc' dir='ltr'>τοὺς</span> <span class='ocrx_word' id='word_1_15' title='bbox 2263 367 2732 437; x_wconf 74' lang='grc' dir='ltr'><strong>εὐχαριστηρίους,</strong></span> <span class='ocrx_word' id='word_1_16' title='bbox 2760 367 2808 418; x_wconf 87' lang='grc' dir='ltr'><strong>εί</strong></span> <span class='ocrx_word' id='word_1_17' title='bbox 2837 365 2892 418; x_wconf 78' lang='grc' dir='ltr'><strong>δὲ</strong></span> <span class='ocrx_word' id='word_1_18' title='bbox 2947 365 3148 433; x_wconf 79' lang='grc' dir='ltr'>βούλει,</span> <span class='ocrx_word' id='word_1_19' title='bbox 3181 363 3482 428; x_wconf 69' lang='grc' dir='ltr'><strong>ἐπινικίους</strong></span> <span class='ocrx_word' id='word_1_20' title='bbox 3519 381 3687 436; x_wconf 84' lang='grc' dir='ltr'>προσ-</span> 
     </span>
    </p>
   </div>
   <div class='ocr_carea' id='block_1_6' title="bbox 423 442 2002 524">
    <p class='ocr_par' dir='ltr' id='par_1_6' title="bbox 423 442 2002 524">
     <span class='ocr_line' id='line_1_6' title="bbox 423 442 2002 524; baseline 0.003 -22"><span class='ocrx_word' id='word_1_21' title='bbox 423 442 634 502; x_wconf 80' lang='lat' dir='ltr'><strong>Deinde</strong></span> <span class='ocrx_word' id='word_1_22' title='bbox 679 447 926 502; x_wconf 86' lang='lat' dir='ltr'><strong>suaviter</strong></span> <span class='ocrx_word' id='word_1_23' title='bbox 959 447 1014 502; x_wconf 92' lang='lat' dir='ltr'><strong>in</strong></span> <span class='ocrx_word' id='word_1_24' title='bbox 1045 449 1246 504; x_wconf 69' lang='lat' dir='ltr'><strong>coelum</strong></span> <span class='ocrx_word' id='word_1_25' title='bbox 1277 450 1510 506; x_wconf 75' lang='lat' dir='ltr'><strong>sublatis</strong></span> <span class='ocrx_word' id='word_1_26' title='bbox 1535 453 1734 518; x_wconf 88' lang='lat' dir='ltr'><strong>ocuiis,</strong></span> <span class='ocrx_word' id='word_1_27' title='bbox 1773 453 2002 524; x_wconf 82' lang='lat' dir='ltr'><strong>hymnos</strong></span> 
     </span>
    </p>
   </div>
   <div class='ocr_carea' id='block_1_7' title="bbox 425 534 2004 607">
    <p class='ocr_par' dir='ltr' id='par_1_7' title="bbox 425 534 2004 607">
     <span class='ocr_line' id='line_1_7' title="bbox 425 534 2004 607; baseline 0.007 -19"><span class='ocrx_word' id='word_1_28' title='bbox 425 534 536 588; x_wconf 89' lang='lat' dir='ltr'><strong>Deo</strong></span> <span class='ocrx_word' id='word_1_29' title='bbox 559 536 612 589; x_wconf 90' lang='lat' dir='ltr'><strong>in</strong></span> <span class='ocrx_word' id='word_1_30' title='bbox 631 539 926 607; x_wconf 84' lang='lat' dir='ltr'><strong>gratiarum</strong></span> <span class='ocrx_word' id='word_1_31' title='bbox 951 541 1244 605; x_wconf 79' lang='lat' dir='ltr'><strong>actionem,</strong></span> <span class='ocrx_word' id='word_1_32' title='bbox 1261 551 1374 604; x_wconf 90' lang='lat' dir='ltr'><strong>aut,</strong></span> <span class='ocrx_word' id='word_1_33' title='bbox 1399 543 1444 595; x_wconf 89' lang='lat' dir='ltr'><strong>si</strong></span> <span class='ocrx_word' id='word_1_34' title='bbox 1469 543 1544 597; x_wconf 87' lang='lat' dir='ltr'><strong>ita</strong></span> <span class='ocrx_word' id='word_1_35' title='bbox 1561 545 1663 606; x_wconf 88' lang='lat' dir='ltr'><strong>vis,</strong></span> <span class='ocrx_word' id='word_1_36' title='bbox 1686 545 1740 598; x_wconf 88' lang='lat' dir='ltr'><strong>in</strong></span> <span class='ocrx_word' id='word_1_37' title='bbox 1761 545 2004 600; x_wconf 69' lang='lat' dir='ltr'><strong>victoria:</strong></span> 
     </span>
    </p>
   </div>
   <div class='ocr_carea' id='block_1_8' title="bbox 425 622 2005 696">
    <p class='ocr_par' dir='ltr' id='par_1_8' title="bbox 425 622 2005 696">
     <span class='ocr_line' id='line_1_8' title="bbox 425 622 2005 696; baseline 0.008 -20"><span class='ocrx_word' id='word_1_38' title='bbox 425 622 664 680; x_wconf 74' lang='lat' dir='ltr'><strong>obtenta:</strong></span> <span class='ocrx_word' id='word_1_39' title='bbox 685 629 1288 694; x_wconf 75' lang='lat' dir='ltr'><strong>commemorationem,</strong></span> <span class='ocrx_word' id='word_1_40' title='bbox 1309 631 1530 696; x_wconf 87' lang='lat' dir='ltr'><strong>cecinit,</strong></span> <span class='ocrx_word' id='word_1_41' title='bbox 1559 648 1788 688; x_wconf 84' lang='lat' dir='ltr'><strong>accenso</strong></span> <span class='ocrx_word' id='word_1_42' title='bbox 1805 634 1870 688; x_wconf 89' lang='lat' dir='ltr'><strong>ad</strong></span> <span class='ocrx_word' id='word_1_43' title='bbox 1899 634 2005 688; x_wconf 90' lang='lat' dir='ltr'><strong>hoc</strong></span> 
     </span>
    </p>
   </div>
   <div class='ocr_carea' id='block_1_9' title="bbox 423 722 2001 794">
    <p class='ocr_par' dir='ltr' id='par_1_9' title="bbox 423 722 2001 794">
     <span class='ocr_line' id='line_1_9' title="bbox 423 722 2001 794; baseline 0.008 -28"><span class='ocrx_word' id='word_1_44' title='bbox 423 729 589 769; x_wconf 90' lang='lat' dir='ltr'><strong>cereo</strong></span> <span class='ocrx_word' id='word_1_45' title='bbox 611 731 772 785; x_wconf 90' lang='lat' dir='ltr'><strong>quem</strong></span> <span class='ocrx_word' id='word_1_46' title='bbox 799 727 1032 787; x_wconf 88' lang='lat' dir='ltr'><strong>utraque</strong></span> <span class='ocrx_word' id='word_1_47' title='bbox 1063 735 1225 773; x_wconf 87' lang='lat' dir='ltr'><strong>manu</strong></span> <span class='ocrx_word' id='word_1_48' title='bbox 1253 722 1496 788; x_wconf 88' lang='lat' dir='ltr'><strong>tenebat,</strong></span> <span class='ocrx_word' id='word_1_49' title='bbox 1533 725 1734 794; x_wconf 87' lang='lat' dir='ltr'><strong>cuique</strong></span> <span class='ocrx_word' id='word_1_50' title='bbox 1763 724 2001 793; x_wconf 87' lang='lat' dir='ltr'><strong>epinicia</strong></span> 
     </span>
    </p>
   </div>
   <div class='ocr_carea' id='block_1_10' title="bbox 2109 455 3682 528">
    <p class='ocr_par' dir='ltr' id='par_1_10' title="bbox 2109 455 3682 528">
     <span class='ocr_line' id='line_1_10' title="bbox 2109 455 3682 528; baseline 0.001 -20"><span class='ocrx_word' id='word_1_51' title='bbox 2109 458 2241 526; x_wconf 72' lang='grc' dir='ltr'>ἦγεν</span> <span class='ocrx_word' id='word_1_52' title='bbox 2273 456 2473 526; x_wconf 73' lang='grc' dir='ltr'>ὕμνους</span> <span class='ocrx_word' id='word_1_53' title='bbox 2495 457 2632 526; x_wconf 78' lang='grc' dir='ltr'>Θεῷ,</span> <span class='ocrx_word' id='word_1_54' title='bbox 2659 455 2812 524; x_wconf 80' lang='grc' dir='ltr'>φῶτα</span> <span class='ocrx_word' id='word_1_55' title='bbox 2847 457 3076 524; x_wconf 77' lang='grc' dir='ltr'><strong>ποιήσας</strong></span> <span class='ocrx_word' id='word_1_56' title='bbox 3115 457 3208 508; x_wconf 74' lang='grc' dir='ltr'>καὶ</span> <span class='ocrx_word' id='word_1_57' title='bbox 3247 456 3419 526; x_wconf 70' lang='grc' dir='ltr'>κηρὸν</span> <span class='ocrx_word' id='word_1_58' title='bbox 3449 457 3682 528; x_wconf 73' lang='grc' dir='ltr'>ἑκατέρα</span> 
     </span>
    </p>
   </div>
   <div class='ocr_carea' id='block_1_11' title="bbox 2109 543 3683 619">
    <p class='ocr_par' dir='ltr' id='par_1_11' title="bbox 2109 543 3683 619">
     <span class='ocr_line' id='line_1_11' title="bbox 2109 543 3683 619; baseline 0.002 -21"><span class='ocrx_word' id='word_1_59' title='bbox 2109 549 2252 616; x_wconf 81' lang='grc' dir='ltr'>χειρὶ</span> <span class='ocrx_word' id='word_1_60' title='bbox 2275 549 2542 618; x_wconf 78' lang='grc' dir='ltr'><strong>κατέχων,</strong></span> <span class='ocrx_word' id='word_1_61' title='bbox 2567 543 2648 610; x_wconf 79' lang='grc' dir='ltr'>οἷς</span> <span class='ocrx_word' id='word_1_62' title='bbox 2681 549 3002 617; x_wconf 80' lang='grc' dir='ltr'>συνεμέτρει</span> <span class='ocrx_word' id='word_1_63' title='bbox 3041 548 3130 600; x_wconf 80' lang='grc' dir='ltr'><strong>τὸν</strong></span> <span class='ocrx_word' id='word_1_64' title='bbox 3161 548 3448 600; x_wconf 77' lang='grc' dir='ltr'>ἐπινίκιον·</span> <span class='ocrx_word' id='word_1_65' title='bbox 3487 549 3548 600; x_wconf 73' lang='grc' dir='ltr'>οὗ</span> <span class='ocrx_word' id='word_1_66' title='bbox 3579 549 3683 619; x_wconf 77' lang='grc' dir='ltr'>γὰρ</span> 
     </span>
    </p>
   </div>
   <div class='ocr_carea' id='block_1_12' title="bbox 2112 638 3682 708">
    <p class='ocr_par' dir='ltr' id='par_1_12' title="bbox 2112 638 3682 708">
     <span class='ocr_line' id='line_1_12' title="bbox 2112 638 3682 708; baseline 0.002 -18"><span class='ocrx_word' id='word_1_67' title='bbox 2112 641 2378 708; x_wconf 84' lang='grc' dir='ltr'>πρότερον</span> <span class='ocrx_word' id='word_1_68' title='bbox 2407 641 2439 706; x_wconf 84' lang='grc' dir='ltr'><strong>ἡ</strong></span> <span class='ocrx_word' id='word_1_69' title='bbox 2472 639 2688 704; x_wconf 79' lang='grc' dir='ltr'>γλῶττα</span> <span class='ocrx_word' id='word_1_70' title='bbox 2729 638 2839 690; x_wconf 86' lang='grc' dir='ltr'><strong>τῶν</strong></span> <span class='ocrx_word' id='word_1_71' title='bbox 2885 639 3070 706; x_wconf 76' lang='grc' dir='ltr'>ὓμνων</span> <span class='ocrx_word' id='word_1_72' title='bbox 3115 639 3383 704; x_wconf 78' lang='grc' dir='ltr'><strong>πέπαυτο,</strong></span> <span class='ocrx_word' id='word_1_73' title='bbox 3427 640 3530 702; x_wconf 74' lang='grc' dir='ltr'><strong>ἕως</strong></span> <span class='ocrx_word' id='word_1_74' title='bbox 3573 643 3682 702; x_wconf 78' lang='grc' dir='ltr'>τοῖς</span> 
     </span>
    </p>
   </div>
   <div class='ocr_carea' id='block_1_13' title="bbox 2113 729 3088 798">
    <p class='ocr_par' dir='ltr' id='par_1_13' title="bbox 2113 729 3088 798">
     <span class='ocr_line' id='line_1_13' title="bbox 2113 729 3088 798; baseline 0.006 -20"><span class='ocrx_word' id='word_1_75' title='bbox 2113 732 2302 796; x_wconf 74' lang='grc' dir='ltr'>κηροῖς</span> <span class='ocrx_word' id='word_1_76' title='bbox 2329 729 2576 782; x_wconf 81' lang='grc' dir='ltr'>καυθείσι</span> <span class='ocrx_word' id='word_1_77' title='bbox 2613 729 2672 782; x_wconf 75' lang='grc' dir='ltr'>τὸ</span> <span class='ocrx_word' id='word_1_78' title='bbox 2699 730 2813 798; x_wconf 78' lang='grc' dir='ltr'><strong>φῶς</strong></span> <span class='ocrx_word' id='word_1_79' title='bbox 2843 731 3088 784; x_wconf 77' lang='grc' dir='ltr'>ἔσϐεοτο.</span> 
     </span>
    </p>
   </div>
   <div class='ocr_carea' id='block_1_14' title="bbox 422 805 3684 895">
    <p class='ocr_par' dir='ltr' id='par_1_14' title="bbox 422 805 3684 895">
     <span class='ocr_line' id='line_1_14' title="bbox 422 805 3684 895; baseline 0.005 -34"><span class='ocrx_word' id='word_1_80' title='bbox 422 823 522 862; x_wconf 89' lang='lat' dir='ltr'><strong>sua</strong></span> <span class='ocrx_word' id='word_1_81' title='bbox 541 813 1182 879; x_wconf 80' lang='lat' dir='ltr'><strong>commensurabat;non</strong></span> <span class='ocrx_word' id='word_1_82' title='bbox 1209 816 1362 869; x_wconf 82' lang='lat' dir='ltr'><strong>enim.</strong></span> <span class='ocrx_word' id='word_1_83' title='bbox 1379 818 1534 886; x_wconf 91' lang='lat' dir='ltr'><strong>prius</strong></span> <span class='ocrx_word' id='word_1_84' title='bbox 1553 819 1802 873; x_wconf 83' lang='lat' dir='ltr'><strong>cessabat</strong></span> <span class='ocrx_word' id='word_1_85' title='bbox 1823 805 1868 871; x_wconf 11' lang='lat' dir='ltr'><strong>ia</strong></span> <span class='ocrx_word' id='word_1_86' title='bbox 1930 831 2090 875; x_wconf 80' lang='lat' dir='ltr'><strong>cantu</strong></span> <span class='ocrx_word' id='word_1_87' title='bbox 2122 823 2328 892; x_wconf 87' lang='lat' dir='ltr'><strong>lingua,</strong></span> <span class='ocrx_word' id='word_1_88' title='bbox 2357 839 2522 894; x_wconf 87' lang='lat' dir='ltr'><strong>quam</strong></span> <span class='ocrx_word' id='word_1_89' title='bbox 2557 836 2883 893; x_wconf 86' lang='lat' dir='ltr'><strong>consumpta</strong></span> <span class='ocrx_word' id='word_1_90' title='bbox 2949 839 3076 879; x_wconf 88' lang='lat' dir='ltr'><strong>cera</strong></span> <span class='ocrx_word' id='word_1_91' title='bbox 3137 825 3324 879; x_wconf 88' lang='lat' dir='ltr'><strong>lumen</strong></span> <span class='ocrx_word' id='word_1_92' title='bbox 3367 827 3684 895; x_wconf 78' lang='lat' dir='ltr'><strong>exstingue-</strong></span> 
     </span>
    </p>
   </div>
   <div class='ocr_carea' id='block_1_15' title="bbox 425 908 599 954">
    <p class='ocr_par' dir='ltr' id='par_1_15' title="bbox 425 908 599 954">
     <span class='ocr_line' id='line_1_15' title="bbox 425 908 599 954; baseline 0.011 -3"><span class='ocrx_word' id='word_1_93' title='bbox 425 908 599 954; x_wconf 71' lang='grc' dir='ltr'>τριιιτ.</span> 
     </span>
    </p>
   </div>
   <div class='ocr_carea' id='block_1_16' title="bbox 492 991 1998 1072">
    <p class='ocr_par' dir='ltr' id='par_1_16' title="bbox 492 991 1998 1072">
     <span class='ocr_line' id='line_1_16' title="bbox 492 991 1998 1072; baseline 0.012 -26"><span class='ocrx_word' id='word_1_94' title='bbox 492 991 581 1046; x_wconf 71' lang='grc'><strong>49.</strong></span> <span class='ocrx_word' id='word_1_95' title='bbox 613 992 824 1048; x_wconf 86' lang='lat' dir='ltr'><strong>Interea</strong></span> <span class='ocrx_word' id='word_1_96' title='bbox 855 999 1116 1065; x_wconf 86' lang='lat' dir='ltr'><strong>temporis</strong></span> <span class='ocrx_word' id='word_1_97' title='bbox 1137 997 1350 1067; x_wconf 88' lang='lat' dir='ltr'><strong>(verum</strong></span> <span class='ocrx_word' id='word_1_98' title='bbox 1375 1017 1496 1069; x_wconf 71' lang='lat' dir='ltr'><strong>qua:</strong></span> <span class='ocrx_word' id='word_1_99' title='bbox 1525 1005 1704 1058; x_wconf 85' lang='lat' dir='ltr'><strong>oratio</strong></span> <span class='ocrx_word' id='word_1_100' title='bbox 1739 1023 1854 1072; x_wconf 88' lang='lat' dir='ltr'><strong>res,</strong></span> <span class='ocrx_word' id='word_1_101' title='bbox 1879 1025 1998 1062; x_wconf 90' lang='lat' dir='ltr'><strong>om-</strong></span> 
     </span>
    </p>
   </div>
   <div class='ocr_carea' id='block_1_17' title="bbox 423 1086 1994 1164">
    <p class='ocr_par' dir='ltr' id='par_1_17' title="bbox 423 1086 1994 1164">
     <span class='ocr_line' id='line_1_17' title="bbox 423 1086 1994 1164; baseline 0.008 -25"><span class='ocrx_word' id='word_1_102' title='bbox 423 1086 480 1140; x_wconf 89' lang='lat' dir='ltr'><strong>ni</strong></span> <span class='ocrx_word' id='word_1_103' title='bbox 531 1088 850 1156; x_wconf 85' lang='lat' dir='ltr'><strong>eloquentia</strong></span> <span class='ocrx_word' id='word_1_104' title='bbox 903 1091 1243 1158; x_wconf 85' lang='lat' dir='ltr'><strong>superiores,</strong></span> <span class='ocrx_word' id='word_1_105' title='bbox 1288 1095 1568 1164; x_wconf 71' lang='lat' dir='ltr'><strong>explicet?</strong></span> <span class='ocrx_word' id='word_1_106' title='bbox 1613 1113 1699 1152; x_wconf 88' lang='lat' dir='ltr'><strong>me</strong></span> <span class='ocrx_word' id='word_1_107' title='bbox 1731 1111 1879 1154; x_wconf 87' lang='lat' dir='ltr'><strong>certe</strong></span> <span class='ocrx_word' id='word_1_108' title='bbox 1929 1101 1994 1154; x_wconf 84' lang='lat' dir='ltr'><strong>ad</strong></span> 
     </span>
    </p>
   </div>
   <div class='ocr_carea' id='block_1_18' title="bbox 427 1179 2002 1258">
    <p class='ocr_par' dir='ltr' id='par_1_18' title="bbox 427 1179 2002 1258">
     <span class='ocr_line' id='line_1_18' title="bbox 427 1179 2002 1258; baseline 0.009 -27"><span class='ocrx_word' id='word_1_109' title='bbox 427 1179 628 1232; x_wconf 87' lang='lat' dir='ltr'><strong>nudam</strong></span> <span class='ocrx_word' id='word_1_110' title='bbox 653 1181 868 1235; x_wconf 77' lang='lat' dir='ltr'><strong>illarum</strong></span> <span class='ocrx_word' id='word_1_111' title='bbox 909 1185 1230 1237; x_wconf 83' lang='lat' dir='ltr'><strong>memoriam</strong></span> <span class='ocrx_word' id='word_1_112' title='bbox 1263 1195 1470 1239; x_wconf 88' lang='lat' dir='ltr'><strong>tremor</strong></span> <span class='ocrx_word' id='word_1_113' title='bbox 1505 1193 1785 1258; x_wconf 83' lang='lat' dir='ltr'><strong>occupat),</strong></span> <span class='ocrx_word' id='word_1_114' title='bbox 1829 1191 2002 1244; x_wconf 86' lang='lat' dir='ltr'><strong>inter-</strong></span> 
     </span>
    </p>
   </div>
   <div class='ocr_carea' id='block_1_19' title="bbox 423 1271 2000 1347">
    <p class='ocr_par' dir='ltr' id='par_1_19' title="bbox 423 1271 2000 1347">
     <span class='ocr_line' id='line_1_19' title="bbox 423 1271 2000 1347; baseline 0.008 -25"><span class='ocrx_word' id='word_1_115' title='bbox 423 1287 508 1334; x_wconf 87' lang='lat' dir='ltr'><strong>ea,</strong></span> <span class='ocrx_word' id='word_1_116' title='bbox 557 1271 799 1340; x_wconf 81' lang='lat' dir='ltr'><strong>inquam,</strong></span> <span class='ocrx_word' id='word_1_117' title='bbox 855 1273 1008 1326; x_wconf 87' lang='lat' dir='ltr'><strong>videt</strong></span> <span class='ocrx_word' id='word_1_118' title='bbox 1042 1275 1314 1330; x_wconf 79' lang='lat' dir='ltr'><strong>orientem</strong></span> <span class='ocrx_word' id='word_1_119' title='bbox 1373 1293 1561 1331; x_wconf 85' lang='lat' dir='ltr'><strong>versus</strong></span> <span class='ocrx_word' id='word_1_120' title='bbox 1605 1289 1852 1347; x_wconf 89' lang='lat' dir='ltr'><strong>apertum</strong></span> <span class='ocrx_word' id='word_1_121' title='bbox 1885 1297 2000 1334; x_wconf 66' lang='lat' dir='ltr'><strong>cae-</strong></span> 
     </span>
    </p>
   </div>
   <div class='ocr_carea' id='block_1_20' title="bbox 425 1363 1994 1423">
    <p class='ocr_par' dir='ltr' id='par_1_20' title="bbox 425 1363 1994 1423">
     <span class='ocr_line' id='line_1_20' title="bbox 425 1363 1994 1423; baseline 0.004 -7"><span class='ocrx_word' id='word_1_122' title='bbox 425 1363 538 1416; x_wconf 86' lang='lat' dir='ltr'><strong>lum</strong></span> <span class='ocrx_word' id='word_1_123' title='bbox 574 1374 629 1416; x_wconf 90' lang='lat' dir='ltr'><strong>et</strong></span> <span class='ocrx_word' id='word_1_124' title='bbox 661 1363 792 1417; x_wconf 86' lang='lat' dir='ltr'><strong>inibi</strong></span> <span class='ocrx_word' id='word_1_125' title='bbox 841 1363 1132 1418; x_wconf 89' lang='lat' dir='ltr'><strong>Dominum</strong></span> <span class='ocrx_word' id='word_1_126' title='bbox 1182 1377 1428 1419; x_wconf 87' lang='lat' dir='ltr'><strong>nostrum</strong></span> <span class='ocrx_word' id='word_1_127' title='bbox 1463 1367 1642 1421; x_wconf 84' lang='lat' dir='ltr'><strong>Jesum</strong></span> <span class='ocrx_word' id='word_1_128' title='bbox 1680 1369 1994 1423; x_wconf 76' lang='lat' dir='ltr'><strong>Christum:</strong></span> 
     </span>
    </p>
   </div>
   <div class='ocr_carea' id='block_1_21' title="bbox 425 1452 1996 1525">
    <p class='ocr_par' dir='ltr' id='par_1_21' title="bbox 425 1452 1996 1525">
     <span class='ocr_line' id='line_1_21' title="bbox 425 1452 1996 1525; baseline 0.005 -20"><span class='ocrx_word' id='word_1_129' title='bbox 425 1452 717 1506; x_wconf 79' lang='lat' dir='ltr'><strong>videbatur</strong></span> <span class='ocrx_word' id='word_1_130' title='bbox 743 1463 924 1507; x_wconf 82' lang='lat' dir='ltr'><strong>autem</strong></span> <span class='ocrx_word' id='word_1_131' title='bbox 955 1455 1126 1508; x_wconf 88' lang='lat' dir='ltr'><strong>veluti</strong></span> <span class='ocrx_word' id='word_1_132' title='bbox 1157 1456 1396 1509; x_wconf 88' lang='lat' dir='ltr'><strong>circulus</strong></span> <span class='ocrx_word' id='word_1_133' title='bbox 1421 1457 1640 1525; x_wconf 80' lang='lat' dir='ltr'><strong>quidam</strong></span> <span class='ocrx_word' id='word_1_134' title='bbox 1667 1475 1732 1511; x_wconf 82' lang='lat' dir='ltr'><strong>ex</strong></span> <span class='ocrx_word' id='word_1_135' title='bbox 1771 1459 1996 1523; x_wconf 90' lang='lat' dir='ltr'><strong>electro,</strong></span> 
     </span>
    </p>
   </div>
   <div class='ocr_carea' id='block_1_22' title="bbox 425 1543 1996 1615">
    <p class='ocr_par' dir='ltr' id='par_1_22' title="bbox 425 1543 1996 1615">
     <span class='ocr_line' id='line_1_22' title="bbox 425 1543 1996 1615; baseline 0.003 -19"><span class='ocrx_word' id='word_1_136' title='bbox 425 1543 598 1598; x_wconf 87' lang='lat' dir='ltr'><strong>multo</strong></span> <span class='ocrx_word' id='word_1_137' title='bbox 647 1544 852 1598; x_wconf 89' lang='lat' dir='ltr'><strong>lumine</strong></span> <span class='ocrx_word' id='word_1_138' title='bbox 889 1551 944 1598; x_wconf 90' lang='lat' dir='ltr'><strong>et</strong></span> <span class='ocrx_word' id='word_1_139' title='bbox 985 1544 1200 1598; x_wconf 85' lang='lat' dir='ltr'><strong>ﬂamma</strong></span> <span class='ocrx_word' id='word_1_140' title='bbox 1255 1547 1528 1610; x_wconf 84' lang='lat' dir='ltr'><strong>rutilante,</strong></span> <span class='ocrx_word' id='word_1_141' title='bbox 1548 1546 1723 1615; x_wconf 90' lang='lat' dir='ltr'><strong>ipsum</strong></span> <span class='ocrx_word' id='word_1_142' title='bbox 1753 1548 1996 1612; x_wconf 88' lang='lat' dir='ltr'><strong>ambire;</strong></span> 
     </span>
    </p>
   </div>
   <div class='ocr_carea' id='block_1_23' title="bbox 423 1633 1993 1703">
    <p class='ocr_par' dir='ltr' id='par_1_23' title="bbox 423 1633 1993 1703">
     <span class='ocr_line' id='line_1_23' title="bbox 423 1633 1993 1703; baseline 0.002 -19"><span class='ocrx_word' id='word_1_143' title='bbox 423 1633 754 1688; x_wconf 74' lang='lat' dir='ltr'><strong>videbantur</strong></span> <span class='ocrx_word' id='word_1_144' title='bbox 789 1641 846 1687; x_wconf 90' lang='lat' dir='ltr'><strong>et</strong></span> <span class='ocrx_word' id='word_1_145' title='bbox 886 1633 1199 1703; x_wconf 78' lang='lat' dir='ltr'><strong>archangeli</strong></span> <span class='ocrx_word' id='word_1_146' title='bbox 1255 1633 1481 1686; x_wconf 80' lang='lat' dir='ltr'><strong>Michael</strong></span> <span class='ocrx_word' id='word_1_147' title='bbox 1536 1643 1699 1702; x_wconf 88' lang='lat' dir='ltr'><strong>atque</strong></span> <span class='ocrx_word' id='word_1_148' title='bbox 1749 1633 1993 1699; x_wconf 81' lang='lat' dir='ltr'><strong>Gabriel,</strong></span> 
     </span>
    </p>
   </div>
   <div class='ocr_carea' id='block_1_24' title="bbox 2187 1005 3692 1078">
    <p class='ocr_par' dir='ltr' id='par_1_24' title="bbox 2187 1005 3692 1078">
     <span class='ocr_line' id='line_1_24' title="bbox 2187 1005 3692 1078; baseline 0.003 -20"><span class='ocrx_word' id='word_1_149' title='bbox 2187 1007 2292 1076; x_wconf 85' lang='grc' dir='ltr'><strong>μο¹.</strong></span> <span class='ocrx_word' id='word_1_150' title='bbox 2341 1007 2429 1059; x_wconf 83' lang='grc' dir='ltr'>Ἐν</span> <span class='ocrx_word' id='word_1_151' title='bbox 2447 1005 2687 1074; x_wconf 81' lang='grc' dir='ltr'>τοσούτῳ</span> <span class='ocrx_word' id='word_1_152' title='bbox 2721 1007 2778 1058; x_wconf 83' lang='grc' dir='ltr'>δὲ</span> <span class='ocrx_word' id='word_1_153' title='bbox 2809 1009 2909 1076; x_wconf 79' lang='grc' dir='ltr'><strong>ὁρᾷ</strong></span> <span class='ocrx_word' id='word_1_154' title='bbox 2940 1007 3096 1075; x_wconf 78' lang='grc' dir='ltr'>(ἀλλὰ</span> <span class='ocrx_word' id='word_1_155' title='bbox 3119 1007 3238 1068; x_wconf 85' lang='grc' dir='ltr'><strong>πῶς</strong></span> <span class='ocrx_word' id='word_1_156' title='bbox 3269 1007 3335 1060; x_wconf 84' lang='grc' dir='ltr'>ἂν</span> <span class='ocrx_word' id='word_1_157' title='bbox 3364 1008 3432 1060; x_wconf 74' lang='grc' dir='ltr'>τὰ</span> <span class='ocrx_word' id='word_1_158' title='bbox 3457 1009 3692 1078; x_wconf 82' lang='grc' dir='ltr'>κρείττω</span> 
     </span>
    </p>
   </div>
   <div class='ocr_carea' id='block_1_25' title="bbox 2111 1097 3693 1168">
    <p class='ocr_par' dir='ltr' id='par_1_25' title="bbox 2111 1097 3693 1168">
     <span class='ocr_line' id='line_1_25' title="bbox 2111 1097 3693 1168; baseline 0.003 -20"><span class='ocrx_word' id='word_1_159' title='bbox 2111 1097 2268 1163; x_wconf 83' lang='grc' dir='ltr'>λόγου</span> <span class='ocrx_word' id='word_1_160' title='bbox 2307 1097 2464 1163; x_wconf 81' lang='grc' dir='ltr'>λόγος</span> <span class='ocrx_word' id='word_1_161' title='bbox 2487 1097 2768 1166; x_wconf 83' lang='grc' dir='ltr'><strong>γνωρίσειε</strong></span> <span class='ocrx_word' id='word_1_162' title='bbox 2799 1113 2813 1158; x_wconf 90' lang='grc'><strong>;</strong></span> <span class='ocrx_word' id='word_1_163' title='bbox 2845 1097 3016 1166; x_wconf 72' lang='grc' dir='ltr'>φρίκη</span> <span class='ocrx_word' id='word_1_164' title='bbox 3047 1099 3156 1166; x_wconf 86' lang='grc' dir='ltr'><strong>γάρ</strong></span> <span class='ocrx_word' id='word_1_165' title='bbox 3201 1115 3267 1167; x_wconf 89' lang='grc' dir='ltr'><strong>με</strong></span> <span class='ocrx_word' id='word_1_166' title='bbox 3299 1101 3392 1151; x_wconf 74' lang='grc' dir='ltr'><strong>καὶ</strong></span> <span class='ocrx_word' id='word_1_167' title='bbox 3419 1099 3555 1168; x_wconf 74' lang='grc' dir='ltr'>πρὸς</span> <span class='ocrx_word' id='word_1_168' title='bbox 3591 1099 3693 1166; x_wconf 76' lang='grc' dir='ltr'><strong>τὴν</strong></span> 
     </span>
    </p>
   </div>
   <div class='ocr_carea' id='block_1_26' title="bbox 2111 1184 3695 1256">
    <p class='ocr_par' dir='ltr' id='par_1_26' title="bbox 2111 1184 3695 1256">
     <span class='ocr_line' id='line_1_26' title="bbox 2111 1184 3695 1256; baseline 0.003 -22"><span class='ocrx_word' id='word_1_169' title='bbox 2111 1186 2332 1252; x_wconf 79' lang='grc' dir='ltr'><strong>μνήμην</strong></span> <span class='ocrx_word' id='word_1_170' title='bbox 2355 1184 2704 1253; x_wconf 79' lang='grc' dir='ltr'>εἰσέρχεται),</span> <span class='ocrx_word' id='word_1_171' title='bbox 2725 1185 2826 1253; x_wconf 85' lang='grc' dir='ltr'><strong>ὁρᾷ</strong></span> <span class='ocrx_word' id='word_1_172' title='bbox 2851 1184 3048 1246; x_wconf 80' lang='grc' dir='ltr'><strong>τοίνυν,</strong></span> <span class='ocrx_word' id='word_1_173' title='bbox 3069 1187 3162 1236; x_wconf 76' lang='grc' dir='ltr'>καὶ</span> <span class='ocrx_word' id='word_1_174' title='bbox 3195 1185 3302 1238; x_wconf 76' lang='grc' dir='ltr'>ἰδοὺ</span> <span class='ocrx_word' id='word_1_175' title='bbox 3327 1188 3568 1256; x_wconf 79' lang='grc' dir='ltr'><strong>ἀνέῳκτο</strong></span> <span class='ocrx_word' id='word_1_176' title='bbox 3592 1189 3695 1256; x_wconf 77' lang='grc' dir='ltr'>μὲν</span> 
     </span>
    </p>
   </div>
   <div class='ocr_carea' id='block_1_27' title="bbox 2106 1273 3696 1345">
    <p class='ocr_par' dir='ltr' id='par_1_27' title="bbox 2106 1273 3696 1345">
     <span class='ocr_line' id='line_1_27' title="bbox 2106 1273 3696 1345; baseline 0.001 -21"><span class='ocrx_word' id='word_1_177' title='bbox 2106 1273 2166 1336; x_wconf 82' lang='grc' dir='ltr'>ἐξ</span> <span class='ocrx_word' id='word_1_178' title='bbox 2193 1273 2467 1325; x_wconf 81' lang='grc' dir='ltr'>ἀνατολῶν</span> <span class='ocrx_word' id='word_1_179' title='bbox 2503 1276 2529 1325; x_wconf 87' lang='grc' dir='ltr'>ὁ</span> <span class='ocrx_word' id='word_1_180' title='bbox 2561 1273 2807 1342; x_wconf 82' lang='grc' dir='ltr'>οὐρανὸς,</span> <span class='ocrx_word' id='word_1_181' title='bbox 2846 1273 2940 1326; x_wconf 75' lang='grc' dir='ltr'>καὶ</span> <span class='ocrx_word' id='word_1_182' title='bbox 2977 1276 3004 1326; x_wconf 85' lang='grc' dir='ltr'>δ</span> <span class='ocrx_word' id='word_1_183' title='bbox 3035 1274 3236 1345; x_wconf 83' lang='grc' dir='ltr'>Κύριος</span> <span class='ocrx_word' id='word_1_184' title='bbox 3274 1276 3430 1344; x_wconf 78' lang='grc' dir='ltr'>ἡμῶν</span> <span class='ocrx_word' id='word_1_185' title='bbox 3471 1277 3556 1328; x_wconf 78' lang='grc' dir='ltr'><strong>ἐπ’</strong></span> <span class='ocrx_word' id='word_1_186' title='bbox 3590 1277 3696 1329; x_wconf 68' lang='grc' dir='ltr'><strong>αὖ-</strong></span> 
     </span>
    </p>
   </div>
   <div class='ocr_carea' id='block_1_28' title="bbox 2105 1361 3698 1432">
    <p class='ocr_par' dir='ltr' id='par_1_28' title="bbox 2105 1361 3698 1432">
     <span class='ocr_line' id='line_1_28' title="bbox 2105 1361 3698 1432; baseline 0.001 -18"><span class='ocrx_word' id='word_1_187' title='bbox 2105 1361 2198 1414; x_wconf 84' lang='grc' dir='ltr'><strong>τοῦ</strong></span> <span class='ocrx_word' id='word_1_188' title='bbox 2230 1363 2460 1430; x_wconf 76' lang='grc' dir='ltr'>Χριστος</span> <span class='ocrx_word' id='word_1_189' title='bbox 2515 1364 2542 1414; x_wconf 85' lang='grc' dir='ltr'>ὁ</span> <span class='ocrx_word' id='word_1_190' title='bbox 2583 1361 2744 1423; x_wconf 71' lang='grc' dir='ltr'>Θεόςι</span> <span class='ocrx_word' id='word_1_191' title='bbox 2783 1365 2972 1431; x_wconf 78' lang='grc' dir='ltr'>ὅρασις</span> <span class='ocrx_word' id='word_1_192' title='bbox 3011 1363 3066 1414; x_wconf 80' lang='grc' dir='ltr'><strong>δὲ</strong></span> <span class='ocrx_word' id='word_1_193' title='bbox 3105 1363 3178 1424; x_wconf 85' lang='grc' dir='ltr'>ὼς</span> <span class='ocrx_word' id='word_1_194' title='bbox 3205 1363 3472 1432; x_wconf 79' lang='grc' dir='ltr'>ἠλέκτρου</span> <span class='ocrx_word' id='word_1_195' title='bbox 3507 1364 3698 1432; x_wconf 79' lang='grc' dir='ltr'>κύκλῳ</span> 
     </span>
    </p>
   </div>
   <div class='ocr_carea' id='block_1_29' title="bbox 2114 1445 3700 1522">
    <p class='ocr_par' dir='ltr' id='par_1_29' title="bbox 2114 1445 3700 1522">
     <span class='ocr_line' id='line_1_29' title="bbox 2114 1445 3700 1522; baseline 0.001 -18"><span class='ocrx_word' id='word_1_196' title='bbox 2114 1453 2242 1519; x_wconf 74' lang='grc' dir='ltr'>περὶ</span> <span class='ocrx_word' id='word_1_197' title='bbox 2286 1452 2448 1504; x_wconf 72' lang='grc' dir='ltr'>αὐτὸν</span> <span class='ocrx_word' id='word_1_198' title='bbox 2487 1452 2546 1503; x_wconf 78' lang='grc' dir='ltr'>ὲν</span> <span class='ocrx_word' id='word_1_199' title='bbox 2587 1453 2724 1520; x_wconf 73' lang='grc' dir='ltr'>φωτὶ</span> <span class='ocrx_word' id='word_1_200' title='bbox 2757 1452 2852 1504; x_wconf 76' lang='grc' dir='ltr'>καὶ</span> <span class='ocrx_word' id='word_1_201' title='bbox 2875 1445 3008 1522; x_wconf 44' lang='lat' dir='ltr'><strong>magi</strong></span> <span class='ocrx_word' id='word_1_202' title='bbox 3041 1453 3434 1522; x_wconf 82' lang='grc' dir='ltr'>στρεφομένου,</span> <span class='ocrx_word' id='word_1_203' title='bbox 3469 1453 3700 1522; x_wconf 68' lang='grc' dir='ltr'>Μιχαὴλ</span> 
     </span>
    </p>
   </div>
   <div class='ocr_carea' id='block_1_30' title="bbox 2105 1542 3702 1612">
    <p class='ocr_par' dir='ltr' id='par_1_30' title="bbox 2105 1542 3702 1612">
     <span class='ocr_line' id='line_1_30' title="bbox 2105 1542 3702 1612; baseline 0.001 -20"><span class='ocrx_word' id='word_1_204' title='bbox 2105 1558 2166 1592; x_wconf 86' lang='grc' dir='ltr'><strong>τε</strong></span> <span class='ocrx_word' id='word_1_205' title='bbox 2218 1547 2312 1594; x_wconf 76' lang='grc' dir='ltr'><strong>καὶ</strong></span> <span class='ocrx_word' id='word_1_206' title='bbox 2362 1542 2600 1612; x_wconf 76' lang='grc' dir='ltr'>Γαϐριὴλ</span> <span class='ocrx_word' id='word_1_207' title='bbox 2648 1544 2696 1594; x_wconf 83' lang='grc' dir='ltr'><strong>οἱ</strong></span> <span class='ocrx_word' id='word_1_208' title='bbox 2752 1542 2859 1595; x_wconf 88' lang='grc' dir='ltr'><strong>τῶν</strong></span> <span class='ocrx_word' id='word_1_209' title='bbox 2921 1543 3090 1611; x_wconf 81' lang='grc' dir='ltr'><strong>ἁγίων</strong></span> <span class='ocrx_word' id='word_1_210' title='bbox 3125 1543 3374 1610; x_wconf 79' lang='grc' dir='ltr'>ἀγγέλων</span> <span class='ocrx_word' id='word_1_211' title='bbox 3405 1543 3634 1612; x_wconf 80' lang='grc' dir='ltr'>πρῶτοι,</span> <span class='ocrx_word' id='word_1_212' title='bbox 3669 1547 3702 1594; x_wconf 78' lang='grc' dir='ltr'>ὁ</span> 
     </span>
    </p>
   </div>
   <div class='ocr_carea' id='block_1_31' title="bbox 2105 1631 3696 1706">
    <p class='ocr_par' dir='ltr' id='par_1_31' title="bbox 2105 1631 3696 1706">
     <span class='ocr_line' id='line_1_31' title="bbox 2105 1631 3696 1706; baseline 0.003 -22"><span class='ocrx_word' id='word_1_213' title='bbox 2105 1632 2202 1700; x_wconf 77' lang='grc' dir='ltr'><strong>μὲν</strong></span> <span class='ocrx_word' id='word_1_214' title='bbox 2233 1635 2294 1684; x_wconf 81' lang='grc' dir='ltr'><strong>ἐκ</strong></span> <span class='ocrx_word' id='word_1_215' title='bbox 2315 1631 2503 1696; x_wconf 77' lang='grc' dir='ltr'>δεξιῶν</span> <span class='ocrx_word' id='word_1_216' title='bbox 2533 1635 2742 1704; x_wconf 80' lang='grc' dir='ltr'>πράως,</span> <span class='ocrx_word' id='word_1_217' title='bbox 2769 1637 2796 1687; x_wconf 88' lang='grc' dir='ltr'>ὁ</span> <span class='ocrx_word' id='word_1_218' title='bbox 2819 1634 2863 1688; x_wconf 83' lang='grc' dir='ltr'><strong>δ’</strong></span> <span class='ocrx_word' id='word_1_219' title='bbox 2895 1636 2954 1699; x_wconf 78' lang='grc' dir='ltr'><strong>ἐξ</strong></span> <span class='ocrx_word' id='word_1_220' title='bbox 2989 1636 3293 1706; x_wconf 75' lang='grc' dir='ltr'><strong>ἀριστερῶν</strong></span> <span class='ocrx_word' id='word_1_221' title='bbox 3319 1635 3696 1706; x_wconf 76' lang='grc' dir='ltr'><strong>παρεστῶτες,</strong></span> 
     </span>
    </p>
   </div>
   <div class='ocr_carea' id='block_1_32' title="bbox 423 1723 2012 1796">
    <p class='ocr_par' dir='ltr' id='par_1_32' title="bbox 423 1723 2006 1792">
     <span class='ocr_line' id='line_1_32' title="bbox 423 1723 2006 1792; baseline -0.001 -14"><span class='ocrx_word' id='word_1_222' title='bbox 423 1723 636 1792; x_wconf 78' lang='lat' dir='ltr'><strong>placide</strong></span> <span class='ocrx_word' id='word_1_223' title='bbox 677 1739 706 1776; x_wconf 88' lang='lat' dir='ltr'><strong>a</strong></span> <span class='ocrx_word' id='word_1_224' title='bbox 744 1723 984 1778; x_wconf 69' lang='lat' dir='ltr'><strong>dexteris</strong></span> <span class='ocrx_word' id='word_1_225' title='bbox 1033 1725 1194 1786; x_wconf 84' lang='lat' dir='ltr'><strong>alter,</strong></span> <span class='ocrx_word' id='word_1_226' title='bbox 1244 1723 1384 1776; x_wconf 87' lang='lat' dir='ltr'><strong>alter</strong></span> <span class='ocrx_word' id='word_1_227' title='bbox 1426 1740 1454 1775; x_wconf 77' lang='grc' dir='ltr'><strong>υ</strong></span> <span class='ocrx_word' id='word_1_228' title='bbox 1514 1723 1756 1778; x_wconf 87' lang='lat' dir='ltr'><strong>sinistris</strong></span> <span class='ocrx_word' id='word_1_229' title='bbox 1801 1725 2006 1778; x_wconf 86' lang='lat' dir='ltr'><strong>consti-</strong></span> 
     </span>
    </p>
   </div>
   <div class='ocr_carea' id='block_1_33' title="bbox 2114 1723 3699 1796">
    <p class='ocr_par' dir='ltr' id='par_1_33' title="bbox 2114 1723 3699 1796">
     <span class='ocr_line' id='line_1_33' title="bbox 2114 1723 3699 1796; baseline 0.004 -23"><span class='ocrx_word' id='word_1_230' title='bbox 2114 1723 2166 1774; x_wconf 82' lang='grc' dir='ltr'>τό</span> <span class='ocrx_word' id='word_1_231' title='bbox 2191 1739 2250 1774; x_wconf 85' lang='grc' dir='ltr'><strong>τε</strong></span> <span class='ocrx_word' id='word_1_232' title='bbox 2275 1723 2384 1776; x_wconf 86' lang='grc' dir='ltr'><strong>τῶν</strong></span> <span class='ocrx_word' id='word_1_233' title='bbox 2410 1725 2648 1792; x_wconf 70' lang='grc' dir='ltr'>νεφελῶν</span> <span class='ocrx_word' id='word_1_234' title='bbox 2678 1725 2879 1796; x_wconf 77' lang='grc' dir='ltr'>πλῆθος</span> <span class='ocrx_word' id='word_1_235' title='bbox 2907 1725 3199 1780; x_wconf 83' lang='grc' dir='ltr'>ὑποπόδιον</span> <span class='ocrx_word' id='word_1_236' title='bbox 3236 1727 3400 1778; x_wconf 78' lang='grc' dir='ltr'>αὐτοῦ</span> <span class='ocrx_word' id='word_1_237' title='bbox 3433 1725 3699 1795; x_wconf 76' lang='grc' dir='ltr'>καθάπερ</span> 
     </span>
    </p>
   </div>
   <div class='ocr_carea' id='block_1_34' title="bbox 429 1814 2007 1884">
    <p class='ocr_par' dir='ltr' id='par_1_34' title="bbox 429 1814 2007 1884">
     <span class='ocr_line' id='line_1_34' title="bbox 429 1814 2007 1884; baseline 0.001 -16"><span class='ocrx_word' id='word_1_238' title='bbox 429 1815 568 1880; x_wconf 86' lang='lat' dir='ltr'><strong>tuti;</strong></span> <span class='ocrx_word' id='word_1_239' title='bbox 617 1814 950 1870; x_wconf 74' lang='lat' dir='ltr'><strong>videbantur</strong></span> <span class='ocrx_word' id='word_1_240' title='bbox 1007 1815 1246 1883; x_wconf 88' lang='lat' dir='ltr'><strong>denique</strong></span> <span class='ocrx_word' id='word_1_241' title='bbox 1310 1815 1486 1868; x_wconf 85' lang='lat' dir='ltr'><strong>nubes</strong></span> <span class='ocrx_word' id='word_1_242' title='bbox 1543 1815 1827 1882; x_wconf 57' lang='lat' dir='ltr'><strong>plurimae,</strong></span> <span class='ocrx_word' id='word_1_243' title='bbox 1887 1831 2007 1884; x_wconf 69' lang='lat' dir='ltr'><strong>quae</strong></span> 
     </span>
    </p>
   </div>
   <div class='ocr_carea' id='block_1_35' title="bbox 427 1901 2008 1976">
    <p class='ocr_par' dir='ltr' id='par_1_35' title="bbox 427 1901 2008 1976">
     <span class='ocr_line' id='line_1_35' title="bbox 427 1901 2008 1976; baseline 0.001 -17"><span class='ocrx_word' id='word_1_244' title='bbox 427 1915 586 1962; x_wconf 90' lang='lat' dir='ltr'><strong>erant</strong></span> <span class='ocrx_word' id='word_1_245' title='bbox 607 1907 1020 1976; x_wconf 88' lang='lat' dir='ltr'><strong>suppedaneum</strong></span> <span class='ocrx_word' id='word_1_246' title='bbox 1047 1905 1192 1958; x_wconf 81' lang='lat' dir='ltr'><strong>illius</strong></span> <span class='ocrx_word' id='word_1_247' title='bbox 1218 1901 1666 1974; x_wconf 86' lang='lat' dir='ltr'><strong>apparebantque</strong></span> <span class='ocrx_word' id='word_1_248' title='bbox 1687 1906 1857 1960; x_wconf 87' lang='lat' dir='ltr'><strong>veluti</strong></span> <span class='ocrx_word' id='word_1_249' title='bbox 1886 1906 2008 1975; x_wconf 87' lang='lat' dir='ltr'><strong>pul-</strong></span> 
     </span>
    </p>
   </div>
   <div class='ocr_carea' id='block_1_36' title="bbox 431 1995 2008 2067">
    <p class='ocr_par' dir='ltr' id='par_1_36' title="bbox 431 1995 2008 2067">
     <span class='ocr_line' id='line_1_36' title="bbox 431 1995 2008 2067; baseline 0.001 -19"><span class='ocrx_word' id='word_1_250' title='bbox 431 1999 514 2052; x_wconf 86' lang='lat' dir='ltr'><strong>vis</strong></span> <span class='ocrx_word' id='word_1_251' title='bbox 561 1997 764 2066; x_wconf 89' lang='lat' dir='ltr'><strong>pedum</strong></span> <span class='ocrx_word' id='word_1_252' title='bbox 816 1998 956 2067; x_wconf 89' lang='lat' dir='ltr'><strong>ejus.</strong></span> <span class='ocrx_word' id='word_1_253' title='bbox 1006 1995 1306 2050; x_wconf 86' lang='lat' dir='ltr'><strong>Confestim</strong></span> <span class='ocrx_word' id='word_1_254' title='bbox 1359 1997 1525 2064; x_wconf 80' lang='lat' dir='ltr'><strong>igitur</strong></span> <span class='ocrx_word' id='word_1_255' title='bbox 1583 1996 1840 2066; x_wconf 71' lang='lat' dir='ltr'><strong>Symeon,</strong></span> <span class='ocrx_word' id='word_1_256' title='bbox 1893 2012 2008 2050; x_wconf 89' lang='lat' dir='ltr'><strong>ma-</strong></span> 
     </span>
    </p>
   </div>
   <div class='ocr_carea' id='block_1_37' title="bbox 429 2086 2006 2155">
    <p class='ocr_par' dir='ltr' id='par_1_37' title="bbox 429 2086 2006 2155">
     <span class='ocr_line' id='line_1_37' title="bbox 429 2086 2006 2155; baseline 0 -15"><span class='ocrx_word' id='word_1_257' title='bbox 429 2087 596 2140; x_wconf 88' lang='lat' dir='ltr'><strong>nibus</strong></span> <span class='ocrx_word' id='word_1_258' title='bbox 645 2086 958 2155; x_wconf 82' lang='lat' dir='ltr'><strong>mentisque</strong></span> <span class='ocrx_word' id='word_1_259' title='bbox 1005 2086 1185 2140; x_wconf 85' lang='lat' dir='ltr'><strong>oculis</strong></span> <span class='ocrx_word' id='word_1_260' title='bbox 1235 2086 1482 2148; x_wconf 85' lang='lat' dir='ltr'><strong>elevatis,</strong></span> <span class='ocrx_word' id='word_1_261' title='bbox 1517 2086 1782 2141; x_wconf 85' lang='lat' dir='ltr'><strong>adorabat</strong></span> <span class='ocrx_word' id='word_1_262' title='bbox 1829 2087 2006 2152; x_wconf 78' lang='lat' dir='ltr'><strong>illum,</strong></span> 
     </span>
    </p>
   </div>
   <div class='ocr_carea' id='block_1_38' title="bbox 427 2177 2010 2248">
    <p class='ocr_par' dir='ltr' id='par_1_38' title="bbox 427 2177 2010 2248">
     <span class='ocr_line' id='line_1_38' title="bbox 427 2177 2010 2248; baseline 0 -16"><span class='ocrx_word' id='word_1_263' title='bbox 427 2178 524 2248; x_wconf 85' lang='lat' dir='ltr'><strong>qui</strong></span> <span class='ocrx_word' id='word_1_264' title='bbox 577 2177 682 2232; x_wconf 89' lang='lat' dir='ltr'><strong>sibi</strong></span> <span class='ocrx_word' id='word_1_265' title='bbox 717 2178 1038 2248; x_wconf 83' lang='lat' dir='ltr'><strong>apparebat,</strong></span> <span class='ocrx_word' id='word_1_266' title='bbox 1077 2187 1137 2230; x_wconf 88' lang='lat' dir='ltr'><strong>ut</strong></span> <span class='ocrx_word' id='word_1_267' title='bbox 1183 2179 1334 2246; x_wconf 76' lang='lat' dir='ltr'><strong>juxta</strong></span> <span class='ocrx_word' id='word_1_268' title='bbox 1377 2177 1784 2246; x_wconf 89' lang='lat' dir='ltr'><strong>benep-lacitum</strong></span> <span class='ocrx_word' id='word_1_269' title='bbox 1837 2179 2010 2246; x_wconf 85' lang='lat' dir='ltr'><strong>ipsius</strong></span> 
     </span>
    </p>
   </div>
   <div class='ocr_carea' id='block_1_39' title="bbox 427 2269 2007 2341">
    <p class='ocr_par' dir='ltr' id='par_1_39' title="bbox 427 2269 2007 2341">
     <span class='ocr_line' id='line_1_39' title="bbox 427 2269 2007 2341; baseline 0.001 -17"><span class='ocrx_word' id='word_1_270' title='bbox 427 2273 643 2326; x_wconf 85' lang='lat' dir='ltr'><strong>fructus</strong></span> <span class='ocrx_word' id='word_1_271' title='bbox 679 2272 852 2326; x_wconf 81' lang='lat' dir='ltr'><strong>utiles</strong></span> <span class='ocrx_word' id='word_1_272' title='bbox 892 2272 950 2325; x_wconf 91' lang='lat' dir='ltr'><strong>in</strong></span> <span class='ocrx_word' id='word_1_273' title='bbox 996 2287 1055 2326; x_wconf 86' lang='lat' dir='ltr'><strong>se</strong></span> <span class='ocrx_word' id='word_1_274' title='bbox 1095 2271 1573 2341; x_wconf 80' lang='lat' dir='ltr'><strong>progignerentur.</strong></span> <span class='ocrx_word' id='word_1_275' title='bbox 1623 2269 1761 2336; x_wconf 83' lang='lat' dir='ltr'><strong>Quid</strong></span> <span class='ocrx_word' id='word_1_276' title='bbox 1793 2271 1858 2326; x_wconf 89' lang='lat' dir='ltr'><strong>ad</strong></span> <span class='ocrx_word' id='word_1_277' title='bbox 1889 2271 2007 2325; x_wconf 64' lang='lat' dir='ltr'><strong>haec</strong></span> 
     </span>
    </p>
   </div>
   <div class='ocr_carea' id='block_1_40' title="bbox 429 2360 2008 2432">
    <p class='ocr_par' dir='ltr' id='par_1_40' title="bbox 429 2360 2008 2432">
     <span class='ocr_line' id='line_1_40' title="bbox 429 2360 2008 2432; baseline -0.003 -16"><span class='ocrx_word' id='word_1_278' title='bbox 429 2363 543 2426; x_wconf 90' lang='lat' dir='ltr'><strong>ille,</strong></span> <span class='ocrx_word' id='word_1_279' title='bbox 569 2363 662 2431; x_wconf 90' lang='lat' dir='ltr'><strong>qui</strong></span> <span class='ocrx_word' id='word_1_280' title='bbox 687 2362 1058 2432; x_wconf 77' lang='lat' dir='ltr'><strong>gloriﬁcantes</strong></span> <span class='ocrx_word' id='word_1_281' title='bbox 1077 2376 1136 2416; x_wconf 87' lang='lat' dir='ltr'><strong>se</strong></span> <span class='ocrx_word' id='word_1_282' title='bbox 1156 2360 1466 2430; x_wconf 86' lang='lat' dir='ltr'><strong>gloriﬁcare</strong></span> <span class='ocrx_word' id='word_1_283' title='bbox 1499 2360 1696 2412; x_wconf 88' lang='lat' dir='ltr'><strong>solitus</strong></span> <span class='ocrx_word' id='word_1_284' title='bbox 1717 2369 1802 2414; x_wconf 91' lang='lat' dir='ltr'><strong>est</strong></span> <span class='ocrx_word' id='word_1_285' title='bbox 1829 2374 2008 2428; x_wconf 88' lang='lat' dir='ltr'><strong>quan-</strong></span> 
     </span>
    </p>
   </div>
   <div class='ocr_carea' id='block_1_41' title="bbox 433 2449 2018 2522">
    <p class='ocr_par' dir='ltr' id='par_1_41' title="bbox 433 2449 2018 2522">
     <span class='ocr_line' id='line_1_41' title="bbox 433 2449 2018 2522; baseline -0.002 -16"><span class='ocrx_word' id='word_1_286' title='bbox 433 2465 774 2522; x_wconf 80' lang='lat' dir='ltr'><strong>tumcunque</strong></span> <span class='ocrx_word' id='word_1_287' title='bbox 828 2452 1252 2522; x_wconf 88' lang='lat' dir='ltr'><strong>supereminens</strong></span> <span class='ocrx_word' id='word_1_288' title='bbox 1295 2451 1482 2504; x_wconf 87' lang='lat' dir='ltr'><strong>Deus?</strong></span> <span class='ocrx_word' id='word_1_289' title='bbox 1525 2450 1717 2519; x_wconf 87' lang='lat' dir='ltr'><strong>Digitis</strong></span> <span class='ocrx_word' id='word_1_290' title='bbox 1775 2449 2018 2503; x_wconf 82' lang='lat' dir='ltr'><strong>innuens</strong></span> 
     </span>
    </p>
   </div>
   <div class='ocr_carea' id='block_1_42' title="bbox 427 2531 2006 2614">
    <p class='ocr_par' dir='ltr' id='par_1_42' title="bbox 427 2531 2006 2614">
     <span class='ocr_line' id='line_1_42' title="bbox 427 2531 2006 2614; baseline -0.003 -16"><span class='ocrx_word' id='word_1_291' title='bbox 427 2555 514 2598; x_wconf 87' lang='lat' dir='ltr'><strong>ter</strong></span> <span class='ocrx_word' id='word_1_292' title='bbox 565 2543 892 2614; x_wconf 83' lang='lat' dir='ltr'><strong>Symeonem</strong></span> <span class='ocrx_word' id='word_1_293' title='bbox 956 2531 1192 2611; x_wconf 86' lang='lat' dir='ltr'><strong>signavit</strong></span> <span class='ocrx_word' id='word_1_294' title='bbox 1237 2559 1251 2594; x_wconf 89' lang='lat'><strong>:</strong></span> <span class='ocrx_word' id='word_1_295' title='bbox 1299 2550 1464 2608; x_wconf 86' lang='lat' dir='ltr'><strong>atque</strong></span> <span class='ocrx_word' id='word_1_296' title='bbox 1516 2555 1644 2594; x_wconf 90' lang='lat' dir='ltr'><strong>ecce</strong></span> <span class='ocrx_word' id='word_1_297' title='bbox 1708 2540 2006 2604; x_wconf 67' lang='lat' dir='ltr'><strong>dazmones,</strong></span> 
     </span>
    </p>
   </div>
   <div class='ocr_carea' id='block_1_43' title="bbox 431 2626 2012 2703">
    <p class='ocr_par' dir='ltr' id='par_1_43' title="bbox 431 2626 2012 2703">
     <span class='ocr_line' id='line_1_43' title="bbox 431 2626 2012 2703; baseline -0.004 -17"><span class='ocrx_word' id='word_1_298' title='bbox 431 2644 688 2703; x_wconf 76' lang='lat' dir='ltr'><strong>tanquam</strong></span> <span class='ocrx_word' id='word_1_299' title='bbox 725 2645 1013 2701; x_wconf 83' lang='lat' dir='ltr'><strong>caprarum</strong></span> <span class='ocrx_word' id='word_1_300' title='bbox 1047 2643 1456 2698; x_wconf 75' lang='lat' dir='ltr'><strong>pomorumque</strong></span> <span class='ocrx_word' id='word_1_301' title='bbox 1497 2642 1710 2696; x_wconf 81' lang='lat' dir='ltr'><strong>greges,</strong></span> <span class='ocrx_word' id='word_1_302' title='bbox 1743 2643 1910 2696; x_wconf 83' lang='lat' dir='ltr'><strong>super</strong></span> <span class='ocrx_word' id='word_1_303' title='bbox 1931 2626 2012 2681; x_wconf 88' lang='lat' dir='ltr'><strong>fa-</strong></span> 
     </span>
    </p>
   </div>
   <div class='ocr_carea' id='block_1_44' title="bbox 429 2719 2011 2792">
    <p class='ocr_par' dir='ltr' id='par_1_44' title="bbox 429 2719 2011 2792">
     <span class='ocr_line' id='line_1_44' title="bbox 429 2719 2011 2792; baseline -0.004 -12"><span class='ocrx_word' id='word_1_304' title='bbox 429 2725 572 2780; x_wconf 88' lang='lat' dir='ltr'><strong>ciem</strong></span> <span class='ocrx_word' id='word_1_305' title='bbox 620 2733 780 2778; x_wconf 79' lang='lat' dir='ltr'><strong>terrae</strong></span> <span class='ocrx_word' id='word_1_306' title='bbox 816 2723 1032 2792; x_wconf 83' lang='lat' dir='ltr'><strong>(contra</strong></span> <span class='ocrx_word' id='word_1_307' title='bbox 1093 2737 1232 2791; x_wconf 88' lang='lat' dir='ltr'><strong>quos</strong></span> <span class='ocrx_word' id='word_1_308' title='bbox 1289 2721 1414 2774; x_wconf 89' lang='lat' dir='ltr'><strong>data</strong></span> <span class='ocrx_word' id='word_1_309' title='bbox 1458 2719 1714 2790; x_wconf 77' lang='lat' dir='ltr'><strong>Symeoni</strong></span> <span class='ocrx_word' id='word_1_310' title='bbox 1769 2727 2011 2788; x_wconf 89' lang='lat' dir='ltr'><strong>potestas</strong></span> 
     </span>
    </p>
   </div>
   <div class='ocr_carea' id='block_1_45' title="bbox 429 2807 2008 2880">
    <p class='ocr_par' dir='ltr' id='par_1_45' title="bbox 429 2807 2008 2880">
     <span class='ocr_line' id='line_1_45' title="bbox 429 2807 2008 2880; baseline -0.006 -10"><span class='ocrx_word' id='word_1_311' title='bbox 429 2815 557 2874; x_wconf 84' lang='lat' dir='ltr'><strong>fuit,</strong></span> <span class='ocrx_word' id='word_1_312' title='bbox 589 2823 644 2868; x_wconf 91' lang='lat' dir='ltr'><strong>et</strong></span> <span class='ocrx_word' id='word_1_313' title='bbox 673 2813 728 2867; x_wconf 88' lang='lat' dir='ltr'><strong>in</strong></span> <span class='ocrx_word' id='word_1_314' title='bbox 757 2811 1226 2868; x_wconf 88' lang='lat' dir='ltr'><strong>conﬁrmationem</strong></span> <span class='ocrx_word' id='word_1_315' title='bbox 1259 2809 1546 2880; x_wconf 89' lang='lat' dir='ltr'><strong>potestatis</strong></span> <span class='ocrx_word' id='word_1_316' title='bbox 1577 2807 1728 2876; x_wconf 86' lang='lat' dir='ltr'><strong>virga</strong></span> <span class='ocrx_word' id='word_1_317' title='bbox 1757 2807 1810 2858; x_wconf 89' lang='lat' dir='ltr'><strong>in</strong></span> <span class='ocrx_word' id='word_1_318' title='bbox 1845 2821 2008 2860; x_wconf 88' lang='lat' dir='ltr'><strong>manu</strong></span> 
     </span>
    </p>
   </div>
   <div class='ocr_carea' id='block_1_46' title="bbox 2107 1815 3698 1888">
    <p class='ocr_par' dir='ltr' id='par_1_46' title="bbox 2107 1815 3698 1888">
     <span class='ocr_line' id='line_1_46' title="bbox 2107 1815 3698 1888; baseline 0.003 -22"><span class='ocrx_word' id='word_1_319' title='bbox 2107 1831 2190 1877; x_wconf 85' lang='grc' dir='ltr'><strong>τις</strong></span> <span class='ocrx_word' id='word_1_320' title='bbox 2225 1816 2496 1885; x_wconf 83' lang='grc' dir='ltr'>κονιορτὸς</span> <span class='ocrx_word' id='word_1_321' title='bbox 2526 1817 2703 1870; x_wconf 84' lang='grc' dir='ltr'>ποδῶν</span> <span class='ocrx_word' id='word_1_322' title='bbox 2741 1815 2929 1874; x_wconf 76' lang='grc' dir='ltr'>αὑτοῦ.</span> <span class='ocrx_word' id='word_1_323' title='bbox 2957 1819 3158 1886; x_wconf 83' lang='grc' dir='ltr'>Χεῖρας</span> <span class='ocrx_word' id='word_1_324' title='bbox 3189 1818 3478 1888; x_wconf 74' lang='grc' dir='ltr'><strong>τοιγαροῦν</strong></span> <span class='ocrx_word' id='word_1_325' title='bbox 3517 1821 3546 1872; x_wconf 83' lang='grc' dir='ltr'>ὁ</span> <span class='ocrx_word' id='word_1_326' title='bbox 3585 1820 3698 1871; x_wconf 70' lang='grc' dir='ltr'>Σιμ-</span> 
     </span>
    </p>
   </div>
   <div class='ocr_carea' id='block_1_47' title="bbox 2113 1905 3700 1977">
    <p class='ocr_par' dir='ltr' id='par_1_47' title="bbox 2113 1905 3700 1977">
     <span class='ocr_line' id='line_1_47' title="bbox 2113 1905 3700 1977; baseline 0.003 -20"><span class='ocrx_word' id='word_1_327' title='bbox 2113 1905 2257 1974; x_wconf 81' lang='grc' dir='ltr'>μεὼν</span> <span class='ocrx_word' id='word_1_328' title='bbox 2301 1906 2498 1958; x_wconf 77' lang='grc' dir='ltr'>αὐτίκα</span> <span class='ocrx_word' id='word_1_329' title='bbox 2547 1907 2640 1959; x_wconf 77' lang='grc' dir='ltr'><strong>καὶ</strong></span> <span class='ocrx_word' id='word_1_330' title='bbox 2683 1906 2906 1976; x_wconf 76' lang='grc' dir='ltr'>ὄμματα</span> <span class='ocrx_word' id='word_1_331' title='bbox 2950 1907 3178 1977; x_wconf 81' lang='grc' dir='ltr'>καρδίας</span> <span class='ocrx_word' id='word_1_332' title='bbox 3227 1909 3487 1972; x_wconf 83' lang='grc' dir='ltr'>πετάσας,</span> <span class='ocrx_word' id='word_1_333' title='bbox 3521 1909 3700 1962; x_wconf 77' lang='grc' dir='ltr'><strong>ὲδείτο</strong></span> 
     </span>
    </p>
   </div>
   <div class='ocr_carea' id='block_1_48' title="bbox 2109 1993 3695 2070">
    <p class='ocr_par' dir='ltr' id='par_1_48' title="bbox 2109 1993 3695 2070">
     <span class='ocr_line' id='line_1_48' title="bbox 2109 1993 3695 2070; baseline 0.001 -22"><span class='ocrx_word' id='word_1_334' title='bbox 2109 1997 2203 2048; x_wconf 86' lang='grc' dir='ltr'><strong>τοῦ</strong></span> <span class='ocrx_word' id='word_1_335' title='bbox 2234 1997 2510 2064; x_wconf 75' lang='grc' dir='ltr'><strong>ὀφθέντος,</strong></span> <span class='ocrx_word' id='word_1_336' title='bbox 2534 1998 2664 2050; x_wconf 78' lang='grc' dir='ltr'>ὥστ’</span> <span class='ocrx_word' id='word_1_337' title='bbox 2690 1998 2978 2068; x_wconf 81' lang='grc' dir='ltr'>εὐδοκῆσαι</span> <span class='ocrx_word' id='word_1_338' title='bbox 3003 1993 3248 2069; x_wconf 75' lang='grc' dir='ltr'>καρποὺς</span> <span class='ocrx_word' id='word_1_339' title='bbox 3271 1999 3510 2065; x_wconf 80' lang='grc' dir='ltr'>ἀγαθοὺς</span> <span class='ocrx_word' id='word_1_340' title='bbox 3539 1999 3695 2070; x_wconf 80' lang='grc' dir='ltr'><strong>αὖτῷ</strong></span> 
     </span>
    </p>
   </div>
   <div class='ocr_carea' id='block_1_49' title="bbox 2109 2087 3694 2159">
    <p class='ocr_par' dir='ltr' id='par_1_49' title="bbox 2109 2087 3694 2159">
     <span class='ocr_line' id='line_1_49' title="bbox 2109 2087 3694 2159; baseline 0.003 -19"><span class='ocrx_word' id='word_1_341' title='bbox 2109 2089 2174 2140; x_wconf 81' lang='grc' dir='ltr'>δι’</span> <span class='ocrx_word' id='word_1_342' title='bbox 2203 2089 2368 2141; x_wconf 78' lang='grc' dir='ltr'>αὑτοῦ</span> <span class='ocrx_word' id='word_1_343' title='bbox 2396 2091 2792 2159; x_wconf 78' lang='grc' dir='ltr'>προσαχθῆναι.</span> <span class='ocrx_word' id='word_1_344' title='bbox 2815 2091 2880 2142; x_wconf 87' lang='grc' dir='ltr'>Τί</span> <span class='ocrx_word' id='word_1_345' title='bbox 2905 2087 2998 2143; x_wconf 78' lang='grc' dir='ltr'>οὖν</span> <span class='ocrx_word' id='word_1_346' title='bbox 3036 2089 3308 2154; x_wconf 80' lang='grc' dir='ltr'>ἐνταῦθας</span> <span class='ocrx_word' id='word_1_347' title='bbox 3353 2092 3410 2144; x_wconf 88' lang='grc'><strong>’0</strong></span> <span class='ocrx_word' id='word_1_348' title='bbox 3440 2093 3566 2155; x_wconf 80' lang='grc' dir='ltr'>τοὺς</span> <span class='ocrx_word' id='word_1_349' title='bbox 3605 2091 3694 2144; x_wconf 86' lang='grc' dir='ltr'><strong>δο-</strong></span> 
     </span>
    </p>
   </div>
   <div class='ocr_carea' id='block_1_50' title="bbox 2112 2179 3698 2251">
    <p class='ocr_par' dir='ltr' id='par_1_50' title="bbox 2112 2179 3698 2251">
     <span class='ocr_line' id='line_1_50' title="bbox 2112 2179 3698 2251; baseline 0.001 -19"><span class='ocrx_word' id='word_1_350' title='bbox 2112 2179 2369 2244; x_wconf 73' lang='grc' dir='ltr'>ξάζοντας</span> <span class='ocrx_word' id='word_1_351' title='bbox 2393 2179 2554 2234; x_wconf 75' lang='grc' dir='ltr'>αὑτὸν</span> <span class='ocrx_word' id='word_1_352' title='bbox 2575 2181 2938 2246; x_wconf 68' lang='grc' dir='ltr'>ἁντιδοξᾰιζειν</span> <span class='ocrx_word' id='word_1_353' title='bbox 2967 2180 3122 2244; x_wconf 84' lang='grc' dir='ltr'>εἰδὼς</span> <span class='ocrx_word' id='word_1_354' title='bbox 3151 2181 3245 2234; x_wconf 78' lang='grc' dir='ltr'>καὶ</span> <span class='ocrx_word' id='word_1_355' title='bbox 3271 2181 3452 2250; x_wconf 82' lang='grc' dir='ltr'>πολλῷ</span> <span class='ocrx_word' id='word_1_356' title='bbox 3475 2181 3555 2251; x_wconf 83' lang='grc' dir='ltr'>τῷ</span> <span class='ocrx_word' id='word_1_357' title='bbox 3589 2181 3698 2250; x_wconf 71' lang='grc' dir='ltr'><strong>μὲ-</strong></span> 
     </span>
    </p>
   </div>
   <div class='ocr_carea' id='block_1_51' title="bbox 2116 2271 3697 2344">
    <p class='ocr_par' dir='ltr' id='par_1_51' title="bbox 2116 2271 3697 2344">
     <span class='ocr_line' id='line_1_51' title="bbox 2116 2271 3697 2344; baseline 0.001 -22"><span class='ocrx_word' id='word_1_358' title='bbox 2116 2288 2193 2339; x_wconf 80' lang='grc' dir='ltr'>σῳ</span> <span class='ocrx_word' id='word_1_359' title='bbox 2219 2271 2372 2336; x_wconf 85' lang='grc' dir='ltr'>Θεὸς,</span> <span class='ocrx_word' id='word_1_360' title='bbox 2402 2271 2599 2335; x_wconf 80' lang='grc' dir='ltr'>νεύσας</span> <span class='ocrx_word' id='word_1_361' title='bbox 2623 2275 2734 2334; x_wconf 87' lang='grc' dir='ltr'>τοῖς</span> <span class='ocrx_word' id='word_1_362' title='bbox 2763 2273 3048 2334; x_wconf 83' lang='grc' dir='ltr'>δακτύλοις</span> <span class='ocrx_word' id='word_1_363' title='bbox 3079 2273 3375 2342; x_wconf 73' lang='grc' dir='ltr'>ἐσφραγισε</span> <span class='ocrx_word' id='word_1_364' title='bbox 3407 2274 3526 2344; x_wconf 83' lang='grc' dir='ltr'>τρίς</span> <span class='ocrx_word' id='word_1_365' title='bbox 3545 2289 3562 2306; x_wconf 87' lang='grc'>⁶</span> <span class='ocrx_word' id='word_1_366' title='bbox 3595 2273 3697 2327; x_wconf 75' lang='grc' dir='ltr'>καὶ</span> 
     </span>
    </p>
   </div>
   <div class='ocr_carea' id='block_1_52' title="bbox 2117 2360 3698 2435">
    <p class='ocr_par' dir='ltr' id='par_1_52' title="bbox 2117 2360 3698 2435">
     <span class='ocr_line' id='line_1_52' title="bbox 2117 2360 3698 2435; baseline 0.003 -24"><span class='ocrx_word' id='word_1_367' title='bbox 2117 2360 2226 2412; x_wconf 76' lang='grc' dir='ltr'>ίδοὺ</span> <span class='ocrx_word' id='word_1_368' title='bbox 2273 2361 2320 2412; x_wconf 87' lang='grc' dir='ltr'>οἱ</span> <span class='ocrx_word' id='word_1_369' title='bbox 2356 2360 2626 2429; x_wconf 83' lang='grc' dir='ltr'>δαίμονες,</span> <span class='ocrx_word' id='word_1_370' title='bbox 2669 2361 2858 2432; x_wconf 83' lang='grc' dir='ltr'>ὥσπερ</span> <span class='ocrx_word' id='word_1_371' title='bbox 2911 2364 3082 2430; x_wconf 85' lang='grc' dir='ltr'>αίγῶν</span> <span class='ocrx_word' id='word_1_372' title='bbox 3123 2365 3218 2417; x_wconf 74' lang='grc' dir='ltr'>καὶ</span> <span class='ocrx_word' id='word_1_373' title='bbox 3258 2365 3456 2435; x_wconf 81' lang='grc' dir='ltr'>χοίρων</span> <span class='ocrx_word' id='word_1_374' title='bbox 3493 2363 3698 2434; x_wconf 81' lang='grc' dir='ltr'>βοσκή-</span> 
     </span>
    </p>
   </div>
   <div class='ocr_carea' id='block_1_53' title="bbox 2117 2453 3698 2523">
    <p class='ocr_par' dir='ltr' id='par_1_53' title="bbox 2117 2453 3698 2523">
     <span class='ocr_line' id='line_1_53' title="bbox 2117 2453 3698 2523; baseline 0.001 -19"><span class='ocrx_word' id='word_1_375' title='bbox 2117 2468 2263 2521; x_wconf 84' lang='grc' dir='ltr'>ματα</span> <span class='ocrx_word' id='word_1_376' title='bbox 2295 2453 2386 2503; x_wconf 77' lang='grc' dir='ltr'>ὲπὶ</span> <span class='ocrx_word' id='word_1_377' title='bbox 2415 2455 2706 2523; x_wconf 75' lang='grc' dir='ltr'>πρόσωπον</span> <span class='ocrx_word' id='word_1_378' title='bbox 2735 2454 2833 2522; x_wconf 82' lang='grc' dir='ltr'>τῆς</span> <span class='ocrx_word' id='word_1_379' title='bbox 2865 2453 2968 2522; x_wconf 80' lang='grc' dir='ltr'>γῆς</span> <span class='ocrx_word' id='word_1_380' title='bbox 3005 2455 3243 2519; x_wconf 81' lang='grc' dir='ltr'><strong>(ἐξουσία</strong></span> <span class='ocrx_word' id='word_1_381' title='bbox 3271 2473 3328 2508; x_wconf 89' lang='grc' dir='ltr'><strong>τε</strong></span> <span class='ocrx_word' id='word_1_382' title='bbox 3372 2454 3490 2507; x_wconf 81' lang='grc' dir='ltr'>κατ’</span> <span class='ocrx_word' id='word_1_383' title='bbox 3513 2453 3698 2506; x_wconf 83' lang='grc' dir='ltr'>αὐτῶν</span> 
     </span>
    </p>
   </div>
   <div class='ocr_carea' id='block_1_54' title="bbox 2113 2542 3698 2618">
    <p class='ocr_par' dir='ltr' id='par_1_54' title="bbox 2113 2542 3698 2618">
     <span class='ocr_line' id='line_1_54' title="bbox 2113 2542 3698 2618; baseline 0.005 -26"><span class='ocrx_word' id='word_1_384' title='bbox 2113 2543 2189 2610; x_wconf 77' lang='grc' dir='ltr'>τῷ</span> <span class='ocrx_word' id='word_1_385' title='bbox 2219 2542 2443 2613; x_wconf 85' lang='grc' dir='ltr'>Συμεὼν</span> <span class='ocrx_word' id='word_1_386' title='bbox 2475 2545 2732 2616; x_wconf 80' lang='grc' dir='ltr'><strong>δεδομένη</strong></span> <span class='ocrx_word' id='word_1_387' title='bbox 2764 2547 2956 2618; x_wconf 71' lang='grc' dir='ltr'>ῥάϐδος</span> <span class='ocrx_word' id='word_1_388' title='bbox 2987 2565 3046 2600; x_wconf 87' lang='grc' dir='ltr'><strong>τε</strong></span> <span class='ocrx_word' id='word_1_389' title='bbox 3077 2549 3164 2600; x_wconf 74' lang='grc' dir='ltr'><strong>διὰ</strong></span> <span class='ocrx_word' id='word_1_390' title='bbox 3193 2549 3376 2618; x_wconf 76' lang='grc' dir='ltr'>χειρὸς</span> <span class='ocrx_word' id='word_1_391' title='bbox 3417 2547 3566 2616; x_wconf 76' lang='grc' dir='ltr'>αὐτῷ</span> <span class='ocrx_word' id='word_1_392' title='bbox 3605 2547 3698 2612; x_wconf 83' lang='grc' dir='ltr'><strong>βε-</strong></span> 
     </span>
    </p>
   </div>
   <div class='ocr_carea' id='block_1_55' title="bbox 2113 2631 3698 2706">
    <p class='ocr_par' dir='ltr' id='par_1_55' title="bbox 2113 2631 3698 2706">
     <span class='ocr_line' id='line_1_55' title="bbox 2113 2631 3698 2706; baseline 0.005 -22"><span class='ocrx_word' id='word_1_393' title='bbox 2113 2631 2341 2686; x_wconf 80' lang='grc' dir='ltr'>ϐαιοῦσα</span> <span class='ocrx_word' id='word_1_394' title='bbox 2386 2634 2486 2704; x_wconf 85' lang='grc' dir='ltr'><strong>τὴν</strong></span> <span class='ocrx_word' id='word_1_395' title='bbox 2528 2635 2820 2706; x_wconf 74' lang='grc' dir='ltr'>ἐξουσίαν),</span> <span class='ocrx_word' id='word_1_396' title='bbox 2851 2640 2946 2690; x_wconf 74' lang='grc' dir='ltr'><strong>καὶ</strong></span> <span class='ocrx_word' id='word_1_397' title='bbox 2989 2638 3212 2706; x_wconf 70' lang='grc' dir='ltr'>φεύγειν</span> <span class='ocrx_word' id='word_1_398' title='bbox 3249 2642 3448 2691; x_wconf 79' lang='grc' dir='ltr'>ἐκεῖνοι</span> <span class='ocrx_word' id='word_1_399' title='bbox 3493 2639 3698 2700; x_wconf 84' lang='grc' dir='ltr'>πάντες</span> 
     </span>
    </p>
   </div>
   <div class='ocr_carea' id='block_1_56' title="bbox 2113 2721 3700 2798">
    <p class='ocr_par' dir='ltr' id='par_1_56' title="bbox 2113 2721 3700 2798">
     <span class='ocr_line' id='line_1_56' title="bbox 2113 2721 3700 2798; baseline 0.005 -26"><span class='ocrx_word' id='word_1_400' title='bbox 2113 2721 2360 2788; x_wconf 84' lang='grc' dir='ltr'>ἀγεννῶς</span> <span class='ocrx_word' id='word_1_401' title='bbox 2421 2724 2760 2796; x_wconf 82' lang='grc' dir='ltr'><strong>ὡρμημένοι,</strong></span> <span class='ocrx_word' id='word_1_402' title='bbox 2809 2728 2906 2780; x_wconf 85' lang='grc' dir='ltr'>ὃσα</span> <span class='ocrx_word' id='word_1_403' title='bbox 2959 2745 3020 2780; x_wconf 88' lang='grc' dir='ltr'><strong>τε</strong></span> <span class='ocrx_word' id='word_1_404' title='bbox 3061 2729 3264 2791; x_wconf 81' lang='grc' dir='ltr'>καπνὸς</span> <span class='ocrx_word' id='word_1_405' title='bbox 3317 2727 3348 2798; x_wconf 80' lang='grc' dir='ltr'>ἢ</span> <span class='ocrx_word' id='word_1_406' title='bbox 3405 2727 3534 2798; x_wconf 85' lang='grc' dir='ltr'>χοῦς</span> <span class='ocrx_word' id='word_1_407' title='bbox 3585 2726 3700 2780; x_wconf 72' lang='grc' dir='ltr'><strong>ἀπὸ</strong></span> 
     </span>
    </p>
   </div>
   <div class='ocr_carea' id='block_1_57' title="bbox 2117 2814 3006 2881">
    <p class='ocr_par' dir='ltr' id='par_1_57' title="bbox 2117 2814 3006 2881">
     <span class='ocr_line' id='line_1_57' title="bbox 2117 2814 3006 2881; baseline 0.007 -17"><span class='ocrx_word' id='word_1_408' title='bbox 2117 2814 2410 2880; x_wconf 77' lang='grc' dir='ltr'>προτώπου</span> <span class='ocrx_word' id='word_1_409' title='bbox 2443 2817 2608 2868; x_wconf 84' lang='grc' dir='ltr'>αὑτοῦ</span> <span class='ocrx_word' id='word_1_410' title='bbox 2641 2818 3006 2881; x_wconf 80' lang='grc' dir='ltr'>ἐκλείποντες.</span> 
     </span>
    </p>
   </div>
   <div class='ocr_carea' id='block_1_58' title="bbox 428 2897 3696 2979">
    <p class='ocr_par' dir='ltr' id='par_1_58' title="bbox 428 2897 3696 2979">
     <span class='ocr_line' id='line_1_58' title="bbox 428 2897 3696 2979; baseline 0.001 -20"><span class='ocrx_word' id='word_1_411' title='bbox 428 2907 592 2977; x_wconf 73' lang='lat' dir='ltr'><strong>ejus),</strong></span> <span class='ocrx_word' id='word_1_412' title='bbox 616 2917 810 2958; x_wconf 87' lang='lat' dir='ltr'><strong>omnes</strong></span> <span class='ocrx_word' id='word_1_413' title='bbox 843 2902 1089 2957; x_wconf 88' lang='lat' dir='ltr'><strong>imbelles</strong></span> <span class='ocrx_word' id='word_1_414' title='bbox 1117 2900 1269 2966; x_wconf 86' lang='lat' dir='ltr'><strong>facti,</strong></span> <span class='ocrx_word' id='word_1_415' title='bbox 1303 2899 1450 2956; x_wconf 90' lang='lat' dir='ltr'><strong>illico</strong></span> <span class='ocrx_word' id='word_1_416' title='bbox 1488 2900 1544 2952; x_wconf 90' lang='lat' dir='ltr'><strong>in</strong></span> <span class='ocrx_word' id='word_1_417' title='bbox 1580 2897 1764 2968; x_wconf 84' lang='lat' dir='ltr'><strong>fugam</strong></span> <span class='ocrx_word' id='word_1_418' title='bbox 1821 2913 1878 2952; x_wconf 92' lang='lat' dir='ltr'><strong>sc</strong></span> <span class='ocrx_word' id='word_1_419' title='bbox 1947 2901 2382 2972; x_wconf 63' lang='lat' dir='ltr'><strong>praecipitabant,</strong></span> <span class='ocrx_word' id='word_1_420' title='bbox 2419 2907 2586 2960; x_wconf 89' lang='lat' dir='ltr'><strong>veluti</strong></span> <span class='ocrx_word' id='word_1_421' title='bbox 2633 2907 2818 2964; x_wconf 87' lang='lat' dir='ltr'><strong>fumus</strong></span> <span class='ocrx_word' id='word_1_422' title='bbox 2885 2917 2981 2964; x_wconf 89' lang='lat' dir='ltr'><strong>aut</strong></span> <span class='ocrx_word' id='word_1_423' title='bbox 3041 2909 3228 2979; x_wconf 85' lang='lat' dir='ltr'><strong>pulvis</strong></span> <span class='ocrx_word' id='word_1_424' title='bbox 3257 2927 3288 2964; x_wconf 90' lang='lat' dir='ltr'><strong>a</strong></span> <span class='ocrx_word' id='word_1_425' title='bbox 3345 2909 3482 2965; x_wconf 85' lang='lat' dir='ltr'><strong>facie</strong></span> <span class='ocrx_word' id='word_1_426' title='bbox 3515 2910 3696 2964; x_wconf 80' lang='lat' dir='ltr'><strong>sancti</strong></span> 
     </span>
    </p>
   </div>
   <div class='ocr_carea' id='block_1_59' title="bbox 433 2997 776 3052">
    <p class='ocr_par' dir='ltr' id='par_1_59' title="bbox 433 2997 776 3052">
     <span class='ocr_line' id='line_1_59' title="bbox 433 2997 776 3052; baseline -0.012 0"><span class='ocrx_word' id='word_1_427' title='bbox 433 2997 776 3052; x_wconf 86' lang='lat' dir='ltr'><strong>deﬁcientes.</strong></span> 
     </span>
    </p>
   </div>
   <div class='ocr_carea' id='block_1_60' title="bbox 502 3085 2087 3156">
    <p class='ocr_par' dir='ltr' id='par_1_60' title="bbox 502 3085 2087 3156">
     <span class='ocr_line' id='line_1_60' title="bbox 502 3085 2087 3156; baseline -0.007 -11"><span class='ocrx_word' id='word_1_428' title='bbox 502 3090 590 3145; x_wconf 83' lang='lat'><strong>50.</strong></span> <span class='ocrx_word' id='word_1_429' title='bbox 623 3087 910 3144; x_wconf 76' lang='lat' dir='ltr'><strong>Visionem</strong></span> <span class='ocrx_word' id='word_1_430' title='bbox 944 3087 1086 3140; x_wconf 86' lang='lat' dir='ltr'><strong>hanc</strong></span> <span class='ocrx_word' id='word_1_431' title='bbox 1129 3101 1228 3141; x_wconf 87' lang='lat' dir='ltr'><strong>sua</strong></span> <span class='ocrx_word' id='word_1_432' title='bbox 1259 3101 1478 3155; x_wconf 84' lang='lat' dir='ltr'><strong>quoque</strong></span> <span class='ocrx_word' id='word_1_433' title='bbox 1514 3085 1775 3156; x_wconf 86' lang='lat' dir='ltr'><strong>miracula</strong></span> <span class='ocrx_word' id='word_1_434' title='bbox 1817 3099 2012 3138; x_wconf 86' lang='lat' dir='ltr'><strong>conse-</strong></span> <span class='ocrx_word' id='word_1_435' title='bbox 2042 3090 2087 3149; x_wconf 67' lang='grc' dir='ltr'>ς</span> 
     </span>
    </p>
   </div>
   <div class='ocr_carea' id='block_1_61' title="bbox 433 3174 2010 3245">
    <p class='ocr_par' dir='ltr' id='par_1_61' title="bbox 433 3174 2010 3245">
     <span class='ocr_line' id='line_1_61' title="bbox 433 3174 2010 3245; baseline -0.006 -9"><span class='ocrx_word' id='word_1_436' title='bbox 433 3191 562 3236; x_wconf 83' lang='lat' dir='ltr'><strong>cuta</strong></span> <span class='ocrx_word' id='word_1_437' title='bbox 601 3187 768 3242; x_wconf 88' lang='lat' dir='ltr'><strong>sunt;</strong></span> <span class='ocrx_word' id='word_1_438' title='bbox 799 3193 925 3230; x_wconf 85' lang='lat' dir='ltr'><strong>nam</strong></span> <span class='ocrx_word' id='word_1_439' title='bbox 959 3185 1231 3245; x_wconf 88' lang='lat' dir='ltr'><strong>quotquot</strong></span> <span class='ocrx_word' id='word_1_440' title='bbox 1266 3177 1425 3229; x_wconf 87' lang='lat' dir='ltr'><strong>malis</strong></span> <span class='ocrx_word' id='word_1_441' title='bbox 1471 3175 1757 3245; x_wconf 89' lang='lat' dir='ltr'><strong>spiritibus</strong></span> <span class='ocrx_word' id='word_1_442' title='bbox 1789 3182 1884 3228; x_wconf 89' lang='lat' dir='ltr'><strong>aut</strong></span> <span class='ocrx_word' id='word_1_443' title='bbox 1907 3174 2010 3226; x_wconf 87' lang='lat' dir='ltr'><strong>alia</strong></span> 
     </span>
    </p>
   </div>
   <div class='ocr_carea' id='block_1_62' title="bbox 432 3266 2014 3341">
    <p class='ocr_par' dir='ltr' id='par_1_62' title="bbox 432 3266 2014 3341">
     <span class='ocr_line' id='line_1_62' title="bbox 432 3266 2014 3341; baseline -0.006 -15"><span class='ocrx_word' id='word_1_444' title='bbox 432 3271 626 3341; x_wconf 88' lang='lat' dir='ltr'><strong>quavis</strong></span> <span class='ocrx_word' id='word_1_445' title='bbox 649 3269 976 3340; x_wconf 70' lang='lat' dir='ltr'><strong>aegritudine</strong></span> <span class='ocrx_word' id='word_1_446' title='bbox 998 3267 1178 3320; x_wconf 84' lang='lat' dir='ltr'><strong>vexati</strong></span> <span class='ocrx_word' id='word_1_447' title='bbox 1201 3266 1266 3320; x_wconf 88' lang='lat' dir='ltr'><strong>ad</strong></span> <span class='ocrx_word' id='word_1_448' title='bbox 1292 3266 1618 3336; x_wconf 78' lang='lat' dir='ltr'><strong>Symeonem</strong></span> <span class='ocrx_word' id='word_1_449' title='bbox 1639 3273 2014 3328; x_wconf 85' lang='lat' dir='ltr'><strong>accesserunt,</strong></span> 
     </span>
    </p>
   </div>
   <div class='ocr_carea' id='block_1_63' title="bbox 431 3356 2014 3430">
    <p class='ocr_par' dir='ltr' id='par_1_63' title="bbox 431 3356 2014 3430">
     <span class='ocr_line' id='line_1_63' title="bbox 431 3356 2014 3430; baseline -0.006 -12"><span class='ocrx_word' id='word_1_450' title='bbox 431 3361 652 3419; x_wconf 85' lang='lat' dir='ltr'><strong>liberati</strong></span> <span class='ocrx_word' id='word_1_451' title='bbox 683 3361 916 3430; x_wconf 87' lang='lat' dir='ltr'><strong>quisque</strong></span> <span class='ocrx_word' id='word_1_452' title='bbox 963 3359 1106 3412; x_wconf 89' lang='lat' dir='ltr'><strong>malo</strong></span> <span class='ocrx_word' id='word_1_453' title='bbox 1165 3373 1267 3412; x_wconf 91' lang='lat' dir='ltr'><strong>suo</strong></span> <span class='ocrx_word' id='word_1_454' title='bbox 1307 3357 1516 3412; x_wconf 86' lang='lat' dir='ltr'><strong>reversi</strong></span> <span class='ocrx_word' id='word_1_455' title='bbox 1559 3365 1705 3410; x_wconf 89' lang='lat' dir='ltr'><strong>sunt.</strong></span> <span class='ocrx_word' id='word_1_456' title='bbox 1743 3356 2014 3410; x_wconf 85' lang='lat' dir='ltr'><strong>Viderunt</strong></span> 
     </span>
    </p>
   </div>
   <div class='ocr_carea' id='block_1_64' title="bbox 432 3447 2014 3518">
    <p class='ocr_par' dir='ltr' id='par_1_64' title="bbox 432 3447 2014 3518">
     <span class='ocr_line' id='line_1_64' title="bbox 432 3447 2014 3518; baseline -0.005 -10"><span class='ocrx_word' id='word_1_457' title='bbox 432 3453 598 3510; x_wconf 86' lang='lat' dir='ltr'><strong>etiam</strong></span> <span class='ocrx_word' id='word_1_458' title='bbox 629 3461 684 3507; x_wconf 90' lang='lat' dir='ltr'><strong>et</strong></span> <span class='ocrx_word' id='word_1_459' title='bbox 705 3459 927 3505; x_wconf 83' lang='lat' dir='ltr'><strong>sanctus</strong></span> <span class='ocrx_word' id='word_1_460' title='bbox 951 3449 1088 3518; x_wconf 89' lang='lat' dir='ltr'><strong>ipse,</strong></span> <span class='ocrx_word' id='word_1_461' title='bbox 1114 3456 1170 3502; x_wconf 89' lang='lat' dir='ltr'><strong>et</strong></span> <span class='ocrx_word' id='word_1_462' title='bbox 1199 3448 1386 3517; x_wconf 87' lang='lat' dir='ltr'><strong>plures</strong></span> <span class='ocrx_word' id='word_1_463' title='bbox 1412 3447 1526 3510; x_wconf 88' lang='lat' dir='ltr'><strong>alii,</strong></span> <span class='ocrx_word' id='word_1_464' title='bbox 1553 3447 1756 3516; x_wconf 87' lang='lat' dir='ltr'><strong>quibus</strong></span> <span class='ocrx_word' id='word_1_465' title='bbox 1782 3462 1846 3500; x_wconf 84' lang='lat' dir='ltr'><strong>ea</strong></span> <span class='ocrx_word' id='word_1_466' title='bbox 1889 3463 2014 3515; x_wconf 86' lang='lat' dir='ltr'><strong>gra-</strong></span> 
     </span>
    </p>
   </div>
   <div class='ocr_carea' id='block_1_65' title="bbox 435 3543 2016 3615">
    <p class='ocr_par' dir='ltr' id='par_1_65' title="bbox 435 3543 2016 3615">
     <span class='ocr_line' id='line_1_65' title="bbox 435 3543 2016 3615; baseline -0.004 -10"><span class='ocrx_word' id='word_1_467' title='bbox 435 3551 508 3605; x_wconf 89' lang='lat' dir='ltr'><strong>tia</strong></span> <span class='ocrx_word' id='word_1_468' title='bbox 539 3563 798 3604; x_wconf 89' lang='lat' dir='ltr'><strong>concessa</strong></span> <span class='ocrx_word' id='word_1_469' title='bbox 845 3547 970 3612; x_wconf 89' lang='lat' dir='ltr'><strong>fuit,</strong></span> <span class='ocrx_word' id='word_1_470' title='bbox 1019 3557 1132 3602; x_wconf 84' lang='lat' dir='ltr'><strong>tres</strong></span> <span class='ocrx_word' id='word_1_471' title='bbox 1163 3546 1388 3615; x_wconf 84' lang='lat' dir='ltr'><strong>angelos</strong></span> <span class='ocrx_word' id='word_1_472' title='bbox 1423 3543 1540 3609; x_wconf 88' lang='lat' dir='ltr'><strong>Dei,</strong></span> <span class='ocrx_word' id='word_1_473' title='bbox 1594 3561 1828 3614; x_wconf 85' lang='lat' dir='ltr'><strong>quorum</strong></span> <span class='ocrx_word' id='word_1_474' title='bbox 1877 3546 2016 3598; x_wconf 87' lang='lat' dir='ltr'><strong>alter</strong></span> 
     </span>
    </p>
   </div>
   <div class='ocr_carea' id='block_1_66' title="bbox 434 3635 2016 3705">
    <p class='ocr_par' dir='ltr' id='par_1_66' title="bbox 434 3635 2016 3705">
     <span class='ocr_line' id='line_1_66' title="bbox 434 3635 2016 3705; baseline -0.007 -6"><span class='ocrx_word' id='word_1_475' title='bbox 434 3643 501 3698; x_wconf 85' lang='lat' dir='ltr'><strong>ad</strong></span> <span class='ocrx_word' id='word_1_476' title='bbox 535 3643 842 3702; x_wconf 76' lang='lat' dir='ltr'><strong>dexteram,</strong></span> <span class='ocrx_word' id='word_1_477' title='bbox 875 3639 1013 3693; x_wconf 86' lang='lat' dir='ltr'><strong>alter</strong></span> <span class='ocrx_word' id='word_1_478' title='bbox 1041 3638 1109 3692; x_wconf 82' lang='lat' dir='ltr'><strong>ad</strong></span> <span class='ocrx_word' id='word_1_479' title='bbox 1143 3637 1445 3700; x_wconf 88' lang='lat' dir='ltr'><strong>sinistram,</strong></span> <span class='ocrx_word' id='word_1_480' title='bbox 1485 3635 1686 3690; x_wconf 88' lang='lat' dir='ltr'><strong>tertius</strong></span> <span class='ocrx_word' id='word_1_481' title='bbox 1717 3651 1859 3705; x_wconf 85' lang='lat' dir='ltr'><strong>pone</strong></span> <span class='ocrx_word' id='word_1_482' title='bbox 1900 3646 2016 3690; x_wconf 87' lang='lat' dir='ltr'><strong>ter-</strong></span> 
     </span>
    </p>
   </div>
   <div class='ocr_carea' id='block_1_67' title="bbox 434 3729 2020 3803">
    <p class='ocr_par' dir='ltr' id='par_1_67' title="bbox 434 3729 2020 3803">
     <span class='ocr_line' id='line_1_67' title="bbox 434 3729 2020 3803; baseline -0.005 -14"><span class='ocrx_word' id='word_1_483' title='bbox 434 3750 560 3803; x_wconf 77' lang='lat' dir='ltr'><strong>gum</strong></span> <span class='ocrx_word' id='word_1_484' title='bbox 599 3731 888 3802; x_wconf 81' lang='lat' dir='ltr'><strong>Symeonis</strong></span> <span class='ocrx_word' id='word_1_485' title='bbox 913 3739 1143 3792; x_wconf 86' lang='lat' dir='ltr'><strong>stantes,</strong></span> <span class='ocrx_word' id='word_1_486' title='bbox 1185 3735 1554 3782; x_wconf 88' lang='lat' dir='ltr'><strong>atramentum</strong></span> <span class='ocrx_word' id='word_1_487' title='bbox 1581 3729 1837 3782; x_wconf 87' lang='lat' dir='ltr'><strong>manibus</strong></span> <span class='ocrx_word' id='word_1_488' title='bbox 1868 3737 2020 3782; x_wconf 87' lang='lat' dir='ltr'><strong>tene-</strong></span> 
     </span>
    </p>
   </div>
   <div class='ocr_carea' id='block_1_68' title="bbox 436 3819 2016 3890">
    <p class='ocr_par' dir='ltr' id='par_1_68' title="bbox 436 3819 2016 3890">
     <span class='ocr_line' id='line_1_68' title="bbox 436 3819 2016 3890; baseline -0.003 -12"><span class='ocrx_word' id='word_1_489' title='bbox 436 3827 601 3888; x_wconf 87' lang='lat' dir='ltr'><strong>bant;</strong></span> <span class='ocrx_word' id='word_1_490' title='bbox 643 3831 698 3876; x_wconf 91' lang='lat' dir='ltr'><strong>et</strong></span> <span class='ocrx_word' id='word_1_491' title='bbox 717 3820 811 3890; x_wconf 81' lang='lat' dir='ltr'><strong>qui</strong></span> <span class='ocrx_word' id='word_1_492' title='bbox 843 3819 1134 3876; x_wconf 87' lang='lat' dir='ltr'><strong>sanitatem</strong></span> <span class='ocrx_word' id='word_1_493' title='bbox 1181 3819 1536 3873; x_wconf 86' lang='lat' dir='ltr'><strong>consecuturi</strong></span> <span class='ocrx_word' id='word_1_494' title='bbox 1577 3828 1758 3880; x_wconf 87' lang='lat' dir='ltr'><strong>erant,</strong></span> <span class='ocrx_word' id='word_1_495' title='bbox 1787 3819 2016 3888; x_wconf 85' lang='lat' dir='ltr'><strong>jubente</strong></span> 
     </span>
    </p>
   </div>
   <div class='ocr_carea' id='block_1_69' title="bbox 435 3909 2020 3978">
    <p class='ocr_par' dir='ltr' id='par_1_69' title="bbox 435 3909 2020 3978">
     <span class='ocr_line' id='line_1_69' title="bbox 435 3909 2020 3978; baseline -0.005 -8"><span class='ocrx_word' id='word_1_496' title='bbox 435 3922 648 3976; x_wconf 79' lang='lat' dir='ltr'><strong>saneto,</strong></span> <span class='ocrx_word' id='word_1_497' title='bbox 672 3913 824 3966; x_wconf 89' lang='lat' dir='ltr'><strong>velut</strong></span> <span class='ocrx_word' id='word_1_498' title='bbox 848 3912 903 3964; x_wconf 91' lang='lat' dir='ltr'><strong>in</strong></span> <span class='ocrx_word' id='word_1_499' title='bbox 933 3911 1188 3974; x_wconf 89' lang='lat' dir='ltr'><strong>sindone,</strong></span> <span class='ocrx_word' id='word_1_500' title='bbox 1221 3911 1336 3978; x_wconf 89' lang='lat' dir='ltr'><strong>ipsa</strong></span> <span class='ocrx_word' id='word_1_501' title='bbox 1357 3909 1484 3964; x_wconf 92' lang='lat' dir='ltr'><strong>nive</strong></span> <span class='ocrx_word' id='word_1_502' title='bbox 1507 3909 1852 3971; x_wconf 87' lang='lat' dir='ltr'><strong>candidiore,</strong></span> <span class='ocrx_word' id='word_1_503' title='bbox 1881 3909 2020 3963; x_wconf 88' lang='lat' dir='ltr'><strong>scri-</strong></span> 
     </span>
    </p>
   </div>
   <div class='ocr_carea' id='block_1_70' title="bbox 436 3999 2016 4070">
    <p class='ocr_par' dir='ltr' id='par_1_70' title="bbox 436 3999 2016 4070">
     <span class='ocr_line' id='line_1_70' title="bbox 436 3999 2016 4070; baseline -0.004 -9"><span class='ocrx_word' id='word_1_504' title='bbox 436 4005 709 4062; x_wconf 79' lang='lat' dir='ltr'><strong>bebantur</strong></span> <span class='ocrx_word' id='word_1_505' title='bbox 739 4019 750 4056; x_wconf 95' lang='lat'>:</span> <span class='ocrx_word' id='word_1_506' title='bbox 775 4017 956 4070; x_wconf 90' lang='lat' dir='ltr'><strong>neque</strong></span> <span class='ocrx_word' id='word_1_507' title='bbox 983 4002 1182 4070; x_wconf 83' lang='lat' dir='ltr'><strong>singuli</strong></span> <span class='ocrx_word' id='word_1_508' title='bbox 1205 4009 1442 4064; x_wconf 87' lang='lat' dir='ltr'><strong>tantum,</strong></span> <span class='ocrx_word' id='word_1_509' title='bbox 1471 3999 1566 4054; x_wconf 90' lang='lat' dir='ltr'><strong>sed</strong></span> <span class='ocrx_word' id='word_1_510' title='bbox 1599 4015 1760 4069; x_wconf 87' lang='lat' dir='ltr'><strong>quam</strong></span> <span class='ocrx_word' id='word_1_511' title='bbox 1795 3999 2016 4068; x_wconf 90' lang='lat' dir='ltr'><strong>plurimi</strong></span> 
     </span>
    </p>
   </div>
   <div class='ocr_carea' id='block_1_71' title="bbox 434 4091 2020 4163">
    <p class='ocr_par' dir='ltr' id='par_1_71' title="bbox 434 4091 2020 4163">
     <span class='ocr_line' id='line_1_71' title="bbox 434 4091 2020 4163; baseline -0.001 -15"><span class='ocrx_word' id='word_1_512' title='bbox 434 4097 600 4150; x_wconf 83' lang='lat' dir='ltr'><strong>etiam</strong></span> <span class='ocrx_word' id='word_1_513' title='bbox 619 4095 804 4156; x_wconf 89' lang='lat' dir='ltr'><strong>simul,</strong></span> <span class='ocrx_word' id='word_1_514' title='bbox 822 4093 915 4163; x_wconf 91' lang='lat' dir='ltr'><strong>qui</strong></span> <span class='ocrx_word' id='word_1_515' title='bbox 931 4093 1122 4146; x_wconf 85' lang='lat' dir='ltr'><strong>salutis</strong></span> <span class='ocrx_word' id='word_1_516' title='bbox 1137 4107 1300 4146; x_wconf 87' lang='lat' dir='ltr'><strong>causa</strong></span> <span class='ocrx_word' id='word_1_517' title='bbox 1319 4103 1684 4154; x_wconf 87' lang='lat' dir='ltr'><strong>accesserant,</strong></span> <span class='ocrx_word' id='word_1_518' title='bbox 1707 4091 2020 4146; x_wconf 80' lang='lat' dir='ltr'><strong>referebant</strong></span> 
     </span>
    </p>
   </div>
   <div class='ocr_carea' id='block_1_72' title="bbox 437 4181 2019 4252">
    <p class='ocr_par' dir='ltr' id='par_1_72' title="bbox 437 4181 2019 4252">
     <span class='ocr_line' id='line_1_72' title="bbox 437 4181 2019 4252; baseline -0.003 -12"><span class='ocrx_word' id='word_1_519' title='bbox 437 4186 746 4240; x_wconf 74' lang='lat' dir='ltr'><strong>obtentum.</strong></span> <span class='ocrx_word' id='word_1_520' title='bbox 782 4183 917 4237; x_wconf 83' lang='lat' dir='ltr'><strong>Nam</strong></span> <span class='ocrx_word' id='word_1_521' title='bbox 953 4181 1112 4236; x_wconf 88' lang='lat' dir='ltr'><strong>multi</strong></span> <span class='ocrx_word' id='word_1_522' title='bbox 1159 4183 1456 4252; x_wconf 86' lang='lat' dir='ltr'><strong>aliquando</strong></span> <span class='ocrx_word' id='word_1_523' title='bbox 1486 4198 1516 4234; x_wconf 89' lang='lat' dir='ltr'><strong>a</strong></span> <span class='ocrx_word' id='word_1_524' title='bbox 1541 4181 1889 4236; x_wconf 69' lang='lat' dir='ltr'><strong>daemonibus</strong></span> <span class='ocrx_word' id='word_1_525' title='bbox 1929 4182 2019 4236; x_wconf 84' lang='lat' dir='ltr'><strong>in-</strong></span> 
     </span>
    </p>
   </div>
   <div class='ocr_carea' id='block_1_73' title="bbox 437 4273 2018 4346">
    <p class='ocr_par' dir='ltr' id='par_1_73' title="bbox 437 4273 2018 4346">
     <span class='ocr_line' id='line_1_73' title="bbox 437 4273 2018 4346; baseline -0.004 -14"><span class='ocrx_word' id='word_1_526' title='bbox 437 4277 594 4340; x_wconf 82' lang='lat' dir='ltr'><strong>sessi,</strong></span> <span class='ocrx_word' id='word_1_527' title='bbox 615 4291 862 4346; x_wconf 88' lang='lat' dir='ltr'><strong>spumam</strong></span> <span class='ocrx_word' id='word_1_528' title='bbox 883 4289 980 4329; x_wconf 92' lang='lat' dir='ltr'><strong>ore</strong></span> <span class='ocrx_word' id='word_1_529' title='bbox 999 4273 1321 4343; x_wconf 80' lang='lat' dir='ltr'><strong>ejectantes,</strong></span> <span class='ocrx_word' id='word_1_530' title='bbox 1345 4273 1670 4344; x_wconf 83' lang='lat' dir='ltr'><strong>Symeonem</strong></span> <span class='ocrx_word' id='word_1_531' title='bbox 1693 4273 2018 4340; x_wconf 86' lang='lat' dir='ltr'><strong>adiverunt;</strong></span> 
     </span>
    </p>
   </div>
   <div class='ocr_carea' id='block_1_74' title="bbox 436 4364 2020 4437">
    <p class='ocr_par' dir='ltr' id='par_1_74' title="bbox 436 4364 2020 4437">
     <span class='ocr_line' id='line_1_74' title="bbox 436 4364 2020 4437; baseline -0.004 -15"><span class='ocrx_word' id='word_1_532' title='bbox 436 4367 532 4437; x_wconf 82' lang='lat' dir='ltr'><strong>qui</strong></span> <span class='ocrx_word' id='word_1_533' title='bbox 553 4365 833 4436; x_wconf 89' lang='lat' dir='ltr'><strong>impressit</strong></span> <span class='ocrx_word' id='word_1_534' title='bbox 855 4364 1087 4435; x_wconf 87' lang='lat' dir='ltr'><strong>singulis</strong></span> <span class='ocrx_word' id='word_1_535' title='bbox 1103 4365 1341 4420; x_wconf 89' lang='lat' dir='ltr'><strong>salutare</strong></span> <span class='ocrx_word' id='word_1_536' title='bbox 1365 4365 1546 4419; x_wconf 90' lang='lat' dir='ltr'><strong>crucis</strong></span> <span class='ocrx_word' id='word_1_537' title='bbox 1569 4365 1782 4434; x_wconf 75' lang='lat' dir='ltr'><strong>signum</strong></span> <span class='ocrx_word' id='word_1_538' title='bbox 1801 4381 1814 4428; x_wconf 93' lang='lat'><strong>;</strong></span> <span class='ocrx_word' id='word_1_539' title='bbox 1830 4365 2020 4432; x_wconf 86' lang='lat' dir='ltr'><strong>jussit-</strong></span> 
     </span>
    </p>
   </div>
   <div class='ocr_carea' id='block_1_75' title="bbox 2186 3085 3698 3160">
    <p class='ocr_par' dir='ltr' id='par_1_75' title="bbox 2186 3085 3698 3160">
     <span class='ocr_line' id='line_1_75' title="bbox 2186 3085 3698 3160; baseline 0.005 -22"><span class='ocrx_word' id='word_1_540' title='bbox 2186 3093 2250 3140; x_wconf 83' lang='lat' dir='ltr'><strong>v&#39;.</strong></span> <span class='ocrx_word' id='word_1_541' title='bbox 2281 3087 2358 3157; x_wconf 82' lang='grc' dir='ltr'><strong>Τῇ</strong></span> <span class='ocrx_word' id='word_1_542' title='bbox 2395 3085 2515 3155; x_wconf 68' lang='grc' dir='ltr'>ὄψει</span> <span class='ocrx_word' id='word_1_543' title='bbox 2545 3087 2724 3140; x_wconf 85' lang='grc' dir='ltr'>τοίνυν</span> <span class='ocrx_word' id='word_1_544' title='bbox 2753 3087 2926 3159; x_wconf 81' lang='grc' dir='ltr'>ταύτῃ</span> <span class='ocrx_word' id='word_1_545' title='bbox 2949 3089 3042 3141; x_wconf 79' lang='grc' dir='ltr'><strong>καὶ</strong></span> <span class='ocrx_word' id='word_1_546' title='bbox 3076 3089 3144 3143; x_wconf 75' lang='grc' dir='ltr'>τὰ</span> <span class='ocrx_word' id='word_1_547' title='bbox 3175 3088 3430 3160; x_wconf 85' lang='grc' dir='ltr'>θαύματα</span> <span class='ocrx_word' id='word_1_548' title='bbox 3463 3093 3698 3160; x_wconf 73' lang='grc' dir='ltr'>ἠκολού-</span> 
     </span>
    </p>
   </div>
   <div class='ocr_carea' id='block_1_76' title="bbox 2112 3179 3696 3251">
    <p class='ocr_par' dir='ltr' id='par_1_76' title="bbox 2112 3179 3696 3251">
     <span class='ocr_line' id='line_1_76' title="bbox 2112 3179 3696 3251; baseline 0.004 -19"><span class='ocrx_word' id='word_1_549' title='bbox 2112 3179 2214 3242; x_wconf 72' lang='lat' dir='ltr'><strong>03i,</strong></span> <span class='ocrx_word' id='word_1_550' title='bbox 2239 3179 2333 3231; x_wconf 71' lang='grc' dir='ltr'>καὶ</span> <span class='ocrx_word' id='word_1_551' title='bbox 2355 3179 2555 3242; x_wconf 79' lang='grc' dir='ltr'>πάντες</span> <span class='ocrx_word' id='word_1_552' title='bbox 2577 3180 2690 3232; x_wconf 80' lang='grc' dir='ltr'>ὅσοι</span> <span class='ocrx_word' id='word_1_553' title='bbox 2721 3179 2994 3248; x_wconf 81' lang='grc' dir='ltr'>πνεύμασι</span> <span class='ocrx_word' id='word_1_554' title='bbox 3021 3185 3296 3251; x_wconf 82' lang='grc' dir='ltr'>πονηροῖς,</span> <span class='ocrx_word' id='word_1_555' title='bbox 3320 3183 3352 3250; x_wconf 84' lang='grc' dir='ltr'>ἢ</span> <span class='ocrx_word' id='word_1_556' title='bbox 3387 3181 3480 3233; x_wconf 75' lang='grc' dir='ltr'><strong>καὶ</strong></span> <span class='ocrx_word' id='word_1_557' title='bbox 3511 3181 3696 3250; x_wconf 75' lang='grc' dir='ltr'>ἄλλοις</span> 
     </span>
    </p>
   </div>
   <div class='ocr_carea' id='block_1_77' title="bbox 2113 3269 3686 3342">
    <p class='ocr_par' dir='ltr' id='par_1_77' title="bbox 2113 3269 3686 3342">
     <span class='ocr_line' id='line_1_77' title="bbox 2113 3269 3686 3342; baseline 0.001 -18"><span class='ocrx_word' id='word_1_558' title='bbox 2113 3269 2309 3324; x_wconf 77' lang='grc' dir='ltr'>πάθεσι</span> <span class='ocrx_word' id='word_1_559' title='bbox 2346 3271 2644 3339; x_wconf 76' lang='grc' dir='ltr'>κάμνοντες</span> <span class='ocrx_word' id='word_1_560' title='bbox 2683 3270 2876 3339; x_wconf 80' lang='grc' dir='ltr'>ἐκείνῳ</span> <span class='ocrx_word' id='word_1_561' title='bbox 2911 3269 3244 3340; x_wconf 80' lang='grc' dir='ltr'>προσῄεσαν,</span> <span class='ocrx_word' id='word_1_562' title='bbox 3282 3271 3556 3342; x_wconf 74' lang='grc' dir='ltr'>ἐλεύθεροι</span> <span class='ocrx_word' id='word_1_563' title='bbox 3585 3273 3686 3327; x_wconf 84' lang='grc' dir='ltr'><strong>τοῦ</strong></span> 
     </span>
    </p>
   </div>
   <div class='ocr_carea' id='block_1_78' title="bbox 2111 3361 3692 3434">
    <p class='ocr_par' dir='ltr' id='par_1_78' title="bbox 2111 3361 3692 3434">
     <span class='ocr_line' id='line_1_78' title="bbox 2111 3361 3692 3434; baseline 0.001 -20"><span class='ocrx_word' id='word_1_564' title='bbox 2111 3361 2406 3424; x_wconf 83' lang='grc' dir='ltr'>λυποῦντος</span> <span class='ocrx_word' id='word_1_565' title='bbox 2449 3361 2676 3424; x_wconf 79' lang='grc' dir='ltr'>ἕκαστος</span> <span class='ocrx_word' id='word_1_566' title='bbox 2709 3361 3033 3431; x_wconf 83' lang='grc' dir='ltr'>ἐπανῄεσαν.</span> <span class='ocrx_word' id='word_1_567' title='bbox 3082 3362 3358 3432; x_wconf 83' lang='grc' dir='ltr'>Ἐωρῶντο</span> <span class='ocrx_word' id='word_1_568' title='bbox 3391 3365 3500 3432; x_wconf 71' lang='grc' dir='ltr'>γὰρ</span> <span class='ocrx_word' id='word_1_569' title='bbox 3537 3365 3692 3434; x_wconf 78' lang='grc' dir='ltr'>αὑτῷ</span> 
     </span>
    </p>
   </div>
   <div class='ocr_carea' id='block_1_79' title="bbox 2111 3451 3700 3526">
    <p class='ocr_par' dir='ltr' id='par_1_79' title="bbox 2111 3451 3700 3526">
     <span class='ocr_line' id='line_1_79' title="bbox 2111 3451 3700 3526; baseline 0.001 -22"><span class='ocrx_word' id='word_1_570' title='bbox 2111 3469 2169 3504; x_wconf 85' lang='grc' dir='ltr'><strong>τε</strong></span> <span class='ocrx_word' id='word_1_571' title='bbox 2199 3452 2278 3521; x_wconf 79' lang='grc' dir='ltr'>τῷ</span> <span class='ocrx_word' id='word_1_572' title='bbox 2319 3452 2506 3520; x_wconf 54' lang='grc' dir='ltr'>’Λγίιεκ</span> <span class='ocrx_word' id='word_1_573' title='bbox 2539 3451 2636 3506; x_wconf 74' lang='grc' dir='ltr'>καὶ</span> <span class='ocrx_word' id='word_1_574' title='bbox 2691 3451 2903 3514; x_wconf 84' lang='grc' dir='ltr'>πολλοῖς</span> <span class='ocrx_word' id='word_1_575' title='bbox 2944 3452 3058 3504; x_wconf 78' lang='grc' dir='ltr'>ὅσοι</span> <span class='ocrx_word' id='word_1_576' title='bbox 3105 3453 3200 3505; x_wconf 77' lang='grc' dir='ltr'>καὶ</span> <span class='ocrx_word' id='word_1_577' title='bbox 3239 3454 3461 3506; x_wconf 85' lang='grc' dir='ltr'>τοιαῦτα</span> <span class='ocrx_word' id='word_1_578' title='bbox 3492 3454 3700 3526; x_wconf 80' lang='grc' dir='ltr'>δηλαδὴ</span> 
     </span>
    </p>
   </div>
   <div class='ocr_carea' id='block_1_80' title="bbox 2117 3542 3700 3614">
    <p class='ocr_par' dir='ltr' id='par_1_80' title="bbox 2117 3542 3700 3614">
     <span class='ocr_line' id='line_1_80' title="bbox 2117 3542 3700 3614; baseline 0.003 -20"><span class='ocrx_word' id='word_1_579' title='bbox 2117 3544 2334 3613; x_wconf 79' lang='grc' dir='ltr'>βλέπειν</span> <span class='ocrx_word' id='word_1_580' title='bbox 2375 3542 2606 3611; x_wconf 75' lang='grc' dir='ltr'>ἡξίωντο</span> <span class='ocrx_word' id='word_1_581' title='bbox 2636 3579 2652 3605; x_wconf 85' lang='grc'><strong>,</strong></span> <span class='ocrx_word' id='word_1_582' title='bbox 2696 3543 2919 3610; x_wconf 83' lang='grc' dir='ltr'>ἄγγελοι</span> <span class='ocrx_word' id='word_1_583' title='bbox 2965 3545 3170 3614; x_wconf 82' lang='grc' dir='ltr'>Κυρίου</span> <span class='ocrx_word' id='word_1_584' title='bbox 3215 3548 3384 3614; x_wconf 80' lang='grc' dir='ltr'>τρεῖς,</span> <span class='ocrx_word' id='word_1_585' title='bbox 3429 3548 3458 3598; x_wconf 88' lang='grc' dir='ltr'>ὁ</span> <span class='ocrx_word' id='word_1_586' title='bbox 3491 3545 3592 3614; x_wconf 74' lang='grc' dir='ltr'><strong>μὲν</strong></span> <span class='ocrx_word' id='word_1_587' title='bbox 3633 3548 3700 3598; x_wconf 74' lang='grc' dir='ltr'>ὲκ</span> 
     </span>
    </p>
   </div>
   <div class='ocr_carea' id='block_1_81' title="bbox 2113 3633 3702 3704">
    <p class='ocr_par' dir='ltr' id='par_1_81' title="bbox 2113 3633 3702 3704">
     <span class='ocr_line' id='line_1_81' title="bbox 2113 3633 3702 3704; baseline 0.002 -17"><span class='ocrx_word' id='word_1_588' title='bbox 2113 3636 2321 3700; x_wconf 77' lang='grc' dir='ltr'>δεξιῶν,</span> <span class='ocrx_word' id='word_1_589' title='bbox 2355 3635 2537 3703; x_wconf 78' lang='grc' dir='ltr'>ἕτερος</span> <span class='ocrx_word' id='word_1_590' title='bbox 2566 3633 2614 3687; x_wconf 79' lang='grc' dir='ltr'><strong>δ’</strong></span> <span class='ocrx_word' id='word_1_591' title='bbox 2653 3633 2711 3698; x_wconf 80' lang='grc' dir='ltr'><strong>ἐξ</strong></span> <span class='ocrx_word' id='word_1_592' title='bbox 2745 3636 3060 3704; x_wconf 82' lang='grc' dir='ltr'>εὐωνύμων,</span> <span class='ocrx_word' id='word_1_593' title='bbox 3103 3638 3152 3688; x_wconf 79' lang='grc' dir='ltr'>οἱ</span> <span class='ocrx_word' id='word_1_594' title='bbox 3192 3635 3238 3688; x_wconf 82' lang='grc' dir='ltr'><strong>δ’</strong></span> <span class='ocrx_word' id='word_1_595' title='bbox 3273 3637 3494 3690; x_wconf 72' lang='grc' dir='ltr'>ὕπισθεν</span> <span class='ocrx_word' id='word_1_596' title='bbox 3527 3639 3702 3690; x_wconf 77' lang='grc' dir='ltr'>ἑστῶ-</span> 
     </span>
    </p>
   </div>
   <div class='ocr_carea' id='block_1_82' title="bbox 2116 3726 3700 3799">
    <p class='ocr_par' dir='ltr' id='par_1_82' title="bbox 2116 3726 3700 3799">
     <span class='ocr_line' id='line_1_82' title="bbox 2116 3726 3700 3799; baseline 0.001 -20"><span class='ocrx_word' id='word_1_597' title='bbox 2116 3745 2206 3789; x_wconf 88' lang='grc' dir='ltr'><strong>τες</strong></span> <span class='ocrx_word' id='word_1_598' title='bbox 2238 3727 2330 3778; x_wconf 88' lang='grc' dir='ltr'><strong>τοῦ</strong></span> <span class='ocrx_word' id='word_1_599' title='bbox 2373 3726 2619 3795; x_wconf 77' lang='grc' dir='ltr'>Συμεὼν,</span> <span class='ocrx_word' id='word_1_600' title='bbox 2653 3726 2712 3779; x_wconf 83' lang='grc' dir='ltr'><strong>τό</strong></span> <span class='ocrx_word' id='word_1_601' title='bbox 2757 3743 2814 3778; x_wconf 90' lang='grc' dir='ltr'><strong>τε</strong></span> <span class='ocrx_word' id='word_1_602' title='bbox 2861 3728 3032 3796; x_wconf 81' lang='grc' dir='ltr'>μέλαν</span> <span class='ocrx_word' id='word_1_603' title='bbox 3065 3728 3248 3790; x_wconf 74' lang='grc' dir='ltr'>αὐτοῖς</span> <span class='ocrx_word' id='word_1_604' title='bbox 3277 3730 3335 3780; x_wconf 79' lang='grc' dir='ltr'>ὲν</span> <span class='ocrx_word' id='word_1_605' title='bbox 3363 3732 3564 3799; x_wconf 80' lang='grc' dir='ltr'>χεροῖν,</span> <span class='ocrx_word' id='word_1_606' title='bbox 3601 3731 3700 3784; x_wconf 72' lang='grc' dir='ltr'>καὶ</span> 
     </span>
    </p>
   </div>
   <div class='ocr_carea' id='block_1_83' title="bbox 2115 3814 3696 3888">
    <p class='ocr_par' dir='ltr' id='par_1_83' title="bbox 2115 3814 3696 3888">
     <span class='ocr_line' id='line_1_83' title="bbox 2115 3814 3696 3888; baseline 0.003 -20"><span class='ocrx_word' id='word_1_607' title='bbox 2115 3816 2224 3868; x_wconf 87' lang='grc' dir='ltr'><strong>τῶν</strong></span> <span class='ocrx_word' id='word_1_608' title='bbox 2257 3815 2474 3884; x_wconf 75' lang='grc' dir='ltr'>ἰαθῆναι</span> <span class='ocrx_word' id='word_1_609' title='bbox 2509 3814 2811 3882; x_wconf 60' lang='grc' dir='ltr'>μελλόντων</span> <span class='ocrx_word' id='word_1_610' title='bbox 2847 3819 3079 3881; x_wconf 69' lang='grc' dir='ltr'>ἕκαστος</span> <span class='ocrx_word' id='word_1_611' title='bbox 3105 3819 3198 3871; x_wconf 86' lang='grc' dir='ltr'><strong>τοῦ</strong></span> <span class='ocrx_word' id='word_1_612' title='bbox 3229 3819 3383 3884; x_wconf 80' lang='grc' dir='ltr'>ἁγίου</span> <span class='ocrx_word' id='word_1_613' title='bbox 3423 3820 3696 3888; x_wconf 78' lang='grc' dir='ltr'>λέγοντος,</span> 
     </span>
    </p>
   </div>
   <div class='ocr_carea' id='block_1_84' title="bbox 2117 3907 3698 3982">
    <p class='ocr_par' dir='ltr' id='par_1_84' title="bbox 2117 3907 3698 3982">
     <span class='ocr_line' id='line_1_84' title="bbox 2117 3907 3698 3982; baseline 0.003 -22"><span class='ocrx_word' id='word_1_614' title='bbox 2117 3907 2190 3968; x_wconf 77' lang='grc' dir='ltr'>ὡς</span> <span class='ocrx_word' id='word_1_615' title='bbox 2225 3910 2282 3958; x_wconf 81' lang='grc' dir='ltr'>ἐν</span> <span class='ocrx_word' id='word_1_616' title='bbox 2323 3907 2613 3978; x_wconf 79' lang='grc' dir='ltr'>σωματείῳ</span> <span class='ocrx_word' id='word_1_617' title='bbox 2635 3909 2938 3980; x_wconf 81' lang='grc' dir='ltr'>λευκοτέρῳ</span> <span class='ocrx_word' id='word_1_618' title='bbox 2968 3912 3060 3962; x_wconf 68' lang='grc' dir='ltr'><strong>καὶ</strong></span> <span class='ocrx_word' id='word_1_619' title='bbox 3094 3911 3268 3980; x_wconf 83' lang='grc' dir='ltr'>χιόνος</span> <span class='ocrx_word' id='word_1_620' title='bbox 3295 3913 3562 3982; x_wconf 78' lang='grc' dir='ltr'>ἐγράφετο</span> <span class='ocrx_word' id='word_1_621' title='bbox 3582 3928 3596 3940; x_wconf 73' lang='grc'>⁸</span> <span class='ocrx_word' id='word_1_622' title='bbox 3631 3911 3698 3964; x_wconf 67' lang='grc' dir='ltr'><strong>οὗ</strong></span> 
     </span>
    </p>
   </div>
   <div class='ocr_carea' id='block_1_85' title="bbox 2118 3999 3698 4072">
    <p class='ocr_par' dir='ltr' id='par_1_85' title="bbox 2118 3999 3698 4072">
     <span class='ocr_line' id='line_1_85' title="bbox 2118 3999 3698 4072; baseline 0.001 -20"><span class='ocrx_word' id='word_1_623' title='bbox 2118 3999 2240 4052; x_wconf 81' lang='grc' dir='ltr'>καθ’</span> <span class='ocrx_word' id='word_1_624' title='bbox 2275 3999 2370 4052; x_wconf 87' lang='grc' dir='ltr'>ἓνα</span> <span class='ocrx_word' id='word_1_625' title='bbox 2401 4000 2457 4054; x_wconf 82' lang='grc' dir='ltr'>δὲ</span> <span class='ocrx_word' id='word_1_626' title='bbox 2493 3999 2672 4069; x_wconf 84' lang='grc' dir='ltr'>μόνον,</span> <span class='ocrx_word' id='word_1_627' title='bbox 2702 4001 2837 4054; x_wconf 77' lang='grc' dir='ltr'>ἀλλὰ</span> <span class='ocrx_word' id='word_1_628' title='bbox 2863 4002 2956 4054; x_wconf 73' lang='grc' dir='ltr'>καὶ</span> <span class='ocrx_word' id='word_1_629' title='bbox 2987 4004 3126 4054; x_wconf 70' lang='grc' dir='ltr'>κατὰ</span> <span class='ocrx_word' id='word_1_630' title='bbox 3161 4001 3362 4072; x_wconf 77' lang='grc' dir='ltr'>πλῆθος</span> <span class='ocrx_word' id='word_1_631' title='bbox 3397 4001 3698 4072; x_wconf 83' lang='grc' dir='ltr'>θεραπείας</span> 
     </span>
    </p>
   </div>
   <div class='ocr_carea' id='block_1_86' title="bbox 2117 4075 3700 4162">
    <p class='ocr_par' dir='ltr' id='par_1_86' title="bbox 2117 4091 3700 4162">
     <span class='ocr_line' id='line_1_86' title="bbox 2117 4091 3700 4162; baseline 0.001 -20"><span class='ocrx_word' id='word_1_632' title='bbox 2117 4091 2168 4142; x_wconf 78' lang='grc' dir='ltr'>οἱ</span> <span class='ocrx_word' id='word_1_633' title='bbox 2205 4091 2519 4158; x_wconf 78' lang='grc' dir='ltr'>προσιόντες</span> <span class='ocrx_word' id='word_1_634' title='bbox 2554 4091 2870 4159; x_wconf 80' lang='grc' dir='ltr'>ἐτύγχανον.</span> <span class='ocrx_word' id='word_1_635' title='bbox 2921 4091 3228 4162; x_wconf 80' lang='grc' dir='ltr'>Προσῆλθον</span> <span class='ocrx_word' id='word_1_636' title='bbox 3253 4093 3360 4162; x_wconf 76' lang='grc' dir='ltr'>γάρ</span> <span class='ocrx_word' id='word_1_637' title='bbox 3395 4109 3523 4144; x_wconf 86' lang='grc' dir='ltr'>ποτε</span> <span class='ocrx_word' id='word_1_638' title='bbox 3563 4091 3700 4146; x_wconf 76' lang='grc' dir='ltr'>πολ-</span> 
     </span>
    </p>
   </div>
   <div class='ocr_carea' id='block_1_87' title="bbox 2117 4180 3696 4252">
    <p class='ocr_par' dir='ltr' id='par_1_87' title="bbox 2117 4180 3696 4252">
     <span class='ocr_line' id='line_1_87' title="bbox 2117 4180 3696 4252; baseline 0.003 -20"><span class='ocrx_word' id='word_1_639' title='bbox 2117 4180 2200 4234; x_wconf 73' lang='grc' dir='ltr'><strong>λοὶ</strong></span> <span class='ocrx_word' id='word_1_640' title='bbox 2238 4182 2375 4233; x_wconf 78' lang='grc' dir='ltr'>κατὰ</span> <span class='ocrx_word' id='word_1_641' title='bbox 2401 4183 2596 4234; x_wconf 73' lang='grc' dir='ltr'>ταυτὸν</span> <span class='ocrx_word' id='word_1_642' title='bbox 2621 4183 3002 4252; x_wconf 85' lang='grc' dir='ltr'>δαιμονῶντες,</span> <span class='ocrx_word' id='word_1_643' title='bbox 3036 4184 3130 4235; x_wconf 82' lang='grc' dir='ltr'>καὶ</span> <span class='ocrx_word' id='word_1_644' title='bbox 3162 4184 3334 4252; x_wconf 59' lang='grc' dir='ltr'>ἀφρὸν</span> <span class='ocrx_word' id='word_1_645' title='bbox 3363 4181 3454 4235; x_wconf 86' lang='grc' dir='ltr'><strong>τοῦ</strong></span> <span class='ocrx_word' id='word_1_646' title='bbox 3487 4183 3696 4252; x_wconf 79' lang='grc' dir='ltr'>στόμα·</span> 
     </span>
    </p>
   </div>
   <div class='ocr_carea' id='block_1_88' title="bbox 2119 4265 3696 4343">
    <p class='ocr_par' dir='ltr' id='par_1_88' title="bbox 2119 4265 3696 4343">
     <span class='ocr_line' id='line_1_88' title="bbox 2119 4265 3696 4343; baseline 0.001 -19"><span class='ocrx_word' id='word_1_647' title='bbox 2119 4289 2210 4334; x_wconf 86' lang='grc' dir='ltr'><strong>τος</strong></span> <span class='ocrx_word' id='word_1_648' title='bbox 2254 4273 2705 4342; x_wconf 83' lang='grc' dir='ltr'>παραπτύοντες⁶</span> <span class='ocrx_word' id='word_1_649' title='bbox 2738 4265 2812 4326; x_wconf 82' lang='grc' dir='ltr'>ὧν</span> <span class='ocrx_word' id='word_1_650' title='bbox 2853 4274 3068 4343; x_wconf 75' lang='grc' dir='ltr'>ἑκάστῳ</span> <span class='ocrx_word' id='word_1_651' title='bbox 3118 4273 3384 4342; x_wconf 71' lang='grc' dir='ltr'>σφραγῖδα</span> <span class='ocrx_word' id='word_1_652' title='bbox 3435 4274 3696 4342; x_wconf 70' lang='grc' dir='ltr'>ποιήσας,</span> 
     </span>
    </p>
   </div>
   <div class='ocr_carea' id='block_1_89' title="bbox 2121 4364 3695 4434">
    <p class='ocr_par' dir='ltr' id='par_1_89' title="bbox 2121 4364 3695 4434">
     <span class='ocr_line' id='line_1_89' title="bbox 2121 4364 3695 4434; baseline 0.002 -17"><span class='ocrx_word' id='word_1_653' title='bbox 2121 4367 2232 4427; x_wconf 85' lang='grc' dir='ltr'>τοῖς</span> <span class='ocrx_word' id='word_1_654' title='bbox 2259 4382 2318 4416; x_wconf 88' lang='grc' dir='ltr'><strong>τε</strong></span> <span class='ocrx_word' id='word_1_655' title='bbox 2341 4365 2646 4434; x_wconf 84' lang='grc' dir='ltr'>πνεύμασιν</span> <span class='ocrx_word' id='word_1_656' title='bbox 2671 4367 2724 4416; x_wconf 77' lang='grc' dir='ltr'>ἐν</span> <span class='ocrx_word' id='word_1_657' title='bbox 2756 4364 2977 4434; x_wconf 76' lang='grc' dir='ltr'>ὀνόματί</span> <span class='ocrx_word' id='word_1_658' title='bbox 3002 4382 3134 4434; x_wconf 77' lang='grc' dir='ltr'>φησι</span> <span class='ocrx_word' id='word_1_659' title='bbox 3157 4365 3248 4416; x_wconf 79' lang='grc' dir='ltr'><strong>τοῦ</strong></span> <span class='ocrx_word' id='word_1_660' title='bbox 3272 4364 3399 4416; x_wconf 78' lang='grc' dir='ltr'>Υἱοῦ</span> <span class='ocrx_word' id='word_1_661' title='bbox 3431 4365 3521 4416; x_wconf 88' lang='grc' dir='ltr'><strong>τοῦ</strong></span> <span class='ocrx_word' id='word_1_662' title='bbox 3555 4367 3695 4420; x_wconf 83' lang='grc' dir='ltr'>Θεοῦ</span> 
     </span>
    </p>
   </div>
   <div class='ocr_carea' id='block_1_90' title="bbox 437 4439 2012 4528">
    <p class='ocr_par' dir='ltr' id='par_1_90' title="bbox 437 4454 2012 4528">
     <span class='ocr_line' id='line_1_90' title="bbox 437 4454 2012 4528; baseline -0.001 -18"><span class='ocrx_word' id='word_1_663' title='bbox 437 4475 546 4528; x_wconf 84' lang='lat' dir='ltr'><strong>que</strong></span> <span class='ocrx_word' id='word_1_664' title='bbox 581 4457 812 4526; x_wconf 87' lang='lat' dir='ltr'><strong>spiritus</strong></span> <span class='ocrx_word' id='word_1_665' title='bbox 839 4456 894 4510; x_wconf 92' lang='lat' dir='ltr'><strong>in</strong></span> <span class='ocrx_word' id='word_1_666' title='bbox 921 4456 1144 4510; x_wconf 86' lang='lat' dir='ltr'><strong>nomine</strong></span> <span class='ocrx_word' id='word_1_667' title='bbox 1177 4456 1300 4510; x_wconf 87' lang='lat' dir='ltr'><strong>Filii</strong></span> <span class='ocrx_word' id='word_1_668' title='bbox 1335 4457 1453 4518; x_wconf 87' lang='lat' dir='ltr'><strong>Dei,</strong></span> <span class='ocrx_word' id='word_1_669' title='bbox 1480 4471 1580 4524; x_wconf 88' lang='lat' dir='ltr'><strong>pro</strong></span> <span class='ocrx_word' id='word_1_670' title='bbox 1608 4454 1766 4511; x_wconf 91' lang='lat' dir='ltr'><strong>nobis</strong></span> <span class='ocrx_word' id='word_1_671' title='bbox 1805 4455 1858 4507; x_wconf 91' lang='lat' dir='ltr'><strong>in</strong></span> <span class='ocrx_word' id='word_1_672' title='bbox 1891 4470 2012 4508; x_wconf 84' lang='lat' dir='ltr'><strong>cru-</strong></span> 
     </span>
    </p>
   </div>
   <div class='ocr_carea' id='block_1_91' title="bbox 2114 4439 3694 4528">
    <p class='ocr_par' dir='ltr' id='par_1_91' title="bbox 2120 4456 3694 4526">
     <span class='ocr_line' id='line_1_91' title="bbox 2120 4456 3694 4526; baseline 0.001 -17"><span class='ocrx_word' id='word_1_673' title='bbox 2120 4457 2213 4509; x_wconf 89' lang='grc' dir='ltr'><strong>τοῦ</strong></span> <span class='ocrx_word' id='word_1_674' title='bbox 2243 4457 2308 4509; x_wconf 87' lang='grc' dir='ltr'><strong>δι’</strong></span> <span class='ocrx_word' id='word_1_675' title='bbox 2331 4457 2478 4526; x_wconf 73' lang='grc' dir='ltr'>ἡμᾶς</span> <span class='ocrx_word' id='word_1_676' title='bbox 2506 4457 2906 4526; x_wconf 75' lang='grc' dir='ltr'>σταυρωθέντος</span> <span class='ocrx_word' id='word_1_677' title='bbox 2936 4456 3254 4526; x_wconf 80' lang='grc' dir='ltr'>ἀπαλλαγὴν</span> <span class='ocrx_word' id='word_1_678' title='bbox 3293 4459 3694 4526; x_wconf 81' lang='grc' dir='ltr'>παραγγείλας,</span> 
     </span>
    </p>
   </div>
   <div class='ocr_carea' id='block_1_92' title="bbox 437 4545 2017 4614">
    <p class='ocr_par' dir='ltr' id='par_1_92' title="bbox 437 4545 2017 4614">
     <span class='ocr_line' id='line_1_92' title="bbox 437 4545 2017 4614; baseline -0.004 -8"><span class='ocrx_word' id='word_1_679' title='bbox 437 4565 556 4606; x_wconf 91' lang='lat' dir='ltr'><strong>cem</strong></span> <span class='ocrx_word' id='word_1_680' title='bbox 591 4547 786 4610; x_wconf 77' lang='lat' dir='ltr'><strong>sufﬁxi,</strong></span> <span class='ocrx_word' id='word_1_681' title='bbox 819 4547 947 4602; x_wconf 87' lang='lat' dir='ltr'><strong>inde</strong></span> <span class='ocrx_word' id='word_1_682' title='bbox 971 4547 1242 4602; x_wconf 88' lang='lat' dir='ltr'><strong>facessere</strong></span> <span class='ocrx_word' id='word_1_683' title='bbox 1265 4553 1456 4614; x_wconf 87' lang='lat' dir='ltr'><strong>:atque</strong></span> <span class='ocrx_word' id='word_1_684' title='bbox 1479 4545 1576 4612; x_wconf 94' lang='lat' dir='ltr'><strong>illi,</strong></span> <span class='ocrx_word' id='word_1_685' title='bbox 1601 4546 1750 4600; x_wconf 88' lang='lat' dir='ltr'><strong>nulla</strong></span> <span class='ocrx_word' id='word_1_686' title='bbox 1775 4546 2017 4614; x_wconf 86' lang='lat' dir='ltr'><strong>interpo—</strong></span> 
     </span>
    </p>
   </div>
   <div class='ocr_carea' id='block_1_93' title="bbox 437 4635 2014 4708">
    <p class='ocr_par' dir='ltr' id='par_1_93' title="bbox 437 4635 2014 4708">
     <span class='ocr_line' id='line_1_93' title="bbox 437 4635 2014 4708; baseline -0.003 -12"><span class='ocrx_word' id='word_1_687' title='bbox 437 4642 542 4696; x_wconf 83' lang='lat' dir='ltr'><strong>sita</strong></span> <span class='ocrx_word' id='word_1_688' title='bbox 561 4655 733 4706; x_wconf 89' lang='lat' dir='ltr'><strong>mora,</strong></span> <span class='ocrx_word' id='word_1_689' title='bbox 757 4640 968 4695; x_wconf 88' lang='lat' dir='ltr'><strong>abitum</strong></span> <span class='ocrx_word' id='word_1_690' title='bbox 987 4647 1242 4708; x_wconf 86' lang='lat' dir='ltr'><strong>parantes</strong></span> <span class='ocrx_word' id='word_1_691' title='bbox 1263 4638 1605 4706; x_wconf 89' lang='lat' dir='ltr'><strong>multumque</strong></span> <span class='ocrx_word' id='word_1_692' title='bbox 1629 4635 2014 4700; x_wconf 80' lang='lat' dir='ltr'><strong>vociferantes,</strong></span> 
     </span>
    </p>
   </div>
   <div class='ocr_carea' id='block_1_94' title="bbox 439 4731 2016 4804">
    <p class='ocr_par' dir='ltr' id='par_1_94' title="bbox 439 4731 2016 4804">
     <span class='ocr_line' id='line_1_94' title="bbox 439 4731 2016 4804; baseline -0.002 -16"><span class='ocrx_word' id='word_1_693' title='bbox 439 4736 784 4804; x_wconf 86' lang='lat' dir='ltr'><strong>reliquerunt</strong></span> <span class='ocrx_word' id='word_1_694' title='bbox 805 4733 1060 4788; x_wconf 88' lang='lat' dir='ltr'><strong>homines</strong></span> <span class='ocrx_word' id='word_1_695' title='bbox 1081 4733 1286 4787; x_wconf 90' lang='lat' dir='ltr'><strong>liberos</strong></span> <span class='ocrx_word' id='word_1_696' title='bbox 1315 4741 1370 4785; x_wconf 91' lang='lat' dir='ltr'><strong>et</strong></span> <span class='ocrx_word' id='word_1_697' title='bbox 1401 4731 1723 4793; x_wconf 88' lang='lat' dir='ltr'><strong>incolumes,</strong></span> <span class='ocrx_word' id='word_1_698' title='bbox 1758 4747 1896 4800; x_wconf 89' lang='lat' dir='ltr'><strong>puro</strong></span> <span class='ocrx_word' id='word_1_699' title='bbox 1919 4746 2016 4786; x_wconf 89' lang='lat' dir='ltr'><strong>ore</strong></span> 
     </span>
    </p>
   </div>
   <div class='ocr_carea' id='block_1_95' title="bbox 435 4822 2014 4891">
    <p class='ocr_par' dir='ltr' id='par_1_95' title="bbox 435 4822 2014 4891">
     <span class='ocr_line' id='line_1_95' title="bbox 435 4822 2014 4891; baseline -0.004 -11"><span class='ocrx_word' id='word_1_700' title='bbox 435 4826 630 4880; x_wconf 84' lang='lat' dir='ltr'><strong>laudes</strong></span> <span class='ocrx_word' id='word_1_701' title='bbox 669 4825 781 4880; x_wconf 91' lang='lat' dir='ltr'><strong>Deo</strong></span> <span class='ocrx_word' id='word_1_702' title='bbox 814 4823 1182 4879; x_wconf 87' lang='lat' dir='ltr'><strong>celebrantes.</strong></span> <span class='ocrx_word' id='word_1_703' title='bbox 1235 4822 1504 4878; x_wconf 80' lang='lat' dir='ltr'><strong>Caeterum</strong></span> <span class='ocrx_word' id='word_1_704' title='bbox 1553 4823 1649 4891; x_wconf 90' lang='lat' dir='ltr'><strong>qui</strong></span> <span class='ocrx_word' id='word_1_705' title='bbox 1685 4822 2014 4876; x_wconf 87' lang='lat' dir='ltr'><strong>circumsta-</strong></span> 
     </span>
    </p>
   </div>
   <div class='ocr_carea' id='block_1_96' title="bbox 439 4912 2016 4987">
    <p class='ocr_par' dir='ltr' id='par_1_96' title="bbox 439 4912 2016 4987">
     <span class='ocr_line' id='line_1_96' title="bbox 439 4912 2016 4987; baseline -0.003 -17"><span class='ocrx_word' id='word_1_706' title='bbox 439 4918 574 4972; x_wconf 87' lang='lat' dir='ltr'><strong>bant</strong></span> <span class='ocrx_word' id='word_1_707' title='bbox 606 4916 934 4987; x_wconf 80' lang='lat' dir='ltr'><strong>Symeonem</strong></span> <span class='ocrx_word' id='word_1_708' title='bbox 960 4915 1162 4986; x_wconf 81' lang='lat' dir='ltr'><strong>angeli,</strong></span> <span class='ocrx_word' id='word_1_709' title='bbox 1198 4914 1264 4968; x_wconf 89' lang='lat' dir='ltr'><strong>ad</strong></span> <span class='ocrx_word' id='word_1_710' title='bbox 1301 4915 1565 4968; x_wconf 84' lang='lat' dir='ltr'><strong>miracula</strong></span> <span class='ocrx_word' id='word_1_711' title='bbox 1603 4923 1659 4968; x_wconf 91' lang='lat' dir='ltr'><strong>et</strong></span> <span class='ocrx_word' id='word_1_712' title='bbox 1693 4912 2016 4968; x_wconf 82' lang='lat' dir='ltr'><strong>medicatio-</strong></span> 
     </span>
    </p>
   </div>
   <div class='ocr_carea' id='block_1_97' title="bbox 439 5005 2018 5078">
    <p class='ocr_par' dir='ltr' id='par_1_97' title="bbox 439 5005 2018 5078">
     <span class='ocr_line' id='line_1_97' title="bbox 439 5005 2018 5078; baseline -0.004 -14"><span class='ocrx_word' id='word_1_713' title='bbox 439 5025 539 5064; x_wconf 85' lang='lat' dir='ltr'><strong>nes</strong></span> <span class='ocrx_word' id='word_1_714' title='bbox 583 5023 740 5078; x_wconf 89' lang='lat' dir='ltr'><strong>opem</strong></span> <span class='ocrx_word' id='word_1_715' title='bbox 791 5023 946 5062; x_wconf 89' lang='lat' dir='ltr'><strong>suam</strong></span> <span class='ocrx_word' id='word_1_716' title='bbox 1013 5006 1384 5070; x_wconf 85' lang='lat' dir='ltr'><strong>conferentes,</strong></span> <span class='ocrx_word' id='word_1_717' title='bbox 1449 5006 1524 5061; x_wconf 85' lang='lat' dir='ltr'><strong>ita</strong></span> <span class='ocrx_word' id='word_1_718' title='bbox 1573 5005 1678 5075; x_wconf 90' lang='lat' dir='ltr'><strong>ipsi</strong></span> <span class='ocrx_word' id='word_1_719' title='bbox 1723 5007 2018 5059; x_wconf 86' lang='lat' dir='ltr'><strong>astiterunt</strong></span> 
     </span>
    </p>
   </div>
   <div class='ocr_carea' id='block_1_98' title="bbox 435 5098 2016 5172">
    <p class='ocr_par' dir='ltr' id='par_1_98' title="bbox 435 5098 2016 5172">
     <span class='ocr_line' id='line_1_98' title="bbox 435 5098 2016 5172; baseline -0.004 -16"><span class='ocrx_word' id='word_1_720' title='bbox 435 5101 626 5172; x_wconf 88' lang='lat' dir='ltr'><strong>aliquo</strong></span> <span class='ocrx_word' id='word_1_721' title='bbox 650 5110 930 5170; x_wconf 77' lang='lat' dir='ltr'><strong>temporej;</strong></span> <span class='ocrx_word' id='word_1_722' title='bbox 959 5099 1161 5154; x_wconf 87' lang='lat' dir='ltr'><strong>deinde</strong></span> <span class='ocrx_word' id='word_1_723' title='bbox 1180 5114 1281 5169; x_wconf 92' lang='lat' dir='ltr'><strong>pro</strong></span> <span class='ocrx_word' id='word_1_724' title='bbox 1307 5113 1462 5154; x_wconf 90' lang='lat' dir='ltr'><strong>more</strong></span> <span class='ocrx_word' id='word_1_725' title='bbox 1511 5099 1650 5170; x_wconf 87' lang='lat' dir='ltr'><strong>jussi</strong></span> <span class='ocrx_word' id='word_1_726' title='bbox 1699 5098 1945 5153; x_wconf 82' lang='lat' dir='ltr'><strong>scribere</strong></span> <span class='ocrx_word' id='word_1_727' title='bbox 1985 5112 2016 5150; x_wconf 88' lang='lat' dir='ltr'><strong>a</strong></span> 
     </span>
    </p>
   </div>
   <div class='ocr_carea' id='block_1_99' title="bbox 439 5188 2012 5264">
    <p class='ocr_par' dir='ltr' id='par_1_99' title="bbox 439 5188 2012 5264">
     <span class='ocr_line' id='line_1_99' title="bbox 439 5188 2012 5264; baseline -0.004 -16"><span class='ocrx_word' id='word_1_728' title='bbox 439 5203 652 5256; x_wconf 86' lang='lat' dir='ltr'><strong>sancto,</strong></span> <span class='ocrx_word' id='word_1_729' title='bbox 681 5200 958 5264; x_wconf 82' lang='lat' dir='ltr'><strong>negarunt</strong></span> <span class='ocrx_word' id='word_1_730' title='bbox 983 5192 1038 5247; x_wconf 91' lang='lat' dir='ltr'><strong>id</strong></span> <span class='ocrx_word' id='word_1_731' title='bbox 1073 5207 1132 5248; x_wconf 90' lang='lat' dir='ltr'><strong>se</strong></span> <span class='ocrx_word' id='word_1_732' title='bbox 1183 5191 1428 5246; x_wconf 86' lang='lat' dir='ltr'><strong>facturos</strong></span> <span class='ocrx_word' id='word_1_733' title='bbox 1485 5191 1869 5261; x_wconf 85' lang='lat' dir='ltr'><strong>imposterum,</strong></span> <span class='ocrx_word' id='word_1_734' title='bbox 1923 5188 2012 5242; x_wconf 88' lang='lat' dir='ltr'><strong>di-</strong></span> 
     </span>
    </p>
   </div>
   <div class='ocr_carea' id='block_1_100' title="bbox 439 5277 2014 5352">
    <p class='ocr_par' dir='ltr' id='par_1_100' title="bbox 439 5277 2014 5352">
     <span class='ocr_line' id='line_1_100' title="bbox 439 5277 2014 5352; baseline -0.006 -12"><span class='ocrx_word' id='word_1_735' title='bbox 439 5293 658 5340; x_wconf 81' lang='lat' dir='ltr'><strong>centes:</strong></span> <span class='ocrx_word' id='word_1_736' title='bbox 693 5283 906 5339; x_wconf 81' lang='lat' dir='ltr'><strong>Auctus</strong></span> <span class='ocrx_word' id='word_1_737' title='bbox 931 5297 992 5338; x_wconf 91' lang='lat' dir='ltr'><strong>es</strong></span> <span class='ocrx_word' id='word_1_738' title='bbox 1019 5283 1312 5352; x_wconf 87' lang='lat' dir='ltr'><strong>perspicua</strong></span> <span class='ocrx_word' id='word_1_739' title='bbox 1353 5280 1452 5334; x_wconf 89' lang='lat' dir='ltr'><strong>Dei</strong></span> <span class='ocrx_word' id='word_1_740' title='bbox 1482 5279 1726 5349; x_wconf 88' lang='lat' dir='ltr'><strong>potentia</strong></span> <span class='ocrx_word' id='word_1_741' title='bbox 1771 5286 1829 5333; x_wconf 91' lang='lat' dir='ltr'><strong>et</strong></span> <span class='ocrx_word' id='word_1_742' title='bbox 1897 5277 2014 5330; x_wconf 89' lang='lat' dir='ltr'><strong>vir-</strong></span> 
     </span>
    </p>
   </div>
   <div class='ocr_carea' id='block_1_101' title="bbox 440 5368 2020 5442">
    <p class='ocr_par' dir='ltr' id='par_1_101' title="bbox 440 5368 2020 5442">
     <span class='ocr_line' id='line_1_101' title="bbox 440 5368 2020 5442; baseline -0.003 -17"><span class='ocrx_word' id='word_1_743' title='bbox 440 5383 589 5427; x_wconf 85' lang='lat' dir='ltr'><strong>tute:</strong></span> <span class='ocrx_word' id='word_1_744' title='bbox 611 5382 812 5429; x_wconf 82' lang='lat' dir='ltr'><strong>cuncta</strong></span> <span class='ocrx_word' id='word_1_745' title='bbox 827 5373 1092 5442; x_wconf 89' lang='lat' dir='ltr'><strong>deinceps</strong></span> <span class='ocrx_word' id='word_1_746' title='bbox 1125 5381 1178 5426; x_wconf 92' lang='lat' dir='ltr'><strong>te</strong></span> <span class='ocrx_word' id='word_1_747' title='bbox 1213 5369 1596 5426; x_wconf 89' lang='lat' dir='ltr'><strong>intercedente</strong></span> <span class='ocrx_word' id='word_1_748' title='bbox 1632 5368 1892 5424; x_wconf 88' lang='lat' dir='ltr'><strong>evenient</strong></span> <span class='ocrx_word' id='word_1_749' title='bbox 1917 5381 2020 5437; x_wconf 91' lang='lat' dir='ltr'><strong>pro</strong></span> 
     </span>
    </p>
   </div>
   <div class='ocr_carea' id='block_1_102' title="bbox 443 5460 2020 5532">
    <p class='ocr_par' dir='ltr' id='par_1_102' title="bbox 443 5460 2020 5532">
     <span class='ocr_line' id='line_1_102' title="bbox 443 5460 2020 5532; baseline -0.002 -16"><span class='ocrx_word' id='word_1_750' title='bbox 443 5463 550 5520; x_wconf 85' lang='lat' dir='ltr'><strong>ﬁde</strong></span> <span class='ocrx_word' id='word_1_751' title='bbox 586 5465 969 5520; x_wconf 89' lang='lat' dir='ltr'><strong>accedentium</strong></span> <span class='ocrx_word' id='word_1_752' title='bbox 1016 5463 1154 5529; x_wconf 90' lang='lat' dir='ltr'><strong>tibi;</strong></span> <span class='ocrx_word' id='word_1_753' title='bbox 1210 5461 1578 5532; x_wconf 88' lang='lat' dir='ltr'><strong>patrabuntur</strong></span> <span class='ocrx_word' id='word_1_754' title='bbox 1623 5460 1888 5515; x_wconf 87' lang='lat' dir='ltr'><strong>miracula</strong></span> <span class='ocrx_word' id='word_1_755' title='bbox 1921 5475 2020 5529; x_wconf 88' lang='lat' dir='ltr'><strong>per</strong></span> 
     </span>
    </p>
   </div>
   <div class='ocr_carea' id='block_1_103' title="bbox 447 5551 2028 5622">
    <p class='ocr_par' dir='ltr' id='par_1_103' title="bbox 447 5551 2028 5622">
     <span class='ocr_line' id='line_1_103' title="bbox 447 5551 2028 5622; baseline -0.003 -16"><span class='ocrx_word' id='word_1_756' title='bbox 447 5555 852 5622; x_wconf 82' lang='lat' dir='ltr'><strong>impositionetn</strong></span> <span class='ocrx_word' id='word_1_757' title='bbox 879 5569 1138 5609; x_wconf 87' lang='lat' dir='ltr'><strong>manuum</strong></span> <span class='ocrx_word' id='word_1_758' title='bbox 1171 5563 1409 5614; x_wconf 87' lang='lat' dir='ltr'><strong>tuarum,</strong></span> <span class='ocrx_word' id='word_1_759' title='bbox 1445 5567 1536 5621; x_wconf 86' lang='lat' dir='ltr'><strong>per</strong></span> <span class='ocrx_word' id='word_1_760' title='bbox 1579 5551 1871 5602; x_wconf 64' lang='lat' dir='ltr'><strong>tuitionem</strong></span> <span class='ocrx_word' id='word_1_761' title='bbox 1915 5562 2028 5602; x_wconf 88' lang='lat' dir='ltr'><strong>me-</strong></span> 
     </span>
    </p>
   </div>
   <div class='ocr_carea' id='block_1_104' title="bbox 449 5641 2024 5716">
    <p class='ocr_par' dir='ltr' id='par_1_104' title="bbox 449 5641 2024 5716">
     <span class='ocr_line' id='line_1_104' title="bbox 449 5641 2024 5716; baseline -0.003 -17"><span class='ocrx_word' id='word_1_762' title='bbox 449 5647 608 5706; x_wconf 74' lang='lat' dir='ltr'><strong>lotes.</strong></span> <span class='ocrx_word' id='word_1_763' title='bbox 653 5661 750 5716; x_wconf 85' lang='lat' dir='ltr'><strong>per</strong></span> <span class='ocrx_word' id='word_1_764' title='bbox 779 5647 1050 5703; x_wconf 84' lang='lat' dir='ltr'><strong>ﬁmbriam</strong></span> <span class='ocrx_word' id='word_1_765' title='bbox 1103 5648 1280 5713; x_wconf 81' lang='lat' dir='ltr'><strong>sacci,</strong></span> <span class='ocrx_word' id='word_1_766' title='bbox 1335 5661 1430 5715; x_wconf 84' lang='lat' dir='ltr'><strong>per</strong></span> <span class='ocrx_word' id='word_1_767' title='bbox 1475 5645 1678 5714; x_wconf 76' lang='lat' dir='ltr'><strong>virgam</strong></span> <span class='ocrx_word' id='word_1_768' title='bbox 1734 5641 2024 5712; x_wconf 78' lang='lat' dir='ltr'><strong>palmcam,</strong></span> 
     </span>
    </p>
   </div>
   <div class='ocr_carea' id='block_1_105' title="bbox 2121 4546 3700 4618">
    <p class='ocr_par' dir='ltr' id='par_1_105' title="bbox 2121 4546 3700 4618">
     <span class='ocr_line' id='line_1_105' title="bbox 2121 4546 3700 4618; baseline -0.001 -17"><span class='ocrx_word' id='word_1_769' title='bbox 2121 4548 2502 4618; x_wconf 82' lang='grc' dir='ltr'>ἀπαλλαγῆναι</span> <span class='ocrx_word' id='word_1_770' title='bbox 2521 4549 2864 4618; x_wconf 75' lang='grc' dir='ltr'>παραχρῆμα</span> <span class='ocrx_word' id='word_1_771' title='bbox 2881 4547 3304 4618; x_wconf 80' lang='grc' dir='ltr'>παρασκευάζει,</span> <span class='ocrx_word' id='word_1_772' title='bbox 3327 4547 3470 4616; x_wconf 78' lang='grc' dir='ltr'>μέγα</span> <span class='ocrx_word' id='word_1_773' title='bbox 3487 4546 3700 4616; x_wconf 84' lang='grc' dir='ltr'>βοῶντα</span> 
     </span>
    </p>
   </div>
   <div class='ocr_carea' id='block_1_106' title="bbox 2124 4636 3700 4708">
    <p class='ocr_par' dir='ltr' id='par_1_106' title="bbox 2124 4636 3700 4708">
     <span class='ocr_line' id='line_1_106' title="bbox 2124 4636 3700 4708; baseline -0.001 -17"><span class='ocrx_word' id='word_1_774' title='bbox 2124 4639 2216 4692; x_wconf 76' lang='grc' dir='ltr'>καὶ</span> <span class='ocrx_word' id='word_1_775' title='bbox 2245 4637 2412 4705; x_wconf 86' lang='grc' dir='ltr'>ὑγιῶς</span> <span class='ocrx_word' id='word_1_776' title='bbox 2437 4638 2656 4708; x_wconf 74' lang='grc' dir='ltr'>ἔχοντας</span> <span class='ocrx_word' id='word_1_777' title='bbox 2686 4639 2808 4700; x_wconf 73' lang='grc' dir='ltr'>τοὺς</span> <span class='ocrx_word' id='word_1_778' title='bbox 2838 4637 3035 4707; x_wconf 81' lang='grc' dir='ltr'>ἄνδρας</span> <span class='ocrx_word' id='word_1_779' title='bbox 3063 4636 3416 4702; x_wconf 74' lang='grc' dir='ltr'>ἀπολιπόντα,</span> <span class='ocrx_word' id='word_1_780' title='bbox 3452 4637 3700 4707; x_wconf 70' lang='grc' dir='ltr'>νηφαὶίῳ</span> 
     </span>
    </p>
   </div>
   <div class='ocr_carea' id='block_1_107' title="bbox 2125 4727 3700 4800">
    <p class='ocr_par' dir='ltr' id='par_1_107' title="bbox 2125 4727 3700 4800">
     <span class='ocr_line' id='line_1_107' title="bbox 2125 4727 3700 4800; baseline -0.001 -18"><span class='ocrx_word' id='word_1_781' title='bbox 2125 4730 2352 4800; x_wconf 84' lang='grc' dir='ltr'>στόματι</span> <span class='ocrx_word' id='word_1_782' title='bbox 2374 4729 2472 4790; x_wconf 70' lang='grc' dir='ltr'>τὰς</span> <span class='ocrx_word' id='word_1_783' title='bbox 2495 4729 2730 4791; x_wconf 79' lang='grc' dir='ltr'>αἰνέσεις</span> <span class='ocrx_word' id='word_1_784' title='bbox 2761 4727 2854 4781; x_wconf 83' lang='grc' dir='ltr'><strong>τοῦ</strong></span> <span class='ocrx_word' id='word_1_785' title='bbox 2885 4727 3020 4780; x_wconf 87' lang='grc' dir='ltr'>Θεοῦ</span> <span class='ocrx_word' id='word_1_786' title='bbox 3053 4727 3474 4798; x_wconf 79' lang='grc' dir='ltr'>μεγαλύνοντας.</span> <span class='ocrx_word' id='word_1_787' title='bbox 3497 4728 3559 4780; x_wconf 87' lang='grc' dir='ltr'><strong>οἱ</strong></span> <span class='ocrx_word' id='word_1_788' title='bbox 3601 4729 3700 4794; x_wconf 75' lang='grc' dir='ltr'>μὲν</span> 
     </span>
    </p>
   </div>
   <div class='ocr_carea' id='block_1_108' title="bbox 2119 4817 3698 4888">
    <p class='ocr_par' dir='ltr' id='par_1_108' title="bbox 2119 4817 3698 4888">
     <span class='ocr_line' id='line_1_108' title="bbox 2119 4817 3698 4888; baseline -0.003 -13"><span class='ocrx_word' id='word_1_789' title='bbox 2119 4821 2212 4876; x_wconf 74' lang='grc' dir='ltr'><strong>οὖν</strong></span> <span class='ocrx_word' id='word_1_790' title='bbox 2253 4819 2579 4882; x_wconf 78' lang='grc' dir='ltr'>κυκλοῦντες</span> <span class='ocrx_word' id='word_1_791' title='bbox 2605 4820 2764 4872; x_wconf 68' lang='grc' dir='ltr'>αὐτον</span> <span class='ocrx_word' id='word_1_792' title='bbox 2785 4818 3004 4886; x_wconf 79' lang='grc' dir='ltr'>ἄγγελοι</span> <span class='ocrx_word' id='word_1_793' title='bbox 3032 4858 3046 4882; x_wconf 95' lang='grc'><strong>,</strong></span> <span class='ocrx_word' id='word_1_794' title='bbox 3069 4819 3162 4871; x_wconf 75' lang='grc' dir='ltr'>καὶ</span> <span class='ocrx_word' id='word_1_795' title='bbox 3191 4817 3324 4888; x_wconf 76' lang='grc' dir='ltr'>πρὸς</span> <span class='ocrx_word' id='word_1_796' title='bbox 3351 4817 3418 4869; x_wconf 81' lang='grc' dir='ltr'>τὰ</span> <span class='ocrx_word' id='word_1_797' title='bbox 3439 4817 3698 4885; x_wconf 78' lang='grc' dir='ltr'>θαύματα</span> 
     </span>
    </p>
   </div>
   <div class='ocr_carea' id='block_1_109' title="bbox 2120 4906 3700 4977">
    <p class='ocr_par' dir='ltr' id='par_1_109' title="bbox 2120 4906 3700 4977">
     <span class='ocr_line' id='line_1_109' title="bbox 2120 4906 3700 4977; baseline -0.005 -10"><span class='ocrx_word' id='word_1_798' title='bbox 2120 4912 2333 4975; x_wconf 78' lang='grc' dir='ltr'>καὶτὰς</span> <span class='ocrx_word' id='word_1_799' title='bbox 2361 4911 2531 4971; x_wconf 73' lang='grc' dir='ltr'>ἰάσεις</span> <span class='ocrx_word' id='word_1_800' title='bbox 2559 4909 2990 4976; x_wconf 77' lang='grc' dir='ltr'>διακονούμενοι,</span> <span class='ocrx_word' id='word_1_801' title='bbox 3013 4908 3320 4977; x_wconf 74' lang='grc' dir='ltr'>παρέμενον</span> <span class='ocrx_word' id='word_1_802' title='bbox 3345 4906 3520 4970; x_wconf 74' lang='grc' dir='ltr'>οὕτως</span> <span class='ocrx_word' id='word_1_803' title='bbox 3548 4908 3700 4976; x_wconf 77' lang='grc' dir='ltr'>αὐτῷ</span> 
     </span>
    </p>
   </div>
   <div class='ocr_carea' id='block_1_110' title="bbox 2121 4997 3698 5076">
    <p class='ocr_par' dir='ltr' id='par_1_110' title="bbox 2121 4997 3698 5076">
     <span class='ocr_line' id='line_1_110' title="bbox 2121 4997 3698 5076; baseline -0.005 -17"><span class='ocrx_word' id='word_1_804' title='bbox 2121 5007 2281 5076; x_wconf 88' lang='grc' dir='ltr'>μέχρι</span> <span class='ocrx_word' id='word_1_805' title='bbox 2313 5005 2506 5071; x_wconf 81' lang='grc' dir='ltr'>καιροῦ</span> <span class='ocrx_word' id='word_1_806' title='bbox 2529 5021 2542 5032; x_wconf 91' lang='grc'><strong>·</strong></span> <span class='ocrx_word' id='word_1_807' title='bbox 2583 4997 2698 5054; x_wconf 72' lang='grc' dir='ltr'>εἶτα</span> <span class='ocrx_word' id='word_1_808' title='bbox 2725 5001 2865 5054; x_wconf 80' lang='grc' dir='ltr'>κατᾶ</span> <span class='ocrx_word' id='word_1_809' title='bbox 2885 5001 2946 5053; x_wconf 86' lang='grc' dir='ltr'>τὺ</span> <span class='ocrx_word' id='word_1_810' title='bbox 2979 5001 3208 5068; x_wconf 84' lang='grc' dir='ltr'>σύνηθες</span> <span class='ocrx_word' id='word_1_811' title='bbox 3239 5000 3422 5061; x_wconf 75' lang='grc' dir='ltr'>αὐτοῖς</span> <span class='ocrx_word' id='word_1_812' title='bbox 3451 5001 3698 5062; x_wconf 67' lang='grc' dir='ltr'>εξπῦντος</span> 
     </span>
    </p>
   </div>
   <div class='ocr_carea' id='block_1_111' title="bbox 2115 5091 3700 5168">
    <p class='ocr_par' dir='ltr' id='par_1_111' title="bbox 2115 5091 3700 5168">
     <span class='ocr_line' id='line_1_111' title="bbox 2115 5091 3700 5168; baseline -0.005 -18"><span class='ocrx_word' id='word_1_813' title='bbox 2115 5097 2324 5168; x_wconf 84' lang='grc' dir='ltr'>γράψαι</span> <span class='ocrx_word' id='word_1_814' title='bbox 2351 5095 2444 5149; x_wconf 86' lang='grc' dir='ltr'><strong>τοῦ</strong></span> <span class='ocrx_word' id='word_1_815' title='bbox 2471 5094 2695 5164; x_wconf 84' lang='grc' dir='ltr'>Συμεών</span> <span class='ocrx_word' id='word_1_816' title='bbox 2715 5111 2729 5126; x_wconf 90' lang='grc'><strong>·</strong></span> <span class='ocrx_word' id='word_1_817' title='bbox 2757 5092 2974 5159; x_wconf 75' lang='grc' dir='ltr'>Οὐκέτι,</span> <span class='ocrx_word' id='word_1_818' title='bbox 3007 5093 3170 5160; x_wconf 77' lang='grc' dir='ltr'>φασὶν</span> <span class='ocrx_word' id='word_1_819' title='bbox 3212 5093 3431 5153; x_wconf 77' lang='grc' dir='ltr'>ἐκεῖνοι,</span> <span class='ocrx_word' id='word_1_820' title='bbox 3462 5091 3700 5158; x_wconf 67' lang='grc' dir='ltr'>γράφειν</span> 
     </span>
    </p>
   </div>
   <div class='ocr_carea' id='block_1_112' title="bbox 2122 5181 3698 5258">
    <p class='ocr_par' dir='ltr' id='par_1_112' title="bbox 2122 5181 3698 5258">
     <span class='ocr_line' id='line_1_112' title="bbox 2122 5181 3698 5258; baseline -0.006 -17"><span class='ocrx_word' id='word_1_821' title='bbox 2122 5189 2183 5241; x_wconf 79' lang='grc' dir='ltr'>οὐ</span> <span class='ocrx_word' id='word_1_822' title='bbox 2211 5187 2284 5258; x_wconf 86' lang='grc' dir='ltr'>μὴ</span> <span class='ocrx_word' id='word_1_823' title='bbox 2311 5185 2658 5258; x_wconf 62' lang='grc' dir='ltr'>προσθῶμεν</span> <span class='ocrx_word' id='word_1_824' title='bbox 2685 5184 2948 5256; x_wconf 65' lang='grc' dir='ltr'><strong>⁴ηὖξηνται</strong></span> <span class='ocrx_word' id='word_1_825' title='bbox 2973 5183 3081 5252; x_wconf 88' lang='grc' dir='ltr'><strong>γὰρ</strong></span> <span class='ocrx_word' id='word_1_826' title='bbox 3105 5181 3162 5234; x_wconf 81' lang='grc' dir='ltr'>ὲν</span> <span class='ocrx_word' id='word_1_827' title='bbox 3188 5183 3271 5235; x_wconf 72' lang='grc' dir='ltr'>σοὶ</span> <span class='ocrx_word' id='word_1_828' title='bbox 3299 5182 3616 5250; x_wconf 74' lang='grc' dir='ltr'>περιφανῶς</span> <span class='ocrx_word' id='word_1_829' title='bbox 3645 5183 3698 5234; x_wconf 74' lang='grc' dir='ltr'>αξ</span> 
     </span>
    </p>
   </div>
   <div class='ocr_carea' id='block_1_113' title="bbox 2122 5271 3696 5341">
    <p class='ocr_par' dir='ltr' id='par_1_113' title="bbox 2122 5271 3696 5341">
     <span class='ocr_line' id='line_1_113' title="bbox 2122 5271 3696 5341; baseline -0.005 -11"><span class='ocrx_word' id='word_1_830' title='bbox 2122 5277 2218 5330; x_wconf 87' lang='grc' dir='ltr'><strong>τοῦ</strong></span> <span class='ocrx_word' id='word_1_831' title='bbox 2254 5277 2388 5330; x_wconf 85' lang='grc' dir='ltr'>Θεοῦ</span> <span class='ocrx_word' id='word_1_832' title='bbox 2423 5277 2752 5337; x_wconf 81' lang='grc' dir='ltr'>δυναστεῖαι,</span> <span class='ocrx_word' id='word_1_833' title='bbox 2802 5275 2895 5327; x_wconf 72' lang='grc' dir='ltr'><strong>καὶ</strong></span> <span class='ocrx_word' id='word_1_834' title='bbox 2945 5273 3122 5326; x_wconf 80' lang='grc' dir='ltr'>πάντα</span> <span class='ocrx_word' id='word_1_835' title='bbox 3169 5271 3311 5341; x_wconf 83' lang='grc' dir='ltr'>λόγῳ</span> <span class='ocrx_word' id='word_1_836' title='bbox 3357 5273 3452 5325; x_wconf 76' lang='grc' dir='ltr'>καὶ</span> <span class='ocrx_word' id='word_1_837' title='bbox 3469 5271 3696 5340; x_wconf 75' lang='grc' dir='ltr'>δυνάμει</span> 
     </span>
    </p>
   </div>
   <div class='ocr_carea' id='block_1_114' title="bbox 2117 5363 3696 5437">
    <p class='ocr_par' dir='ltr' id='par_1_114' title="bbox 2117 5363 3696 5437">
     <span class='ocr_line' id='line_1_114' title="bbox 2117 5363 3696 5437; baseline -0.003 -17"><span class='ocrx_word' id='word_1_838' title='bbox 2117 5367 2301 5421; x_wconf 82' lang='grc' dir='ltr'>λοιπὸν</span> <span class='ocrx_word' id='word_1_839' title='bbox 2337 5367 2477 5420; x_wconf 80' lang='grc' dir='ltr'>κατὰ</span> <span class='ocrx_word' id='word_1_840' title='bbox 2509 5367 2605 5437; x_wconf 79' lang='grc' dir='ltr'>τὴν</span> <span class='ocrx_word' id='word_1_841' title='bbox 2633 5365 2742 5419; x_wconf 88' lang='grc' dir='ltr'><strong>τῶν</strong></span> <span class='ocrx_word' id='word_1_842' title='bbox 2781 5365 3234 5436; x_wconf 76' lang='grc' dir='ltr'>προσερχομένων</span> <span class='ocrx_word' id='word_1_843' title='bbox 3259 5363 3440 5416; x_wconf 85' lang='grc' dir='ltr'>πίστιν</span> <span class='ocrx_word' id='word_1_844' title='bbox 3471 5365 3696 5434; x_wconf 70' lang='grc' dir='ltr'>γενήσεσ-</span> 
     </span>
    </p>
   </div>
   <div class='ocr_carea' id='block_1_115' title="bbox 2118 5453 3690 5525">
    <p class='ocr_par' dir='ltr' id='par_1_115' title="bbox 2118 5453 3690 5525">
     <span class='ocr_line' id='line_1_115' title="bbox 2118 5453 3690 5525; baseline 0 -14"><span class='ocrx_word' id='word_1_845' title='bbox 2118 5477 2208 5512; x_wconf 85' lang='grc' dir='ltr'>τοιι</span> <span class='ocrx_word' id='word_1_846' title='bbox 2235 5459 2322 5511; x_wconf 74' lang='grc' dir='ltr'><strong>διὰ</strong></span> <span class='ocrx_word' id='word_1_847' title='bbox 2351 5458 2441 5510; x_wconf 84' lang='grc' dir='ltr'><strong>σοῦ</strong></span> <span class='ocrx_word' id='word_1_848' title='bbox 2476 5460 2533 5509; x_wconf 78' lang='grc' dir='ltr'>ἐν</span> <span class='ocrx_word' id='word_1_849' title='bbox 2561 5456 2804 5510; x_wconf 82' lang='grc' dir='ltr'>ὲπιθέσει</span> <span class='ocrx_word' id='word_1_850' title='bbox 2839 5455 3039 5525; x_wconf 87' lang='grc' dir='ltr'>χειρῶν</span> <span class='ocrx_word' id='word_1_851' title='bbox 3069 5470 3186 5518; x_wconf 90' lang='grc' dir='ltr'>σου,</span> <span class='ocrx_word' id='word_1_852' title='bbox 3213 5453 3270 5505; x_wconf 76' lang='grc' dir='ltr'>ἐν</span> <span class='ocrx_word' id='word_1_853' title='bbox 3295 5454 3406 5524; x_wconf 82' lang='grc' dir='ltr'><strong>ἁφῇ</strong></span> <span class='ocrx_word' id='word_1_854' title='bbox 3441 5453 3690 5523; x_wconf 66' lang='grc' dir='ltr'>μηλωτῆς</span> 
     </span>
    </p>
   </div>
   <div class='ocr_carea' id='block_1_116' title="bbox 2119 5543 3688 5620">
    <p class='ocr_par' dir='ltr' id='par_1_116' title="bbox 2119 5543 3688 5620">
     <span class='ocr_line' id='line_1_116' title="bbox 2119 5543 3688 5620; baseline -0.006 -19"><span class='ocrx_word' id='word_1_855' title='bbox 2119 5567 2232 5608; x_wconf 87' lang='grc' dir='ltr'>σου,</span> <span class='ocrx_word' id='word_1_856' title='bbox 2265 5551 2322 5600; x_wconf 81' lang='grc' dir='ltr'><strong>ἐν</strong></span> <span class='ocrx_word' id='word_1_857' title='bbox 2353 5547 2646 5620; x_wconf 83' lang='grc' dir='ltr'>κρασπὲδῳ</span> <span class='ocrx_word' id='word_1_858' title='bbox 2679 5546 2772 5600; x_wconf 76' lang='grc' dir='ltr'><strong>τοῦ</strong></span> <span class='ocrx_word' id='word_1_859' title='bbox 2802 5547 3007 5600; x_wconf 79' lang='grc' dir='ltr'>σάκκου</span> <span class='ocrx_word' id='word_1_860' title='bbox 3039 5561 3156 5610; x_wconf 85' lang='grc' dir='ltr'>σου,</span> <span class='ocrx_word' id='word_1_861' title='bbox 3195 5543 3254 5596; x_wconf 72' lang='grc' dir='ltr'>ἑν</span> <span class='ocrx_word' id='word_1_862' title='bbox 3295 5546 3362 5614; x_wconf 79' lang='grc' dir='ltr'>τῇ</span> <span class='ocrx_word' id='word_1_863' title='bbox 3405 5543 3562 5613; x_wconf 80' lang='grc' dir='ltr'>βαῖνῃ</span> <span class='ocrx_word' id='word_1_864' title='bbox 3603 5559 3688 5593; x_wconf 54' lang='grc' dir='ltr'><strong>σου</strong></span> 
     </span>
    </p>
   </div>
   <div class='ocr_carea' id='block_1_117' title="bbox 2117 5627 3686 5706">
    <p class='ocr_par' dir='ltr' id='par_1_117' title="bbox 2117 5627 3686 5706">
     <span class='ocr_line' id='line_1_117' title="bbox 2117 5627 3686 5706; baseline -0.006 -14"><span class='ocrx_word' id='word_1_865' title='bbox 2117 5637 2317 5706; x_wconf 71' lang='grc' dir='ltr'><strong>ῥάϐδῳ,</strong></span> <span class='ocrx_word' id='word_1_866' title='bbox 2351 5638 2410 5688; x_wconf 75' lang='grc' dir='ltr'><strong>οὐ</strong></span> <span class='ocrx_word' id='word_1_867' title='bbox 2441 5634 2546 5704; x_wconf 78' lang='grc' dir='ltr'>μὴν</span> <span class='ocrx_word' id='word_1_868' title='bbox 2574 5633 2708 5690; x_wconf 75' lang='grc' dir='ltr'>ἀλλὰ</span> <span class='ocrx_word' id='word_1_869' title='bbox 2749 5633 2842 5687; x_wconf 72' lang='grc' dir='ltr'><strong>καὶ</strong></span> <span class='ocrx_word' id='word_1_870' title='bbox 2865 5631 2954 5688; x_wconf 81' lang='grc' dir='ltr'>διὰ</span> <span class='ocrx_word' id='word_1_871' title='bbox 2985 5631 3148 5702; x_wconf 83' lang='grc' dir='ltr'>ψιλῆς</span> <span class='ocrx_word' id='word_1_872' title='bbox 3189 5631 3390 5695; x_wconf 74' lang='grc' dir='ltr'>κόνεως</span> <span class='ocrx_word' id='word_1_873' title='bbox 3421 5641 3572 5702; x_wconf 64' lang='grc' dir='ltr'>παρα</span> <span class='ocrx_word' id='word_1_874' title='bbox 3601 5627 3686 5682; x_wconf 76' lang='grc' dir='ltr'><strong>σοῦ</strong></span> 
     </span>
    </p>
   </div>
  </div>
