4034 6186
375 265 512 332 3033

1357 283 1547 346 .VlTA
1585 286 1630 342 A
1670 285 2101 350 NICEPHORO
2137 292 2620 352 CONSCRIPTA.

3483 285 3634 369 σοι-ι

374 379 688 448 δεδομένης,
739 383 834 436 καὶ
883 384 949 436 δι’
980 387 1149 458 αὐτῆς
1194 389 1250 441 δὲ
1296 391 1394 459 τῆς
1425 391 1520 444 τοῦ
1570 392 1662 446 σοῦ
1693 396 1929 465 όνόματο

2053 398 2296 466 (minimo
2321 415 2414 469 per
2443 403 2742 469 pauxiHum
2779 405 3017 474 pulveris
3043 409 3110 462 ad
3141 421 3188 464 te
3216 411 3348 478 dati,
3377 425 3428 468 et
3457 416 3626 470 solam

371 471 740 541 ἐπικλήσεως·
766 475 897 528 ὅπου
928 478 1038 548 γὰρ
1070 480 1101 549 ή
1137 479 1202 550 σὴ
1238 483 1447 551 μνήμη,
1480 485 1598 537 ἐκεῖ
1637 485 1730 538 καὶ
1762 489 1794 554 ή
1831 487 1947 540 θεία

369 563 553 633 χάρις,
588 569 770 620 πᾶσαν
797 570 1080 624 ἀσθένειαν
1114 575 1254 626 κατὰ
1281 576 1458 629 πάντα
1499 579 1687 648 καιρὸν
1718 581 1943 651 ἰωμένη.

373 655 632 724 Ὄψονται
662 657 718 710 δέ
747 676 803 711 σε
838 661 1024 714 πολλοὶ
1061 664 1156 716 καὶ
1208 667 1264 717 ἐν
1323 668 1522 731 οίκίαις
1570 671 1660 721 καὶ
1699 673 1758 724 ἐν
1789 672 1944 736 ὁδοῖς,

369 748 462 797 καὶ
489 748 581 799 ἐπὶ
607 751 768 801 πᾶσιν
793 751 970 820 ἔργοις
996 754 1174 806 αὐτῶν
1192 771 1204 784 ·
1241 757 1332 810 καὶ
1361 760 1562 823 πάντες
1591 762 1705 814 ὅσοι
1727 763 1947 833 δεήσον-

368 850 458 886 ται
496 834 591 887 τοῦ
632 836 765 892 Θεοῦ
821 839 910 891 διὰ
944 840 1037 892 σοῦ
1068 843 1311 910 μεσίτου,
1353 847 1410 897 ἐν
1446 850 1691 917 ἐρήμοις,
1741 853 1797 902 ἐν
1826 852 1946 921 δρεο

370 940 473 987 σιν,
505 927 564 978 ἐν
607 926 875 1000 θαλάσσῃ,
919 932 976 983 ἐν
1002 935 1091 1002 γῇ,
1146 935 1203 984 ἐν
1238 936 1476 1007 φυλακῇ,
1507 941 1564 990 ἐν
1597 944 1944 1015 αἰχμαλωσίᾳ

371 1017 642 1083 σωτηρίαν
671 1019 821 1086 παρὰ
856 1020 947 1072 σοῦ
978 1024 1296 1090 κομιοῦνται
1319 1042 1330 1052 ’
1360 1029 1493 1080 πᾶσί
1522 1046 1578 1082 τε
1605 1030 1942 1101 θλιϐομένοις

369 1106 467 1177 Ean
516 1109 824 1180 καταφυγή,
862 1114 954 1164 καὶ
999 1115 1277 1185 χαίρουσιν
1322 1119 1609 1187 ἀσφάλεια,
1641 1128 1736 1176 καί
1776 1126 1882 1188 πᾶς
1915 1130 1940 1180 ἐ

372 1200 750 1264 πεπιστευκὼς
800 1203 986 1256 δοῦλον
1042 1207 1300 1260 ἐκλεκτὸν
1348 1206 1484 1264 εἶναί
1537 1230 1595 1265 σε
1653 1215 1807 1281 Θεοῦ,
1847 1218 1941 1270 ἐπὶ

368 1289 566 1342 ἀσπίδα
599 1291 692 1344 καὶ
722 1292 1035 1362 βασιλίσκον
1072 1298 1412 1367 ἐπιϐήσεται,
1439 1302 1534 1355 καὶ
1569 1308 1798 1376 πατήσει
1839 1311 1937 1361 ἐπ·

369 1380 478 1431 ἀνω
499 1379 674 1447 ὄφεων
701 1385 793 1435 καὶ
820 1388 1116 1457 σκορπίων,
1141 1390 1232 1441 καὶ
1259 1391 1351 1442 ἐπὶ
1383 1396 1560 1446 πᾶσαν
1589 1397 1683 1466 τὴν
1711 1398 1939 1470 δύναμιν

365 1469 457 1521 τοῦ
489 1472 703 1542 ἐχθροῦ.
739 1475 924 1528 Ταῦτα
958 1480 1004 1528 οἱ
1048 1479 1147 1547 μὲν
1182 1483 1446 1546 εἰπόντες,
1477 1487 1740 1556 ἀπῆλθον,
1779 1491 1854 1558 τῷ
1883 1492 1935 1543 δὲ

366 1561 587 1630 Συμεὼν
607 1563 686 1615 ἔτι
712 1566 910 1637 μᾶλλον
935 1568 991 1633 ἐξ
1031 1570 1242 1623 ἐκείνου
1273 1574 1340 1627 τὰ
1371 1575 1620 1645 θαύματα
1644 1579 1812 1631 πλείω
1845 1583 1939 1632 ἐπ-

364 1653 533 1741 έρρει,
577 1654 651 1716 ὡς
708 1659 801 1710 καὶ
849 1661 1068 1727 τυφλοῖς
1119 1663 1412 1734 ὀφθαλμῶν
1469 1669 1584 1735 φῶς
1633 1670 1720 1723 διὰ
1767 1672 1937 1741 μόνης

363 1740 567 1796 ἐκείνου
596 1747 898 1818 προσευχῆς
923 1753 1268 1822 χαρισθῆναι.

2056 486 2293 540 nominis
2326 487 2397 539 tui
2436 488 2870 558 invocationem;
2905 493 3214 562 ubicunque
3243 499 3386 552 enim
3422 516 3632 555 memo-

2053 573 2130 623 ria
2159 580 2248 624 tua
2286 575 2577 636 recoletnr,
2613 575 2810 630 ibidem
2853 588 2904 632 et
2935 583 3103 649 gt'..tia
3149 581 3242 636 Dei
3278 597 3471 652 pra-sto
3500 589 3625 651 erit,

2050 675 2266 713 omnem
2299 662 2444 714 oumi
2476 673 2718 726 tempore
2749 665 3121 720 infirmitatem
3156 681 3434 726 curatura.
3475 675 3628 729 Vide-

2052 747 2186 801 bunt
2213 758 2264 802 te
2295 751 2449 803 nnilti
2497 752 2549 803 in
2599 754 2883 812 domibus.
2921 757 2972 809 in
3007 758 3315 822 itincribus,
3351 763 3402 814 in
3433 767 3628 832 quovis

2048 852 2213 901 Opere
2264 854 2398 901 suo;
2436 848 2488 892 et
2535 841 2852 910 quicunque
2901 849 3272 911 prcrulmntur
3322 850 3486 902 Deum
3532 869 3626 918 per

2049 923 2496 977 intercessionem
2544 937 2712 990 tuam,
2766 932 2816 980 in
2869 931 3182 996 solitudine,
3224 935 3276 986 in
3325 942 3620 1003 montibus,

2047 1010 2206 1071 mari,
2239 1020 2403 1076 terra,
2449 1028 2691 1073 carcere,
2724 1018 2990 1070 servitute
3031 1022 3376 1081 exsisteutes.
3423 1028 3624 1079 sanita-

2047 1105 2152 1150 tem
2202 1114 2298 1168 per
2342 1109 2394 1152 te
2451 1106 2849 1170 recuperahuut
2892 1122 2903 1156 :
2943 1109 3197 1163 omnibus
3249 1112 3521 1167 nillil-tatis
3563 1124 3620 1168 tu

2045 1188 2158 1241 uris
2189 1187 2481 1258 refugium,
2502 1189 2867 1256 gaudentibus
2893 1195 3150 1249 oniuibus
3181 1201 3451 1253 securitas
3475 1204 3622 1257 eris:

2046 1277 2294 1346 quisquis
2323 1275 2615 1329 crediderit
2640 1266 2872 1330 elect-um
2905 1279 2998 1332 Dei
3032 1296 3248 1336 servum
3281 1300 3402 1338 esse
3429 1296 3501 1349 te,
3534 1303 3629 1340 su—

2043 1379 2140 1433 per
2165 1363 2458 1417 draconcm
2487 1375 2538 1418 et
2568 1365 2884 1418 basiliscum
2919 1371 3215 1435 gradietur,
3246 1383 3297 1424 et
3321 1373 3625 1428 ambulabit

2044 1467 2207 1519 super
2240 1461 2521 1520 srrpcnlcs
2565 1461 2619 1504 et
2662 1455 3002 1522 sem-pimus,
3053 1461 3304 1525 superior
3349 1464 3495 1515 omni
3535 1480 3627 1515 vc-

2042 1556 2184 1594 neuo
2210 1540 2437 1592 iniu'iici.
2469 1541 2562 1594 llis
2593 1543 2776 1601 dictis,
2826 1545 3077 1598 abierunt.
3127 1549 3339 1618 angeli;
3384 1551 3622 1622 Symeon

2042 1638 2222 1681 autem
2255 1644 2319 1680 cx
2348 1628 2438 1680 illo
2468 1639 2710 1695 tempore
2740 1631 2986 1697 pluribus
3031 1634 3194 1686 etiam
3227 1639 3619 1692 miraculorum

2040 1717 2228 1785 gratiis
2258 1718 2484 1777 allluxit,
2513 1718 2650 1770 adeo
2684 1729 2739 1770 ut
2771 1722 2930 1774 cacis
2966 1737 3060 1789 per
3091 1726 3262 1777 solam
3299 1726 3468 1794 ipsius
3499 1745 3622 1796 pre-

2040 1804 2308 1856 cationem
2365 1804 2542 1857 lumen
2592 1805 2874 1858 oculorum
2923 1812 3333 1870 concederetur.
3394 1815 3498 1870 Sed
3553 1833 3615 1873 ea

2043 1905 2184 1941 mur
2217 1890 2492 1959 sigillatim
2529 1907 2943 1962 prosequamur.

1794 2043 2027 2099 CAPUT
2067 2040 2174 2096 \‘at.

566 2207 829 2264 Mirarula
856 2211 995 2264 circa
1031 2227 1425 2281 energumeuos,
1464 2225 1746 2282 mortuum,
1781 2226 1828 2271 et
1867 2219 2158 2287 veneﬁcia;
2190 2221 2299 2275 alia
2333 2238 2426 2291 per
2457 2223 2739 2292 discipulos
2763 2227 2949 2296 facta;
2983 2230 3238 2287 mirabilis
3274 2237 3420 2288 visio.

424 2389 525 2445 να’.
563 2391 680 2467 Ἵνα
731 2391 787 2444 δὲ
834 2394 929 2444 καὶ
994 2393 1060 2446 τὰ
1109 2393 1232 2446 καθ’
1281 2394 1510 2450 ἕκαστον
1581 2398 1920 2467 ἐπεξίοιμεν,

353 2480 625 2560 προσῆλθε
652 2499 735 2542 τις
777 2481 923 2552 αὐτῷ
955 2485 1111 2554 γυνὴ,
1143 2485 1327 2539 τέκνον
1355 2487 1552 2541 ἄλαλον
1600 2491 1700 2543 καὶ
1729 2489 1922 2560 δαίμο-

351 2576 402 2622 νι
437 2573 668 2639 κάτοχον
720 2570 918 2640 ἔχουσα
943 2589 957 2602 ⁸
993 2576 1085 2624 καὶ
1116 2575 1146 2642 ἡ
1185 2574 1283 2642 μὲν
1349 2577 1772 2648 ἐπιτεθειμένην
1827 2580 1926 2650 τὴν

353 2659 541 2730 θυρίδα
595 2660 796 2722 ἰδοῦσα,
846 2661 1024 2728 τίθησι
1107 2665 1263 2717 τοῦτο
1321 2667 1470 2737 παρὰ
1500 2671 1564 2738 τῇ
1625 2668 1716 2721 τοῦ
1748 2670 1925 2734 κίονος

353 2751 506 2821 βάσει
532 2769 545 2784 '
577 2754 918 2824 παραχρῆμα
944 2755 997 2806 δὲ
1029 2751 1117 2808 οἷά
1146 2774 1228 2818 τις
1259 2757 1555 2828 ἐξέλαμψεν
1578 2757 1786 2812 ἄνωθεν
1822 2760 1927 2813 άπὸ

350 2845 448 2915 τῆς
483 2846 735 2916 μηλωτῆς
764 2847 1042 2918 ἀστραπὴ,
1072 2851 1136 2915 τῇ
1173 2849 1226 2901 δὲ
1256 2845 1386 2920 ἧλος
1428 2851 1753 2914 συνέζευκτο
1784 2891 1798 2914 ,
1832 2853 1926 2904 καὶ

350 2937 503 3007 φωνή
524 2939 754 2991 κατόπιν
781 2937 1030 3006 ἠκούετο·
1062 2937 1302 3003 Ἔξελθε,
1339 2942 1399 2992 τὸ
1423 2941 1734 3012 ἀκάθαρτον
1761 2940 1926 2993 πνεῦ-

354 3043 433 3096 μα.
454 3069 468 3091 ,
497 3027 824 3095 διωκόμενον
857 3027 958 3080 ὑπὸ
980 3029 1216 3098 Χριστοῦ
1249 3029 1336 3082 διὰ
1367 3030 1466 3099 τῆς
1500 3033 1559 3082 ἐν
1590 3032 1667 3100 τῷ
1701 3031 1926 3101 Συμεὼν

350 3121 592 3190 χάριτος,
629 3119 866 3187 λέγουσα
899 3138 910 3150 ’
941 3121 1035 3172 καὶ
1062 3124 1088 3174 ὁ
1112 3124 1239 3182 παῖς
1272 3123 1380 3174 ἀπὸ
1413 3123 1513 3193 τῆς
1539 3123 1736 3192 διπλῆς
1759 3124 1925 3186 εὐθὺς

2104 2401 2195 2458 5|.
2249 2404 2497 2460 Accessit
2543 2406 2666 2461 viro
2709 2418 2900 2463 sancto
2933 2411 3135 2464 mulier
3185 2413 3456 2480 quzedam,
3485 2429 3606 2482 quae

2033 2509 2264 2562 puerum
2310 2507 2521 2552 mutum
2582 2509 2639 2555 et
2668 2501 2916 2556 daemone
2974 2503 3260 2555 obsessum
3329 2504 3606 2559 habebat:

2032 2603 2267 2658 cumque
2297 2591 2641 2646 oblirmatam
2697 2594 2992 2648 fenestram
3017 2597 3446 2673 conspicaretur,
3479 2613 3614 2666 pue-

2035 2695 2154 2733 rum
2187 2680 2253 2734 ad
2285 2682 2555 2738 columnae
2597 2685 2753 2738 basin
2799 2685 3046 2751 deponit.
3103 2687 3380 2742 Continuo
3426 2698 3610 2743 autem

2035 2780 2290 2840 tanquam
2318 2774 2502 2842 fulgur
2529 2775 2768 2844 desuper
2795 2792 2824 2831 e
2888 2778 3088 2832 melote
3140 2779 3428 2849 Symeonis
3471 2781 3613 2834 emi-

2031 2855 2167 2924 cu'it,
2208 2864 2296 2916 cui
2329 2864 2549 2919 additus
2582 2881 2751 2920 sonus
2777 2866 3076 2936 auditaque
3109 2878 3234 2936 post
3262 2879 3472 2939 tergum
3506 2886 3612 2926 vox

2031 2962 2132 3018 est,
2169 2970 2291 3023 quae
2328 2955 2548 3010 dicebat
2573 2974 2586 3008 :
2616 2957 2736 3019 Exi,
2766 2959 3138 3027 impurissime
3166 2963 3413 3029 spiritus,
3442 2962 3600 3031 fuga-

2030 3054 2120 3098 tus
2145 3061 2171 3098 a
2208 3044 2427 3100 Christo
2452 3063 2548 3116 per
2573 3049 2804 3117 gratiam
2863 3048 3172 3119 Symeonis.
3206 3052 3282 3105 Ita
3327 3068 3464 3121 puer
3488 3053 3594 3105 du-

2028 3135 2188 3204 plicis
2218 3137 2344 3190 mali
2371 3138 2718 3192 curationem
2758 3139 2993 3208 accepit,
3030 3156 3137 3194 non
3173 3149 3386 3196 tantum
3440 3159 3607 3198 vexa-

353 3209 470 3262 ίᾶτο
497 3210 780 3278 μάστιγος,
821 3210 880 3262 οὐ
912 3212 1009 3279 τῆς
1037 3211 1130 3263 τοῦ
1169 3211 1424 3281 δαίμονος
1461 3213 1624 3282 μόνον
1659 3215 1920 3285 ἐπηρείας

2034 3229 2177 3284 tione
2235 3228 2499 3284 daemonis
2556 3230 2845 3294 liberatus,
2908 3232 3002 3285 sed
3053 3233 3199 3286 clara
3250 3233 3418 3287 etiam
3475 3249 3609 3288 voce

355 3298 796 3368 ἀπηλλαγμένος,
832 3300 970 3353 ἀλλὰ
1008 3301 1103 3355 καὶ
1146 3301 1374 3373 λαμπρᾷ
1413 3303 1628 3377 γλώττῃ
1669 3304 1803 3359 Θεὸν
1834 3308 1926 3358 καὶ

350 3391 439 3443 τὸν
471 3391 635 3443 αὐτοῦ
678 3391 986 3463 θεράποντα
1038 3394 1386 3462 μεγαλύνων.
1423 3397 1578 3449 Μετὰ
1643 3399 1698 3450 δὲ
1755 3399 1928 3452 ταῦτα

351 3480 603 3548 πρόσεισί
633 3499 714 3544 τις
748 3483 888 3552 ἀνὴρ
919 3483 1066 3553 αὑτῷ
1113 3485 1214 3551 τῆς
1246 3486 1635 3540 Καππαδοκῶν
1661 3489 1923 3558 ὡρμημέ-

349 3593 436 3640 νος
466 3576 677 3645 δαίμονι
707 3577 894 3641 δεινῶς
946 3579 1292 3648 ἐταζὸμενος,
1339 3579 1588 3648 Ἐλέησόν
1636 3599 1724 3650 με,
1773 3581 1926 3635 δοῦλε

349 3666 441 3721 τοῦ
471 3668 627 3733 Θεοῦ,
652 3667 994 3739 κράζων,ὑπδ
1017 3669 1263 3738 δαίμονος
1293 3670 1693 3735 θανατούμενον
1720 3689 1732 3703 ·
1763 3673 1927 3725 τοῦτο

347 3754 406 3809 δὲ
446 3757 537 3810 καὶ
568 3759 648 3820 είς
695 3757 890 3828 τρίτην
924 3760 1047 3828 ἑξῆς
1073 3762 1288 3829 ἡμέραν
1329 3763 1564 3833 ἐπέμενε
1607 3762 1767 3833 δρῶν.
1813 3765 1922 3816 [la-

349 3845 599 3915 ρακύψας
646 3847 824 3900 τοίνυν
853 3850 881 3902 ό
915 3849 1058 3919 ἱερὸς
1122 3850 1372 3919 Συμεὼν,
1401 3852 1478 3922 τῷ
1519 3870 1580 3906 τε
1647 3853 1922 3920 πνεύματι

346 3934 426 4006 τῷ
458 3937 754 4008 ἀκαθάρτῳ
809 3940 1166 4011 ἐπιτιμήσας,
1195 3937 1315 3996 εἶτα
1376 3945 1470 3996 καὶ
1527 3945 1834 4014 κράσπεδόν
1872 3963 1924 3996 τι

345 4025 439 4078 τοῦ
477 4028 677 4080 οἰκείου
707 4030 912 4082 σάκκου
942 4033 1313 4103 φυλακτήριον
1333 4032 1412 4102 τῷ
1441 4034 1598 4105 ἀνδρὶ
1645 4034 1918 4096 δεδωκὼς,

347 4117 474 4188 ὑγιῆ
530 4119 718 4173 τοῦτον
766 4121 950 4174 οἴκαδε
991 4118 1239 4174 ἀπολύει.
1287 4118 1344 4176 Ὀ
1374 4124 1430 4177 δὲ
1482 4119 1562 4187 οἷς
1603 4125 1668 4178 ἂν
1698 4125 1914 4195 ἐντύχοι

347 4212 508 4264 πάλιν
541 4212 740 4282 ὁμοίως
770 4213 1037 4282 πάσχουσι
1069 4213 1425 4284 (πεπιίδευτο
1458 4216 1570 4286 γὰρ
1611 4216 1672 4269 τὸ
1704 4233 1922 4285 συμποι⁶

348 4303 438 4364 θές
503 4305 562 4371 ἐξ
587 4299 661 4359 ὧν
695 4305 1004 4375 πέπονθεν),
1032 4306 1266 4374 ἑτοίμως
1308 4307 1368 4358 τὸ
1407 4306 1560 4360 δοθὲν
1591 4308 1867 4377 μετεδίδου
1904 4327 1916 4338 ·

346 4397 396 4451 οἳ
427 4397 722 4468 θεραπείας
751 4400 843 4450 καὶ
882 4397 1034 4450 αὐτοὶ
1058 4401 1441 4467 τυγχάνοντες,
1462 4400 1537 4468 τῷ
1562 4400 1727 4471 κοινῷ
1758 4418 1922 4470 προτ-

344 4489 513 4560 ήεσαν
537 4491 800 4562 εὐεργέτῃ
836 4490 974 4562 Θεῷ,
999 4492 1091 4543 καὶ
1123 4491 1269 4560 αὐτῷ
1285 4493 1382 4554 τὰς
1408 4491 1756 4562 εὐχαριστίας
1783 4494 1916 4544 ἀπο-

343 4579 596 4641 διδόντες.

413 4669 510 4739 νβ’.
545 4670 781 4722 Νεανίαν
831 4670 950 4723 τινὰ
1002 4671 1210 4741 δαίμων
1260 4671 1514 4724 τοσοῦτον
1558 4673 1811 4742 ἠνώχλει,
1841 4673 1915 4736 ὡς

345 4761 556 4830 ῥίπτειν
625 4761 815 4814 ἑαυτὸν
877 4762 1021 4815 κατὰ
1089 4763 1214 4832 γῆς,
1278 4764 1370 4816 καὶ
1446 4763 1565 4816 λίαν
1592 4765 1917 4834 ἀσχημόνως

345 4851 700 4922 σπαράττειν,
732 4851 831 4923 ήδη
866 4852 920 4904 δὲ
965 4855 1061 4906 καὶ
1091 4853 1187 4924 τῆς
1214 4853 1421 4917 οἰκείας
1455 4854 1703 4922 γλώττης
1751 4855 1917 4908 ἐλεειο

342 4943 452 5006 νῶς
512 4942 918 5015 παρατρὼγειν.
956 4944 1158 4998 Τοῦτον
1207 4946 1500 5014 τοιγαροῦν
1529 4947 1607 5016 τῷ
1639 4947 1769 5018 θείῳ
1813 4949 1916 5000 Συ-

346 5034 491 5103 μεὼν
515 5033 901 5104 προσελθόντα,
931 5038 1026 5090 καὶ
1052 5037 1268 5106 θερμῶς
1290 5037 1456 5088 αὐτοῦ
1486 5038 1914 5106 καταδεηθέντα,

344 5128 660 5196 ἐπιτιμήσει
713 5128 855 5180 κατὰ
901 5127 997 5179 τοῦ
1051 5127 1288 5197 πονηροῦ
1343 5128 1690 5198 πνεύματος,
1741 5131 1929 5183 τοῦτον

344 5216 677 5270 ἀπαλλάττει
700 5217 793 5269 τοῦ
822 5216 1187 5286 ἐνοχλοῦντος,
1211 5219 1305 5270 καὶ
1323 5217 1492 5287 ὑγιῶς
1516 5221 1712 5274 αὐτίκα
1730 5220 1932 5282 δείκνυ,

346 5325 432 5361 σιν
463 5309 673 5379 ἔχοντα.
693 5310 969 5379 Ἀντιοχέα
997 5309 1118 5362 τινὰ
1144 5314 1361 5380 κατεῖχε
1391 5313 1520 5382 περὶ
1545 5313 1634 5365 τὸν
1665 5315 1934 5386 στόμαχον

346 5401 514 5466 τάθος
535 5443 549 5467 ,
581 5401 724 5456 οὕτω
747 5402 933 5463 δεινῶς
960 5402 1124 5455 αὐτοῦ
1154 5405 1388 5472 στρέψον
1414 5404 1481 5458 τά
1510 5405 1658 5459 ἔνδον
1680 5449 1694 5472 ,
1724 5407 1800 5472 ὼς
1841 5411 1933 5462 καὶ

344 5494 419 5561 τι)
468 5495 652 5564 ἐδάφει
703 5495 1101 5568 προσερῤίφθαι
1151 5497 1440 5563 πολλάκις,
1469 5496 1557 5552 οἷά
1582 5517 1686 5552 τινι
1716 5501 1930 5572 δαίμονι

345 5589 844 5660 καταϐεϐλημένον.
885 5587 1052 5652 Οὗτος
1103 5591 1390 5660 τοιγαροῦν
1442 5595 1801 5664 προσέρχεται
1855 5595 1930 5665 τῷ

347 5683 505 5753 ά·;ἔῳ,
523 5683 747 5756 δάκρυσι
771 5685 988 5755 μηνύιοιν
1012 5683 1104 5755 τὴν
1125 5685 1346 5755 καρδία;
1370 5686 1580 5760 ὀδύνην,
1597 5690 1690 5742 καὶ
1712 5689 1801 5743 τοῦ
1828 5690 1930 5742 πά-

2030 3319 2201 3372 Deum
2235 3319 2438 3388 pariter
2458 3335 2522 3374 ac
2551 3320 2814 3375 famulum
2840 3322 2960 3390 ejus
2988 3323 3368 3394 magnificans.
3404 3325 3609 3380 Deinde

2028 3411 2244 3466 accedit
2274 3413 2360 3465 vir
2413 3413 2638 3480 quidam
2663 3428 2693 3467 e
2721 3412 3067 3482 Cappadocia
3123 3416 3417 3480 oriundus,
3452 3416 3545 3484 qui
3579 3432 3607 3470 a

2027 3502 2235 3556 diﬂlcili
2286 3503 2533 3557 dzemone
2587 3502 2830 3571 graviter
2885 3505 3270 3573 torquebatur,
3327 3507 3604 3562 clamans:

2027 3591 2285 3646 Miserere
2314 3592 2442 3654 mei,
2466 3606 2623 3645 serve
2663 3592 2782 3654 Dei,
2813 3593 2940 3660 quia
2964 3609 2993 3647 a
3029 3595 3276 3647 dmmone
3326 3596 3603 3663 perimor:

2027 3683 2190 3751 idque
2225 3683 2399 3736 tribus
2432 3681 2628 3736 diebus
2654 3682 2937 3737 continuis
3001 3684 3254 3738 factitare
3290 3699 3608 3752 persevera-

2026 3771 2136 3825 bat.
2161 3771 2407 3840 Cumque
2449 3771 2666 3824 tandem
2720 3772 3098 3840 prospexisset
3146 3783 3372 3827 sanctus
3425 3773 3605 3842 impu-

2027 3877 2257 3929 rumque
2288 3861 2544 3929 spiritum
2593 3861 2982 3930 increpuisset,
3021 3860 3220 3915 deinde
3275 3871 3328 3916 et
3364 3864 3601 3932 particu-

2023 3954 2128 4007 lam
2167 3953 2309 4007 sacci
2337 3953 2420 4006 sui
2451 3968 2550 4020 pro
2595 3953 2836 4006 anmleto
2868 3953 3112 4007 dedisset
3166 3953 3400 4024 homini,
3451 3956 3606 4010 inco-

2023 4044 2384 4099 lumemillmn
2401 4042 2624 4097 domum
2643 4044 2868 4098 dimisit.
2900 4044 2946 4097 Is
2971 4055 3152 4098 autem
3169 4044 3222 4097 in
3241 4060 3602 4114 quoscunque

2024 4137 2308 4190 incidisset
2335 4136 2500 4190 simili
2537 4138 2680 4190 malo
2707 4137 3024 4190 laborantes
3049 4137 3178 4205 (jam
3203 4136 3349 4190 cnim
3373 4151 3438 4190 ex
3462 4137 3606 4190 malo

2021 4245 2122 4283 suo
2173 4229 2405 4283 aliorum
2439 4229 2688 4284 misereri
2717 4228 3040 4292 didicerat),
3071 4228 3254 4282 datam
3287 4229 3390 4283 sibi
3439 4229 3608 4298 parti-

2020 4321 2198 4375 culam
2237 4336 2362 4374 cum
2417 4320 2526 4374 illis
2583 4328 2842 4390 prompte
2897 4322 3384 4376 communicabat:
3432 4323 3522 4392 qui
3553 4332 3608 4376 et

2020 4411 2121 4478 ipsi
2149 4409 2402 4464 sanitatis
2435 4408 2734 4478 participes
2759 4409 2910 4473 facti,
2937 4409 3007 4463 ad
3039 4426 3390 4465 communem
3438 4411 3609 4466 bene-

2020 4499 2280 4553 l‘actorem
2316 4499 2506 4563 Deum,
2532 4501 2735 4568 gratias
2755 4501 2955 4570 acturi,
2996 4517 3055 4555 se
3102 4502 3478 4557 conferebant.

2086 4678 2461 4733 5‘2.Juvcnem
2511 4677 2806 4748 quemdam
2847 4677 3188 4732 horrendum
3217 4678 3355 4732 adeo
3403 4678 3457 4731 in
3486 4692 3606 4730 mo-

2016 4767 2146 4822 dum
2187 4768 2486 4823 infestabat
2546 4767 2782 4829 daemon,
2837 4776 2898 4821 ut
2946 4768 3101 4822 humi
3161 4785 3220 4822 sc
3292 4769 3603 4838 projiceret,

2020 4861 2255 4930 turpiter
2284 4860 2560 4930 unguibus
2591 4859 2888 4922 laceraret,
2918 4859 3162 4929 linguam
3233 4859 3396 4912 etiam
3449 4874 3603 4913 suam

2023 4950 2413 5005 miserabiliter
2460 4959 2700 5004 voraret.
2757 4949 2988 5003 lsthunc
3047 4949 3325 5003 infelicem
3386 4947 3605 5002 divinus

2025 5042 2263 5112 Symeon
2294 5041 2361 5094 ad
2393 5056 2449 5095 se
2484 5057 2859 5112 progressum,
2879 5042 3268 5111 ferventerque
3295 5040 3604 5112 deprecan-

2026 5143 2158 5192 tem.
2183 5133 2447 5202 castigato
2478 5134 2664 5188 verbis
2694 5134 2836 5187 malo
2860 5133 3082 5203 spiritu,
3132 5134 3355 5195 liberat,
3388 5141 3443 5187 et
3469 5147 3605 5186 con—

2026 5226 2208 5280 fcstim
2234 5226 2531 5280 bellissime
2560 5226 2853 5281 habentem
2899 5226 3143 5280 exhibet.
3199 5225 3606 5280 Antiochenum

2030 5315 2321 5384 quemdam
2365 5317 2632 5370 stomachi
2688 5315 2847 5369 dolor
2894 5315 3189 5380 invaserat,
3240 5322 3349 5369 lam
3412 5313 3608 5368 acerbe

2032 5406 2294 5460 intestina
2319 5422 2572 5472 versans,
2607 5416 2668 5461 ut
2702 5415 2862 5462 terra:
2891 5409 3091 5477 smpius
3115 5406 3443 5462 allideretnr
3483 5413 3604 5458 tan-

2026 5515 2190 5570 quam
2217 5515 2248 5553 a
2279 5500 2522 5554 daemone
2549 5508 2876 5571 prostratus.
2898 5500 2948 5554 ls
2976 5501 3162 5569 itaque
3193 5507 3444 5554 sanctum
3469 5498 3606 5561 adit,

2025 5592 2278 5662 lacrymis
2307 5599 2512 5646 testans
2533 5592 2717 5647 cordis
2745 5606 3000 5662 angores,
3035 5591 3214 5660 iisque
3267 5589 3439 5647 levari
3478 5603 3607 5658 pre-

2025 5683 2201 5742 cando
2225 5685 2593 5742 contendens:
2622 5684 2822 5754 quibus
2849 5695 3108 5740 exoratus
3160 5682 3424 5754 Symcou,
3459 5693 3617 5733 orazu
