4034 6186
408 255 554 318 3Ί35

1633 267 1697 331 S.
1739 266 2042 327 SYMEON
2059 267 2126 326 IS
2163 267 2523 332 IUNIORIS

3545 273 3683 338 3035

407 381 667 437 pannosae
689 368 858 423 vestis
889 382 1002 423 sua:
1033 371 1300 442 porrigit;
1344 389 1578 443 moxque
1628 375 1983 435 incolumitas

2113 381 2214 440 leo;
2272 379 2657 451 ἀπαλλαγῆναι
2713 381 2990 450 δεόμενος.
3060 381 3120 436 ’0
3147 380 3205 434 δὲ
3239 379 3370 450 apo;
3394 381 3492 444 τὰς
3519 383 3680 436 αὑτοῦ

406 456 687 515 dolentem
713 461 1097 529 consequitur.

481 731 571 786 53.
615 731 786 785 Homo
807 731 1054 800 quidam,
1100 733 1259 801 cujus
1284 731 1424 786 forte
1450 734 1762 789 exstinctus
1787 745 1906 790 crat
1933 737 1997 791 ﬁ-

410 821 540 876 lius.
574 821 804 874 ﬁrmiter
827 821 930 874 sibi
948 822 1307 890 persuadens,
1329 823 1466 875 nihil
1493 839 1589 892 per
1612 835 1862 879 sanctum
1883 843 1994 880 non

412 913 846 982 impetrandum,
873 914 1019 983 quod
1052 930 1081 968 a
1106 915 1218 968 Deo
1248 915 1583 984 postulasset
1602 916 1886 986 (quoniam
1921 919 1996 974 ita

411 1013 610 1058 natura
649 1016 1028 1074 comparatum
1051 1017 1157 1067 cst,
1197 1017 1256 1060 ut
1285 1007 1431 1075 quod
1458 1007 1720 1062 ardenter
1750 1011 1875 1078 quis
1897 1025 1995 1064 cx-

411 1097 568 1166 pclit,
603 1096 655 1150 id
681 1099 972 1166 impetrato
1003 1097 1164 1152 facile
1185 1099 1422 1162 credat),
1460 1099 1610 1153 illico
1637 1100 1702 1153 ad
1739 1101 1991 1154 divinum

415 1185 742 1256 Symeonem
806 1189 1085 1250 accurrit,
1139 1187 1393 1242 dolenter
1454 1190 1698 1259 plorans,
1745 1193 1996 1262 ejulans,

413 1279 699 1349 plangens,
731 1281 1026 1349 multisque
1050 1282 1369 1336 aliismodis
1393 1292 1556 1353 atque
1588 1284 1749 1339 factis
1800 1297 1995 1341 :cstum

415 1369 602 1423 cordis
627 1369 711 1422 sui
755 1371 1104 1439 exprimens;
1155 1371 1503 1441 clamatque:
1563 1373 1822 1428 Miserere
1866 1375 1996 1440 mei,

417 1477 576 1516 serve
607 1463 724 1526 Dci,
757 1463 1026 1517 miserere
1057 1462 1153 1516 ﬁlii
1206 1466 1334 1528 mei,
1391 1465 1528 1518 mihi
1587 1481 1767 1536 nuper
1822 1475 2000 1522 morte

416 1556 823 1625 erepti;qucm
875 1555 1162 1621 nondum,
1235 1558 1314 1610 nti
1367 1558 1677 1612 communis
1723 1559 2003 1615 defunctis

416 1649 501 1702 lex
529 1647 717 1716 exigit,
749 1648 802 1701 in
827 1648 1143 1717 sepulcrum
1197 1648 1392 1713 intuli,
1435 1665 1538 1703 nec
1563 1649 1861 1720 quidquam
1890 1661 2002 1706 ter-

2095 467 2310 538 δεήσεις
2337 471 3033 543 ἐπικλασθεὶς,κράσπεδόν
3097 490 3150 524 τι
3197 471 3291 524 τοῦ
3331 472 3534 524 οἰκείου
3591 473 3684 544 ρά-

2098 577 2228 624 κους
2282 561 2488 632 ὀρέγει,
2540 563 2636 617 καὶ
2684 564 2846 618 τοῦτο
2879 563 3148 632 θεραπεία
3201 563 3543 633 παραχρῆμα
3605 563 3683 634 τῷ

2099 653 2359 721 πάσχοντι
2384 654 2616 721 γίνεται.

2170 751 2270 814 νγ’.
2317 745 2616 818 Ἀνθρὼπῳ
2643 747 2750 800 τινὶ
2786 745 2987 815 συνέϐη
3011 747 3102 799 τὸν
3127 747 3244 799 υἱὸν
3272 747 3617 816 τελευτῆσαι,
3654 750 3681 801 ό

2099 834 2156 888 δὲ
2195 834 2363 904 μηδὲν
2390 837 2674 889 ἀδυνατεῖν
2718 834 2796 904 τῷ
2854 835 2996 903 ἁγίῳ
3020 834 3295 888 πιστεύων
3319 836 3457 900 ὅπερ
3489 835 3553 888 ἂν
3589 833 3680 888 τοῦ

2100 925 2236 978 Θεοῦ
2265 925 2483 996 δεηθείη
2522 927 2667 998 (ἐπεὶ
2692 926 2786 978 καὶ
2821 926 3032 994 πέφυκε
3067 927 3247 995 φύσει,
3287 926 3397 978 πᾶν
3421 925 3449 979 ὃ
3484 925 3687 994 σφόδρα

2103 1015 2351 1086 βούλεταί
2404 1035 2506 1081 τις,
2568 1017 2728 1070 τοῦτο
2759 1017 2855 1070 καὶ
2901 1017 3101 1089 ῥαδίως
3147 1015 3472 1086 πιστεύειν),
3523 1016 3684 1081 εὐθὺς

2102 1111 2254 1179 παρά
2275 1110 2366 1162 τὸν
2397 1109 2542 1163 θεῖον
2586 1109 2808 1180 Συμεὼν
2843 1110 3136 1180 ἀποτρέχει
3157 1151 3172 1173 ,
3208 1110 3409 1163 κλαίων
3449 1109 3686 1179 πικρῶς,

2103 1201 2392 1267 όλολύζων.
2431 1203 2789 1272 κοπτόμενος,
2827 1205 2921 1256 καὶ
2959 1203 3174 1266 πολλοῖς
3219 1203 3402 1266 ἄλλοις
3443 1202 3688 1274 σχήμασί

2103 1312 2162 1347 τε
2203 1297 2298 1349 καὶ
2325 1295 2618 1365 πράγμασι
2646 1297 2772 1359 τοὺς
2805 1295 3093 1358 καύσωνας
3125 1296 3224 1364 τῆς
3257 1295 3485 1366 καρδίας
3509 1311 3690 1363 παρα-

2105 1385 2419 1454 σημαίνωνέ
2457 1385 2712 1456 Ἐλέησόν
2737 1402 2824 1454 με,
2842 1384 2995 1438 δοῦλε
3019 1384 3112 1437 τοῦ
3134 1381 3294 1442 Θεοῦ,
3319 1383 3514 1451 λέγων,
3538 1381 3690 1449 ὲλέη·

2105 1494 2198 1530 σον
2225 1476 2349 1547 ἄρτι
2390 1476 2604 1546 Θανάτῳ
2661 1475 2754 1528 τὸν
2779 1475 2942 1529 παῖδα
2967 1474 3336 1546 ζημιωθέντα,
3365 1473 3426 1525 δν
3457 1471 3577 1526 οὐδὲ
3611 1470 3692 1541 τῷ

2105 1569 2270 1636 κοινῷ
2313 1569 2423 1621 τῶν
2473 1568 2814 1639 τεθνηκότων
2861 1566 3066 1636 ἔθαψαν
3101 1566 3272 1638 νόμῳ,
3300 1565 3421 1618 οῦδὲ
3461 1567 3562 1634 γῆν
3588 1565 3692 1616 έπ-

2106 1660 2298 1714 έϐαλον
2318 1661 2418 1730 ἤδη
2448 1660 2709 1730 κειμένῳ,
2735 1659 3003 1713 πιστεύων
3028 1659 3103 1722 ὼς
3129 1659 3265 1729 ὅπερ
3294 1659 3358 1712 ἂν
3386 1658 3479 1711 καὶ
3503 1656 3690 1728 βούλῃ,

417 1757 490 1794 ra:
516 1740 594 1794 illi
632 1741 828 1812 injeci;
859 1741 1096 1796 credens
1128 1741 1273 1811 quod
1309 1753 1364 1796 tu
1394 1741 1700 1812 perfectum
1729 1743 1826 1798 des
1855 1745 2002 1813 apud

2113 1751 2293 1815 ἀνύεις
2329 1750 2480 1823 παρὰ
2515 1751 2668 1821 Θεῷ’
2703 1752 2764 1804 οὐ
2793 1751 2901 1822 μὴν
2932 1749 3066 1803 ἀλλά
3097 1749 3191 1802 καὶ
3219 1749 3438 1821 θαρρῶν
3481 1765 3575 1802 σου
3623 1750 3691 1818 τῇ

417 1833 611 1896 Deum,
692 1833 963 1903 quidquid
1040 1834 1321 1899 volueris;
1381 1833 1720 1904 omninoque
1785 1835 2004 1890 conﬁdo

415 1927 484 1981 de
546 1926 888 1997 benignitate
934 1935 1049 1988 tua,
1127 1924 1268 1981 forte
1316 1942 1386 1982 ne
1441 1927 1720 1996 despicias
1776 1944 1863 1981 me
1915 1945 2006 1984 na-

421 2019 582 2072 turali
620 2018 672 2071 in
707 2017 877 2071 ﬁlium
927 2032 1114 2070 amore
1148 2017 1278 2070 totis
1304 2017 1616 2071 visceribus
1651 2028 2002 2074 testuantem.

420 2109 624 2163 Tactus
645 2107 1152 2168 commiseratione.
1197 2107 1528 2178 cognitoque
1556 2118 1771 2164 secreto
1807 2109 2006 2165 divina:

418 2201 607 2270 gratiae
640 2200 926 2264 instinctu,
959 2215 1307 2253 rcversuram
1351 2200 1405 2254 in
1455 2215 1687 2270 puerum
1741 2202 2003 2268 animam,

420 2293 660 2347 surrexit
687 2305 852 2362 atque
883 2293 948 2346 ad
983 2301 1190 2362 patrem
1219 2308 1520 2346 conversus
1547 2309 1560 2349 :
1596 2294 1765 2356 Vade,
1805 2295 2003 2364 inquit,

423 2387 478 2440 in
519 2385 742 2440 nomine
774 2385 990 2438 Domini
1042 2385 1214 2438 nostri
1247 2385 1376 2439 Jesu
1406 2384 1649 2452 Christi,
1702 2386 1848 2441 ﬁlius
1880 2397 2008 2443 tuus

420 2477 578 2532 vivit.
607 2477 727 2540 llic,
754 2476 891 2530 nihil
919 2475 987 2530 de
1015 2475 1442 2530 ﬁde.verborum
1473 2476 1695 2540 dubius,
1721 2477 2007 2534 celeritate

423 2589 531 2644 qua
553 2582 734 2644 potest
755 2573 990 2626 maxima
1022 2571 1246 2625 domum
1268 2571 1532 2626 revertit:
1565 2581 1622 2625 et
1657 2573 1799 2641 (quae
1823 2581 2005 2628 autem

423 2681 598 2730 mens,
626 2680 659 2720 ο
681 2665 1008 2720 saeculorum
1032 2665 1148 2719 Rex
1172 2663 1496 2718 immortalis
1518 2671 1574 2717 et
1597 2663 1776 2730 unice,
1799 2675 2007 2721 tantum

422 2754 749 2810 miraculum
783 2753 1254 2825 comprehendere
1288 2753 1464 2807 valeat
1487 2755 1540 2823 l)
1574 2755 1761 2808 vivum
1799 2755 2009 2811 invenit

425 2845 632 2912 ﬁlium;
663 2861 828 2917 quem
860 2845 1128 2900 continuo
1147 2853 1456 2914 acceptum,
1485 2853 1580 2897 aut
1603 2847 1788 2914 potius
1812 2859 2008 2916 praeter

422 2953 574 3009 spem
605 2949 912 3009 receptum,
945 2938 1142 2992 itinere
1178 2937 1404 2999 relecto,
1443 2935 1700 3008 Symeoni
1737 2939 1904 2994 sistit.
1947 2940 2007 2994 In

421 3048 560 3102 quas
579 3031 669 3088 hic
689 3047 858 3088 voces
879 3030 1325 3086 exsultabundus
1344 3044 1455 3083 non
1477 3031 1706 3085 resolvit
1728 3047 1790 3086 os
1812 3047 1972 3086 suum
1990 3033 2004 3085 l

422 3141 563 3194 quos
596 3126 650 3180 in
676 3125 813 3196 grati
855 3125 1024 3179 animi
1052 3123 1428 3180 testimonium
1465 3123 1702 3195 hymnos
1739 3125 1852 3180 Deo
1879 3141 2007 3181 san-

422 3227 622 3286 ctoque
678 3233 786 3270 non
834 3217 1036 3272 cecinit
1059 3217 1073 3271 l

495 3307 585 3361 54.
619 3306 1094 3373 Quemadmodum
1142 3315 1326 3362 autent
1381 3324 1481 3378 par
1533 3317 1678 3375 erat,
1736 3309 2010 3380 proﬁcere

423 3407 634 3454 tantum
661 3401 835 3470 gratia
865 3399 1214 3470 Symeonem,
1245 3409 1512 3470 quantum
1538 3409 1698 3456 :etate
1719 3443 1734 3461 .
1774 3413 1832 3457 et
1882 3418 2010 3472 pro-

423 3493 550 3563 pius
587 3493 852 3548 accedere
881 3493 948 3547 ad
982 3495 1176 3557 Deum,
1210 3493 1303 3562 qui
1343 3493 1646 3549 accedebat
1685 3494 1790 3563 ipsi
1823 3511 1836 3548 :
1871 3509 2008 3549 con-

423 3585 674 3654 spicatur
708 3600 903 3639 rursus
935 3586 1152 3656 (verum
1182 3601 1304 3654 qua:
1328 3584 1549 3639 dicendi
1587 3585 1816 3640 facultas
1838 3586 2013 3655 expli-

423 3684 530 3740 cet,
571 3675 717 3746 quod
767 3676 988 3730 animus
1029 3675 1222 3745 nequit
1267 3673 1784 3744 comprehendere?
1814 3675 2014 3743 caligat

422 3768 594 3831 enim,
629 3768 772 3822 facta
817 3769 992 3822 solum
1041 3769 1115 3823 rei
1167 3767 1472 3832 mentione,
1507 3767 1774 3836 timetque
1825 3767 1894 3824 ad
1929 3783 2014 3822 re-

423 3861 570 3930 liqua
604 3862 904 3932 progredi),
930 3860 1306 3931 conspicatur,
1346 3861 1590 3930 inquam,
1625 3859 1916 3914 Dominum
1950 3875 2015 3914 ac

425 3955 597 4009 Dcttm
628 3963 902 4009 nostrum.
935 3955 1141 4009 Praesto
1163 3961 1320 4008 erant
1343 3960 1659 4006 sanctorum
1695 3952 2014 4023 angelorum

429 4059 642 4114 turmae,
684 4048 864 4104 stabat
909 4062 1088 4117 equus
1114 4055 1240 4100 ante
1285 4044 1612 4116 Symeonem
1664 4045 1850 4099 colore
1885 4059 2016 4098 can-

426 4139 577 4203 dido,
625 4139 948 4211 angelorum
1016 4137 1181 4207 primi
1228 4136 1484 4191 ferebant
1536 4135 1809 4201 diadema,
1864 4136 2014 4206 quod

427 4241 549 4286 crat
594 4247 662 4285 ex
717 4230 960 4300 pretioso
1003 4229 1206 4299 lapide,
1252 4243 1498 4298 cruxque
1530 4229 1685 4282 afﬁxa
1718 4228 1794 4282 illi
1851 4238 2012 4294 erat;

427 4331 484 4376 ct
530 4321 708 4383 stella,
759 4319 813 4373 in
860 4319 1086 4373 modum
1116 4317 1346 4389 fulguris
1393 4319 1757 4382 coruscantis,
1783 4333 2013 4388 supere-

431 4411 694 4475 minebat,
730 4410 1174 4479 videbanturque
1240 4409 1335 4463 illo
1369 4409 1631 4464 redimire
1683 4408 2012 4480 Symeonem

428 4513 486 4557 et
527 4520 716 4559 creare
768 4519 972 4574 regem.
1028 4503 1130 4558 llic
1170 4511 1356 4557 autem
1388 4502 1464 4556 ita
1506 4502 1631 4556 illos
1677 4501 2010 4572 alloquitur:

431 4591 548 4646 Non
603 4591 866 4648 auferetis
905 4591 1038 4646 mihi
1091 4591 1279 4646 tritam
1311 4591 1454 4646 hanc
1501 4591 1800 4656 lacernam,
1849 4607 2014 4662 quam

430 4695 531 4750 pro
573 4681 748 4752 gloria
789 4681 994 4738 Christi
1044 4682 1273 4738 indutus
1311 4697 1455 4738 sum.
1492 4682 1576 4737 Illi
1635 4692 1830 4738 contra
1864 4699 1878 4737 :
1911 4683 2016 4738 Per

431 4772 556 4836 hoc,
606 4774 883 4844 inquiunt.
915 4776 1026 4830 Dco
1070 4775 1300 4846 ejusque
1329 4777 1613 4847 unigenito
1661 4776 1800 4833 Filio
1855 4792 2012 4832 eorm

430 4872 613 4930 natur,
672 4873 730 4921 et
777 4874 1036 4938 tanquatn
1085 4884 1389 4938 purpuram
1445 4868 1692 4924 induitor
1746 4868 2017 4940 Spiritum

433 4965 722 5023 sanctum;
753 4964 809 5012 et
847 4958 1226 5014 dominaberis
1269 4975 1396 5014 cum
1426 4959 1605 5015 beatis
1652 4961 1932 5017 mentibus
1961 4961 2018 5017 in

436 5060 610 5116 regno
634 5063 916 5117 nunquam
943 5049 1316 5104 terminando.
1342 5050 1704 5122 Posteaquam
1728 5052 1845 5107 haec
1871 5052 2019 5108 dicta

431 5139 650 5211 excepit
711 5141 984 5213 Symeon,
1053 5144 1464 5216 inexplebiliter
1524 5145 1582 5200 in
1626 5146 2017 5216 corpusculum

431 5248 594 5288 suum
645 5237 836 5290 saevire
883 5236 1138 5308 cupidus,
1192 5237 1492 5308 divellique
1528 5253 1560 5293 a
1606 5238 1814 5294 mundo
1853 5254 2014 5292 mun-

435 5319 602 5390 dique
632 5323 817 5386 rebus,
857 5334 914 5381 et
960 5327 1193 5398 propius
1249 5327 1318 5383 ad
1365 5329 1552 5385 Deum
1601 5328 1901 5400 divinaque
1923 5344 2016 5384 ac-

433 5411 635 5468 cedere
685 5415 937 5479 festinus,
978 5419 1256 5476 irretortis
1289 5419 1345 5475 in
1377 5421 1673 5476 Dominum
1709 5423 1905 5488 oculis,
1941 5423 2022 5481 sic

437 5501 617 5570 inquit
644 5521 658 5558 :
696 5504 925 5563 Domine
956 5515 1014 5563 et
1041 5509 1299 5566 conditor
1331 5526 1518 5567 rerum
1546 5511 1812 5577 omnium,
1844 5529 2020 5584 quan-

438 5589 736 5660 doquidem
775 5612 864 5652 me
895 5597 1182 5670 indignum
1230 5600 1488 5672 dignatus
1530 5600 1704 5656 fueris
1742 5603 1860 5673 pari
1895 5618 2021 5659 cum

443 5681 650 5739 sanctis
680 5685 790 5741 tuis
822 5688 994 5757 gloria
1025 5699 1190 5761 atque
1233 5708 1435 5764 regno;
1465 5709 1663 5764 precor
1715 5696 2022 5768 benignita-

2107 1842 2435 1913 χρηστότητι
2474 1842 2656 1907 πάλιν,
2689 1843 2765 1906 ὡς
2805 1842 2865 1894 οὐ
2892 1840 3126 1913 παρόψει
3170 1858 3258 1911 με,
3304 1840 3549 1910 σφοδρῶς
3587 1839 3695 1894 ὑπὸ

2105 1936 2203 2004 τῆς
2251 1935 2468 2004 φύσεως
2515 1933 2657 1988 οὕτω
2708 1934 2776 1988 τὰ
2827 1933 3113 2003 σπλάγχνα
3150 1933 3458 2003 καιόμενον.
3504 1931 3694 1986 Ἕλεον

2106 2027 2296 2080 τοῦτον
2326 2027 2506 2080 τοίνυν
2540 2025 2742 2091 λαϐὼν,
2791 2028 2886 2079 καὶ
2927 2028 3130 2093 γόνατα
3159 2025 3275 2089 θεὶς
3303 2025 3395 2078 ἐπὶ
3430 2024 3556 2094 γῆν,
3601 2023 3693 2078 τοῦ

2107 2119 2313 2172 ἄνωθεν
2341 2119 2504 2172 πάλιν
2531 2117 2695 2182 αὐτὸς
2716 2117 2900 2179 ἐλέους
2923 2116 3112 2180 ἐδεῖτο,
3145 2117 3240 2169 καλ⁵
3265 2117 3428 2184 γνοὺς
3453 2115 3697 2187 ἀπορρήο

2106 2227 2214 2273 τως
2260 2210 2366 2263 ὑπὸ
2406 2211 2504 2281 τῆς
2545 2210 2766 2281 χάριτος
2801 2209 2900 2279 τὴν
2929 2210 3008 2272 είς
3047 2207 3138 2261 τὸν
3171 2208 3338 2261 παῖδα
3376 2207 3476 2276 τῆς
3513 2206 3694 2278 ψυχῆς

2109 2301 2263 2364 αὖθις
2294 2301 2572 2364 ἐπάνοδον,
2606 2301 2868 2365 ἀναστὰς,
2908 2300 3006 2354 καὶ
3043 2299 3180 2371 πρὸς
3208 2300 3301 2353 τὸν
3345 2300 3561 2370 πατέρα
3596 2297 3695 2352 τοῦ

2109 2390 2300 2452 παιδὸς
2334 2391 2710 2460 ἐπιστραφεὶς,
2756 2390 2844 2442 Ἐν
2881 2389 3128 2460 ὀνόματι,
3160 2391 3315 2461 φησι,
3357 2388 3451 2445 τοῦ
3485 2389 3694 2460 Κυρίου

2109 2482 2266 2552 ἡμῶν
2304 2481 2476 2552 Ἰησοῦ
2511 2481 2747 2552 Χριστοῦ
2780 2481 3034 2550 πορεύου,
3056 2482 3085 2532 ό
3109 2482 3220 2546 υἱός
3253 2498 3348 2534 σου
3378 2481 3466 2551 ζῇ.
3510 2479 3569 2534 ὐ
3601 2479 3685 2545 δὲ,

2107 2574 2186 2643 τῷ
2219 2572 2361 2642 λόγῳ
2395 2573 2739 2644 παραχρῆμα
2774 2571 3092 2636 πιστεύσας,
3126 2555 3221 2625 καὶ
3250 2569 3432 2626 οἶκαδε
3470 2571 3569 2640 τὴν
3597 2586 3697 2624 τας

2109 2663 2300 2733 χίστην
2326 2661 2640 2716 ἐπανελθὼν
2675 2660 2851 2732 (ποία,
2892 2661 3020 2731 μόνε
3059 2661 3168 2714 τῶν
3211 2659 3424 2716 αἰώνων
3463 2659 3700 2714 ἀθάνατι

2111 2753 2356 2824 βασιλεῦ,
2373 2753 2510 2822 ἀκοὴ
2530 2751 2716 2822 θαῦμα
2739 2750 2992 2804 τοσοῦτον
3024 2751 3274 2821 χωρῆσαι
3298 2751 3586 2822 δυνήσεται
3614 2750 3630 2803 ί
3651 2749 3696 2820 ),

2110 2845 2290 2910 ζῶντα
2310 2845 2402 2898 τὸν
2430 2845 2545 2898 υἱὸν
2575 2843 2850 2915 εὑρίσκει·
2885 2843 2942 2896 ὃν
2965 2844 3060 2896 καὶ
3081 2841 3263 2896 λαϐὼν
3289 2843 3476 2908 εὐθὺς,
3499 2843 3532 2914 ἢ
3565 2842 3701 2913 παρ’

2111 2938 2300 2992 ἐλπίδα
2343 2937 2544 3007 μᾶλλον
2572 2935 2888 3001 ἀπολαϐὼν,
2931 2936 3026 2989 καὶ
3067 2935 3202 3006 πρὸς
3222 2935 3312 2988 τὸν
3339 2936 3530 3004 ’Δγιον
3561 2936 3697 2990 ἀνα·

2117 3031 2373 3102 στρέψας,
2433 3029 2594 3093 ποίας
2648 3027 3041 3098 ἀγαλλιωμένῳ
3099 3027 3328 3097 στόματι
3369 3027 3554 3096 φωνὰς
3596 3028 3699 3080 οὐκ

2115 3123 2302 3193 aetat;
2332 3122 2484 3186 τίνας
2524 3122 2624 3175 οὐκ
2646 3119 3096 3193 εὐχαριστηρίους
3124 3118 3330 3190 ῦμνους
3353 3119 3472 3192 Θεῷ
3504 3121 3596 3173 καὶ
3621 3119 3701 3191 τῷ

2113 3218 2338 3290 Συμεὼν
2366 3219 2630 3284 ἀπεδίδω;

2183 3312 2276 3367 νδ’.
2317 3305 2418 3364 Οἷα
2465 3311 2524 3364 δὲ
2573 3311 2719 3374 εἰκὸς
2771 3310 3107 3381 προκόπτειν
3149 3308 3341 3383 ὥσπερ
3385 3309 3572 3380 ήλικίᾳ
3606 3309 3703 3364 τὸν

2113 3403 2357 3472 Συμεὼν,
2395 3403 2536 3456 οὕτω
2568 3403 2662 3456 καὶ
2701 3403 2918 3473 χάριτι,
2945 3404 3038 3456 καὶ
3077 3402 3278 3473 μᾶλλον
3310 3401 3547 3470 ἐγγίζειν
3579 3400 3704 3471 Θεῷ

2115 3493 2193 3563 τῷ
2227 3492 2500 3560 ἐγγίζοντι
2522 3531 2538 3554 ,
2602 3492 2702 3562 όρᾷ
2737 3489 2876 3561 μετά
2900 3489 3073 3544 ταῦτα
3099 3489 3260 3542 πάλιν
3294 3488 3450 3560 (ἀλλά
3486 3488 3604 3551 πῶς
3636 3487 3706 3541 ἂν

2113 3586 2182 3638 τὰ
2221 3585 2355 3655 μηδὲ
2397 3584 2475 3656 νῷ
2540 3583 2723 3650 ληπτά
2779 3583 2936 3650 λόγος
2987 3581 3325 3654 ἑρμηνεῦσαι
3375 3582 3703 3650 δυνήσεται;

2119 3677 2324 3748 ίλιγγιᾷ
2375 3677 2482 3747 γάρ
2525 3676 2625 3746 ήδη
2661 3677 2758 3729 καὶ
2807 3676 2944 3748 πρὸς
2984 3675 3082 3747 τήν
3132 3676 3378 3747 μνήμην,
3425 3675 3521 3728 καὶ
3563 3673 3706 3727 δέδιε

2119 3768 2427 3838 προσϐῆναι
2456 3769 2566 3830 τοῖς
2623 3765 2863 3836 ἐφεξῆς),
2910 3767 3013 3838 ὁρᾷ
3045 3765 3337 3836 τοιγαροῦν
3375 3766 3468 3819 τὸν
3499 3764 3708 3833 Κύριον

2115 3859 2271 3930 ήμῶν
2300 3859 2392 3912 καὶ
2431 3858 2565 3912 Θεὸν
2591 3899 2606 3922 ,
2643 3859 3003 3930 παρειστήκει
3035 3859 3091 3912 δὲ
3121 3860 3216 3912 καὶ
3246 3859 3407 3911 θείων
3457 3857 3710 3925 ἀγγέλων

2115 3953 2392 4023 τάγματα,
2418 3951 2584 4011 ἵππος
2604 3968 2663 4005 τε
2695 3951 2801 4022 πρὸ
2825 3950 2917 4004 τοῦ
2951 3949 3174 4021 Συμεὼν
3200 3952 3444 4020 εἱστήκει
3473 3947 3536 4002 τὸ
3564 3945 3712 4013 εἶδος

2115 4044 2306 4106 λευκὸς
2339 4083 2353 4106 ,
2387 4045 2482 4097 καὶ
2510 4043 2748 4114 διάδημα
2783 4044 3039 4114 φέροντες
3065 4043 3174 4096 τῶν
3199 4043 3450 4112 ἀγγέλων
3475 4043 3524 4096 οἱ
3551 4039 3712 4112 πρῶ-

2113 4153 2221 4201 τοι,
2243 4133 2310 4207 ἦν
2341 4137 2397 4190 δὲ
2431 4137 2540 4206 ἄρα
2571 4136 2721 4189 λίθου
2757 4136 2964 4208 τιμίου,
2995 4138 3228 4207 σταυρός
3259 4152 3318 4188 τε
3350 4133 3498 4204 αὐτῷ
3531 4150 3712 4205 προσ-

2117 4233 2406 4303 επεπήγει,
2431 4230 2526 4282 καὶ
2543 4230 2720 4301 ἀστὴρ
2739 4231 2840 4283 ὅσα
2863 4230 2956 4282 καὶ
2976 4228 3232 4300 ἀστραπὴ
3259 4229 3506 4298 φωτίζων
3534 4227 3715 4298 ὕπερ-

2117 4325 2349 4393 ανεῖχεν,
2387 4322 2526 4375 ὥστε
2557 4322 2872 4394 περιϐαλεῖν
2913 4321 3077 4376 αὑτὸν
3115 4320 3275 4374 τοῦτο
3316 4321 3410 4373 καὶ
3451 4318 3714 4389 βασιλεῦ-

2039 4435 2093 4494 D
2121 4434 2229 4470 σαι.
2283 4417 2342 4468 '0
2379 4415 2437 4468 δὲ
2481 4415 2617 4485 πρὸς
2652 4415 2886 4478 αὐτοὺς,
2926 4415 3040 4468 Ούκ
3075 4410 3471 4483 ἀφαιρήσεσθε,
3516 4411 3711 4479 φησὶν,

2122 4508 2217 4562 ἀπ’
2243 4506 2378 4577 ἐμοῦ
2428 4507 2492 4560 τὸ
2539 4507 2782 4576 τρίχινον
2822 4505 3025 4576 ἔνδυμα
3058 4504 3239 4569 τοῦτο,
3274 4505 3411 4575 ὅπερ
3441 4503 3523 4565 είς
3549 4501 3718 4568 δόξαν

2121 4597 2358 4669 Χριστοῦ
2396 4597 2729 4668 ἠμφίεσμαι.
2768 4597 2834 4649 Οἱ
2861 4595 2938 4658 δὲ,
2973 4593 3356 4665 Στεφανὼθητι
3394 4592 3483 4646 διὰ
3514 4591 3717 4645 τούτου

2123 4688 2244 4761 Θεῷ
2295 4691 2387 4743 καὶ
2438 4689 2518 4760 τῷ
2569 4690 2848 4759 μονογενεί
2886 4687 3001 4757 Υίῷ
3048 4685 3236 4752 αὑτοῦ,
3279 4682 3455 4749 εἶπον,
3487 4685 3584 4738 καὶ
3612 4685 3720 4738 ὅσα

2124 4781 2415 4851 πορφύραν
2436 4779 2651 4833 ἔνδυσαι
2676 4779 2736 4832 τὸ
2775 4781 2929 4847 ἅγιον
2957 4777 3202 4848 Πνεῦμα,
3234 4778 3329 4832 καὶ
3366 4774 3723 4846 βασιλεύσεις

2128 4874 2226 4928 σὺν
2287 4872 2463 4942 ἁγίοις
2520 4870 2796 4942 βασιλείαν
2856 4870 3109 4924 οὐδέποτε
3181 4869 3476 4939 λήγουσαν.
3521 4867 3722 4920 Ταῦτα

2125 4964 2313 5037 ἐπειδὴ
2344 4963 2535 5036 ῥηθείη
2559 4962 2638 5034 τῷ
2656 4961 2904 5033 Συμεὼν.
2936 4961 3229 5030 ἀπλήστως
3257 4961 3466 5022 ἐκεῖνος
3494 4959 3598 5028 τῆς
3619 4957 3721 5012 τοῦ

2127 5055 2375 5127 σώματος
2405 5051 2724 5125 νεκρὼσεως
2757 5052 2916 5122 ἔχων,
2953 5051 3129 5113 ἄλλως
3163 5067 3219 5102 τε
3260 5049 3318 5102 δὲ
3349 5049 3443 5102 καὶ
3501 5049 3720 5118 κόσμου

2124 5149 2220 5202 καὶ
2265 5147 2375 5201 τῶν
2423 5145 2520 5201 τοῦ
2568 5145 2776 5217 κόσμου
2813 5141 3114 5216 ῥήγνυσθαι
3147 5141 3414 5206 σπεύδων,
3453 5143 3551 5194 καὶ
3580 5145 3724 5212 πρός

2127 5238 2257 5292 Θεὸν
2289 5239 2383 5293 καὶ
2424 5238 2494 5292 τὰ
2531 5237 2650 5291 θεῖα
2696 5235 2897 5307 μᾶλλον
2937 5234 3256 5305 ἀνάγεσθαι,
3283 5234 3474 5304 ἁγενὲς
3509 5237 3594 5296 εἰς
3630 5236 3723 5288 τὸν

2127 5330 2406 5400 Δεσπότην
2441 5327 2582 5390 ἰδὼν,
2611 5327 2861 5381 Δέσποτα
2902 5327 3151 5392 πάντων,
3175 5325 3300 5397 ἔφη,
3352 5326 3444 5378 καὶ
3491 5323 3718 5396 ποιητὰ

2129 5421 2250 5476 ἐπει
2295 5438 2364 5493 με
2413 5420 2504 5474 τὸν
2551 5421 2771 5484 ἀνάξιον
2801 5417 2976 5487 ἀξιοῖς
3023 5418 3199 5487 ἁγίοις
3241 5417 3670 5488 συμϐασιλεύειν
3702 5457 3719 5481 ,

2129 5513 2322 5580 δέομαί
2363 5531 2458 5566 σου
2499 5513 2598 5584 τῆς
2622 5511 2960 5581 ἀγαθότητος
2989 5510 3184 5581 μηκέτι
3231 5526 3298 5580 με
3337 5508 3448 5561 τῶν
3479 5506 3575 5560 τοῦ
3602 5507 3717 5578 βίου

2133 5605 2440 5676 βρωμάτων
2464 5602 2925 5674 μεταλαμϐάνειν,
2973 5602 3108 5674 μηδὲ
3137 5602 3324 5664 σιτίοις
3351 5598 3715 5669 ἀνθρωπίνοις

2133 5696 2386 5768 χρῆσθαι.
2412 5679 2600 5750 Ταῦτα
2631 5693 2726 5748 τοῦ
2743 5693 2878 5749 Θεοῦ
2905 5693 3138 5766 δεηθεὶς,
3170 5689 3507 5761 Δεσποτικῖτς
3532 5689 3711 5745 ἀκούει
