4034 6186
412 299 551 365 3037

1422 314 1599 373 VITA.
1636 316 1682 372 A
1721 315 2157 376 NICEPHORO
2194 314 2685 375 CONSCRIPTA.

3535 319 3693 381 3033'

412 410 597 480 φωνῆς
630 410 961 484 εὐδοκούσης
990 414 1090 484 τὴν
1126 415 1363 485 αἴτησιν,
1394 419 1489 470 καὶ⁵
1534 420 1878 490 παραχρῆμα
1914 423 1980 473 ἐν·

2103 432 2209 476 tem
2243 431 2415 487 tuam,
2452 429 2512 475 ut
2544 436 2613 475 ne
2642 436 2751 490 qua
2780 420 3037 489 deinceps
3070 426 3370 478 necessitas
3403 424 3685 481 incumbat

409 500 628 555 δύουσιν
657 503 821 557 αὐτὸν
864 506 1052 559 ἐπάνω
1084 506 1193 559 τῶν
1224 508 1539 578 άσκητικῶν
1572 512 1778 580 ῥακίων
1818 529 1989 565 κατα-

410 593 604 666 στολὴν
648 595 806 666 δόξης
843 598 893 649 οί
955 597 1209 665 ἄγγελοι,
1278 600 1757 671 μεγαλοπρέπειάν
1797 621 1855 656 τε
1897 607 1993 657 καὶ

406 684 742 755 ὡραιότητα,
776 687 838 740 τό
872 704 930 740 τε
959 688 1197 757 διάδημα
1229 690 1471 742 τιθέασιν
1498 693 1589 743 ἐπὶ
1620 692 1717 761 τὴν
1746 694 1990 763 κεφαλὴν

407 776 599 839 αὑτοῦ,
638 780 730 830 καὶ
768 780 863 832 ἐπὶ
889 781 979 833 τὸν
1010 782 1250 850 φανέντα
1288 782 1454 835 ἰππον
1480 784 1820 848 καθίζουσιν.
1862 783 1993 839 Εἶτα

407 869 502 920 καὶ
534 868 825 939 σύμφωνος
864 874 1118 941 ἀγγέλοις
1155 877 1310 936 πᾶσι,
1343 876 1564 945 Χριστῷ
1599 877 1694 930 καὶ
1727 878 1804 945 τῷ
1830 878 1992 930 αὐτοῦ

409 956 703 1026 θεράποντι
732 962 957 1031 Συμεὼν
992 965 1149 1035 ᾔδετο
1181 966 1379 1036 ὕμνοςσ
1419 968 1579 1028 αὐτός
1607 985 1664 1018 τε
1695 970 1723 1020 ό
1755 969 1991 1037 πονηρὸς

406 1049 485 1119 τῷ
525 1051 690 1121 Ἀγίῳ
720 1056 812 1107 καὶ
846 1056 915 1107 τὰ
946 1056 1040 1109 τοῦ
1076 1058 1312 1127 πονηροῦ
1341 1058 1649 1128 πνεύματα,
1679 1053 1790 1111 οἷον
1821 1076 1987 1111 κατα-

410 1156 473 1191 πε
482 1141 727 1211 πληγότα
757 1144 1050 1200 ἐδείκνυτο.

2099 514 2255 579 mihi,
2287 513 2416 568 vitae
2440 511 2816 566 sustentanda:
2842 525 3029 576 causa,
3066 512 3387 570 hominibus
3420 526 3697 572 consueta

2095 606 2301 659 cibaria
2374 603 2650 659 sumendi.
2714 603 2841 659 Haac
2906 616 3162 673 precatus
3229 606 3442 661 inaudit
3493 624 3692 663 vocem

2099 694 2333 757 Domini,
2395 693 2679 747 benevole
2720 694 3075 749 assentientis
3135 696 3392 764 petitioni
3451 717 3464 752 :
3512 698 3684 752 advo-

2094 786 2383 853 lantesque
2411 784 2677 839 velociter
2692 784 2869 853 angeli
2893 787 3187 839 asceticam
3218 803 3386 855 super
3406 788 3683 842 laccrnam

2097 876 2335 930 induunt
2374 890 2501 930 eum
2550 876 2686 930 stola
2718 876 2926 944 glorias,
2988 878 3293 946 majestatis
3334 896 3398 933 ac
3431 880 3680 946 decoris;

2099 968 2408 1022 diademate
2456 967 2689 1038 cingunt
2728 977 2894 1035 caput
2928 970 3069 1038 ejus,
3114 980 3170 1023 et
3235 986 3402 1038 super
3452 987 3697 1040 equum,

2097 1060 2192 1127 qui
2227 1060 2549 1128 apparebat,
2583 1059 2874 1129 imponunt
2897 1075 3046 1113 eum.
3097 1060 3224 1112 Post
3268 1061 3381 1114 hcce
3407 1077 3683 1117 consonus

2098 1150 2335 1220 hymnus
2383 1150 2593 1220 angelis
2638 1150 2898 1203 omnibus
2949 1149 3168 1205 Christo
3225 1160 3279 1205 et
3312 1151 3517 1205 famulo
3566 1154 3685 1221 ejus

408 1232 665 1305 Symeoni
702 1238 1008 1293 cauebatur
1043 1258 1055 1292 :
1090 1239 1205 1309 ipse
1259 1250 1441 1296 autem
1486 1256 1720 1311 nequam
1772 1240 1999 1311 spiritus
2038 1256 2163 1296 cum
2214 1258 2327 1296 sua:
2386 1242 2645 1311 nequitia:
2700 1240 2882 1305 sociis,
2938 1242 3108 1295 veluti
3154 1243 3496 1313 prolligatus,
3528 1245 3683 1297 exhi-

406 1329 642 1385 bebatur
685 1343 899 1386 sancto.

476 1430 570 1475 νε’.
603 1425 759 1477 Μετὰ
792 1426 923 1493 γοῦν
950 1426 1050 1496 τὴν
1084 1426 1234 1479 θείαν
1255 1428 1578 1496 ἐπιφάνειαν
1598 1427 1821 1496 ταύτην,
1853 1426 1985 1478 ἀκόο

406 1513 573 1566 λουθα
599 1516 762 1568 πάλιν
795 1520 907 1581 τοῖς
967 1518 1298 1589 προλαϐοῦσι
1351 1520 1418 1571 τά
1466 1518 1805 1587 ὲπαγόμενα.
1852 1518 1983 1569 Ἀν-

407 1604 625 1676 θρωπος
655 1609 761 1678 γάρ
790 1627 874 1673 τις
899 1609 1110 1679 γέροντι
1137 1609 1329 1673 δεινῶς
1359 1610 1681 1680 ὲχθραίνων,
1716 1611 1811 1662 καὶ
1846 1609 1981 1678 σφό-

2164 1428 2252 1482 55.
2285 1428 2411 1480 Post
2442 1428 2687 1481 divinam
2721 1430 2865 1483 hanc
2893 1429 3309 1491 revelationem,
3338 1440 3525 1485 secuta
3552 1440 3682 1484 sunt

2092 1525 2219 1585 alia,
2246 1524 2539 1593 praemissis
2555 1524 2756 1578 similia
2780 1532 2834 1576 et
2859 1522 3209 1575 admiranda.
3238 1522 3412 1575 Homo
3433 1522 3679 1590 quidam,

2092 1614 2241 1685 gravi
2295 1614 2422 1667 odio
2468 1628 2569 1667 nec
2615 1612 2810 1666 leviori
2874 1610 3079 1665 invidia
3126 1625 3313 1663 senem
3365 1610 3679 1678 quempiam

404 1698 505 1768 δρα
533 1700 989 1772 διαφθονούμενος
1017 1702 1328 1771 φαρμάκοις
1349 1703 1435 1754 ἐπ’
1475 1702 1636 1753 αὑτὸν
1678 1702 1978 1771 ἐχρήσατοο

2092 1719 2459 1773 prosequens,
2495 1718 2712 1757 veneno
2743 1702 2920 1771 ipsum
2952 1700 3175 1771 aggredi
3208 1708 3476 1754 statuerat
3511 1716 3672 1769 :par-

407 1790 475 1843 τά
516 1790 575 1843 δ’
620 1791 730 1861 ἄρα
787 1792 1038 1846 τοσοῦτον
1097 1793 1348 1863 ἔδρασαν,
1382 1792 1457 1855 ὠς
1498 1792 1688 1844 ἑαυτὸν
1739 1793 1836 1862 μὲν
1888 1793 1984 1844 καὶ

405 1882 599 1946 παῖδας
627 1883 913 1953 (ἐτύγχανε
950 1885 1060 1956 γὰρ
1088 1887 1237 1949 υἱοὺς
1267 1885 1425 1956 ἔχων)
1456 1886 1535 1947 είς
1566 1884 1671 1951 γῆν
1699 1884 1982 1955 καταρῤήο

405 1973 653 2040 γνυσθαι,
686 1974 751 2027 τὰ
779 1974 835 2027 δὲ
868 1975 1058 2027 τούτου
1117 1977 1288 2046 κτήνη
1324 1976 1463 2029 κατὰ
1482 1975 1742 2045 κρημνῶν
1767 1975 1980 2027 ἐλαυνό-

407 2082 543 2134 μενα
570 2065 849 2135 φέρεσθαι.
896 2066 1138 2130 Ἐνδείας
1177 2069 1356 2120 τοίνυν
1390 2068 1593 2138 ἄρτων,
1640 2062 1729 2121 οἷα
1752 2066 1984 2136 συμϐαί-

403 2173 516 2209 νειν
556 2158 720 2225 φιλεῖ,
766 2159 901 2229 πρὸς
930 2160 1028 2228 τὴν
1060 2160 1166 2211 τῶν
1198 2159 1451 2229 μοναχῶν
1474 2159 1701 2212 καὶτῶν
1731 2159 1982 2228 πενήτων

403 2247 595 2316 χρείαν
645 2250 703 2303 ὲν
732 2252 798 2319 τῇ
837 2253 970 2321 μονῇ
1002 2251 1301 2320 γενομένης
1324 2290 1339 2315 ,
1372 2250 1603 2317 ἄγγελος
1634 2252 1690 2301 έν
1721 2247 1876 2318 ὕπνῳ
1905 2248 1983 2319 τῷ

408 2337 624 2408 γέροντι
653 2342 956 2411 παραστὰς,
1004 2342 1287 2404 Ἀναστάς,
1329 2342 1484 2411 φησι,
1526 2340 1656 2394 λάϐε
1682 2342 1848 2398 σῖτον,
1885 2340 1982 2393 καὶ

403 2432 556 2501 παρὰ
589 2433 680 2486 τὸν
708 2432 851 2487 θετον
905 2434 1129 2504 Συμεὼν
1161 2434 1470 2503 πορευθεὶς,
1506 2434 1599 2488 τὸν
1655 2435 1754 2502 μὲν
1782 2434 1979 2503 πένησι

404 2524 499 2575 καὶ
526 2526 639 2587 τοῖς
670 2527 926 2595 μοναχοῖς
957 2527 1163 2595 τροφὴν
1198 2528 1410 2595 κομιεῑς
1429 2542 1443 2557 ο
1477 2526 1560 2578 σοὶ
1588 2525 1644 2579 δὲ
1671 2524 1979 2595 κράσπεδον

401 2613 509 2666 τῶν
542 2615 799 2686 τριχίνων
845 2619 1056 2671 ἐκείνου
1111 2618 1327 2671 λαϐόντι
1384 2618 1610 2688 ῥακίων,
1644 2617 1980 2688 ἀφεθήσεται

402 2705 470 2757 τὰ
537 2706 633 2758 τοῦ
692 2708 842 2760 οἴκου
899 2707 1094 2776 δεσμά.
1124 2709 1277 2761 Σῖτον
1311 2708 1409 2777 μὲν
1458 2707 1550 2760 οὖν
1603 2707 1807 2770 εὐθέως
1868 2708 1984 2759 ἐκεῖ

404 2793 676 2866 προθύμῳ
714 2796 856 2861 ποδὶ,
910 2797 1293 2868 προθυμοτέρᾳ
1311 2797 1366 2848 δὲ
1398 2796 1492 2848 καί¹
1516 2795 1709 2865 γνώμῃ
1743 2796 1979 2862 κομίζει.

406 2886 638 2939 Ἔπειτα
663 2888 845 2955 μέντοι
870 2887 1091 2956 βώλακα
1122 2888 1224 2956 γῆς
1256 2888 1351 2941 καὶ
1381 2885 1526 2955 ὕδωρ
1556 2886 1738 2939 λαϐὼν
1770 2887 1873 2939 ὑπὸ
1901 2886 1981 2955 τῷ

400 2975 537 3027 κίονι
573 2974 787 3045 τίθησιν
814 2993 829 3007 ·
870 2972 986 3030 εἶτα
1025 2978 1208 3046 ὲκχέει
1254 2976 1353 3046 τὴν
1384 2976 1593 3029 οἰκείαν
1621 2975 1853 3029 ἐνώπιον
1879 2976 1972 3028 τοῦ

2089 1797 2185 1850 tim
2230 1796 2400 1865 igitur
2430 1804 2638 1849 tantum
2669 1794 2870 1855 effecit,
2906 1801 2964 1846 ut
2988 1806 3158 1846 senex
3184 1808 3308 1845 cum
3343 1792 3469 1845 filiis
3497 1792 3677 1860 (pater

2084 1886 2291 1955 quippe
2331 1886 2469 1953 erat)
2500 1884 2557 1938 in
2593 1895 2796 1938 terram
2830 1890 3163 1950 prostratus,
3208 1882 3407 1950 partim
3447 1895 3580 1934 vero
3616 1890 3676 1934 ut

2083 1976 2325 2047 pecudes
2355 1978 2474 2046 ejus
2506 1976 2561 2029 in
2597 1974 2896 2044 praecipitia
2929 1982 3063 2028 actae
3109 1972 3240 2028 sint.
3289 1972 3454 2026 Facta
3490 1988 3589 2040 per
3620 1971 3673 2024 id

2086 2078 2323 2137 tempus,
2344 2069 2423 2121 uti
2446 2066 2561 2121 ﬁeri
2586 2066 2814 2129 assolet,
2837 2079 3070 2118 annona:
3090 2063 3357 2118 charitate
3384 2064 3437 2116 in
3460 2078 3672 2122 eremo.

2084 2160 2583 2228 deiicientibusque
2617 2156 2901 2212 monachis
2936 2163 2991 2209 et
3029 2158 3358 2225 pauperibus
3417 2156 3674 2225 panibus,

2085 2253 2313 2321 angelus
2341 2252 2394 2305 in
2420 2251 2635 2304 somnis
2678 2249 2857 2304 astitit
2904 2250 3049 2312 seni,
3109 2248 3358 2317 dixitque
3396 2267 3408 2301 :
3471 2247 3673 2317 Surge,

2084 2343 2270 2412 accipe
2320 2341 2682 2405 frumentum,
2744 2348 2799 2395 et
2830 2339 2894 2392 ad
2943 2338 3123 2392 virum
3200 2336 3296 2392 Dei
3343 2338 3676 2409 Symconem

2085 2435 2565 2504 proﬁciscerezac
2594 2432 2930 2486 frumentum
2964 2430 3189 2500 quidem
3240 2430 3496 2483 cibandis
3545 2446 3678 2499 pau-

2084 2526 2311 2596 peribus
2340 2535 2504 2594 atque
2538 2524 2826 2579 monachis
2855 2523 3135 2592 portabis;
3172 2532 3231 2575 tu
3269 2538 3422 2584 vero,
3450 2532 3678 2591 recepto

2083 2616 2319 2670 lacerate
2347 2616 2525 2684 ipsius
2553 2614 2815 2676 frustillo,
2850 2611 3139 2683 familiam,
3178 2611 3383 2680 quibus
3423 2611 3681 2680 astringi—

2085 2719 2176 2763 tur
2208 2709 2443 2762 vinculis
2495 2707 2771 2771 solutam,
2833 2704 3176 2773 postliminio
3245 2703 3529 2773 gaudebis.
3583 2702 3680 2758 Ille

2088 2816 2215 2854 mox
2252 2816 2442 2869 gressu
2475 2799 2664 2862 alacri,
2689 2798 2783 2852 sed
2812 2796 2998 2850 animo
3028 2796 3314 2858 alacriore,
3343 2795 3678 2850 frumentum

2086 2892 2356 2945 advehit:
2413 2891 2615 2945 deinde
2676 2897 2957 2957 acceptam
3028 2896 3186 2941 terra:
3243 2888 3456 2957 glebam
3512 2898 3678 2957 atque

2085 2998 2282 3053 aquam
2313 2982 2417 3037 sub
2460 2983 2718 3036 columna
2768 2980 3019 3050 deponit.
3066 2980 3207 3032 Tum
3240 2995 3374 3033 vero
3419 2986 3591 3032 totum
3619 2994 3681 3032 se

400 3067 554 3134 ἁγίου
603 3066 816 3137 δέησιν,
881 3069 1218 3135 ἀπαγγέλλει
1272 3069 1373 3137 τὴν
1410 3068 1609 3136 θλίψιν,
1636 3068 1803 3120 δεῖται
1855 3065 1979 3136 θερο

2089 3071 2145 3125 in
2183 3087 2379 3141 preces
2410 3070 2648 3125 effundit
2679 3084 2868 3125 coram
2901 3077 3115 3133 sancto,
3167 3067 3395 3137 exponit
3445 3068 3675 3121 calami-

405 3158 543 3227 μῶς,
576 3159 716 3213 ὥστε
753 3160 1159 3230 προσεύξασθαι
1216 3160 1349 3231 περὶ
1376 3160 1658 3225 αύτοῦ,τά
1703 3175 1762 3211 τε
1802 3176 1979 3229 παρα-

402 3252 635 3318 κείμενα
686 3253 1002 3322 εὐλογῆσαι,
1032 3252 1127 3305 καί
1182 3269 1235 3305 τι
1291 3250 1384 3305 τοῦ
1444 3252 1554 3304 τῶν
1587 3251 1797 3320 ῥακίων
1832 3248 1980 3319 αύτῷ

404 3342 727 3412 μεταδοῦναι
765 3344 1097 3414 κρασπέδου.
1133 3345 1315 3415 Ἀπερ
1345 3344 1420 3407 ῶς
1450 3344 1622 3397 ἐδεῖτο
1650 3341 1853 3409 λαϐὼν,
1884 3342 1980 3395 καὶ

400 3434 581 3488 οἶκαδε
611 3434 687 3498 ὡς
732 3430 878 3505 εἶχεν
912 3435 1244 3502 ἐπανελθὼν,
1268 3436 1360 3504 ἀφ’
1387 3434 1585 3489 ἑαυτοῦ
1626 3434 1844 3506 πρώτον
1880 3433 1973 3502 μέ-

400 3542 494 3595 χρι
522 3526 619 3580 καὶ
654 3526 750 3579 τοῦ
792 3527 1164 3597 σμικροτάτου
1225 3526 1621 3597 διαρῤαντίζει,
1670 3527 1808 3595 ὅπερ
1876 3526 1978 3577 οὐκ

401 3617 551 3686 αὐτῷ
585 3618 732 3687 μόνῳ
763 3619 857 3670 καί
885 3618 1043 3670 παισὶ
1069 3618 1163 3670 καὶ
1192 3618 1558 3686 βοσκήμασιν,
1594 3615 1731 3669 ἀλλὰ
1754 3616 1850 3667 καὶ
1871 3615 1979 3685 ὅλῳ

400 3711 535 3779 οἴκῳ
561 3708 697 3782 πρὸς
729 3709 1030 3782 θεραπείαν
1057 3711 1155 3781 τῆς
1185 3710 1537 3781 φαρμακείας
1559 3710 1813 3780 ήρκεσεν.

469 3983 577 4039 νς’,
596 3972 724 4028 Εἶτα
744 3973 929 4028 πολλοὶ
948 3974 1088 4027 κατὰ
1105 3972 1299 4027 ταυτὸν
1320 3971 1624 4042 προσῆλθον
1643 3972 1791 4042 αὐτῷ
1806 3972 1983 4040 διαφό-

402 4085 516 4137 ροις
536 4067 789 4132 πάθεσιν,
823 4069 871 4120 οί
902 4067 999 4137 μὲν
1026 4065 1199 4128 νόσοις
1216 4065 1509 4130 ποικίλαις,
1528 4066 1581 4118 οι
1596 4064 1651 4117 δὲ
1678 4066 1773 4118 καὶ
1792 4065 1982 4134 δαίμο-

403 4175 485 4211 σιν
508 4160 905 4229 ὲνοχλούμενοι·
924 4157 1023 4212 est
1040 4157 1241 4210 τούτων
1266 4156 1483 4225 ἑκάστῳ
1509 4155 1727 4225 θερμῶς
1751 4155 1983 4220 ἐπευξά-

402 4270 581 4320 μενος,
604 4252 740 4305 άλλὰ
760 4253 854 4304 καὶ
874 4254 1063 4322 χεῖρας
1091 4249 1325 4313 ἐπιθεὶς,
1354 4249 1487 4320 πρὸς
1511 4249 1644 4301 Θεὸν
1664 4248 1749 4300 διὰ
1781 4250 1981 4312 παντὸς

399 4342 562 4413 [mea
576 4344 673 4407 τὰς
690 4341 863 4414 θείας]
880 4342 1098 4405 ἐντολὰς
1114 4342 1430 4412 αίρομένας,
1446 4340 1690 4402 ἅπαντας
1704 4341 1978 4411 ἀπήλλαξε

2085 3169 2271 3225 tatem,
2303 3171 2425 3217 orat
2454 3161 2861 3216 ferventissime
2881 3176 2982 3230 pro
3006 3176 3065 3215 se
3104 3168 3165 3214 ut
3205 3159 3566 3230 deprecetur,
3620 3166 3677 3211 et

2081 3269 2203 3324 qua:
2234 3254 2482 3324 apposita
2510 3264 2673 3308 erant
2702 3253 2913 3307 cibaria
2947 3252 3231 3321 impertiat
3276 3250 3675 3305 benedictione

2081 3361 2199 3410 sua,
2236 3354 2401 3415 atque
2428 3360 2458 3400 e
2487 3360 2731 3414 panuosa
2752 3345 2971 3398 lacerna
3003 3345 3107 3397 sibi
3132 3344 3400 3414 largiatur
3435 3341 3670 3412 aliquid.

2080 3435 2349 3489 Votorum
2399 3442 2589 3489 autem
2649 3448 2874 3502 compos
2929 3432 3140 3496 factus,
3212 3433 3552 3501 domumque
3615 3441 3678 3487 ut

2080 3532 2296 3593 poterat
2357 3538 2637 3587 reversus,
2707 3521 2876 3575 ducto
2938 3537 2969 3574 a
3015 3537 3073 3576 se
3142 3521 3300 3576 initio
3347 3522 3533 3575 omnia
3599 3520 3668 3574 ad

2081 3615 2372 3671 minimum
2404 3630 2577 3683 usque
2602 3612 2819 3668 lustrali
2853 3612 2945 3665 illa
2964 3628 3103 3681 aqua
3132 3613 3447 3683 conspergit
3470 3630 3483 3678 ;
3506 3613 3675 3681 idque

2081 3706 2301 3761 suﬂeeit
2329 3706 2597 3760 adversus
2621 3704 2921 3765 veneficia;
2985 3703 3217 3773 integra,
3286 3720 3395 3757 non
3462 3710 3677 3758 tantum

2083 3794 2777 3863 seni.pueris.jumcntis,
2829 3792 2924 3846 sed
2990 3792 3261 3847 universae
3300 3808 3522 3862 quoque
3575 3792 3676 3847 do-

2082 3885 2219 3951 mui,
2252 3886 2485 3940 sanitate
2517 3884 2751 3938 reddita.

2154 3977 2242 4032 56.
2300 3976 2476 4046 Hujus
2533 3974 2739 4029 deinde
2798 3974 3056 4042 exemplo
3110 3989 3311 4027 venere
3363 3974 3551 4042 plures
3606 3974 3675 4028 ad

2083 4070 2266 4124 virum
2320 4070 2417 4123 Dei
2452 4083 2561 4121 non
2588 4082 2698 4121 uno
2724 4067 2869 4120 malo
2902 4066 3247 4119 laborantes:
3302 4066 3444 4119 alios
3487 4066 3670 4121 morbi

2084 4163 2243 4228 varii,
2280 4162 2418 4216 alios
2449 4160 2728 4214 daemones
2758 4158 3109 4213 infestabant.
3152 4158 3258 4211 Pro
3292 4158 3524 4227 singulis
3582 4159 3676 4212 ille

2086 4257 2315 4325 supplex
2358 4256 2469 4308 Deo
2515 4254 2712 4311 factus.
2768 4250 3153 4321 impositisque
3216 4252 3488 4313 manibus,
3538 4266 3676 4318 quas

2086 4362 2304 4415 semper
2328 4346 2634 4400 secundum
2662 4345 2845 4398 divina
2871 4352 3144 4413 przecepta
3188 4342 3437 4396 sublatas
3504 4342 3678 4397 habe-

396 4412 494 4485 τοῦ
522 4412 861 4497 λυποῦντοςί
880 4434 996 4503 Τῆς
1019 4432 1076 4485 δὲ
1114 4432 1242 4503 περὶ
1275 4430 1441 4484 αὐτοῦ
1472 4431 1663 4499 φήμης
1686 4471 1701 4495 ,
1730 4433 1827 4482 καὶ
1865 4431 1974 4482 τῶν

2088 4438 2201 4500 bat,
2242 4436 2451 4491 doloris
2499 4451 2718 4490 causam
2762 4435 2829 4487 ab
2868 4433 3144 4488 universis
3202 4433 3456 4488 removit.
3511 4434 3674 4488 Fama

399 4524 631 4594 ἑκάστης
660 4526 873 4595 ἡμέρας
908 4524 1203 4592 θαυμάτων
1237 4523 1551 4592 πανταχόσε
1593 4520 1973 4587 διαδοθέντων,

395 4616 554 4686 δχλου
610 4633 670 4669 τε
718 4616 854 4686 πρὸς
888 4614 1053 4668 αὐτὸν
1082 4614 1401 4685 συρρέοντος
1431 4612 1708 4676 πλείστου,
1744 4611 1974 4680 πλήθεσι

394 4704 670 4766 τοσούτοις
704 4705 865 4775 μόνος
900 4706 1092 4775 ἀρκεῖν
1114 4703 1276 4766 αὐτὸς
1306 4703 1367 4755 οὐ
1389 4702 1710 4771 δυνάμενος,
1746 4700 1975 4768 ῥάϐδους

397 4797 701 4868 εὐλογήσας
767 4796 1011 4867 παρέσχε
1043 4797 1161 4859 τοῖς
1222 4795 1494 4865 μαθηταῖς
1533 4792 1706 4868 αὑτοῦ
1728 4834 1742 4858 ,
1774 4792 1841 4855 ἃς
1866 4794 1977 4855 τοῖς

398 4887 697 4956 πάσχουσιν
709 4888 906 4939 ἐκεῖνοι
925 4886 1083 4939 πάλιν
1099 4885 1461 4947 ἐπιτιθέντες,
1483 4883 1576 4936 καὶ
1605 4864 1843 4949 μάλιστα
1863 4885 1972 4944 τοῖς

398 4980 504 5032 ὑπὸ
537 4979 788 5049 πονηρῶν
814 4978 1145 5049 πνευμάτων
1174 4977 1563 5046 κατεχομένοις
1595 5015 1609 5040 ,
1644 4975 1783 5028 Τάδε
1805 4974 1975 5041 λέγει,

398 5072 625 5141 ἔφασαν,
659 5071 687 5124 ό
715 5069 899 5134 δοῦλος
938 5068 1032 5123 τοῦ
1065 5068 1201 5122 Θεοῦ
1228 5067 1452 5137 Συμεὼν
1488 5068 1595 5138 (ἵνα
1619 5068 1713 5120 καὶ
1741 5069 1805 5136 τῇ
1837 5068 1979 5136 μνή-

402 5181 478 5238 μῃ
524 5164 634 5218 τῶν
683 5165 783 5233 τῆς
822 5162 1123 5231 ἁγγελικῆς
1169 5162 1385 5231 ἐκείνης
1418 5159 1666 5229 γλώττης
1719 5159 1979 5230 ῥημάτων

398 5256 792 5329 ἀγιασθῶμεν)·
814 5256 1088 5322 Ἐξέλθετε
1105 5256 1172 5309 τά
1195 5257 1481 5324 ἀκάθαρτα
1493 5254 1777 5324 πνεύματα
1791 5256 1853 5306 ἐκ
1870 5254 1978 5304 τῶν

397 5350 734 5419 πλασμάτων
757 5349 851 5402 τοῦ
877 5348 1032 5403 Θεοῦ.
1066 5350 1179 5403 Καὶ
1218 5348 1416 5401 αὐτίκα
1448 5347 1537 5401 διὰ
1568 5347 1749 5415 πάσης
1784 5344 1980 5414 αἰσθήσ

400 5456 539 5503 σεως
594 5435 662 5509 ἦν
694 5442 827 5511 όρᾷν
873 5440 1228 5511 ἐλαυνόμενα.
1281 5440 1517 5511 Ἐκάστῃ
1562 5440 1745 5509 μέντοι
1798 5438 1979 5509 ράὁδῳ

396 5526 529 5599 ἄχρι
563 5528 732 5599 τριῶν
779 5529 1083 5600 ἀνθρώπων
1118 5533 1151 5601 ή
1208 5529 1320 5584 τῶν
1374 5530 1669 5600 θαυμάτων
1729 5529 1981 5599 ἐνέργεια

399 5616 607 5689 ῶριστο
645 5635 660 5648 ο
680 5615 800 5673 εἶτα
827 5620 990 5675 πάλιν
1016 5623 1324 5691 ἁπτόμενος
1348 5621 1521 5690 αὐτῆς
1548 5623 1778 5685 ἐκεῖνος,
1812 5620 1977 5692 ηὐλό-

402 5722 509 5776 γει,
546 5709 642 5765 καὶ⁸
668 5712 1065 5783 παραπλησίως
1109 5712 1245 5781 αὐτὴ
1278 5713 1439 5768 πάλιν
1465 5716 1573 5779 τοῖς
1601 5712 1847 5785 θαύμασι
1885 5714 1973 5767 κέ-

2081 4544 2246 4597 porro
2273 4528 2339 4582 de
2364 4527 2635 4597 Symeone
2664 4527 2842 4595 deque
2877 4524 3160 4579 miraculis
3190 4524 3311 4593 ejus
3336 4524 3678 4593 quotidianis

2076 4621 2237 4690 longe
2274 4628 2437 4688 atque
2501 4619 2609 4672 late
2643 4626 2933 4686 pervagata
2971 4658 2984 4679 ,
3043 4614 3453 4669 confluentibus
3495 4615 3562 4667 ad
3615 4631 3673 4669 se

2081 4713 2295 4783 ingenti
2331 4727 2567 4766 numero
2606 4709 2808 4771 turbis,
2850 4724 2973 4761 cum
3032 4706 3284 4761 suilicere
3334 4723 3478 4760 unus
3550 4706 3669 4773 ipse

2078 4808 2339 4874 nequiret
2368 4804 2610 4857 laborem
2634 4817 2758 4857 eum
2784 4800 3072 4870 discipulis
3098 4799 3355 4869 partitus,
3377 4812 3672 4851 consecra-

2081 4906 2163 4951 tas
2195 4897 2261 4951 iis
2290 4896 2471 4965 virgas
2498 4894 2777 4964 porrexit:
2807 4908 2943 4960 quas
2974 4891 3074 4959 ipsi
3099 4906 3241 4959 ξρετε
3289 4888 3640 4947 habentibus,

2078 5001 2143 5040 ac
2178 4985 2454 5055 pra-cipue
2504 5000 2534 5037 a
2588 4982 2731 5037 malo
2771 4981 2970 5051 spiritu
3032 4979 3260 5033 insessis
3314 4978 3671 5031 admovertes

2081 5074 2444 5143 inquiebant:
2479 5074 2604 5128 llaec
2629 5073 2763 5127 dicit
2790 5087 2990 5127 servus
3037 5069 3127 5122 Dei
3162 5068 3399 5138 Symeon
3461 5068 3541 5135 (ut
3563 5080 3671 5120 nos

2080 5179 2301 5233 quoque
2331 5164 2629 5217 verborum
2676 5163 2920 5232 angelica
2946 5160 3095 5215 illius
3118 5160 3306 5224 lingua
3331 5158 3669 5227 prolatorum

2081 5254 2602 5308 commemoratione
2671 5251 3102 5317 sanctificemur)
3148 5267 3161 5302 :
3204 5249 3398 5311 Exite,
3468 5247 3670 5316 impuri

2082 5346 2312 5416 spiritus
2338 5362 2368 5399 e
2398 5346 2667 5400 creaturis
2689 5345 2804 5398 Dei.
2833 5346 2941 5398 Nec
2988 5358 3163 5407 mora,
3212 5340 3545 5395 videbantur
3573 5356 3672 5410 per

2083 5456 2276 5495 omnes
2310 5430 2507 5495 sensus
2535 5439 2963 5509 expelliﬂirtus
2983 5447 3165 5491 autem
3200 5436 3290 5490 illa
3318 5435 3669 5500 miraculosa,

2083 5534 2281 5602 cuique
2309 5533 2476 5602 virgae
2538 5531 2755 5594 indita,
2818 5531 2984 5584 trium
3036 5529 3324 5583 hominum
3380 5527 3667 5583 sanatione

2084 5625 2649 5681 circumscribebatur
2693 5642 2707 5678 :
2745 5622 2872 5677 dein
2924 5622 3161 5694 Symcon
3195 5621 3395 5676 iterata
3436 5620 3675 5675 tactione

2089 5715 2234 5769 illam
2270 5715 2469 5772 iterum
2499 5712 2885 5780 benedicebat,
2918 5712 3046 5770 inde
3076 5711 3351 5768 miracula
3399 5718 3461 5764 ut
3517 5709 3680 5776 prius
