4034 6186
381 261 528 330 3039

1586 269 1646 326 S;
1689 268 2068 328 SYMEONIS
2102 265 2464 327 JUNiORlS

3485 255 3552 314 30
3565 251 3628 314 ίθ

380 384 738 448 cperantem‘:
797 373 1084 432 id'autem
1139 377 1416 448 sapienter
1479 377 1556 429 sic
1627 375 1944 428 instituerat

2067 391 2244 444 ιρητο,
2273 371 2450 440 σοφῶς
2495 369 2658 422 αὑτοῦ
2712 369 2806 420 καὶ
2833 365 2991 417 τοῦτο
3013 361 3446 432 οἰκονομοῦντος,
3487 361 3627 415 ὥστε

381 482 648 534 sanctus,
703 489 772 528 ne
827 473 1008 527 inanis
1055 473 1242 542 gloriae
1287 471 1618 542 cogitatione
1688 468 1948 537 discipuli

380 561 728 616 efferrentur.

2063 465 2138 535 μὴ
2176 463 2420 534 λογισμῴ
2453 463 2578 524 τοὺς
2621 458 2864 529 μαθητὰς
2898 455 3200 522 κενοδοξίας
3231 454 3456 508 ἁλῶναι.

1779 665 2006 725 CAPUT
2051 661 2191 720 Vlll.

523 764 958 832 Abiguntur‘ferw
987 771 1034 816 et
1060 765 1266 827 hostes;
1297 762 1599 816 revelantur
1632 763 1982 826 calamitates,
1999 769 2044 810 et
2075 755 2340 816 eveniunt;
2360 753 2619 804 deseritur
2643 759 2854 802 sanctus
2877 745 3104 817 Symeon
3135 764 3166 798 α
3193 746 3482 814 discipulis.

455 859 540 911 57.
599 859 800 911 Verum
857 858 1138 912 enimvero
1201 859 1326 926 quis
1383 858 1597 928 singula
1663 857 1952 928 Syrueonis

383 955 536 1014 gesta
561 947 885 1000 miraeulosa
911 949 1230 1001 recenseat?
1253 963 1378 1015 quae
1395 948 1580 1016 lingua
1601 941 1950 1006 enarrandis,

385 1054 504 1102 qua:
531 1053 724 1090 manus
743 1038 1185 1100 conscribendis,
1215 1055 1340 1106 qua:
1383 1039 1564 1091 oratio
1612 1036 1953 1106 explicandis

385 1121 652 1178 sufficiat?
679 1125 770 1178 Vir
795 1125 1040 1194 quidam,
1068 1125 1333 1195 Georgius
1359 1128 1602 1190 nomine,
1621 1143 1739 1178 .non
1769 1125 1955 1178 admo-

385 1214 518 1267 dum
551 1213 708 1282 longe
735 1216 788 1268 in
819 1217 1174 1271 solitudinem
1201 1233 1545 1286 progressus,
1587 1217 1856 1270 inciderat
1901 1217 1954 1268 in

387 1303 564 1358 feras:
599 1321 834 1373 cumque
865 1319 1008 1361 esset
1048 1309 1204 1376 inops
1229 1310 1444 1361 consilii
1475 1351 1488 1370 ,
1539 1309 1712 1362 sancti
1757 1323 1956 1360 nomen

385 1391 440 1444 in
495 1396 776 1461 suppetias
821 1395 1074 1460 advocat,
1127 1413 1236 1465 quo
1301 1397 1448 1450 facto
1493 1399 1664 1451 rictus
1714 1397 1955 1450 ferarum

387 1482 536 1535 illico
591 1485 1066 1554 constringuntur.
1115 1487 1302 1554 Neque
1349 1487 1400 1540 id
1457 1497 1688 1546 tantum.
1727 1487 1822 1540 scd
1889 1485 1956 1540 ad

385 1583 632 1626 sanctum
668 1591 890 1643 quoque
939 1591 1150 1636 omnes,
1207 1577 1282 1630 ita
1345 1587 1402 1629 ut
1467 1587 1645 1640 erant,
1683 1577 1958 1631 curriculo

2127 845 2222 910 νς,
2269 845 2430 898 Ἀλλά
2464 845 2578 906 πῶς
2607 844 2668 896 ἄν
2693 860 2772 902 τις
2804 841 2909 892 τῶν
2928 841 3019 892 τοῦ
3053 839 3280 905 Συμεὼν
3312 839 3630 906 θαυμασίων

2057 943 2264 995 ἕκαστα
2325 934 2820 1001 καταλέγοιςποία
2877 932 2934 984 δὲ
2991 933 3208 1000 γλῶττα
3259 932 3630 998 διακονήσειεν

2059 1036 2242 1094 αὐτοῖς
2275 1031 2306 1100 ἢ
2339 1029 2458 1098 χείρ
2487 1045 2501 1092 ;
2531 1027 2563 1096 ἦ
2605 1027 2686 1088 τίς
2717 1029 2794 1088 είς
2841 1024 3134 1093 ἑρμηνείαν
3163 1023 3416 1092 ἀρκέσειε
3441 1023 3631 1088 λόγοςς

2073 1122 2238 1190 Ἀνὴρ
2285 1121 2395 1188 γάρ
2423 1136 2504 1180 τις
2553 1119 2722 1185 ὄνομα
2759 1116 3034 1184 Γεὼργιος
3083 1116 3142 1166 οὐ
3175 1113 3262 1165 διὰ
3301 1112 3510 1183 μακροῦ
3537 1114 3636 1178 τῆς

2067 1215 2232 1284 μονῆς
2279 1211 2488 1279 θηρίοις
2539 1206 2946 1276 περιπεπτώκει
2976 1225 2988 1236 ·
3017 1208 3076 1258 ἐν
3135 1207 3402 1274 ἀμηχάνῳ
3455 1203 3638 1256 τοίνυν

2061 1302 2216 1364 εἰδὼς
2241 1302 2450 1364 ἑαυτὸν,
2488 1301 2550 1351 τ’)
2581 1300 2672 1351 τοῦ
2717 1297 2898 1365 ’Λγίου
2931 1299 3100 1365 ὄνομα
3133 1296 3286 1348 καλεῖ
3331 1296 3468 1361 πρὸς
3493 1294 3638 1360 ἄμυ-

2067 1412 2164 1446 ναν
2196 1410 2210 1424 ·
2251 1393 2344 1445 καὶ
2399 1391 2738 1460 παραχρῆμα
2789 1387 3118 1456 δεσμοῦνται
3161 1389 3276 1445 τοῖς
3339 1385 3548 1454 Θηρίοις
3582 1383 3638 1435 αἱ

2062 1485 2326 1552 σιαγόνες.
2380 1484 2488 1535 Καὶ
2549 1483 2608 1534 οῦ
2643 1480 2801 1532 τοῦτο
2835 1477 3150 1546 θαυμαστὸν
3187 1476 3344 1545 μόνον
3371 1516 3382 1536 ,
3415 1473 3530 1526 ἀλλ’
3555 1475 3640 1526 ὅτι

2064 1577 2160 1626 καὶ
2207 1573 2358 1642 παρά
2405 1572 2496 1624 τὸν
2525 1571 2716 1638 Ἀγιον
2753 1569 2828 1632 ὡς
2867 1563 3012 1636 εἶχεν
3053 1566 3214 1628 εὐθὺς
3247 1565 3524 1634 δρομαίως
3569 1561 3642 1614 τὰ

385 1662 710 1728 tendentes,
737 1680 833 1718 ora
866 1681 962 1718 sua
989 1667 1258 1720 columnae
1307 1668 1428 1720 basi
1471 1667 1780 1736 imponunt,
1837 1677 1962 1721 tan-

2067 1665 2228 1734 θηρία
2289 1663 2536 1722 ἐλθόντα,
2588 1659 2800 1712 τιθέασι
2849 1657 2918 1710 τὰ
2977 1656 3222 1726 στόματα
3261 1653 3414 1724 παρά
3443 1657 3506 1722 τῇ
3541 1651 3638 1704 τοῦ

382 1769 548 1820 quam
589 1770 791 1824 gnarre,
858 1755 982 1824 quis
1033 1757 1138 1810 sibi
1175 1757 1226 1810 id
1297 1757 1502 1812 vinculi
1545 1759 1843 1826 injecisset,
1891 1773 1956 1812 ac

385 1857 536 1897 more
561 1857 880 1912 precantum
923 1845 1128 1900 ibidem
1160 1847 1542 1914 persistentes,
1576 1847 1772 1901 soluta!-
1799 1854 1950 1900 sunt.

383 1935 560 2002 Atque
594 1935 724 1988 illud
771 1937 936 1990 etiam
961 1938 1083 2004 plus
1124 1937 1506 1990 admirationis
1558 1937 1756 2000 habet,
1803 1935 1952 2005 quod

383 2025 705 2093 priusquam
763 2026 1116 2080 advenissent
1181 2026 1329 2089 ferae,
1380 2025 1514 2096 quid
1575 2027 1684 2080 illis
1743 2027 1964 2081 factum

383 2124 549 2174 esset.
581 2115 812 2182 Symeon
844 2116 1334 2171 circumstantibus
1369 2120 1810 2186 praenuntiasset.

457 2205 544 2260 58.
586 2207 758 2276 Regio
787 2207 1094 2262 Antiochia:
1123 2209 1368 2277 subjecta
1396 2219 1502 2264 tam
1551 2210 1966 2278 frequentibus

383 2297 628 2350 scatebat
651 2298 797 2361 feris,
814 2299 996 2368 specie
1015 2299 1400 2353 diversimodis
1415 2312 1470 2354 et
1495 2300 1808 2354 insidiando
1831 2317 1956 2370 per-

385 2387 630 2450 niciosis,
655 2399 712 2441 ut
743 2405 848 2442 non
885 2390 1006 2443 viri
1049 2400 1264 2444 tantum
1319 2391 1648 2460 feminaeque
1705 2395 1806 2448 tuti
1847 2410 1954 2447 non

383 2487 569 2530 essent
599 2478 668 2532 ab
715 2478 932 2532 illorum
983 2478 1222 2543 laniena,
1284 2479 1380 2532 sed
1427 2479 1666 2534 infantes
1737 2497 1958 2550 quoque

384 2565 644 2620 domibus
681 2567 816 2630 suis,
847 2567 942 2620 ubi
977 2568 1239 2632 latebant,
1271 2570 1501 2623 extracti
1539 2569 1732 2624 iisdem
1775 2570 1958 2640 pneda

385 2658 680 2725 cederent;
731 2660 830 2714 via:
875 2675 1066 2714 omnes
1109 2661 1592 2730 interciperentur,
1641 2665 1958 2734 etagricul-

389 2757 508 2802 tura
528 2759 784 2804 cessaret.
809 2751 912 2806 nisi
941 2750 1082 2806 forte
1110 2761 1260 2807 tanto
1291 2769 1520 2808 numero
1549 2755 1956 2822 convenissent,

385 2848 448 2893 ut
475 2847 598 2908 apta
625 2841 690 2894 ad
719 2841 1084 2896 resistendum
1123 2851 1302 2896 turma
1329 2845 1530 2898 forent.
1573 2845 1849 2912 Legantur
1873 2862 1962 2901 er-

383 2944 454 3000 go
481 2931 640 2986 istius
673 2932 912 3002 regionis
938 2934 1161 3004 quidam
1195 2935 1260 2988 ad
1294 2947 1566 3000 sanctum,
1593 2946 1652 2990 ut
1681 2947 1870 3006 petant
1892 2938 1962 2992 li-

385 3019 564 3076 berari
593 3032 697 3077 tam
732 3040 872 3078 saeva
905 3026 1208 3080 vicinitate.
1243 3027 1336 3080 Ille
1369 3037 1555 3082 autem
1583 3037 1642 3080 ut
1664 3037 1780 3081 erat
1805 3045 1960 3082 man-

386 3121 598 3178 suetus,
645 3114 750 3170 hoc
781 3116 1071 3170 orantibus
1095 3117 1344 3186 responsi
1376 3117 1566 3172 dedit:
1601 3118 1806 3172 Indicia
1848 3119 1970 3172 luee-

387 3205 688 3274 suntjustae
721 3204 1140 3276 indignationis,
1171 3207 1468 3275 qua‘nobis
1488 3217 1774 3263 succenset
1798 3211 1961 3266 Deus.

386 3293 528 3347 Dicit
561 3295 764 3363 quippe
807 3296 1084 3364 apostolus
1111 3299 1230 3367 ejus
1255 3298 1456 3353 Paulus
1477 3299 1517 3330 ¹¹
1550 3316 1564 3351 :
1592 3299 1729 3364 Quia
1751 3311 1974 3372 propter.

385 3384 496 3438 Iutc
529 3387 666 3438 venit
711 3388 790 3438 ira
820 3386 918 3439 Dei
949 3389 1002 3440 in
1030 3388 1170 3454 ﬁlios
1197 3391 1737 3460 diﬁideutiw;.qualia
1765 3411 1970 3464 nempe

2068 1758 2242 1832 κίονος
2274 1755 2449 1825 βάσει,
2479 1753 2754 1820 καθάπερ,
2789 1751 2916 1818 ὅθεν
2931 1749 3116 1810 αὐτοῖς
3137 1749 3170 1817 ἡ
3195 1747 3352 1816 πέδη,
3385 1744 3642 1802 αἰσθανό-

2063 1863 2220 1914 μενα,
2249 1844 2508 1898 κάκεῖθεν
2573 1841 2870 1912 αἰτούμενα
2929 1839 3020 1892 καὶ
3079 1837 3426 1907 λαμϐάνοντα
3459 1836 3636 1892 λύσιν.

2059 1938 2297 1989 Κάκεῖνο
2327 1935 2487 1988 πάλιν
2515 1930 2987 2001 θαυμασιώτερον,
3016 1932 3098 1983 ὅτι
3152 1931 3246 1982 καὶ
3278 1929 3384 1995 πρὸ
3409 1929 3505 1996 τῆς
3530 1927 3642 1978 τῶν

2059 2026 2264 2095 θηρίων
2289 2023 2617 2094 παρουσίας,
2651 2023 2718 2075 τὰ
2741 2023 2870 2092 περὶ
2895 2021 3076 2074 αὐτῶν
3103 2021 3216 2084 τοῖς
3241 2017 3504 2088 παροῦσιν
3535 2017 3643 2069 ὑ..δ

2061 2117 2156 2172 τοῦ
2191 2116 2415 2185 Συμεὼν
2443 2115 2844 2186 προηγόρευτο.

2135 2216 2235 2278 νη’.
2273 2209 2488 2268 Πολλοῖς
2518 2207 2712 2274 ἔϐρυεν
2743 2209 2774 2275 ὴ
2807 2205 2960 2274 χώρα
2982 2204 3190 2272 θηρίοις
3223 2207 3256 2272 ἡ
3287 2202 3388 2254 ὑπ’)
3415 2205 3480 2271 τῇ
3525 2203 3644 2254 ’.ἕν-

2062 2303 2240 2371 τιόχου
2269 2301 2519 2370 κειμένη,
2547 2299 2606 2350 τό
2625 2316 2682 2350 τε
2701 2293 2836 2358 εἶδος
2865 2297 3146 2359 ποικίλοις,
3177 2298 3270 2348 καὶ
3297 2295 3396 2366 τὴν
3419 2295 3642 2346 επιϐου-

2064 2393 2160 2463 λὴν
2189 2393 2472 2462 ὀλεθρίοις,
2498 2390 2572 2452 ὡς
2605 2391 2716 2442 οὐκί
2737 2389 2934 2457 ἄνδρας
2961 2391 3118 2457 μόνον
3137 2389 3234 2440 καὶ
3262 2390 3526 2455 γυναῖκας
3547 2385 3641 2438 ὑπ’

2065 2484 2246 2539 αὐτῶν
2274 2481 2700 2551 διαιρθείρεσθαι,
2727 2479 2860 2532 ἀλλὰ
2891 2485 2983 2532 καὶ
3005 2479 3188 2532 παιδία
3217 2478 3424 2537 τούτοις
3451 2481 3513 2530 ἐκ
3533 2477 3640 2528 τῶν

2065 2577 2230 2630 οἴκων
2265 2577 2534 2646 ἅρπαγμα
2565 2572 2832 2639 γίνεσθαι,
2863 2571 2998 2624 ὁδῶν
3029 2587 3102 2622 τε·
3123 2571 3320 2630 αὐτοὺς
3351 2570 3442 2621 καὶ
3461 2585 3642 2638 γεωρ-

2067 2666 2190 2734 γίας
2227 2661 2669 2720 ἀποκεκλεῖσθαι,
2697 2663 2744 2712 εἰ
2771 2663 2844 2730 μὴ
2871 2659 3011 2712 κατὰ
3043 2659 3245 2727 πλῆθος
3279 2656 3642 2726 ἁθροισθεῖεν,

2069 2757 2162 2808 καὶ
2190 2755 2310 2824 χεὶρ
2339 2751 2498 2822 ἱκανὴ
2530 2751 2665 2822 πρὸς
2689 2750 3120 2820 ἀντιπαράταξιν
3142 2749 3400 2816 γένοιντο.
3437 2746 3646 2800 Ἀνίασι

2067 2847 2244 2900 τοίνυν
2278 2845 2414 2914 πρὸς
2433 2845 2522 2896 τὸν
2547 2847 2732 2910 Ἀγιον
2765 2844 2813 2894 οἱ
2849 2843 2942 2910 τῆς
2976 2841 3180 2912 χώρας,
3215 2838 3530 2907 ἀπαλλαγὴν
3561 2841 3648 2892 αι-

2067 2939 2286 3000 τοῦντες
2315 2936 2550 3006 χαλεποῦ
2583 2935 2994 3004 γειτονήματοςι
3050 2935 3107 2986 '0
3129 2932 3184 2984 δὲ
3223 2932 3409 3000 πράως
3435 2927 3646 2982 ὑπολασ

2069 3028 2199 3088 ϐὼν,
2239 3027 2481 3094 Ἀδελφοί
2537 3043 2660 3094 μου,
2704 3025 2829 3093 ἔφη,
2861 3024 3134 3092 τεκμήριά
3175 3025 3278 3073 εἱσι
3325 3021 3492 3074 ταῦτα
3544 3021 3645 3088 τῆς

2069 3117 2160 3172 τοῦ
2180 3117 2312 3170 Θεοῦ
2335 3117 2454 3169 καθ’
2477 3118 2508 3184 ἡ
2517 3115 2632 3182 μῶν
2657 3116 2872 3176 δικαίας
2891 3115 3060 3184 ὀργῆς
3085 3113 3177 3165 καὶ
3201 3113 3484 3182 κινήσεως·
3509 3113 3642 3178 φησὶ

2069 3209 2176 3280 γὰρ
2201 3211 2228 3261 ὁ
2258 3209 2397 3271 θεῖος
2435 3208 2728 3271 ἀπόστολος
2769 3207 2978 3266 Παῦλος
3003 3245 3018 3268 ,
3045 3205 3145 3258 Διὰ
3179 3205 3365 3258 ταῦτα
3405 3204 3642 3271 ἔρχεται

2069 3301 2276 3369 ήιόργὴ
2305 3301 2410 3354 τοῦ
2438 3299 2586 3354 Θεοῦ
2609 3299 2704 3352 ἐπὶ
2731 3298 2868 3362 τοὺς
2901 3297 3070 3362 υἱοί-ς
3089 3297 3200 3361 τῆς
3227 3298 3549 3358 ἀπειθείας,
3583 3294 3644 3346 ἆ-

2071 3394 2192 3446 τινά
2215 3396 2340 3455 εἱσι,
2367 3391 2610 3463 πορνεία,
2635 3391 2964 3460 ἀκαθαρσία,
2987 3389 3175 3452 πάθος,
3195 3389 3456 3456 ἐπιθυμία
3473 3387 3644 3456 κακὴ,

387 3483 536 3538 sunt,
573 3475 881 3540 fornicatio,
907 3479 1274 3542 inin-mnditia,
1321 3483 1626 3549 passiones,
1661 3499 1828 3551 prava
1873 3484 1962 3539 de-

2076 3486 2376 3550 πλεονεξία,
2408 3486 2530 3555 ἥτις
2583 3484 2730 3536 ἐστὶν
2762 3482 3204 3549 εἰδωλολατρεία·
3250 3477 3328 3532 διδ
3363 3481 3508 3550 πάσῃ
3541 3496 3650 3541 φυ-

388 3565 610 3629 sideria,
633 3569 862 3622 avaritia
885 3585 1004 3638 qua:
1023 3579 1107 3624 est
1135 3570 1406 3624 idolorum
1437 3573 1976 3644 servitus..Quapro--

387 3665 510 3726 pter
531 3658 679 3712 omni
713 3659 1004 3714 sedulitate
1031 3663 1407 3716 custodiamus
1447 3665 1835 3734 nosmetipsos,
1893 3683 1966 3722 ne

388 3748 648 3818 deinceps
682 3750 900 3804 tristitia
945 3751 1245 3806 afficiamus
1273 3753 1537 3822 Spiritum
1583 3767 1852 3822 sanctum,
1907 3757 1976 3813 in.

387 3854 498 3907 quo
525 3840 720 3909 signati
748 3858 936 3896 sumus
976 3843 1029 3896 in
1059 3843 1203 3898 diem
1229 3846 1624 3915 redemptionis
1649 3849 1712 3912 “,
1755 3849 1808 3902 in
1839 3865 1950 3918 quo

388 3933 676 3988 etarrham
707 3935 1020 4003 accepimus
1047 3935 1112 3988 ad
1145 3951 1296 4004 spem
1319 3936 1441 3990 vitae
1455 3935 1799 4004 sempiternae
1820 3937 1968 3990 :vult

389 4024 534 4080 enim
561 4024 720 4078 Pater
747 4025 1270 4089 misericordiarum,
1297 4034 1356 4078 ut
1381 4040 1506 4088 nos,
1539 4026 1818 4080 libidinosi
1847 4026 1964 4092 lilii,

393 4114 580 4180 procul
609 4114 676 4168 ab
703 4115 822 4182 ipso
851 4116 1194 4176 aberrantes,
1223 4116 1606 4184 paenitentiam
1633 4133 1875 4186 agamus,
1909 4125 1970 4170 ut

391 4218 491 4272 per
523 4203 854 4256 sacriﬁcium
888 4201 1154 4256 mundum
1189 4205 1454 4273 unigeniti
1491 4205 1640 4259 illius
1673 4207 1815 4264 Filii,
1867 4207 1971 4260 Do-

393 4292 528 4346 mini
577 4293 748 4346 nostri
791 4302 846 4345 et
882 4295 976 4347 Dei
1008 4301 1062 4348 et
1114 4295 1426 4350 Servatoris
1455 4297 1580 4350 Jesu
1617 4297 1846 4360 Christi,
1900 4296 1968 4350 ad

393 4383 572 4453 ipsum
630 4393 1037 4440 convertamur.
1086 4387 1188 4440 Per
1235 4403 1396 4456 quem
1443 4389 1590 4442 enim
1645 4388 1970 4458 jampridem

395 4479 776 4532 remissionem
807 4479 1167 4542 obtinuimus,
1201 4492 1256 4534 et
1298 4497 1580 4538 accessum
1628 4485 1694 4538 ad
1751 4485 1968 4538 Patrem

395 4569 706 4636 habuimus,
753 4570 798 4624 is
833 4587 981 4626 nunc
1007 4588 1245 4642 quoque,
1275 4574 1734 4642 propitius-nobis
1763 4581 1966 4638 tactus,

393 4661 678 4729 castigabit
720 4661 861 4715 feras
889 4663 1172 4728 silvarum,
1207 4681 1306 4719 nec
1343 4681 1581 4734 unquam
1617 4673 1737 4734 post
1774 4665 1973 4718 timen-

392 4751 520 4804 dqu
551 4747 704 4806 vehis
727 4752 795 4806 ab
830 4753 938 4807 illis
970 4755 1098 4812 erit.
1135 4766 1398 4824 perpetua
1433 4756 1793 4810 indemnitate
1837 4755 1970 4809 frui-

2065 3578 2203 3648 λακῇ
2229 3577 2556 3646 τηρήσωμεν
2583 3576 2832 3635 ἑαυτοὺς,
2861 3573 3056 3642 μηκέτι
3085 3573 3323 3638 λυπῆσαι
3344 3573 3402 3623 τὸ
3425 3569 3646 3636 Πνεῦμα

2065 3669 2124 3721 τὸ
2152 3668 2324 3735 ἅγιον,
2350 3667 2406 3716 ἐν
2433 3659 2476 3732 ᾧ
2505 3662 2960 3733 ὲσφραγίσθημεν
2985 3665 3064 3725 εἰς
3095 3664 3310 3731 ἡμέραν
3337 3658 3650 3726 ἀπολυτρώ-

2069 3773 2228 3820 σεως,
2260 3760 2320 3809 ὲν
2349 3750 2392 3823 ᾧ
2426 3758 2516 3808 καὶ
2548 3756 2672 3815 τοὺς
2703 3752 3031 3824 ἀρραϐῶνας
3065 3751 3332 3820 ἐλάϐομεν
3361 3751 3444 3802 ἐπ’
3470 3749 3650 3801 ἐλπίδι

2069 3847 2211 3916 ζωῆς
2240 3846 2483 3900 αἰωνίου·
2517 3844 2660 3898 θέλει
2689 3844 2796 3914 γὰρ
2821 3844 2848 3896 ό
2882 3843 3069 3913 Πατὴρ
3096 3843 3204 3894 τῶν
3225 3842 3526 3912 οἰκτιρμῶν
3547 3840 3650 3909 τὴν

2068 3938 2341 4008 ἡμετέραν
2387 3935 2495 3988 τῶν
2544 3935 2770 3987 ἀσώτων
2801 3934 2936 3986 υἱῶν
2971 3933 3078 3984 τῶν
3105 3933 3164 3998 ἐξ
3201 3933 3366 3985 αὐτοῦ
3401 3949 3646 4001 μακρυνο

2069 4029 2268 4082 θέντων
2305 4029 2616 4097 μετάνοιαν,
2658 4025 2745 4078 ἵνα
2781 4025 2868 4078 διὰ
2917 4025 3018 4092 τῆς
3051 4025 3298 4094 καθαρᾶς
3331 4023 3519 4083 θυσίας
3549 4020 3648 4074 τοῦ

2072 4118 2390 4190 μονογενοῦς
2414 4119 2576 4172 αὑτοῦ
2604 4116 2755 4179 Υίοῦ,
2789 4115 2991 4185 Κυρίου
3019 4115 3062 4168 δ’
3092 4115 3362 4185 ἡμῶνκαὶ
3387 4112 3520 4166 Θεοῦ
3549 4111 3652 4166 καὶ

2071 4212 2320 4278 Σωτῆρος
2361 4209 2532 4277 Ἰησοῦ
2569 4208 2827 4277 Χριστοῦ,
2864 4207 2997 4276 πρὸς
3019 4207 3180 4259 αὑτὸν
3209 4205 3646 4275 ἔπιστρέιλωμεν.

2071 4302 2147 4354 Δι’
2179 4297 2240 4355 οῦ
2269 4302 2360 4352 καὶ
2387 4301 2482 4369 τὴν
2521 4299 2716 4367 ἄφεσιν
2748 4299 2842 4350 καὶ
2873 4297 2970 4366 τὴν
3005 4297 3371 4368 προσαγωγὴν
3405 4297 3648 4364 ἐσχήκαο

2077 4409 2194 4462 μεν,
2230 4391 2285 4454 ὃς
2317 4392 2408 4444 καὶ
2442 4389 2536 4441 νῦν
2568 4391 2697 4458 ἡμῖν
2720 4389 2876 4451 ἵλεως
2893 4386 3153 4455 γεγονὼς,
3189 4387 3502 4454 ἐπιτιμήσει
3531 4388 3650 4438 τοῖς

2073 4483 2280 4552 θηρίοις
2315 4481 2408 4534 τοῦ
2437 4480 2668 4550 δρυμοῦ,
2691 4480 2786 4532 καὶ
2819 4479 3000 4530 οὐκέτι
3031 4477 3192 4546 φόϐος
3231 4479 3357 4546 ὑμῖν
3387 4476 3442 4540 ἐξ
3477 4475 3646 4528 αὐτοῦ

2072 4577 2244 4638 οὐδεὶς
2293 4573 2465 4636 ἔσται,
2497 4571 2632 4624 ἀλλά
2679 4570 2740 4622 τὸ
2774 4569 2958 4622 λοιπὸν
3001 4568 3276 4637 ἐλεύθεροι
3304 4568 3400 4635 τῆς
3441 4566 3650 4618 τούτων

2075 4665 2276 4736 βλάϐης
2327 4664 2655 4732 διαμενείτε,
2690 4660 2877 4712 Ταῦτα
2923 4661 2996 4712 οἱ.
3021 4660 3119 4727 μὲν
3163 4658 3514 4719 ἀκούσαντες,
3543 4657 3652 4721 ὅλον

2077 4755 2303 4823 στόματι
2351 4751 2469 4820 Θεῷ
2522 4753 2617 4802 καὶ
2665 4749 2741 4818 τῷ
2801 4747 3024 4818 Συμεὼν
3058 4748 3448 4818 ηὐχαρίστουν
3493 4748 3552 4797 τὸ
3593 4746 3652 4798 δὲ

391 4842 552 4895 turis.
579 4841 738 4897 f-lisce
769 4843 846 4896 illi
891 4845 1094 4899 auditis
1125 4847 1284 4914 pleno
1326 4863 1420 4900 ore
1463 4847 1572 4900 Deo
1619 4861 1682 4900 ac
1712 4846 1962 4916 Symconi

2075 4846 2183 4898 τῶν
2232 4832 2436 4912 θηρίων
2501 4839 2702 4911 πλῆθος
2757 4841 2817 4904 ἐξ
2876 4841 3086 4893 ἐκείνου
3143 4839 3242 4907 τῆς
3302 4836 3480 4907 χώρας
3545 4837 3652 4888 ἀπ-

391 4930 594 4998 gratias
639 4933 1024 5000 persolverunt
1058 4952 1070 4986 :
1107 4934 1232 4989 ferae
1270 4944 1454 4989 autem
1485 4952 1551 4989 ex
1587 4936 1678 4988 illo
1703 4945 1965 5004 tempore,

390 5021 594 5076 edicta
633 5023 852 5093 regione
897 5026 1184 5090 abeuntes,
1221 5029 1398 5082 solum
1449 5036 1752 5082 verterunt.

462 5113 548 5170 59.
577 5114 912 5171 Adolescens
957 5119 1180 5188 quidam
1222 5135 1386 5189 supra
1423 5120 1686 5188 Daphnen
1721 5121 1818 5190 (Ἡ,
1867 5121 1974 5176 fixo

392 5205 588 5262 obtutu
611 5208 782 5262 solem
807 5209 1078 5264 orientem
1101 5211 1358 5274 intuitus,
1383 5211 1694 5268 facultatem
1715 5213 1978 5266 amiserat

393 5299 616 5354 videndi
643 5317 656 5354 :
685 5302 840 5370 cujus
865 5310 1144 5371 parentes,
1166 5303 1426 5357 omnibus
1447 5305 1569 5359 aliis
1599 5304 1856 5358 remediis
1877 5304 1972 5358 de-

393 5395 648 5460 Speratis,
695 5393 747 5446 in
791 5395 1010 5450 nomine
1038 5395 1242 5450 Christi
1266 5405 1320 5450 et
1353 5396 1541 5450 famuli
1588 5399 1706 5463 ejus
1740 5395 1966 5466 Symco-

469 5505 510 5536 “
567 5506 766 5576 Ephesi
807 5524 859 5570 v,
993 5509 1044 5562 6.

473 5615 544 5690 (7)
579 5617 811 5690 Dubium
840 5629 922 5673 est
981 5629 1166 5673 utrum
1221 5622 1350 5674 velit
1405 5639 1590 5690 supra,
1626 5623 1677 5675 id
1715 5633 1798 5675 est
1827 5621 1966 5672 ultra

400 5685 644 5747 Daphnes
682 5689 1003 5742 suburhium
1063 5691 1332 5744 habitasse
1399 5685 1676 5758 juvenem,
1731 5693 1816 5744 cui
1873 5691 1972 5742 hoc

1128 5511 1169 5540 "
1227 5510 1425 5578 pres.
1476 5525 1548 5570 I-v,
1595 5509 1682 5562 50.

2077 4937 2334 5006 ήλλακτο.

2145 5115 2239 5168 νῦῆ
2285 5112 2520 5176 Νεανίας
2573 5129 2656 5173 τις
2708 5109 2914 5163 ἄνωθεν
2963 5107 3060 5176 τῆς
3102 5107 3336 5173 Δὰρνης,
3379 5101 3652 5170 ἀνίσχοντι

2073 5207 2420 5279 προσϐλέψας
2467 5204 2652 5264 ἀτενὲς
2691 5203 2767 5263 τῷ
2797 5201 2950 5272 ἡλίῳ,
2979 5200 3078 5269 τὴν
3111 5197 3338 5264 ὀπτινὴν
3369 5195 3654 5246 σϐέννυται

2072 5302 2301 5368 δύναμιν
2325 5314 2338 5328 ο
2369 5297 2476 5350 τῶν
2510 5297 2685 5349 ἄλλων
2725 5293 2906 5346 τοίνυν
2945 5293 3197 5345 ἀπάντων
3241 5291 3289 5340 οι
3325 5285 3515 5340 τούτου
3557 5302 3652 5352 γο-

2071 5395 2180 5453 νεῖς
2224 5390 2572 5458 ἀπογνόντες,
2611 5387 2840 5440 ἅπτουσι
2883 5383 3103 5453 λυχνίαν
3139 5379 3224 5432 ἐπ’
3263 5379 3488 5447 ὀνόματι
3521 5375 3652 5444 Χρι-

2076 5617 2310 5678 accidit;
2367 5631 2446 5668 an'
2507 5617 2578 5669 ibi
2636 5613 2919 5670 essistcuti
2983 5607 3344 5665 infortunium
3391 5603 3649 5661 emacitatis

2080 5689 2386 5742 oln'enisse.
2889 5703 2892 5706 ί
