4034 6186
355 187 485 253 3041

1357 198 1532 256 VITA
1566 199 1619 255 Α
1645 171 2098 255 ‘NICEPHORO
2136 193 2622 255 CONSCRIPTA.

3480 198 3619 257 3012

340 299 485 362 στοῦ,
521 297 614 352 καὶ
643 298 742 353 τοῦ
771 299 1106 372 θεράποντος
1133 302 1296 357 αὐτοῦ
1330 302 1576 374 Συμεὼν,
1606 301 1686 354 ἔτι
1716 300 1811 354 καὶ
1840 299 1925 353 θυ-

2034 298 2137 362 nis,
2207 300 2490 354 candelam
2543 299 2875 364 accendunt,
2934 301 3160 371 insuper
3222 311 3279 358 et
3331 303 3616 362 incensum

337 389 517 459 μίαμα
546 392 994 460 προσαγαγόντες
1021 411 1034 424 ⁸
1070 395 1165 448 καὶ
1200 396 1400 448 αὐτίκα
1429 395 1505 464 τῷ
1533 394 1801 464 νεανίσκῳ
1832 393 1928 463 (ὡς

335 478 470 532 πολὺ
503 479 562 533 τὸ
594 481 800 550 πλῆθος
825 483 926 550 τῆς
957 487 1330 556 χρηστότητος
1365 503 1482 551 σου,
1515 486 1710 556 Κύριε,
1744 481 1810 555 ἦς
1841 487 1928 550 ἐξ-

334 570 576 637 ειργάσω
620 573 730 633 τοῖς
764 571 1075 636 ἐλπίζουσιν
1107 575 1200 627 ἐπὶ
1237 576 1296 628 σέ
1321 575 1369 642 l)
1400 575 1458 629 τὸ
1493 575 1602 628 τῶν
1631 574 1928 644 ὀφθαλμῶν

333 657 490 724 αὖθις
543 663 791 714 ἐπάνεισι
841 663 958 732 φῶς
984 703 997 716 .
1045 665 1273 735 ’Έτερος
1308 667 1414 718 ὑπό
1458 683 1602 729 τινος
1640 666 1796 719 νόσου
1830 666 1929 736 τὴν

335 752 542 804 κοιλίαν
577 752 857 821 διὼγκωτο
882 770 896 784 °
931 756 1202 825 ἰατρικαῖς
1227 758 1407 809 τοίνυν
1432 758 1648 826 τέχναις
1671 755 1928 826 οἰμώζειν

335 843 506 897 εἰπὼν
549 846 640 898 τὸν
687 846 830 906 θεῖον
878 847 1106 917 Συμεὼν
1152 850 1233 912 εἰς
1286 850 1428 902 ἴασιν
1468 848 1561 900 τοῦ
1600 848 1803 910 πάθους
1843 849 1929 912 ἐξ·

337 936 605 988 εκαλεῖτο.
669 937 778 989 Καὶ
849 937 1124 991 δείκνυσιν
1185 939 1351 1004 ὕπνος
1409 939 1557 1010 αύτῷ
1615 941 1708 993 τὸν
1761 941 1929 1010 ἄνδρα

339 1028 626 1096 σωτήριον,
681 1026 941 1081 ἐπιθέντα
984 1029 1060 1098 τῷ
1105 1029 1268 1090 πάθει
1312 1033 1371 1084 τὸ
1418 1031 1772 1100 Εὐαγγέλιον.
1821 1033 1929 1084 Καὶ

339 1119 660 1187 συναπέπτη
696 1117 772 1187 τῷ
807 1117 962 1189 ὕπνῳ
1013 1120 1072 1173 τὸ
1123 1122 1314 1188 πάθος,
1360 1125 1453 1175 καὶ
1486 1123 1643 1194 ὑγιὴς
1683 1125 1711 1176 ὀ
1744 1123 1928 1186 κακῶς

337 1208 475 1276 ἔχων
520 1208 876 1272 δ.υπνισθε“ις,
914 1209 1002 1280 ,τῷ
1048 1211 1216 1282 Ἃγίῳ
1250 1211 1562 1282 προσελθὼν
1612 1212 1672 1265 τὸ
1706 1213 1927 1280 γεγονὸς

337 1299 692 1366 ἀπαγγέλλει.

411 1392 471 1456 ξ’.
506 1391 663 1442 Ούτω
685 1391 738 1442 δὲ
767 1390 874 1444 τῶν
904 1392 1219 1463 παράύτοῦ
1251 1393 1544 1463 θαυμάτων
1582 1393 1669 1444 ἴσα
1705 1395 1797 1444 καὶ
1829 1409 1926 1444 πο-

338 1487 533 1554 ταμοῖς
563 1484 858 1554 χεομένων,
895 1486 1267 1556 συνέῥρευσάν
1292 1503 1419 1537 ποτε
1445 1487 1580 1555 πρὸς
1601 1485 1761 1538 αὑτὸν
1784 1483 1928 1552 ὄχλοι

341 1577 542 1641 πολλοὶ,
593 1580 794 1647 κηροὺς
825 1578 1154 1648 atatem-.5;
1209 1579 1302 1630 καὶ
1345 1579 1566 1641 τούτους
1623 1580 1716 1630 ἐπὶ
1758 1576 1926 1628 καλά-

341 1689 457 1740 μων
483 1671 809 1739 πηξάμενοι,
837 1672 954 1742 Θεῷ
989 1689 1046 1723 τε
1075 1672 1139 1724 δι’
1163 1671 1331 1723 αὑτοῦ
1362 1671 1765 1740 προσφέροντες
1787 1671 1920 1722 ἁνα-

338 1763 560 1832 θήματα.
582 1779 594 1792 ³
641 1763 828 1833 ἐπειδὴ
864 1763 959 1815 καὶ
994 1763 1150 1815 τοῦτο
1180 1763 1376 1833 δεκτὴν
1421 1763 1652 1824 ἕκαστος
1678 1761 1797 1831 ,ᾔδει
1834 1759 1924 1811 Ου-

339 1854 480 1916 σίαν,
503 1855 639 1924 ὅπερ
661 1856 724 1907 ἂν
749 1855 814 1906 δι’
840 1855 1003 1908 αὑτοῦ
1024 1855 1400 1925 προσενέγκω.
1441 1853 1497 1906 '0
1516 1854 1571 1905 δὲ
1599 1853 1731 1922 πρὸς
1753 1851 1923 1904 ταῦτα

341 1949 438 2016 μὲν
473 1949 564 1999 καὶ
587 1948 708 2000 λίαν
737 1947 1129 2018 ἀπαραδέκτως
1152 1943 1264 2015 εἶχε
1288 1962 1300 1976 θ
1324 1947 1456 2016 πρὸς
1480 1947 1536 1998 δὲ
1560 1946 1683 2007 τοὺς
1710 1944 1920 2013 ὄχλους,

338 2040 399 2092 ΕΞ
431 2040 525 2093 καὶ
572 2040 636 2091 τὰ
666 2041 794 2109 παρ’
832 2038 1008 2109 ὑμῶν,
1039 2039 1214 2105 ἔλεγε,
1256 2039 1674 2108 προσφερόμενα
1715 2037 1926 2106 λαμϐά-

335 2152 448 2186 νειν
471 2135 655 2196 αὐτὸς,
679 2133 916 2201 ἀδελφοὶ,
945 2131 1354 2202 μὴβοιλοίμην,
1385 2131 1618 2183 παλαιὰν
1643 2129 1923 2198 φυλάττων

338 2229 434 2281 καὶ
468 2228 748 2296 ἡλικιῶτιν
781 2227 1072 2294 συνεζθειαν
1093 2243 1105 2256 ⁸
1145 2227 1277 2280 ἀλλὰ
1305 2227 1469 2279 δεκτὰ
1497 2227 1788 2294 γεγένηται
1821 2224 1920 2294 ἤδη

334 2320 474 2388 Θεῷ,
505 2320 580 2389 τῷ
611 2321 846 2372 ἀνενδεεῖ
881 2320 978 2388 μὲν
1013 2319 1292 2381 ἁπάντων,
1323 2319 1490 2388 μόνην
1520 2319 1573 2371 δὲ
1606 2318 1924 2388 προαίρεσιν

336 2413 463 2480 παρ’
499 2411 656 2482 ἡμῶν
691 2413 767 2469 εἰς
793 2410 995 2477 ἀγαθὸν
1037 2410 1378 2463 ἀπαιτοῦντι.
1413 2412 1590 2480 ’Όπερ
1633 2410 1818 2461 ἐλύπει
1857 2409 1923 2461 τὰ

335 2503 536 2572 πλήθη.
562 2502 663 2555 καὶ
697 2502 902 2572 σφόδρα
924 2503 1017 2570 τῆς
1055 2503 1288 2556 ἑκάστου
1324 2503 1554 2573 καρδίας
1585 2504 1809 2573 ἥπτετο,
1835 2502 1924 2554 εὑ·-

337 2594 670 2663 προσδέκτου
702 2592 952 2662 καθάπερ
985 2593 1134 2662 αύτῲ
1174 2593 1272 2662 τῆς
1311 2593 1500 2654 θυσίας
1537 2593 1598 2644 οὐ
1620 2592 1924 2660 γεγενημέο

335 2703 453 2754 νης.
484 2684 655 2737 Τοῦτο
688 2685 870 2737 τοίνυν
905 2685 1113 2747 ἰδόντας
1177 2686 1303 2746 τοὺς
1350 2683 1602 2753 μαθητὰς
1635 2683 1925 2752 βουλεύσα-

337 2776 462 2828 σθαι
496 2775 620 2828 καθ’
651 2778 900 2840 ἑαυτοὺς,
938 2775 1080 2828 ὥστε
1116 2775 1298 2846 κρύφα
1328 2775 1629 2844 λαμϐάνειν
1670 2775 1735 2826 τὰ
1764 2791 1922 2842 κομι-

335 2867 561 2936 ζόμενα.
605 2868 662 2920 ’0
694 2869 750 2920 δὲ
781 2869 925 2938 ,μηδὲ
969 2869 1068 2935 τὴν
1096 2866 1390 2935 ἐνθύμησιν
1424 2867 1603 2918 αὐτῶν
1630 2868 1923 2934 ἀγνοήσας,

2032 392 2313 446 offerunt:
2346 407 2470 445 cum
2511 407 2540 446 e
2576 393 2807 462 vestigio
2853 393 3038 462 (quam
3077 397 3362 465 multiplex
3393 409 3476 453 est
3520 399 3618 454 be-

2030 483 2272 552 nignitas
2310 492 2424 545 tua,
2473 482 2726 546 Domine,
2767 498 2932 551 quam
2964 487 3316 552 sperantiLuS
3343 487 3395 540 in
3445 497 3493 541 te
3526 504 3622 542 ex-

2033 575 2295 628 hibuistil
2324 576 2339 643 )
2369 573 2517 628 oculi
2559 574 2926 649 adolescentis
2971 575 3172 630 iterum
3209 575 3616 633 illuminantur.

2031 665 2202 730 Alter,
2243 665 2333 719 cui
2366 673 2562 719 venter
2591 667 2785 719 morbo
2811 667 3049 736 quodam
3089 667 3447 731 intumuerat,
3483 669 3620 722 nihil

2029 765 2147 811 arte
2176 759 2387 812 medica
2425 759 2715 813 levaminis
2750 769 3032 828 expertus,
3081 759 3406 832 Symeonem
3439 776 3624 814 reme-

2031 851 2184 904 dium
2218 851 2427 906 doloris
2457 852 2539 905 sui
2573 853 2887 922 postulabat
2919 869 2934 907 :
2969 868 3100 908 ecce
3137 865 3321 908 autem
3364 853 3623 908 salutaris

2031 957 2258 997 somnus
2315 945 2542 1000 exhibet
2571 946 2646 1000 illi
2700 946 2918 1011 virum,
2986 963 3204 1002 sacrum
3262 947 3618 1016 Evangelium

2029 1033 2239 1087 dolenti
2288 1035 2538 1088 membro
2587 1035 2984 1104 imponentem,
3019 1052 3128 1105 quo
3158 1052 3384 1090 somnus
3411 1035 3622 1104 pariter

2030 1133 2086 1179 et
2127 1126 2286 1179 dolor
2313 1126 2527 1195 depulsi
2557 1136 2709 1181 sunt.
2748 1127 2928 1182 Sanus
2979 1129 3148 1197 igitur
3191 1137 3312 1196 post
3359 1142 3621 1181 somnum

2030 1214 2228 1274 factus,
2263 1215 2356 1282 qui
2393 1216 2532 1269 male
2562 1216 2852 1279 habuerat,
2885 1217 2950 1270 ad
2983 1227 3234 1270 sanetum
3270 1217 3522 1280 accessit,
3567 1228 3624 1271 et

2030 1305 2176 1373 quod
2224 1305 2536 1374 contigerat
2580 1305 2941 1360 renuntiavit.
3650 1299 3658 1306 ’

2103 1395 2190 1450 60.
2231 1395 2368 1449 Dum
2407 1398 2476 1449 ita
2503 1397 2737 1467 Symeon
2771 1397 3102 1451 miraculosa
3156 1396 3421 1451 beneficia
3461 1397 3620 1466 quasi

2032 1489 2197 1556 pleno
2233 1488 2472 1542 effundit
2509 1489 2688 1551 alveo,
2737 1489 2940 1542 accidit
2980 1489 3276 1557 aliquando
3313 1488 3502 1542 turbas
3552 1487 3621 1542 ad

2033 1579 2185 1632 illum
2215 1579 2532 1649 frequentes
2563 1580 2864 1643 eminuere,
2889 1595 3150 1633 accensos
3175 1595 3364 1634 cereos
3393 1580 3622 1633 sunnnis

2032 1671 2400 1724 arundinibus
2454 1674 2650 1726 infixos
2693 1672 3071 1740 prtcferentes,
3121 1673 3468 1724 anathemata
3510 1671 3620 1723 Deo

2033 1778 2132 1831 per
2177 1761 2500 1841 Symeonem
2538 1763 2825 1818 ohlaturas
2871 1781 2884 1819 :
2927 1773 3157 1817 noverat
3209 1765 3353 1817 enim
3386 1764 3620 1834 quisque

2031 1855 2370 1923 aceeptabile
2411 1854 2461 1908 id
2487 1857 2816 1909 sacrificium
2857 1855 2997 1919 fore,
3034 1857 3180 1925 quod
3207 1872 3302 1925 per
3337 1857 3485 1911 illius
3508 1872 3622 1910 ma-

2031 1960 2137 1998 nus
2169 1944 2508 1999 immolatum
2549 1947 2762 2002 fuisset.
2814 1948 2878 2001 At
2911 1948 2999 2001 ille
3032 1947 3426 2016 dona-quidem
3458 1946 3622 2000 miui-

2033 2048 2119 2086 me
2149 2041 2263 2088 rata
2315 2035 2510 2090 habuit
2543 2047 2708 2106 atque
2737 2047 2994 2107 accepta;
3028 2038 3215 2091 turbas
3254 2052 3385 2090 vero
3427 2036 3498 2089 ita
3539 2046 3623 2090 est

2032 2125 2304 2180 allocutus
2349 2147 2360 2182 ι
2399 2128 2720 2186 Oblationcs
2763 2141 2976 2184 vestras
3010 2147 3109 2202 ego
3151 2147 3259 2184 non
3322 2130 3619 2193 admisero,

2033 2219 2251 2283 fratres,
2267 2223 2507 2292 antiqua:
2527 2234 2582 2278 et
2599 2224 2884 2280 hodiernae
2905 2225 3323 2278 consuetudinis
3339 2222 3623 2277 servanda}

2032 2313 2315 2368 studiosus
2341 2331 2354 2370 :
2387 2325 2768 2371 verumtamen
2803 2327 3102 2385 acceptam:
3136 2318 3242 2386 iant
3271 2331 3299 2368 a
3329 2316 3440 2370 Deo
3468 2324 3619 2377 sunt,

2031 2405 2125 2473 qui
2162 2421 2346 2459 rerum
2381 2415 2693 2461 nostrarum
2727 2409 2800 2461 nil
2859 2409 3097 2478 indigus,
3137 2407 3311 2462 solam
3357 2407 3620 2463 intentio-

2031 2514 2158 2552 nem
2183 2499 2383 2553 bonam
2412 2500 2542 2553 boni
2577 2501 2837 2554 consulit.
2880 2503 3010 2565 Quae
3036 2502 3213 2554 oratio
3244 2500 3482 2555 tristitiae
3512 2515 3621 2554 non

2035 2591 2300 2647 mediocri
2331 2593 2510 2647 turbis
2543 2593 2672 2656 fuit,
2702 2606 2759 2649 et
2782 2594 2997 2649 animos
3026 2611 3134 2648 non
3173 2596 3334 2649 aliter
3367 2595 3619 2664 pupugit,

2033 2699 2196 2752 quam
2230 2685 2274 2738 si
2325 2686 2618 2753 reprobata
2658 2687 2868 2740 oblatio
2908 2687 3124 2741 fuisset.
3163 2687 3318 2752 Quod
3369 2687 3625 2740 animad-

2033 2784 2313 2828 vertentes
2348 2776 2608 2846 discipuli
2644 2777 2936 2831 consilium
2979 2777 3226 2830 inierunt
3266 2777 3410 2831 inter
3448 2794 3527 2838 se,
3563 2786 3626 2830 ut

2034 2867 2173 2920 clam
2196 2867 2570 2922 subducerent
2594 2885 2716 2938 qua:
2740 2870 2900 2922 allata
2924 2877 3104 2922 erant.
3128 2869 3328 2922 Verum
3360 2868 3620 2939 Symcon,

335 2961 716 3030 αὐστηροτέρᾳ
753 2963 904 3029 αωνῇ
937 2959 1177 3021 καλέσας
1204 2960 1399 3021 αὐτοὺς
1421 2999 1435 3019 ,
1475 2958 1786 3027 Ὴγνόηται,
1819 2974 1924 3024 φη-

2034 2976 2198 3029 qzicm
2235 2961 2599 3030 cogitationes
2642 2962 2863 3015 illorum
2901 2962 3044 3015 haud
3088 2962 3391 3031 fugiebant,
3428 2976 3621 3015 severa

343 3052 448 3114 σὶν,
487 3052 636 3121 ὑμῖν,
669 3053 696 3103 ὃ
721 3053 772 3103 τί
804 3070 931 3103 ποτε
972 3053 1077 3122 ἄρα
1112 3052 1371 3104 πεπόνθοι
1401 3052 1550 3122 παρὰ
1576 3052 1651 3120 τῷ
1685 3051 1921 3121 Ἰσραὴλ,

335 3143 362 3195 ὁ
393 3141 468 3211 τῷ
499 3143 722 3212 χαλεπῴ
767 3142 930 3194 πάθει
971 3144 1070 3212 τῆς
1108 3142 1478 3212 ,φιλαργυρίας
1515 3141 1694 3205 ἁλοὺς,
1730 3144 1823 3193 καὶ
1869 3141 1929 3193 τὸ

339 3233 576 3303 χρυσοῦν
611 3233 958 3304 βούγλωσσον
999 3233 1235 3303 συλήσας
1269 3234 1363 3287 τοῦ
1395 3234 1761 3303 ἀναθέματος;
1788 3233 1839 3283 τί
1871 3232 1928 3285 δὲ

339 3327 500 3397 negt;
548 3327 607 3378 τὸ
650 3326 955 3378 Ἑλσσαίου
1008 3327 1315 3398 παιδάριον,
1355 3328 1502 3390 ὅπως
1539 3326 1638 3396 τὴν
1679 3326 1931 3396 Ναιεμάν

337 3419 544 3488 λέπραν
592 3417 996 3487 κατεδικάσθης
1053 3419 1188 3472 ἀλλά
1243 3422 1339 3472 καὶ
1376 3418 1577 3480 Ἰούδας
1625 3418 1785 3481 αὐτὸς
1831 3418 1930 3487 τῆς

337 3508 707 3576 summitati};
761 3509 1012 3562 ἐκπεσὼν
1047 3511 1269 3581 χάριτός
1301 3527 1358 3563 τε
1406 3510 1502 3562 καὶ
1533 3511 1760 3573 τάξεως,
1799 3526 1932 3579 προ-ο

339 3602 498 3663 δότ-ης
523 3616 580 3651 τε
607 3599 701 3652 τοῦ
727 3599 1061 3651 Διδασκάλον
1085 3600 1377 3669 γενόμενος
1405 3599 1500 3652 καὶ
1523 3598 1924 3668 ἀπαγξάμεεεος,

338 3695 432 3745 καὶ
478 3693 639 3762 μέσος
691 3692 972 3759 λακήσας;
1007 3693 1146 3762 Πρὸς
1200 3693 1374 3744 ταῦτα
1412 3693 1521 3744 δέει
1549 3693 1844 3760 ληφθέντες
1881 3692 1928 3744 οἱ

343 3784 606 3853 μαθηταὶ,
643 3781 896 3852 ε’ίψαντες
924 3787 1000 3846 εἰς
1029 3784 1224 3853 Esaiae;
1258 3786 1483 3847 ἑαυτοὺς
1514 3784 1838 3854 αἰτήσαντές
1870 3801 1928 3835 τε

346 3873 678 3944 συγγνώμην
734 3876 826 3926 καὶ
875 3875 1152 3938 λαϐόντες,
1203 3877 1528 3944 ἀνέστησαν,
1600 3875 1772 3929 πολλὰ
1804 3875 1932 3944 mpi-

341 3985 425 4018 σιν
496 3968 679 4029 αὐτοῖς
747 3967 856 4020 τῶν
927 3970 1208 4039 προτέρων
1271 3969 1715 4040 ἐπιμεμφόμενοι
1779 3968 1930 4035 λογι-

339 4055 460 4124 σμῶ
474 4074 511 4109 I.

412 4148 511 4212 ad.
566 4149 954 4220 ’Δπεκαλύφθη
987 4150 1115 4203 ποτὲ
1163 4149 1237 4220 τῷ
1281 4150 1511 4221 Συμεὼν
1539 4151 1681 4219 άπερ
1711 4149 1804 4202 ἐπὶ
1831 4149 1932 4217 τὴν

349 4241 622 4309 Ἀντιόχου
655 4240 756 4309 φεῦ
794 4243 806 4293 l
843 4241 1150 4308 ἐπάγεσθαι
1173 4243 1398 4313 ἤμελλε.
1452 4243 1533 4295 Τὰ
1559 4242 1614 4294 δὲ
1647 4237 1735 4312 ἦν,
1769 4240 1932 4292 πνεύ-

2031 3067 2165 3106 voee
2195 3051 2482 3106 advocatis
2507 3053 2643 3108 dicit
2682 3071 2694 3106 :
2726 3054 2984 3122 Nunquid
3029 3054 3202 3124 ignari
3234 3055 3389 3115 estis,
3416 3063 3622 3121 quanta

2031 3143 2161 3196 olim
2198 3157 2393 3212 passus
2446 3143 2518 3198 sit
2543 3145 2709 3198 lsrael
2762 3152 2990 3213 propter
3041 3160 3190 3209 eum,
3229 3144 3323 3214 qui
3379 3144 3624 3198 avaritiae

2031 3235 2184 3304 gravi
2217 3235 2440 3288 affectui
2467 3251 2525 3290 se
2548 3236 2799 3314 tradidit,
2826 3245 2880 3290 et
2905 3236 3148 3306 linguam
3179 3236 3253 3307 (8)
3277 3251 3502 3289 auream
3533 3252 3624 3288 ra-

2030 3328 2233 3395 puitex
2253 3326 2798 3393 anathemate?Quid
2825 3327 3000 3389 Giezi,
3028 3344 3164 3396 puer
3192 3328 3369 3381 Eliszei
3396 3329 3417 3379 1’
3441 3343 3622 3382 nonne

2031 3418 2219 3486 lepra),
2242 3433 2348 3487 qua
2381 3418 2624 3471 Naaman
2670 3419 2846 3471 fuerat
2873 3418 3130 3480 infectus,
3176 3418 3465 3472 damnatus
3499 3418 3625 3472 est?

2031 3509 2174 3576 Quid
2208 3525 2507 3563 memorem
2541 3510 2762 3572 Judam,
2785 3510 2876 3578 qui
2903 3526 2932 3563 c
2967 3526 3199 3564 numero
3219 3518 3274 3563 et
3294 3511 3466 3578 gratia
3491 3526 3625 3578 apo-

2031 3601 2299 3654 stolorum
2335 3599 2562 3665 excidit,
2594 3601 2844 3668 proditor
2889 3599 3126 3669 Magistri
3170 3599 3254 3652 sui
3302 3599 3516 3661 factus;
3566 3609 3625 3654 et

2030 3692 2407 3761 strangulatus
2438 3692 2655 3759 crepuit
2687 3691 2940 3744 medius?
2964 3691 3044 3744 Ad
3087 3691 3200 3744 lucc
3235 3691 3399 3744 verba
3434 3691 3625 3743 exani-

2031 3783 2161 3836 mati
2215 3783 2410 3835 timore
2441 3781 2721 3850 discipuli,
2757 3782 2917 3850 proni
2959 3798 3017 3836 se
3063 3782 3116 3835 in
3151 3789 3355 3834 terratn
3392 3780 3619 3843 dedere,

2032 3874 2249 3928 veniam
2287 3873 2682 3941 deprecantes;
2726 3888 2889 3942 quam
2933 3872 3024 3926 ubi
3061 3873 3446 3940 impetrarunt,
3501 3886 3623 3923 sur-

2033 3974 2225 4034 gentes
2259 3963 2451 4017 multis
2482 3978 2604 4017 sese
2631 3964 2962 4018 incusavere
2990 3963 3062 4017 ob
3083 3962 3268 4032 priora
3307 3977 3406 4016 sua
3460 3961 3618 4030 cogi-

2036 4065 2167 4111 tata.

2103 4148 2191 4200 6|.
2229 4147 2491 4201 Revelata
2539 4147 2783 4217 quodam
2835 4155 3086 4216 tempore
3149 4145 3408 4217 Symeoni
3481 4154 3616 4200 sunt

2035 4239 2176 4292 mala
2219 4255 2340 4306 quze
2389 4254 2560 4307 super
2623 4239 2975 4308 Antiochiam
3045 4237 3359 4291 inducenda
3407 4245 3616 4290 essent.

340 4349 415 4400 μα
450 4333 730 4402 μάχαιραν
783 4333 1286 4404 ἐγκεχειρισμένον,
1325 4334 1420 4388 καὶ
1462 4332 1671 4386 ἀνωθεν
1709 4334 1796 4384 ἐπ’
1831 4332 1925 4384 αύ-

2034 4329 2204 4382 Erant
2242 4338 2426 4383 autem
2459 4330 2811 4400 hujusmodi:
2872 4330 3103 4400 angelus
3152 4329 3394 4398 gladium
3429 4336 3621 4382 tenens

335 4427 436 4494 τὴν
505 4424 832 4494 φερόμενον.
904 4425 1127 4492 Ἐὒὸησε
1174 4425 1468 4495 τοιγαροῦν
1526 4423 1663 4492 πρὸς
1717 4421 1923 4491 Κύριον

337 4514 481 4580 ὑπὲρ
541 4513 715 4583 αὐτῆς
772 4516 838 4584 τῇ
898 4515 1116 4585 καρδίᾳ,
1142 4514 1271 4585 ἔστη
1305 4531 1360 4566 τε
1397 4514 1536 4566 κατά
1562 4514 1653 4565 τὸν
1681 4513 1925 4582 Μωῦσῆν

335 4608 572 4659 ἐνώπιον
635 4606 825 4669 αὑτοῦ,
856 4607 948 4659 τοῦ
1012 4605 1354 4677 ἀποστρέψαι
1397 4608 1486 4658 τὸν
1523 4606 1696 4675 Θυμὸν
1729 4605 1922 4667 αὐτοῦ,

334 4699 429 4749 καὶ
486 4696 562 4767 μὴ
609 4695 877 4750 ἐκκαῦσαι
939 4699 1120 4750 πᾶσαν
1161 4698 1260 4768 τὴν
1296 4697 1466 4768 ὀργὴν
1527 4696 1714 4749 αὐτοῦ.
1764 4697 1824 4748 '0
1871 4693 1927 4747 δέ

339 4804 475 4855 φησι
503 4788 640 4858 πρὸς
667 4789 857 4840 αὐτόν’
907 4789 1038 4840 Ἰδοὺ
1069 4789 1342 4858 ὴκραυγὴ
1374 4788 1471 4858 τῆς
1520 4789 1716 4847 κακίας
1759 4787 1929 4855 αὐτῆς

337 4877 508 4948 ἀνέϐη
569 4879 704 4950 πρός
761 4897 853 4948 με,
904 4882 991 4933 ἐπ’
1025 4882 1194 4951 ὀργήν
1229 4897 1332 4950 μου
1378 4882 1472 4932 καὶ
1500 4881 1593 4932 ἐπὶ
1621 4880 1794 4950 θυμόν
1819 4881 1924 4949 μού

335 4970 482 5022 ἐστιν
501 4972 534 5040 ἡ
563 4971 715 5034 πόλις
738 4971 901 5042 αὕτη.
933 4974 1026 5026 καὶ
1050 4973 1265 5041 ἀφανιῶ
1299 4972 1468 5043 αὐτὴν
1499 4975 1554 5025 ὲν
1589 4976 1709 5036 ταῖς
1739 4975 1926 5043 ὁιμαρ⁸

335 5062 477 5126 τίλιις
553 5065 750 5134 αὐτῆς,
818 5061 914 5118 καὶ
991 5063 1147 5118 δώσω
1203 5063 1316 5134 πῦρ
1344 5065 1428 5117 ἐπ’
1460 5063 1629 5136 αὐτὴν
1671 5067 1764 5118 καὶ
1794 5068 1928 5134 ῥομ-

338 5157 506 5225 φαίαν
536 5158 636 5211 καὶ
667 5158 902 5212 Θάνατον
931 5177 946 5191 ·
981 5159 1122 5230 αὑτὴ
1149 5158 1473 5230 παρώργισέ
1504 5177 1570 5230 με
1600 5162 1658 5212 ὲν
1697 5163 1809 5224 τοῖς
1839 5163 1918 5212 εί-

337 5250 527 5318 δώλοις
551 5254 744 5324 αὐτῆς,
781 5254 990 5309 τιθεῖσα
1019 5256 1300 5327 τράπεζαν
1333 5258 1446 5319 τοῖς
1479 5255 1698 5325 δαίμοσι
1728 5259 1825 5310 καὶ
1853 5260 1919 5328 τῇ

336 5342 498 5417 τύχῃ,
522 5344 678 5412 κάγὼ
727 5347 819 5398 ἐπὶ
875 5345 1020 5399 ἔθνει
1075 5347 1322 5415 ἀσυνέτῳ
1387 5346 1676 5417 παροργιῶ
1725 5348 1918 5417 αὐτήν.

412 5477 501 5551 (8),
525 5478 727 5551 ΑεΙιαη,
764 5479 810 5536 is
846 5480 951 5535 fuit
976 5481 1095 5551 qui,
1128 5480 1296 5535 Iosue
1331 5496 1422 5543 vn,
1465 5481 1533 5535 de
1571 5480 1920 5536 anathemate

339 5546 563 5604 Iericho
593 5550 719 5621 tulit
747 5552 850 5619 (uti
889 5546 1247 5621 Septuaginta
1277 5551 1506 5621 habent)
1538 5551 1785 5619 γλῶτταν
1817 5551 1921 5604 lin-

341 5634 522 5690 guam,
548 5618 696 5690 quod
749 5618 1000 5692 vulgatus
1053 5633 1232 5678 textus
1282 5618 1519 5693 regulam
1553 5618 1775 5676 vertit:
1813 5637 1916 5676 ms.

2028 4438 2194 4476 manu
2224 4423 2278 4475 in
2313 4437 2440 4477 aere
2471 4422 2756 4476 ferebatur
2793 4438 2960 4492 supra
2989 4422 3290 4476 civitatem.
3351 4409 3621 4476 luelama-

2027 4516 2109 4570 vit
2151 4516 2321 4586 igitur
2367 4524 2594 4571 sanctus
2647 4516 2939 4570 Dominum
2982 4531 3084 4584 pro
3137 4529 3201 4568 ea
3261 4520 3379 4566 toto
3431 4512 3618 4575 corde,

2023 4611 2297 4678 stetitque
2336 4618 2396 4662 ut
2431 4610 2573 4664 alter
2609 4608 2822 4680 Moyses
2853 4623 3040 4666 coram
3069 4607 3183 4670 illo,
3227 4616 3289 4658 ut
3338 4614 3622 4660 averteret

2038 4698 2282 4752 furorem
2319 4697 2494 4760 illius,
2530 4697 2939 4766 impediretque
2970 4710 3038 4749 ne
3075 4694 3281 4764 majore
3334 4692 3618 4748 iracundia

2037 4791 2502 4847 inflammaretur.
2528 4791 2676 4844 Dicit
2721 4799 2908 4844 autem
2963 4786 3234 4842 Dominus
3296 4785 3364 4840 ad
3427 4786 3617 4840 illum:

2037 4884 2180 4939 Ecce
2214 4885 2426 4938 clamor
2450 4892 2804 4952 peccatorum
2843 4881 2999 4934 urbis
3043 4879 3194 4933 illius
3258 4877 3504 4932 ascendit
3551 4877 3618 4930 ad

2038 4992 2146 5040 me,
2180 4976 2316 5029 iram
2347 4991 2411 5030 ac
2433 4974 2675 5029 furorem
2703 4989 2886 5027 meum
2917 4973 3152 5027 incurrit
3177 4970 3374 5040 impia;
3407 4969 3618 5038 disper—

2036 5070 2162 5123 dam
2201 5067 2375 5138 ipsam
2402 5067 2456 5121 in
2487 5067 2728 5136 peccatis
2769 5066 2917 5120 suis:
2976 5064 3270 5119 immittam
3331 5062 3533 5132 ignem.
3565 5069 3621 5115 et

2035 5160 2303 5232 gladium,
2346 5167 2697 5214 ctntortem:
2736 5159 2853 5228 ipsa
2907 5158 3150 5211 irritavit
3199 5172 3286 5212 me
3338 5173 3437 5226 per
3477 5155 3622 5210 idola

2032 5269 2152 5317 sua,
2182 5269 2393 5322 ponens
2429 5269 2672 5306 mensam
2705 5251 3052 5305 dzemonibus
3099 5259 3154 5304 et
3191 5251 3461 5316 fortunae;
3517 5263 3621 5318 ego

2032 5361 2252 5418 quoque
2285 5362 2383 5416 per
2418 5355 2637 5416 gentem
2698 5345 3054 5416 insipientem
3131 5344 3361 5399 irritabo
3415 5346 3620 5416 ipsam.

2030 5493 2284 5537 nostrum
2350 5482 2714 5553 βούγλωσσον,
2771 5499 2893 5553 qua:
2949 5483 3117 5539 herba
3164 5499 3289 5540 eum
3352 5483 3512 5543 ﬂoret
3559 5486 3615 5544 in

2030 5568 2256 5622 scapum
2279 5556 2538 5625 assurgit,
2578 5555 2844 5626 longioris
2882 5555 3058 5610 instar
3084 5556 3271 5626 virgae,
3309 5567 3524 5612 rectum
3553 5568 3621 5612 ac

2029 5633 2281 5678 teretem.
