4034 6186
410 145 542 208 ’3343

1603 146 1664 204 S.
1706 141 2079 203 SYMEONIS
2116 139 2476 198 JUNlORlS

3499 125 3638 189 ειυιι

409 258 555 312 llanc
580 257 848 312 visionem
903 272 1016 312 non
1045 264 1262 327 poterat
1309 265 1534 326 propter
1586 254 1967 310 comminatio-

2083 250 2284 317 Γαύτην
2309 250 2338 300 ὁ
2361 249 2457 318 μὲν
2492 246 2588 314 τὴν
2621 246 2741 314 ww
2771 244 2869 314 οὑχ
2897 237 3005 306 οἷός
3051 257 3106 293 τε
3138 239 3212 290 ὢν
3243 240 3300 290 ἐν
3340 237 3487 305 αὖτῷ
3520 239 3642 288 στέ-

405 364 533 401 num
570 348 916 402 atrocitatem
945 347 1296 417 supprimere
1329 345 1600 417 Symeon;
1656 345 1751 400 sed
1805 345 1972 399 adve-

404 435 684 489 uientil-us
708 435 1036 504 quibusdam
1059 433 1362 488 Antiochia:
1383 433 1450 486 ad
1481 447 1539 486 se
1561 432 1694 485 viris
1745 431 1971 500 integri-

406 531 515 577 tate
561 525 686 577 vita:
737 522 1066 593 insignibus,
1110 535 1223 574 rem
1279 529 1445 573 totam
1496 533 1620 573 cum
1663 517 1842 571 animi
1886 516 1972 570 sui

403 615 554 683 gravi
585 629 748 667 sensu
776 614 1061 668 narravit:
1089 621 1292 666 eventu
1325 625 1546 680 quoque
1593 624 1774 678 ,prope
1827 609 1971 662 diem

405 705 799 773 subsequente.
828 704 946 758 Non
978 705 1210 757 multum
1246 704 1393 757 enim
1419 701 1734 755 intercessit
1763 707 1974 768 tempo-

407 795 505 857 ris,
561 810 685 847 cum
750 795 894 849 Deus
940 793 1225 849 Chosroen
1287 794 1582 848 Persarum
1649 805 1869 860 regem,
1917 799 1974 843 et

406 883 695 939 Chaldreos
723 886 798 938 illi
825 886 1094 948 subditos,
1129 895 1346 956 gentem
1404 885 1549 952 bello
1597 897 1778 936 acrem
1820 882 1974 950 juxta

397 989 468 1028 Iac
500 977 739 1029 celerem
773 976 1098 1045 (velociores
1122 989 1357 1044 namque
1407 973 1672 1027 dicuntur
1698 971 1824 1040 equi
1850 970 1974 1023 illo-

407 1079 531 1116 rum
593 1065 901 1133 pantheris,
960 1076 1016 1119 et
1065 1066 1364 1119 ferociores
1412 1063 1626 1117 Arabiae
1662 1063 1848 1132 lupis),
1885 1076 1978 1114 ve-

407 1157 492 1206 lut
538 1156 778 1223 aquilam
831 1165 1084 1224 prompte
1147 1156 1492 1209 advolantem
1535 1153 1602 1207 ad
1647 1169 1850 1216 eseam,
1909 1168 1976 1204 ex

402 1245 630 1299 Oriente
659 1247 734 1312 (9)
775 1246 1044 1310 suscitat;
1081 1247 1173 1315 qui
1201 1246 1349 1316 gravi
1400 1245 1642 1299 exercitu
1698 1243 1976 1297 civitatem

405 1337 724 1390 cinxerunt.
762 1337 994 1408 Symeoa
1014 1337 1181 1406 igitur
1208 1337 1274 1390 ad
1311 1337 1604 1390 Dominum
1647 1349 1841 1387 rursus
1867 1334 1978 1387 ele-

407 1429 554 1480 vavit
577 1444 766 1480 vocem
796 1444 948 1481 suam
980 1443 1080 1496 pro
1119 1429 1232 1488 illa,
1266 1427 1310 1481 si
1348 1427 1489 1480 forte
1541 1441 1707 1495 super
1759 1425 1826 1478 iis
1857 1440 1978 1493 quze

407 1519 557 1586 prius
605 1526 723 1571 erat
781 1518 1144 1571 comminatus
1204 1517 1542 1585 paeniteret,
1591 1523 1646 1568 et
1704 1513 1977 1583 propitius

2072 359 2186 410 γειν
2213 340 2301 393 διὰ
2325 341 2422 409 τὴν
2448 339 2697 408 ἀπειλὴν,
2735 331 3142 404 παραϐαλοῦσιν
3190 328 3338 399 αύτῷ
3391 345 3530 380 τισιν
3578 332 3643 380 ὲκ

2073 432 2170 499 τῆς
2215 431 2508 498 Ἀντιόχου,
2549 428 2660 498 βίον
2695 425 2902 494 εύλαϐἧ
2936 423 3100 488 ζῶσιν
3124 420 3406 490 ἀνδράσιν,
3437 421 3493 470 ἐν
3522 419 3638 470 ὀδύ-

2075 539 2141 591 νῃ
2168 521 2346 592 ψυχῆς
2396 518 2732 589 ἐξηγήσατο,
2757 514 2898 568 κατὰ
2929 511 3097 570 πόδας
3130 509 3189 561 δὲ
3227 509 3321 560 καὶ
3353 508 3385 576 ἡ
3421 505 3644 566 ἔκϐασις

2072 611 2356 684 ἠκολούθει
2387 629 2399 642 ·
2431 613 2491 663 ού
2541 610 2672 661 πολὺ
2706 608 2813 676 γὰρ
2859 605 2920 657 τὸ
2954 605 3010 656 ὲν
3052 602 3205 670 μέσῳ
3251 600 3344 651 καὶ
3373 599 3512 650 κινεῖ
3540 599 3641 648 Xo-

2077 707 2242 777 σρόην
2276 704 2497 774 βασιλέα
2539 700 2766 771 Περσῶν
2787 701 2814 752 ό
2834 698 2989 760 Θεὸς,
3020 694 3081 746 τό
3111 710 3167 745 τε
3200 692 3292 745 ὑπ’
3312 689 3476 742 αὑτὸν
3493 688 3640 750 ἔθνος

2075 796 2169 848 καί
2196 793 2497 854 Χαλδαίους
2522 793 2582 844 rb
2641 789 2835 858 πικρὸν
2872 787 2966 840 καὶ
3014 783 3075 835 τὸ
3122 783 3339 850 ταχινὶν
3370 777 3637 848 (ἑξαλοῦνο

2075 903 2163 937 ται
2187 883 2318 954 γάρ,
2348 884 2534 953 φησὶν,
2567 881 2707 950 ὑπὲρ
2736 877 3025 950 παρδάλεις
3045 875 3092 926 οἱ
3128 875 3287 925 ἵπποι
3315 869 3514 929 αὐτῶν,
3545 871 3637 920 καὶ

2075 976 2318 1043 ὀξύτεροι
2354 975 2492 1044 ὑπὲρ
2538 972 2663 1033 τοὺς
2691 969 2888 1031 λύκους
2915 966 3014 1034 τῆς
3053 960 3359 1033 Ἀραϐίας),
3385 960 3461 1022 ὡς
3484 960 3641 1010 ἁετδν

2078 1066 2355 1137 πρόθυμον
2403 1066 2498 1118 ἐπὶ
2544 1065 2604 1116 τὸ
2652 1066 2844 1132 φαγεῖν
2898 1062 2962 1112 ὲκ
2995 1059 3091 1126 τῆς
3132 1055 3268 1116 "Em,
3301 1054 3356 1114 ὃς
3384 1049 3644 1121 βαρεῖτῷ

2080 1157 2294 1227 στρατῷ
2341 1159 2407 1227 τῇ
2465 1154 2614 1208 πόλει
2665 1150 3132 1222 παρεμϐεϐλήκει.
3176 1145 3401 1213 Ἐϐόησε
3460 1141 3644 1227 τοίνυν

2077 1245 2213 1314 πρὸς
2268 1225 2473 1316 Κύριον
2521 1241 2673 1306 αὖθις
2702 1243 2842 1312 ὑπὲρ
2882 1241 3051 1309 αὐτῆς
3096 1235 3340 1304 Συμεὼν,
3373 1236 3421 1285 εί
3456 1235 3538 1300 ἐφ’
3563 1225 3645 1294 ο’ς

2077 1338 2242 1404 ἔδειξε
2305 1338 2569 1408 πρότερον
2618 1334 2768 1403 αύτῷ
2830 1324 3646 1402 μεταμεληθείη,καλὶλάσεται

2076 1432 2194 1491 ταῖς
2227 1429 2520 1501 ἁμαρτίαις
2550 1427 2738 1495 αύτῆῖ,
2793 1425 2888 1478 καὶ
2926 1424 2986 1476 ού
3044 1420 3342 1490 διαφθερεῖ.
3367 1415 3488 1469 οὐδὲ
3533 1432 3644 1467 πα-

2082 1519 2310 1591 ραδὼσει
2341 1522 2452 1581 τοῖς
2493 1518 2797 1588 Ἀσσυρίοις
2827 1518 2882 1568 ὲν
2915 1511 3160 1585 ῥομφαίᾳ
3181 1511 3278 1580 τὴν
3308 1509 3496 1561 πόλιν·
3528 1505 3645 1559 ἀλλ’

410 1610 564 1661 fieret
597 1608 845 1676 peccatis
866 1608 1128 1669 civitatis,
1168 1623 1267 1661 nec
1294 1605 1638 1676 disperderet
1691 1606 1838 1659 illam
1882 1612 1979 1658 aut

2083 1611 2176 1663 οὒκ
2200 1607 2268 1680 ἦν
2297 1611 2526 1678 δήλωσις
2563 1609 2712 1678 παρὰ
2746 1607 2970 1676 Κυρίου,
2999 1605 3078 1657 ὅτι
3106 1606 3138 1672 ἡ
3179 1601 3317 1671 ὀργὴ
3347 1599 3438 1652 τοῦ
3469 1596 3648 1665 θυμοῧ

409 1698 652 1752 traderet
688 1699 882 1767 gladiis
939 1698 1310 1768 Assyriorum.
1357 1697 1560 1750 Verum
1601 1695 1737 1749 nihil
1796 1694 1972 1749 mani-

407 1788 530 1841 festi
559 1789 697 1858 signi
725 1788 990 1843 reddebat
1021 1789 1308 1852 Dominus,
1347 1789 1612 1856 quoniam.
1645 1790 1726 1840 ira
1769 1786 1976 1839 furoris

407 1879 874 1948 cjnsabundabat,
922 1890 978 1936 et
1007 1881 1390 1935 misericordia
1437 1877 1798 1932 absconderat
1847 1893 1904 1930 se
1946 1892 1975 1930 a

409 1969 550 2024 facie
575 1970 746 2024 illius.
776 1970 1077 2026 Constituit
1131 1988 1263 2042 ergo
1308 1971 1544 2042 Symeon
1595 1969 1778 2023 denuo
1823 1969 1976 2021 illum

411 2061 665 2128 precibus
702 2062 1084 2131 interpellare;
1113 2077 1418 2117 cumecce:
1452 2061 1570 2116 Non
1592 2075 1678 2114 me
1699 2060 1977 2130 paenituit,

411 2152 610 2220 inquit.
645 2153 739 2205 sed
768 2163 920 2206 certo
952 2155 1160 2208 certius
1188 2154 1488 2209 traditurus
1525 2167 1645 2206 sum
1673 2151 1974 2214 civitatem,

413 2243 583 2296 ctalii
607 2243 825 2312 quidem
863 2245 918 2297 in
947 2261 1042 2299 ore
1071 2245 1234 2316 gladii
1269 2244 1521 2299 occasuri
1583 2251 1734 2306 sunt,
1769 2242 1891 2297 aliis
1919 2243 1976 2296 in

2080 1694 2242 1747 αὐτοῦ
2275 1695 2510 1768 πλήρης,
2541 1695 2636 1747 καὶ
2665 1694 3010 1762 παράκλησις
3053 1691 3332 1760 κέκρυπτο
3365 1688 3422 1751 ἐξ
3446 1685 3648 1753 «aut-

2083 1787 2198 1856 μῶν
2251 1785 2438 1841 αὐτοῦ.
2471 1785 2778 1858 Προοέθετο
2827 1784 3006 1836 τοίνυν
3057 1783 3185 1851 περὶ
3237 1779 3411 1848 αὐτῆς
3473 1793 3650 1847 προσ-

2078 1878 2334 1942 εύξασθαι
2352 1877 2515 1931 πάλιν
2529 1876 2862 1947 ἁποκριθείς·
2882 1878 2957 1928 Οὐ
2978 1871 3454 1944 μεταμεμέλημαι,
3471 1866 3644 1928 εἶπεν,

2080 1974 2215 2027 ἀλλά
2249 1973 2569 2044 παραδιδοὺς
2593 1970 2902 2042 παραδώσω
2922 1969 3108 2039 αὐτὴν,
3137 1967 3278 2020 ὥστε
3314 1964 3442 2025 τοὺς
3470 1961 3566 2032 μὲν
3589 1962 3648 2012 ὲν

2086 2065 2311 2134 στόματι
2344 2064 2617 2137 μαχαίρας
2656 2063 2962 2124 πεσεῖσθαι,
2991 2062 3116 2124 τοὺς
3163 2060 3219 2113 δὲ
3255 2060 3335 2120 είς
3365 2054 3650 2125 αἰχμαλω-

2088 2156 2208 2208 σίαν
2241 2156 2585 2224 πορευθῆναι,
2605 2158 2685 2208 σοί
2710 2155 2765 2208 δὲ
2795 2155 2884 2207 τὸν
2913 2153 3142 2224 σταυρόν
3172 2169 3274 2222 μου
3289 2149 3351 2202 τὸ
3378 2148 3647 2217 τῆςεῖρῆ-

2084 2262 2182 2312 vn;
2212 2244 2456 2314 βραϐεῖον
2481 2245 2714 2314 θήσομαι
2740 2244 2983 2324 ⁸φύλακα,
3009 2242 3084 2303 ὡς
3113 2243 3174 2294 οὐ
3195 2240 3329 2311 μετὰ
3346 2238 3477 2291 πολὺ
3501 2236 3643 2305 ὕψει.

413 2334 733 2388 servitutem
771 2334 1062 2403 abreptis:
1108 2337 1204 2389 tibi
1253 2351 1383 2389 vero
1440 2350 1663 2390 crucem
1713 2349 1892 2387 meam
1957 2334 2165 2403 insigne
2225 2334 2375 2404 pacis
2423 2334 2772 2399 constituam,
2821 2347 2941 2400 quae
2997 2343 3048 2387 te
3078 2339 3400 2394 conservet;
3441 2329 3647 2383 utinon

417 2426 488 2477 ita
517 2423 608 2476 diu
640 2433 760 2492 post
790 2425 1022 2479 videbis.

482 2517 570 2568 6‘2.
607 2516 766 2570 Videt
805 2517 986 2586 itaque
1025 2519 1080 2572 in
1123 2529 1279 2589 raptu
1327 2519 1524 2574 mentis
1566 2519 1797 2589 gratiam
1851 2535 1979 2573 san-

414 2607 643 2661 ctissimi
675 2607 936 2676 Spiritus,
967 2625 1188 2664 crucem
1217 2627 1377 2664 manu
1409 2611 1786 2680 praeferentem
1813 2609 1982 2662 advo-

417 2701 727 2768 lantemquc
751 2699 816 2751 ad
836 2715 892 2753 se
919 2716 933 2760 ;
961 2699 1109 2754 videt
1162 2710 1219 2755 et
1254 2701 1478 2771 angelos
1534 2700 1694 2754 binos
1733 2699 1981 2754 eamdem

2156 2521 2250 2590 ξβν.
2294 2522 2424 2593 Ὁρᾷ
2457 2523 2634 2576 τοίνυν
2666 2523 2722 2574 ἐν
2767 2523 3021 2575 ἐκστάσει
3052 2521 3212 2574 πάλιν
3242 2520 3270 2571 ὁ
3296 2518 3520 2588 Συμεὼν
3551 2519 3649 2587 τὴν

2084 2611 2176 2663 τοῦ
2232 2613 2500 2679 παναιτίου
2557 2612 2871 2681 Πνεύματος
2923 2612 3080 2681 χάριν
3133 2609 3362 2680 σταυρὸν
3408 2610 3652 2678 ἐγκεχῖι·

2090 2705 2350 2774 ρισμένην
2409 2706 2503 2757 καὶ
2546 2707 2682 2775 πρὸς
2733 2704 2894 2758 αύτδν
2941 2703 3322 2765 καταπτᾶσαν,
3388 2700 3652 2767 ἀγγέλους

415 2789 720 2857 cingentes,
783 2791 837 2843 in
895 2807 1130 2860 quorum
1179 2793 1437 2846 manibus
1491 2807 1653 2845 arcus
1703 2792 1866 2856 tensi,
1929 2801 1979 2846 et

2085 2815 2144 2850 τε
2169 2798 2261 2850 δύο
2293 2799 2764 2869 παρεμϐαλόντας,
2797 2797 2924 2861 τόξα
2952 2796 3009 2849 δὲ
3042 2797 3226 2858 αὐτοῖς
3264 2797 3321 2846 ἐν
3349 2796 3526 2864 χεροῖν
3557 2810 3616 2845 τε
3638 2823 3650 2834 -

408 2883 591 2952 jacula
615 2883 793 2936 emitti
827 2894 1038 2952 parata.
1101 2884 1200 2938 lllo
1251 2893 1459 2949 autem,
1505 2883 1636 2953 quid
1689 2885 1866 2938 isthoc
1905 2884 1983 2938 rei

413 2983 555 3028 esset
587 2984 984 3044 percontanle:
1015 2976 1183 3039 Crux,
1233 2976 1510 3045 inquiunt,
1565 2977 1775 3030 salvum
1829 2984 1880 3030 te
1931 2985 1986 3030 et

414 3080 669 3119 securum
715 3066 980 3120 adversus
1029 3067 1212 3121 hostes
1271 3083 1630 3136 quoscunque
1665 3068 1982 3135 pra‘stabit;

417 3159 528 3210 tela
586 3172 718 3210 vero
755 3159 1021 3226 impetum
1086 3174 1300 3223 eorum,
1365 3159 1459 3228 qui
1504 3159 1690 3212 hostili
1719 3161 1881 3213 modo
1932 3169 1984 3213 te

417 3247 675 3300 invadere
699 3258 991 3310 conantur,
1026 3249 1325 3302 retundcnt
1349 3249 1752 3319 inexpugnabili
1779 3251 1984 3304 virtute

416 3339 538 3402 Dei,
580 3339 674 3406 qui
712 3340 1116 3394 tuicustodiam
1158 3339 1362 3408 ubique
1408 3341 1564 3394 nobis
1615 3341 1981 3394 (immindavit.

418 3431 532 3485 Hac
579 3431 889 3484 admirabili
939 3432 1150 3485 visione
1213 3441 1404 3484 sancto
1462 3432 1741 3494 exhibita,
1811 3433 1984 3500 altera

415 3523 671 3591 protinus
697 3522 942 3576 succedit
966 3523 1304 3591 hujusmodi.
1329 3522 1631 3576 Videbatur
1663 3523 1765 3576 sibi
1798 3523 1986 3578 videre

416 3612 606 3664 urbem
649 3611 812 3664 scalis
843 3611 911 3664 ad
939 3611 1136 3666 mmnia
1165 3611 1447 3680 applicatis
1470 3613 1771 3682 oppugnari
1800 3653 1813 3674 ,
1859 3613 1988 3667 Bar-

420 3703 681 3770 barisque
715 3702 826 3771 jam
865 3703 1143 3771 ingressis,
1175 3702 1323 3756 intus
1349 3702 1587 3755 lamenta
1623 3712 1772 3756 etvm
1793 3718 1984 3772 perso-

419 3806 584 3856 nare;
635 3800 894 3860 tantaqne
913 3791 1189 3845 anxietate
1217 3792 1381 3861 plena
1412 3805 1532 3846 esse
1555 3793 1758 3854 omnia,
1793 3803 1849 3846 nt
1876 3810 1984 3847 non

419 3881 576 3950 pauci
605 3883 826 3936 emnris
852 3881 997 3937 foras
1027 3900 1084 3937 se
1126 3884 1180 3937 in
1230 3900 1471 3955 praeceps
1511 3885 1708 3941 misere
1767 3887 1981 3949 darent,

416 3972 645 4025 salutem
694 3988 847 4025 suam
896 3972 1035 4042 fugae
1084 3974 1375 4028 credituri.
1420 3974 1579 4028 Videt
1605 3975 1808 4028 deinde
1847 3976 1985 4030 duas

335 4132 342 4137 _
419 4064 572 4116 urbis
616 4074 822 4132 portas.
872 4080 978 4132 qua
1042 4066 1476 4133 septentrionem
1536 4081 1643 4134 qua
1697 4068 1981 4122 meridiem

2086 2890 2292 2959 ταμένα
2325 2891 2419 2942 καὶ
2449 2889 2578 2959 βέλη
2604 2889 2972 2958 στρεφόμενα⁹
3002 2888 3030 2939 ὅ
3081 2904 3134 2940 τι
3157 2887 3211 2938 δὲ
3241 2885 3412 2938 ταῦτα
3435 2883 3519 2952 εἴη
3545 2901 3617 2935 πυ
3636 2912 3651 2923 ο

2087 2980 2336 3050 θομένου,
2381 2981 2441 3032 '0
2476 2981 2571 3050 μὲν
2622 2980 2878 3050 σταυρὸς.
2919 2981 2952 3047 ἠ
3000 2978 3241 3048 σωτηρία
3301 2976 3453 3043 καλὴ
3508 2978 3651 3028 κατα

2087 3073 2302 3125 πάντων
2335 3071 2544 3142 ἐχθρῶν
2576 3071 2863 3138 ἀσφάλεια,
2896 3065 3049 3122 εἷπον
3069 3086 3081 3099 ·
3117 3071 3184 3122 τά
3229 3069 3285 3122 δὲ
3331 3068 3481 3139 βέλη,
3509 3071 3653 3121 κατα

2085 3160 2194 3212 τῶν
2221 3161 2315 3213 ἐπὶ
2347 3161 2405 3212 σὲ
2435 3160 2716 3230 πολεμίοις
2763 3162 2958 3230 ὁρμαῖς
2989 3159 3308 3230 χρωμένων,
3332 3159 3473 3212 ὥστε
3512 3162 3653 3213 ἁποο

2090 3250 2340 3320 στρέφειν
2405 3251 2602 3314 αὐτοὺς
2636 3255 2702 3321 τῇ
2738 3250 2831 3303 τοῦ
2860 3250 2995 3303 Θεοῦ
3045 3252 3243 3320 ἀμάχῳ
3273 3252 3436 3320 ίσχύῖ,
3471 3251 3563 3303 τοῦ
3594 3269 3652 3303 σε

2087 3342 2175 3396 διὰ
2228 3344 2429 3406 παντὸς
2480 3345 2612 3413 ἡμῖν
2651 3343 2942 3412 φυλάττειν
2998 3343 3400 3412 ἐντειλαμένου.
3436 3343 3653 3410 Ταύτης

2077 3431 2157 3502 τῷ
2182 3431 2347 3499 Ἀγίῳ
2368 3431 2684 3501 παραδόξως
2722 3431 2820 3498 τῆς
2858 3428 3124 3488 ὀπτασίας
3159 3426 3439 3494 φανείσης,
3472 3425 3658 3476 ἔπειτα

2084 3524 2264 3595 μέντοι
2293 3524 2564 3575 δείκνυταί
2590 3540 2672 3585 τις
2699 3522 2846 3592 αὐτῷ
2876 3520 2970 3574 καὶ
2995 3519 3128 3588 άλλη
3169 3516 3414 3584 τοιαύτη.
3454 3515 3658 3568 Ἐδόκει

2080 3613 2181 3684 τὴν
2218 3615 2369 3668 πόλιν
2407 3614 2494 3667 διὰ
2533 3614 2820 3683 κλιμάκων
2857 3613 2948 3664 ἐπὶ
2986 3610 3064 3678 τῷ
3114 3609 3284 3678 τείχει
3340 3607 3658 3677 πολιορκου-

2085 3706 2256 3776 μένην
2291 3707 2425 3776 όρᾷν
2451 3744 2465 3765 ,
2505 3706 2638 3758 εἴσω
2680 3721 2739 3756 τε
2784 3703 2952 3770 αὐτῆς
2987 3702 3113 3762 τοὺς
3152 3699 3469 3771 βαρϐάρους
3504 3715 3656 3766 γεγεο

2086 3797 2372 3864 νημένους.
2415 3793 2612 3863 θρῆνόν
2638 3810 2696 3846 τε
2725 3793 2818 3846 καὶ
2845 3791 2968 3844 οὐαὶ
3001 3793 3096 3844 καὶ
3144 3790 3370 3860 συνοχὴν
3400 3793 3457 3842 ὲν
3490 3791 3653 3858 αὐτῇ,

2083 3885 2159 3948 ὡς
2215 3884 2308 3937 καὶ
2366 3885 2594 3948 πολλοὺς
2648 3885 2737 3936 διὰ
2787 3885 2897 3936 τῶν
2949 3882 3146 3952 τειχῶν
3180 3883 3377 3948 ἔξωθεν
3425 3882 3655 3942 ἑαυτοὺς

2085 3978 2284 4040 ἀθλίως
2333 3976 2820 4046 κατακρημνίζειν,
2874 3977 3018 4044 φυγῇ
3085 3974 3185 4044 τὴν
3239 3975 3510 4044 σωτηρίαν
3563 3991 3655 4025 ττι-

2090 4067 2399 4132 στεύοντας·
2422 4065 2540 4120 εἶτα
2566 4068 2658 4119 καὶ
2685 4066 2778 4118 δύο
2802 4066 2975 4128 πύλας
3000 4065 3168 4135 αὐτῆς
3204 4067 3340 4119 κατά
3363 4081 3422 4118 τε
3454 4064 3655 4135 ἄρκτον

418 4163 649 4224 spectat,
676 4165 893 4223 apertas
946 4163 1002 4208 et
1030 4155 1348 4225 frequentes
1376 4157 1670 4210 admodum
1730 4175 1826 4226 per
1860 4159 1979 4212 illas

2086 4161 2181 4212 καὶ
2229 4157 2576 4230 μεσημϐρίαν
2593 4158 2973 4225 διανοιγείσας,
3027 4158 3120 4209 καὶ
3166 4155 3391 4219 πολλοὺς
3418 4155 3506 4210 διὰ
3527 4158 3659 4210 τούο

416 4261 538 4300 sese
560 4246 967 4300 subducentes:
1000 4255 1257 4316 tanquam
1290 4258 1546 4318 parcente
1587 4252 1699 4306 Dee
1731 4253 1982 4321 sanguini

412 4336 687 4404 iustorum
726 4336 860 4390 inibi
895 4339 1319 4401 versantium,et
1342 4356 1450 4393 non
1475 4342 1781 4396 sustinente
1809 4342 1984 4397 bonos

418 4439 542 4479 eum
574 4427 754 4496 impiis
788 4427 1150 4496 disperditum
1206 4430 1293 4483 iri.
1326 4429 1662 4485 Ostendebat
1711 4431 1787 4484 illi
1840 4432 1981 4486 visio

419 4515 723 4569 monachos
756 4532 974 4585 quoque
1014 4533 1044 4570 e
1073 4533 1298 4572 suorum
1331 4535 1560 4574 numero
1609 4521 1768 4583 duos,
1835 4530 1981 4575 metu

420 4605 786 4659 barbarorum
817 4607 1098 4677 profugos,
1153 4625 1322 4678 seque
1363 4625 1393 4662 e
1436 4614 1663 4664 fratrum
1727 4610 1983 4665 sodalitio

419 4713 518 4765 per
583 4698 1094 4766 pusillanimitatem
1172 4691 1582 4770 proripientes,
1639 4717 1875 4771 quorum
1929 4704 1984 4756 in

421 4789 780 4843 barbarorum
833 4806 1026 4844 manus
1090 4791 1492 4857 incidentium,
1564 4794 1704 4848 alter
1757 4795 1984 4864 quidem

416 4880 598 4951 gladio
668 4880 896 4936 ﬁniebat
937 4883 1128 4944 vitam.
1181 4883 1318 4937 alter
1353 4885 1406 4938 in
1455 4886 1830 4954 captivitatem
1879 4886 1981 4941 ab-

415 4973 746 5027 ducebatur.

488 5064 577 5118 63.
613 5065 678 5117 Et
700 5064 814 5119 ha:c
838 5065 1148 5120 divinarum
1175 5069 1567 5124 revelationum
1591 5085 1800 5124 summa
1823 5083 1940 5126 erat
1963 5088 1978 5124 :

417 5157 860 5226 Sequebaturque
889 5173 999 5210 non
1025 5159 1196 5212 multo
1221 5167 1342 5228 post
1400 5160 1633 5215 effectus
1665 5160 1794 5231 (l0).
1843 5161 1981 5214 Muri

489 5317 563 5390 (9)
598 5315 880 5370 Seniorem
909 5315 1187 5373 Chosroen
1222 5319 1309 5374 hic
1343 5319 1604 5390 intellige,
1653 5337 1811 5376 avum
1865 5323 1983 5390 ejus

415 5389 1259 5476 QQEJT‘E‘EEE'I‘E‘I'P,FW."
1299 5390 1390 5476 ille
1682 5408 1827 5476 αξηιο
1879 5389 1982 5476 559.

418 5457 630 5528 Syriam
663 5457 1030 5580 depopulatus
1059 5457 1161 5521 est,
1193 5475 1298 5528 qua
1330 5460 1398 5514 de
1430 5476 1486 5515 re
1518 5461 1884 5532 Theophanes
1913 5462 1979 5516 ad

419 5541 624 5580 annum
649 5525 714 5578 12
776 5536 1054 5580 usttmam.

419 5525 624 5580 annum
649 5525 714 5578 12
741 5525 1054 5580 Justiniani.

2090 4267 2198 4300 των
2228 4247 2567 4312 ύπεξιόντας,
2593 4246 2686 4299 τού
2716 4245 2849 4298 Θεοῦ
2888 4243 3140 4314 καθάπερ
3172 4243 3265 4296 τοῦ
3295 4244 3403 4296 τῶν
3428 4247 3486 4297 ὲν
3513 4246 3654 4314 αὐτῇ

2087 4340 2314 4393 δικαίων
2359 4341 2591 4409 αἵματος
2637 4339 2992 4407 φεισαμένου,
3021 4337 3116 4388 καὶ
3147 4337 3220 4405 μὴ
3258 4336 3657 4391 συναπολέσθαι

2090 4432 2182 4484 καὶ
2213 4431 2410 4493 αὐτοὺς
2456 4431 2552 4482 σὺν
2601 4430 2855 4483 ἀσεϐέσιν
2905 4427 3272 4497 ἀνασχομένου
3305 4443 3318 4456 °
3356 4428 3567 4482 ἐδείκνυ
3598 4430 3655 4482 δὲ

2087 4523 2164 4592 τῷ
2205 4521 2371 4592 ’Δγίῳ
2403 4525 2435 4592 ἡ
2471 4522 2613 4586 ὄψις,
2646 4520 2854 4574 καὶδύο
2902 4519 3010 4572 τῶν
3043 4521 3140 4572 συν
3177 4519 3325 4588 αὐτῷ
3378 4521 3652 4588 μοναχῶν,

2087 4615 2196 4666 δέει
2225 4613 2332 4665 τῶν
2363 4612 2650 4683 βαρϐάρων
2673 4612 3198 4680 λιποτακτήσαντας,
3228 4610 3320 4661 καὶ
3340 4609 3436 4680 τῆς
3463 4627 3521 4664 τε
3557 4630 3656 4682 μος

2087 4705 2183 4773 νῆς
2211 4705 2305 4755 καὶ
2342 4704 2438 4770 τῆς
2463 4701 2821 4769 ἁδελυότητος
2853 4699 3202 4769 μικροψύχως
3221 4701 3654 4770 άπορῤαγέντας,

2087 4793 2180 4854 οὓς
2215 4792 2309 4844 καὶ
2363 4790 2702 4860 βαρϐαρικῆς
2754 4788 3006 4856 γενέσθαι
3037 4788 3218 4857 χειρὸς
3244 4785 3422 4857 ἔργον,
3441 4790 3534 4843 τὸν
3561 4793 3660 4860 μὲν

2092 4882 2336 4952 μαχαίρᾳ
2381 4882 2639 4945 πεσόντα,
2689 4882 2782 4934 τὸν
2819 4881 2876 4934 δὲ
2929 4883 3008 4942 είς
3087 4879 3462 4948 αἰχμαλωσίαν
3548 4887 3660 4937 ἀττ-

2090 4975 2345 5043 αχθὲντα.

2160 5067 2259 5132 ξγ’.
2288 5067 2369 5119 Τὰ
2399 5067 2498 5136 μὲν
2525 5062 2618 5120 οὖν
2639 5065 2748 5120 τῶν
2776 5065 2935 5119 θείων
2959 5067 3350 5140 ἀποκαλύψεων
3371 5069 3430 5121 ἐν
3450 5069 3660 5125 τούτοις

2087 5155 2178 5230 ἦν.
2199 5159 2399 5212 Εἵπετο
2419 5161 2476 5212 δὲ
2502 5159 2610 5230 ἄρα
2633 5160 2732 5213 ούκ
2757 5161 2836 5221 είς
2861 5162 3077 5230 μακρὰν
3102 5162 3196 5214 καὶ
3218 5163 3285 5214 τὰ
3311 5162 3466 5232 ἔργα.
3491 5163 3659 5230 Τεξχη

2159 5323 2269 5391 (l0)
2299 5324 2572 5378 Describit
2614 5323 2732 5379 fuse
2781 5326 3083 5385 obsessam.
3114 5333 3350 5391 captam,
3395 5335 3660 5380 vastatam

2090 5394 2282 5448 urbem
2327 5394 2626 5463 Procopius
2678 5395 2773 5448 lib.
2807 5396 2841 5448 2
2886 5397 2948 5448 de
2983 5395 3117 5448 bello
3172 5394 3400 5451 Persico.
3437 5411 3560 5463 cap.
3592 5401 3657 5461 8;

2088 5464 2234 5516 libro
2265 5463 2433 5518 etiam
2465 5464 2501 5516 2
2558 5465 2632 5517 De
2683 5465 2938 5531 adiﬁciis,
2989 5480 3109 5534 cap.
3162 5465 3212 5529 8,
3267 5464 3359 5518 ubi
3393 5467 3567 5519 multa
3596 5470 3658 5519 de

2092 5535 2491 5588 restauratione
2523 5535 2677 5588 urbis
2716 5549 2816 5604 per
2853 5535 3222 5591 Justinianum
3261 5535 3502 5599 locutus,
3546 5537 3656 5589 haec
