4034 6186
331 207 470 273 3045

1338 199 1515 257 νιΤΑ
1552 200 1601 256 Α
1633 192 2068 255 NICEPHORO
2109 190 2596 252 CONSCRIPTA.

3449 175 3596 250 δοριο

325 335 384 371 τε
407 317 518 387 γὰρ
543 314 643 383 τῆς
671 312 877 375 πόλεως
914 312 1112 364 ἔκαυσε
1145 307 1276 378 πῦρ.
1306 307 1400 359 καὶ
1430 304 1742 373 κατέφαγεν
1767 301 1916 372 ἄμφ-

2028 298 2223 369 quippe
2285 297 2648 352 Antiochense
2686 294 2840 350 urbis
2879 294 3293 366 conﬂagrarunt
3337 293 3476 365 igni,
3503 312 3599 352 co-

326 407 418 462 οδα
445 404 638 474 αὐτῆς,
665 403 763 456 καὶ
789 402 985 456 ἔπεσον
1009 403 1072 453 ὲν
1106 398 1390 458 πλατείαις
1425 397 1595 467 αὐτῆς
1617 394 1912 459 νεανίσκοι,

326 499 418 553 καὶ
440 494 793 564 ἐπλήσθησαν
827 493 884 547 αἱ
913 493 1022 545 όξο)⁸
1043 489 1277 560 νεκρῶν,
1306 489 1400 541 καὶ
1426 486 1570 541 οὕτω
1592 486 1713 539 κατ’
1739 485 1916 554 ἄκρας

327 590 431 645 ὑπὸ
473 589 584 642 τῶν
615 585 920 656 Ἀσσυρίων
952 583 1115 643 ἐάλω,
1141 582 1216 645 ὡς
1238 582 1365 644 τοὺς
1407 581 1505 651 μὲν
1548 579 1657 632 τῶν
1690 579 1748 630 ἐν
1776 577 1912 647 αὐτῇ

327 681 592 753 ῥίψαντας
641 677 731 732 διὰ
786 675 898 729 τῶν
947 674 1142 745 τειχῶν
1169 673 1417 734 ἑαυτοὺς,
1439 671 1565 733 τοὺς
1592 669 1649 722 δὲ
1694 669 1782 722 διὰ
1816 668 1915 736 τῆς

328 774 464 844 πρὸς
517 771 717 840 ἄρκτον
748 767 850 836 τῆς
893 784 953 819 τε
987 766 1126 837 πρὸς
1163 763 1510 834 μεσημϐρίαν
1546 761 1720 830 πύλης
1744 759 1912 823 ὑπεξ-

327 865 580 928 ελθόντας
611 863 916 931 διαφυγεῖν,
947 859 1041 913 δύο
1072 875 1132 912 τε
1160 858 1269 911 τῶν
1300 858 1428 927 περὶ
1469 854 1632 908 αὐτὸν
1658 851 1916 924 ’μοναχῶν

326 956 609 1017 δείσαντας
648 953 858 1007 ἐκεῖθεν
906 951 1283 1022 ἀναχωρῆσαι,
1316 949 1410 1001 καὶ
1454 947 1545 999 τὸν
1593 945 1692 1015 μὲν
1737 943 1918 1008 ζῶντα

327 1051 439 1110 τοῖς
475 1047 774 1119 βαρϐάροις
805 1044 1029 1101 ἁλῶναι.
1059 1043 1150 1095 τὸν
1179 1042 1236 1094 δὲ
1273 1043 1479 1102 πεσεῖν,
1511 1037 1654 1105 ξίφει
1694 1036 1796 1106 τὴν
1821 1051 1916 1088 κε-

330 1138 504 1208 φαλὴν
545 1135 873 1189 ἐκκοπέντα.
907 1135 1135 1206 Ἕτερον
1171 1133 1351 1204 μέντοι
1385 1129 1496 1185 τῶν
1543 1127 1710 1182 αὑτοῦ
1753 1144 1916 1198 μονα-

329 1229 460 1300 χῶν,
487 1225 740 1280 τοσοῦτον
774 1227 980 1295 ἀπέσχε
1011 1225 1182 1277 δεινόν
1220 1240 1272 1275 τι
1308 1222 1444 1292 πρὸς
1485 1220 1594 1273 τῶν
1626 1217 1916 1290 βαρϐάρων

331 1316 547 1379 παθεῖν,
573 1315 684 1384 ὅσῳ
723 1316 819 1368 καὶ
861 1317 988 1376 τοὺς
1019 1314 1112 1366 ὑπ’
1145 1313 1370 1366 ἐκείνων
1406 1311 1682 1382 ἀνήκεστα
1717 1325 1916 1360 πεπον-

334 1409 514 1470 θότας,
548 1406 681 1475 παρ’
713 1405 877 1459 αὐτὸν
911 1406 1244 1478 ἐρχομένους
1276 1404 1574 1474 θεράπειαν
1603 1401 1914 1471 τυγχάνειν.

333 1499 648 1570 Παρέϐαλον
683 1499 791 1568 γάρ
830 1515 976 1561 τινες
1031 1497 1182 1567 αὑτῷ
1227 1497 1578 1568 στρατιῶται,
1621 1496 1748 1556 τοὺς
1783 1492 1918 1563 βαρ-

333 1593 534 1661 ϐάρους
561 1590 942 1660 διαφυγόντες,
968 1583 1044 1643 ῶν
1071 1585 1172 1652 εἷς,
1195 1590 1256 1642 οὐ
1281 1589 1372 1641 τὸν
1399 1587 1572 1658 μηρὸν
1599 1584 1918 1640 παντάπασι

337 1683 515 1752 μόνον,
548 1682 685 1734 ἀλλὰ
722 1683 819 1734 καὶ
862 1681 983 1734 ὅλον
1027 1681 1163 1734 πόδα
1211 1683 1461 1750 παρεῖτο,
1510 1679 1777 1751 χαλεπαῖς
1817 1677 1918 1746 τὴν

333 1772 512 1840 ψυχὴν
553 1771 767 1834 ὀδύναις
811 1770 1158 1841 βαλλόμενος.
1209 1769 1501 1840 Συμπαθὲς
1547 1770 1837 1839 τοιγαροῦν
1888 1769 1917 1820 ὁ

337 1862 477 1925 θεῖος
515 1861 739 1932 Συμεὼν
774 1864 854 1925 εἰς
887 1863 1050 1914 αὑτὸν
1095 1861 1240 1924 ἰδὼν,
1273 1860 1464 1932 βαΐνην
1511 1878 1567 1913 τε
1601 1859 1795 1931 ῥάϐδον
1837 1858 1919 1911 ἐνὶ

335 1951 445 2005 τῶν
469 1951 726 2022 μαθητῶν
758 1951 1094 2022 ἐγχειρίσας,
1125 1952 1426 2021 σφραγίσαι
1452 1952 1596 2005 κατά
1620 1950 1714 2003 τοῦ
1741 1948 1917 2021 μηροῦ

339 2043 550 2098 κελεύει
573 2043 666 2098 τὸν
690 2044 988 2113 πάσχοντα,
1023 2043 1119 2097 καὶ
1147 2047 1179 2112 η
1205 2043 1465 2114 σφραγὶς,
1495 2043 1558 2096 οὐ
1585 2042 1694 2095 τῶν
1720 2041 1921 2095 ὀδυνῶν

341 2135 635 2205 ἀπαλλαγὴ
671 2135 852 2202 μόνον,
877 2133 1014 2187 ἀλλά
1045 2135 1142 2186 καὶ
1171 2133 1336 2205 ρῶσις
1357 2132 1518 2196 εὐθὺς
1541 2131 1634 2186 τοῦ
1661 2149 1719 2185 τε
1742 2129 1920 2203 μηροῦ

345 2227 440 2279 καὶ
469 2225 561 2278 τοῦ
597 2225 754 2288 ποδὸς
783 2224 860 2294 τῷ
886 2224 1197 2296 στρατιώτῃ
1227 2223 1458 2292 γίνεται.

415 2423 508 2490 ξδ’.
547 2423 670 2477 Τῶν
697 2423 741 2477 δ’
773 2417 868 2475 οὖν
903 2422 1204 2494 Ἀσσυρίων
1237 2420 1308 2474 τὰ
1348 2421 1478 2491 περὶ
1505 2419 1604 2492 τὴν
1651 2412 1922 2489 Ἀντιόχου

344 2521 809 2592 κατατρεχόντων,
835 2518 896 2572 τό
918 2535 976 2571 τε
1006 2517 1132 2585 ὅρος
1163 2535 1228 2571 πε
1236 2515 1645 2588 ρινοστούντων,
1668 2515 1762 2568 καὶ
1779 2516 1922 2584 ὁρμῇ

247 2626 255 2633 ·
344 2611 482 2681 πρός
528 2627 589 2662 τε
636 2609 726 2662 τὸν
763 2610 916 2663 κίονα
957 2610 1058 2682 ἤδη
1089 2610 1183 2662 καὶ
1215 2610 1314 2679 τὴν
1350 2608 1516 2679 μονὴν
1546 2605 1922 2678 κεχρημένων,

342 2705 456 2765 τοῖς
510 2701 776 2771 παροῦσιν
833 2701 998 2772 εὐχὴν
1042 2700 1447 2772 παραγγείλας,
1491 2699 1696 2767 γόνατά
1747 2715 1805 2750 τε
1849 2695 1927 2767 τῷ

344 2792 531 2861 ἐδάφει
553 2791 771 2863 πρῶτος
816 2793 912 2844 καὶ
941 2791 1092 2860 ὄψεις
1128 2791 1368 2862 ἐρείσας,
1429 2787 1768 2857 ἀπελαθῆναι
1803 2785 1929 2838 τοὺ·

344 2903 470 2948 τους
501 2884 712 2937 ἐκεῖθεν
741 2885 1112 2955 προσηύχετο·
1139 2883 1235 2938 καὶ
1265 2881 1604 2954 παραχρῆμα
1628 2881 1708 2942 εἰς
1731 2879 1836 2949 γῆν
1853 2877 1928 2942 ὡς

2012 391 2249 460 demque
2279 404 2377 460 per
2393 388 2692 444 circuitum
2720 387 3008 456 absumpta
3031 386 3147 455 ipsa
3185 395 3311 452 est;
3355 387 3595 456 juvenes

2013 482 2338 536 ceciderunt
2367 481 2420 534 in
2455 479 2652 550 plateis
2674 478 2844 541 illius,
2875 487 2934 532 et
2981 478 3082 532 vite
3114 477 3479 532 cadaveribus
3501 495 3601 548 op-

2017 575 2180 644 pleta:
2213 584 2382 638 sunt;
2416 580 2794 642 occupataque
2819 584 3035 625 summo
3061 569 3182 623 loco
3237 569 3307 623 ab
3362 570 3604 640 Assyriis

2015 666 2314 734 urbe,pars
2340 665 2648 718 incolarum
2672 679 2702 718 c
2725 663 2899 717 muris
2920 678 2978 716 se
3010 662 3446 731 praecipitarunt,
3480 679 3606 731 pars

2015 772 2114 826 per
2135 756 2514 826 aquilonarem
2548 763 2713 825 atque
2744 756 3041 810 australem
3073 764 3263 824 portas
3286 755 3495 825 egressi
3544 770 3602 809 se

2014 849 2157 919 fuga:
2185 847 2483 902 dederunt.
2509 847 2755 918 Contigit
2805 855 2991 902 autem
3037 847 3178 901 duos
3213 847 3362 901 illius
3414 863 3606 901 mona-

2015 944 2151 998 chos
2185 943 2481 997 formidine
2529 951 2720 1012 captos
2755 942 3037 1007 recedere,
3071 958 3305 1012 quorum
3353 943 3493 996 alter
3521 943 3602 994 vi-

2014 1051 2118 1091 vus
2146 1036 2200 1090 in
2235 1035 2605 1089 barbarorum
2633 1035 2786 1088 venit
2811 1050 3028 1098 manus,
3058 1034 3198 1087 alter
3230 1034 3412 1103 gladio
3443 1043 3608 1103 caput

2017 1135 2336 1196 amputatus
2353 1125 2587 1190 interiit;
2617 1134 2826 1179 tantum
2861 1133 3044 1179 autem
3066 1123 3243 1178 abfuit
3263 1132 3323 1176 ut
3343 1125 3436 1192 qui
3460 1123 3606 1193 apud

2019 1216 2345 1286 Symeonem
2381 1225 2759 1271 remanserant
2788 1215 3053 1269 molestia:
3099 1213 3380 1282 quidpiam
3411 1231 3438 1268 a
3477 1215 3606 1267 bar-

2019 1309 2170 1364 baris
2201 1310 2559 1372 sustinerent,
2593 1317 2652 1362 ut
2681 1308 2846 1362 etiam
2880 1307 2957 1360 illi
2989 1307 3081 1375 qui
3111 1306 3254 1374 passi
3290 1305 3608 1375 gravissima

2019 1404 2076 1450 et
2107 1395 2177 1450 ab
2217 1396 2411 1450 iisdem
2447 1408 2602 1451 erant
2649 1395 2716 1449 ad
2770 1395 2946 1465 ipsum
2983 1395 3288 1457 venientes,
3321 1395 3612 1456 incolumi-

2016 1497 2186 1542 tatem
2222 1497 2634 1558 recuperarent.
2661 1487 2921 1540 Nonnulli
2954 1487 3157 1556 quippe
3187 1487 3391 1540 milites
3424 1501 3614 1542 acces-

2027 1586 2223 1632 serunt
2265 1577 2333 1631 ad
2365 1577 2540 1641 illum,
2567 1577 2928 1631 barbarorum
2954 1575 3210 1629 manibus
3239 1576 3410 1645 elapsi
3435 1593 3450 1641 ;
3475 1591 3614 1646 quo-

1948 1664 1994 1720 B
2024 1667 2146 1721 rum
2180 1683 2342 1732 unus,
2377 1667 2624 1736 undique
2652 1683 2762 1720 non
2797 1674 3008 1720 tantum
3042 1666 3228 1721 luxato
3259 1665 3487 1732 femore,
3516 1667 3611 1720 sed

2021 1766 2136 1822 toto
2169 1760 2334 1814 etiam
2386 1759 2644 1814 diﬂ‘racto
2689 1774 2874 1824 crure,
2929 1759 3271 1829 gravissimis
3302 1760 3616 1829 jactabatur

2019 1852 2382 1907 cruciatibus.
2424 1852 2920 1907 Commiseratione
2950 1861 3132 1906 autem
3171 1861 3347 1906 tactus
3377 1852 3614 1923 Symeon

2021 1947 2087 2002 ad
2126 1955 2234 2001 tam
2267 1949 2588 2002 luctuosum
2624 1948 3023 2018 spectaculum,
3057 1947 3274 2002 cuidam
3306 1947 3612 2019 discipulo~

2021 2055 2143 2093 rum
2172 2040 2439 2110 palmeam
2470 2040 2680 2111 virgam
2717 2056 2870 2095 suam
2901 2041 3069 2095 tradit
3095 2041 3150 2094 in
3194 2057 3412 2105 manus,
3433 2041 3616 2113 jubet-

2022 2150 2130 2204 que
2177 2135 2437 2189 affectum
2491 2134 2672 2189 femur
2705 2135 2796 2189 illa
2843 2134 3084 2204 signari;
3125 2149 3236 2204 quo
3278 2135 3442 2200 facto,
3504 2151 3614 2189 non

2023 2234 2237 2279 tantum
2272 2225 2518 2280 vacuitas
2540 2241 2571 2280 a
2601 2225 2910 2292 doloribus,
2947 2224 3042 2279 sed
3066 2225 3233 2279 etiam
3263 2225 3433 2279 robur
3453 2239 3615 2280 suum

2024 2316 2221 2371 femori
2272 2315 2513 2386 pedique
2555 2315 2740 2370 rediit.

2096 2428 2185 2482 64.
2219 2427 2558 2482 infestabant
2594 2428 2798 2500 Assyrii
2831 2428 3248 2484 incursionibus
3274 2429 3482 2484 circum
3505 2431 3620 2485 An-

2027 2519 2289 2575 tiochiam
2344 2520 2452 2574 late
2509 2521 2693 2574 omnia
2738 2519 3032 2590 ipsumque
3067 2521 3406 2576 oberrabant
3458 2537 3619 2576 mon-

2027 2620 2158 2675 tem,
2204 2611 2428 2681 jamque
2460 2610 2516 2664 in
2550 2611 2863 2677 columnam
2895 2621 2951 2666 et
2978 2613 3373 2668 monasterium
3409 2614 3616 2685 impetu

2028 2701 2230 2755 ruituri
2267 2709 2456 2762 erant,
2485 2717 2612 2755 cum
2668 2701 2925 2774 Symeon,
2958 2704 3325 2772 praesentibus
3366 2705 3619 2762 oratione

2030 2792 2258 2857 indicta,
2282 2792 2492 2862 primus
2519 2794 2634 2862 ipse
2660 2808 2836 2862 genua
2867 2809 2931 2846 ac
2966 2792 3162 2848 faciem
3214 2810 3424 2864 pronus
3465 2797 3621 2851 humi

2030 2881 2223 2952 figens,
2245 2884 2441 2952 expelli
2465 2883 2692 2937 infestos
2725 2883 2857 2938 inde
2881 2883 3068 2937 hostes
3090 2895 3348 2953 precatus
3371 2895 3476 2941 est.
3505 2887 3622 2942 Nec

345 2974 514 3050 εἶχον,
549 2978 733 3041 αὐτοῖς
767 2976 979 3048 ἅρμασι
1007 2977 1100 3030 καὶ
1127 2976 1315 3038 ἵπποις
1346 2971 1786 3042 κατενεχθέντες,
1815 2970 1917 3040 τῆς

2033 2974 2358 3042 interposita
2391 2988 2544 3028 mora
2582 2973 2713 3038 ulla,
2741 2989 2807 3028 ex
2851 2973 3010 3042 equis
3037 2974 3404 3044 curribusque
3434 2975 3624 3031 detur-

343 3086 404 3122 τε
436 3069 624 3141 πρόσω
649 3068 876 3138 πορείας
907 3067 1379 3137 μεταμεμέληντο,
1407 3066 1501 3120 καὶ
1525 3067 1752 3134 ἄσμενοι
1782 3065 1922 3134 μᾶλ-

344 3161 435 3214 λον
465 3162 530 3230 ἢν
552 3155 714 3230 ἦλθον
745 3160 1097 3230 ἀνέστρεφον.
1131 3159 1354 3212 Ἀλλοτε
1405 3159 1567 3213 πάλιν
1610 3158 1722 3212 τῶν
1751 3158 1929 3212 αὐτῶν

357 3252 658 3322 Ἀσσυρίων
687 3252 831 3314 τινὲς
860 3251 1094 3322 ἀνῄεσαν
1121 3252 1200 3315 είς
1226 3250 1287 3303 τὸ
1319 3250 1444 3323 ὅρος
1461 3267 1473 3280 ·
1502 3252 1530 3304 ό
1557 3250 1614 3304 δὲ
1639 3251 1832 3318 ’Ἄγιος
1852 3249 1929 3322 τῷ

348 3341 567 3412 συνήθει
621 3341 716 3393 καὶ
762 3340 858 3393 νῦν
907 3341 1207 3410 φαρμάκῳ,
1253 3342 1320 3410 τῇ
1352 3339 1488 3412 πρὸς
1512 3339 1646 3393 Θεὸν
1676 3341 1810 3411 εὐχῇ
1839 3342 1931 3395 κέ-

333 3449 542 3502 ,χρητο,
574 3432 820 3484 Δέσποτα
845 3431 966 3496 Θεὲ,
997 3431 1195 3499 λέγων,
1221 3433 1404 3502 πάσης
1441 3430 1663 3504 σαρκὸς,
1697 3433 1725 3484 ὁ
1747 3433 1930 3504 γνόφῳ

345 3524 406 3578 τὸ
431 3525 562 3577 Σινᾶ
590 3523 714 3592 ὅρος
737 3523 828 3576 ἐπὶ
856 3522 952 3576 τοῦ
978 3523 1308 3594 θεράποντός
1334 3541 1427 3576 σου
1450 3525 1692 3588 Μωσέως
1722 3527 1931 3579 σκεπά-

351 3633 470 3679 σας,
508 3615 671 3680 αὐτὸς
718 3614 814 3668 νῦν
851 3617 917 3685 τῇ
967 3616 1152 3687 χάριτί
1183 3633 1277 3669 σου
1317 3616 1592 3670 σκέπαεον
1637 3619 1732 3672 καὶ
1758 3619 1930 3690 ἡμᾶς,

347 3704 488 3758 ῶστε
519 3705 786 3766 ἀθεάτους
817 3708 998 3776 μεῖναι
1045 3708 1161 3769 τοῖς
1197 3704 1306 3758 τῶν
1341 3707 1553 3760 ἀσεϐῶν
1581 3707 1785 3761 τούτων
1827 3709 1930 3778 ὅμ-

351 3815 504 3867 μασι.
537 3799 646 3850 Καὶ
680 3798 878 3852 αὐτίκα
914 3796 979 3867 (ὣ
1030 3798 1271 3851 ἀϐύσσου
1297 3799 1697 3870 χρηστότητοςι
1721 3799 1767 3853 ὣ
1795 3799 1930 3854 Θεοῦ

346 3885 535 3948 ὤτων,
587 3887 807 3957 δεήσεσι
856 3888 964 3940 τῶν
1017 3887 1368 3958 φοϐουμένων
1421 3888 1583 3941 αὑτὸν
1619 3888 1709 3943 διὰ
1735 3888 1933 3955 παντὸς

349 3977 797 4047 προσεχόντωνῑ)
835 3976 1005 4048 ἀχλὺς
1045 3976 1254 4031 ἀνωθεν
1299 3976 1406 4031 ὑπὸ
1435 3978 1632 4050 νεφέλῃ
1697 3995 1933 4050 καταχεσ-

349 4069 503 4122 θεῖσα
523 4109 538 4134 ,
570 4069 668 4140 οὐχ
688 4070 835 4134 ὅπως
857 4069 1019 4124 αὐτὸν
1044 4071 1156 4134 τοῖς
1185 4069 1502 4141 βαρϐάροις,
1532 4069 1649 4124 ἀλλ’
1681 4070 1802 4124 οὐδὲ
1825 4070 1934 4124 τῶν

349 4159 482 4230 περὶ
524 4160 685 4214 αὐτόν
731 4177 853 4212 τινα
889 4159 1044 4213 εἴασε
1078 4159 1362 4229 θεαθῆναι.
1411 4160 1518 4213 Καὶ
1549 4161 1596 4212 oi
1632 4159 1729 4229 μὲν
1759 4157 1935 4223 οὕτως

348 4251 613 4321 ἀπῆλθον,
646 4253 782 4324 μηδὲ
846 4255 926 4316 εἰς
963 4253 1055 4306 τὸν
1100 4252 1256 4306 κίονα
1289 4253 1383 4307 καὶ
1423 4253 1494 4305 τὰ
1525 4251 1630 4305 ὑπὸ
1660 4252 1751 4306 τὸν
1781 4253 1934 4305 κίονα

2036 3064 2148 3119 bati
2171 3067 2227 3119 in
2250 3074 2473 3128 terram,
2496 3064 2634 3118 nihil
2665 3063 2925 3134 progredi
2952 3063 3187 3118 ulterius
3211 3076 3502 3129 curarunt,
3525 3066 3619 3121 sed

2032 3156 2302 3211 citissime
2333 3171 2440 3226 qua
2463 3165 2732 3210 venerant
2761 3155 2969 3210 reversi
3015 3165 3165 3211 sunt.
3209 3155 3361 3211 Alias
3396 3172 3624 3213 eorum-

2031 3248 2158 3304 dem
2204 3249 2556 3320 Assyriorum
2610 3246 2836 3318 quidam
2893 3246 3182 3302 redierunt
3229 3247 3298 3302 ad
3354 3259 3623 3318 montem,

2031 3339 2297 3395 adversus
2311 3356 2450 3410 quos
2471 3349 2694 3394 sanctus
2725 3340 2844 3393 solo
2877 3339 3263 3407 medicamine,
3282 3345 3622 3411 precatione,

2032 3433 2279 3502 inquam,
2309 3447 2463 3496 usus,
2489 3432 2628 3487 dixit
2652 3449 2666 3485 :
2691 3432 2923 3486 Domine
2956 3433 3101 3487 Deus
3124 3434 3396 3489 universae
3416 3436 3623 3500 carnis,

2033 3523 2127 3593 qui
2159 3531 2400 3577 montem
2433 3521 2586 3577 Sinai
2619 3531 2865 3592 tempore
2887 3523 3095 3594 Moysis
3119 3524 3264 3577 servi
3290 3525 3366 3578 tui
3399 3527 3625 3594 operui-

2033 3615 2103 3669 sti
2136 3615 2390 3686 caligine,
2421 3615 2576 3684 operi
2630 3613 2685 3668 in
2715 3615 3006 3684 praesentia
3055 3629 3158 3669 nos
3192 3631 3412 3685 quoque
3450 3619 3626 3687 gratia

2035 3717 2150 3773 tua,
2167 3716 2227 3762 ut
2248 3723 2315 3762 ne
2332 3707 2817 3776 deprehendamur
2837 3707 2906 3761 ab
2925 3707 3112 3777 impiis
3133 3707 3306 3763 hisce.
3329 3709 3443 3764 Nec
3467 3710 3625 3779 plura

2036 3796 2091 3869 (ο
2112 3799 2369 3870 abyssum
2403 3797 2688 3864 bonitatis,
2731 3813 2764 3852 o
2797 3813 2965 3854 aures
3011 3799 3250 3866 divinas,
3287 3801 3623 3869 precationi-
3712 3843 3724 3850 ι

2034 3888 2140 3944 bus
2199 3888 2515 3945 timentium
2569 3889 2742 3944 Deum
2797 3905 3081 3960 nunquam
3142 3906 3253 3946 non
3311 3892 3626 3966 intentas!)

2036 3981 2333 4053 caliginosa
2387 3980 2567 4036 nubes
2611 3980 2752 4036 ccelo
2785 3980 2961 4036 etfusa
3015 3998 3124 4037 non
3177 3983 3342 4039 modo
3397 3987 3625 4057 Symeo-

2041 4088 2168 4128 nem
2216 4088 2327 4128 non
2363 4073 2616 4143 permisit
2673 4072 2846 4128 videri
2897 4088 2928 4128 a
2987 4073 3262 4142 barbaris,
3318 4077 3414 4132 sed
3447 4093 3627 4146 neque

2037 4167 2313 4221 sociorum
2343 4167 2465 4236 ejus
2485 4179 2840 4236 quemquam.
2869 4165 2949 4220 Ita
2986 4167 3063 4221 illi
3093 4167 3317 4237 quidem
3351 4170 3626 4227 discesse-

2039 4265 2191 4323 runt,
2221 4273 2326 4314 nec
2348 4258 2660 4313 columnam
2697 4268 2793 4314 aut
2820 4274 2944 4329 quae
2976 4259 3118 4314 infra
3151 4261 3463 4318 columnam
3499 4279 3625 4336 age-

352 4344 564 4416 βλέψαι,
595 4347 737 4418 μηδέ
794 4348 1052 4417 προσχεῖν
1079 4345 1214 4424 ὅλως
1255 4343 1734 4415 συγχωρηθέντες·
1774 4344 1924 4397 πλου-

2041 4357 2235 4403 rentur
2274 4365 2524 4414 cernere,
2557 4364 2661 4404 nec
2695 4350 2889 4405 audire
2914 4350 3214 4421 quidquam
3250 4355 3477 4410 omnino
3503 4371 3626 4426 per-

352 4439 444 4490 σία
478 4437 536 4489 δὲ
566 4438 659 4489 καὶ
684 4435 776 4489 τοῦ
809 4436 1035 4506 Συμεὼν
1065 4439 1348 4506 κατεχεῖτο
1377 4435 1559 4506 χάρις,
1594 4435 1694 4506 τήν
1724 4452 1785 4489 τε
1811 4435 1932 4505 ὄψιν

350 4530 472 4584 κατ’
524 4531 700 4583 ἐκεῖνο
746 4529 846 4599 τῆς
895 4528 1045 4600 ῶρας
1091 4528 1488 4598 ἐκλάμποντος,
1547 4529 1641 4580 καὶ
1685 4528 1834 4598 ἥδιόν
1879 4546 1933 4581 τι

351 4621 708 4677 παντοδαπῶν
745 4620 933 4692 μύρων
955 4621 1277 4686 ἀπάξοντος·
1306 4618 1381 4682 ῶς
1411 4620 1506 4672 καὶ
1534 4619 1643 4672 τῶν
1676 4619 1934 4690 μαθητῶν

348 4731 470 4767 τινα
501 4714 628 4784 περὶ
649 4713 847 4785 δρθρον
879 4712 1077 4778 ἰδόντα,
1101 4712 1249 4775 ὅπως
1281 4710 1380 4783 μὲν
1407 4712 1534 4783 περὶ
1564 4711 1662 4782 τὴν
1685 4711 1809 4782 ὄψιν
1831 4712 1934 4765 αὐ-

350 4806 474 4874 γῆς,
506 4804 654 4868 ὅπως
699 4805 756 4858 δὲ
787 4804 906 4868 ὅλος
947 4803 1173 4868 εὐωδίας
1205 4803 1340 4874 ἔχει,
1371 4806 1431 4858 ἐν
1479 4801 1756 4874 θαύματος
1789 4803 1933 4877 λόγῳ

349 4899 461 4959 τοῖς
491 4896 698 4960 λοιποῖς
721 4896 1106 4968 διηγήσασθαι.

423 5096 516 5163 εε¹.
554 5092 655 5152 Οἷα
677 5098 732 5152 δὲ
762 5097 1045 5163 πολλάκις,
1073 5099 1165 5151 καὶ
1203 5099 1324 5169 μηδ’
1346 5099 1525 5152 ὁτιοῦν
1558 5099 1752 5154 ἀνῦσαι
1777 5099 1935 5154 δῦνα-

354 5185 476 5241 σθαι
505 5185 626 5239 κατ’
651 5185 818 5240 αὐτοῦ
852 5187 1216 5257 πεπεισμένος
1242 5189 1270 5240 ὁ
1299 5185 1574 5263 [δαίμων],
1611 5193 1709 5260 τὴν
1741 5192 1838 5261 μὲν
1869 5193 1934 5246 ἐκ

352 5372 542 5445 subdit
573 5390 586 5426 :
618 5371 704 5426 lta
743 5369 1082 5445 Justiniqnus
1121 5374 1256 5444 Aug.
1302 5379 1569 5445 prospexit
1617 5381 1782 5435 muris
1817 5381 1932 5438 An-

352 5444 576 5504 tiochiae,
629 5459 791 5511 quam
851 5452 900 5495 et
945 5444 1053 5512 ipse
1108 5446 1356 5507 restituit,
1400 5444 1520 5501 cum
1581 5465 1700 5504 eam
1760 5455 1932 5507 hostes

349 5516 571 5594 [laturum
596 5510 834 5594 funditus
867 5510 1196 5594 debuissent.
1231 5514 1400 5594 Belius
1434 5519 1572 5594 enini
1595 5526 1932 5594 consumptis

350 5582 604 5638 euntibus
626 5585 934 5656 penitusque
968 5582 1215 5649 sublatis,
1244 5585 1376 5638 nihil
1409 5597 1457 5640 et
1488 5589 1630 5643 urbis
1679 5582 1925 5662 iizcensw,

671 5827 692 5854 ’κ

2035 4441 2190 4496 missi
2226 4459 2239 4495 :
2273 4443 2551 4512 copiosior
2577 4451 2763 4497 autem
2796 4444 3122 4515 Symeonem
3173 4446 3416 4515 perfudit
3448 4451 3642 4523 gra'ia,

2034 4547 2159 4588 cum
2186 4541 2244 4587 et
2269 4533 2589 4605 faciesejus
2615 4534 2944 4590 mirabiliter
2980 4535 3254 4602 rutilaret,
3281 4546 3337 4591 et
3363 4539 3625 4594 suavissi-

2034 4639 2184 4678 mum
2207 4627 2503 4696 quemdam
2533 4629 2673 4683 varii
2703 4630 2970 4699 unguenti
2999 4631 3224 4686 odorem
3249 4632 3620 4690 ditTundcret:

2034 4716 2185 4784 quod
2219 4717 2386 4772 etiam
2420 4719 2821 4790 discipulorum
2851 4737 2962 4776 non
2995 4739 3182 4789 nemo,
3223 4725 3328 4778 sub
3365 4741 3621 4781 auroram

2040 4808 2490 4866 animadvertens
2503 4821 2747 4882 quantus
2769 4831 2799 4868 a
2825 4815 2979 4869 vultu
3014 4816 3298 4886 splendor,
3321 4827 3522 4887 quanta
3554 4820 3624 4875 ab

2040 4895 2162 4967 ejus
2189 4912 2424 4968 corpore
2466 4901 2763 4974 fragrantia
2803 4915 3174 4974 promanaret,
3228 4909 3624 4980 condiscipulis

2044 4989 2409 5046 mirabundus
2455 4995 2721 5051 narravit.

2112 5103 2200 5158 65.
2233 5103 2503 5162 Caeterum
2559 5125 2684 5166 cum
2739 5114 2850 5184 jam
2907 5114 3107 5184 swpius
3163 5124 3372 5174 tentato
3429 5118 3622 5188 prcelio

2042 5212 2367 5267 persuasum
2433 5201 2664 5258 haberet
2717 5206 3088 5268 cacodazmon.
3122 5209 3258 5263 nihil
3321 5211 3621 5282 quidquam

2057 5389 2295 5465 omnibus
2326 5393 2629 5465 penitusque
2656 5394 2902 5460 sublatis,
2933 5395 3066 5450 nihil
3096 5405 3155 5448 ut
3201 5395 3343 5450 urbis
3372 5399 3619 5459 incertam,

2057 5462 2160 5535 nisi
2195 5461 2437 5516 ruderum
2469 5461 2680 5526 tunmli,
2711 5467 2906 5535 passim
2940 5477 3200 5526 exstaret;
3233 5483 3332 5535 quo
3371 5468 3624 5535 cuiusque

2055 5531 2239 5584 domus
2287 5545 2442 5586 antea
2490 5531 2720 5591 stetisset
2768 5538 2909 5601 loco,
2967 5531 3269 5607 dignoscere
3315 5531 3621 5593 Attztiorlteui

2058 5618 2157 5655 non
2187 5613 2446 5666 poterant.
