4034 6186
413 167 557 235 3M1

1627 167 1688 227 S.
1727 164 2029 225 SYMEON
2040 164 2110 222 IS
2147 163 2179 224 Ι
2189 164 2291 224 UN
2302 164 2507 224 IORIS

3527 165 3668 228 3048

415 279 683 336 adversus
711 284 962 332 sanetum
985 274 1249 346 proﬁcere
1276 289 1335 330 se
1375 290 1568 345 posse;
1606 286 1797 346 aperto
1826 281 1998 329 marte

2104 273 2192 327 τοῦ
2222 272 2459 342 φανεροῦ
2493 271 2626 343 πρὸς
2655 271 2818 326 αὑτὸν
2843 270 2903 325 οὗ
2929 271 3121 343 θαρρεῖ
3149 273 3345 342 πάλην,
3369 273 3456 328 διὰ
3482 275 3536 329 δὲ
3560 280 3671 332 τῶν

416 369 676 440 congredi
718 384 829 422 non
874 383 1062 431 ausus,
1088 367 1275 422 dolose
1311 382 1409 437 per
1436 366 1740 436 discipulos
1766 365 1992 419 insidias

416 462 602 526 struit,
632 459 781 530 gravi
804 467 1017 512 tuentes
1044 459 1261 512 illorum
1289 465 1497 512 terrore
1525 456 1868 521 succutiens;
1898 454 1994 509 nd-

420 553 756 621 invcntoque
800 559 1066 618 praetextu
1120 548 1267 618 quod
1321 549 1603 603 continuis
1642 547 1993 618 Assyriorum

420 643 733 697 incursibus
752 642 983 709 expositi
1019 648 1227 703 essent,
1259 639 1530 707 persuasit
1558 639 1640 693 eis
1666 648 1725 692 ut
1756 637 1991 692 transfe-

420 734 617 787 rendas
668 732 720 785 in
767 731 949 784 locum
1008 731 1349 784 securiorem
1395 729 1553 783 sedes
1609 729 1990 783 decernerent.

418 824 635 876 Adeunt
665 835 796 890 ergo
838 820 974 872 bene
1011 834 1171 871 inane
1204 818 1553 887 Symconcm,
1597 822 1872 887 rogantes,
1904 831 1994 871 se-

411 925 540 965 cum
578 908 842 976 tantisper
876 906 998 960 loco
1033 917 1093 959 ut
1121 905 1303 967 cedat,
1339 904 1468 957 dum
1504 903 1556 956 in
1582 904 1813 972 patriam
1840 917 1993 955 suam

418 1001 712 1056 rediisseut
734 1001 940 1070 Assyrii
967 1017 980 1052 :
1008 1001 1196 1069 Neque
1216 998 1360 1053 enim
1378 1013 1688 1067 possumus.
1720 998 1992 1066 inquiunt,

417 1093 619 1146 morari
636 1092 846 1145 diutius
862 1093 914 1145 in
936 1092 1040 1145 hoc
1055 1099 1263 1153 monte.
1280 1098 1503 1161 propter
1517 1090 1741 1145 crebras
1759 1088 1994 1143 hostium

417 1183 788 1237 incursiones.
825 1183 1060 1236 Tantum
1109 1198 1239 1236 vero
1278 1182 1476 1245 abfuit,
1528 1190 1588 1234 ut
1640 1181 1685 1234 is
1724 1182 1829 1234 tale
1862 1179 1994 1249 quid

415 1275 771 1338 admitteret,
808 1283 869 1327 ut
890 1289 1106 1327 omnem
1129 1274 1313 1343 potius
1343 1272 1576 1341 lapidem
1604 1271 1854 1332 moverit,
1886 1285 1995 1338 quo

415 1366 566 1435 ipsus
587 1366 865 1419 retineret.
893 1364 1139 1433 Cumque
1163 1364 1332 1417 multa
1354 1363 1578 1417 dixisset
1604 1369 1991 1429 tentassetquc,

415 1475 519 1513 nec
549 1457 897 1527 acquieturos
918 1458 1021 1510 sibi
1058 1472 1293 1525 unquam
1323 1455 1535 1509 videret
1560 1472 1574 1507 ι
1599 1455 1757 1516 ltote,
1793 1454 1990 1522 inquit,

420 1550 639 1612 fratres,
679 1551 732 1602 in
776 1564 944 1619 pace;
978 1549 1021 1602 si
1057 1564 1154 1601 vos
1180 1564 1436 1617 namque.
1474 1548 1632 1600 amici
1662 1563 1727 1601 ac
1761 1546 1988 1616 proximi

418 1642 547 1703 mei,
576 1641 795 1695 eminus
821 1650 967 1694 stare
991 1641 1314 1705 malueritis,
1344 1658 1445 1712 ego
1467 1642 1824 1696 nihilominus
1851 1656 1991 1694 sem-

417 1748 514 1799 per
550 1739 731 1784 mente
763 1731 1061 1813 vobiscunl
1089 1747 1231 1784 sum.
1268 1730 1405 1786 Cum
1441 1734 1553 1786 haec
1592 1731 1820 1786 dixisset
1862 1746 1990 1784 san-

417 1835 559 1887 ctus,
586 1823 928 1877 dimittentcs
954 1822 1131 1891 ipsum
1160 1823 1216 1877 in
1244 1824 1496 1879 columna
1524 1822 1781 1892 discipuli
1807 1839 1991 1877 reces-

417 1924 633 1968 serunt.
668 1913 1065 1968 lnvadentibus
1096 1923 1277 1968 autem
1306 1916 1566 1969 continuo
1596 1915 1991 1969 monasterium

420 2006 697 2068 barbaris,
751 2007 1041 2075 porrigens
1080 2006 1314 2077 Symcon
1363 2005 1431 2060 ad
1497 2007 1694 2060 caelum
1749 2020 1989 2059 manus:

420 2096 668 2158 Domine,
705 2094 906 2163 inquit,
932 2097 1301 2165 omnipotens,
1326 2095 1418 2162 qui
1448 2094 1502 2147 in
1528 2093 1756 2149 brachio
1774 2078 1992 2147 virtutis

314 2178 322 2185 ’
419 2195 525 2239 tua:
565 2184 936 2254 disperdidisti
968 2182 1216 2238 inimicos
1250 2193 1407 2246 tuos,
1465 2184 1808 2240 confortetur
1846 2198 1993 2237 nunc

420 2290 641 2344 quoque
676 2290 870 2328 manus
892 2289 1006 2333 tua.
1031 2274 1305 2327 exaltetur
1336 2274 1560 2328 dextera
1598 2283 1708 2328 tua.
1737 2273 1990 2328 Nondum

423 2369 512 2423 i.le
574 2368 786 2437 precari
833 2366 1077 2419 desierat
1108 2404 1123 2425 ,
1168 2376 1222 2418 et
1284 2365 1504 2418 barbari
1551 2367 1662 2436 jam
1720 2364 1989 2427 imbelles,

419 2460 544 2529 fuga
575 2474 636 2513 se
671 2458 796 2512 inde
829 2455 1242 2527 proripiehant;
1269 2455 1498 2510 dixisses
1517 2454 1723 2526 potenti
1756 2453 1992 2524 quadam

426 2566 587 2603 manu
623 2550 905 2617 expulsos.

490 2639 578 2692 66.
609 2638 853 2691 Tametsi
885 2652 1052 2707 porro
1081 2636 1319 2690 famulus
1336 2635 1433 2691 Dei
1470 2650 1498 2689 a
1546 2634 1832 2706 discipulis
1879 2633 1994 2688 suis

421 2726 497 2781 ita
539 2720 838 2780 destitutus
905 2725 1271 2793 desertusque
1332 2725 1520 2788 fuerit,
1588 2726 1758 2793 gratia
1813 2734 1992 2778 tamen

420 2819 628 2883 divina,
653 2818 950 2872 admodum
988 2831 1252 2886 praesens,
1283 2831 1311 2868 a
1335 2815 1514 2870 latere
1558 2816 1676 2885 ejus
1713 2829 1992 2884 nunquam

2098 363 2352 432 μαθητῶν
2423 362 2613 425 δολίως
2655 360 3013 425 ἐπιϐουλεύει,
3057 361 3219 415 πάθει
3262 362 3465 427 δειλίας
3488 368 3669 421 αὐτῶν

2094 458 2193 517 τάς
2235 453 2411 523 ψυχάς
2461 454 2805 515 κατασείσας,
2857 453 3126 521 πρόφασιν
3173 453 3272 522 τὴν
3324 457 3522 525 συνεχῆ
3559 458 3668 511 τῶν

2107 545 2405 614 Ἀσσυρίων
2451 543 2625 614 εὑρὼν
2669 545 2921 614 πάροδον,
2969 545 3221 598 κάκεῖθεν
3260 546 3577 617 ἀπάραντας
3608 552 3667 603 ἐν

2096 634 2171 702 τῷ
2217 634 2450 700 ἀσφαλεῖ
2503 637 2838 703 καταστῆναι
2897 635 3126 699 σκολιῶς
3157 638 3482 702 ἀναπείσας.
3511 642 3575 693 Ol
3607 642 3665 694 δὲ

2101 722 2387 786 προσίασιν
2438 723 2552 790 ἆμα
2605 722 2807 794 ὄρθρῳ,
2842 725 3151 794 συναπᾶραι
3196 742 3347 793 σφισι
3384 728 3477 781 καὶ
3507 730 3667 782 αὐτον

2096 812 2391 878 ἀξιοῦντες,
2422 812 2550 882 ἄχρι
2604 814 2701 882 τῆς
2748 815 2841 866 ἐπὶ
2891 815 2989 886 τὴν
3029 818 3234 869 οἰκείαν
3266 818 3522 872 ἐπανόδου
3556 820 3666 873 τῶν

2109 904 2441 974 Ἀσσυρίων·
2469 905 2588 957 οὐδὲ
2624 907 2732 976 γάρ
2794 900 2905 959 οἷόν
2940 908 2999 960 τὲ
3033 923 3164 976 φασι
3204 910 3530 978 προσμένειν
3580 911 3660 963 ἔτι

2096 994 2169 1064 τῷ
2194 995 2332 1064 ὖρει,
2358 995 2531 1057 οὕτως
2564 997 2743 1048 αὐτῶν
2778 996 2921 1050 κατά
2953 998 3012 1050 τὸ
3038 999 3262 1066 συνεχὲς
3292 1000 3570 1055 ἐπιόντων.
3607 1002 3669 1054 '0

2096 1086 2149 1138 δὲ
2177 1085 2426 1137 τοσοῦτον
2452 1085 2657 1155 ἀπέσχε
2682 1086 2977 1154 προσέσθαι
3007 1104 3057 1139 τι
3084 1089 3213 1157 περὶ
3241 1089 3435 1144 ἑαυτοῦ
3492 1090 3671 1144 τοιοῦ-

2097 1192 2209 1233 τον,
2242 1176 2350 1244 ὅσῳ
2383 1175 2475 1226 καὶ
2509 1174 2707 1237 αὐτοὺς
2736 1176 2983 1244 ἐπισχεῖν
3020 1174 3220 1239 μᾶλλον
3257 1177 3382 1245 περὶ
3413 1175 3668 1230 πλείστου

2097 1266 2379 1330 πεποίητο.
2418 1267 2572 1319 Ἐπεὶ
2606 1267 2662 1317 δὲ
2698 1265 2868 1318 πολλά
2904 1265 3072 1319 εἰπών
3115 1283 3174 1319 τε
3214 1266 3307 1320 καὶ
3339 1267 3565 1336 δράσας,
3604 1271 3668 1320 οὐ

2099 1358 2699 1427 μεταπεισοησομένους
2748 1356 2913 1427 ἐώρα,
2937 1357 3260 1427 Πορεύεσθε,
3287 1358 3473 1428 φησὶν,
3509 1359 3666 1413 ἀδελ-

2096 1449 2205 1516 φοὶ.
2231 1450 2288 1500 ἐν
2327 1450 2516 1519 εἰρήνῃ
2542 1464 2558 1481 ο
2588 1450 2635 1501 εί.
2673 1448 2779 1519 γάρ
2809 1449 2902 1501 καὶ
2932 1450 2982 1500 οἳ
3017 1448 3160 1515 φίλοι
3193 1465 3294 1517 μου
3318 1449 3411 1501 καὶ
3431 1451 3481 1501 οί
3507 1449 3663 1519 ἔγγι-

2098 1542 2197 1593 στά
2228 1557 2329 1608 μου
2365 1539 2471 1593 ἀπὸ
2515 1540 2789 1608 μακρόθεν
2818 1539 3006 1608 στῆναι
3049 1538 3375 1609 προῄρεσθε,
3416 1539 3532 1593 ἀλλ’
3557 1542 3669 1609 ἐγὼ

2092 1630 2169 1701 τῷ
2203 1629 2472 1698 πνεύματι
2504 1629 2591 1682 ἀεὶ
2628 1628 2746 1697 μεθ’
2779 1628 2931 1696 ὑμῶν
2959 1630 3095 1697 είμι.
3126 1627 3312 1680 Ταῦτα
3340 1628 3434 1682 τοῦ
3482 1628 3668 1697 ’Δγίου

2092 1722 2357 1785 εἰπόντος,
2383 1721 2431 1772 οί
2467 1719 2563 1789 μὲν
2585 1719 2812 1788 ἀφέντες
2840 1718 3002 1771 αὑτὸν
3029 1718 3122 1770 ἐπὶ
3150 1718 3242 1771 τοῦ
3264 1719 3441 1782 κίονος
3462 1719 3673 1791 ἀνεχώ-

2094 1831 2287 1885 ρησαν.
2335 1813 2701 1866 Ἐπιστάντων
2755 1812 2811 1864 δὲ
2865 1811 3004 1865 κατά
3048 1811 3215 1875 πόδας
3266 1815 3332 1882 τῇ
3382 1816 3516 1884 μονῇ
3555 1813 3671 1867 τῶν

2095 1904 2404 1975 βαρϐάρων,
2455 1906 2643 1973 χεῖρας
2703 1902 2914 1972 οίιρανῷ
2966 1902 3091 1965 δοὺς
3133 1903 3357 1964 ἐκεῖνος,
3396 1902 3666 1963 Δέσποτα.
3704 1894 3712 1901 ’

2094 1994 2248 2063 φησὶ,
2280 1993 2451 2064 Κύριε
2484 1993 2879 2063 παντοκράτορ.
2915 1992 2943 2043 ό
2971 1994 3028 2044 ἐν
3067 1991 3144 2061 τῷ
3170 1990 3413 2062 βραχίονι
3444 1992 3545 2060 τῆς
3571 1993 3671 2046 δυ-

2093 2083 2307 2151 νάμεώς
2330 2100 2424 2136 σου
2449 2084 2839 2152 διασκορπίσας
2858 2087 2982 2145 τοὺς
3004 2081 3229 2152 ἐχθρούς
3251 2099 3365 2149 σου,
3392 2099 3638 2152 κραταιω
3653 2112 3668 2123 -

2094 2174 2240 2243 θήτω
2272 2172 2368 2226 καὶ
2392 2172 2487 2225 νῦν
2519 2175 2551 2242 ἡ
2583 2174 2703 2243 χείρ
2734 2190 2847 2235 σου,
2884 2172 3154 2242 ὑφωθήτω
3179 2174 3212 2243 η
3240 2172 3390 2236 δεξιά
3414 2189 3527 2228 σου.
3560 2172 3670 2227 Οὔ·

2096 2284 2182 2318 πω
2203 2264 2353 2326 τέλος
2379 2259 2521 2333 εἶχεν
2550 2264 2695 2333 αὐτῷ
2722 2266 2754 2332 ἡ
2778 2264 2928 2334 εὐχὴ,
2962 2265 3053 2316 καὶ
3076 2265 3124 2316 oi
3151 2263 3416 2333 βάρϐαροι
3444 2263 3668 2331 φεύγειν

2094 2356 2302 2409 ἐκεῖθεν
2333 2354 2569 2421 ἀγεννῶς
2604 2356 2943 2425 ἐπεχείρουν,
2982 2354 3232 2424 καθάπερ
3260 2355 3366 2407 ὑπό
3388 2371 3530 2418 τινος
3565 2354 3669 2425 βα-

2098 2445 2247 2514 ρείας
2284 2445 2464 2516 χειρὸς
2488 2444 2854 2515 ἐλαυνόμενοι.

2166 2626 2271 2692 Eg’.
2316 2627 2376 2679 '0
2417 2625 2515 2695 μὲν
2556 2622 2785 2678 οὖν’τοῦ
2831 2622 2966 2675 θεοῦ
3030 2621 3304 2691 Θεράπων,
3343 2623 3392 2673 εί
3434 2621 3529 2674 καὶ
3559 2622 3667 2675 τῶν

2095 2719 2308 2773 οἰκείων
2366 2716 2512 2770 οὕτω
2562 2714 2820 2787 μαθητῶν
2859 2713 3062 2784 ἔρημος
3112 2711 3497 2776 ἀπολέλειπτο,
3528 2711 3669 2767 ἀλλά

2097 2807 2381 2878 παροῦσαν
2422 2803 2535 2878 εἶχε
2579 2806 2764 2874 σαφῶς
2813 2804 2912 2874 τὴν
2939 2804 3087 2856 θείαν
3111 2801 3319 2855 ἄνωθεν
3353 2801 3532 2872 χάριν,
3563 2802 3669 2854 οὐκ

421 2911 720 2975 abscessit;
752 2924 863 2964 non
925 2917 1136 2962 tantum
1173 2915 1411 2961 mentem
1468 2907 1616 2961 illius
1671 2906 1856 2960 laetitia
1908 2921 1990 2959 re-

2104 2898 2422 2968 ἀγαλλίασιν
2473 2899 2629 2968 μόνον
2670 2895 3025 2967 ἐμποιοῦσαν,
3057 2893 3193 2949 ἀλλά
3236 2911 3357 2946 τινα
3390 2893 3485 2947 καί⁵
3527 2893 3672 2961 ἄφα-

422 3002 603 3074 plens.
666 3002 761 3056 sed
821 2998 1156 3053 incﬂ'abilem
1219 2997 1537 3065 quamdam,
1601 2997 1678 3051 uti
1736 2996 1994 3056 diximus,

426 3092 752 3147 dill'undens
781 3089 1159 3160 fragrantiam,
1186 3104 1307 3157 quze
1354 3088 1584 3141 lacernae
1613 3103 1717 3165 qua
1762 3087 1997 3140 amictus

421 3192 544 3238 erat
578 3181 644 3236 ad
679 3191 987 3239 extremum
1014 3193 1189 3247 usque
1235 3178 1470 3232 inhzesit.
1497 3176 1780 3232 Gaudebat
1812 3178 1995 3245 itaque

424 3272 751 3333 solitudine,
780 3287 842 3323 ac
871 3270 1049 3323 tribus
1110 3268 1581 3336 consequentibus
1630 3267 1825 3321 diebus
1893 3267 1996 3321 soli

427 3368 659 3422 orationi
692 3378 742 3423 et
792 3367 899 3423 Deo
933 3381 1135 3422 vacans
1182 3367 1377 3438 (usque
1423 3381 1489 3422 eo
1523 3365 1667 3421 enim
1700 3376 1881 3434 potens
1913 3381 1989 3430 es,

432 3459 669 3515 Domine.
694 3469 741 3514 et
768 3461 958 3514 veritas
987 3470 1077 3512 tua
1106 3460 1161 3512 in
1190 3460 1413 3512 circuitu
1445 3469 1532 3513 tuo
1559 3458 1620 3529 ι³)
1647 3459 1994 3529 οοιιερῑοαιιιτ

435 3544 713 3612 utrimque
756 3555 978 3599 sanctos
1011 3546 1236 3615 angelos
1262 3545 1419 3607 duos,
1441 3546 1673 3598 alterum
1702 3561 1729 3597 a
1753 3547 2008 3611 dexteris,

435 3635 671 3689 alterum
695 3649 726 3688 a
749 3633 1010 3693 sinistris.
1033 3633 1283 3687 dicentes
1304 3632 1407 3703 ipsi
1430 3650 1442 3685 :
1464 3631 1714 3696 Confide,
1735 3647 1847 3685 non
1863 3634 2011 3686 enim

434 3723 590 3780 solus
613 3737 713 3788 es;
762 3723 858 3777 sed
896 3738 996 3777 nos
1029 3731 1209 3777 tet-um
1244 3738 1455 3778 sumus.
1493 3723 1709 3776 Interea
1755 3721 2010 3777 barbaris

438 3814 680 3869 reditum
718 3814 777 3867 in
830 3814 1066 3883 patriam
1129 3815 1549 3877 meditantibus,
1603 3823 1899 3867 servantur
1953 3828 2010 3869 et

434 3902 729 3973 discipuli:
776 3904 1011 3972 visoque
1056 3913 1262 3973 quanta
1321 3905 1557 3974 Symeon
1598 3904 1790 3957 laetitia
1843 3912 2008 3973 atque

435 3995 611 4066 gratia
648 3994 1013 4059 redundaret,
1039 3993 1179 4048 laetis
1202 3994 1431 4049 vocibus
1479 3994 1584 4064 ipsi
1629 4009 1849 4064 quoque
1883 4010 2006 4064 gra-

435 4084 544 4141 tias
563 4086 675 4141 Deo
714 4084 1099 4139 reddiderunt.

2101 3008 2213 3054 τον,
2250 2991 2323 3053 ὡς
2345 2990 2576 3059 ἔφημεν,
2630 2989 2855 3041 εὐωδίαν
2904 2986 3069 3039 αὐτοῦ
3122 2985 3516 3055 καταχέουσαν,
3545 2982 3669 3054 ἥτις

2102 3081 2329 3143 καὶτοῖς
2354 3080 2579 3151 ῥακίοις,
2610 3074 2691 3142 οἷς
2727 3079 2935 3140 ἐκεῖνος
2980 3075 3251 3147 ἠμφίεστο
3295 3115 3311 3142 ,
3372 3074 3669 3147 παρέμεινε

2101 3170 2188 3224 διὰ
2207 3170 2412 3232 τέλους.
2441 3165 2555 3222 Δ⁴Ἦν
2583 3168 2764 3221 τοίνυν
2788 3167 2990 3237 χαίρων
3017 3168 3081 3236 τῇ
3106 3164 3232 3234 περὶ
3256 3163 3416 3217 αὐτὸν
3440 3163 3668 3233 ἐρημίᾳ,

2103 3260 2198 3313 καὶ
2226 3259 2415 3332 τρίτην
2444 3257 2571 3329 ἑξῆς
2610 3257 2822 3329 ἡμέραν
2854 3258 2986 3328 εὐχῇ
3027 3257 3165 3326 μόνῃ
3195 3254 3291 3308 καὶ
3323 3251 3442 3323 Θεῷ
3473 3252 3669 3321 σχολά-

2097 3368 2206 3430 ζων
2233 3365 2313 3438 (ἐν
2342 3361 2582 3433 τοσούτῳ
2605 3360 2662 3414 δὲ
2696 3357 2956 3425 δυνατὸς
2991 3352 3065 3423 εἶ,
3096 3356 3292 3425 Κύριε,
3320 3356 3417 3410 καί
3448 3356 3486 3424 ἡ
3517 3357 3677 3424 d113-

2101 3455 2228 3511 θειὰ
2255 3470 2370 3509 σου
2418 3454 2623 3517 κύκλῳ
2667 3450 2806 3519 σου)
2850 3451 2952 3521 ὁρᾷ
3000 3449 3093 3503 δύο
3136 3447 3287 3511 τινὰς
3335 3448 3678 3518 ἑκατέρωθεν

2119 3542 2303 3607 ἁγίους
2335 3543 2596 3610 ἀγγέλους
2622 3581 2636 3606 ,
2670 3541 2761 3595 τὸν
2796 3543 2894 3611 μὲν
2922 3543 2986 3594 ἐκ
3011 3541 3201 3608 δεξιῶν
3230 3581 3246 3606 ,
3274 3541 3363 3594 τὸν
3386 3541 3432 3595 δ’
3466 3542 3526 3606 ἐξ
3572 3543 3686 3612 ἀρε.

2128 3631 2356 3699 στερῶν,
2426 3630 2683 3699 λέγοντας
2750 3631 2935 3701 αὐτῷ·
2993 3632 3219 3704 Θάρρει,
3276 3631 3398 3685 οὐδὲ
3454 3632 3562 3703 γάρ
3611 3628 3688 3694 εἴ.

2116 3724 2271 3793 φησι,
2309 3724 2487 3791 μόνος,
2531 3722 2664 3777 ἀλλὰ
2717 3723 2855 3792 μετά
2911 3722 3002 3775 σοῦ
3047 3728 3141 3775 καὶ
3178 3724 3359 3793 ἡμεῖς,
3399 3723 3490 3777 ἐν
3509 3722 3690 3791 τούτῳ

2114 3814 2170 3867 δὲ
2194 3815 2301 3866 τῶν
2349 3813 2639 3884 βαρϐάρων
2669 3813 2930 3866 ἐπανόδου
2970 3812 3341 3883 μνησθέντων,
3371 3812 3686 3878 ἀνασώζον-

2113 3923 2202 3959 ται
2226 3905 2320 3958 καὶ
2372 3905 2633 3976 μαθηταὶ,
2669 3905 2760 3957 καὶ
2794 3904 2984 3959 τοῦτον
3030 3906 3184 3969 ὅπως
3232 3903 3602 3973 ἀγαλλιάσεὼς
3621 3922 3690 3957 τι

2114 4000 2208 4050 καὶ
2262 3997 2484 4069 χάριτος
2537 3993 2681 4067 εἶχεν
2732 3996 2949 4062 ἰδόντες,
2984 3996 3369 4067 ἀγαλλομένοις
3417 3996 3533 4065 Θεῷ
3590 3997 3692 4048 καὶ

2114 4086 2268 4139 αὐτοὶ
2292 4085 2526 4154 χείλεσιν
2552 4085 2935 4156 ηὐχαρίστουν.

1875 4201 2101 4259 CAPUT
2146 4201 2239 4257 IX.

996 4313 1263 4371 Liberalia
1300 4319 1666 4389 captivarum;
1698 4319 1954 4373 transitus
1976 4319 2032 4371 in
2063 4325 2289 4371 montem
2331 4314 2659 4381 mirabilem;
2702 4318 2812 4372 alia
2843 4318 3124 4374 miracula.

512 4424 604 4482 67.
628 4424 847 4480 Verum
874 4426 1001 4496 quis
1044 4443 1228 4485 sermo
1249 4446 1341 4485 res
1372 4445 1402 4484 a
1440 4431 1630 4485 divino
1675 4430 1897 4485 homine
1952 4444 1998 4483 οι

2190 4427 2288 4494 EC’.
2329 4427 2489 4481 Ἀλλὰ
2522 4429 2606 4493 τίς
2660 4428 2727 4483 ἂν
2779 4429 2937 4498 λόγος
2968 4429 3037 4483 τὰ
3070 4428 3373 4501 τηνικαῦτα
3401 4429 3554 4499 παρά
3586 4432 3687 4485 τοῦ

440 4525 769 4589 tempestate
794 4526 996 4588 gestas,
1021 4528 1156 4588 quot
1197 4521 1452 4576 servituti
1488 4522 1737 4578 addictos
1765 4522 2013 4577 libertati

449 4611 779 4676 restituerit,
803 4619 975 4682 etper
1009 4612 1224 4668 medios
1253 4613 1445 4669 hostes
1490 4615 1669 4669 salvos
1732 4615 2010 4679 eduxerit,

443 4704 638 4776 paucis
656 4712 824 4774 queat
852 4705 924 4758 ob
956 4705 1150 4759 oculos
1192 4706 1434 4773 ponere?
1487 4720 1657 4760 unum
1707 4705 2016 4760 alterumve

440 4808 667 4849 necesse
697 4800 782 4848 est
812 4807 1142 4849 memorare.
1179 4793 1373 4849 Frater
1406 4794 1521 4859 ille,
1553 4795 1716 4863 cujus
1738 4809 1770 4847 a
1805 4794 2004 4849 barba-

441 4885 521 4940 ris
568 4884 713 4953 capti
791 4884 1135 4940 mentionem
1193 4885 1426 4941 fecimus
1479 4886 1643 4956 paulo
1695 4886 1808 4955 (ll)
1859 4895 2009 4951 ante,

442 4973 719 5029 mirabilia
764 4976 940 5029 sancti
970 4989 1135 5045 opera
1169 4975 1268 5048 (ita
1301 4978 1450 5032 enim
1478 4966 1599 5033 Heri
1641 4979 2015 5034 consuevitut

444 5062 652 5127 anima,
678 5061 1123 5117 intolerabilibus
1163 5065 1428 5120 aerumnis
1491 5079 1701 5135 pressa,
1727 5080 1849 5120 cum
1875 5080 2014 5135 qua-

444 5152 573 5208 dam
608 5152 893 5223 voluptate
923 5152 979 5208 in
1004 5154 1326 5210 memoriam
1359 5156 1451 5211 illa
1485 5165 1729 5221 revocet,
1757 5171 1878 5233 quae
1903 5170 2016 5209 me-

444 5242 891 5302 liorem'aﬂ‘erre
962 5262 1116 5317 spem
1170 5257 1298 5304 nata
1372 5253 1523 5320 sunt)
1573 5247 1791 5305 cuidam
1854 5245 2014 5303 militi

521 5397 569 5433 ”
610 5399 755 5457 Psal.
782 5415 1039 5463 Lxxxvm,
1084 5398 1140 5454 9.

522 5530 638 5611 (11-)
670 5545 861 5602 supra,
891 5545 1043 5584 num.
1076 5529 1164 5584 63.

2115 4521 2258 4575 θείου
2281 4518 2505 4591 Συμεὼν
2542 4521 2825 4590 γεγονότα,
2868 4521 2962 4575 καὶ
3002 4522 3149 4584 ὅπως
3172 4521 3280 4573 τῶν
3310 4520 3690 4591 αἰχμαλωτισ-

2118 4611 2318 4666 θέντων
2350 4610 2565 4674 πολλοῖς
2614 4610 2978 4681 ὀπτανόμενος
2999 4610 3136 4666 ἀνίει
3186 4613 3285 4680 τῆς
3309 4611 3687 4679 αἰχμαλωσίας

2119 4702 2458 4765 αὐτοὺς,καὶ
2513 4702 2608 4755 διὰ
2668 4702 2846 4770 μέσων
2896 4700 3069 4765 ἔσωζε
3111 4701 3221 4755 τῶν
3284 4700 3689 4771 βαρϐάρων,ἐν
3776 4694 3797 4704 ’

2123 4790 2312 4861 βραχεῖ
2362 4792 2803 4861 παραστήσειεν;
2831 4791 2950 4854 ἑνὸς
3006 4791 3084 4855 δὲ,
3120 4790 3153 4860 ἢ
3186 4791 3282 4843 καὶ⁸
3336 4789 3430 4842 δύο
3476 4789 3689 4843 τούτων

2120 4883 2415 4951 ἀναγκαῖον
2469 4882 2896 4954 ἐπιμνησθῆναι.
2963 4881 3024 4935 '0
3070 4883 3175 4937 ὑπὸ
3219 4880 3329 4936 τῶν
3393 4878 3691 4953 βαρὸἀρενν

2119 4972 2346 5042 ἔναγχος
2401 4972 2630 5043 ληφθεὶς
2691 4972 2939 5043 ἁδελφὸς,
2971 4967 3034 5026 οὗ
3081 4972 3175 5025 καὶ
3238 4970 3421 5042 μικρῷ
3450 4970 3692 5041 πρόσθεν

2118 5066 2146 5118 ό
2175 5064 2336 5132 λόγος
2366 5062 2519 5116 ἔθετο
2544 5064 2787 5135 μνήμην,
2833 5065 2903 5118 τά
2950 5064 3046 5118 τοῦ
3082 5065 3238 5131 ἁγίου
3267 5062 3571 5132 θαυμάσια,
3599 5056 3690 5115 οἷα

2122 5155 2309 5210 εἴωθεν
2336 5158 2394 5209 ἐν
2425 5156 2729 5226 ἀμηχάνοις
2759 5159 2952 5220 κακοῖς
2983 5155 3118 5210 οὖσα
3140 5155 3287 5226 ψυχὴ
3326 5152 3436 5207 τῶν
3457 5170 3689 5224 χρηστοο

2120 5249 2283 5319 τέραν
2323 5248 2518 5303 ἐλπίδα
2543 5246 2935 5318 παρεχομένων
2957 5248 3130 5319 ἡδέως
3151 5243 3689 5317 ἀναμιμνήσκεσθαι.
