4034 6186
451 225 590 290 3049

1468 222 1642 284 ΣἹΤᾹ
1685 221 1727 280 Ᾱ
1766 213 2200 278 NICEPHORO
2239 213 2721 274 CONSCBIPTA.

3577 209 3716 276 3050

455 339 593 409 πρός
648 351 774 389 τινα
826 332 1164 405 στρατιώτην
1203 331 1492 404 σχολὰριον
1519 333 1788 403 ἐξηγεῖτο,
1820 332 2025 402 αἰχμά-

2145 327 2374 381 scholari
2408 327 2547 394 (l2),
2604 327 2699 396 qui
2751 337 2805 380 ct
2854 326 2969 396 ipse
3027 328 3078 380 in
3123 343 3400 383 carcerem
3453 328 3719 398 abreptus

446 430 620 482 λωτον
664 427 764 480 καὶ
799 426 962 480 αὐτὸν
991 426 1290 496 ἀγόμενον,
1321 430 1416 479 καὶ
1449 427 1554 480 ὑπὸ
1585 427 1832 497 σιδηραῖς
1862 443 2028 479 κατ-ε-

448 521 678 590 χόμενον
699 516 894 578 πέδαις
921 531 935 545 ⁸
969 515 1061 569 καί
1093 533 1144 568 τι
1166 517 1261 569 καὶ
1292 515 1495 568 κλαίων
1526 515 1612 568 ἐπ’
1632 517 1794 579 ἐνίοις
1825 516 2026 576 αὐτῶν,

451 611 570 667 εἶτα
605 611 768 674 ζέσας
819 608 920 679 τὴν
955 606 1134 678 ψυχὴν
1163 611 1274 669 τοῖς
1303 609 1431 677 περὶ
1475 607 1638 660 αὐτοῦ
1669 608 2027 677 διηγήμασιν,

451 708 516 759 ὲκ
545 703 717 774 μέσης
772 719 832 754 τε
865 701 928 752 τὸ
972 699 1067 753 τοῦ
1109 699 1293 767 ’Λγεου
1317 699 1490 769 δνομα
1515 699 1742 770 καρδίας
1767 697 2026 761 καλέσας,

353 787 363 806 ’
451 797 593 850 ὥστε
624 796 721 863 τῆς
777 793 1018 863 χαλεπῆς
1046 792 1260 861 ἐκείνης
1293 792 1587 861 ἀναγωγῆς
1616 791 1900 858 ἀνεθῆναι,
1940 789 2028 842 διὰ

456 889 620 959 μέσου
650 885 758 940 τῶν
787 883 1081 954 βαρὸἁρων
1112 883 1279 952 ὁρμᾷ,
1327 884 1422 934 καὶ
1463 881 1586 951 μηδ’
1611 884 1714 934 ύπό
1765 899 1858 934 του
1903 880 2029 932 τού-

453 996 561 1032 των
601 976 980 1045 κατασχεθεὶς,
1010 973 1371 1037 ἀνασώζεται.
1399 973 1578 1043 Ὅπερ
1609 975 1636 1026 ὀ
1693 973 2031 1043 στρατιώτης

457 1067 602 1131 ίδὼν,
639 1068 731 1121 καὶ
783 1065 1082 1126 πιστεύσας
1133 1064 1395 1116 δύνασθαι
1451 1063 1610 1117 τοῦτο
1643 1065 1735 1116 καὶ
1769 1065 1857 1116 ἐπ’
1883 1064 2032 1132 αὐτῷ

455 1159 544 1212 τὸν
577 1159 768 1221 ’Ἃγιον
808 1155 1046 1226 δρᾶσαι.
1084 1152 1183 1222 βοᾷ
1230 1151 1368 1221 μετὰ
1403 1150 1620 1221 θερμῶν
1655 1149 1908 1220 δακρύων
1944 1151 2033 1200 εύ-

456 1253 574 1316 Ους,
603 1251 851 1303 Δέσποτα
883 1247 1086 1315 Χριστὲ
1118 1250 1146 1299 ό
1172 1245 1303 1308 Θεὸς
1335 1245 1428 1298 τοῦ
1447 1243 1635 1298 δούλου
1665 1261 1758 1297 σου
1784 1241 2030 1313 Συμεὼν,

457 1343 618 1415 ῥῦσαί
655 1360 721 1410 με
774 1343 872 1410 τῆς
927 1341 1130 1408 πικρᾶς
1157 1338 1362 1407 ταύτης
1411 1339 1502 1390 καὶ
1541 1336 1817 1407 βαρϐάρου
1852 1336 2033 1406 χειρὸς

457 1437 549 1488 καὶ
607 1433 871 1495 δουλείας.
906 1431 1089 1483 Ταῦτα
1148 1429 1431 1500 καμνούσῃ
1459 1428 1605 1498 ψυχῇ
1633 1426 2031 1496 φθεγξαμένου,

458 1527 660 1598 (Κύριε
685 1527 716 1577 ό
751 1526 894 1588 Θεὸς
911 1516 1031 1574 τῶν
1056 1520 1489 1589 δυνάμεωνπιξ
1507 1518 1709 1588 ὅμοιός
1738 1533 1835 1571 σοι
1861 1519 1900 1584 ;)
1937 1518 2033 1575 τὰς

462 1617 561 1689 μὲν
599 1617 818 1688 σιδηρᾶς
849 1616 1059 1677 ὲκείνας
1091 1613 1290 1667 αὐτίκα
1314 1612 1476 1674 πέδας
1500 1608 1644 1680 εἶχεν
1671 1612 1704 1681 ἠ
1733 1610 1830 1679 γῆ,
1872 1610 2034 1670 αὐτὸς

468 1710 526 1764 δὲ
597 1707 906 1779 ἀναμέσους

459 1801 676 1871 ἐχώρει,
732 1799 869 1860 πρδς
910 1797 1010 1866 τὴν
1056 1797 1264 1848 οἰκείαν
1320 1794 1658 1863 φερόμενος⁶
1709 1793 1768 1856 ὃς
1819 1791 2035 1856 ἀπαθὴς

459 1892 645 1944 κακῶν
678 1887 1009 1952 ἐπανελθὼν,
1035 1887 1243 1940 ἕκαστα
1279 1884 1467 1954 σαςρῶς
1498 1885 1772 1954 ἐξηγεῖτο.

535 2067 630 2138 ξη’.
671 2066 849 2136 Γέρων
884 2081 964 2127 τις
994 2063 1090 2126 τὰς
1121 2061 1272 2128 ὄψεις
1311 2061 1606 2124 ἁνακοπεὶς
1631 2103 1644 2125 ,
1677 2061 1909 2131 ἐκάθητο
1942 2079 2038 2112 tu-

463 2161 592 2228 φλδς
625 2157 931 2230 προσαιτῶν
952 2171 964 2185 ⁸
1000 2155 1260 2226 ἐτύγχανε
1285 2155 1342 2208 δὲ
1373 2156 1480 2225 ἄρα
1509 2154 1806 2222 κατωτέρω
1843 2155 2039 2224 μικρὸν

463 2253 563 2320 τῆς
613 2253 796 2320 μονῆς,
820 2251 908 2303 ὅτε
940 2248 1006 2300 δι’
1036 2247 1216 2315 ὀλίγου
1241 2247 1442 2316 ταύτης
1466 2243 1630 2317 ἦλθον
1659 2249 1706 2299 oi
1749 2246 2037 2317 βάρϐαροι,

465 2341 559 2396 καί
583 2359 664 2404 τις
689 2340 869 2393 αὐτῶν
899 2336 1008 2408 (οἷα
1043 2338 1188 2407 φιλεῖ
1222 2336 1493 2408 βάρϐαρος
1523 2336 1666 2406 χεὶρ,
1701 2336 1918 2404 ἕτοιμος
1962 2337 2040 2398 εἰς

467 2432 746 2500 ἀναίρεσιν
792 2428 954 2493 εἷναι,
986 2430 1080 2481 καὶ
1110 2426 1362 2494 παίγνιον
1401 2426 1499 2496 ἡδύ
1535 2443 1589 2478 τι
1632 2425 1900 2480 ποιεῖσθαι
1944 2427 2043 2496 τὴν

467 2522 666 2592 ἐτέρων
693 2519 1096 2589 ἀπώλειαν)τῷ
1137 2519 1280 2588 ξίφει
1318 2517 1411 2570 τοῦ
1469 2518 1739 2590 τραχήλου
1787 2535 2043 2588 κατενεγ-

468 2613 599 2677 κὼν,
634 2614 855 2683 καιρίαν
887 2613 978 2665 τὸν
1002 2612 1232 2681 γέροντα
1264 2611 1490 2683 πλήττει
1511 2627 1524 2639 ·
1557 2611 1648 2664 καὶ
1693 2613 1721 2665 ό
1761 2611 1860 2683 μὲν
1892 2613 2045 2680 ἄφω-

466 2722 556 2770 νος
603 2705 812 2769 ἔκειτο,
847 2705 990 2775 μόνῳ
1023 2702 1100 2772 τῷ
1132 2703 1304 2774 μικρὰ
1339 2702 1526 2755 πνέειν
1569 2701 1764 2773 νεκρὸς
1799 2697 1939 2755 εἶναι
1972 2702 2045 2772 μὴ

467 2795 873 2866 πιστευόμενος.
895 2796 1072 2864 Ὅπερ
1093 2794 1187 2848 οῦν
1220 2794 1311 2847 τὸν
1339 2793 1435 2847 τοῦ
1465 2793 1601 2847 Θεοῦ
1633 2793 1941 2864 θεράποντα
1964 2792 2042 2863 τῷ

467 2888 762 2958 ινρικοῦντι
818 2885 1087 2956 πνεύματι
1152 2885 1368 2953 γνόντα,
1400 2883 1740 2938 ἐντείλασθαί
1773 2900 1915 2936 τισιν
1949 2884 2046 2936 ἁν-

467 2980 758 3050 ελομένους
790 2979 881 3032 τὸν
911 2978 1140 3047 γέροντα
1166 2977 1387 3048 κομίσαι
1421 2975 1557 3045 πρὸς
1584 2976 1795 3029 ἑαυτόν.
1819 2975 1924 3028 Τοῦ
1947 2993 2044 3028 τυ-

469 3071 602 3140 φλοῦ
629 3070 809 3123 τοίνυν
837 3069 989 3138 παρὰ
1020 3068 1096 3139 τῷ
1130 3069 1268 3122 κίονι
1294 3069 1665 3138 κομισθέντος,
1706 3068 1808 3136 γῆν
1840 3069 2045 3129 ἐκεῖνος

470 3162 563 3214 καὶ
604 3159 748 3230 ὕδωρ
785 3160 964 3213 λαϐὼν
1005 3158 1322 3229 εὐλόγησεν,
1354 3153 1474 3211 εἶτα
1497 3158 1606 3211 τῶν
1634 3157 1895 3229 μαθητῶν
1929 3159 2048 3221 ἐνὸς

470 3253 643 3304 ταῦτα
669 3254 735 3322 τῇ
770 3252 948 3322 πληγῇ
984 3250 1289 3316 ἐπιθέντος,
1326 3249 1537 3318 γίνεταί
1563 3267 1616 3304 τι
1645 3232 1930 3302 κάνταῦθα
1954 3266 2050 3318 ση-

473 3347 646 3414 μεῖον,
685 3343 978 3412 ὀφθαλμῶν
1026 3343 1227 3413 μᾶλλον
1273 3342 1306 3412 ἥ
1345 3341 1498 3395 ώτων
1539 3343 1619 3406 είς
1652 3341 1834 3395 πίστιν
1859 3340 2048 3411 δεόμε-

470 3451 587 3487 νον⁹
616 3435 676 3488 ού
707 3435 814 3504 γὰρ
845 3435 979 3487 ὀστᾶ
1001 3434 1092 3487 καὶ
1108 3433 1274 3504 νεῦρα
1305 3435 1466 3504 μόνον
1489 3433 1668 3498 εὐθὺς,
1697 3432 1758 3485 τό
1776 3449 1842 3501 γε
1866 3433 2047 3503 παρά-

469 3527 641 3592 δοξον,
685 3527 924 3596 συνῆπτο
963 3526 1098 3597 πρὸς
1127 3525 1352 3596 ἄλληλα,
1387 3525 1522 3580 ἀλλὰ
1563 3525 1656 3579 καὶ
1687 3524 1817 3578 αὐτὸ
1849 3523 1911 3577 τὸ
1939 3523 2048 3576 τῶν

469 3621 765 3690 ὀφθαλμῶν
807 3619 943 3687 φῶς,
977 3619 1006 3672 ὃ
1028 3619 1122 3673 καὶ
1138 3621 1330 3674 τούτου
1357 3615 1803 3688 παραδοξότερον,
1850 3617 1928 3686 τῷ
1957 3634 2049 3670 τυ-

473 3711 588 3782 φλῷ
615 3712 924 3791 ἀπεδέδοτο,
953 3710 1029 3772 ὡς
1063 3711 1155 3765 καὶ
1189 3712 1288 3781 τὴν
1319 3709 1536 3778 γείτονα
1564 3708 1795 3762 θανάτου
1832 3707 2048 3778 πληγὴν

365 3849 378 3857 .
471 3804 684 3875 ἐκείνην
724 3803 861 3874 μετὰ
896 3803 1069 3874 βραχὺ
1118 3801 1474 3866 συνουλῶσαι,
1506 3802 1602 3855 καὶ
1633 3800 1731 3864 τὰς
1772 3801 1924 3871 ὄψεις
1959 3802 2049 3871 ἑρ-

474 3898 701 3969 ρὦθαι,
732 3897 860 3966 μιᾶς
892 3895 1104 3966 καρπὸν
1130 3895 1296 3966 εὐχῆς
1332 3893 1526 3963 διπλῆν
1562 3893 1856 3964 θεραπείαν
1889 3909 2050 3963 κομι-

473 3985 712 4055 σαμένῳ.
741 3985 916 4055 Ὅπερ
944 3984 1021 4054 τῷ
1050 3986 1205 4055 ταχεῖ
1228 3987 1323 4052 τῆς
1347 3985 1532 4054 φήμης
1560 3983 1745 4055 πτερῷ
1771 3984 2047 4054 πανταχοῦ

472 4077 666 4150 ἀθρόον
694 4076 1046 4146 διαφοιτῆσαν
1063 4110 1079 4140 ,
1105 4076 1276 4130 πολλὰ
1301 4075 1636 4146 πανταχόθεν
1665 4075 1842 4147 πλήθη
1870 4076 2049 4130 ποικί-

472 4167 591 4232 λαις
642 4169 817 4230 νόσοις
867 4167 1245 4239 κατεχομένων
1301 4168 1452 4238 παρὰ
1509 4168 1601 4222 τὸν
1641 4168 1831 4237 ’Δγιον
1877 4169 2048 4222 ἐποίει

474 4262 714 4332 συρρεῖν,
750 4259 844 4324 οὒς
883 4262 1092 4324 ἐκεῖνος
1124 4262 1256 4332 εὐχῇ
1301 4261 1396 4315 καὶ
1427 4261 1708 4331 σφραγῖδι,
1740 4260 1822 4333 τῷ
1853 4279 1912 4314 τε
1947 4278 2046 4328 με-

2140 420 2336 475 ferreis
2357 419 2722 489 compedibus
2752 421 3262 490 constringebatur,
3325 422 3589 476 narravit.
3651 423 3717 475 iit

2133 521 2255 565 tum
2273 509 2495 580 quidem
2528 511 2643 565 suis
2673 509 2918 579 sociique
2949 511 3213 565 :crumnis
3243 512 3715 582 illacrymabatur,

2135 602 2339 656 deinde
2369 601 2560 656 animo
2586 601 2731 657 inter
2752 602 3065 673 hujusmodi
3083 604 3428 658 narrationes
3453 613 3714 669 :estuaus,

2137 709 2203 747 ex
2234 693 2432 748 intimo
2461 694 2629 749 corde
2667 710 2872 749 nomen
2924 694 3101 747 sancti
3158 694 3420 749 invocat:
3472 705 3531 748 ut
3583 695 3721 750 dura

2140 783 2230 838 illa
2279 784 2546 838 servitute
2596 785 2895 846 laxaretur,
2967 793 3262 854 precatur;
3323 799 3424 854 per
3483 784 3722 838 mediam

2136 874 2506 927 Barbarorum
2557 875 2772 928 turbam
2835 875 3129 944 pervadit;
3189 891 3256 929 ac
3325 875 3548 930 nemine
3611 892 3722 928 uno

2139 963 2438 1032 prohibere
2470 971 2565 1016 aut
2590 963 2831 1017 retinere
2876 973 3102 1026 conato,
3143 963 3458 1018 libertatem
3519 980 3718 1019 conse-

2141 1055 2352 1123 quitur.
2390 1055 2522 1107 Rem
2571 1069 2768 1106 novam
2824 1053 3063 1115 intuitus
3106 1054 3284 1115 mites,
3343 1055 3713 1125 credensque,

2137 1145 2332 1198 eadem
2365 1144 2417 1196 in
2445 1159 2503 1197 se
2531 1159 2751 1213 quoque
2785 1155 3033 1197 sanctum
3069 1159 3251 1212 posse,
3281 1145 3568 1199 confestim
3608 1163 3718 1200 nan

2141 1237 2260 1290 sine
2323 1237 2582 1306 lacrymis
2631 1235 2933 1289 exclamat:
3006 1235 3236 1289 Domine
3293 1236 3420 1290 Jesu
3477 1237 3716 1300 Christo,

2139 1328 2287 1380 Deus
2320 1327 2504 1380 famuli
2541 1327 2617 1380 tui
2651 1326 2965 1396 Symeonis,
3002 1326 3155 1396 eripe
3185 1342 3270 1380 me
3295 1343 3324 1380 e
3354 1326 3720 1383 Barbarorum

2143 1418 2400 1474 manibus
2461 1427 2516 1471 et
2580 1417 2936 1471 acerbissima
2993 1418 3094 1472 hac
3139 1417 3422 1472 SCI‘\llUlC.
3475 1420 3635 1474 llisce
3689 1438 3719 1475 e

2142 1510 2308 1563 corde
2329 1509 2528 1562 aillicto
2559 1510 2803 1578 prolatis.
2827 1510 3070 1581 (Domine
3091 1511 3228 1563 Deus
3251 1513 3524 1577 virtutum,
3550 1520 3720 1584 ecquis

2141 1603 2329 1656 similis
2348 1612 2422 1655 est
2447 1603 2522 1654 tui
2549 1602 2658 1670 “‘i)
2690 1603 2838 1656 illico
2868 1602 3057 1656 ferreae
3101 1605 3396 1673 compedes
3427 1605 3480 1660 in
3515 1615 3716 1662 terram

1001 1705 1114 1768 ὀξεῖ
1199 1703 1278 1774 τῷ
1343 1703 1463 1756 ποδὶ
1533 1704 1658 1765 τοὺς
1723 1700 2033 1771 βαρῦάρους

2145 1694 2478 1755 ceciderunt,
2515 1703 2569 1747 et
2601 1694 2714 1764 ipse
2753 1696 2919 1749 celeri
2969 1697 3137 1765 gradu
3173 1713 3272 1766 per
3295 1699 3538 1754 _medios
3583 1701 3718 1754 Bar-

2140 1786 2308 1838 baros
2337 1784 2576 1838 evadeus
2604 1785 2656 1837 in
2684 1785 2914 1853 patriam
2942 1785 3158 1842 delatus
3184 1798 3304 1854 est;
3332 1805 3394 1844 ac
3422 1800 3717 1861 postquam

2140 1875 2400 1930 rediisset
2469 1877 2636 1931 malis
2699 1885 2863 1947 atque
2942 1880 3206 1934 aerumnis
3262 1880 3436 1946 liber,
3503 1882 3718 1954 singula

2140 1969 2345 2024 diserte
2379 1969 2681 2024 enarravit.

2216 2061 2304 2116 68.
2346 2061 2525 2117 Senex
2560 2062 2782 2132 quidam
2814 2073 2933 2118 erat
2963 2064 3140 2119 oculis
3178 2075 3392 2135 captus,
3451 2069 3543 2138 qui
3573 2071 3728 2140 juxta

2144 2154 2285 2207 viam
2316 2153 2517 2207 sedens
2549 2155 2894 2210 mendicabat
2922 2157 3157 2226 stipem:
3195 2167 3314 2212 erat
3347 2168 3532 2215 autem
3566 2162 3730 2231 pauio

2147 2247 2284 2301 infra
2317 2248 2714 2303 monasterium
2746 2249 2879 2318 (15),
2915 2249 3137 2320 quando
3161 2266 3226 2305 ex
3257 2250 3555 2322 improviso
3601 2254 3731 2309 illuc

2148 2341 2417 2389 venerunt
2442 2334 2664 2390 Barbari
2699 2355 2711 2389 :
2737 2351 2972 2406 quorum
2994 2353 3137 2392 unus
3170 2342 3252 2408 (ut
3271 2347 3355 2394 est
3379 2341 3539 2396 turba
3560 2341 3647 2396 illa
3673 2360 3728 2397 ιιι

2145 2424 2347 2480 eaedem
2381 2435 2657 2496 prompta,
2685 2437 2740 2481 et
2773 2429 3007 2482 aliorum
3045 2430 3328 2485 interitum
3359 2441 3575 2501 gratum
3621 2434 3730 2488 sibi

2142 2515 2326 2570 lusum
2355 2516 2616 2586 reputat),
2645 2531 2774 2571 ense
2802 2517 2854 2570 in
2881 2519 3134 2589 jugulum
3166 2519 3432 2584 demisso,
3468 2524 3730 2579 lethalem

2148 2606 2265 2660 seni
2290 2607 2500 2676 plagam
2524 2607 2752 2678 infligit:
2779 2609 2872 2678 qui
2904 2609 2976 2663 ita
3001 2611 3454 2683 sauciusjacebat
3473 2614 3729 2686 elinguis,

2146 2697 2346 2767 exiguo
2371 2705 2580 2751 tantum
2599 2698 2794 2767 spiritu
2816 2700 2908 2768 qui
2939 2711 3226 2770 supererat
3247 2703 3574 2772 prohibente
3591 2722 3730 2775 quo-
3795 2747 3802 2749 -

2146 2789 2332 2844 minus
2354 2789 2559 2845 obiisse
2590 2790 2930 2845 crederetur.
2962 2792 3132 2858 Quam
3154 2810 3267 2848 rem
3296 2797 3514 2851 interno
3533 2799 3732 2868 spiritu

2145 2895 2487 2950 cognoscens
2545 2880 2782 2937 famulus
2841 2883 2971 2948 Dei,
3029 2885 3363 2954 quibusdam
3429 2891 3728 2960 praecepit,

2151 2971 2429 3025 sublatum
2464 2987 2650 3026 senem
2692 2974 2756 3027 ad
2795 2989 2852 3028 se
2886 2984 2944 3029 ut
2989 2976 3380 3046 deportarent:
3418 2997 3529 3050 quo
3564 2981 3732 3048 facto,

2148 3075 2428 3134 acceptam
2463 3074 2663 3120 terram
2700 3076 2866 3137 atque
2894 3084 3090 3138 aquam
3126 3069 3431 3134 benedixit,
3470 3084 3528 3128 et
3561 3073 3730 3130 disci!-

2147 3155 2404 3224 pulorum
2452 3156 2650 3227 aliquis
2703 3159 2920 3212 vulneri
2981 3160 3296 3230 applicavit.
3355 3163 3493 3217 Ecce
3544 3174 3732 3219 autem

2149 3247 2500 3314 miraculum,
2533 3265 2647 3304 non
2678 3257 2784 3304 tam
2837 3264 2998 3306 aures
3030 3266 3194 3321 quam
3227 3253 3420 3309 oculos
3453 3255 3520 3310 ad
3567 3255 3731 3311 fidem

2149 3338 2453 3395 faciendam
2505 3342 2834 3412 requirens:
2874 3359 3050 3412 neque
3086 3345 3235 3399 enim
3270 3361 3393 3401 ossa
3445 3349 3623 3402 solum
3675 3365 3731 3402 et

2148 3431 2328 3493 nervi,
2345 3431 2491 3500 quod
2517 3432 2695 3501 ipsum
2720 3433 2854 3486 satis
2875 3433 3147 3498 mirabile,
3175 3436 3359 3489 statim
3384 3436 3732 3493 cohmserunt

2151 3520 2294 3574 inter
2340 3537 2429 3582 se;
2464 3521 2559 3575 sed
2594 3523 2762 3577 etiam
2795 3523 3084 3577 oculorum
3121 3525 3330 3590 lumen,
3373 3528 3522 3596 quod
3571 3529 3732 3598 longe

2151 3616 2478 3682 mirabilius,
2512 3632 2657 3672 careo
2692 3618 3008 3673 restitutum
3051 3616 3143 3673 Est
3187 3637 3199 3672 :
3235 3627 3400 3689 atque
3439 3621 3514 3676 ita
3565 3624 3731 3676 unius

2149 3706 2418 3762 orationis
2443 3707 2682 3762 fructum
2714 3709 2989 3776 geminam
3024 3711 3368 3765 curationem
3414 3715 3624 3780 retulit,
3650 3717 3731 3768 al-

2152 3791 2323 3852 teram
2356 3799 2626 3869 persanati
2659 3800 2872 3854 tantillo
2905 3810 3150 3871 tempore
3189 3803 3428 3858 lethiferi
3465 3807 3728 3869 vulneris,

2149 3890 2374 3944 alteram
2406 3905 2537 3945 usus
2553 3892 2839 3946 oculorum
2859 3894 3086 3963 recepti.
3121 3892 3228 3950 Res
3253 3906 3423 3962 tanta,
3442 3899 3729 3954 velocibus

2150 3980 2308 4036 fama:
2337 3982 2439 4036 alis
2464 3982 2694 4052 perlata,
2742 3983 2949 4053 ubique
2984 3993 3255 4040 terrarum
3283 3989 3468 4043 statim
3500 4005 3726 4059 percrc.

2150 4073 2431 4138 brescens,
2453 4073 2696 4144 undique
2721 4075 2952 4131 diversis
2977 4075 3392 4135 infirmitatibus
3411 4080 3731 4137 laborantes

2149 4179 2311 4233 quam
2339 4165 2610 4233 plurimos
2657 4166 2936 4222 confluere
2969 4167 3037 4222 ad
3075 4179 3328 4224 sanctum
3379 4171 3544 4238 fecit;
3589 4190 3726 4244 quo:

2151 4255 2288 4323 ipse,
2318 4256 2576 4324 precibus
2602 4266 2657 4312 et
2675 4259 2859 4314 crucis
2889 4259 3066 4331 signo,
3106 4259 3159 4314 in
3183 4263 3401 4318 excelso
3424 4274 3479 4320 et
3509 4265 3728 4322 deside-

471 4351 622 4420 γάλῳ
667 4351 762 4403 καὶ
806 4349 1040 4421 ποθεινῷ
1083 4349 1176 4403 τοῦ
1211 4350 1558 4422 Ἐμμανουὴλ
1601 4351 1825 4422 ὀνόματι
1876 4351 2040 4422 θερα-

2149 4349 2305 4403 rabili
2340 4347 2712 4405 Emmanuelis
2738 4351 2957 4406 nomine
2991 4359 3233 4420 sanatos,
3267 4356 3480 4413 dimisit
3503 4346 3728 4414 domum

475 4439 672 4503 πεύων,
705 4440 876 4505 ὑγιεῖς
905 4439 1140 4493 ἀπέλυεν
1167 4441 1485 4509 ἐπανήκειν.

542 4530 636 4596 ξθ⁹.
683 4531 924 4603 Ὀρῶντα
972 4530 1150 4584 τοίνυν
1183 4530 1274 4585 τὸν
1299 4533 1469 4585 πολὺν
1507 4531 1636 4602 περὶ
1677 4532 1841 4586 αὑτὸν
1867 4531 2045 4602 ὄχλον,

473 4622 564 4675 καὶ
619 4623 766 4685 ὅπως
823 4620 1122 4691 ἡσυχάζειν
1162 4621 1263 4676 οὐκ
1315 4618 1460 4692 εἶχεν
1509 4622 1634 4676 ὅσον
1657 4621 1951 4684 πὲϐούλετο,
1986 4623 2047 4676 τὸ

485 4713 862 4766 Ἀποστολικδν
875 4715 1051 4767 ἐκεῖνο
1068 4713 1258 4784 εἰσῄει,
1277 4713 1370 4780 Μή
1391 4729 1515 4780 πως
1526 4713 1739 4781 ἄλλοις
1757 4715 2044 4784 κηρύξας,

469 4801 650 4866 αὐτὸς
666 4800 950 4869 ἀδόκιμος
970 4798 1525 4872 γένωμαιλῐεριενόει
1541 4803 1598 4857 δὲ
1618 4803 1718 4876 ήδη
1746 4803 1839 4856 καὶ
1864 4802 2047 4857 Ἠλίου

470 4892 530 4944 τὸ
558 4891 897 4961 Καρμήλιον,
921 4890 1014 4943 τοῦ
1040 4908 1098 4944 τε
1128 4891 1330 4962 Κυρίου
1357 4892 1513 4964 ἡμῶν
1541 4893 1714 4966 Ἰησοῦ
1746 4895 1842 4965 τὴν
1871 4895 1966 4948 ἐπὶ
1990 4895 2048 4948 τὸ

470 4981 578 5034 τῶν
621 4981 847 5036 Ἐλαιῶν
876 4980 1000 5052 ὅρος
1031 4981 1214 5035 ἄνοδον
1236 5001 1252 5016 ο
1282 4983 1458 5048 ἄλλως
1486 5002 1543 5038 τε
1594 4985 1640 5038 δ’
1676 4982 1744 5057 ἦν
1785 4987 1878 5040 καὶ
1907 4986 2044 5040 Θεοῦ

547 5139 589 5171 ³⁸
625 5140 763 5194 psal.
800 5156 1054 5204 Lxxxvm,
1097 5140 1150 5195 9.
1234 5143 1276 5173 ¹⁵
1328 5141 1502 5198 lCor.
1534 5159 1607 5205 is,
1636 5142 1724 5196 27.

543 5258 656 5331 (12)
675 5258 976 5331 Scholaris,
1005 5276 1084 5331 gr.
1120 5259 1423 5331 σχολάριος.
1461 5259 1630 5331 Erant
1657 5268 1833 5312 autem
1861 5259 2034 5331 Scho-

472 5328 632 5385 lares.
672 5329 914 5399 perfecta:
944 5328 1369 5399 probatwque'in
1394 5328 1528 5383 bello
1563 5330 1767 5383 virtutis
1819 5329 2032 5395 milites,

472 5397 696 5470 promoti
722 5398 792 5451 ad
819 5397 1060 5452 altiorem
1077 5397 1407 5470 dignitatem,
1440 5407 1498 5452 ut
1533 5415 1714 5470 nempe
1751 5400 1819 5454 ad
1861 5409 2037 5454 custo-

471 5468 616 5524 diam
642 5471 979 5540 imperatoris
1007 5468 1161 5540 noctu
1194 5470 1385 5540 diuque
1412 5471 1468 5523 in
1514 5468 2035 5533 auia'versarentur,

472 5549 520 5592 et
549 5539 892 5610 prodeuntem
917 5540 971 5592 in
990 5538 1252 5608 publicum
1288 5538 1694 5611 magniﬁcentia;
1731 5547 1779 5592 et
1818 5551 2038 5594 ornatus

470 5608 632 5664 causa
661 5611 1076 5662 comitarentur:
1102 5619 1280 5679 postea
1312 5608 1488 5663 tamen
1508 5608 1605 5663 illa
1655 5610 1884 5680 dignitas
1933 5627 2038 5664 non

751 5704 1016 5764 ΡΑΤιιοι.
1041 5705 1171 5767 ’(ὶιι.
1216 5707 1554 5794 LXXXVI.

2148 4455 2423 4509 quemque
2465 4454 2640 4494 suam.

2216 4530 2304 4584 69.
2327 4529 2698 4600 Conspicienti
2725 4547 2890 4602 porro
2914 4532 3413 4604 frequentissimam
3436 4540 3643 4595 circum
3671 4557 3728 4595 se

2152 4620 2392 4686 turbam,
2437 4629 2494 4676 et
2525 4621 2789 4692 cogitanti
2819 4623 2967 4693 quod
3016 4627 3220 4680 tantam
3252 4643 3450 4698 capere
3482 4629 3722 4698 quietem

2150 4726 2258 4764 non
2291 4719 2478 4780 posset
2505 4721 2764 4781 quantam
2795 4713 2988 4780 vellet,
3008 4715 3145 4770 illud
3196 4714 3540 4787 Apostoliin
3575 4736 3721 4774 men-

2150 4810 2262 4856 tem
2295 4803 2447 4856 venit
2481 4821 2493 4856 :
2523 4801 2600 4856 Ne
2625 4802 2759 4873 forte
2791 4821 2907 4858 cum
2948 4805 3071 4861 aliis
3101 4809 3458 4878 prwdicavero
3501 4812 3609 4880 ipse
3643 4828 3726 4864 re-

2151 4892 2340 4962 probus
2372 4893 2565 4962 e/ﬁciar
2597 4894 2660 4944 ⁸⁸.
2697 4893 2878 4960 Quare
2915 4896 3170 4951 volvebat
3197 4899 3382 4953 animo
3423 4899 3724 4957 identidem

2149 4996 2204 5042 et
2233 4988 2544 5042 Carmelum
2591 4987 2737 5052 Eliae,
2791 4999 2846 5043 et
2880 5001 3120 5046 montem
3171 4991 3472 5059 Olivarum,
3519 4995 3724 5051 Christi

2141 5263 2558 5339 geuerosiorilius
2597 5262 2793 5339 collata
2834 5266 2955 5339 fuit,
2980 5269 3071 5339 sed
3095 5268 3724 5339 familiaribus;taudem
3807 5279 3822 5298 ‘

2141 5333 2305 5409 etiam
2334 5332 2533 5409 cerialis
2571 5332 2843 5409 proposito
2867 5332 3280 5409 desidiamque,
3332 5332 3725 5409 teste—Agmina

2145 5401 2234 5456 lib.
2268 5402 2487 5473 vi.ﬂVide
2538 5401 2695 5473 plura
2746 5407 2808 5458 de
2857 5407 2990 5462 his'i
3045 5401 3203 5463 'Febr.
3239 5401 3310 5463 ad
3352 5411 3482 5465 Acta
3512 5401 3730 5465 sancto-

2144 5472 2431 5548 rum_MI_I_I
2463 5472 2689 5548 Militum
2709 5475 3027 5548 Martyrum.

2152 5610 2162 5622 .
2216 5541 2661 5622 (‘15)Frequentis
2682 5541 2964 5604 concursu:
3018 5549 3087 5603 ad
3131 5557 3376 5604 sanctum
3428 5551 3547 5616 ﬁeri
3586 5551 3727 5604 sotiti

2145 5613 2398 5666 indicium
2429 5614 2523 5667 hoc
2553 5623 2648 5668 est.

3331 5715 3422 5778 96
