4034 6186
319 257 456 322 3055
1525 253 1585 314 S.
1627 253 1772 312 SYM
1785 251 2005 313 Et)le
2023 247 2028 252 ’
2043 253 2074 314 J
2085 253 2184 312 U.\'
2195 252 2404 312 IORIS
3446 251 3586 316 3tl56

317 393 432 433 uno
452 375 836 432 admirabilius
859 373 1121 436 omnibus
1147 378 1235 428 est
1261 388 1275 425 ι
1299 385 1497 442 nempe
1519 371 1666 441 quod
1695 370 1889 426 exinde

2001 375 2080 433 εἰς
2136 372 2235 440 τὴν
2293 369 2388 423 τοῦ
2433 367 2616 435 Ἀγίου
2669 367 2912 439 μάνδραν
2955 365 3185 436 ἐτησίως
3229 365 3442 434 ἐφοίτα,
3481 367 3588 436 πρὸ

313 469 476 526 statis
505 484 606 539 per
637 481 840 522 annum
879 463 1223 534 temporibus
1259 463 1418 518 solita
1463 461 1782 516 fueritfera
1827 461 1889 515 ad

2007 465 2192 518 πυλῶν
2223 480 2280 514 τε
2305 461 2473 530 αὐτῆς
2505 458 2704 522 ἱκανῶς
2733 459 3064 529 ὡρυόμενος,
3099 459 3193 510 καὶ
3223 458 3288 508 τὶ
3327 461 3423 524 τῆς
3450 458 3584 510 ὑπο·
3627 477 3630 482 ·

315 558 490 613 sancti
543 556 828 610 mandram
861 555 1072 618 venire,
1107 559 1347 622 aptaque
1395 565 1495 621 pro
1525 551 1742 605 foribus
1765 565 1889 605 vofe

2002 553 2180 622 ταγῆς
2235 547 2348 605 οἷον
2396 551 2708 611 ἐπιδεικνὺς
2763 547 2974 602 ἐκεὶθεν
3029 550 3122 599 καὶ
3161 547 3369 616 ἥμερος
3413 547 3492 607 εἰς
3517 547 3588 598 τά

314 651 460 706 edita
513 649 942 705 submissionem
974 661 1038 700 ac
1084 643 1454 699 obedientiam
1494 641 1889 712 quodammodo

2005 647 2182 702 οἰκεῖα
2203 645 2365 699 πάλιν
2392 643 2490 713 ἤδη
2517 641 2732 711 ἐχώρει,
2753 639 2922 692 εῐπου
2946 639 3088 690 τισὶν
3112 639 3214 692 ἀνὰ
3243 637 3340 708 τὴν
3360 637 3478 689 ὁδον
3499 641 3588 689 ’ἐν-

315 741 633 806 testiﬁcari,
703 751 816 796 tum
872 737 998 793 inde
1031 737 1180 792 mitis
1214 745 1269 790 et
1305 733 1602 790 tractabilis
1654 733 1721 788 ad
1771 749 1889 801 pro-

2005 739 2178 810 τύχοι,
2209 737 2348 791 αἰδοῖ
2371 737 2533 789 εἴκων
2557 735 2650 788 καὶ
2682 732 2852 802 αὐτῆς
2890 730 3261 799 ἐξιστάμενος.
3305 737 3310 740 ’

315 834 498 904 prium
555 832 898 887 domicilium
947 828 1164 892 redire,
1217 837 1274 884 et
1317 827 1361 882 si
1401 841 1541 897 quos
1603 825 1744 881 forte
1801 843 1900 895 per

313 927 458 982 viam
513 924 709 978 obvios
741 921 1002 985 habebat,
1061 935 1188 975 cum
1239 918 1615 972 venerationis
1643 917 1800 988 signo
1829 917 1896 970 de
1937 915 2031 971 illa
2066 911 2356 968 decedere.

383 1021 472 1074 74.
507 1019 718 1073 Interea
755 1014 1022 1086 pestilens
1058 1012 1168 1084 (l6)
1203 1013 1430 1066 morbus
1455 1012 1708 1066 homines
1737 1010 1889 1065 inva-

2069 1007 2160 1063 ιδ’.
2197 1009 2284 1060 Ἐν
2317 1006 2492 1075 τούτῳ
2543 1004 2598 1057 δὲ
2630 1002 2886 1070 λοιμικῆς
2919 1000 3076 1052 νόσου
3124 1002 3236 1062 τοῖς
3279 999 3586 1071 ἀνθρώποις

315 1121 482 1170 serat,
507 1109 600 1180 qui
639 1107 824 1170 urbes,
849 1121 1029 1176 agros,
1065 1119 1231 1174 pagos
1261 1103 1536 1164 inliciens,
1569 1101 1889 1170 prmscntem

1999 1100 2404 1170 ἐπισκηψάσης,
2441 1096 2622 1158 πόλεις
2653 1112 2712 1147 τε
2754 1095 2848 1146 καὶ
2873 1093 3076 1162 ἀγροὺς
3099 1093 3194 1144 καὶ
3219 1092 3409 1162 κώμας
3437 1092 3587 1160 φθει-

253 1219 262 1242 δ
315 1201 423 1257 illis
443 1199 710 1254 afferebat
730 1197 1051 1267 perniciem,
1075 1205 1357 1260 artemque
1376 1208 1592 1246 omnem
1613 1193 1889 1247 eludebat.

1999 1193 2198 1262 ρούσης
2229 1189 2470 1260 ἀτεχνῶς
2495 1189 2590 1241 καὶ
2621 1186 3046 1256 λυμαινομένης,
3079 1185 3242 1251 γνοὺς
3263 1184 3292 1236 ὀ
3325 1183 3418 1237 τοῦ
3449 1171 3584 1237 Θεοῦ

313 1291 582 1363 Cognovit
607 1290 701 1344 Dei
736 1288 993 1352 famulus,
1023 1285 1170 1355 quod
1197 1285 1466 1340 Dominus
1499 1285 1764 1338 adversus
1793 1300 1889 1353 po-

1999 1285 2252 1354 θεςάπων
2283 1284 2363 1336 ὅτι
2395 1281 2644 1351 ὠργίσθη
2672 1279 2830 1349 θυμῷ
2853 1279 3058 1348 Κύριος
3086 1278 3178 1329 ἐπὶ
3209 1276 3302 1328 τὸν
3325 1277 3457 1330 λαὸν
3483 1278 3586 1330 αύ-

315 1385 506 1454 pulum
531 1397 690 1437 suum
721 1380 798 1434 ira
825 1393 1125 1434 succensus
1151 1385 1296 1431 esset
1327 1394 1340 1429 :
1367 1385 1654 1446 [artusque
1680 1377 1889 1430 n-isera-

1999 1378 2116 1439 τοῦ,
2141 1377 2212 1430 τά
2233 1394 2293 1429 τε
2327 1375 2612 1444 σπλάγχνα
2635 1371 2824 1428 παθὼν
2863 1373 2950 1425 ἐπ’
2981 1373 3185 1436 αὐτοῖς,
3215 1373 3462 1441 μιμεῖται
3491 1371 3584 1424 τὸν

315 1475 464 1529 tione
481 1487 694 1536 eorum,
721 1469 1030 1539 exemplum
1065 1467 1301 1520 Phinees
1331 1466 1446 1536 (l7)
1469 1466 1669 1518 imitari
1693 1464 1889 1518 consti-

1997 1471 2181 1534 Φινεὲς
2215 1470 2308 1522 καὶ
2339 1469 2523 1532 αὐτὸς,
2551 1467 2642 1518 καὶ
2667 1467 2856 1535 χεῖρας
2889 1464 3218 1534 ἱκετηρίους,
3250 1466 3298 1516 εἰ
3327 1462 3584 1532 βούλειδὲ

317 1567 455 1632 ιυίι;
501 1581 564 1619 ac
596 1563 870 1633 supplices
901 1576 994 1616 seu
1036 1559 1219 1629 potius
1249 1556 1660 1626 propitiatorias
1703 1571 1889 1609 manus

2003 1560 2374 1632 ἱλαστηρίους,
2408 1557 2651 1618 ἐκτείνας
2671 1555 2810 1622 θεῷ,
2835 1555 2995 1624 μέχρι
3023 1551 3212 1606 τούτου
3242 1552 3312 1606 τά
3332 1551 3432 1622 τῆς
3447 1553 3584 1621 πλη-

301 1659 380 1714 ιιιᾰ
419 1659 586 1712 Deum
623 1655 876 1718 tetendit,
902 1653 1077 1707 donec
1099 1651 1243 1704 luem
1276 1657 1615 1719 grassantem
1649 1648 1889 1710 sisteret,

1997 1653 2102 1723 γῆς
2128 1653 2330 1728 ἵστησι,
2359 1650 2556 1720 μηκέτι
2585 1647 2897 1718 περαιτέρω
2924 1645 3125 1714 ταύτην
3159 1643 3376 1698 ὁδεῦσαι
3408 1662 3583 1714 παρα-

309 1759 368 1803 et
393 1745 648 1818 progredi
679 1744 914 1798 ulterius
939 1741 1278 1812 prohiberet.
1299 1738 1414 1805 Qua
1447 1738 1502 1791 in
1537 1753 1596 1792 re
1615 1753 1724 1791 non
1759 1737 1892 1791 illud

313 1845 526 1891 tantum
579 1833 944 1889 admiratione
1003 1830 1252 1901 dignum,
1289 1827 1436 1898 quod
1487 1827 1702 1882 obicem
1751 1827 1895 1880 m'alo

311 1927 592 1998 posuerit;
625 1924 718 1978 sed
757 1922 889 1976 illud
935 1935 1154 1990 quoque
1185 1919 1270 1972 vel
1319 1918 1574 1982 maxime,
1609 1915 1759 1986 quod
1815 1916 1894 1970 iiii

311 2019 476 2072 etiam
539 2017 664 2070 data
725 2015 799 2070 sit
856 2012 1032 2084 gratia
1087 2009 1320 2065 curandi
1363 2017 1664 2064 contactos.
1739 2008 1891 2062 Multi

313 2118 516 2186 quippe
568 2131 634 2169 ex
669 2113 762 2167 illo
805 2122 1054 2181 tempore
1085 2107 1354 2178 ejusmodi
1401 2105 1594 2159 morbo
1627 2105 1890 2173 correpti,

223 2231 229 2234 ·
315 2205 758 2264 invocatosancti
783 2202 1067 2276 Symconis
1097 2199 1338 2262 nomine,
1359 2198 1690 2252 videbantur
1715 2197 1892 2266 ipsum

313 2299 463 2352 domi
496 2312 608 2352 suae
631 2289 1366 2356 intueri,velutaﬂ‘ercntcm
1402 2287 1512 2356 (res
1533 2286 1724 2352 mira!)
1747 2301 1892 2338 mor-

313 2389 462 2443 bidis
505 2385 773 2440 medelam
815 2397 879 2436 ac
921 2381 1232 2436 sanitatem.
1273 2378 1338 2431 Et
1369 2391 1503 2429 vero
1533 2375 1674 2428 visio
1714 2375 1894 2444 reipsa

313 2480 619 2542 constabat,
649 2493 713 2530 ac
734 2475 936 2530 veritas
953 2469 1495 2542 repraesentationcm
1519 2468 1722 2521 mentis
1743 2481 1894 2520 com-

311 2573 617 2646 probabat,
665 2567 818 2624 omni
849 2563 1190 2621 inﬁrmitatis
1219 2563 1480 2631 languore
1507 2577 1535 2612 a
1569 2559 1895 2628 corporibus

312 2664 565 2736 depulso.
599 2661 752 2715 Multi
787 2672 1006 2728 quoque
1039 2651 1163 2708 aliis
1191 2660 1357 2721 atque
1389 2650 1512 2704 aliis
1543 2649 1892 2719 aegritudini:

313 2759 417 2812 bus
471 2753 866 2821 doloribusque
919 2747 1136 2819 pressi,
1181 2745 1406 2800 lucerna
1469 2742 1618 2796 domi
1664 2756 1892 2796 accensa

311 2847 608 2914 ohlatoque
665 2841 1022 2912 thymiamate
1051 2877 1064 2901 ,
1123 2835 1226 2891 Dei
1290 2849 1390 2904 per
1445 2829 1891 2886 intercessionem

312 2937 498 2992 famuli
517 2936 638 3006 ejus
657 2949 814 3003 opem
829 2930 1161 3003 poscebant.
1188 2937 1244 2982 et
1268 2923 1556 2980 doloribus
1575 2921 1894 2976 eximeban-

313 3041 422 3084 tur.
461 3027 743 3095 Quotquot
767 3039 900 3078 vero
927 3022 1034 3076 olei
1056 3017 1397 3074 laborabant
1425 3012 1680 3086 penuria,
1707 3009 1890 3066 tantil-

311 3121 424 3175 lum
450 3118 581 3189 quid
607 3117 712 3172 sibi
735 3121 1142 3185 comparantes,
1170 3107 1548 3165 accendebant
1580 3103 1886 3176 lampadem

313 3215 368 3268 in
398 3213 574 3269 sancti
607 3209 852 3272 nomine,
886 3215 941 3262 et
973 3205 1158 3259 triduo
1191 3198 1555 3270 consequenti
1603 3196 1888 3251 autetiam

309 3305 606 3378 quatriduo
639 3305 967 3373 plerumque
998 3299 1185 3369 (quam
1223 3289 1569 3350 admirabilis
1601 3291 1658 3344 in
1686 3288 1891 3348 sanctis

311 3395 427 3452 suis
453 3396 654 3460 Deus!)
685 3393 874 3446 lumen
919 3404 1028 3442 non
1059 3383 1554 3455 esstinguebatur:
1591 3381 1737 3454 quod
1783 3379 1889 3433 mi—

313 3487 626 3542 raculosum
668 3481 998 3538 beneficium
1019 3475 1302 3546 ii.quibus
1337 3475 1634 3544 obtigerat,
1666 3471 1733 3526 ad
1756 3485 1885 3526 san-

312 3589 459 3634 clum
495 3595 616 3634 mox
649 3577 939 3638 abeuntes,
970 3569 1396 3625 aununtiabant.

1997 1745 2276 1816 χωρήσας.
2309 1741 2423 1796 Καὶ
2465 1741 2526 1794 οὐ
2557 1738 2713 1793 τοῦτο
2747 1737 2906 1808 μόνον
2951 1737 3225 1807 θαυμάσαι
3257 1735 3430 1801 ἄξιον,
3463 1735 3581 1788 ἀλλ’

1996 1836 2078 1888 ὅτι
2112 1837 2206 1888 καὶ
2241 1834 2309 1886 τὰ
2339 1833 2437 1902 τῆς
2471 1831 2666 1892 ἰάσεως
2705 1828 2855 1899 αὐτῷ
2889 1828 3101 1880 δέδοτοο
3147 1826 3331 1880 πολλοὶ
3367 1828 3474 1898 γὰρ
3519 1827 3576 1893 ἐξ

1997 1927 2204 1978 ἐκείνου
2231 1923 2338 1976 τῶν
2369 1923 2474 1976 ὑπὸ
2501 1921 2601 1990 τῆς
2623 1919 2881 1988 τοιαύτης
2911 1918 3065 1970 νόσου
3096 1916 3572 1987 κατειλημμένων,

1995 2017 2055 2070 το
2083 2015 2178 2068 τοῦ
2215 2014 2360 2068 θείου
2409 2010 2632 2082 Συμεὼν
2663 2008 3085 2079 ἐπικαλούμενοι
3117 2007 3314 2076 ὄνομα,
3353 2007 3573 2060 ἐδόκουν

1993 2105 2132 2164 οἴκοι
2172 2105 2358 2159 τοῦτον
2412 2105 2544 2175 όρᾷν
2571 2101 2650 2174 (ὣ
2677 2101 2768 2155 τοῦ
2799 2100 3145 2170 θαύματοςι)
3177 2101 3576 2170 ἐπισκεπτόμε-

1996 2217 2086 2258 νον
2117 2201 2306 2269 ὥσπερ
2336 2198 2430 2252 καὶ
2457 2197 2556 2266 τὴν
2579 2196 2730 2248 νόσον
2759 2195 2940 2256 αὐτοῖς
2981 2191 3354 2262 θεραπεύοντα
3379 2209 3391 2222 ·
3419 2193 3514 2244 καὶ
3539 2194 3572 2261 ή

1995 2292 2117 2362 ὄψις
2146 2291 2306 2363 ἔργον
2327 2285 2416 2360 ἦν,
2443 2290 2537 2340 καὶ
2567 2289 2666 2356 τὴν
2697 2284 2996 2353 φαντασίαν
3023 2283 3253 2353 ἀλήθεια
3287 2282 3570 2352 διεδέχετο,

1995 2383 2090 2436 καὶ
2120 2381 2219 2450 τὴν
2243 2381 2398 2435 νόσον
2437 2376 2600 2438 εὐθὺς
2639 2373 2978 2428 ἀπετίθεντο.
3023 2373 3214 2425 Πολλοὶ
3243 2371 3298 2423 δὲ
3341 2372 3572 2424 καὶτῶν

1995 2472 2203 2542 ἑτέροις
2235 2469 2434 2523 πάθεσι
2473 2469 2565 2520 καὶ
2603 2467 2779 2527 νόσοις
2815 2464 3180 2531 ἐταζομένων,
3205 2462 3429 2530 λυχνίαν
3453 2461 3574 2516 κατ’

1993 2563 2140 2618 οἷκον
2171 2564 2454 2623 ἆπτοντες,
2492 2557 2744 2628 θυμίαμά
2771 2573 2831 2608 τε
2851 2553 3278 2624 προσφέροντες,
3303 2553 3392 2606 διὰ
3421 2553 3576 2622 μεσί-

1992 2674 2087 2710 του
2137 2656 2224 2710 τὸν
2264 2653 2398 2706 Θεὸν
2437 2650 2530 2704 τοῦ
2566 2649 2769 2702 οἰκείου
2813 2647 3143 2718 θεράποντος
3187 2644 3575 2712 ἐπεκαλοῦντο,

1977 2747 2089 2802 ’καὶ
2119 2746 2214 2802 τοῦ
2248 2743 2547 2807 λυποῦντος
2607 2741 2840 2802 ἕκαστος
2873 2738 3282 2810 ἀπηλλάττετο·
3329 2738 3474 2802 ὅσοις
3517 2739 3576 2792 δὲ

1990 2841 2088 2896 ,τοῦ
2115 2841 2214 2912 μέν
2227 2837 2569 2911 ἀρκοῦντοςῆ
2590 2833 2714 2904 χεὶρ
2743 2831 2925 2884 ἐλαίου
2959 2829 3176 2900 ἠπόρει,
3217 2828 3387 2901 βραχὺ
3423 2829 3480 2883 δέ
3521 2847 3552 2882 τ

1995 2929 2308 3000 πορίζοντες
2357 2925 2588 2989 ἑαυτοῖς,
2619 2921 2843 2994 λυχνίαν
2878 2919 2966 2974 ἐπ’
2999 2920 3226 2991 ὀνόματι
3249 2919 3342 2973 τοῦ
3389 2919 3573 2988 Ἀγίου

1994 3021 2186 3097 ἦπτον,
2226 3023 2304 3084 εἰς
2327 3019 2518 3090 τρίτην
2547 3016 2672 3087 ἑξῆς
2701 3015 2938 3087 ἡμέραν,
2963 3013 2996 3084 ἢ
3025 3014 3120 3068 καὶ
3147 3014 3415 3084 τετάρτην
3435 3013 3573 3085 αὐτῇ

1997 3115 2065 3172 τὰ
2097 3111 2262 3167 πολλὰ
2287 3111 2382 3181 (ὠς
2411 3107 2723 3178 θαυμαστὸς
2767 3109 2796 3159 ὁ
2846 3105 2980 3168 Θεὸς
3013 3107 3202 3168 ἐντοῖς
3234 3105 3438 3174 Ἀγίοις
3473 3106 3572 3158 αὖα

1997 3205 2091 3258 τοῦ
2117 3202 2171 3272 ι)
2203 3201 2263 3254 τδ
2290 3199 2405 3268 φῶς
2439 3199 2540 3250 οὐκ
2572 3193 2877 3248 ἐσϐέννυτο·
2911 3195 3052 3264 ειπερ
3073 3194 3122 3246 οί
3145 3194 3252 3247 τῶν
3277 3193 3572 3265 θαυμάτων

1997 3295 2360 3355 ἀπολαύοντες
2393 3290 2621 3354 τούτων,
2663 3290 2812 3360 παρᾶ
2850 3289 2942 3342 τὸν
2983 3289 3174 3358 ’Δγιον
3207 3286 3367 3354 εὐθὺς
3397 3287 3576 3342 ἀνιόν-

1997 3408 2084 3456 τες
2107 3384 2468 3457 ἀπήγγελλον.

523 3811 893 3866 Pra'dietiones
922 3802 1336 3872 variw;inﬁrmi
1368 3801 1431 3856 ab
1455 3797 1656 3870 angelis
1684 3797 1754 3851 ad
1775 3805 2030 3849 sanctum
2057 3790 2366 3861 Symeonem
2397 3785 2540 3840 missi
2565 3782 2967 3850 ;-misericordia
2987 3783 3042 3836 in
3073 3769 3377 3852 pauperes.

333 3945 336 3950 '
381 3927 468 3980 73.
507 3917 1162 3990 Convocatis-aliquando
1201 3917 1305 3972 sub
1332 3916 1563 3987 hymnos
1589 3909 1889 3967 matutinos

309 4015 603 4072 fratribus:
621 4011 878 4074 Oremus,
900 4011 1104 4090 inquit,
1134 4008 1354 4072 fratres,
1376 4021 1478 4076 pro
1499 4003 1742 4060 Ecclesia
1759 4001 1884 4056 Dei:

309 4107 557 4178 pontifex
605 4105 808 4176 quippe
835 4103 990 4158 illius
1027 4099 1375 4170 Ephraar'nius
1409 4095 1526 4167 (l8)
1567 4107 1887 4164 supremum

309 4201 452 4253 diem
487 4199 745 4253 obiturus
775 4205 860 4250 est
899 4212 913 4247 :
959 4209 1084 4248 nam
1115 4193 1228 4247 vidi
1257 4205 1359 4262 ego
1389 4203 1479 4245 me
1511 4189 1628 4258 ipse
1683 4188 1738 4242 in
1778 4185 1890 4256 spi-

308 4291 416 4345 ritu
465 4299 701 4344 stantem
746 4286 813 4340 ad
846 4295 1010 4356 caput
1042 4287 1192 4348 lecti,
1229 4299 1338 4355 quo
1369 4281 1704 4336 decumbere
1751 4293 1886 4332 con-

308 4379 521 4444 suevit;
543 4393 608 4432 ac
633 4376 744 4431 dixi
777 4393 790 4428 :
823 4375 912 4430 ναι
944 4375 1066 4429 urbi
1103 4373 1215 4440 isti,
1247 4370 1507 4427 defuncto
1541 4369 1880 4438 Ephrremiol

307 4471 420 4524 vast
454 4471 562 4524 vae!
593 4478 650 4523 et
677 4467 966 4523 decessum
1005 4465 1158 4520 illius
1186 4460 1594 4532 quodammodo
1617 4463 1886 4516 lamenta-

307 4573 398 4615 tus
415 4561 514 4616 t'ui.
537 4559 742 4614 Deinde
759 4557 827 4613 ad
849 4573 934 4612 me
956 4570 1234 4620 reversus,
1257 4553 1613 4609 inventus‘fui
1643 4551 1881 4616 ﬂevisse,

305 4651 616 4708 manifestis
629 4649 1002 4720 lacrymarum
1023 4645 1193 4716 signis
1213 4645 1396 4700 adhuc
1417 4645 1470 4698 in
1497 4645 1652 4715 genis
1671 4642 1886 4696 haeren-

307 4744 472 4798 tibus.
507 4741 646 4796 Tum
681 4755 878 4794 rursus
911 4745 1066 4794 extra
1091 4751 1178 4790 me
1209 4735 1396 4805 rapior
1425 4752 1439 4793 ξ
1483 4742 1542 4788 et
1573 4745 1766 4786 rursus
1802 4730 1886 4783 la-

306 4845 491 4890 menta
517 4833 709 4890 eadem
760 4833 1142 4902 lacrytmeque.
1169 4827 1378 4883 Deinde
1409 4825 1634 4881 tertium
1662 4837 1881 4893 quoque

307 4931 627 4978 recurrente
674 4921 868 4976 eadem
919 4918 1153 4982 visione,
1203 4917 1368 4971 talem
1423 4915 1664 4985 aliquam
1695 4912 1918 4980 audivi,

307 5031 532 5070 vocem:
565 5015 702 5081 Quis
733 5014 888 5068 novit
921 5026 1090 5082 quare
1115 5009 1222 5080 qui
1243 5017 1513 5063 venturus
1565 5019 1652 5062 est
1707 5005 1886 5060 absit?

309 5107 384 5161 Ita
413 5106 646 5178 Symeon
679 5106 744 5160 ad
779 5105 980 5160 fratres
1019 5121 1031 5156 :
1073 5102 1168 5172 qui
1193 5117 1292 5173 per
1321 5100 1474 5155 illum
1529 5108 1747 5168 tempus
1797 5097 1886 5150 in-

315 5198 638 5253 tellexerant
665 5197 732 5251 de
765 5195 1076 5266 Ephraamio
1104 5191 1248 5263 quod
1269 5199 1416 5245 recte
1433 5189 1659 5243 valeret.
1681 5185 1890 5241 Deinde

385 5333 499 5402 (16)
551 5331 736 5402 Hujus-
771 5336 1126 5402 symptomala
1186 5333 1234 5378 et
1275 5323 1708 5402 eirea-ntstqntiq‘s
1781 5319 1887 5400 {ate

313 5389 558 5458 deicriiit
595 5389 998 5466 P'rocopius'lib.
1037 5414 1096 5460 ιι,
1131 5412 1247 5462 cap.
1273 5393 1362 5454 2:2,
1397 5391 1612 5446 debello
1649 5389 1884 5513 Sersico.

313 5483 362 5513 οι
409 5471 662 5513 Euam-tux
713 5471 779 5513 h'h
859 5487 928 5513 w_
980 5485 1096 5513 nm)-
1146 5467 1236 5513 ΞΩ.
1289 5465 1564 5513 Accenisse
1595 5463 1644 5513 vi
1684 5472 1884 5513 eturcx

313 5483 362 5527 et
405 5471 662 5542 Euagrius
713 5463 801 5524 lib.
838 5487 932 5542 itv,
980 5485 1096 5537 cap.
1146 5467 1236 5521 ‘29.
1289 5465 1564 5534 Accepisse
1595 5463 1886 5516 uideturcx

315 5541 624 5612 Theophane
661 5557 801 5595 anno
833 5541 956 5612 542.

385 5601 498 5682 (l7)
530 5611 592 5665 In
644 5627 702 5665 ea
756 5611 973 5672 scilicet.
1031 5606 1169 5682 quod
1231 5605 1372 5682 iram
1414 5601 1509 5656 Dei
1556 5601 1886 5682 interierith

307 5669 538 5754 populi};
571 5697 673 5735 non
711 5689 880 5734 autem
910 5669 970 5732 in?
999 5669 1188 5730 m'odo:
1228 5675 1448 5728 Phinees
1491 5673 1628 5724 enim
1679 5669 1881 5740 gladio,

2061 3912 2154 3958 oa'.
2213 3903 2349 3956 Ποτέ
2403 3901 2532 3968 γοῦν
2579 3900 2704 3968 περὶ
2745 3898 2870 3961 τοὺς
2921 3898 3175 3960 ἑωθινοὺς
3213 3895 3416 3966 ὕμνους
3445 3897 3574 3961 τοὺς

1969 3989 2252 4064 ’ἀδελφοὺς
2283 3991 2645 4058 συγκαλέσας·
2693 3985 3152 4058 Προσευξώμεθα,
3196 3989 3380 4057 φησιν,
3409 3987 3571 4040 ἀδελ.

1993 4089 2104 4156 φοὶ,
2151 4086 2279 4155 περὶ
2321 4084 2416 4152 τῆς
2467 4082 2560 4134 τοῦ
2597 4079 2734 4133 Θεοῦ
2779 4078 3102 4150 Ἑκκλησίας
3125 4095 3140 4110 ο
3175 4079 3360 4148 μέλλει
3397 4079 3506 4150 γὰρ
3541 4081 3576 4131 ὁ

1989 4177 2194 4246 ταύτης
2239 4174 2529 4246 ἀρχιερεὺς
2597 4172 2919 4242 Ἐφραίμιος
2997 4171 3289 4223 καταλύειν
3337 4171 3436 4242 ἥδη
3479 4174 3572 4224 τὸν

1997 4267 2128 4337 βίον.
2160 4265 2413 4334 Ἑώρακα
2441 4263 2550 4332 γὰρ
2587 4263 2822 4333 ἐμαυτὸν
2856 4263 2913 4314 ἐν
2931 4266 2998 4333 τῇ
3026 4261 3252 4331 δυνάμει
3275 4264 3365 4316 τοῦ
3394 4263 3569 4316 [Ινεύ-

1999 4373 2166 4426 ματος
2194 4355 2402 4408 ἐστῶτα
2439 4354 2574 4424 πρὸς
2609 4352 2818 4422 κεφαλῇ
2839 4353 2940 4421 τῆς
2965 4351 3174 4423 κλίνης,
3205 4353 3288 4421 ἐφ’
3372 4353 3572 4406 καθεύ-

1986 4450 2102 4504 δειν
2147 4447 2352 4511 εἰώθει,
2375 4446 2495 4498 καί·
2519 4445 2658 4498 Οὐαὶ
2703 4445 2770 4515 τῇ
2801 4443 2956 4496 πόλει
2993 4444 3188 4516 ταύτῃ,
3207 4443 3451 4512 λέγοντα,
3472 4445 3568 4498 σοῦ

1989 4538 2374 4610 ἐκδημοῦντος,
2397 4537 2542 4598 οὐαὶ,
2571 4537 2664 4589 καὶ
2689 4536 2788 4606 τὴν
2817 4533 2983 4589 αὐτοῦ
3021 4537 3351 4606 μετάστασιν
3382 4535 3572 4607 ὥσπερ

1990 4632 2442 4701 ἀποκλαιόμενον.
2487 4629 2573 4682 Ἐν
2605 4627 2828 4698 ἐμαυτῷ
2855 4629 3034 4682 τοίνυν
3069 4629 3383 4698 γενόμενος,
3409 4628 3572 4698 εὑρέ-

1992 4724 2092 4796 θην
2119 4721 2542 4792 δεδακρυμένος,
2572 4719 2793 4772 ἐπὶτῶν
2843 4719 3086 4790 παρειῶν
3131 4737 3190 4772 τε
3237 4719 3418 4789 φέρων
3458 4719 3572 4773 τῶν

1989 4813 2240 4883 δακρύων
2277 4811 2347 4864 τὰ
2392 4809 2535 4881 ῐχνη.
2573 4808 2814 4878 Δευτέρα
2847 4807 3136 4876 τοιγαροῦν
3181 4807 3438 4869 ἔκστασις
3480 4807 3570 4858 ἐπ’

1987 4905 2108 4974 ἐμὲ,
2141 4904 2235 4957 καὶ
2277 4902 2440 4956 πάλιν
2471 4903 2521 4953 οἱ
2559 4899 2717 4952 αὐτοὶ
2753 4898 2962 4968 θρῆνοι,
2997 4900 3090 4952 καὶ
3135 4899 3294 4952 πάλιν
3335 4899 3570 4968 δάκρυα.

1987 4992 2122 5050 Εἶτα
2143 4993 2420 5065 καὶ-τρίτη
2451 4989 2708 5063 περὶτῶν
2729 4989 2908 5042 αὐτῶν
2935 4989 3078 5058 ὄψις,
3106 4991 3200 5042 καί
3229 5007 3320 5060 μοι
3345 4989 3574 5058 τοιαύτη

1987 5109 2070 5154 τις
2099 5092 2366 5160 ¹ίριουστα.ι
2395 5086 2580 5155 φωνή·
2617 5083 2713 5145 Τίς
2741 5077 2882 5136 οἶδεν
2908 5081 3030 5134 ὅθεν
3069 5083 3097 5134 ὁ
3128 5082 3418 5152 ἐρχόμενος
3445 5081 3570 5150 εῐη;

1991 5183 2178 5236 Ταῦτα
2202 5183 2229 5234 ὁ
2262 5180 2360 5250 μὲν
2389 5178 2599 5248 εἰρήκει
2636 5176 2750 5237 τοῖς
2779 5173 3025 5242 ἀδελφοῖς
3052 5191 3065 5204 ·
3099 5175 3148 5226 oi
3176 5173 3234 5226 δέ
3266 5171 3572 5244 τηνικαῦτα

1987 5326 2042 5368 ιιι
2069 5317 2262 5370 dicitur
2295 5315 2514 5370 Numer.
2550 5311 2642 5376 25,
2675 5307 2900 5380 Symcou
2963 5323 3082 5362 vero
3147 5309 3386 5376 precibus
3439 5325 3568 5363 usus

1986 5387 2223 5456 placavit
2249 5385 2459 5456 Deum.
2618 5455 2624 5456 γ
2747 5447 2778 5456 η
2886 5447 2898 5456 _
2967 5431 3006 5456 Δ,

2061 5457 2170 5526 (18)
2193 5455 2324 5511 Cum
2357 5455 2627 5524 Epiri-(emi
2662 5447 2932 5526 ordinatio
2957 5449 3101 5526 facta
3145 5451 3214 5502 sit
3239 5449 3428 5526 saltem
3467 5463 3570 5500 an.

1985 5518 2076 5578 no'
2099 5518 2222 5584 5°27.
2256 5533 2304 5578 ct
2331 5528 2372 5578 is
2395 5518 2592 5595 passim
2621 5525 2833 5576 dicatur
2870 5518 2934 5570 18
2962 5523 3116 5574 annis
3159 5520 3375 5578 sedi~zse.
3421 5533 3566 5574 ιιιιιιο

1987 5597 2090 5651 545
2123 5597 2306 5650 abiisse
2342 5611 2458 5648 eum
2491 5602 2716 5663 oportet.
