4034 6186
457 209 600 274 3057-

1467 215 1638 276 γιΤΑ
1682 227 1726 274 Α
1765 213 2200 274 NICEPHORO
2237 212 2699 275 CONSCRIPTA

3567 215 3703 278 3953

463 329 558 402 μὲν
584 326 848 383 ἐπύθοντο
877 329 1006 399 περὶ
1051 330 1376 402 Ἐφραιμίου
1407 329 1482 394 ὡς
1517 331 1772 398 ὑγιαίνοι.
1794 331 1948 386 Μετὰ
1975 331 2031 384 δὲ

2141 328 2493 384 illucescente
2533 330 2642 399 jam
2690 328 2921 402 V‘eneris
2961 328 3071 393 die,
3127 329 3452 384 convocavit
3519 332 3706 387 denuo

455 419 628 473 ταῦτα
659 420 893 480 καλέσας
917 422 1072 484 αὖθις
1113 425 1141 476 ὀ
1169 422 1260 476 τοῦ
1304 421 1438 475 Θεοῦ
1468 421 1649 485 δοῦλος
1683 421 1881 486 αύτούς
1904 438 1918 453 ο
1951 423 2034 476 δι-

459 514 773 581 αυγάζουσα
825 516 881 570 δὲ
930 511 999 588 ἦν
1063 516 1163 586 ἢδη
1234 515 1580 588 Παρασκευή·
1641 512 1702 568 Ὀ
1745 515 2034 584 ἀρχιερεὺς

458 603 553 658 τοῦ
597 605 732 659 Θεοῦ
757 607 896 660 κατὰ
928 609 1025 677 τὴν
1064 607 1257 674 νύκτα,
1279 609 1432 676 φησι,
1476 609 1612 677 «go;
1644 607 1808 660 αὑτὸν
1837 607 2036 675 ἐξεδή-

463 713 605 767 μησε
634 711 647 725 ο
679 697 944 765 τεθέαμαι
992 698 1101 768 γὰρ
1138 697 1304 752 αὐτοῦ
1347 699 1444 769 τὴν
1485 697 1662 768 ψυχὴν
1701 697 1804 751 ὑπὸ
1841 698 2035 768 πλήθει

460 787 950 858 λευχειμονούντων
977 791 1104 859 τῇδε
1131 789 1573 861 παραϐαλοῦσανο
1613 790 1645 854 ἡ
1667 790 1725 842 δὲ
1755 789 2036 859 ἠσπάσατό

402 933 410 942 .
466 896 554 948 με.
578 879 672 930 καὶ
702 881 923 950 μνήμην
948 880 1119 948 αὐτῆς
1143 881 1411 934 ποιεῖσθαι
1442 880 1579 952 πρὸς
1607 881 1738 934 Θεὸν
1770 881 2038 934 ἐνετείλαο

462 986 542 1030 το,
568 969 647 1022 ἔτι
675 969 766 1037 καὶ
792 971 1023 1039 σχέσεως
1055 971 1222 1026 αὑτοῦ
1246 975 1382 1043 πρὸς
1413 989 1471 1024 τε
1501 971 1662 1024 αὐτὸν
1686 973 1783 1040 ἐμὲ
1811 972 1906 1024 καὶ
1939 972 2037 1040 τὴν

467 1061 680 1129 μητέρα
701 1062 799 1131 τὴν
823 1062 962 1132 ὲμὴν
988 1065 1369 1133 ἀναμνήσάσα.
1396 1061 1580 1114 Ταῦτα
1607 1063 1634 1112 ὀ
1667 1063 1764 1129 μὲν
1794 1062 1920 1133 περὶ
1943 1061 2036 1113 τῖῦ

467 1151 777 1220 ἀρχιερέως
835 1155 945 1214 τοῖς
973 1153 1221 1222 ἀδελφοῖς
1252 1155 1572 1224 προειρήκει
1595 1169 1609 1184 ·
1643 1154 1690 1204 οἱ
1717 1152 1774 1204 δὲ
1797 1153 1886 1210 τὸν
1913 1170 2038 1206 και-

467 1240 560 1308 ρὸν
609 1243 1098 1312 ὲπισημηνάμενοι,
1134 1238 1292 1313 εὗρον
1329 1244 1426 1312 τῆς
1463 1242 1652 1307 νυκτὸς
1694 1242 1908 1312 ἐκείνης
1948 1242 2039 1295 τὸν

465 1331 610 1384 θεῖον
657 1333 976 1403 Ἐφραὶμιον
1007 1335 1436 1406 ἐκδεδημηκότα.

535 1431 639 1486 ος’.
672 1424 882 1477 Πολλῶν
920 1428 997 1492 δὲ,
1033 1425 1119 1480 οἷα
1151 1427 1317 1493 εἰκὸς,
1370 1427 1469 1497 τῆς
1502 1425 1769 1496 καθέδρας
1819 1424 2041 1493 ἐφιεμέ“

466 1530 593 1575 νων,
615 1513 708 1566 καὶ
729 1515 931 1584 ταύτην
956 1517 1166 1580 ἑαυτοῖς
1188 1515 1624 1580 σπουδαζόντων,
1654 1517 1850 1588 συνέϐη
1872 1517 2062 1588 Δομνϊ·

468 1604 557 1656 νόν
608 1605 748 1670 τινα,
781 1607 882 1674 τῆς
937 1608 1167 1678 Θρᾳκῶν
1194 1607 1548 1678 ὡρμημένον,
1573 1606 1841 1676 πτωχείου
1895 1604 2038 1658 κατὰ

467 1697 702 1764 Λυχνίδα
755 1699 908 1752 πόλιν
963 1702 1315 1770 προεστῶτα,
1357 1705 1423 1773 τῇ
1477 1702 1706 1772 βασιλίδι
1738 1700 2039 1772 τηνικαῦτα

468 1790 610 1840 κατὰ
643 1807 761 1842 τινα
790 1793 976 1860 χρείαν
995 1794 1332 1865 ἐπιδημῆσαι
1369 1811 1383 1826 ο
1421 1795 1480 1858 ὃς
1513 1795 1661 1865 νόμῳ
1696 1794 1879 1860 φιλίας
1921 1793 2039 1846 τισὶ

468 1878 575 1930 τῶν
609 1882 666 1933 ὲν
705 1884 815 1945 τοῖς
848 1881 1136 1950 βασιλείοις
1169 1885 1536 1955 ᾠκειωμένος,
1562 1868 1639 1955 τῷ
1669 1884 1878 1954 βασιλεῖ
1908 1883 2038 1952 παρ’

469 1970 648 2023 αὐτῶν
678 1972 1082 2040 (Ἰουστινιανδς
1110 1977 1166 2028 δὲ
1212 1973 1280 2044 ἦν
1320 1971 1496 2045 οὗτος)
1529 1979 1836 2044 εἰσάγεται.
1891 1976 1949 2028 ὐ
1971 1975 2029 2028 δὲ

471 2061 767 2129 κανονικῆς
795 2062 1105 2132 ἀκριϐείας,
1135 2064 1509 2117 ἀποστολικῶν
1537 2081 1604 2117 τε
1645 2062 2038 2132 παραγγελμά-

467 2166 575 2201 των
604 2151 759 2218 ὀλίγα
799 2154 1110 2224 φροντίσας,
1140 2157 1205 2224 τῇ
1239 2153 1431 2224 πρώτῃ
1459 2153 1553 2207 τοῦ
1594 2154 1784 2223 ἀνδρὸς
1819 2154 1916 2225 θέᾳ
1946 2155 2040 2207 καὶ

468 2239 566 2305 τὴν
596 2238 1310 2310 ύῆφονσυνάπτειοἸδοὺότῆς
1348 2243 1622 2312 Ἀντιόχου
1674 2242 2034 2312 πατριάρχης,

469 2325 641 2378 εἰπών
673 2343 686 2359 ο
723 2331 817 2381 καὶ
863 2328 953 2394 τὸν
988 2328 1174 2398 θρόνον
1207 2331 1407 2393 εὐθέως
1435 2333 1733 2402 ὀΔομνῖνος
1754 2334 2032 2402 καταλαμ-

469 2419 643 2472 ϐάνει.
678 2417 900 2490 Παριὼν
927 2421 984 2473 δὲ
1038 2421 1126 2474 διά
1180 2422 1288 2474 τῶν
1322 2424 1662 2494 προαστείων
1689 2425 1790 2492 τῆς
1831 2424 2036 2477 Ἀντιό-

470 2527 586 2578 χου,
611 2512 706 2562 καὶ
744 2513 870 2573 τοὺς
908 2513 967 2564 ὲν
1014 2512 1092 2582 τῷ
1131 2513 1245 2585 ναῷ
1292 2513 1388 2566 τοῦ
1422 2513 1632 2566 δικαίου
1670 2513 1812 2577 Ἰὼϐ,
1843 2514 1902 2577 ὃς
1935 2514 2039 2584 πρὸ

468 2601 566 2670 τῆς
601 2599 806 2662 πόλεως
848 2600 1050 2671 ἵδρυτο,
1082 2601 1496 2672 λελωϐημένους
1528 2602 1672 2668 ἰδὼν,
1703 2604 1797 2656 καὶ
1849 2603 2039 2668 δεινῶς

471 2691 668 2754 αὐτοὺς
698 2691 1108 2762 βδελυξάμενος,
1135 2693 1245 2746 δεῖν
1279 2694 1420 2761 ἔγνω
1451 2694 1675 2758 τούτους
1706 2695 1914 2748 ἐκεῖθεν
1945 2696 2038 2749 ἀλ-

473 2775 636 2874 λὲχού
693 2780 1049 2850 μεταστῆσαι,
1084 2780 1173 2874 ἕνα
1207 2781 1280 2850 μὴ
1311 2781 1414 2851 πρὸ
1453 2781 1546 2834 τοῦ
1579 2783 1676 2852 τῆς
1708 2783 1913 2848 πόλεως
1947 2783 2040 2837 κό-

476 2867 612 2936 σμου
649 2871 812 2938 φησὶν
877 2872 1007 2936 ἄγος
1056 2867 1184 2925 εἷεν.
1214 2873 1392 2943 Ὅπερ
1421 2875 1620 2938 αὐτοὺς
1659 2874 2037 2945 αἰσθομένους,

2137 423 2356 485 fratres,
2388 393 2670 490 dixitque:
2697 393 2948 476 Fontifex
2969 421 3064 474 Dei
3095 419 3196 474 hac
3221 431 3380 476 nocte
3405 437 3435 476 c
3468 423 3575 476 vita
3601 425 3707 478 mi-

2137 513 2353 582 gravit:
2397 514 2510 565 vidi
2541 527 2778 582 namque
2808 511 3246 576 animamillius,
3307 513 3464 568 turba
3511 529 3704 584 magna

2138 604 2390 660 candidis
2457 605 2654 660 vestita
2700 605 3036 672 comitante,
3081 605 3185 660 hac
3248 606 3703 670 transvolantem,

2136 695 2591 766 salutantemque
2609 712 2714 761 me,
2773 705 2828 750 et
2859 695 3196 752 memoriam
3226 695 3310 750 sui
3345 695 3489 766 apud
3537 697 3704 750 Deum

2138 795 2200 840 ut
2247 787 2505 851 facerem,
2551 787 2958 857 praecipientem
3001 795 3702 856 :‘commemorantemque

2137 877 2378 946 qualiter
2400 892 2530 948 erga
2553 893 2641 933 me
2682 892 2747 933 ac
2771 887 2999 933 matrem
3021 894 3220 934 ~~mcam
3245 879 3413 937 fuerit
3454 879 3705 934 affectus.

2139 967 2303 1022 Hisce
2339 967 2406 1022 de
2440 966 2698 1037 pontifice
2725 968 2988 1024 fratribus
3023 985 3052 1023 a
3087 968 3354 1040 Symeunc
3403 970 3706 1040 praedictis,

2141 1068 2405 1115 notarunt
2458 1059 2534 1114 illi
2583 1068 2820 1130 tempus,
2877 1072 3375 1131 compereruntque
3429 1063 3534 1118 hac
3592 1063 3710 1132 ipsa

2138 1161 2302 1207 nocte
2335 1163 2584 1207 sanctum
2617 1151 2984 1222 Ephrreruium
3028 1151 3350 1207 decessisse.

2211 1409 2297 1462 76.
2341 1407 2630 1473 Pluribus,
2662 1416 2722 1461 ut
2753 1407 2831 1472 fit,
2873 1407 3188 1462 cathedram
3229 1407 3376 1460 illam
3406 1409 3712 1476 appetenti-

2140 1490 2266 1555 bus,
2294 1492 2510 1562 sibique
2544 1508 2863 1562 comparare
2882 1493 3276 1562 satagentibus,
3302 1492 3508 1546 factum
3533 1503 3618 1549 est
3653 1504 3713 1570 ut

2141 1584 2226 1638 vir
2284 1585 2528 1654 quidam,
2567 1584 2873 1641 Domniuus
2903 1585 3012 1655 (l9)
3051 1587 3295 1648 nomine,
3345 1602 3414 1641 ex
3477 1588 3716 1642 Thracia

2143 1674 2427 1739 oriundus,
2461 1673 2756 1744 praefectus
2786 1674 2998 1730 cuidam
3055 1677 3210 1745 juxta
3264 1677 3546 1748 Lychnida
3597 1679 3710 1750 (20)

2141 1763 2418 1820 civitatem
2443 1763 2893 1834 ptochotrophio,
2917 1767 3262 1836 negotiorum
3290 1783 3452 1822 causa
3473 1769 3712 1838 impera-

2144 1855 2335 1909 tricem
2367 1869 2467 1924 per
2513 1854 2654 1910 illud
2683 1864 2898 1926 tempus
2923 1857 3246 1912 conveniret
3288 1875 3302 1912 :
3335 1857 3430 1926 qui
3455 1858 3714 1913 amicitia:

2135 1944 2260 2014 jure
2295 1943 2626 2014 quibusdam
2662 1945 2856 2000 aulicis
2890 1945 3213 2001 familiarior
3248 1945 3449 2013 factus,
3487 1947 3556 2002 ab
3604 1946 3719 2003 illis

2142 2036 2210 2090 ad
2255 2037 2644 2106 imperatorem
2691 2037 2832 2108 (erat
2880 2037 2926 2092 is
2982 2038 3352 2102 Justinianus)
3394 2037 3718 2094 adducitur.

2141 2128 2558 2199 lmperatorhut
2583 2139 2703 2182 erat
2735 2129 3004 2199 regularis
3034 2129 3340 2199 disciplina:
3380 2139 3546 2200 atque
3583 2146 3717 2200 apo-
3779 2125 3795 2190 τ’

2139 2218 2456 2273 stolicarum
2484 2217 2940 2274 constitutionum
2971 2234 3166 2287 parum
3199 2219 3516 2286 studiosus,
3539 2223 3718 2291 primo
3802 2205 3808 2211 ’

2143 2325 2268 2364 mox
2292 2324 2586 2379 congressu
2612 2310 2792 2364 virum
2833 2308 3107 2380 'sut'fragio
3152 2325 3254 2364 suo
3295 2311 3498 2382 eligit:
3539 2313 3706 2376 Ecce,

2143 2401 2420 2470 inquiens,
2457 2401 2546 2455 hic
2589 2409 2675 2455 est
2711 2400 3019 2456 Antiochiae
3053 2403 3386 2472 patriarcha.
3419 2400 3721 2458 EtDomui-

2143 2508 2250 2547 nus
2282 2494 2469 2547 statim
2494 2492 2564 2546 ad
2591 2493 2784 2548 sedem
2819 2493 2970 2548 illam
3019 2510 3078 2549 se
3125 2495 3364 2550 confert.
3420 2495 3720 2550 Transiens

2144 2585 2326 2655 itaque
2388 2601 2486 2655 per
2530 2586 2796 2640 suburbia
2850 2587 3240 2651 Antiochena,
3301 2588 3603 2659 vidensque
3662 2589 3719 2642 in

2145 2677 2352 2746 templo
2381 2678 2515 2748 justi
2547 2678 2672 2742 Job,
2705 2679 2855 2748 quod
2895 2679 3018 2732 urbi
3054 2679 3296 2734 vicinum
3341 2688 3450 2745 est,
3499 2679 3722 2733 saucios

2146 2769 2485 2838 mutilosque
2519 2770 2774 2825 homines
2800 2811 2814 2834 ,
2859 2787 3002 2840 quos
3035 2771 3395 2826 vehementer
3457 2787 3718 2826 exsecra-

2144 2861 2332 2925 batur,
2349 2862 2475 2915 inde
2490 2862 2707 2916 censuit
2728 2862 2837 2915 alio
2859 2849 3272 2916 transferendos
3287 2880 3301 2916 :
3318 2863 3426 2927 Ne;
3440 2863 3727 2933 inquiens,

477 2961 569 3013 καὶ
603 2961 736 3030 πρὸς
820 2961 911 3015 τὸν
938 2963 1149 3030 Ἀγιον,
1180 2965 1256 3026 ὡς
1317 2964 1544 3027 ἕκαστος
1590 2961 1699 3034 εἶχε
1725 2965 1854 3019 δυνά
1868 2984 2034 3036 μεως,

2146 2971 2248 3026 pro
2279 2955 2432 3007 urbis
2454 2955 2685 3024 hujusce
2721 2955 3210 3020 ornatu,dedecus
3247 2956 3328 3010 illi
3381 2957 3514 3012 sint.
3560 2956 3719 3046 Quod

469 3050 806 3116 ἀνελθόντας,
842 3054 968 3116 τοὺς
1019 3055 1116 3124 μὲν
1168 3054 1296 3107 ποσὶ
1350 3056 1442 3108 καὶ
1484 3055 1778 3129 βακτηρίᾳ,
1835 3059 1960 3122 τοὺς
1988 3059 2044 3112 δὲ

378 3159 383 3165 ·
475 3139 671 3210 φόρτον
724 3142 842 3194 ἐκεῖ
897 3143 1288 3212 κομισθέντας,
1326 3145 1426 3216 τὴν
1461 3145 1518 3198 δὲ
1569 3145 1662 3198 τοῦ
1724 3149 1783 3200 ὲν
1842 3147 2045 3216 Ἀγὶοις

485 3231 807 3302 Ἐφραιμίου
858 3235 1220 3303 συμπάθειαν,
1259 3243 1354 3290 καὶ
1377 3238 1496 3309 ὅσα,
1521 3239 1638 3307 μετ’
1667 3239 1847 3292 αὐτῶν
1893 3239 2042 3309 ἔδρα,

427 3349 433 3357 ·
475 3322 592 3386 οἵας
642 3342 701 3377 τε
755 3325 848 3378 τοῦ
886 3325 980 3378 νῦν
1009 3328 1308 3399 ἀρχιερέως
1356 3328 1456 3398 τῆς
1490 3307 1879 3401 ἀσπλαγχνίας
1944 3307 2045 3387 πε-

471 3414 781 3484 πείρανται,
812 3415 906 3468 καὶ
960 3416 1108 3480 ὅπως
1159 3418 1282 3471 οὐδὲ
1325 3419 1431 3488 πρὸ
1489 3419 1590 3490 τῆς
1645 3421 1852 3486 πόλεως
1895 3423 2043 3494 αὐτῷ

472 3505 694 3570 τούτους
738 3509 869 3579 ὀρᾷν
919 3507 1167 3576 ἀνεκτὸν,
1220 3510 1440 3581 θρήνοις
1487 3509 1605 3580 ἅμα
1637 3513 1731 3566 καὶ
1767 3513 2045 3584 ,ὀδυρμοῖς

473 3599 822 3667 ἀπαγγεῖλαι.
859 3599 962 3653 Τὸν
994 3600 1056 3654 δὲ
1115 3600 1283 3654 ⁴πολὺν
1334 3600 1513 3656 αὐτῶν
1564 3599 1742 3657 οἶκτον
1789 3604 2042 3659 λαϐόντα⁶

475 3691 784 3754 Παύσασθε,
812 3692 1053 3762 ἀδελφοὶ,
1071 3694 1236 3762 φάναι
1259 3694 1463 3758 ὀὐδεὶς
1481 3695 1624 3766 ὑμᾶς
1647 3696 1856 3750 ἐκεῖθεν
1879 3715 2046 3768 μετα-

476 3786 669 3856 στῆσαι
716 3787 1028 3858 δυνήσεται.
1103 3787 1248 3842 Ἀλλ’
1285 3790 1318 3861 ἡ
1356 3789 1576 3842 παιδεία
1628 3790 1836 3860 Κυρίου
1903 3791 2043 3862 αὑτὴ

476 3877 762 3947 συναλγεῖν
791 3879 954 3933 αὐτὸν
982 3879 1183 3946 διδάξει
1209 3883 1324 3945 τοῖς
1367 3881 1688 3951 πάσχουσιν,
1712 3881 1852 3935 ὥστε
1877 3883 2045 3954 πείρᾳ

477 3974 688 4044 μαθεῖν,
723 3973 750 4026 ὀ
773 3972 1127 4042 γεωργοῦσαν
1157 3973 1436 4055 ούκδεσχεν
1467 3974 1681 4028 οἴκοθεν
1717 3974 1820 4046 τὴν
1848 3976 2043 4046 προαί-

474 4084 645 4138 ρεσιν.
667 4067 850 4120 Ταῦτα
879 4063 1024 4135 εἷπε,
1045 4067 1140 4121 καὶ
1195 4067 1312 4137 μετ’
1339 4067 1520 4136 ὀλίγον
1549 4067 1690 4120 οὕτω
1722 4070 1903 4138 χεῖρες
1948 4068 2044 4121 καὶ

472 4158 631 4222 πόδες
676 4159 754 4228 τῷ
779 4159 1032 4230 ἀρχιερεῖ
1078 4159 1460 4230 κάμπτονται,
1494 4159 1571 4224 ῶς
1617 4160 1752 4231 μηδὲ
1779 4159 2042 4214 δύνασθαί

470 4266 524 4302 τι
572 4253 766 4320 δρᾶσαι
827 4250 893 4302 δι’
923 4251 1100 4305 αὐτῶν
1137 4251 1198 4303 τὸ
1239 4252 1524 4322 παράπαν,
1565 4252 1680 4305 ἀλλ’
1703 4251 1793 4308 οἷά
1809 4271 1930 4308 τινα
1961 4271 2043 4306 νε-

475 4341 601 4409 κρόν
631 4341 876 4414 ἔμψυχον
911 4340 1406 4412 διαϐασταζόμενον
1425 4343 1709 4418 φέρεσθαι.

541 4609 640 4670 οζ’.
681 4606 861 4674 ’Λνδρί
905 4623 1012 4658 τινι
1059 4606 1201 4660 κατά
1245 4605 1344 4677 τὴν
1380 4605 1607 4674 Περσῶν
1633 4607 1770 4676 πρὸς
1801 4607 2043 4676 χαλεπὸν

473 4694 754 4748 παλαίοντι
805 4693 1058 4765 δαίμονα,
1107 4693 1430 4762 ἀπαλλαγήν
1459 4711 1517 4746 τε
1549 4692 1736 4746 τούτου
1764 4694 2044 4765 μηδεμίαν

474 4788 803 4857 εύρίσκοντι,
841 4789 1106 4856 Ἀγγελος
1132 4785 1267 4841 Θεοῦ
1296 4787 1602 4858 παραστὰς,
1639 4787 1850 4854 Ἀπιθι,
1883 4791 2039 4860 φησι,

476 4882 630 4952 παρά
663 4883 754 4934 τὸν
782 4879 968 4934 δοῦλον
1011 4880 1106 4933 τοῦ
1153 4879 1288 4933 Θεοῦ
1318 4879 1579 4951 Συμεών·
1622 4882 1766 4936 οίκεῖ
1812 4883 1869 4937 δὲ
1913 4885 2056 4938 κατὰ

477 4975 752 5046 μετέωρον
773 4976 897 5045 ὅρος
920 4976 984 5027 ὲκ
1005 4973 1239 5042 πλαγίου
1261 4973 1360 5043 τῆς
1377 4974 1674 5046 Ἀντιόχου,
1693 4975 1972 5048 θαλάσσης
1991 4979 2054 5031 οὐ

471 5066 559 5118 διὰ
584 5065 794 5137 μακροῦ
819 5065 1072 5138 κείμενον
1095 5079 1110 5098 ο
1135 5065 1203 5116 δι’
1249 5063 1414 5118 αὐτοῦ
1445 5065 1736 5138 τοιγαροῦν
1757 5067 1912 5139 παρὰ
1937 5071 2054 5123 Ku-

377 5193 388 5206 .
477 5159 592 5229 ρίου
613 5157 756 5222 ίασις
777 5158 928 5211 ἔσται
952 5175 1054 5212 σοι.
1074 5159 1184 5210 Kal.
1201 5157 1258 5219 ὃς
1275 5158 1373 5225 τὴν
1399 5157 1606 5228 μεταξὺ
1625 5161 1808 5214 πᾶσαν
1824 5161 2052 5228 ἀνύσας,

475 5251 568 5303 καὶ
588 5251 664 5314 ὼς
688 5251 778 5304 τὸν
804 5251 996 5320 ’Ἀγιον
1019 5249 1386 5320 ἀφικόμενος,
1414 5249 1620 5304 ’ἐκαστα
1645 5252 1833 5321 σαφῶς
1865 5256 2050 5324 ἀπαγ-

473 5345 674 5414 γέλλει.
715 5344 772 5399 '0
799 5345 854 5398 δὲ
886 5344 980 5398 τοῦ
1011 5343 1148 5398 Θεοῦ
1197 5343 1432 5416 δεηθεὶς,
1465 5344 1700 5410 ἐξελθεῖν
1726 5346 1804 5419 τῷ
1833 5348 2050 5418 δαίμονι

543 5471 659 5596 (li);
684 5472 972 5542 Nicephoro
1005 5483 1053 5526 et
1079 5472 1380 5543 Theophani
1427 5473 1672 5527 Domnus
1704 5490 1718 5538 ;
1753 5475 1888 5528 sedit
1943 5496 2042 5532 rm-

543 5558 565 5593 s
629 5581 678 5594 -.
1739 5554 1746 5560 ’

475 5558 565 5594 nos
598 5554 613 5593 ι
629 5554 678 5594 -Ιν,
1739 5554 1746 5560 ’

547 5612 652 5680 μευ)
685 5611 854 5676 Quam
878 5614 958 5665 hic
981 5623 1164 5666 amtor
1203 5612 1478 5679 Lychnida
1513 5623 1676 5674 rorat,
1717 5614 1836 5668 aliis
1873 5615 2044 5686 Lych-

2148 3054 2258 3100 uta
2294 3045 2514 3099 miseris
2543 3044 2664 3100 istis
2712 3045 2975 3100 rescitum
3030 3055 3136 3112 est,
3183 3047 3250 3100 ad
3309 3055 3585 3114 sanctum,
3635 3044 3717 3104 utl

2145 3140 2378 3211 quisque
2400 3149 2672 3210 poterant,
2709 3140 2814 3194 iter
2835 3125 3220 3204 instituerunt,
3255 3140 3347 3194 alii
3385 3141 3623 3210 pedibus
3653 3155 3718 3196 ac

2146 3231 2362 3298 baculo,
2393 3232 2484 3286 alii
2507 3232 2755 3286 humeris
2777 3231 2945 3292 delati
2968 3250 2982 3286 :
3009 3239 3176 3302 atque
3213 3248 3404 3286 coram
3431 3233 3550 3302 ipso
3589 3250 3714 3289 cum

2145 3324 2370 3394 planctu
2392 3332 2449 3378 et
2480 3323 2738 3378 lamentis
2769 3313 3304 3388 commemoraban't,
3341 3333 3548 3394 quanta
3607 3327 3716 3383 sibi

2145 3413 2389 3469 exhibita
2423 3413 2621 3468 fuisset
2650 3429 2681 3467 a
2712 3421 2910 3467 sancto
2941 3412 3252 3483 Ephrmmio
3305 3416 3716 3480 misericordia,

2145 3515 2201 3559 et
2223 3520 2384 3575 quam
2407 3513 2633 3574 paterne
2666 3519 2852 3559 secum
2873 3505 3108 3575 egisset:
3134 3515 3325 3560 contra
3371 3523 3526 3572 vero,
3553 3524 3717 3577 quam

2145 3612 2294 3650 nunc
2337 3597 2596 3655 immitem
2682 3598 3073 3667 experirentur
3098 3598 3437 3668 episcopum,
3461 3601 3718 3670 quodque

2145 3701 2215 3740 ne
2243 3685 2398 3739 urbis
2420 3685 2644 3754 quidem
2671 3694 2825 3740 extra
2847 3695 3037 3756 portas
3080 3686 3227 3756 ipsos
3255 3687 3538 3742 toleraret.
3580 3688 3716 3744 San~

2135 3769 2268 3832 ctus
2315 3793 2450 3830 vero
2511 3778 2744 3831 multum
2799 3777 2922 3831 illos
2982 3777 3326 3832 miseratus:
3364 3777 3710 3848 Exspectate,

2148 3869 2348 3938 inquit,
2367 3867 2568 3922 fratres
2597 3886 2609 3921 :
2647 3883 2811 3921 nemo
2842 3883 2940 3922 vos
2973 3867 3092 3921 loco
3115 3867 3207 3921 illo
3237 3869 3443 3937 poterit
3474 3884 3714 3924 movere.

2145 3959 2446 4030 Castigatio
2477 3958 2694 4013 Domini
2715 3958 2940 4014 docebit
2973 3958 3150 4028 ipsum
3185 3959 3433 4014 misereri
3488 3960 3719 4015 afflicto-

2150 4068 2293 4118 rum,
2322 4061 2384 4105 ut
2412 4050 2587 4106 discat
2612 4050 2972 4120 experientia,
3009 4048 3354 4119 propositum
3392 4065 3554 4104 suum
3619 4051 3719 4105 mi-

2145 4142 2294 4196 nime
2327 4139 2673 4198 conducibile
2738 4139 2935 4194 fuisse.
2961 4139 3096 4192 Post
3147 4137 3263 4194 haec
3294 4139 3521 4196 oracula
3562 4138 3719 4195 breVi

2145 4235 2332 4303 elapso
2361 4240 2632 4302 tempore,
2671 4238 2780 4285 tam
2814 4231 2924 4285 acri
2955 4229 3147 4284 dolore
3173 4230 3436 4284 manibus
3457 4230 3720 4300 pedibus-

2064 4313 2118 4372 D
2147 4339 2256 4394 que
2280 4322 2520 4378 cruciari
2547 4321 2863 4392 episcopus
2907 4318 3074 4390 erepit
3104 4359 3119 4385 ,
3186 4328 3244 4372 ut
3266 4315 3718 4388 nihilquidquam

2152 4417 2231 4472 rei
2257 4425 2494 4472 tractare
2525 4415 2638 4470 illis
2680 4423 2890 4485 posset,
2933 4425 2990 4468 et
3034 4413 3176 4468 sicut
3222 4427 3427 4482 corpus
3474 4412 3725 4488 exanime

2154 4511 2285 4566 ferri
2321 4524 2610 4566 necessum
2645 4508 2899 4563 haberet.

2221 4603 2308 4660 77.
2341 4601 2562 4657 Homini
2582 4599 2800 4656 cuidam
2830 4599 3008 4653 Persae
3036 4597 3221 4668 gravis
3260 4593 3558 4650 admodum
3589 4607 3717 4649 cum

2149 4695 2398 4752 daemone
2428 4694 2576 4748 lucta
2604 4700 2743 4756 erat,
2777 4703 2890 4761 quo
2935 4703 3042 4744 nec
3090 4687 3317 4743 liberari
3382 4687 3494 4741 ullo
3549 4685 3714 4740 modo

2148 4794 2386 4857 poterat.
2428 4783 2619 4839 Astitit
2662 4782 2795 4837 huic
2848 4780 3097 4852 angelus,
3133 4779 3383 4848 dixitque
3431 4795 3446 4831 :
3493 4776 3594 4831 Abi
3643 4775 3713 4832 ad

2144 4893 2362 4934 servum
2391 4877 2488 4931 Dei
2517 4875 2874 4946 Symeonem,
2906 4880 3338 4928 commorantem
3378 4869 3435 4924 in
3490 4867 3719 4924 sublimi

2144 4980 2352 5034 monte,
2377 4985 2445 5024 ex
2468 4969 2708 5022 adverso
2752 4964 3083 5028 Antiochiae,
3136 4977 3248 5018 non
3303 4961 3379 5016 ita
3442 4959 3637 5030 procul
3689 4974 3723 5015 a

2149 5063 2285 5116 mari
2327 5061 2468 5116 sito:
2498 5059 2592 5114 illo
2617 5057 2998 5113 intercedente
3025 5064 3176 5111 certa
3208 5053 3308 5110 tibi
3342 5062 3530 5109 manet
3557 5067 3588 5106 a
3608 5051 3723 5106 Deo

2148 5156 2318 5211 salus.
2343 5155 2648 5208 Exsecutus
2672 5150 2762 5204 ille
2787 5149 2969 5204 omnia
2983 5156 3096 5213 est;
3123 5161 3360 5216 cumque
3374 5144 3722 5216 pervenisset

2147 5246 2216 5301 ad
2242 5253 2518 5308 sanctum,
2549 5240 2765 5312 singula
2794 5239 2977 5309 palam
3001 5237 3322 5293 enarravit:
3357 5234 3452 5306 qui
3481 5232 3600 5289 fusa
3651 5232 3719 5288 ad

2149 5341 2323 5394 Deum
2357 5349 2543 5406 prece,
2579 5333 2732 5389 exire
2762 5331 3066 5386 daemonem
3117 5329 3311 5404 jubet;
3344 5327 3503 5398 cujus
3547 5323 3721 5381 conti-

2148 5478 2311 5533 nidus
2359 5483 2408 5530 et
2458 5467 2823 5543 Lychnidium
2867 5466 3172 5538 appellatur
3207 5465 3330 5520 urbs
3381 5463 3736 5532 archiepisco..

2148 5549 2282 5619 palis
2321 5545 2661 5601 Macedouiw.
