4034 6186
302 311 443 378 3059

1510 315 1570 373 S.
1613 313 1988 374 SYMEONIS
2023 314 2382 376 IUNIORIS

3407 305 3544 368 30m

304 438 414 478 nuo
443 421 714 490 planctus,
749 420 1123 484 tumultuatio,
1155 431 1320 490 atque
1369 425 1639 476 clamores
1691 423 1860 474 auditi

1994 421 2390 492 παραγγέλλει·
2424 419 2518 475 καὶ
2557 399 2756 474 αὑτίκά
2802 417 3071 487 κλαυθμοὶ
3123 413 3216 470 τοῦ
3265 413 3546 486 δαίμονος,

307 521 462 573 sunt,
493 519 687 581 utpote
705 527 816 566 non
837 511 1062 566 ferentis
1083 511 1188 565 viri
1217 512 1388 567 sancti
1415 512 1873 582 increpationem.

307 605 704 674 clamantisque
731 623 744 657 :
779 605 1005 658 Missum
1039 620 1124 658 me
1151 605 1264 668 fac;
1299 613 1356 659 et
1383 619 1550 658 exeo:
1585 605 1700 658 scio
1728 605 1874 656 enim

307 699 434 767 quis
472 697 568 762 sis,
601 707 659 750 et
687 707 948 768 quantam
1003 697 1128 750 Filii
1187 697 1284 750 Dei
1333 698 1590 750 virtutem
1647 683 1874 764 habeas.

307 789 446 841 Dum
481 787 598 842 haec
623 788 780 850 fiunt,
820 787 998 842 visum
1033 787 1260 841 obsesso
1282 797 1386 848 est,
1423 801 1679 840 coronam
1705 787 1874 854 capiti

311 877 602 948 Sym'eonis
629 877 995 943 circumdari;
1028 879 1186 946 cujus
1209 887 1266 931 et
1288 877 1644 946 pulchritudo
1677 885 1730 929 et
1754 877 1872 928 auri

311 967 714 1022 intermicantis
763 969 937 1032 nitor,
987 976 1044 1021 et
1098 983 1436 1036 gemmarum
1503 967 1786 1037 splendor,
1821 977 1876 1020 et

307 1057 492 1112 crucis
526 1058 800 1128 imposita:
824 1059 938 1122 lut,
971 1059 1224 1127 lucisque
1245 1057 1424 1128 fulgor
1469 1073 1532 1110 ac
1591 1041 1872 1118 venustas,

307 1159 364 1206 et
421 1149 984 1206 circumvolitantium
1043 1152 1363 1220 angelorum
1407 1149 1706 1212 cohortes,
1766 1159 1874 1202 tam

313 1241 527 1320 insolita
549 1249 709 1296 erant
729 1242 936 1306 omnia,
965 1251 1026 1295 ut
1047 1241 1276 1310 exsequi
1319 1241 1506 1294 verbis
1561 1255 1724 1294 nemo
1755 1255 1880 1308 pos-

307 1331 418 1386 sit:
480 1331 588 1386 illis
645 1341 828 1386 autem
887 1333 1039 1387 velut
1110 1333 1234 1403 igne
1309 1332 1569 1400 quodam,
1621 1333 1876 1400 pertinax

311 1425 524 1478 dtemon
545 1434 771 1478 coaetus
786 1425 1174 1494 estemigrare;
1200 1422 1662 1492 quemadmodum
1678 1420 1878 1474 deinde

309 1516 480 1570 miser
507 1516 638 1580 ille,
685 1517 796 1586 jam
847 1516 951 1570 sibi
1001 1516 1271 1579 redditus,
1327 1515 1502 1584 palam
1541 1513 1876 1582 divulgabat,

309 1623 474 1661 sanus
503 1603 725 1661 domum
755 1623 908 1662 suam
943 1617 1222 1676 repetens.
1259 1617 1314 1660 et
1362 1622 1530 1676 Opera
1563 1607 1658 1659 Dei
1706 1605 1882 1674 genti-

310 1700 414 1752 bus
443 1699 801 1752 annuntians.

381 1879 466 1934 78.
505 1879 772 1934 Juvencm
810 1879 1101 1949 quemdam
1149 1881 1424 1933 invaserat
1450 1879 1682 1940 daemon,
1718 1893 1880 1947 quem

307 1981 422 2027 tam
441 1973 656 2027 miseris
682 1973 968 2042 torquebat
989 1971 1186 2036 modis,
1217 1979 1277 2025 ut
1303 1987 1414 2041 pra:
1445 1972 1610 2024 nimia
1637 1971 1884 2038 corporis

309 2065 628 2120 extensione
657 2065 802 2118 oculi
836 2063 1062 2118 sedibus
1104 2065 1218 2118 suis
1257 2065 1504 2133 erupturi
1541 2063 1879 2116 viderentur.

309 2155 648 2210 Periclitanti
667 2155 856 2225 igitur,
876 2155 1092 2209 cunctis
1107 2155 1512 2220 deﬁcientibus,
1529 2155 1726 2208 adeste
1745 2155 1884 2208 coelo

313 2250 562 2318 angelus,
593 2248 786 2302 habitu
822 2263 883 2300 ac
919 2247 1102 2317 specie
1146 2247 1355 2312 militis,
1403 2247 1554 2300 abire
1589 2247 1766 2315 ipsum
1828 2246 1882 2298 in

313 2349 555 2394 montem
589 2339 893 2393 mirabilem
930 2337 996 2391 ad
1030 2347 1278 2392 sanctum
1313 2337 1634 2408 Symeonetn
1661 2339 1882 2406 jubens.

309 2431 614 2499 lpseenim,
629 2431 826 2498 inquit,
850 2445 878 2483 a
897 2429 1281 2484 vexationibus
1301 2429 1565 2482 daemonis
1581 2439 1628 2480 te
1652 2430 1882 2482 liberum

311 2521 612 2591 praestabit.
643 2521 835 2575 Statim
869 2521 1036 2590 igitur
1061 2521 1260 2590 juvene
1292 2523 1396 2574 iter
1429 2521 1494 2574 ad
1531 2529 1777 2573 sanctum
1805 2522 1885 2573 in—

310 2627 518 2682 gresso,
548 2620 847 2679 sanctoque
893 2612 1372 2680 inexpugnabilem
1416 2611 1618 2664 Christi
1665 2629 1883 2666 crucem

313 2703 414 2770 ipsi
453 2701 802 2770 imprimenle
825 2743 839 2764 ,
879 2701 1172 2755 videbatur
1208 2702 1312 2756 sibi
1341 2703 1552 2756 daemon
1583 2705 1752 2772 iguito
1783 2703 1887 2756 ful-

311 2795 457 2847 mine
525 2791 840 2863 perstringi,
879 2793 1237 2847 exclamans:
1299 2791 1440 2859 Quid
1481 2795 1676 2856 hocce,
1729 2811 1885 2850 serve

313 2885 446 2938 Dei?
466 2885 598 2954 quid
625 2899 708 2938 me
735 2895 842 2937 tam
869 2885 1184 2939 immaniter
1221 2887 1474 2940 cremas?
1497 2902 1715 2956 nequeo
1739 2889 1884 2941 enim

313 2981 619 3037 terribilem
647 2981 742 3036 Dei
778 2997 1023 3046 manum,
1048 2997 1168 3050 qum
1195 2980 1252 3034 in
1271 2989 1323 3035 te
1348 2993 1451 3044 est,
1475 2983 1764 3036 sustinere.
1793 2983 1886 3036 llla

313 3081 418 3138 est,
444 3087 565 3143 quae
593 3085 702 3125 non
727 3071 902 3125 solum
929 3087 1030 3124 nos
1059 3071 1220 3140 igneo
1245 3071 1530 3126 consuevit
1551 3069 1760 3140 ﬂagello
1790 3073 1888 3140 eji-

315 3177 460 3224 cere,
492 3161 586 3214 sed
601 3169 656 3214 et
674 3161 860 3230 populi
887 3162 1310 3229 :egritudinibus
1333 3161 1514 3215 onmis
1531 3163 1747 3230 generis
1773 3179 1888 3214 me-
1917 3147 1958 3167 “’

315 3253 493 3306 delam
525 3253 746 3308 aﬂ'crre.
785 3253 980 3306 Isthmc
1017 3267 1250 3322 nequam
1284 3251 1512 3320 spiritus
1547 3267 1644 3321 per
1680 3253 1888 3304 (lllSt'SSl

317 3345 554 3416 linguam
597 3343 870 3405 elocutus,
915 3343 1181 3397 continuo
1216 3342 1442 3396 abactus
1488 3351 1574 3396 est
1625 3359 1637 3394 :
1675 3343 1892 3412 juvenis

317 3451 452 3490 vero
481 3435 768 3496 liberatus.
795 3433 974 3489 oculis
1012 3435 1128 3488 suis
1155 3434 1431 3502 angelum,
1469 3431 1652 3488 omnia
1701 3433 1892 3486 militis

313 3528 669 3589 referentem.
695 3537 874 3582 astare
909 3527 1164 3599 Symeoui
1199 3527 1506 3596 conspexit,
1542 3543 1777 3596 cumque
1826 3545 1892 3582 co

317 3621 554 3689 colloqui
605 3619 981 3686 familiariter,
1030 3619 1735 3689 quemadmodum-deinde
1789 3621 1896 3690 ipsi

317 3711 585 3766 narravit.
630 3711 759 3766 Post
799 3712 914 3768 haec
958 3719 1013 3766 et
1055 3727 1154 3781 pro
1189 3711 1568 3765 incolumitate
1595 3711 1751 3780 pedis
1807 3711 1894 3764 sui
1941 3703 1944 3708 ’

318 3811 576 3873 precatus
604 3811 688 3857 est
717 3803 1070 3868 adolescens;
1103 3813 1224 3858 erat
1264 3805 1469 3872 quippe
1521 3805 1568 3857 is
1600 3803 1893 3858 admodum

320 3895 558 3960 debilis,
612 3902 668 3948 et
725 3893 838 3948 fere
892 3894 958 3948 ad
1015 3895 1378 3965 gradientium
1429 3895 1643 3949 inutilis
1691 3913 1704 3948 :
1760 3895 1893 3964 qui,

321 3985 578 4056 imposita
598 4001 628 4039 a
647 3983 918 4056 Symeonc
941 4001 1102 4040 manu
1127 3985 1454 4049 medicante,
1477 3986 1724 4039 oratione
1755 3985 1896 4050 fusa,

321 4089 379 4133 et
411 4079 566 4148 signo
595 4079 775 4133 crucis
799 4077 1086 4147 impresso,
1119 4077 1408 4132 confestim
1447 4077 1654 4147 integer
1691 4091 1753 4130 ac
1805 4077 1896 4130 fir-

327 4187 447 4224 mus
479 4169 636 4223 alteri
667 4168 980 4222 omnimodo
1019 4167 1214 4222 similis
1238 4167 1358 4222 fuit.

327 4545 510 4608 bcbat,
543 4541 638 4598 sed
669 4543 1160 4598 invocavitnomcn
1187 4541 1474 4614 Symeonis
1493 4527 1594 4612 pro
1617 4541 1895 4596 remedio:

324 4652 454 4690 ecce
487 4646 668 4690 autem
697 4635 751 4689 in
793 4634 976 4689 medio
1022 4651 1146 4690 aere
1176 4635 1526 4703 conspicatus
1569 4635 1746 4702 ipsum
1793 4641 1896 4696 est,

325 4727 535 4796 virgam
561 4725 774 4795 igneam
806 4732 1108 4794 gerentem,
1141 4733 1196 4777 et
1226 4739 1350 4778 cum
1379 4723 1584 4792 impetu
1619 4722 1684 4776 ad
1717 4737 1775 4776 se
1803 4705 1902 4776 dc-

323 4819 622 4872 labentem.
674 4817 793 4871 Non
847 4817 974 4870 tulit
1027 4817 1279 4886 impurus
1328 4815 1558 4885 spiritus
1603 4815 1898 4868 adventum

323 4907 450 4970 viri,
486 4907 538 4960 in
589 4917 803 4976 turpem
851 4906 1032 4976 fugam
1070 4921 1369 4960 conversus
1404 4922 1417 4957 :
1449 4907 1688 4972 ’moxquc
1721 4904 1904 4956 vultus

327 4997 531 5052 misero
567 4998 879 5062 restitutus,
910 4997 1172 5066 deinceps
1203 5011 1260 5050 se
1291 4995 1486 5050 habuit
1515 5005 1661 5050 recte
1690 5005 1746 5048 et
1770 5011 1903 5048 con-

325 5093 616 5149 venienter
641 5103 870 5148 natura.
911 5091 1144 5159 Quidam
1185 5091 1236 5145 in
1282 5093 1420 5161 pede
1454 5107 1672 5145 morsus
1703 5098 1822 5144 crat
1875 5105 1905 5144 a

328 5195 605 5255 serpente,
636 5185 858 5258 jamque
891 5201 1163 5240 venenum
1195 5183 1410 5238 vulneri
1445 5183 1902 5253 putrefactionem

328 5293 618 5348 generans,
655 5295 877 5332 manum
919 5287 1206 5348 artemque
1251 5277 1593 5332 medicorum
1639 5291 1904 5344 superva-

329 5375 557 5423 caneam
581 5369 866 5434 reddebat,
885 5379 940 5424 et
959 5379 1282 5440 praesentem
1305 5377 1534 5422 mortem
1561 5367 1903 5434 minabatur;

332 5475 562 5530 eamque
594 5463 712 5533 ipse
745 5479 919 5533 aeger,
960 5463 1124 5517 rebus
1151 5462 1408 5516 omnibus
1445 5460 1769 5530 desperatis,
1812 5476 1908 5515 ex-

335 5554 638 5624 spectabat.
665 5555 888 5611 Interim
911 5557 1200 5611 hortantur
1220 5555 1464 5625 qnidam,
1489 5569 1639 5624 spem
1666 5569 1822 5608 suam
1853 5554 1906 5608 in

338 5653 528 5700 sancto
543 5655 606 5700 ut
633 5647 884 5710 collocet,
907 5655 1096 5716 utpote
1127 5647 1220 5716 qui
1245 5647 1394 5701 solus
1427 5647 1686 5717 ingruens
1709 5645 1906 5700 discri-

343 5749 469 5792 men
493 5735 665 5807 possit
686 5751 896 5792 arcere.
918 5735 1164 5791 Credidit
1189 5735 1326 5804 ipse,
1356 5737 1714 5805 invocatoque
1737 5735 1904 5790 sancti

1978 515 2070 565 καὶ
2102 513 2319 583 θόρυϐοι
2351 513 2445 566 καὶ
2475 513 2710 580 κραυγαὶ
2765 513 2863 566 οῦκ
2895 505 3210 576 ἐνεγκόντος
3239 508 3340 576 τὴν
3372 508 3548 560 ἐπιτί-

1980 623 2165 676 μησιν,
2203 607 2361 665 Ἀνες
2415 624 2524 675 μοι,
2561 607 2652 658 καὶ
2697 604 2893 674 ἔξειμι,
2927 603 3178 670 λεγοντος
3205 618 3218 630 ·
3268 595 3388 652 οἶδα
3441 599 3550 670 γὰρ
3625 669 3632 674 ί

1983 697 2066 756 τίς
2121 713 2176 748 τε
2229 691 2299 756 εἴ,
2334 697 2428 748 καὶ
2475 697 2659 766 ἥτιςή
2709 697 2766 747 ἐν
2826 697 2906 746 σοὶ
2949 691 3044 744 τοῦ
3095 689 3227 744 Υἱοῦ
3290 691 3386 743 τοῦ
3416 689 3548 742 Θεοῦ

1979 787 2246 856 ἐνέργεια.
2291 787 2380 838 Ἐν
2441 788 2551 856 ὅτῳ
2587 787 2644 838 δὲ
2687 786 2856 838 ταῦτα
2897 785 3216 854 ἐπράττετο,
3251 782 3428 835 ἐδόκει
3471 781 3548 851 τῷ

1981 878 2243 942 πάσγοντι
2278 875 2370 928 τὸν
2403 877 2665 944 στέφανον
2697 879 2722 929 6
2747 875 2970 945 Συμεὼν
2999 879 3063 944 τῇ
3115 874 3328 943 κεφαλῇ
3391 891 3544 942 περι-

1983 969 2236 1020 κεῖσθαι·
2271 970 2332 1021 τὸ
2389 968 2446 1020 δὲ
2484 969 2578 1022 τοῦ
2641 969 2906 1036 στεφάνου
2959 968 3178 1030 κάλλος,
3221 967 3277 1018 αἱ
3344 965 3400 1018 δὲ
3459 965 3550 1019 τοῦ

1981 1061 2180 1130 χρυσοῦ
2227 1055 2714 1128 ὡραιότητες,αἱδέ
2735 1055 3218 1124 τῶν).ίθ‹,-›ναῦγαὶ,
3243 1060 3272 1110 ὁ
3295 1057 3340 1110 δ’
3366 1059 3456 1110 ἐπὶ
3477 1057 3550 1126 τῷ

1983 1151 2230 1218 στεφάνῳ
2261 1150 2509 1220 σταυρὸς.
2543 1151 2604 1200 τὸ
2633 1149 2688 1201 δὲ
2715 1149 2806 1201 τοῦ
2843 1147 3076 1218 σταυροῦ
3115 1147 3250 1214 φῶς,
3285 1150 3340 1201 αἱ
3371 1147 3428 1198 δὲ
3455 1145 3550 1198 τοῦ

1981 1242 2158 1308 quiti;
2189 1241 2348 1292 πάλιν
2383 1240 2659 1310 ἀστραπαί
2693 1257 2753 1291 τε
2785 1241 2874 1291 καὶ
2907 1239 3152 1308 χάριτες,
3179 1239 3238 1290 τὸ
3271 1239 3326 1290 δὲ
3356 1238 3554 1291 κυκλό-

1983 1333 2074 1384 θεν
2133 1333 2231 1398 τῆς
2267 1332 2590 1399 Ἀγγελικῆς
2643 1333 2902 1399 στρατιᾶς
2963 1331 3187 1400 πλῆθος,
3219 1331 3456 1400 ἄρρητὸν
3501 1347 3553 1380 τι

1982 1427 2169 1496 γρῆμα
2200 1426 2292 1478 καὶ
2321 1425 2632 1494 ἀπόρρητον
2677 1419 2818 1492 ἦσαν
2842 1440 2856 1454 ⁶
2884 1423 2972 1491 ὑφ’
3001 1417 3076 1475 ὧν
3110 1425 3136 1476 ὁ
3169 1423 3402 1492 χαλεπὲς
3439 1423 3554 1474 δαί-

1987 1535 2102 1588 μων
2135 1520 2340 1581 ἐκεῖνος
2361 1517 2436 1578 ὼς
2458 1517 2564 1570 ἀπὸ
2593 1517 2764 1586 πυρὸς
2790 1515 3102 1584 ἀπηλλάγη,
3126 1515 3200 1576 ὡς
3225 1517 3360 1584 μετὰ
3383 1513 3556 1567 ταῦτα

1985 1607 2172 1672 σας-ὦς
2223 1607 2466 1676 ἐκνήψας
2512 1607 2691 1668 αὐτος,
2735 1607 2762 1658 6
2819 1605 2911 1658 τοῦ
2963 1605 3168 1667 πάθους
3219 1604 3556 1670 ἀπαλλαγε”ς

3527 1695 3550 1706 α

1988 1689 2252 1766 ἐξηγεῗτο,
2290 1699 2449 1767 ὑγιὴς
2480 1701 2556 1761 εἰς
2591 1699 2689 1766 τὴν
2723 1699 2930 1750 οἰκείαν
2969 1696 3338 1760 ἐιιτοινιιὶινηιοιλ⁵
3363 1697 3430 1748 τά
3459 1695 3554 1747 τ’,ὖ

1915 1773 1954 1826 Β
1991 1793 2124 1844 Θεοῦ
2163 1792 2296 1858 ἔργα
2329 1793 2441 1852 τοῖς
2463 1789 2670 1842 ἔθνεσιν
2693 1789 3078 1857 ἀπαγγέλλων.

2055 1889 2154 1952 or}.
2188 1882 2472 1950 Νεανίσκῳ
2499 1881 2604 1933 τινὶ
2631 1881 2840 1950 δαίμων
2879 1879 3242 1949 ἐπιπηδήσας,
3280 1878 3421 1930 οῦτω
3451 1895 3552 1929 κα-

1985 1973 2094 2033 κῶς
2123 1973 2280 2024 αὑτὸν
2311 1971 2550 2033 διετίθει,
2593 1970 2668 2030 ὡς
2699 1973 2790 2022 καὶ
2831 1971 2956 2031 τοὺς
2987 1969 3297 2038 ὀφθαλμοὺς
3327 1967 3405 2038 τῷ
3435 1983 3554 2018 νεα-

1984 2067 2154 2134 νῖσκῳ
2184 2067 2358 2116 δοκεῖν
2405 2063 2508 2128 ὑπὸ
2545 2063 2643 2128 τῆς
2689 2061 2890 2128 πολλῆς
2921 2059 3016 2113 τοῦ
3051 2059 3300 2128 σώματος
3345 2060 3558 2119 τάσεως

1989 2156 2200 2224 μέλλειν
2229 2155 2328 2224 ἤδη
2359 2153 2466 2206 τῶν
2499 2154 2712 2205 οἰκείων
2739 2153 3028 2220 πυθμένων
3061 2149 3395 2216 ἐξάλλεσθαι.
3431 2151 3558 2200 Κιν-

1985 2247 2256 2300 δυνεύοντι
2279 2247 2474 2310 τοίνυν,
2506 2246 2600 2298 καὶ
2631 2247 2741 2308 τοῖς
2773 2243 2916 2306 ὅλοις
2950 2241 3328 2313 ἀπορουμένῳ,
3357 2243 3560 2306 Ἀγγε-

1985 2343 2077 2402 λος
2109 2339 2311 2393 ἄνωθεν
2346 2337 2571 2398 ἐπιστάς
2595 2339 2649 2388 ἐν
2673 2337 2801 2389 εῖδει
2821 2337 2914 2388 καὶ
2939 2335 3174 2404 σχήματι
3199 2335 3555 2402 στρατιώτου,

1985 2433 2279 2502 ἀφικέσθαι
2325 2431 2475 2501 παρὰ
2504 2429 2562 2482 τὸ
2593 2429 2902 2498 θαυμαστὸν
2932 2427 3055 2498 ὅρος
3086 2425 3246 2478 αὖτδν
3305 2425 3436 2493 πρδς
3467 2423 3558 2474 τὸν

1988 2529 2126 2581 θεῖον
2145 2527 2368 2597 Συμεὼν
2391 2525 2742 2596 ἐπισκήπτει·
2764 2523 2932 2584 Αὐτὸς
2953 2522 3061 2592 γάρ
3085 2538 3164 2584 σε,
3185 2519 3338 2590 φησὶ,
3356 2519 3453 2588 τῆς
3467 2517 3558 2569 τοῦ

1987 2619 2238 2689 δαίμονος
2289 2617 2552 2687 ἐπηρείας
2609 2615 2986 2686 ἐλευθερώσει.
3031 2613 3236 2666 Λύτίκα
3283 2610 3414 2679 γοῦν
3462 2608 3558 2661 τοῦ

1987 2711 2270 2764 νεανίσκου
2302 2711 2378 2778 τῷ
2413 2709 2580 2778 ’Λγίῳ
2627 2707 3053 2778 παραϐαλόντος,
3091 2705 3299 2757 ἐκείνου
3356 2721 3418 2754 τε
3465 2703 3562 2772 τὴν

1988 2805 2199 2874 ἄμαχον
2243 2803 2387 2871 αὐτῷ
2435 2801 2528 2854 τοῦ
2580 2800 2816 2870 Χριστοῦ
2876 2799 3144 2869 σφραγῖδα
3188 2795 3559 2856 ἐπιϐαλόντος,

1989 2897 2164 2949 ἐδόκει
2194 2894 2281 2947 διὰ
2311 2893 2479 2962 πυρος
2509 2893 2793 2962 ἀστραπῆς
2823 2894 2850 2944 ὁ
2879 2891 3088 2960 δαίμων
3114 2889 3304 2942 ἑαυτὸν
3331 2889 3460 2958 ὀρᾷν
3483 2905 3562 2938 τι·

1993 2987 2340 3058 μωρούμενον
2357 3003 2372 3018 ο
2395 2986 2459 3037 Τί
2485 2983 2661 3042 τοῦτο,
2679 2983 2830 3035 δοῦλε
2851 2981 2942 3035 τοῦ
2964 2981 3098 3034 Θεοῦ
3126 2997 3140 3044 ;
3169 2980 3340 3048 λέγων
3366 2995 3378 3007 ·
3409 2979 3461 3030 τί
3496 2995 3562 3048 με

1989 3079 2174 3142 δεινῶς
2229 3077 2562 3146 πυρπολεῖς;
2612 3075 2732 3126 οὺδέ
2767 3073 2877 3142 γάρ
2915 3073 3012 3142 τὴν
3063 3073 3120 3124 ἐν
3167 3073 3248 3123 σοι
3289 3070 3383 3122 τοῦ
3430 3069 3562 3122 Θεοῦ

1991 3174 2146 3241 χεῖρα
2185 3169 2418 3237 δύναμαι
2467 3163 2674 3234 στέγειν
2705 3165 2803 3234 τὴν
2845 3161 3098 3232 φοϐερὰν,
3133 3162 3253 3232 ἣτις
3287 3161 3384 3228 οὐχ
3419 3161 3564 3230 ἡμᾶς

1994 3264 2204 3332 πέφυκε
2255 3261 2414 3331 μόνον
2453 3257 2670 3328 μάστιξι
2719 3257 2972 3327 πυρίναις
3000 3253 3262 3312 ἐλαύνειν,
3304 3251 3438 3304 ἀλλὰ
3471 3249 3568 3303 καὶ

1993 3358 2179 3418 νόσους
2203 3354 2277 3422 τῷ
2300 3353 2414 3422 λαῷ
2441 3349 2785 3410 παντοδαπάς
2815 3345 3158 3418 θεραπεύειν.
3185 3343 3368 3396 Ταῦτα
3391 3343 3448 3394 τὺ
3475 3359 3567 3394 πο-
3619 3411 3622 3414 _

1993 3449 2156 3518 νηρὸν
2215 3447 2390 3497 ἐκεῖνο
2436 3441 2654 3510 πνεῦμα
2710 3442 2776 3510 τῇ
2835 3437 2926 3490 τοῦ
2984 3435 3282 3504 πάσχοντος
3355 3431 3570 3502 γλώττῃ

1997 3537 2389 3606 φθεγξάμενον,
2441 3532 2602 3595 εὐθὺς
2656 3531 2964 3600 ἀπελήλατο
2987 3547 3000 3560 ·
3029 3523 3195 3597 οὗπερ
3229 3527 3256 3578 6
3290 3525 3568 3580 νεανίσκος

1995 3631 2354 3696 ἀπαλλαγεὶς,
2394 3625 2658 3693 ’Ἄγγελον
2705 3625 2798 3676 ὑπ’
2828 3619 3140 3690 ὀφθαλμοὺς
3180 3617 3328 3689 ἐώρα
3365 3617 3441 3684 τῷ
3469 3615 3570 3667 Συ-

2002 3722 2146 3794 μεὼν
2195 3723 2252 3772 ἐν
2305 3717 2614 3790 ὁμοιώματι
2667 3713 2999 3788 στρατιώτου
3053 3709 3458 3780 παρεστηκότα,
3495 3707 3569 3768 ὡς

1999 3815 2158 3876 αὐτὸς
2195 3813 2420 3880 ὕστερον
2457 3809 2720 3880 ἐξηγεῖτο,
2753 3809 2845 3859 καὶ
2877 3803 3022 3873 αῦτῷ
3053 3802 3290 3872 γνησίως
3330 3799 3570 3866 6:21:76-

2002 3923 2180 3974 μενον.
2237 3899 2370 3956 Εἶτα
2431 3903 2524 3954 καὶ
2585 3901 2712 3968 περὶ
2764 3897 2857 3951 τοῦ
2909 3897 3062 3958 ποδὸς
3111 3894 3311 3947 ἐδεῖτο·
3357 3889 3426 3965 ἦν
3467 3893 3572 3960 γὰρ

1999 3995 2240 4057 ἀσθενῶς
2291 3993 2438 4064 ἔχων
2481 3991 2559 4060 τῷ
2587 3991 2891 4059 νεανίσκῳ·
2931 3985 3128 4058 μικροῦ
3180 3987 3232 4037 δέ
3273 3986 3365 4038 καὶ
3407 3983 3574 4054 ἀχρή-

2003 4103 2140 4147 στως
2163 4085 2190 4135 6
2211 4082 2344 4145 πούς
2370 4099 2383 4112 ⁸
2419 4083 2576 4150 χεῖρα
2605 4081 2784 4131 τοίνυν
2816 4077 2894 4147 τῷ
2923 4077 3043 4129 ποδὶ
3067 4075 3161 4128 τοῦ
3203 4073 3427 4142 Συμεὼν
3452 4077 3572 4124 ἐπι-

2002 4177 2182 4238 θέντος
2215 4175 2346 4246 εὐχῇ
2369 4173 2837 4243 θεραπευομένην,
2869 4169 2945 4240 τῷ
2969 4187 3026 4221 τε
3047 4167 3140 4220 τοῦ
3168 4165 3399 4236 σταυροῦ
3421 4167 3576 4234 τύπῳ

2003 4267 2520 4337 διαςφραγίσαντος,
2550 4263 2718 4331 ὑγιῶς
2751 4263 2970 4326 αὐτίκα,
3007 4261 3100 4314 καὶ
3137 4261 3350 4330 θατέρῳ
3380 4260 3440 4312 τὸ
3470 4261 3576 4312 πᾶν

2005 4357 2148 4430 εἶχεν
2178 4359 2398 4426 ὁμοίως.

397 4447 482 4500 73.
518 4445 668 4499 Alter
697 4445 956 4500 violentia
981 4435 1246 4500 daemonis
1272 4445 1462 4501 faciem
1492 4447 1777 4501 distortum
1803 4447 1898 4500 ha-
1925 4449 1978 4507 D

2074 4451 2170 4504 00'.
2206 4450 2432 4520 ’Ἑτερός
2466 4467 2568 4510 τις,
2601 4447 2818 4514 δαίμονι
2841 4447 2938 4516 τὴν
2981 4443 3104 4514 ὄψιν
3146 4445 3486 4514 διάστροφος,
3519 4443 3579 4495 τὸ

2005 4545 2096 4597 τοῦ
2123 4543 2269 4595 θείου
2297 4540 2522 4610 Συμεὼν
2550 4541 2720 4608 ὄνομα
2745 4540 2824 4601 είς
2851 4539 2994 4590 ἴασιν
3014 4543 3108 4591 τοῑ
3143 4537 3348 4599 πάθους
3377 4539 3580 4589 ἐπεκα-

2005 4639 2168 4698 λεετο,
2213 4635 2304 4688 καί
2339 4651 2470 4685 ποτε
2500 4632 2689 4684 τοῦτον
2737 4634 2793 4682 ἐν
2845 4631 3026 4701 αἰθέρι
3081 4631 3228 4700 μέσῳ
3261 4629 3456 4700 ῥάϐδον
3494 4627 3582 4680 διὰ

2008 4729 2186 4798 χειρὸς
2221 4725 2408 4795 ἔχοντα
2443 4723 2674 4792 πυρίνην
2705 4723 2839 4792 ὁρᾷ,
2883 4722 2976 4774 καὶ
3025 4721 3266 4790 σφοδρῶς
3303 4721 3388 4772 ἐπ’
3419 4721 3582 4772 abripi

2008 4817 2329 4888 φερόμενον.
2368 4813 2475 4868 Τοῦ
2523 4815 2653 4880 γοῦν
2693 4812 3002 4883 ἀκαθάρτου
3037 4813 3344 4882 πνεύματος
3369 4811 3584 4864 ἐκείνου

2005 4909 2103 4978 τὴν
2153 4907 2338 4976 ἔφοδον
2379 4907 2478 4958 οὐκ
2523 4904 2856 4973 ἐνεγκόντος,
2889 4903 3006 4956 ἁλλ’
3049 4905 3126 4965 εἰς
3165 4903 3342 4972 φυγὴν
3385 4903 3584 4970 ἀγεννῆ

2008 4999 2374 5069 τραπομένου,
2423 4997 2484 5050 τό
2529 5015 2589 5048 τε
2629 4995 2918 5066 πρόσωπον
2965 4994 3041 5062 τῷ
3079 4995 3338 5063 πάσχοντι
3381 4995 3586 5056 εὐθέως

2008 5091 2378 5160 ἀποκατέστη,
2421 5089 2512 5143 καὶ
2541 5088 2715 5160 ὀρθῶς
2755 5087 2848 5139 τοῦ
2883 5086 3070 5140 λοιποῦ
3113 5087 3204 5138 καὶ
3246 5087 3382 5137 κατὰ
3425 5085 3588 5152 εὕει-ι

2013 5183 2177 5255 εἶχεν.
2209 5186 2368 5252 -Οφει
2390 5181 2612 5252 δέδηκτό
2645 5199 2727 5258 τις
2765 5179 2952 5250 ἰοϐόλῳ
2995 5181 3083 5232 τὸν
3119 5179 3274 5234 πὲεα,
3303 5179 3392 5230 καὶ
3423 5177 3588 5246 si?”

2009 5279 2037 5328 ὁ
2067 5277 2140 5338 ἰὸς
2173 5276 2502 5344 ἐμποιήσας,
2533 5273 2592 5325 οὐ
2625 5275 2780 5342 χεῖρα
2826 5271 2984 5339 μόνον
3025 5269 3118 5322 καὶ
3147 5269 3340 5338 τέχνην
3387 5266 3590 5336 ἰατρῶν

2010 5364 2374 5432 ἀπαγορεύειν
2427 5361 2620 5428 ἐποίει,
2675 5363 2789 5414 ἀλλ’
2821 5363 2918 5432 ἤδη
2969 5361 3062 5414 καί
3101 5359 3326 5412 θάνατον
3372 5357 3590 5426 ἠπείλει

2013 5455 2155 5526 σαφῆ
2180 5471 2192 5485 ·
2222 5455 2356 5526 πρὸς
2391 5453 2448 5506 ὃν
2473 5454 2566 5506 καὶ
2603 5453 2760 5523 μόνον
2787 5453 2816 5503 6
2849 5453 3092 5522 πάσχων,
3123 5451 3228 5502 τῶν
3255 5449 3429 5504 ἄλλων
3459 5451 3594 5502 ἀπο·

2011 5549 2172 5615 γνοὺς
2201 5548 2480 5608 ἁπάντων,
2514 5545 2680 5615 ἐώρα.
2729 5545 3102 5597 ’Υποτείνουσι
3136 5543 3192 5596 δέ
3219 5559 3360 5603 τινες
3387 5541 3480 5602 τὰς
3509 5543 3590 5602 εἰς

2013 5642 2102 5693 τὸν
2142 5641 2331 5707 Ἀγιον
2387 5638 2608 5700 ἐλπίδας
2655 5637 2824 5706 αὐτῷ,
2875 5635 3122 5706 καθάπερ
3169 5635 3376 5687 ἐκείνου
3421 5635 3588 5702 μόνου

2016 5735 2202 5804 στῆναι
2235 5733 2368 5802 πρὸς
2400 5731 2541 5784 οῦτω
2581 5731 2812 5802 φανερὸν
2849 5729 3091 5784 κίνδυνεν
3135 5725 3455 5796 δυναμένου,
3507 5717 3588 5786 οἷς
