  <div class='ocr_page' id='page_1' title='image "/cluster/home/n/w/nwhite01/storage/ocr_20150623/86:2/hvd.32044054112354/659.png"; bbox 0 0 4034 6186; ppageno 0'>
   <div class='ocr_carea' id='block_1_1' title="bbox 384 243 526 306">
    <p class='ocr_par' dir='ltr' id='par_1_1' title="bbox 384 243 526 306">
     <span class='ocr_line' id='line_1_1' title="bbox 384 243 526 306; baseline -0.028 1"><span class='ocrx_word' id='word_1_1' title='bbox 384 243 526 306; x_wconf 75' lang='lat'><strong>3063</strong></span> 
     </span>
    </p>
   </div>
   <div class='ocr_carea' id='block_1_2' title="bbox 1550 245 2434 316">
    <p class='ocr_par' dir='ltr' id='par_1_2' title="bbox 1550 245 2434 316">
     <span class='ocr_line' id='line_1_2' title="bbox 1550 245 2434 316; baseline -0.002 -10"><span class='ocrx_word' id='word_1_2' title='bbox 1550 248 1610 308; x_wconf 87' lang='lat' dir='ltr'><strong>S.</strong></span> <span class='ocrx_word' id='word_1_3' title='bbox 1652 246 2052 316; x_wconf 16' lang='lat' dir='ltr'><strong>SYMEONIS.</strong></span> <span class='ocrx_word' id='word_1_4' title='bbox 2075 245 2434 306; x_wconf 67' lang='lat' dir='ltr'><strong>JUNIIMHS</strong></span> 
     </span>
    </p>
   </div>
   <div class='ocr_carea' id='block_1_3' title="bbox 3482 247 3606 313">
    <p class='ocr_par' dir='ltr' id='par_1_3' title="bbox 3482 247 3606 313">
     <span class='ocr_line' id='line_1_3' title="bbox 3482 247 3606 313; baseline 0.016 -2"><span class='ocrx_word' id='word_1_5' title='bbox 3482 247 3606 313; x_wconf 71' lang='lat' dir='ltr'><strong>306i</strong></span> 
     </span>
    </p>
   </div>
   <div class='ocr_carea' id='block_1_4' title="bbox 385 349 1956 429">
    <p class='ocr_par' dir='ltr' id='par_1_4' title="bbox 385 357 1956 429">
     <span class='ocr_line' id='line_1_4' title="bbox 385 357 1956 429; baseline 0.002 -21"><span class='ocrx_word' id='word_1_6' title='bbox 385 371 435 409; x_wconf 75' lang='lat' dir='ltr'><strong>ri</strong></span> <span class='ocrx_word' id='word_1_7' title='bbox 464 373 712 412; x_wconf 76' lang='lat' dir='ltr'><strong>rasuram</strong></span> <span class='ocrx_word' id='word_1_8' title='bbox 739 357 960 429; x_wconf 77' lang='lat' dir='ltr'><strong>capitis,</strong></span> <span class='ocrx_word' id='word_1_9' title='bbox 992 358 1295 414; x_wconf 85' lang='lat' dir='ltr'><strong>cincturam</strong></span> <span class='ocrx_word' id='word_1_10' title='bbox 1332 373 1637 424; x_wconf 88' lang='lat' dir='ltr'><strong>saccorum,</strong></span> <span class='ocrx_word' id='word_1_11' title='bbox 1695 369 1756 414; x_wconf 89' lang='lat' dir='ltr'><strong>ut</strong></span> <span class='ocrx_word' id='word_1_12' title='bbox 1825 358 1956 412; x_wconf 80' lang='lat' dir='ltr'><strong>dixit</strong></span> 
     </span>
    </p>
   </div>
   <div class='ocr_carea' id='block_1_5' title="bbox 2060 349 3608 429">
    <p class='ocr_par' dir='ltr' id='par_1_5' title="bbox 2065 349 3608 428">
     <span class='ocr_line' id='line_1_5' title="bbox 2065 349 3608 428; baseline 0.002 -19"><span class='ocrx_word' id='word_1_13' title='bbox 2065 359 2328 428; x_wconf 70' lang='grc' dir='ltr'><strong>κεφαλῆς,</strong></span> <span class='ocrx_word' id='word_1_14' title='bbox 2387 359 2482 412; x_wconf 65' lang='grc' dir='ltr'><strong>καὶ</strong></span> <span class='ocrx_word' id='word_1_15' title='bbox 2551 358 2716 422; x_wconf 73' lang='grc' dir='ltr'>ζῶσιν</span> <span class='ocrx_word' id='word_1_16' title='bbox 2773 355 3014 419; x_wconf 78' lang='grc' dir='ltr'>σάκκων,</span> <span class='ocrx_word' id='word_1_17' title='bbox 3059 357 3088 409; x_wconf 85' lang='grc' dir='ltr'>ὁ</span> <span class='ocrx_word' id='word_1_18' title='bbox 3151 354 3288 416; x_wconf 82' lang='grc' dir='ltr'>θεῖος</span> <span class='ocrx_word' id='word_1_19' title='bbox 3350 349 3497 411; x_wconf 79' lang='grc' dir='ltr'>εἶπεν</span> <span class='ocrx_word' id='word_1_20' title='bbox 3546 363 3608 414; x_wconf 75' lang='grc' dir='ltr'><strong>ἂν</strong></span> 
     </span>
    </p>
   </div>
   <div class='ocr_carea' id='block_1_6' title="bbox 281 445 1956 520">
    <p class='ocr_par' dir='ltr' id='par_1_6' title="bbox 281 445 1956 520">
     <span class='ocr_line' id='line_1_6' title="bbox 281 445 1956 520; baseline 0.004 -23"><span class='ocrx_word' id='word_1_21' title='bbox 281 463 288 468; x_wconf 64' lang='grc' dir='ltr'><em>ο</em></span> <span class='ocrx_word' id='word_1_22' title='bbox 382 453 606 501; x_wconf 83' lang='lat' dir='ltr'><strong>sanctus</strong></span> <span class='ocrx_word' id='word_1_23' title='bbox 649 445 836 501; x_wconf 85' lang='lat' dir='ltr'><strong>Isaias.</strong></span> <span class='ocrx_word' id='word_1_24' title='bbox 869 447 1181 514; x_wconf 79' lang='lat' dir='ltr'><strong>Quinetiam</strong></span> <span class='ocrx_word' id='word_1_25' title='bbox 1233 449 1642 520; x_wconf 73' lang='lat' dir='ltr'><strong>graccizantium</strong></span> <span class='ocrx_word' id='word_1_26' title='bbox 1684 450 1956 515; x_wconf 86' lang='lat' dir='ltr'><strong>nonnulli,</strong></span> 
     </span>
    </p>
   </div>
   <div class='ocr_carea' id='block_1_7' title="bbox 391 535 1960 609">
    <p class='ocr_par' dir='ltr' id='par_1_7' title="bbox 391 535 1960 609">
     <span class='ocr_line' id='line_1_7' title="bbox 391 535 1960 609; baseline 0.007 -23"><span class='ocrx_word' id='word_1_27' title='bbox 391 551 583 589; x_wconf 78' lang='lat' dir='ltr'><strong>vanam</strong></span> <span class='ocrx_word' id='word_1_28' title='bbox 636 535 1004 608; x_wconf 77' lang='lat' dir='ltr'><strong>fallacemque</strong></span> <span class='ocrx_word' id='word_1_29' title='bbox 1044 539 1393 609; x_wconf 74' lang='lat' dir='ltr'><strong>astrologiam</strong></span> <span class='ocrx_word' id='word_1_30' title='bbox 1457 541 1874 608; x_wconf 83' lang='lat' dir='ltr'><strong>blaterantium,</strong></span> <span class='ocrx_word' id='word_1_31' title='bbox 1901 552 1960 597; x_wconf 89' lang='lat' dir='ltr'><strong>et</strong></span> 
     </span>
    </p>
   </div>
   <div class='ocr_carea' id='block_1_8' title="bbox 381 630 1957 701">
    <p class='ocr_par' dir='ltr' id='par_1_8' title="bbox 381 630 1957 701">
     <span class='ocr_line' id='line_1_8' title="bbox 381 630 1957 701; baseline 0.002 -19"><span class='ocrx_word' id='word_1_32' title='bbox 381 639 657 692; x_wconf 76' lang='lat' dir='ltr'><strong>astrorum</strong></span> <span class='ocrx_word' id='word_1_33' title='bbox 690 641 850 701; x_wconf 90' lang='lat' dir='ltr'><strong>raptu</strong></span> <span class='ocrx_word' id='word_1_34' title='bbox 883 631 1210 686; x_wconf 88' lang='lat' dir='ltr'><strong>sublunaria</strong></span> <span class='ocrx_word' id='word_1_35' title='bbox 1237 630 1353 686; x_wconf 68' lang='lat' dir='ltr'><strong>haec</strong></span> <span class='ocrx_word' id='word_1_36' title='bbox 1381 642 1566 687; x_wconf 89' lang='lat' dir='ltr'><strong>nostra</strong></span> <span class='ocrx_word' id='word_1_37' title='bbox 1623 632 1786 688; x_wconf 85' lang='lat' dir='ltr'><strong>simul</strong></span> <span class='ocrx_word' id='word_1_38' title='bbox 1838 649 1957 688; x_wconf 77' lang='lat' dir='ltr'><strong>rno-</strong></span> 
     </span>
    </p>
   </div>
   <div class='ocr_carea' id='block_1_9' title="bbox 325 713 1957 795">
    <p class='ocr_par' dir='ltr' id='par_1_9' title="bbox 325 713 1957 795">
     <span class='ocr_line' id='line_1_9' title="bbox 325 713 1957 795; baseline 0.007 -26"><span class='ocrx_word' id='word_1_39' title='bbox 325 713 328 718; x_wconf 83' lang='grc'><em>’</em></span> <span class='ocrx_word' id='word_1_40' title='bbox 378 720 500 788; x_wconf 57' lang='lat' dir='ltr'><strong>reri</strong></span> <span class='ocrx_word' id='word_1_41' title='bbox 531 721 1377 790; x_wconf 50' lang='lat' dir='ltr'><strong>arbitrantium,ginterdiccbant</strong></span> <span class='ocrx_word' id='word_1_42' title='bbox 1396 725 1506 795; x_wconf 85' lang='lat' dir='ltr'><strong>jam</strong></span> <span class='ocrx_word' id='word_1_43' title='bbox 1535 733 1651 778; x_wconf 90' lang='lat' dir='ltr'><strong>tum</strong></span> <span class='ocrx_word' id='word_1_44' title='bbox 1681 725 1787 781; x_wconf 87' lang='lat' dir='ltr'><strong>sibi</strong></span> <span class='ocrx_word' id='word_1_45' title='bbox 1817 727 1957 781; x_wconf 87' lang='lat' dir='ltr'><strong>civi-</strong></span> 
     </span>
    </p>
   </div>
   <div class='ocr_carea' id='block_1_10' title="bbox 381 814 1685 886">
    <p class='ocr_par' dir='ltr' id='par_1_10' title="bbox 381 814 1685 886">
     <span class='ocr_line' id='line_1_10' title="bbox 381 814 1685 886; baseline 0.005 -22"><span class='ocrx_word' id='word_1_46' title='bbox 381 821 516 876; x_wconf 86' lang='lat' dir='ltr'><strong>tate,</strong></span> <span class='ocrx_word' id='word_1_47' title='bbox 556 815 816 882; x_wconf 79' lang='lat' dir='ltr'><strong>tanquam</strong></span> <span class='ocrx_word' id='word_1_48' title='bbox 844 814 1069 883; x_wconf 90' lang='lat' dir='ltr'><strong>penitus</strong></span> <span class='ocrx_word' id='word_1_49' title='bbox 1095 815 1307 870; x_wconf 79' lang='lat' dir='ltr'><strong>ruitura</strong></span> <span class='ocrx_word' id='word_1_50' title='bbox 1340 816 1685 886; x_wconf 81' lang='lat' dir='ltr'><strong>propediem.</strong></span> 
     </span>
    </p>
   </div>
   <div class='ocr_carea' id='block_1_11' title="bbox 449 989 1956 1066">
    <p class='ocr_par' dir='ltr' id='par_1_11' title="bbox 449 989 1956 1066">
     <span class='ocr_line' id='line_1_11' title="bbox 449 989 1956 1066; baseline 0.006 -24"><span class='ocrx_word' id='word_1_51' title='bbox 449 989 537 1043; x_wconf 73' lang='lat'><strong>82.</strong></span> <span class='ocrx_word' id='word_1_52' title='bbox 573 990 809 1061; x_wconf 79' lang='lat' dir='ltr'><strong>Symeon</strong></span> <span class='ocrx_word' id='word_1_53' title='bbox 859 992 1044 1064; x_wconf 77' lang='lat' dir='ltr'><strong>igitur,</strong></span> <span class='ocrx_word' id='word_1_54' title='bbox 1083 994 1313 1050; x_wconf 88' lang='lat' dir='ltr'><strong>Sabbati</strong></span> <span class='ocrx_word' id='word_1_55' title='bbox 1345 995 1581 1066; x_wconf 91' lang='lat' dir='ltr'><strong>quadam</strong></span> <span class='ocrx_word' id='word_1_56' title='bbox 1627 996 1718 1052; x_wconf 89' lang='lat' dir='ltr'><strong>die</strong></span> <span class='ocrx_word' id='word_1_57' title='bbox 1765 997 1956 1051; x_wconf 59' lang='lat' dir='ltr'><strong>illuceo</strong></span> 
     </span>
    </p>
   </div>
   <div class='ocr_carea' id='block_1_12' title="bbox 378 1082 1951 1158">
    <p class='ocr_par' dir='ltr' id='par_1_12' title="bbox 378 1082 1951 1158">
     <span class='ocr_line' id='line_1_12' title="bbox 378 1082 1951 1158; baseline 0.004 -22"><span class='ocrx_word' id='word_1_58' title='bbox 378 1091 586 1145; x_wconf 79' lang='lat' dir='ltr'><strong>scente,</strong></span> <span class='ocrx_word' id='word_1_59' title='bbox 621 1082 746 1140; x_wconf 77' lang='lat' dir='ltr'><strong>laeto</strong></span> <span class='ocrx_word' id='word_1_60' title='bbox 780 1092 945 1154; x_wconf 91' lang='lat' dir='ltr'><strong>atque</strong></span> <span class='ocrx_word' id='word_1_61' title='bbox 976 1097 1302 1155; x_wconf 82' lang='lat' dir='ltr'><strong>exporrecto</strong></span> <span class='ocrx_word' id='word_1_62' title='bbox 1332 1089 1485 1142; x_wconf 89' lang='lat' dir='ltr'><strong>vultu</strong></span> <span class='ocrx_word' id='word_1_63' title='bbox 1521 1088 1588 1142; x_wconf 93' lang='lat' dir='ltr'><strong>ad</strong></span> <span class='ocrx_word' id='word_1_64' title='bbox 1643 1089 1906 1158; x_wconf 90' lang='lat' dir='ltr'><strong>populum</strong></span> <span class='ocrx_word' id='word_1_65' title='bbox 1936 1106 1951 1143; x_wconf 86' lang='lat'><strong>:</strong></span> 
     </span>
    </p>
   </div>
   <div class='ocr_carea' id='block_1_13' title="bbox 375 1172 1952 1250">
    <p class='ocr_par' dir='ltr' id='par_1_13' title="bbox 375 1172 1952 1250">
     <span class='ocr_line' id='line_1_13' title="bbox 375 1172 1952 1250; baseline 0.005 -24"><span class='ocrx_word' id='word_1_66' title='bbox 375 1172 667 1240; x_wconf 77' lang='lat' dir='ltr'><strong>Conﬁdite,</strong></span> <span class='ocrx_word' id='word_1_67' title='bbox 697 1174 902 1244; x_wconf 76' lang='lat' dir='ltr'><strong>inquit,</strong></span> <span class='ocrx_word' id='word_1_68' title='bbox 929 1177 1101 1232; x_wconf 87' lang='lat' dir='ltr'><strong>nolite</strong></span> <span class='ocrx_word' id='word_1_69' title='bbox 1137 1179 1370 1232; x_wconf 89' lang='lat' dir='ltr'><strong>timere:</strong></span> <span class='ocrx_word' id='word_1_70' title='bbox 1407 1179 1697 1250; x_wconf 89' lang='lat' dir='ltr'><strong>redarguta</strong></span> <span class='ocrx_word' id='word_1_71' title='bbox 1748 1179 1952 1250; x_wconf 86' lang='lat' dir='ltr'><strong>quippe</strong></span> 
     </span>
    </p>
   </div>
   <div class='ocr_carea' id='block_1_14' title="bbox 375 1264 1952 1342">
    <p class='ocr_par' dir='ltr' id='par_1_14' title="bbox 375 1264 1952 1342">
     <span class='ocr_line' id='line_1_14' title="bbox 375 1264 1952 1342; baseline 0.004 -23"><span class='ocrx_word' id='word_1_72' title='bbox 375 1274 461 1319; x_wconf 81' lang='lat' dir='ltr'><strong>est</strong></span> <span class='ocrx_word' id='word_1_73' title='bbox 515 1264 676 1319; x_wconf 79' lang='lat' dir='ltr'><strong>fallax</strong></span> <span class='ocrx_word' id='word_1_74' title='bbox 725 1269 1224 1339; x_wconf 85' lang='lat' dir='ltr'><strong>meteorologorum</strong></span> <span class='ocrx_word' id='word_1_75' title='bbox 1281 1270 1534 1335; x_wconf 87' lang='lat' dir='ltr'><strong>scientia,</strong></span> <span class='ocrx_word' id='word_1_76' title='bbox 1610 1271 1792 1342; x_wconf 85' lang='lat' dir='ltr'><strong>quoad</strong></span> <span class='ocrx_word' id='word_1_77' title='bbox 1864 1287 1952 1326; x_wconf 88' lang='lat' dir='ltr'><strong>res</strong></span> 
     </span>
    </p>
   </div>
   <div class='ocr_carea' id='block_1_15' title="bbox 375 1356 1951 1433">
    <p class='ocr_par' dir='ltr' id='par_1_15' title="bbox 375 1356 1951 1433">
     <span class='ocr_line' id='line_1_15' title="bbox 375 1356 1951 1433; baseline 0.006 -24"><span class='ocrx_word' id='word_1_78' title='bbox 375 1356 591 1411; x_wconf 76' lang='lat' dir='ltr'><strong>futuras</strong></span> <span class='ocrx_word' id='word_1_79' title='bbox 621 1358 916 1429; x_wconf 89' lang='lat' dir='ltr'><strong>caliginosa</strong></span> <span class='ocrx_word' id='word_1_80' title='bbox 942 1369 1108 1429; x_wconf 84' lang='lat' dir='ltr'><strong>atque</strong></span> <span class='ocrx_word' id='word_1_81' title='bbox 1159 1375 1322 1424; x_wconf 62' lang='lat' dir='ltr'><strong>eatea,</strong></span> <span class='ocrx_word' id='word_1_82' title='bbox 1375 1372 1433 1417; x_wconf 91' lang='lat' dir='ltr'><strong>et</strong></span> <span class='ocrx_word' id='word_1_83' title='bbox 1493 1377 1616 1432; x_wconf 69' lang='lat' dir='ltr'><strong>quae</strong></span> <span class='ocrx_word' id='word_1_84' title='bbox 1681 1362 1786 1417; x_wconf 87' lang='lat' dir='ltr'><strong>sibi</strong></span> <span class='ocrx_word' id='word_1_85' title='bbox 1834 1363 1951 1433; x_wconf 86' lang='lat' dir='ltr'><strong>ipsa</strong></span> 
     </span>
    </p>
   </div>
   <div class='ocr_carea' id='block_1_16' title="bbox 377 1447 1950 1518">
    <p class='ocr_par' dir='ltr' id='par_1_16' title="bbox 377 1447 1950 1518">
     <span class='ocr_line' id='line_1_16' title="bbox 377 1447 1950 1518; baseline 0.004 -20"><span class='ocrx_word' id='word_1_86' title='bbox 377 1447 672 1517; x_wconf 87' lang='lat' dir='ltr'><strong>perspicue</strong></span> <span class='ocrx_word' id='word_1_87' title='bbox 731 1449 984 1518; x_wconf 88' lang='lat' dir='ltr'><strong>imponit.</strong></span> <span class='ocrx_word' id='word_1_88' title='bbox 1018 1450 1155 1504; x_wconf 86' lang='lat' dir='ltr'><strong>Ecce</strong></span> <span class='ocrx_word' id='word_1_89' title='bbox 1207 1451 1356 1505; x_wconf 88' lang='lat' dir='ltr'><strong>enim</strong></span> <span class='ocrx_word' id='word_1_90' title='bbox 1416 1453 1634 1507; x_wconf 87' lang='lat' dir='ltr'><strong>remisit</strong></span> <span class='ocrx_word' id='word_1_91' title='bbox 1682 1453 1950 1507; x_wconf 88' lang='lat' dir='ltr'><strong>Dominus</strong></span> 
     </span>
    </p>
   </div>
   <div class='ocr_carea' id='block_1_17' title="bbox 375 1536 1950 1608">
    <p class='ocr_par' dir='ltr' id='par_1_17' title="bbox 375 1536 1950 1608">
     <span class='ocr_line' id='line_1_17' title="bbox 375 1536 1950 1608; baseline 0.004 -18"><span class='ocrx_word' id='word_1_92' title='bbox 375 1536 617 1592; x_wconf 82' lang='lat' dir='ltr'><strong>furorem</strong></span> <span class='ocrx_word' id='word_1_93' title='bbox 660 1539 868 1608; x_wconf 82' lang='lat' dir='ltr'><strong>pepulo</strong></span> <span class='ocrx_word' id='word_1_94' title='bbox 929 1556 1051 1604; x_wconf 88' lang='lat' dir='ltr'><strong>suo,</strong></span> <span class='ocrx_word' id='word_1_95' title='bbox 1081 1550 1137 1595; x_wconf 89' lang='lat' dir='ltr'><strong>et</strong></span> <span class='ocrx_word' id='word_1_96' title='bbox 1190 1555 1381 1595; x_wconf 87' lang='lat' dir='ltr'><strong>servos</strong></span> <span class='ocrx_word' id='word_1_97' title='bbox 1436 1556 1567 1596; x_wconf 85' lang='lat' dir='ltr'><strong>suos</strong></span> <span class='ocrx_word' id='word_1_98' title='bbox 1634 1544 1950 1598; x_wconf 82' lang='lat' dir='ltr'><strong>consolatus</strong></span> 
     </span>
    </p>
   </div>
   <div class='ocr_carea' id='block_1_18' title="bbox 374 1630 1946 1704">
    <p class='ocr_par' dir='ltr' id='par_1_18' title="bbox 374 1630 1946 1704">
     <span class='ocr_line' id='line_1_18' title="bbox 374 1630 1946 1704; baseline 0.006 -22"><span class='ocrx_word' id='word_1_99' title='bbox 374 1640 479 1683; x_wconf 81' lang='lat' dir='ltr'><strong>est.</strong></span> <span class='ocrx_word' id='word_1_100' title='bbox 499 1630 621 1685; x_wconf 84' lang='lat' dir='ltr'><strong>Vidi</strong></span> <span class='ocrx_word' id='word_1_101' title='bbox 644 1631 872 1696; x_wconf 90' lang='lat' dir='ltr'><strong>etenim,</strong></span> <span class='ocrx_word' id='word_1_102' title='bbox 906 1642 1068 1702; x_wconf 88' lang='lat' dir='ltr'><strong>atque</strong></span> <span class='ocrx_word' id='word_1_103' title='bbox 1102 1648 1231 1687; x_wconf 91' lang='lat' dir='ltr'><strong>ecce</strong></span> <span class='ocrx_word' id='word_1_104' title='bbox 1254 1649 1448 1691; x_wconf 79' lang='lat' dir='ltr'><strong>versus</strong></span> <span class='ocrx_word' id='word_1_105' title='bbox 1468 1634 1737 1689; x_wconf 83' lang='lat' dir='ltr'><strong>orientem</strong></span> <span class='ocrx_word' id='word_1_106' title='bbox 1771 1636 1946 1704; x_wconf 85' lang='lat' dir='ltr'><strong>aperti</strong></span> 
     </span>
    </p>
   </div>
   <div class='ocr_carea' id='block_1_19' title="bbox 2078 446 3610 521">
    <p class='ocr_par' dir='ltr' id='par_1_19' title="bbox 2078 446 3610 521">
     <span class='ocr_line' id='line_1_19' title="bbox 2078 446 3610 521; baseline 0.003 -21"><span class='ocrx_word' id='word_1_107' title='bbox 2078 447 2398 513; x_wconf 76' lang='grc' dir='ltr'><strong>Ἡσαΐας.ού</strong></span> <span class='ocrx_word' id='word_1_108' title='bbox 2434 449 2541 521; x_wconf 77' lang='grc' dir='ltr'>μὴν</span> <span class='ocrx_word' id='word_1_109' title='bbox 2591 448 2726 502; x_wconf 71' lang='grc' dir='ltr'>ἀλλὰ</span> <span class='ocrx_word' id='word_1_110' title='bbox 2769 449 2862 501; x_wconf 72' lang='grc' dir='ltr'>καὶ</span> <span class='ocrx_word' id='word_1_111' title='bbox 2891 447 2999 500; x_wconf 82' lang='grc' dir='ltr'><strong>τῶν</strong></span> <span class='ocrx_word' id='word_1_112' title='bbox 3045 446 3427 517; x_wconf 70' lang='grc' dir='ltr'>ἐλληνιζὸντων</span> <span class='ocrx_word' id='word_1_113' title='bbox 3451 453 3610 514; x_wconf 72' lang='grc' dir='ltr'>τινὰς,</span> 
     </span>
    </p>
   </div>
   <div class='ocr_carea' id='block_1_20' title="bbox 2064 536 3611 609">
    <p class='ocr_par' dir='ltr' id='par_1_20' title="bbox 2064 536 3611 609">
     <span class='ocr_line' id='line_1_20' title="bbox 2064 536 3611 609; baseline 0.004 -21"><span class='ocrx_word' id='word_1_114' title='bbox 2064 537 2200 606; x_wconf 79' lang='grc' dir='ltr'>πρός</span> <span class='ocrx_word' id='word_1_115' title='bbox 2249 553 2309 588; x_wconf 89' lang='grc' dir='ltr'><strong>τε</strong></span> <span class='ocrx_word' id='word_1_116' title='bbox 2367 539 2466 608; x_wconf 82' lang='grc' dir='ltr'><strong>τὴν</strong></span> <span class='ocrx_word' id='word_1_117' title='bbox 2501 538 2736 608; x_wconf 77' lang='grc' dir='ltr'><strong>ματαίαν</strong></span> <span class='ocrx_word' id='word_1_118' title='bbox 2783 537 2881 606; x_wconf 82' lang='grc' dir='ltr'><strong>τῆς</strong></span> <span class='ocrx_word' id='word_1_119' title='bbox 2922 536 3278 607; x_wconf 74' lang='grc' dir='ltr'><strong>ἀστρολογίας</strong></span> <span class='ocrx_word' id='word_1_120' title='bbox 3321 539 3611 609; x_wconf 79' lang='grc' dir='ltr'>κεχηνότων</span> 
     </span>
    </p>
   </div>
   <div class='ocr_carea' id='block_1_21' title="bbox 2063 630 3611 702">
    <p class='ocr_par' dir='ltr' id='par_1_21' title="bbox 2063 630 3611 702">
     <span class='ocr_line' id='line_1_21' title="bbox 2063 630 3611 702; baseline 0.003 -20"><span class='ocrx_word' id='word_1_121' title='bbox 2063 631 2302 698; x_wconf 82' lang='grc' dir='ltr'><strong>ἀπάτην,</strong></span> <span class='ocrx_word' id='word_1_122' title='bbox 2333 630 2428 686; x_wconf 76' lang='grc' dir='ltr'><strong>καὶ</strong></span> <span class='ocrx_word' id='word_1_123' title='bbox 2456 633 2523 702; x_wconf 68' lang='grc' dir='ltr'><strong>τῇ</strong></span> <span class='ocrx_word' id='word_1_124' title='bbox 2550 631 2657 684; x_wconf 87' lang='grc' dir='ltr'><strong>τῶν</strong></span> <span class='ocrx_word' id='word_1_125' title='bbox 2685 630 2932 700; x_wconf 80' lang='grc' dir='ltr'><strong>ἀστέρων</strong></span> <span class='ocrx_word' id='word_1_126' title='bbox 2968 631 3108 701; x_wconf 78' lang='grc' dir='ltr'>φορᾷ</span> <span class='ocrx_word' id='word_1_127' title='bbox 3158 630 3524 700; x_wconf 68' lang='grc' dir='ltr'><strong>συμφέρεσθαι</strong></span> <span class='ocrx_word' id='word_1_128' title='bbox 3551 635 3611 687; x_wconf 69' lang='grc' dir='ltr'>τὰ</span> 
     </span>
    </p>
   </div>
   <div class='ocr_carea' id='block_1_22' title="bbox 2060 719 3609 792">
    <p class='ocr_par' dir='ltr' id='par_1_22' title="bbox 2060 719 3609 792">
     <span class='ocr_line' id='line_1_22' title="bbox 2060 719 3609 792; baseline 0.003 -20"><span class='ocrx_word' id='word_1_129' title='bbox 2060 719 2184 772; x_wconf 83' lang='grc' dir='ltr'><strong>καθ’</strong></span> <span class='ocrx_word' id='word_1_130' title='bbox 2215 722 2365 792; x_wconf 69' lang='grc' dir='ltr'>ἡμᾶς</span> <span class='ocrx_word' id='word_1_131' title='bbox 2417 722 2701 792; x_wconf 89' lang='grc' dir='ltr'>οίομένων,</span> <span class='ocrx_word' id='word_1_132' title='bbox 2728 720 3094 792; x_wconf 79' lang='grc' dir='ltr'><strong>ἀπαγορεύειν</strong></span> <span class='ocrx_word' id='word_1_133' title='bbox 3152 721 3251 792; x_wconf 71' lang='grc' dir='ltr'>ήδη</span> <span class='ocrx_word' id='word_1_134' title='bbox 3298 724 3396 792; x_wconf 81' lang='grc' dir='ltr'>τὴν</span> <span class='ocrx_word' id='word_1_135' title='bbox 3451 723 3609 789; x_wconf 75' lang='grc' dir='ltr'>πόλιν,</span> 
     </span>
    </p>
   </div>
   <div class='ocr_carea' id='block_1_23' title="bbox 2060 811 3611 886">
    <p class='ocr_par' dir='ltr' id='par_1_23' title="bbox 2060 811 3611 886">
     <span class='ocr_line' id='line_1_23' title="bbox 2060 811 3611 886; baseline 0.004 -21"><span class='ocrx_word' id='word_1_136' title='bbox 2060 812 2136 874; x_wconf 79' lang='grc' dir='ltr'>ὼς</span> <span class='ocrx_word' id='word_1_137' title='bbox 2165 814 2348 866; x_wconf 79' lang='grc' dir='ltr'>πᾶσαν</span> <span class='ocrx_word' id='word_1_138' title='bbox 2373 811 2545 884; x_wconf 73' lang='grc' dir='ltr'>αὐτὴν</span> <span class='ocrx_word' id='word_1_139' title='bbox 2563 813 2687 867; x_wconf 84' lang='grc' dir='ltr'>ὅσον</span> <span class='ocrx_word' id='word_1_140' title='bbox 2715 813 2926 867; x_wconf 81' lang='grc' dir='ltr'>ούδέπω</span> <span class='ocrx_word' id='word_1_141' title='bbox 2949 813 3377 870; x_wconf 78' lang='grc' dir='ltr'>καταπεσεῖσθαι</span> <span class='ocrx_word' id='word_1_142' title='bbox 3407 816 3611 886; x_wconf 79' lang='grc' dir='ltr'>μέλλον·-</span> 
     </span>
    </p>
   </div>
   <div class='ocr_carea' id='block_1_24' title="bbox 2059 918 2178 955">
    <p class='ocr_par' dir='ltr' id='par_1_24' title="bbox 2059 918 2178 955">
     <span class='ocr_line' id='line_1_24' title="bbox 2059 918 2178 955; baseline 0.017 -2"><span class='ocrx_word' id='word_1_143' title='bbox 2059 918 2178 955; x_wconf 83' lang='grc' dir='ltr'>σαν.</span> 
     </span>
    </p>
   </div>
   <div class='ocr_carea' id='block_1_25' title="bbox 2129 987 3614 1067">
    <p class='ocr_par' dir='ltr' id='par_1_25' title="bbox 2129 987 3614 1067">
     <span class='ocr_line' id='line_1_25' title="bbox 2129 987 3614 1067; baseline 0.009 -27"><span class='ocrx_word' id='word_1_144' title='bbox 2129 987 2406 1058; x_wconf 79' lang='grc' dir='ltr'>πβ⁰.Μιᾶς</span> <span class='ocrx_word' id='word_1_145' title='bbox 2466 990 2598 1060; x_wconf 77' lang='grc' dir='ltr'><strong>¹γοῦν</strong></span> <span class='ocrx_word' id='word_1_146' title='bbox 2647 993 2755 1047; x_wconf 89' lang='grc' dir='ltr'><strong>τῶν</strong></span> <span class='ocrx_word' id='word_1_147' title='bbox 2804 993 3091 1048; x_wconf 85' lang='grc' dir='ltr'>σαϐϐάτων</span> <span class='ocrx_word' id='word_1_148' title='bbox 3138 995 3354 1066; x_wconf 81' lang='grc' dir='ltr'>ἡμέρας</span> <span class='ocrx_word' id='word_1_149' title='bbox 3388 995 3614 1067; x_wconf 79' lang='grc' dir='ltr'>ὑπολαμ-</span> 
     </span>
    </p>
   </div>
   <div class='ocr_carea' id='block_1_26' title="bbox 2059 1081 3614 1162">
    <p class='ocr_par' dir='ltr' id='par_1_26' title="bbox 2059 1081 3614 1162">
     <span class='ocr_line' id='line_1_26' title="bbox 2059 1081 3614 1162; baseline 0.005 -31"><span class='ocrx_word' id='word_1_150' title='bbox 2059 1081 2290 1149; x_wconf 88' lang='grc' dir='ltr'>πούσης,</span> <span class='ocrx_word' id='word_1_151' title='bbox 2325 1081 2483 1153; x_wconf 77' lang='grc' dir='ltr'>ίλαρᾷ</span> <span class='ocrx_word' id='word_1_152' title='bbox 2521 1084 2660 1154; x_wconf 85' lang='grc' dir='ltr'>πρὸς</span> <span class='ocrx_word' id='word_1_153' title='bbox 2685 1086 2778 1138; x_wconf 83' lang='grc' dir='ltr'>τὸν</span> <span class='ocrx_word' id='word_1_154' title='bbox 2815 1085 2942 1138; x_wconf 77' lang='grc' dir='ltr'>λαὸν</span> <span class='ocrx_word' id='word_1_155' title='bbox 2980 1087 3008 1138; x_wconf 82' lang='grc' dir='ltr'>ὁ</span> <span class='ocrx_word' id='word_1_156' title='bbox 3039 1085 3266 1154; x_wconf 81' lang='grc' dir='ltr'>Συμεὼν</span> <span class='ocrx_word' id='word_1_157' title='bbox 3292 1087 3386 1140; x_wconf 75' lang='grc' dir='ltr'><strong>καὶ</strong></span> <span class='ocrx_word' id='word_1_158' title='bbox 3408 1089 3614 1162; x_wconf 69' lang='grc' dir='ltr'>γλυκείᾳ</span> 
     </span>
    </p>
   </div>
   <div class='ocr_carea' id='block_1_27' title="bbox 2054 1173 3616 1250">
    <p class='ocr_par' dir='ltr' id='par_1_27' title="bbox 2054 1173 3616 1250">
     <span class='ocr_line' id='line_1_27' title="bbox 2054 1173 3616 1250; baseline 0.008 -28"><span class='ocrx_word' id='word_1_159' title='bbox 2054 1176 2120 1241; x_wconf 75' lang='grc' dir='ltr'>τῇ</span> <span class='ocrx_word' id='word_1_160' title='bbox 2180 1173 2322 1242; x_wconf 68' lang='grc' dir='ltr'>ὄψει’</span> <span class='ocrx_word' id='word_1_161' title='bbox 2352 1175 2614 1247; x_wconf 80' lang='grc' dir='ltr'>Θαρσεῖτε</span> <span class='ocrx_word' id='word_1_162' title='bbox 2641 1217 2656 1242; x_wconf 93' lang='grc'>,</span> <span class='ocrx_word' id='word_1_163' title='bbox 2687 1178 2760 1248; x_wconf 81' lang='grc' dir='ltr'>μὴ</span> <span class='ocrx_word' id='word_1_164' title='bbox 2806 1176 3078 1246; x_wconf 72' lang='grc' dir='ltr'>φοϐεῖσθε,</span> <span class='ocrx_word' id='word_1_165' title='bbox 3104 1173 3277 1243; x_wconf 78' lang='grc' dir='ltr'>εἶπεν,</span> <span class='ocrx_word' id='word_1_166' title='bbox 3314 1179 3616 1250; x_wconf 80' lang='grc' dir='ltr'>ἐλήλεγκται</span> 
     </span>
    </p>
   </div>
   <div class='ocr_carea' id='block_1_28' title="bbox 2053 1267 3620 1340">
    <p class='ocr_par' dir='ltr' id='par_1_28' title="bbox 2053 1267 3620 1340">
     <span class='ocr_line' id='line_1_28' title="bbox 2053 1267 3620 1340; baseline 0.003 -21"><span class='ocrx_word' id='word_1_167' title='bbox 2053 1268 2162 1337; x_wconf 72' lang='grc' dir='ltr'>γὰρ</span> <span class='ocrx_word' id='word_1_168' title='bbox 2193 1270 2226 1337; x_wconf 80' lang='grc' dir='ltr'>ἡ</span> <span class='ocrx_word' id='word_1_169' title='bbox 2259 1267 2456 1330; x_wconf 81' lang='grc' dir='ltr'>πλάνος</span> <span class='ocrx_word' id='word_1_170' title='bbox 2497 1268 2606 1321; x_wconf 86' lang='grc' dir='ltr'>τῶν</span> <span class='ocrx_word' id='word_1_171' title='bbox 2659 1268 3080 1338; x_wconf 84' lang='grc' dir='ltr'>μετεωρολόγων</span> <span class='ocrx_word' id='word_1_172' title='bbox 3137 1268 3303 1339; x_wconf 82' lang='grc' dir='ltr'>τέχνη</span> <span class='ocrx_word' id='word_1_173' title='bbox 3328 1312 3343 1333; x_wconf 86' lang='grc'>,</span> <span class='ocrx_word' id='word_1_174' title='bbox 3401 1271 3522 1340; x_wconf 77' lang='grc' dir='ltr'>περὶ</span> <span class='ocrx_word' id='word_1_175' title='bbox 3564 1271 3620 1324; x_wconf 65' lang='grc' dir='ltr'><strong>τὸ</strong></span> 
     </span>
    </p>
   </div>
   <div class='ocr_carea' id='block_1_29' title="bbox 2056 1359 3622 1433">
    <p class='ocr_par' dir='ltr' id='par_1_29' title="bbox 2056 1359 3622 1433">
     <span class='ocr_line' id='line_1_29' title="bbox 2056 1359 3622 1433; baseline 0.003 -21"><span class='ocrx_word' id='word_1_176' title='bbox 2056 1360 2248 1430; x_wconf 81' lang='grc' dir='ltr'>μέλλον</span> <span class='ocrx_word' id='word_1_177' title='bbox 2303 1359 2690 1430; x_wconf 74' lang='grc' dir='ltr'>τυφλώττουσα</span> <span class='ocrx_word' id='word_1_178' title='bbox 2738 1361 2830 1414; x_wconf 74' lang='grc' dir='ltr'>καὶ</span> <span class='ocrx_word' id='word_1_179' title='bbox 2877 1361 3016 1431; x_wconf 74' lang='grc' dir='ltr'>αὑτὴ</span> <span class='ocrx_word' id='word_1_180' title='bbox 3070 1361 3389 1432; x_wconf 80' lang='grc' dir='ltr'>περιφανῶς</span> <span class='ocrx_word' id='word_1_181' title='bbox 3435 1362 3622 1433; x_wconf 75' lang='grc' dir='ltr'>ἑαυτὴν</span> 
     </span>
    </p>
   </div>
   <div class='ocr_carea' id='block_1_30' title="bbox 2057 1450 3620 1525">
    <p class='ocr_par' dir='ltr' id='par_1_30' title="bbox 2057 1450 3620 1525">
     <span class='ocr_line' id='line_1_30' title="bbox 2057 1450 3620 1525; baseline 0.003 -23"><span class='ocrx_word' id='word_1_182' title='bbox 2057 1450 2388 1522; x_wconf 72' lang='grc' dir='ltr'>ψευδομένη.</span> <span class='ocrx_word' id='word_1_183' title='bbox 2443 1451 2574 1506; x_wconf 77' lang='grc' dir='ltr'>Ἰδοὺ</span> <span class='ocrx_word' id='word_1_184' title='bbox 2633 1453 2742 1521; x_wconf 74' lang='grc' dir='ltr'><strong>γὰρ</strong></span> <span class='ocrx_word' id='word_1_185' title='bbox 2795 1453 2966 1522; x_wconf 81' lang='grc' dir='ltr'>ἀνῆκε</span> <span class='ocrx_word' id='word_1_186' title='bbox 2997 1453 3202 1525; x_wconf 85' lang='grc' dir='ltr'>Κύριος</span> <span class='ocrx_word' id='word_1_187' title='bbox 3227 1455 3329 1524; x_wconf 82' lang='grc' dir='ltr'><strong>τὴν</strong></span> <span class='ocrx_word' id='word_1_188' title='bbox 3369 1454 3620 1525; x_wconf 82' lang='grc' dir='ltr'>ὀργὴντῴ</span> 
     </span>
    </p>
   </div>
   <div class='ocr_carea' id='block_1_31' title="bbox 2051 1542 3620 1616">
    <p class='ocr_par' dir='ltr' id='par_1_31' title="bbox 2051 1542 3620 1616">
     <span class='ocr_line' id='line_1_31' title="bbox 2051 1542 3620 1616; baseline 0.002 -22"><span class='ocrx_word' id='word_1_189' title='bbox 2051 1542 2167 1612; x_wconf 85' lang='grc' dir='ltr'><strong>λαῴ</strong></span> <span class='ocrx_word' id='word_1_190' title='bbox 2191 1543 2378 1606; x_wconf 80' lang='grc' dir='ltr'>αὑτοῦ,</span> <span class='ocrx_word' id='word_1_191' title='bbox 2414 1545 2508 1597; x_wconf 82' lang='grc' dir='ltr'><strong>καί</strong></span> <span class='ocrx_word' id='word_1_192' title='bbox 2537 1545 2629 1596; x_wconf 74' lang='grc' dir='ltr'>ἐπὶ</span> <span class='ocrx_word' id='word_1_193' title='bbox 2661 1547 2774 1606; x_wconf 87' lang='grc' dir='ltr'>τοῖς</span> <span class='ocrx_word' id='word_1_194' title='bbox 2799 1544 3007 1608; x_wconf 81' lang='grc' dir='ltr'>δούλοις</span> <span class='ocrx_word' id='word_1_195' title='bbox 3063 1545 3232 1598; x_wconf 83' lang='grc' dir='ltr'>αὐτοῦ</span> <span class='ocrx_word' id='word_1_196' title='bbox 3283 1545 3620 1616; x_wconf 74' lang='grc' dir='ltr'>παρακέκλη-</span> 
     </span>
    </p>
   </div>
   <div class='ocr_carea' id='block_1_32' title="bbox 2055 1631 3616 1707">
    <p class='ocr_par' dir='ltr' id='par_1_32' title="bbox 2055 1631 3616 1707">
     <span class='ocr_line' id='line_1_32' title="bbox 2055 1631 3616 1707; baseline 0.002 -19"><span class='ocrx_word' id='word_1_197' title='bbox 2055 1652 2168 1688; x_wconf 86' lang='grc' dir='ltr'>ται.</span> <span class='ocrx_word' id='word_1_198' title='bbox 2198 1631 2351 1688; x_wconf 81' lang='grc' dir='ltr'>Εἶδον</span> <span class='ocrx_word' id='word_1_199' title='bbox 2384 1635 2492 1706; x_wconf 79' lang='grc' dir='ltr'>γὰρ</span> <span class='ocrx_word' id='word_1_200' title='bbox 2519 1638 2611 1689; x_wconf 81' lang='grc' dir='ltr'>καὶ</span> <span class='ocrx_word' id='word_1_201' title='bbox 2644 1636 2753 1688; x_wconf 81' lang='grc' dir='ltr'>ἰδοὺ</span> <span class='ocrx_word' id='word_1_202' title='bbox 2788 1635 3128 1706; x_wconf 80' lang='grc' dir='ltr'>άνεῴγεισαν</span> <span class='ocrx_word' id='word_1_203' title='bbox 3157 1637 3258 1707; x_wconf 80' lang='grc' dir='ltr'><strong>μὲν</strong></span> <span class='ocrx_word' id='word_1_204' title='bbox 3292 1637 3425 1706; x_wconf 75' lang='grc' dir='ltr'>πρὸς</span> <span class='ocrx_word' id='word_1_205' title='bbox 3474 1641 3616 1691; x_wconf 77' lang='grc' dir='ltr'><strong>Ἀναο</strong></span> 
     </span>
    </p>
   </div>
   <div class='ocr_carea' id='block_1_33' title="bbox 375 1695 1956 1794">
    <p class='ocr_par' dir='ltr' id='par_1_33' title="bbox 375 1695 1952 1794">
     <span class='ocr_line' id='line_1_33' title="bbox 375 1695 1952 1794; baseline 0.005 -23"><span class='ocrx_word' id='word_1_206' title='bbox 375 1729 506 1773; x_wconf 81' lang='lat' dir='ltr'><strong>sunt</strong></span> <span class='ocrx_word' id='word_1_207' title='bbox 544 1719 691 1785; x_wconf 67' lang='lat' dir='ltr'><strong>coeli,</strong></span> <span class='ocrx_word' id='word_1_208' title='bbox 727 1728 784 1774; x_wconf 90' lang='lat' dir='ltr'><strong>et</strong></span> <span class='ocrx_word' id='word_1_209' title='bbox 835 1695 1102 1775; x_wconf 80' lang='lat' dir='ltr'><strong>arcanum</strong></span> <span class='ocrx_word' id='word_1_210' title='bbox 1133 1721 1411 1791; x_wconf 91' lang='lat' dir='ltr'><strong>quoddam</strong></span> <span class='ocrx_word' id='word_1_211' title='bbox 1457 1732 1621 1794; x_wconf 86' lang='lat' dir='ltr'><strong>atque</strong></span> <span class='ocrx_word' id='word_1_212' title='bbox 1671 1695 1952 1780; x_wconf 68' lang='lat' dir='ltr'><strong>ineffabile</strong></span> 
     </span>
    </p>
   </div>
   <div class='ocr_carea' id='block_1_34' title="bbox 2060 1695 3613 1794">
    <p class='ocr_par' dir='ltr' id='par_1_34' title="bbox 2060 1695 3613 1794">
     <span class='ocr_line' id='line_1_34' title="bbox 2060 1695 3613 1794; baseline 0 -18"><span class='ocrx_word' id='word_1_213' title='bbox 2060 1726 2210 1785; x_wconf 73' lang='grc' dir='ltr'>τολὰς</span> <span class='ocrx_word' id='word_1_214' title='bbox 2245 1723 2294 1774; x_wconf 82' lang='grc' dir='ltr'><strong>οἱ</strong></span> <span class='ocrx_word' id='word_1_215' title='bbox 2321 1695 2542 1792; x_wconf 59' lang='grc' dir='ltr'>οὐρανοί</span> <span class='ocrx_word' id='word_1_216' title='bbox 2565 1737 2577 1748; x_wconf 86' lang='lat'><strong>&#39;</strong></span> <span class='ocrx_word' id='word_1_217' title='bbox 2613 1695 2928 1790; x_wconf 71' lang='grc' dir='ltr'>ἀπόρρητον</span> <span class='ocrx_word' id='word_1_218' title='bbox 2950 1695 3027 1773; x_wconf 49' lang='grc' dir='ltr'>’δέ</span> <span class='ocrx_word' id='word_1_219' title='bbox 3056 1738 3110 1775; x_wconf 90' lang='grc' dir='ltr'><strong>τι</strong></span> <span class='ocrx_word' id='word_1_220' title='bbox 3139 1695 3238 1775; x_wconf 58' lang='lat' dir='ltr'><strong>aia}.</strong></span> <span class='ocrx_word' id='word_1_221' title='bbox 3264 1695 3497 1794; x_wconf 64' lang='grc' dir='ltr'>ἄρρητον</span> <span class='ocrx_word' id='word_1_222' title='bbox 3526 1723 3613 1776; x_wconf 69' lang='grc' dir='ltr'><strong>τοῦ</strong></span> 
     </span>
    </p>
   </div>
   <div class='ocr_carea' id='block_1_35' title="bbox 374 1809 1955 1886">
    <p class='ocr_par' dir='ltr' id='par_1_35' title="bbox 374 1809 1955 1886">
     <span class='ocr_line' id='line_1_35' title="bbox 374 1809 1955 1886; baseline 0.006 -26"><span class='ocrx_word' id='word_1_223' title='bbox 374 1810 561 1866; x_wconf 88' lang='lat' dir='ltr'><strong>lumen</strong></span> <span class='ocrx_word' id='word_1_224' title='bbox 594 1809 875 1880; x_wconf 88' lang='lat' dir='ltr'><strong>Unigeniti</strong></span> <span class='ocrx_word' id='word_1_225' title='bbox 935 1811 1183 1875; x_wconf 87' lang='lat' dir='ltr'><strong>emicuit,</strong></span> <span class='ocrx_word' id='word_1_226' title='bbox 1226 1813 1580 1869; x_wconf 87' lang='lat' dir='ltr'><strong>dilectionem</strong></span> <span class='ocrx_word' id='word_1_227' title='bbox 1608 1816 1728 1886; x_wconf 88' lang='lat' dir='ltr'><strong>ejus</strong></span> <span class='ocrx_word' id='word_1_228' title='bbox 1772 1823 1827 1869; x_wconf 88' lang='lat' dir='ltr'><strong>et</strong></span> <span class='ocrx_word' id='word_1_229' title='bbox 1861 1815 1955 1878; x_wconf 87' lang='lat' dir='ltr'><strong>be-</strong></span> 
     </span>
    </p>
   </div>
   <div class='ocr_carea' id='block_1_36' title="bbox 373 1901 1953 1979">
    <p class='ocr_par' dir='ltr' id='par_1_36' title="bbox 373 1901 1953 1979">
     <span class='ocr_line' id='line_1_36' title="bbox 373 1901 1953 1979; baseline 0.004 -25"><span class='ocrx_word' id='word_1_230' title='bbox 373 1901 705 1970; x_wconf 82' lang='lat' dir='ltr'><strong>nignitatem</strong></span> <span class='ocrx_word' id='word_1_231' title='bbox 753 1902 915 1957; x_wconf 86' lang='lat' dir='ltr'><strong>vobis</strong></span> <span class='ocrx_word' id='word_1_232' title='bbox 965 1904 1035 1958; x_wconf 92' lang='lat' dir='ltr'><strong>ob</strong></span> <span class='ocrx_word' id='word_1_233' title='bbox 1073 1905 1459 1974; x_wconf 68' lang='lat' dir='ltr'><strong>pmnitentiam</strong></span> <span class='ocrx_word' id='word_1_234' title='bbox 1513 1907 1803 1963; x_wconf 82' lang='lat' dir='ltr'><strong>exhibens.</strong></span> <span class='ocrx_word' id='word_1_235' title='bbox 1837 1908 1953 1979; x_wconf 84' lang='lat' dir='ltr'><strong>Ego</strong></span> 
     </span>
    </p>
   </div>
   <div class='ocr_carea' id='block_1_37' title="bbox 372 1993 1956 2063">
    <p class='ocr_par' dir='ltr' id='par_1_37' title="bbox 372 1993 1956 2063">
     <span class='ocr_line' id='line_1_37' title="bbox 372 1993 1956 2063; baseline 0.005 -19"><span class='ocrx_word' id='word_1_236' title='bbox 372 2007 504 2046; x_wconf 80' lang='lat' dir='ltr'><strong>vero</strong></span> <span class='ocrx_word' id='word_1_237' title='bbox 557 1993 626 2047; x_wconf 91' lang='lat' dir='ltr'><strong>ad</strong></span> <span class='ocrx_word' id='word_1_238' title='bbox 679 1994 948 2049; x_wconf 78' lang='lat' dir='ltr'><strong>visionem</strong></span> <span class='ocrx_word' id='word_1_239' title='bbox 1010 1995 1238 2050; x_wconf 87' lang='lat' dir='ltr'><strong>elevatis</strong></span> <span class='ocrx_word' id='word_1_240' title='bbox 1299 1996 1570 2063; x_wconf 64' lang='lat' dir='ltr'><strong>{manibus</strong></span> <span class='ocrx_word' id='word_1_241' title='bbox 1640 1998 1956 2052; x_wconf 82' lang='lat' dir='ltr'><strong>exclamans</strong></span> 
     </span>
    </p>
   </div>
   <div class='ocr_carea' id='block_1_38' title="bbox 373 2085 1952 2160">
    <p class='ocr_par' dir='ltr' id='par_1_38' title="bbox 373 2085 1952 2160">
     <span class='ocr_line' id='line_1_38' title="bbox 373 2085 1952 2160; baseline 0.004 -23"><span class='ocrx_word' id='word_1_242' title='bbox 373 2085 484 2138; x_wconf 77' lang='lat' dir='ltr'><strong>dixi</strong></span> <span class='ocrx_word' id='word_1_243' title='bbox 516 2085 666 2157; x_wconf 69' lang='lat'><strong>(25):</strong></span> <span class='ocrx_word' id='word_1_244' title='bbox 698 2087 928 2140; x_wconf 85' lang='lat' dir='ltr'><strong>Domine</strong></span> <span class='ocrx_word' id='word_1_245' title='bbox 962 2096 1176 2141; x_wconf 87' lang='lat' dir='ltr'><strong>amator</strong></span> <span class='ocrx_word' id='word_1_246' title='bbox 1195 2087 1504 2153; x_wconf 81' lang='lat' dir='ltr'><strong>hominum,</strong></span> <span class='ocrx_word' id='word_1_247' title='bbox 1535 2089 1626 2158; x_wconf 89' lang='lat' dir='ltr'><strong>qui</strong></span> <span class='ocrx_word' id='word_1_248' title='bbox 1647 2089 1952 2160; x_wconf 85' lang='lat' dir='ltr'><strong>etgladium</strong></span> 
     </span>
    </p>
   </div>
   <div class='ocr_carea' id='block_1_39' title="bbox 375 2177 1952 2254">
    <p class='ocr_par' dir='ltr' id='par_1_39' title="bbox 375 2177 1952 2254">
     <span class='ocr_line' id='line_1_39' title="bbox 375 2177 1952 2254; baseline 0.005 -24"><span class='ocrx_word' id='word_1_249' title='bbox 375 2193 518 2246; x_wconf 58' lang='lat' dir='ltr'><strong>sarpc</strong></span> <span class='ocrx_word' id='word_1_250' title='bbox 548 2177 830 2243; x_wconf 86' lang='lat' dir='ltr'><strong>vibras,.et</strong></span> <span class='ocrx_word' id='word_1_251' title='bbox 861 2195 1048 2234; x_wconf 90' lang='lat' dir='ltr'><strong>arcum</strong></span> <span class='ocrx_word' id='word_1_252' title='bbox 1073 2180 1275 2246; x_wconf 88' lang='lat' dir='ltr'><strong>tendis,</strong></span> <span class='ocrx_word' id='word_1_253' title='bbox 1312 2190 1368 2236; x_wconf 91' lang='lat' dir='ltr'><strong>et</strong></span> <span class='ocrx_word' id='word_1_254' title='bbox 1425 2190 1723 2252; x_wconf 90' lang='lat' dir='ltr'><strong>utrumque</strong></span> <span class='ocrx_word' id='word_1_255' title='bbox 1745 2183 1952 2254; x_wconf 89' lang='lat' dir='ltr'><strong>justam</strong></span> 
     </span>
    </p>
   </div>
   <div class='ocr_carea' id='block_1_40' title="bbox 373 2270 1952 2344">
    <p class='ocr_par' dir='ltr' id='par_1_40' title="bbox 373 2270 1952 2344">
     <span class='ocr_line' id='line_1_40' title="bbox 373 2270 1952 2344; baseline 0.005 -21"><span class='ocrx_word' id='word_1_256' title='bbox 373 2270 596 2341; x_wconf 87' lang='lat' dir='ltr'><strong>quidem</strong></span> <span class='ocrx_word' id='word_1_257' title='bbox 629 2271 702 2325; x_wconf 89' lang='lat' dir='ltr'><strong>ob</strong></span> <span class='ocrx_word' id='word_1_258' title='bbox 732 2272 1072 2327; x_wconf 88' lang='lat' dir='ltr'><strong>iracundiam</strong></span> <span class='ocrx_word' id='word_1_259' title='bbox 1112 2273 1283 2328; x_wconf 78' lang='lat' dir='ltr'><strong>facis:</strong></span> <span class='ocrx_word' id='word_1_260' title='bbox 1312 2273 1521 2344; x_wconf 88' lang='lat' dir='ltr'><strong>quique</strong></span> <span class='ocrx_word' id='word_1_261' title='bbox 1580 2274 1783 2329; x_wconf 90' lang='lat' dir='ltr'><strong>iterum</strong></span> <span class='ocrx_word' id='word_1_262' title='bbox 1818 2291 1952 2331; x_wconf 87' lang='lat' dir='ltr'><strong>con-</strong></span> 
     </span>
    </p>
   </div>
   <div class='ocr_carea' id='block_1_41' title="bbox 374 2364 1951 2435">
    <p class='ocr_par' dir='ltr' id='par_1_41' title="bbox 374 2364 1951 2435">
     <span class='ocr_line' id='line_1_41' title="bbox 374 2364 1951 2435; baseline 0.004 -19"><span class='ocrx_word' id='word_1_263' title='bbox 374 2371 530 2418; x_wconf 89' lang='lat' dir='ltr'><strong>sueta</strong></span> <span class='ocrx_word' id='word_1_264' title='bbox 570 2364 810 2419; x_wconf 86' lang='lat' dir='ltr'><strong>bonitate</strong></span> <span class='ocrx_word' id='word_1_265' title='bbox 871 2373 964 2420; x_wconf 87' lang='lat' dir='ltr'><strong>tua</strong></span> <span class='ocrx_word' id='word_1_266' title='bbox 1025 2375 1324 2435; x_wconf 89' lang='lat' dir='ltr'><strong>utrumque</strong></span> <span class='ocrx_word' id='word_1_267' title='bbox 1382 2366 1623 2433; x_wconf 88' lang='lat' dir='ltr'><strong>inhibes,</strong></span> <span class='ocrx_word' id='word_1_268' title='bbox 1674 2377 1951 2423; x_wconf 88' lang='lat' dir='ltr'><strong>nostram-</strong></span> 
     </span>
    </p>
   </div>
   <div class='ocr_carea' id='block_1_42' title="bbox 375 2455 1954 2531">
    <p class='ocr_par' dir='ltr' id='par_1_42' title="bbox 375 2455 1954 2531">
     <span class='ocr_line' id='line_1_42' title="bbox 375 2455 1954 2531; baseline 0.004 -25"><span class='ocrx_word' id='word_1_269' title='bbox 375 2472 482 2525; x_wconf 83' lang='lat' dir='ltr'><strong>que</strong></span> <span class='ocrx_word' id='word_1_270' title='bbox 536 2455 873 2526; x_wconf 69' lang='lat' dir='ltr'><strong>praestolaris</strong></span> <span class='ocrx_word' id='word_1_271' title='bbox 929 2458 1390 2524; x_wconf 84' lang='lat' dir='ltr'><strong>conversionem;</strong></span> <span class='ocrx_word' id='word_1_272' title='bbox 1449 2460 1578 2514; x_wconf 89' lang='lat' dir='ltr'><strong>audi</strong></span> <span class='ocrx_word' id='word_1_273' title='bbox 1632 2476 1700 2514; x_wconf 77' lang='lat' dir='ltr'><strong>ex</strong></span> <span class='ocrx_word' id='word_1_274' title='bbox 1750 2461 1954 2531; x_wconf 83' lang='lat' dir='ltr'><strong>templo</strong></span> 
     </span>
    </p>
   </div>
   <div class='ocr_carea' id='block_1_43' title="bbox 373 2543 1950 2619">
    <p class='ocr_par' dir='ltr' id='par_1_43' title="bbox 373 2543 1950 2619">
     <span class='ocr_line' id='line_1_43' title="bbox 373 2543 1950 2619; baseline 0.004 -18"><span class='ocrx_word' id='word_1_275' title='bbox 373 2558 565 2603; x_wconf 82' lang='lat' dir='ltr'><strong>sancto</strong></span> <span class='ocrx_word' id='word_1_276' title='bbox 596 2563 782 2602; x_wconf 89' lang='lat' dir='ltr'><strong>vocem</strong></span> <span class='ocrx_word' id='word_1_277' title='bbox 813 2543 1012 2612; x_wconf 71' lang='lat' dir='ltr'><strong>meam,</strong></span> <span class='ocrx_word' id='word_1_278' title='bbox 1031 2551 1414 2619; x_wconf 53' lang='lat' dir='ltr'><strong>perveniat’ad</strong></span> <span class='ocrx_word' id='word_1_279' title='bbox 1452 2563 1503 2607; x_wconf 90' lang='lat' dir='ltr'><strong>te</strong></span> <span class='ocrx_word' id='word_1_280' title='bbox 1542 2553 1752 2608; x_wconf 91' lang='lat' dir='ltr'><strong>clamor</strong></span> <span class='ocrx_word' id='word_1_281' title='bbox 1774 2569 1950 2609; x_wconf 89' lang='lat' dir='ltr'><strong>meus.</strong></span> 
     </span>
    </p>
   </div>
   <div class='ocr_carea' id='block_1_44' title="bbox 376 2641 1949 2701">
    <p class='ocr_par' dir='ltr' id='par_1_44' title="bbox 376 2641 1949 2701">
     <span class='ocr_line' id='line_1_44' title="bbox 376 2641 1949 2701; baseline 0.004 -7"><span class='ocrx_word' id='word_1_282' title='bbox 376 2643 516 2695; x_wconf 73' lang='lat' dir='ltr'><strong>Ecce</strong></span> <span class='ocrx_word' id='word_1_283' title='bbox 547 2641 695 2695; x_wconf 83' lang='lat' dir='ltr'><strong>enim</strong></span> <span class='ocrx_word' id='word_1_284' title='bbox 734 2653 879 2696; x_wconf 91' lang='lat' dir='ltr'><strong>mota</strong></span> <span class='ocrx_word' id='word_1_285' title='bbox 913 2651 999 2696; x_wconf 90' lang='lat' dir='ltr'><strong>est</strong></span> <span class='ocrx_word' id='word_1_286' title='bbox 1027 2652 1174 2696; x_wconf 89' lang='lat' dir='ltr'><strong>terra</strong></span> <span class='ocrx_word' id='word_1_287' title='bbox 1215 2653 1270 2697; x_wconf 88' lang='lat' dir='ltr'><strong>et</strong></span> <span class='ocrx_word' id='word_1_288' title='bbox 1315 2658 1510 2699; x_wconf 90' lang='lat' dir='ltr'><strong>omnes</strong></span> <span class='ocrx_word' id='word_1_289' title='bbox 1548 2645 1868 2701; x_wconf 88' lang='lat' dir='ltr'><strong>habitantes</strong></span> <span class='ocrx_word' id='word_1_290' title='bbox 1895 2647 1949 2700; x_wconf 88' lang='lat' dir='ltr'><strong>in</strong></span> 
     </span>
    </p>
   </div>
   <div class='ocr_carea' id='block_1_45' title="bbox 375 2736 1953 2802">
    <p class='ocr_par' dir='ltr' id='par_1_45' title="bbox 375 2736 1953 2802">
     <span class='ocr_line' id='line_1_45' title="bbox 375 2736 1953 2802; baseline 0.006 -18"><span class='ocrx_word' id='word_1_291' title='bbox 375 2750 474 2796; x_wconf 69' lang='lat' dir='ltr'><strong>ea;</strong></span> <span class='ocrx_word' id='word_1_292' title='bbox 507 2743 786 2788; x_wconf 90' lang='lat' dir='ltr'><strong>commota</strong></span> <span class='ocrx_word' id='word_1_293' title='bbox 843 2744 1010 2791; x_wconf 89' lang='lat' dir='ltr'><strong>estet</strong></span> <span class='ocrx_word' id='word_1_294' title='bbox 1063 2736 1421 2802; x_wconf 89' lang='lat' dir='ltr'><strong>contremuit,</strong></span> <span class='ocrx_word' id='word_1_295' title='bbox 1480 2745 1538 2792; x_wconf 91' lang='lat' dir='ltr'><strong>et</strong></span> <span class='ocrx_word' id='word_1_296' title='bbox 1596 2736 1953 2794; x_wconf 82' lang='lat' dir='ltr'><strong>fundamenta</strong></span> 
     </span>
    </p>
   </div>
   <div class='ocr_carea' id='block_1_46' title="bbox 377 2822 1953 2896">
    <p class='ocr_par' dir='ltr' id='par_1_46' title="bbox 377 2822 1953 2896">
     <span class='ocr_line' id='line_1_46' title="bbox 377 2822 1953 2896; baseline 0.004 -22"><span class='ocrx_word' id='word_1_297' title='bbox 377 2822 646 2877; x_wconf 87' lang='lat' dir='ltr'><strong>montium</strong></span> <span class='ocrx_word' id='word_1_298' title='bbox 671 2823 1002 2878; x_wconf 89' lang='lat' dir='ltr'><strong>conturbata</strong></span> <span class='ocrx_word' id='word_1_299' title='bbox 1033 2833 1165 2885; x_wconf 87' lang='lat' dir='ltr'><strong>sunt</strong></span> <span class='ocrx_word' id='word_1_300' title='bbox 1190 2832 1248 2878; x_wconf 89' lang='lat' dir='ltr'><strong>et</strong></span> <span class='ocrx_word' id='word_1_301' title='bbox 1277 2832 1551 2879; x_wconf 88' lang='lat' dir='ltr'><strong>commota</strong></span> <span class='ocrx_word' id='word_1_302' title='bbox 1590 2833 1758 2879; x_wconf 86' lang='lat' dir='ltr'><strong>sunt:</strong></span> <span class='ocrx_word' id='word_1_303' title='bbox 1814 2841 1953 2896; x_wconf 82' lang='lat' dir='ltr'><strong>quo-</strong></span> 
     </span>
    </p>
   </div>
   <div class='ocr_carea' id='block_1_47' title="bbox 376 2914 1955 2984">
    <p class='ocr_par' dir='ltr' id='par_1_47' title="bbox 376 2914 1955 2984">
     <span class='ocr_line' id='line_1_47' title="bbox 376 2914 1955 2984; baseline 0.004 -18"><span class='ocrx_word' id='word_1_304' title='bbox 376 2915 526 2968; x_wconf 86' lang='lat' dir='ltr'><strong>niam</strong></span> <span class='ocrx_word' id='word_1_305' title='bbox 550 2924 606 2969; x_wconf 92' lang='lat' dir='ltr'><strong>tu</strong></span> <span class='ocrx_word' id='word_1_306' title='bbox 641 2914 775 2984; x_wconf 85' lang='lat' dir='ltr'><strong>ipsis</strong></span> <span class='ocrx_word' id='word_1_307' title='bbox 806 2915 1002 2981; x_wconf 88' lang='lat' dir='ltr'><strong>iratus,</strong></span> <span class='ocrx_word' id='word_1_308' title='bbox 1027 2915 1280 2981; x_wconf 89' lang='lat' dir='ltr'><strong>Domine,</strong></span> <span class='ocrx_word' id='word_1_309' title='bbox 1303 2916 1639 2972; x_wconf 82' lang='lat' dir='ltr'><strong>concussisti</strong></span> <span class='ocrx_word' id='word_1_310' title='bbox 1665 2925 1870 2972; x_wconf 91' lang='lat' dir='ltr'><strong>terram</strong></span> <span class='ocrx_word' id='word_1_311' title='bbox 1898 2926 1955 2972; x_wconf 90' lang='lat' dir='ltr'><strong>et</strong></span> 
     </span>
    </p>
   </div>
   <div class='ocr_carea' id='block_1_48' title="bbox 2051 1808 3615 1882">
    <p class='ocr_par' dir='ltr' id='par_1_48' title="bbox 2051 1808 3615 1882">
     <span class='ocr_line' id='line_1_48' title="bbox 2051 1808 3615 1882; baseline 0.001 -19"><span class='ocrx_word' id='word_1_312' title='bbox 2051 1809 2393 1877; x_wconf 76' lang='grc' dir='ltr'>ιιονογενοῦς</span> <span class='ocrx_word' id='word_1_313' title='bbox 2443 1808 2753 1880; x_wconf 68' lang='grc' dir='ltr'>ἐξήστραψε</span> <span class='ocrx_word' id='word_1_314' title='bbox 2789 1810 2940 1879; x_wconf 78' lang='grc' dir='ltr'>φῶς,</span> <span class='ocrx_word' id='word_1_315' title='bbox 2985 1809 3399 1882; x_wconf 73' lang='grc' dir='ltr'>φιλανθρωπίαν</span> <span class='ocrx_word' id='word_1_316' title='bbox 3446 1813 3615 1882; x_wconf 65' lang='grc' dir='ltr'>ἠρέμα</span> 
     </span>
    </p>
   </div>
   <div class='ocr_carea' id='block_1_49' title="bbox 2051 1902 3615 1976">
    <p class='ocr_par' dir='ltr' id='par_1_49' title="bbox 2051 1902 3615 1976">
     <span class='ocr_line' id='line_1_49' title="bbox 2051 1902 3615 1976; baseline 0.001 -21"><span class='ocrx_word' id='word_1_317' title='bbox 2051 1907 2118 1974; x_wconf 79' lang='grc' dir='ltr'>τῇ</span> <span class='ocrx_word' id='word_1_318' title='bbox 2155 1903 2414 1974; x_wconf 81' lang='grc' dir='ltr'>μετανοίᾳ</span> <span class='ocrx_word' id='word_1_319' title='bbox 2461 1902 2616 1972; x_wconf 85' lang='grc' dir='ltr'>ὑμῶν</span> <span class='ocrx_word' id='word_1_320' title='bbox 2651 1904 2967 1970; x_wconf 68' lang='grc' dir='ltr'>ύποφαῖνον.</span> <span class='ocrx_word' id='word_1_321' title='bbox 3033 1905 3195 1972; x_wconf 84' lang='grc' dir='ltr'>Μέγα</span> <span class='ocrx_word' id='word_1_322' title='bbox 3247 1905 3304 1958; x_wconf 75' lang='grc' dir='ltr'>δὲ</span> <span class='ocrx_word' id='word_1_323' title='bbox 3348 1905 3477 1976; x_wconf 73' lang='grc' dir='ltr'>πρὸς</span> <span class='ocrx_word' id='word_1_324' title='bbox 3525 1907 3615 1976; x_wconf 78' lang='grc' dir='ltr'><strong>τὴν</strong></span> 
     </span>
    </p>
   </div>
   <div class='ocr_carea' id='block_1_50' title="bbox 2051 1995 3614 2066">
    <p class='ocr_par' dir='ltr' id='par_1_50' title="bbox 2051 1995 3614 2066">
     <span class='ocr_line' id='line_1_50' title="bbox 2051 1995 3614 2066; baseline 0.001 -19"><span class='ocrx_word' id='word_1_325' title='bbox 2051 1997 2172 2064; x_wconf 68' lang='grc' dir='ltr'>δψιν</span> <span class='ocrx_word' id='word_1_326' title='bbox 2202 1998 2260 2048; x_wconf 72' lang='grc' dir='ltr'><strong>ἐν</strong></span> <span class='ocrx_word' id='word_1_327' title='bbox 2291 1995 2524 2065; x_wconf 68' lang='grc' dir='ltr'>ἐπάρςει</span> <span class='ocrx_word' id='word_1_328' title='bbox 2591 1995 2778 2066; x_wconf 65' lang='grc' dir='ltr'>(ειρῶν</span> <span class='ocrx_word' id='word_1_329' title='bbox 2810 2012 2912 2063; x_wconf 89' lang='grc' dir='ltr'><strong>μου</strong></span> <span class='ocrx_word' id='word_1_330' title='bbox 2949 1995 3188 2065; x_wconf 74' lang='grc' dir='ltr'>βοήσας,</span> <span class='ocrx_word' id='word_1_331' title='bbox 3230 1997 3470 2050; x_wconf 80' lang='grc' dir='ltr'>Δέσποτα</span> <span class='ocrx_word' id='word_1_332' title='bbox 3503 1997 3614 2065; x_wconf 72' lang='grc' dir='ltr'>φιλο</span> 
     </span>
    </p>
   </div>
   <div class='ocr_carea' id='block_1_51' title="bbox 2052 2083 3612 2158">
    <p class='ocr_par' dir='ltr' id='par_1_51' title="bbox 2052 2083 3612 2158">
     <span class='ocr_line' id='line_1_51' title="bbox 2052 2083 3612 2158; baseline 0.002 -19"><span class='ocrx_word' id='word_1_333' title='bbox 2052 2087 2330 2158; x_wconf 86' lang='grc' dir='ltr'>ἀνθρωπε,</span> <span class='ocrx_word' id='word_1_334' title='bbox 2370 2083 2524 2150; x_wconf 72' lang='grc' dir='ltr'>εἶπα,</span> <span class='ocrx_word' id='word_1_335' title='bbox 2564 2089 2592 2140; x_wconf 82' lang='grc' dir='ltr'>ὁ</span> <span class='ocrx_word' id='word_1_336' title='bbox 2623 2087 2716 2140; x_wconf 71' lang='grc' dir='ltr'>καὶ</span> <span class='ocrx_word' id='word_1_337' title='bbox 2763 2087 3044 2158; x_wconf 76' lang='grc' dir='ltr'>ῥομφαίαν</span> <span class='ocrx_word' id='word_1_338' title='bbox 3080 2088 3348 2152; x_wconf 78' lang='grc' dir='ltr'>πολλάκις</span> <span class='ocrx_word' id='word_1_339' title='bbox 3379 2088 3612 2154; x_wconf 86' lang='grc' dir='ltr'>στίλϐων,</span> 
     </span>
    </p>
   </div>
   <div class='ocr_carea' id='block_1_52' title="bbox 2053 2178 3614 2251">
    <p class='ocr_par' dir='ltr' id='par_1_52' title="bbox 2053 2178 3614 2251">
     <span class='ocr_line' id='line_1_52' title="bbox 2053 2178 3614 2251; baseline -0.001 -17"><span class='ocrx_word' id='word_1_340' title='bbox 2053 2179 2147 2234; x_wconf 67' lang='grc' dir='ltr'>καὶ</span> <span class='ocrx_word' id='word_1_341' title='bbox 2171 2178 2324 2243; x_wconf 82' lang='grc' dir='ltr'>τόξον</span> <span class='ocrx_word' id='word_1_342' title='bbox 2347 2178 2620 2242; x_wconf 89' lang='grc' dir='ltr'>ἐντείνων,</span> <span class='ocrx_word' id='word_1_343' title='bbox 2649 2179 2715 2231; x_wconf 82' lang='grc' dir='ltr'><strong>δ.’</strong></span> <span class='ocrx_word' id='word_1_344' title='bbox 2747 2179 2918 2251; x_wconf 80' lang='grc' dir='ltr'>ὀργὴν</span> <span class='ocrx_word' id='word_1_345' title='bbox 2945 2181 3044 2250; x_wconf 83' lang='grc' dir='ltr'>μὲν</span> <span class='ocrx_word' id='word_1_346' title='bbox 3071 2179 3294 2236; x_wconf 86' lang='grc' dir='ltr'>δικαίαν</span> <span class='ocrx_word' id='word_1_347' title='bbox 3324 2181 3614 2251; x_wconf 78' lang='grc' dir='ltr'>ἀμ’φὸτερα,</span> 
     </span>
    </p>
   </div>
   <div class='ocr_carea' id='block_1_53' title="bbox 2058 2265 3618 2336">
    <p class='ocr_par' dir='ltr' id='par_1_53' title="bbox 2058 2265 3618 2336">
     <span class='ocr_line' id='line_1_53' title="bbox 2058 2265 3618 2336; baseline -0.003 -15"><span class='ocrx_word' id='word_1_348' title='bbox 2058 2268 2163 2321; x_wconf 81' lang='grc' dir='ltr'><strong>ὑπὸ</strong></span> <span class='ocrx_word' id='word_1_349' title='bbox 2216 2266 2272 2320; x_wconf 80' lang='grc' dir='ltr'>δὲ</span> <span class='ocrx_word' id='word_1_350' title='bbox 2330 2267 2428 2336; x_wconf 81' lang='grc' dir='ltr'><strong>τῆς</strong></span> <span class='ocrx_word' id='word_1_351' title='bbox 2486 2265 2747 2336; x_wconf 76' lang='grc' dir='ltr'><strong>συνήθους</strong></span> <span class='ocrx_word' id='word_1_352' title='bbox 2800 2265 2962 2318; x_wconf 87' lang='grc' dir='ltr'>πάλιν</span> <span class='ocrx_word' id='word_1_353' title='bbox 3007 2267 3220 2335; x_wconf 78' lang='grc' dir='ltr'>ἐπέχων</span> <span class='ocrx_word' id='word_1_354' title='bbox 3251 2267 3618 2334; x_wconf 75' lang='grc' dir='ltr'>χρηστότητος.</span> 
     </span>
    </p>
   </div>
   <div class='ocr_carea' id='block_1_54' title="bbox 2057 2358 3620 2430">
    <p class='ocr_par' dir='ltr' id='par_1_54' title="bbox 2057 2358 3620 2430">
     <span class='ocr_line' id='line_1_54' title="bbox 2057 2358 3620 2430; baseline -0.005 -16"><span class='ocrx_word' id='word_1_355' title='bbox 2057 2361 2152 2414; x_wconf 68' lang='grc' dir='ltr'>καὶ</span> <span class='ocrx_word' id='word_1_356' title='bbox 2190 2361 2288 2430; x_wconf 78' lang='grc' dir='ltr'><strong>τὴν</strong></span> <span class='ocrx_word' id='word_1_357' title='bbox 2317 2359 2591 2430; x_wconf 78' lang='grc' dir='ltr'>ἡμετέραν</span> <span class='ocrx_word' id='word_1_358' title='bbox 2626 2358 2962 2428; x_wconf 76' lang='grc' dir='ltr'>ἐπιστροφὴν</span> <span class='ocrx_word' id='word_1_359' title='bbox 2989 2358 3278 2427; x_wconf 79' lang='grc' dir='ltr'>ἀναμένων</span> <span class='ocrx_word' id='word_1_360' title='bbox 3309 2358 3530 2412; x_wconf 78' lang='grc' dir='ltr'>ἄκουσον</span> <span class='ocrx_word' id='word_1_361' title='bbox 3562 2358 3620 2406; x_wconf 70' lang='grc' dir='ltr'>ἐκ</span> 
     </span>
    </p>
   </div>
   <div class='ocr_carea' id='block_1_55' title="bbox 2057 2451 3620 2522">
    <p class='ocr_par' dir='ltr' id='par_1_55' title="bbox 2057 2451 3620 2522">
     <span class='ocr_line' id='line_1_55' title="bbox 2057 2451 3620 2522; baseline -0.004 -17"><span class='ocrx_word' id='word_1_362' title='bbox 2057 2452 2186 2505; x_wconf 92' lang='grc' dir='ltr'>ναοῦ</span> <span class='ocrx_word' id='word_1_363' title='bbox 2237 2453 2396 2521; x_wconf 80' lang='grc' dir='ltr'>ἁγίου</span> <span class='ocrx_word' id='word_1_364' title='bbox 2454 2454 2636 2521; x_wconf 80' lang='grc' dir='ltr'>φωνῆς</span> <span class='ocrx_word' id='word_1_365' title='bbox 2661 2469 2786 2522; x_wconf 87' lang='grc' dir='ltr'>μου,</span> <span class='ocrx_word' id='word_1_366' title='bbox 2825 2451 3114 2503; x_wconf 81' lang='grc' dir='ltr'>εἰσελθέτω</span> <span class='ocrx_word' id='word_1_367' title='bbox 3171 2453 3207 2521; x_wconf 79' lang='grc' dir='ltr'>ἠ</span> <span class='ocrx_word' id='word_1_368' title='bbox 3269 2451 3476 2520; x_wconf 84' lang='grc' dir='ltr'>κραυγή</span> <span class='ocrx_word' id='word_1_369' title='bbox 3530 2465 3620 2518; x_wconf 85' lang='grc' dir='ltr'><strong>μου</strong></span> 
     </span>
    </p>
   </div>
   <div class='ocr_carea' id='block_1_56' title="bbox 2057 2540 3620 2614">
    <p class='ocr_par' dir='ltr' id='par_1_56' title="bbox 2057 2540 3620 2614">
     <span class='ocr_line' id='line_1_56' title="bbox 2057 2540 3620 2614; baseline -0.005 -16"><span class='ocrx_word' id='word_1_370' title='bbox 2057 2544 2286 2598; x_wconf 82' lang='grc' dir='ltr'>ἐνώπιόν</span> <span class='ocrx_word' id='word_1_371' title='bbox 2326 2561 2442 2598; x_wconf 89' lang='grc' dir='ltr'>σου.</span> <span class='ocrx_word' id='word_1_372' title='bbox 2491 2543 2624 2596; x_wconf 72' lang='grc' dir='ltr'>Ἰδοὺ</span> <span class='ocrx_word' id='word_1_373' title='bbox 2659 2543 2767 2614; x_wconf 80' lang='grc' dir='ltr'><strong>γὰρ</strong></span> <span class='ocrx_word' id='word_1_374' title='bbox 2801 2544 3007 2612; x_wconf 67' lang='grc' dir='ltr'>ἐπάγη</span> <span class='ocrx_word' id='word_1_375' title='bbox 3047 2545 3079 2612; x_wconf 82' lang='grc' dir='ltr'><strong>ή</strong></span> <span class='ocrx_word' id='word_1_376' title='bbox 3107 2543 3204 2610; x_wconf 84' lang='grc' dir='ltr'><strong>γῆ.</strong></span> <span class='ocrx_word' id='word_1_377' title='bbox 3230 2543 3327 2596; x_wconf 76' lang='grc' dir='ltr'>καὶ</span> <span class='ocrx_word' id='word_1_378' title='bbox 3362 2542 3550 2603; x_wconf 78' lang='grc' dir='ltr'>πάντες</span> <span class='ocrx_word' id='word_1_379' title='bbox 3576 2540 3620 2591; x_wconf 89' lang='grc' dir='ltr'><strong>οί</strong></span> 
     </span>
    </p>
   </div>
   <div class='ocr_carea' id='block_1_57' title="bbox 2058 2633 3624 2709">
    <p class='ocr_par' dir='ltr' id='par_1_57' title="bbox 2058 2633 3624 2709">
     <span class='ocr_line' id='line_1_57' title="bbox 2058 2633 3624 2709; baseline -0.007 -16"><span class='ocrx_word' id='word_1_380' title='bbox 2058 2635 2438 2700; x_wconf 82' lang='grc' dir='ltr'>κατοικοῦντες</span> <span class='ocrx_word' id='word_1_381' title='bbox 2464 2638 2521 2688; x_wconf 90' lang='grc' dir='ltr'><strong>ἐν</strong></span> <span class='ocrx_word' id='word_1_382' title='bbox 2551 2636 2689 2709; x_wconf 79' lang='grc' dir='ltr'>αὐτῇ</span> <span class='ocrx_word' id='word_1_383' title='bbox 2720 2680 2732 2701; x_wconf 82' lang='grc'>,</span> <span class='ocrx_word' id='word_1_384' title='bbox 2769 2635 3036 2704; x_wconf 74' lang='grc' dir='ltr'>ἐσαλεύθη</span> <span class='ocrx_word' id='word_1_385' title='bbox 3083 2635 3179 2688; x_wconf 71' lang='grc' dir='ltr'><strong>καὶ</strong></span> <span class='ocrx_word' id='word_1_386' title='bbox 3221 2636 3477 2704; x_wconf 79' lang='grc' dir='ltr'>ἔντρομος</span> <span class='ocrx_word' id='word_1_387' title='bbox 3515 2633 3624 2700; x_wconf 83' lang='grc' dir='ltr'>ἐγε-</span> 
     </span>
    </p>
   </div>
   <div class='ocr_carea' id='block_1_58' title="bbox 2057 2725 3625 2802">
    <p class='ocr_par' dir='ltr' id='par_1_58' title="bbox 2057 2725 3625 2802">
     <span class='ocr_line' id='line_1_58' title="bbox 2057 2725 3625 2802; baseline -0.004 -18"><span class='ocrx_word' id='word_1_388' title='bbox 2057 2731 2227 2802; x_wconf 69' lang='grc' dir='ltr'>νήθη,</span> <span class='ocrx_word' id='word_1_389' title='bbox 2254 2731 2350 2784; x_wconf 74' lang='grc' dir='ltr'>καὶ</span> <span class='ocrx_word' id='word_1_390' title='bbox 2377 2730 2448 2784; x_wconf 82' lang='grc' dir='ltr'>τὰ</span> <span class='ocrx_word' id='word_1_391' title='bbox 2501 2730 2727 2801; x_wconf 81' lang='grc' dir='ltr'>θεμέλια</span> <span class='ocrx_word' id='word_1_392' title='bbox 2771 2731 2880 2783; x_wconf 84' lang='grc' dir='ltr'>τῶν</span> <span class='ocrx_word' id='word_1_393' title='bbox 2922 2729 3094 2801; x_wconf 84' lang='grc' dir='ltr'>ὀρέων</span> <span class='ocrx_word' id='word_1_394' title='bbox 3122 2728 3499 2800; x_wconf 72' lang='grc' dir='ltr'><strong>ἐταράχθησαν</strong></span> <span class='ocrx_word' id='word_1_395' title='bbox 3541 2725 3625 2778; x_wconf 54' lang='grc' dir='ltr'>καί</span> 
     </span>
    </p>
   </div>
   <div class='ocr_carea' id='block_1_59' title="bbox 2057 2817 3624 2892">
    <p class='ocr_par' dir='ltr' id='par_1_59' title="bbox 2057 2817 3624 2892">
     <span class='ocr_line' id='line_1_59' title="bbox 2057 2817 3624 2892; baseline -0.006 -18"><span class='ocrx_word' id='word_1_396' title='bbox 2057 2821 2453 2892; x_wconf 82' lang='grc' dir='ltr'>ἐσαλεύθησαν.</span> <span class='ocrx_word' id='word_1_397' title='bbox 2487 2820 2610 2874; x_wconf 89' lang='grc' dir='ltr'>Ὅτι</span> <span class='ocrx_word' id='word_1_398' title='bbox 2657 2820 2936 2892; x_wconf 84' lang='grc' dir='ltr'>ὠργίσθης</span> <span class='ocrx_word' id='word_1_399' title='bbox 2977 2821 3183 2883; x_wconf 84' lang='grc' dir='ltr'>αὐτοῖς,</span> <span class='ocrx_word' id='word_1_400' title='bbox 3221 2819 3376 2882; x_wconf 72' lang='grc' dir='ltr'>Θεὸς,</span> <span class='ocrx_word' id='word_1_401' title='bbox 3404 2817 3624 2869; x_wconf 83' lang='grc' dir='ltr'>συνέσει-</span> 
     </span>
    </p>
   </div>
   <div class='ocr_carea' id='block_1_60' title="bbox 2061 2904 3626 2984">
    <p class='ocr_par' dir='ltr' id='par_1_60' title="bbox 2061 2904 3626 2984">
     <span class='ocr_line' id='line_1_60' title="bbox 2061 2904 3626 2984; baseline -0.006 -16"><span class='ocrx_word' id='word_1_402' title='bbox 2061 2931 2159 2979; x_wconf 87' lang='grc' dir='ltr'><strong>σας</strong></span> <span class='ocrx_word' id='word_1_403' title='bbox 2187 2911 2357 2984; x_wconf 79' lang='grc' dir='ltr'>αὐτὴν</span> <span class='ocrx_word' id='word_1_404' title='bbox 2403 2911 2499 2966; x_wconf 80' lang='grc' dir='ltr'><strong>καὶ</strong></span> <span class='ocrx_word' id='word_1_405' title='bbox 2549 2912 2917 2982; x_wconf 81' lang='grc' dir='ltr'><strong>συνετάραξας</strong></span> <span class='ocrx_word' id='word_1_406' title='bbox 2945 2909 3369 2982; x_wconf 78' lang='grc' dir='ltr'>αύτὴν,ἐδειξας</span> <span class='ocrx_word' id='word_1_407' title='bbox 3412 2907 3488 2976; x_wconf 78' lang='grc' dir='ltr'>τῷ</span> <span class='ocrx_word' id='word_1_408' title='bbox 3523 2904 3626 2974; x_wconf 86' lang='grc' dir='ltr'>λαῷ</span> 
     </span>
    </p>
   </div>
   <div class='ocr_carea' id='block_1_61' title="bbox 376 3000 1956 3092">
    <p class='ocr_par' dir='ltr' id='par_1_61' title="bbox 376 3008 1952 3080">
     <span class='ocr_line' id='line_1_61' title="bbox 376 3008 1952 3080; baseline 0.002 -18"><span class='ocrx_word' id='word_1_409' title='bbox 376 3008 727 3063; x_wconf 79' lang='lat' dir='ltr'><strong>conturbasti</strong></span> <span class='ocrx_word' id='word_1_410' title='bbox 750 3023 896 3073; x_wconf 85' lang='lat' dir='ltr'><strong>eam,</strong></span> <span class='ocrx_word' id='word_1_411' title='bbox 927 3009 1218 3064; x_wconf 88' lang='lat' dir='ltr'><strong>ostendisti</strong></span> <span class='ocrx_word' id='word_1_412' title='bbox 1244 3010 1448 3080; x_wconf 89' lang='lat' dir='ltr'><strong>populo</strong></span> <span class='ocrx_word' id='word_1_413' title='bbox 1479 3019 1575 3064; x_wconf 89' lang='lat' dir='ltr'><strong>tuo</strong></span> <span class='ocrx_word' id='word_1_414' title='bbox 1629 3010 1790 3065; x_wconf 90' lang='lat' dir='ltr'><strong>dura.</strong></span> <span class='ocrx_word' id='word_1_415' title='bbox 1843 3011 1952 3065; x_wconf 82' lang='lat' dir='ltr'><strong>Ve-</strong></span> 
     </span>
    </p>
   </div>
   <div class='ocr_carea' id='block_1_62' title="bbox 2060 3000 3626 3092">
    <p class='ocr_par' dir='ltr' id='par_1_62' title="bbox 2061 3000 3626 3079">
     <span class='ocr_line' id='line_1_62' title="bbox 2061 3000 3626 3079; baseline -0.007 -19"><span class='ocrx_word' id='word_1_416' title='bbox 2061 3025 2156 3062; x_wconf 91' lang='grc' dir='ltr'>σου</span> <span class='ocrx_word' id='word_1_417' title='bbox 2195 3006 2429 3079; x_wconf 70' lang='grc' dir='ltr'>σκληρὲ,</span> <span class='ocrx_word' id='word_1_418' title='bbox 2452 3005 2566 3058; x_wconf 80' lang='grc' dir='ltr'>ἀλλ’</span> <span class='ocrx_word' id='word_1_419' title='bbox 2592 3005 2740 3057; x_wconf 82' lang='grc' dir='ltr'>ἴασαι</span> <span class='ocrx_word' id='word_1_420' title='bbox 2767 3005 2835 3057; x_wconf 77' lang='grc' dir='ltr'>τὰ</span> <span class='ocrx_word' id='word_1_421' title='bbox 2863 3003 3255 3074; x_wconf 85' lang='grc' dir='ltr'>συντρίμματα</span> <span class='ocrx_word' id='word_1_422' title='bbox 3276 3000 3626 3070; x_wconf 80' lang='grc' dir='ltr'>αύτῆς,κέρα-</span> 
     </span>
    </p>
   </div>
   <div class='ocr_carea' id='block_1_63' title="bbox 311 3101 1960 3173">
    <p class='ocr_par' dir='ltr' id='par_1_63' title="bbox 311 3101 1960 3173">
     <span class='ocr_line' id='line_1_63' title="bbox 311 3101 1960 3173; baseline 0.004 -21"><span class='ocrx_word' id='word_1_423' title='bbox 311 3105 313 3108; x_wconf 68' lang='lat'><em>‘</em></span> <span class='ocrx_word' id='word_1_424' title='bbox 379 3109 685 3156; x_wconf 81' lang='lat' dir='ltr'><strong>rumtamcn</strong></span> <span class='ocrx_word' id='word_1_425' title='bbox 709 3101 872 3157; x_wconf 85' lang='lat' dir='ltr'><strong>ﬁnem</strong></span> <span class='ocrx_word' id='word_1_426' title='bbox 900 3115 1044 3170; x_wconf 88' lang='lat' dir='ltr'><strong>pone</strong></span> <span class='ocrx_word' id='word_1_427' title='bbox 1076 3101 1328 3167; x_wconf 86' lang='lat' dir='ltr'><strong>tremori,</strong></span> <span class='ocrx_word' id='word_1_428' title='bbox 1358 3109 1604 3171; x_wconf 89' lang='lat' dir='ltr'><strong>tempera</strong></span> <span class='ocrx_word' id='word_1_429' title='bbox 1620 3101 1960 3173; x_wconf 83' lang='lat' dir='ltr'><strong>benignitate</strong></span> 
     </span>
    </p>
   </div>
   <div class='ocr_carea' id='block_1_64' title="bbox 380 3190 1960 3260">
    <p class='ocr_par' dir='ltr' id='par_1_64' title="bbox 380 3190 1960 3260">
     <span class='ocr_line' id='line_1_64' title="bbox 380 3190 1960 3260; baseline 0.002 -16"><span class='ocrx_word' id='word_1_430' title='bbox 380 3190 577 3255; x_wconf 88' lang='lat' dir='ltr'><strong>minas,</strong></span> <span class='ocrx_word' id='word_1_431' title='bbox 605 3190 826 3245; x_wconf 88' lang='lat' dir='ltr'><strong>contine</strong></span> <span class='ocrx_word' id='word_1_432' title='bbox 885 3190 1204 3260; x_wconf 82' lang='lat' dir='ltr'><strong>ﬂagellum:</strong></span> <span class='ocrx_word' id='word_1_433' title='bbox 1257 3207 1368 3246; x_wconf 89' lang='lat' dir='ltr'><strong>non</strong></span> <span class='ocrx_word' id='word_1_434' title='bbox 1421 3192 1568 3246; x_wconf 88' lang='lat' dir='ltr'><strong>enim</strong></span> <span class='ocrx_word' id='word_1_435' title='bbox 1609 3193 1662 3246; x_wconf 90' lang='lat' dir='ltr'><strong>in</strong></span> <span class='ocrx_word' id='word_1_436' title='bbox 1692 3202 1960 3248; x_wconf 72' lang='lat' dir='ltr'><strong>:ntcrnum</strong></span> 
     </span>
    </p>
   </div>
   <div class='ocr_carea' id='block_1_65' title="bbox 381 3281 1958 3355">
    <p class='ocr_par' dir='ltr' id='par_1_65' title="bbox 381 3281 1958 3355">
     <span class='ocr_line' id='line_1_65' title="bbox 381 3281 1958 3355; baseline 0.006 -24"><span class='ocrx_word' id='word_1_437' title='bbox 381 3281 640 3352; x_wconf 72' lang='lat' dir='ltr'><strong>projicics</strong></span> <span class='ocrx_word' id='word_1_438' title='bbox 668 3291 720 3338; x_wconf 86' lang='lat' dir='ltr'><strong>et</strong></span> <span class='ocrx_word' id='word_1_439' title='bbox 751 3298 861 3336; x_wconf 87' lang='lat' dir='ltr'><strong>non</strong></span> <span class='ocrx_word' id='word_1_440' title='bbox 883 3299 1134 3353; x_wconf 88' lang='lat' dir='ltr'><strong>appones</strong></span> <span class='ocrx_word' id='word_1_441' title='bbox 1165 3295 1226 3340; x_wconf 91' lang='lat' dir='ltr'><strong>ut</strong></span> <span class='ocrx_word' id='word_1_442' title='bbox 1250 3285 1614 3355; x_wconf 85' lang='lat' dir='ltr'><strong>beneplaceat</strong></span> <span class='ocrx_word' id='word_1_443' title='bbox 1638 3285 1737 3340; x_wconf 88' lang='lat' dir='ltr'><strong>tibi</strong></span> <span class='ocrx_word' id='word_1_444' title='bbox 1754 3287 1958 3352; x_wconf 92' lang='lat' dir='ltr'><strong>adbue,</strong></span> 
     </span>
    </p>
   </div>
   <div class='ocr_carea' id='block_1_66' title="bbox 381 3372 1960 3433">
    <p class='ocr_par' dir='ltr' id='par_1_66' title="bbox 381 3372 1960 3433">
     <span class='ocr_line' id='line_1_66' title="bbox 381 3372 1960 3433; baseline 0.005 -8"><span class='ocrx_word' id='word_1_445' title='bbox 381 3383 473 3426; x_wconf 86' lang='lat' dir='ltr'><strong>ant</strong></span> <span class='ocrx_word' id='word_1_446' title='bbox 510 3374 564 3426; x_wconf 90' lang='lat' dir='ltr'><strong>in</strong></span> <span class='ocrx_word' id='word_1_447' title='bbox 599 3372 761 3428; x_wconf 83' lang='lat' dir='ltr'><strong>ﬁnem</strong></span> <span class='ocrx_word' id='word_1_448' title='bbox 788 3375 1083 3430; x_wconf 88' lang='lat' dir='ltr'><strong>abseindes</strong></span> <span class='ocrx_word' id='word_1_449' title='bbox 1132 3376 1574 3431; x_wconf 89' lang='lat' dir='ltr'><strong>misericordiam</strong></span> <span class='ocrx_word' id='word_1_450' title='bbox 1611 3386 1791 3432; x_wconf 89' lang='lat' dir='ltr'><strong>tuam:</strong></span> <span class='ocrx_word' id='word_1_451' title='bbox 1847 3396 1960 3433; x_wconf 87' lang='lat' dir='ltr'><strong>non</strong></span> 
     </span>
    </p>
   </div>
   <div class='ocr_carea' id='block_1_67' title="bbox 381 3466 1958 3533">
    <p class='ocr_par' dir='ltr' id='par_1_67' title="bbox 381 3466 1958 3533">
     <span class='ocr_line' id='line_1_67' title="bbox 381 3466 1958 3533; baseline 0.008 -20"><span class='ocrx_word' id='word_1_452' title='bbox 381 3466 730 3522; x_wconf 69' lang='lat' dir='ltr'><strong>oblivisceris</strong></span> <span class='ocrx_word' id='word_1_453' title='bbox 780 3467 1066 3530; x_wconf 89' lang='lat' dir='ltr'><strong>misereri,</strong></span> <span class='ocrx_word' id='word_1_454' title='bbox 1101 3468 1267 3533; x_wconf 90' lang='lat' dir='ltr'><strong>Deus,</strong></span> <span class='ocrx_word' id='word_1_455' title='bbox 1301 3478 1398 3524; x_wconf 89' lang='lat' dir='ltr'><strong>aut</strong></span> <span class='ocrx_word' id='word_1_456' title='bbox 1423 3470 1738 3525; x_wconf 88' lang='lat' dir='ltr'><strong>continebis</strong></span> <span class='ocrx_word' id='word_1_457' title='bbox 1774 3471 1830 3526; x_wconf 89' lang='lat' dir='ltr'><strong>in</strong></span> <span class='ocrx_word' id='word_1_458' title='bbox 1878 3472 1958 3526; x_wconf 86' lang='lat' dir='ltr'><strong>ira</strong></span> 
     </span>
    </p>
   </div>
   <div class='ocr_carea' id='block_1_68' title="bbox 386 3561 1960 3629">
    <p class='ocr_par' dir='ltr' id='par_1_68' title="bbox 386 3561 1960 3629">
     <span class='ocr_line' id='line_1_68' title="bbox 386 3561 1960 3629; baseline 0.004 -17"><span class='ocrx_word' id='word_1_459' title='bbox 386 3561 770 3616; x_wconf 70' lang='lat' dir='ltr'><strong>miserationes</strong></span> <span class='ocrx_word' id='word_1_460' title='bbox 795 3569 934 3615; x_wconf 91' lang='lat' dir='ltr'><strong>tuas.</strong></span> <span class='ocrx_word' id='word_1_461' title='bbox 969 3561 1052 3616; x_wconf 89' lang='lat' dir='ltr'><strong>Tu</strong></span> <span class='ocrx_word' id='word_1_462' title='bbox 1081 3563 1230 3617; x_wconf 92' lang='lat' dir='ltr'><strong>enim</strong></span> <span class='ocrx_word' id='word_1_463' title='bbox 1263 3563 1416 3618; x_wconf 86' lang='lat' dir='ltr'><strong>solus</strong></span> <span class='ocrx_word' id='word_1_464' title='bbox 1440 3579 1500 3619; x_wconf 89' lang='lat' dir='ltr'><strong>es</strong></span> <span class='ocrx_word' id='word_1_465' title='bbox 1531 3565 1872 3629; x_wconf 85' lang='lat' dir='ltr'><strong>misericors,</strong></span> <span class='ocrx_word' id='word_1_466' title='bbox 1903 3577 1960 3619; x_wconf 86' lang='lat' dir='ltr'><strong>et</strong></span> 
     </span>
    </p>
   </div>
   <div class='ocr_carea' id='block_1_69' title="bbox 379 3651 1961 3726">
    <p class='ocr_par' dir='ltr' id='par_1_69' title="bbox 379 3651 1961 3726">
     <span class='ocr_line' id='line_1_69' title="bbox 379 3651 1961 3726; baseline 0.006 -24"><span class='ocrx_word' id='word_1_467' title='bbox 379 3651 648 3721; x_wconf 70' lang='lat' dir='ltr'><strong>propitius</strong></span> <span class='ocrx_word' id='word_1_468' title='bbox 683 3652 779 3706; x_wconf 81' lang='lat' dir='ltr'><strong>ﬁes</strong></span> <span class='ocrx_word' id='word_1_469' title='bbox 812 3654 1053 3722; x_wconf 88' lang='lat' dir='ltr'><strong>peccatis</strong></span> <span class='ocrx_word' id='word_1_470' title='bbox 1081 3655 1314 3720; x_wconf 83' lang='lat' dir='ltr'><strong>nostris,</strong></span> <span class='ocrx_word' id='word_1_471' title='bbox 1366 3666 1423 3710; x_wconf 90' lang='lat' dir='ltr'><strong>et</strong></span> <span class='ocrx_word' id='word_1_472' title='bbox 1471 3672 1584 3710; x_wconf 86' lang='lat' dir='ltr'><strong>non</strong></span> <span class='ocrx_word' id='word_1_473' title='bbox 1623 3656 1961 3726; x_wconf 81' lang='lat' dir='ltr'><strong>disperdes;</strong></span> 
     </span>
    </p>
   </div>
   <div class='ocr_carea' id='block_1_70' title="bbox 380 3743 1960 3814">
    <p class='ocr_par' dir='ltr' id='par_1_70' title="bbox 380 3743 1960 3814">
     <span class='ocr_line' id='line_1_70' title="bbox 380 3743 1960 3814; baseline 0.005 -18"><span class='ocrx_word' id='word_1_474' title='bbox 380 3744 474 3797; x_wconf 80' lang='lat' dir='ltr'><strong>sed</strong></span> <span class='ocrx_word' id='word_1_475' title='bbox 522 3743 920 3814; x_wconf 86' lang='lat' dir='ltr'><strong>multiplicabis</strong></span> <span class='ocrx_word' id='word_1_476' title='bbox 962 3745 1029 3800; x_wconf 89' lang='lat' dir='ltr'><strong>ad</strong></span> <span class='ocrx_word' id='word_1_477' title='bbox 1069 3746 1427 3802; x_wconf 81' lang='lat' dir='ltr'><strong>avertendam</strong></span> <span class='ocrx_word' id='word_1_478' title='bbox 1481 3747 1618 3802; x_wconf 91' lang='lat' dir='ltr'><strong>iram</strong></span> <span class='ocrx_word' id='word_1_479' title='bbox 1679 3758 1851 3814; x_wconf 90' lang='lat' dir='ltr'><strong>tuam,</strong></span> <span class='ocrx_word' id='word_1_480' title='bbox 1904 3758 1960 3804; x_wconf 90' lang='lat' dir='ltr'><strong>et</strong></span> 
     </span>
    </p>
   </div>
   <div class='ocr_carea' id='block_1_71' title="bbox 381 3831 1958 3904">
    <p class='ocr_par' dir='ltr' id='par_1_71' title="bbox 381 3831 1958 3904">
     <span class='ocr_line' id='line_1_71' title="bbox 381 3831 1958 3904; baseline 0.007 -20"><span class='ocrx_word' id='word_1_481' title='bbox 381 3848 492 3885; x_wconf 83' lang='lat' dir='ltr'><strong>non</strong></span> <span class='ocrx_word' id='word_1_482' title='bbox 538 3831 810 3891; x_wconf 88' lang='lat' dir='ltr'><strong>accench</strong></span> <span class='ocrx_word' id='word_1_483' title='bbox 871 3849 1038 3904; x_wconf 89' lang='lat' dir='ltr'><strong>super</strong></span> <span class='ocrx_word' id='word_1_484' title='bbox 1089 3851 1192 3891; x_wconf 90' lang='lat' dir='ltr'><strong>nos</strong></span> <span class='ocrx_word' id='word_1_485' title='bbox 1241 3853 1462 3893; x_wconf 90' lang='lat' dir='ltr'><strong>omnem</strong></span> <span class='ocrx_word' id='word_1_486' title='bbox 1495 3839 1634 3894; x_wconf 87' lang='lat' dir='ltr'><strong>iram</strong></span> <span class='ocrx_word' id='word_1_487' title='bbox 1665 3851 1834 3895; x_wconf 88' lang='lat' dir='ltr'><strong>tuam.</strong></span> <span class='ocrx_word' id='word_1_488' title='bbox 1883 3841 1958 3896; x_wconf 85' lang='lat' dir='ltr'><strong>ita</strong></span> 
     </span>
    </p>
   </div>
   <div class='ocr_carea' id='block_1_72' title="bbox 381 3925 1961 4000">
    <p class='ocr_par' dir='ltr' id='par_1_72' title="bbox 381 3925 1961 4000">
     <span class='ocr_line' id='line_1_72' title="bbox 381 3925 1961 4000; baseline 0.01 -27"><span class='ocrx_word' id='word_1_489' title='bbox 381 3934 640 3992; x_wconf 79' lang='lat' dir='ltr'><strong>precatus</strong></span> <span class='ocrx_word' id='word_1_490' title='bbox 670 3925 842 3980; x_wconf 89' lang='lat' dir='ltr'><strong>Deum</strong></span> <span class='ocrx_word' id='word_1_491' title='bbox 897 3937 1146 3992; x_wconf 90' lang='lat' dir='ltr'><strong>sanctus,</strong></span> <span class='ocrx_word' id='word_1_492' title='bbox 1206 3929 1276 3988; x_wconf 87' lang='lat' dir='ltr'><strong>ad</strong></span> <span class='ocrx_word' id='word_1_493' title='bbox 1330 3931 1594 4000; x_wconf 86' lang='lat' dir='ltr'><strong>p0pulum</strong></span> <span class='ocrx_word' id='word_1_494' title='bbox 1658 3933 1859 3987; x_wconf 78' lang='lat' dir='ltr'><strong>exivit:</strong></span> <span class='ocrx_word' id='word_1_495' title='bbox 1903 3942 1961 3989; x_wconf 90' lang='lat' dir='ltr'><strong>et</strong></span> 
     </span>
    </p>
   </div>
   <div class='ocr_carea' id='block_1_73' title="bbox 387 4017 1959 4092">
    <p class='ocr_par' dir='ltr' id='par_1_73' title="bbox 387 4017 1959 4092">
     <span class='ocr_line' id='line_1_73' title="bbox 387 4017 1959 4092; baseline 0.007 -23"><span class='ocrx_word' id='word_1_496' title='bbox 387 4028 531 4069; x_wconf 78' lang='lat' dir='ltr'><strong>terra</strong></span> <span class='ocrx_word' id='word_1_497' title='bbox 565 4017 753 4071; x_wconf 91' lang='lat' dir='ltr'><strong>statim</strong></span> <span class='ocrx_word' id='word_1_498' title='bbox 781 4018 1012 4086; x_wconf 82' lang='lat' dir='ltr'><strong>quievit,</strong></span> <span class='ocrx_word' id='word_1_499' title='bbox 1041 4019 1276 4090; x_wconf 87' lang='lat' dir='ltr'><strong>imperio</strong></span> <span class='ocrx_word' id='word_1_500' title='bbox 1316 4021 1466 4077; x_wconf 91' lang='lat' dir='ltr'><strong>illius</strong></span> <span class='ocrx_word' id='word_1_501' title='bbox 1488 4038 1518 4076; x_wconf 87' lang='lat' dir='ltr'><strong>a</strong></span> <span class='ocrx_word' id='word_1_502' title='bbox 1569 4039 1679 4092; x_wconf 91' lang='lat' dir='ltr'><strong>quo</strong></span> <span class='ocrx_word' id='word_1_503' title='bbox 1734 4024 1959 4080; x_wconf 81' lang='lat' dir='ltr'><strong>fundata</strong></span> 
     </span>
    </p>
   </div>
   <div class='ocr_carea' id='block_1_74' title="bbox 386 4109 1959 4181">
    <p class='ocr_par' dir='ltr' id='par_1_74' title="bbox 386 4109 1959 4181">
     <span class='ocr_line' id='line_1_74' title="bbox 386 4109 1959 4181; baseline 0.007 -22"><span class='ocrx_word' id='word_1_504' title='bbox 386 4115 500 4160; x_wconf 68' lang='lat' dir='ltr'><strong>est:</strong></span> <span class='ocrx_word' id='word_1_505' title='bbox 533 4117 588 4160; x_wconf 91' lang='lat' dir='ltr'><strong>et</strong></span> <span class='ocrx_word' id='word_1_506' title='bbox 616 4109 855 4178; x_wconf 88' lang='lat' dir='ltr'><strong>p0pulus</strong></span> <span class='ocrx_word' id='word_1_507' title='bbox 895 4109 1116 4164; x_wconf 88' lang='lat' dir='ltr'><strong>deterso</strong></span> <span class='ocrx_word' id='word_1_508' title='bbox 1141 4127 1354 4181; x_wconf 84' lang='lat' dir='ltr'><strong>nupero</strong></span> <span class='ocrx_word' id='word_1_509' title='bbox 1394 4112 1524 4166; x_wconf 88' lang='lat' dir='ltr'><strong>lletu</strong></span> <span class='ocrx_word' id='word_1_510' title='bbox 1556 4114 1802 4169; x_wconf 67' lang='lat' dir='ltr'><strong>laetitiam</strong></span> <span class='ocrx_word' id='word_1_511' title='bbox 1839 4116 1959 4170; x_wconf 82' lang='lat' dir='ltr'><strong>ani—</strong></span> 
     </span>
    </p>
   </div>
   <div class='ocr_carea' id='block_1_75' title="bbox 383 4199 1958 4273">
    <p class='ocr_par' dir='ltr' id='par_1_75' title="bbox 383 4199 1958 4273">
     <span class='ocr_line' id='line_1_75' title="bbox 383 4199 1958 4273; baseline 0.008 -24"><span class='ocrx_word' id='word_1_512' title='bbox 383 4213 474 4249; x_wconf 84' lang='lat' dir='ltr'><strong>mo</strong></span> <span class='ocrx_word' id='word_1_513' title='bbox 512 4199 777 4268; x_wconf 83' lang='lat' dir='ltr'><strong>vultuque</strong></span> <span class='ocrx_word' id='word_1_514' title='bbox 817 4200 1000 4254; x_wconf 88' lang='lat' dir='ltr'><strong>testati</strong></span> <span class='ocrx_word' id='word_1_515' title='bbox 1046 4212 1433 4266; x_wconf 82' lang='lat' dir='ltr'><strong>recesserunt,</strong></span> <span class='ocrx_word' id='word_1_516' title='bbox 1494 4206 1801 4273; x_wconf 83' lang='lat' dir='ltr'><strong>potentiam</strong></span> <span class='ocrx_word' id='word_1_517' title='bbox 1856 4206 1958 4261; x_wconf 90' lang='lat' dir='ltr'><strong>Dei</strong></span> 
     </span>
    </p>
   </div>
   <div class='ocr_carea' id='block_1_76' title="bbox 382 4289 1960 4368">
    <p class='ocr_par' dir='ltr' id='par_1_76' title="bbox 382 4289 1960 4368">
     <span class='ocr_line' id='line_1_76' title="bbox 382 4289 1960 4368; baseline 0.008 -28"><span class='ocrx_word' id='word_1_518' title='bbox 382 4289 795 4344; x_wconf 86' lang='lat' dir='ltr'><strong>annuntiantes.</strong></span> <span class='ocrx_word' id='word_1_519' title='bbox 833 4289 968 4356; x_wconf 86' lang='lat' dir='ltr'><strong>Quis</strong></span> <span class='ocrx_word' id='word_1_520' title='bbox 1005 4301 1189 4347; x_wconf 88' lang='lat' dir='ltr'><strong>autem</strong></span> <span class='ocrx_word' id='word_1_521' title='bbox 1217 4302 1326 4347; x_wconf 83' lang='lat' dir='ltr'><strong>tam</strong></span> <span class='ocrx_word' id='word_1_522' title='bbox 1379 4293 1622 4349; x_wconf 85' lang='lat' dir='ltr'><strong>disertus</strong></span> <span class='ocrx_word' id='word_1_523' title='bbox 1656 4296 1867 4368; x_wconf 87' lang='lat' dir='ltr'><strong>lingua,</strong></span> <span class='ocrx_word' id='word_1_524' title='bbox 1903 4309 1960 4352; x_wconf 91' lang='lat' dir='ltr'><strong>et</strong></span> 
     </span>
    </p>
   </div>
   <div class='ocr_carea' id='block_1_77' title="bbox 2070 3092 3622 3170">
    <p class='ocr_par' dir='ltr' id='par_1_77' title="bbox 2070 3092 3622 3170">
     <span class='ocr_line' id='line_1_77' title="bbox 2070 3092 3622 3170; baseline -0.008 -17"><span class='ocrx_word' id='word_1_525' title='bbox 2070 3119 2161 3154; x_wconf 90' lang='grc' dir='ltr'>σον</span> <span class='ocrx_word' id='word_1_526' title='bbox 2193 3098 2577 3170; x_wconf 79' lang='grc' dir='ltr'>φιλανθρωπίᾳ</span> <span class='ocrx_word' id='word_1_527' title='bbox 2600 3099 2698 3168; x_wconf 81' lang='grc' dir='ltr'>τὴν</span> <span class='ocrx_word' id='word_1_528' title='bbox 2725 3095 2977 3167; x_wconf 78' lang='grc' dir='ltr'>ἀπειλὴν,</span> <span class='ocrx_word' id='word_1_529' title='bbox 3010 3098 3214 3164; x_wconf 71' lang='grc' dir='ltr'>στῆσον</span> <span class='ocrx_word' id='word_1_530' title='bbox 3251 3093 3350 3163; x_wconf 78' lang='grc' dir='ltr'><strong>τὴν</strong></span> <span class='ocrx_word' id='word_1_531' title='bbox 3384 3092 3622 3161; x_wconf 81' lang='grc' dir='ltr'>μάστιγα⁶</span> 
     </span>
    </p>
   </div>
   <div class='ocr_carea' id='block_1_78' title="bbox 2068 3181 3624 3262">
    <p class='ocr_par' dir='ltr' id='par_1_78' title="bbox 2068 3181 3624 3262">
     <span class='ocr_line' id='line_1_78' title="bbox 2068 3181 3624 3262; baseline -0.008 -17"><span class='ocrx_word' id='word_1_532' title='bbox 2068 3191 2144 3262; x_wconf 81' lang='grc' dir='ltr'>μὴ</span> <span class='ocrx_word' id='word_1_533' title='bbox 2197 3190 2306 3260; x_wconf 84' lang='grc' dir='ltr'><strong>γὰρ</strong></span> <span class='ocrx_word' id='word_1_534' title='bbox 2355 3192 2433 3254; x_wconf 88' lang='grc' dir='ltr'><strong>είς</strong></span> <span class='ocrx_word' id='word_1_535' title='bbox 2461 3191 2585 3251; x_wconf 71' lang='grc' dir='ltr'>τοὺς</span> <span class='ocrx_word' id='word_1_536' title='bbox 2613 3189 2816 3251; x_wconf 73' lang='grc' dir='ltr'>αἰῶνας</span> <span class='ocrx_word' id='word_1_537' title='bbox 2844 3187 3042 3258; x_wconf 81' lang='grc' dir='ltr'>άπὼσῃ</span> <span class='ocrx_word' id='word_1_538' title='bbox 3086 3186 3182 3239; x_wconf 75' lang='grc' dir='ltr'>καὶ</span> <span class='ocrx_word' id='word_1_539' title='bbox 3211 3187 3273 3238; x_wconf 86' lang='grc' dir='ltr'><strong>ού</strong></span> <span class='ocrx_word' id='word_1_540' title='bbox 3314 3181 3624 3254; x_wconf 77' lang='grc' dir='ltr'>προσθήσεις</span> 
     </span>
    </p>
   </div>
   <div class='ocr_carea' id='block_1_79' title="bbox 2009 3267 3625 3350">
    <p class='ocr_par' dir='ltr' id='par_1_79' title="bbox 2009 3267 3625 3350">
     <span class='ocr_line' id='line_1_79' title="bbox 2009 3267 3625 3350; baseline -0.008 -14"><span class='ocrx_word' id='word_1_541' title='bbox 2009 3323 2015 3326; x_wconf 91' lang='grc'><strong>-</strong></span> <span class='ocrx_word' id='word_1_542' title='bbox 2063 3281 2157 3336; x_wconf 88' lang='grc' dir='ltr'><strong>τοῦ</strong></span> <span class='ocrx_word' id='word_1_543' title='bbox 2198 3281 2491 3350; x_wconf 80' lang='grc' dir='ltr'>εύδοκῆσαι</span> <span class='ocrx_word' id='word_1_544' title='bbox 2531 3280 2684 3350; x_wconf 60' lang='lat' dir='ltr'><strong>Emi;</strong></span> <span class='ocrx_word' id='word_1_545' title='bbox 2715 3281 2795 3343; x_wconf 91' lang='grc' dir='ltr'><strong>είς</strong></span> <span class='ocrx_word' id='word_1_546' title='bbox 2827 3279 2981 3342; x_wconf 83' lang='grc' dir='ltr'>τέλος</span> <span class='ocrx_word' id='word_1_547' title='bbox 3011 3277 3071 3330; x_wconf 82' lang='grc' dir='ltr'>τὸ</span> <span class='ocrx_word' id='word_1_548' title='bbox 3113 3275 3267 3341; x_wconf 70' lang='grc' dir='ltr'>ἔλεός</span> <span class='ocrx_word' id='word_1_549' title='bbox 3307 3292 3400 3328; x_wconf 92' lang='grc' dir='ltr'><strong>σου</strong></span> <span class='ocrx_word' id='word_1_550' title='bbox 3427 3267 3625 3327; x_wconf 71' lang='grc' dir='ltr'><strong>ιἐιποκδ-</strong></span> 
     </span>
    </p>
   </div>
   <div class='ocr_carea' id='block_1_80' title="bbox 2064 3365 3626 3447">
    <p class='ocr_par' dir='ltr' id='par_1_80' title="bbox 2064 3365 3626 3447">
     <span class='ocr_line' id='line_1_80' title="bbox 2064 3365 3626 3447; baseline -0.01 -18"><span class='ocrx_word' id='word_1_551' title='bbox 2064 3377 2209 3447; x_wconf 71' lang='grc' dir='ltr'>ψεις.</span> <span class='ocrx_word' id='word_1_552' title='bbox 2244 3374 2334 3444; x_wconf 84' lang='grc' dir='ltr'><strong>Μὴ</strong></span> <span class='ocrx_word' id='word_1_553' title='bbox 2392 3373 2627 3443; x_wconf 74' lang='grc' dir='ltr'>ἐπιλήσῃ</span> <span class='ocrx_word' id='word_1_554' title='bbox 2672 3371 2766 3425; x_wconf 87' lang='grc' dir='ltr'><strong>τοῦ</strong></span> <span class='ocrx_word' id='word_1_555' title='bbox 2819 3370 3220 3442; x_wconf 79' lang='grc' dir='ltr'><strong>οῖκτειρῆσαιὸ</strong></span> <span class='ocrx_word' id='word_1_556' title='bbox 3273 3367 3425 3430; x_wconf 82' lang='grc' dir='ltr'>Θεὸς,</span> <span class='ocrx_word' id='word_1_557' title='bbox 3455 3365 3486 3434; x_wconf 81' lang='grc' dir='ltr'>ἢ</span> <span class='ocrx_word' id='word_1_558' title='bbox 3514 3381 3626 3416; x_wconf 91' lang='grc' dir='ltr'>συν-</span> 
     </span>
    </p>
   </div>
   <div class='ocr_carea' id='block_1_81' title="bbox 2064 3456 3628 3536">
    <p class='ocr_par' dir='ltr' id='par_1_81' title="bbox 2064 3456 3628 3536">
     <span class='ocr_line' id='line_1_81' title="bbox 2064 3456 3628 3536; baseline -0.005 -17"><span class='ocrx_word' id='word_1_559' title='bbox 2064 3467 2207 3534; x_wconf 81' lang='grc' dir='ltr'>έξεις</span> <span class='ocrx_word' id='word_1_560' title='bbox 2241 3469 2298 3519; x_wconf 78' lang='grc' dir='ltr'>ὲν</span> <span class='ocrx_word' id='word_1_561' title='bbox 2332 3469 2396 3536; x_wconf 85' lang='grc' dir='ltr'>τῇ</span> <span class='ocrx_word' id='word_1_562' title='bbox 2449 3465 2589 3536; x_wconf 83' lang='grc' dir='ltr'>ὀργῇ</span> <span class='ocrx_word' id='word_1_563' title='bbox 2633 3481 2725 3518; x_wconf 93' lang='grc' dir='ltr'><strong>σου</strong></span> <span class='ocrx_word' id='word_1_564' title='bbox 2773 3463 2898 3526; x_wconf 66' lang='grc' dir='ltr'>τοὺς</span> <span class='ocrx_word' id='word_1_565' title='bbox 2930 3460 3254 3532; x_wconf 80' lang='grc' dir='ltr'>οἱκτιρμούς</span> <span class='ocrx_word' id='word_1_566' title='bbox 3283 3479 3376 3514; x_wconf 92' lang='grc' dir='ltr'><strong>σου</strong></span> <span class='ocrx_word' id='word_1_567' title='bbox 3399 3475 3413 3489; x_wconf 81' lang='lat'><strong><em>°</em></strong></span> <span class='ocrx_word' id='word_1_568' title='bbox 3445 3458 3505 3510; x_wconf 78' lang='grc' dir='ltr'>σὺ</span> <span class='ocrx_word' id='word_1_569' title='bbox 3529 3456 3628 3524; x_wconf 73' lang='grc' dir='ltr'>γὰρ</span> 
     </span>
    </p>
   </div>
   <div class='ocr_carea' id='block_1_82' title="bbox 2062 3547 3624 3628">
    <p class='ocr_par' dir='ltr' id='par_1_82' title="bbox 2062 3547 3624 3628">
     <span class='ocr_line' id='line_1_82' title="bbox 2062 3547 3624 3628; baseline -0.007 -18"><span class='ocrx_word' id='word_1_570' title='bbox 2062 3553 2114 3610; x_wconf 81' lang='grc' dir='ltr'>εί</span> <span class='ocrx_word' id='word_1_571' title='bbox 2141 3557 2296 3627; x_wconf 85' lang='grc' dir='ltr'>μόνος</span> <span class='ocrx_word' id='word_1_572' title='bbox 2321 3557 2640 3628; x_wconf 84' lang='grc' dir='ltr'>οἰκτίρμων,</span> <span class='ocrx_word' id='word_1_573' title='bbox 2671 3557 2763 3608; x_wconf 79' lang='grc' dir='ltr'>καὶ</span> <span class='ocrx_word' id='word_1_574' title='bbox 2793 3555 2950 3625; x_wconf 77' lang='grc' dir='ltr'>ἱλάσῃ</span> <span class='ocrx_word' id='word_1_575' title='bbox 2977 3557 3100 3616; x_wconf 89' lang='grc' dir='ltr'>ταῖς</span> <span class='ocrx_word' id='word_1_576' title='bbox 3131 3553 3430 3624; x_wconf 82' lang='grc' dir='ltr'>ἁμαρτίαις</span> <span class='ocrx_word' id='word_1_577' title='bbox 3457 3547 3624 3619; x_wconf 79' lang='grc' dir='ltr'>ἡμῶν,</span> 
     </span>
    </p>
   </div>
   <div class='ocr_carea' id='block_1_83' title="bbox 2062 3638 3649 3718">
    <p class='ocr_par' dir='ltr' id='par_1_83' title="bbox 2062 3638 3649 3718">
     <span class='ocr_line' id='line_1_83' title="bbox 2062 3638 3649 3718; baseline -0.007 -17"><span class='ocrx_word' id='word_1_578' title='bbox 2062 3649 2156 3702; x_wconf 74' lang='grc' dir='ltr'><strong>καὶ</strong></span> <span class='ocrx_word' id='word_1_579' title='bbox 2192 3649 2251 3701; x_wconf 89' lang='grc' dir='ltr'><strong>ού</strong></span> <span class='ocrx_word' id='word_1_580' title='bbox 2278 3646 2611 3718; x_wconf 85' lang='grc' dir='ltr'>διαφθερεῖς,</span> <span class='ocrx_word' id='word_1_581' title='bbox 2644 3647 2779 3700; x_wconf 77' lang='grc' dir='ltr'>ἀλλὰ</span> <span class='ocrx_word' id='word_1_582' title='bbox 2830 3645 3122 3715; x_wconf 86' lang='grc' dir='ltr'>πληθυνεῖς</span> <span class='ocrx_word' id='word_1_583' title='bbox 3151 3645 3250 3696; x_wconf 90' lang='grc' dir='ltr'>τοῦ</span> <span class='ocrx_word' id='word_1_584' title='bbox 3303 3638 3649 3713; x_wconf 30' lang='grc' dir='ltr'>ἀποστρέψαι,</span> 
     </span>
    </p>
   </div>
   <div class='ocr_carea' id='block_1_84' title="bbox 2061 3731 3625 3811">
    <p class='ocr_par' dir='ltr' id='par_1_84' title="bbox 2061 3731 3625 3811">
     <span class='ocr_line' id='line_1_84' title="bbox 2061 3731 3625 3811; baseline -0.003 -18"><span class='ocrx_word' id='word_1_585' title='bbox 2061 3742 2152 3793; x_wconf 77' lang='grc' dir='ltr'>τὸν</span> <span class='ocrx_word' id='word_1_586' title='bbox 2201 3739 2373 3811; x_wconf 86' lang='grc' dir='ltr'>θυμόν</span> <span class='ocrx_word' id='word_1_587' title='bbox 2427 3756 2543 3806; x_wconf 93' lang='grc' dir='ltr'>σου,</span> <span class='ocrx_word' id='word_1_588' title='bbox 2575 3739 2666 3792; x_wconf 69' lang='grc' dir='ltr'>καὶ</span> <span class='ocrx_word' id='word_1_589' title='bbox 2700 3738 2824 3810; x_wconf 74' lang='grc' dir='ltr'>ούχὶ</span> <span class='ocrx_word' id='word_1_590' title='bbox 2846 3737 3140 3800; x_wconf 80' lang='grc' dir='ltr'>ἐκκαύσεις</span> <span class='ocrx_word' id='word_1_591' title='bbox 3172 3738 3356 3788; x_wconf 85' lang='grc' dir='ltr'>πᾶσαν</span> <span class='ocrx_word' id='word_1_592' title='bbox 3382 3734 3464 3800; x_wconf 74' lang='grc' dir='ltr'>ἐφ’</span> <span class='ocrx_word' id='word_1_593' title='bbox 3491 3731 3625 3801; x_wconf 72' lang='grc' dir='ltr'><strong>ἡμᾶς</strong></span> 
     </span>
    </p>
   </div>
   <div class='ocr_carea' id='block_1_85' title="bbox 2061 3819 3630 3904">
    <p class='ocr_par' dir='ltr' id='par_1_85' title="bbox 2061 3819 3630 3904">
     <span class='ocr_line' id='line_1_85' title="bbox 2061 3819 3630 3904; baseline -0.007 -17"><span class='ocrx_word' id='word_1_594' title='bbox 2061 3835 2162 3903; x_wconf 79' lang='grc' dir='ltr'><strong>τὴν</strong></span> <span class='ocrx_word' id='word_1_595' title='bbox 2219 3834 2390 3904; x_wconf 87' lang='grc' dir='ltr'>ὀργήν</span> <span class='ocrx_word' id='word_1_596' title='bbox 2422 3850 2538 3886; x_wconf 91' lang='grc' dir='ltr'>σου.</span> <span class='ocrx_word' id='word_1_597' title='bbox 2569 3831 2759 3886; x_wconf 88' lang='grc' dir='ltr'>Ταῦτα</span> <span class='ocrx_word' id='word_1_598' title='bbox 2785 3834 2812 3884; x_wconf 85' lang='grc' dir='ltr'>ὁ</span> <span class='ocrx_word' id='word_1_599' title='bbox 2844 3830 2943 3901; x_wconf 82' lang='grc' dir='ltr'>μὲν</span> <span class='ocrx_word' id='word_1_600' title='bbox 2979 3828 3072 3882; x_wconf 83' lang='grc' dir='ltr'><strong>τοῦ</strong></span> <span class='ocrx_word' id='word_1_601' title='bbox 3100 3827 3241 3881; x_wconf 82' lang='grc' dir='ltr'><strong>Θεοῦ</strong></span> <span class='ocrx_word' id='word_1_602' title='bbox 3267 3826 3496 3897; x_wconf 73' lang='grc' dir='ltr'>δεηθεὶς,</span> <span class='ocrx_word' id='word_1_603' title='bbox 3521 3819 3630 3876; x_wconf 74' lang='grc' dir='ltr'>εἶτα</span> 
     </span>
    </p>
   </div>
   <div class='ocr_carea' id='block_1_86' title="bbox 2063 3914 3629 3998">
    <p class='ocr_par' dir='ltr' id='par_1_86' title="bbox 2063 3914 3629 3998">
     <span class='ocr_line' id='line_1_86' title="bbox 2063 3914 3629 3998; baseline -0.009 -19"><span class='ocrx_word' id='word_1_604' title='bbox 2063 3926 2155 3978; x_wconf 76' lang='grc' dir='ltr'><strong>καὶ</strong></span> <span class='ocrx_word' id='word_1_605' title='bbox 2187 3925 2322 3998; x_wconf 79' lang='grc' dir='ltr'>πρὸς</span> <span class='ocrx_word' id='word_1_606' title='bbox 2357 3925 2449 3979; x_wconf 80' lang='grc' dir='ltr'>τὸν</span> <span class='ocrx_word' id='word_1_607' title='bbox 2485 3924 2611 3977; x_wconf 78' lang='grc' dir='ltr'>λαὸν</span> <span class='ocrx_word' id='word_1_608' title='bbox 2645 3923 2845 3994; x_wconf 78' lang='grc' dir='ltr'><strong>διεξῄει</strong></span> <span class='ocrx_word' id='word_1_609' title='bbox 2879 3939 2892 3952; x_wconf 89' lang='grc'><strong>·</strong></span> <span class='ocrx_word' id='word_1_610' title='bbox 2961 3920 3315 3992; x_wconf 74' lang='grc' dir='ltr'>ἡσυχάζουσα</span> <span class='ocrx_word' id='word_1_611' title='bbox 3360 3919 3418 3972; x_wconf 86' lang='grc' dir='ltr'><strong>δέ</strong></span> <span class='ocrx_word' id='word_1_612' title='bbox 3463 3914 3629 3984; x_wconf 77' lang='grc' dir='ltr'>διέμε-</span> 
     </span>
    </p>
   </div>
   <div class='ocr_carea' id='block_1_87' title="bbox 2062 4003 3625 4087">
    <p class='ocr_par' dir='ltr' id='par_1_87' title="bbox 2062 4003 3625 4087">
     <span class='ocr_line' id='line_1_87' title="bbox 2062 4003 3625 4087; baseline -0.009 -17"><span class='ocrx_word' id='word_1_613' title='bbox 2062 4034 2150 4071; x_wconf 89' lang='grc' dir='ltr'><strong>νεν</strong></span> <span class='ocrx_word' id='word_1_614' title='bbox 2181 4017 2386 4080; x_wconf 80' lang='grc' dir='ltr'>εὐθέως</span> <span class='ocrx_word' id='word_1_615' title='bbox 2425 4017 2459 4087; x_wconf 80' lang='grc' dir='ltr'><strong>ἡ</strong></span> <span class='ocrx_word' id='word_1_616' title='bbox 2486 4015 2560 4086; x_wconf 82' lang='grc' dir='ltr'>γῆ</span> <span class='ocrx_word' id='word_1_617' title='bbox 2583 4018 2648 4084; x_wconf 84' lang='grc' dir='ltr'><strong>τῇ</strong></span> <span class='ocrx_word' id='word_1_618' title='bbox 2679 4015 2771 4068; x_wconf 89' lang='grc' dir='ltr'><strong>τοῦ</strong></span> <span class='ocrx_word' id='word_1_619' title='bbox 2800 4012 3240 4083; x_wconf 86' lang='grc' dir='ltr'>θεμελιώσαντος</span> <span class='ocrx_word' id='word_1_620' title='bbox 3272 4009 3442 4078; x_wconf 77' lang='grc' dir='ltr'>αὐτὴν</span> <span class='ocrx_word' id='word_1_621' title='bbox 3463 4003 3625 4060; x_wconf 80' lang='grc' dir='ltr'>διατά-</span> 
     </span>
    </p>
   </div>
   <div class='ocr_carea' id='block_1_88' title="bbox 2063 4095 3627 4178">
    <p class='ocr_par' dir='ltr' id='par_1_88' title="bbox 2063 4095 3627 4178">
     <span class='ocr_line' id='line_1_88' title="bbox 2063 4095 3627 4178; baseline -0.01 -14"><span class='ocrx_word' id='word_1_622' title='bbox 2063 4111 2141 4176; x_wconf 81' lang='grc' dir='ltr'>ξει</span> <span class='ocrx_word' id='word_1_623' title='bbox 2169 4127 2184 4142; x_wconf 88' lang='grc'><strong>·</strong></span> <span class='ocrx_word' id='word_1_624' title='bbox 2218 4113 2315 4163; x_wconf 65' lang='grc' dir='ltr'><strong>καὶ</strong></span> <span class='ocrx_word' id='word_1_625' title='bbox 2349 4110 2504 4162; x_wconf 74' lang='grc' dir='ltr'>αὐτοὶ</span> <span class='ocrx_word' id='word_1_626' title='bbox 2537 4108 2754 4178; x_wconf 63' lang='grc' dir='ltr'><strong>φαιδροί⁸</strong></span> <span class='ocrx_word' id='word_1_627' title='bbox 2791 4107 2968 4176; x_wconf 71' lang='grc' dir='ltr'>ψυχάς</span> <span class='ocrx_word' id='word_1_628' title='bbox 2998 4123 3055 4158; x_wconf 87' lang='grc' dir='ltr'>τε</span> <span class='ocrx_word' id='word_1_629' title='bbox 3079 4106 3172 4158; x_wconf 71' lang='grc' dir='ltr'><strong>καὶ</strong></span> <span class='ocrx_word' id='word_1_630' title='bbox 3202 4104 3357 4172; x_wconf 70' lang='grc' dir='ltr'>ὄψεις</span> <span class='ocrx_word' id='word_1_631' title='bbox 3386 4100 3504 4154; x_wconf 78' lang='grc' dir='ltr'>ἀντὶ</span> <span class='ocrx_word' id='word_1_632' title='bbox 3527 4095 3627 4150; x_wconf 85' lang='grc' dir='ltr'><strong>τῶν</strong></span> 
     </span>
    </p>
   </div>
   <div class='ocr_carea' id='block_1_89' title="bbox 2063 4185 3629 4272">
    <p class='ocr_par' dir='ltr' id='par_1_89' title="bbox 2063 4185 3629 4272">
     <span class='ocr_line' id='line_1_89' title="bbox 2063 4185 3629 4272; baseline -0.006 -18"><span class='ocrx_word' id='word_1_633' title='bbox 2063 4201 2256 4272; x_wconf 84' lang='grc' dir='ltr'>πρώην</span> <span class='ocrx_word' id='word_1_634' title='bbox 2285 4199 2558 4264; x_wconf 82' lang='grc' dir='ltr'>πενθικῶς</span> <span class='ocrx_word' id='word_1_635' title='bbox 2591 4199 2920 4269; x_wconf 81' lang='grc' dir='ltr'>ἀνεχώρουν,</span> <span class='ocrx_word' id='word_1_636' title='bbox 2951 4194 3390 4264; x_wconf 77' lang='grc' dir='ltr'>ἀπαγγέλλοντες</span> <span class='ocrx_word' id='word_1_637' title='bbox 3420 4191 3514 4254; x_wconf 70' lang='grc' dir='ltr'><strong>τὰς</strong></span> <span class='ocrx_word' id='word_1_638' title='bbox 3544 4185 3629 4240; x_wconf 75' lang='grc' dir='ltr'><strong>τοῦ</strong></span> 
     </span>
    </p>
   </div>
   <div class='ocr_carea' id='block_1_90' title="bbox 2065 4279 3630 4359">
    <p class='ocr_par' dir='ltr' id='par_1_90' title="bbox 2065 4279 3630 4359">
     <span class='ocr_line' id='line_1_90' title="bbox 2065 4279 3630 4359; baseline -0.003 -15"><span class='ocrx_word' id='word_1_639' title='bbox 2065 4291 2201 4344; x_wconf 87' lang='grc' dir='ltr'>Θεοῦ</span> <span class='ocrx_word' id='word_1_640' title='bbox 2225 4290 2561 4353; x_wconf 81' lang='grc' dir='ltr'>δυναστείας.</span> <span class='ocrx_word' id='word_1_641' title='bbox 2595 4289 2676 4342; x_wconf 77' lang='grc' dir='ltr'>Τά</span> <span class='ocrx_word' id='word_1_642' title='bbox 2726 4290 2824 4359; x_wconf 77' lang='grc' dir='ltr'>μὲν</span> <span class='ocrx_word' id='word_1_643' title='bbox 2878 4289 2943 4358; x_wconf 81' lang='grc' dir='ltr'>δὴ</span> <span class='ocrx_word' id='word_1_644' title='bbox 2976 4287 3069 4340; x_wconf 88' lang='grc' dir='ltr'><strong>τοῦ</strong></span> <span class='ocrx_word' id='word_1_645' title='bbox 3103 4285 3332 4356; x_wconf 86' lang='grc' dir='ltr'>Συμεὼν</span> <span class='ocrx_word' id='word_1_646' title='bbox 3379 4283 3514 4351; x_wconf 79' lang='grc' dir='ltr'>ὑπὲρ</span> <span class='ocrx_word' id='word_1_647' title='bbox 3540 4279 3630 4346; x_wconf 80' lang='grc' dir='ltr'>τῆς</span> 
     </span>
    </p>
   </div>
   <div class='ocr_carea' id='block_1_91' title="bbox 384 4369 1956 4456">
    <p class='ocr_par' dir='ltr' id='par_1_91' title="bbox 384 4379 1956 4456">
     <span class='ocr_line' id='line_1_91' title="bbox 384 4379 1956 4456; baseline 0.006 -24"><span class='ocrx_word' id='word_1_648' title='bbox 384 4379 658 4435; x_wconf 72' lang='lat' dir='ltr'><strong>iucundus</strong></span> <span class='ocrx_word' id='word_1_649' title='bbox 696 4395 973 4445; x_wconf 87' lang='lat' dir='ltr'><strong>sermone,</strong></span> <span class='ocrx_word' id='word_1_650' title='bbox 998 4391 1056 4437; x_wconf 91' lang='lat' dir='ltr'><strong>ut</strong></span> <span class='ocrx_word' id='word_1_651' title='bbox 1085 4382 1201 4438; x_wconf 71' lang='lat' dir='ltr'><strong>[nec</strong></span> <span class='ocrx_word' id='word_1_652' title='bbox 1235 4384 1525 4455; x_wconf 80' lang='lat' dir='ltr'><strong>Symeonis</strong></span> <span class='ocrx_word' id='word_1_653' title='bbox 1579 4401 1678 4455; x_wconf 90' lang='lat' dir='ltr'><strong>pro</strong></span> <span class='ocrx_word' id='word_1_654' title='bbox 1732 4389 1956 4456; x_wconf 87' lang='lat' dir='ltr'><strong>publica</strong></span> 
     </span>
    </p>
   </div>
   <div class='ocr_carea' id='block_1_92' title="bbox 2060 4369 3630 4456">
    <p class='ocr_par' dir='ltr' id='par_1_92' title="bbox 2063 4369 3630 4452">
     <span class='ocr_line' id='line_1_92' title="bbox 2063 4369 3630 4452; baseline -0.009 -14"><span class='ocrx_word' id='word_1_655' title='bbox 2063 4383 2159 4438; x_wconf 88' lang='grc' dir='ltr'><strong>τοῦ</strong></span> <span class='ocrx_word' id='word_1_656' title='bbox 2223 4381 2421 4446; x_wconf 80' lang='grc' dir='ltr'>παντὸς</span> <span class='ocrx_word' id='word_1_657' title='bbox 2479 4381 2752 4452; x_wconf 84' lang='grc' dir='ltr'>σωτηρίας</span> <span class='ocrx_word' id='word_1_658' title='bbox 2805 4380 3051 4441; x_wconf 84' lang='grc' dir='ltr'>τοιαῦτα,</span> <span class='ocrx_word' id='word_1_659' title='bbox 3080 4379 3175 4432; x_wconf 74' lang='grc' dir='ltr'>καὶ</span> <span class='ocrx_word' id='word_1_660' title='bbox 3219 4376 3488 4444; x_wconf 84' lang='grc' dir='ltr'>τοσαύτην</span> <span class='ocrx_word' id='word_1_661' title='bbox 3540 4369 3630 4441; x_wconf 81' lang='grc' dir='ltr'><strong>μὲν</strong></span> 
     </span>
    </p>
   </div>
   <div class='ocr_carea' id='block_1_93' title="bbox 386 4473 1957 4548">
    <p class='ocr_par' dir='ltr' id='par_1_93' title="bbox 386 4473 1957 4548">
     <span class='ocr_line' id='line_1_93' title="bbox 386 4473 1957 4548; baseline 0.009 -26"><span class='ocrx_word' id='word_1_662' title='bbox 386 4473 562 4527; x_wconf 85' lang='lat' dir='ltr'><strong>salute</strong></span> <span class='ocrx_word' id='word_1_663' title='bbox 592 4481 764 4543; x_wconf 85' lang='lat' dir='ltr'><strong>gesta,</strong></span> <span class='ocrx_word' id='word_1_664' title='bbox 795 4482 961 4544; x_wconf 89' lang='lat' dir='ltr'><strong>atque</strong></span> <span class='ocrx_word' id='word_1_665' title='bbox 989 4474 1263 4530; x_wconf 80' lang='lat' dir='ltr'><strong>ellicacem</strong></span> <span class='ocrx_word' id='word_1_666' title='bbox 1291 4477 1433 4548; x_wconf 91' lang='lat' dir='ltr'><strong>apud</strong></span> <span class='ocrx_word' id='word_1_667' title='bbox 1467 4479 1639 4533; x_wconf 90' lang='lat' dir='ltr'><strong>Deum</strong></span> <span class='ocrx_word' id='word_1_668' title='bbox 1687 4479 1957 4535; x_wconf 89' lang='lat' dir='ltr'><strong>interces-</strong></span> 
     </span>
    </p>
   </div>
   <div class='ocr_carea' id='block_1_94' title="bbox 385 4566 1962 4640">
    <p class='ocr_par' dir='ltr' id='par_1_94' title="bbox 385 4566 1962 4640">
     <span class='ocr_line' id='line_1_94' title="bbox 385 4566 1962 4640; baseline 0.008 -25"><span class='ocrx_word' id='word_1_669' title='bbox 385 4566 620 4629; x_wconf 67' lang='lat' dir='ltr'><strong>sionem,</strong></span> <span class='ocrx_word' id='word_1_670' title='bbox 653 4566 1066 4636; x_wconf 89' lang='lat' dir='ltr'><strong>potentiamque</strong></span> <span class='ocrx_word' id='word_1_671' title='bbox 1091 4567 1419 4638; x_wconf 84' lang='lat' dir='ltr'><strong>impetrandi</strong></span> <span class='ocrx_word' id='word_1_672' title='bbox 1452 4569 1646 4640; x_wconf 89' lang='lat' dir='ltr'><strong>petita,</strong></span> <span class='ocrx_word' id='word_1_673' title='bbox 1695 4579 1809 4626; x_wconf 90' lang='lat' dir='ltr'><strong>tum</strong></span> <span class='ocrx_word' id='word_1_674' title='bbox 1869 4573 1962 4627; x_wconf 88' lang='lat' dir='ltr'><strong>illa</strong></span> 
     </span>
    </p>
   </div>
   <div class='ocr_carea' id='block_1_95' title="bbox 384 4658 1963 4734">
    <p class='ocr_par' dir='ltr' id='par_1_95' title="bbox 384 4658 1963 4734">
     <span class='ocr_line' id='line_1_95' title="bbox 384 4658 1963 4734; baseline 0.008 -26"><span class='ocrx_word' id='word_1_675' title='bbox 384 4673 604 4726; x_wconf 81' lang='lat' dir='ltr'><strong>quoque</strong></span> <span class='ocrx_word' id='word_1_676' title='bbox 664 4674 785 4728; x_wconf 68' lang='lat' dir='ltr'><strong>quae</strong></span> <span class='ocrx_word' id='word_1_677' title='bbox 831 4658 1086 4728; x_wconf 82' lang='lat' dir='ltr'><strong>privatim</strong></span> <span class='ocrx_word' id='word_1_678' title='bbox 1142 4661 1371 4732; x_wconf 80' lang='lat' dir='ltr'><strong>singulis</strong></span> <span class='ocrx_word' id='word_1_679' title='bbox 1429 4663 1681 4732; x_wconf 65' lang='lat' dir='ltr'><strong>praestitit</strong></span> <span class='ocrx_word' id='word_1_680' title='bbox 1715 4705 1730 4729; x_wconf 88' lang='lat'><strong>,</strong></span> <span class='ocrx_word' id='word_1_681' title='bbox 1790 4666 1963 4734; x_wconf 79' lang='lat' dir='ltr'><strong>possit</strong></span> 
     </span>
    </p>
   </div>
   <div class='ocr_carea' id='block_1_96' title="bbox 384 4749 976 4820">
    <p class='ocr_par' dir='ltr' id='par_1_96' title="bbox 384 4749 976 4820">
     <span class='ocr_line' id='line_1_96' title="bbox 384 4749 976 4820; baseline 0.003 -18"><span class='ocrx_word' id='word_1_682' title='bbox 384 4749 617 4805; x_wconf 77' lang='lat' dir='ltr'><strong>dicendo</strong></span> <span class='ocrx_word' id='word_1_683' title='bbox 649 4750 976 4820; x_wconf 66' lang='lat' dir='ltr'><strong>adaequare?</strong></span> 
     </span>
    </p>
   </div>
   <div class='ocr_carea' id='block_1_97' title="bbox 2069 4461 3628 4546">
    <p class='ocr_par' dir='ltr' id='par_1_97' title="bbox 2069 4461 3628 4546">
     <span class='ocr_line' id='line_1_97' title="bbox 2069 4461 3628 4546; baseline -0.011 -16"><span class='ocrx_word' id='word_1_684' title='bbox 2069 4475 2577 4546; x_wconf 23' lang='grc' dir='ltr'>εἰσφέρονταδπρὺς</span> <span class='ocrx_word' id='word_1_685' title='bbox 2630 4474 2763 4527; x_wconf 78' lang='grc' dir='ltr'>Θεὸν</span> <span class='ocrx_word' id='word_1_686' title='bbox 2814 4473 3147 4545; x_wconf 85' lang='grc' dir='ltr'>πρεσϐείαν,</span> <span class='ocrx_word' id='word_1_687' title='bbox 3206 4466 3538 4542; x_wconf 81' lang='grc' dir='ltr'>τηλικαύτης</span> <span class='ocrx_word' id='word_1_688' title='bbox 3579 4461 3628 4513; x_wconf 79' lang='grc' dir='ltr'>δὲ</span> 
     </span>
    </p>
   </div>
   <div class='ocr_carea' id='block_1_98' title="bbox 2067 4555 3632 4638">
    <p class='ocr_par' dir='ltr' id='par_1_98' title="bbox 2067 4555 3632 4638">
     <span class='ocr_line' id='line_1_98' title="bbox 2067 4555 3632 4638; baseline -0.007 -17"><span class='ocrx_word' id='word_1_689' title='bbox 2067 4568 2408 4638; x_wconf 82' lang='grc' dir='ltr'>τυγχάνοντα</span> <span class='ocrx_word' id='word_1_690' title='bbox 2487 4568 2618 4636; x_wconf 80' lang='grc' dir='ltr'>παρ’</span> <span class='ocrx_word' id='word_1_691' title='bbox 2692 4565 2840 4636; x_wconf 82' lang='grc' dir='ltr'>αύτῷ</span> <span class='ocrx_word' id='word_1_692' title='bbox 2917 4565 3228 4637; x_wconf 77' lang='grc' dir='ltr'>παρρησίας</span> <span class='ocrx_word' id='word_1_693' title='bbox 3263 4579 3278 4592; x_wconf 84' lang='grc'><strong>·</strong></span> <span class='ocrx_word' id='word_1_694' title='bbox 3347 4561 3384 4614; x_wconf 81' lang='grc' dir='ltr'>ἃ</span> <span class='ocrx_word' id='word_1_695' title='bbox 3453 4558 3508 4612; x_wconf 87' lang='grc' dir='ltr'><strong>δέ</strong></span> <span class='ocrx_word' id='word_1_696' title='bbox 3549 4555 3632 4606; x_wconf 74' lang='grc' dir='ltr'><strong>καὶ</strong></span> 
     </span>
    </p>
   </div>
   <div class='ocr_carea' id='block_1_99' title="bbox 2075 4644 3632 4731">
    <p class='ocr_par' dir='ltr' id='par_1_99' title="bbox 2075 4644 3632 4731">
     <span class='ocr_line' id='line_1_99' title="bbox 2075 4644 3632 4731; baseline -0.013 -17"><span class='ocrx_word' id='word_1_697' title='bbox 2075 4660 2179 4731; x_wconf 80' lang='grc' dir='ltr'>ίδίᾳ</span> <span class='ocrx_word' id='word_1_698' title='bbox 2205 4659 2366 4713; x_wconf 89' lang='grc' dir='ltr'>πάλιν</span> <span class='ocrx_word' id='word_1_699' title='bbox 2399 4659 2616 4730; x_wconf 76' lang='grc' dir='ltr'>ἑκάστῳ</span> <span class='ocrx_word' id='word_1_700' title='bbox 2654 4659 2746 4712; x_wconf 75' lang='grc' dir='ltr'>καὶ</span> <span class='ocrx_word' id='word_1_701' title='bbox 2779 4657 2918 4710; x_wconf 75' lang='grc' dir='ltr'><strong>κατὰ</strong></span> <span class='ocrx_word' id='word_1_702' title='bbox 2950 4657 3114 4726; x_wconf 84' lang='grc' dir='ltr'>μέρος</span> <span class='ocrx_word' id='word_1_703' title='bbox 3145 4653 3324 4708; x_wconf 78' lang='grc' dir='ltr'>ἐποίει</span> <span class='ocrx_word' id='word_1_704' title='bbox 3347 4691 3362 4716; x_wconf 89' lang='grc'>,</span> <span class='ocrx_word' id='word_1_705' title='bbox 3398 4649 3478 4712; x_wconf 87' lang='grc' dir='ltr'><strong>τίς</strong></span> <span class='ocrx_word' id='word_1_706' title='bbox 3502 4644 3632 4698; x_wconf 71' lang='grc' dir='ltr'>οὕτω</span> 
     </span>
    </p>
   </div>
   <div class='ocr_carea' id='block_1_100' title="bbox 2072 4733 3636 4820">
    <p class='ocr_par' dir='ltr' id='par_1_100' title="bbox 2072 4733 3636 4820">
     <span class='ocr_line' id='line_1_100' title="bbox 2072 4733 3636 4820; baseline -0.01 -14"><span class='ocrx_word' id='word_1_707' title='bbox 2072 4751 2319 4820; x_wconf 89' lang='grc' dir='ltr'>γλῶτταν</span> <span class='ocrx_word' id='word_1_708' title='bbox 2345 4749 2510 4813; x_wconf 84' lang='grc' dir='ltr'>πολύς</span> <span class='ocrx_word' id='word_1_709' title='bbox 2540 4767 2599 4802; x_wconf 82' lang='grc' dir='ltr'>τε</span> <span class='ocrx_word' id='word_1_710' title='bbox 2626 4749 2742 4819; x_wconf 71' lang='grc' dir='ltr'>ἅμα</span> <span class='ocrx_word' id='word_1_711' title='bbox 2774 4749 2868 4802; x_wconf 71' lang='grc' dir='ltr'>καὶ</span> <span class='ocrx_word' id='word_1_712' title='bbox 2899 4745 3169 4818; x_wconf 80' lang='grc' dir='ltr'>περιττὸς,</span> <span class='ocrx_word' id='word_1_713' title='bbox 3210 4743 3351 4796; x_wconf 81' lang='grc' dir='ltr'>ὥστε</span> <span class='ocrx_word' id='word_1_714' title='bbox 3410 4738 3501 4792; x_wconf 69' lang='grc' dir='ltr'>καὶ</span> <span class='ocrx_word' id='word_1_715' title='bbox 3552 4733 3636 4786; x_wconf 66' lang='grc' dir='ltr'><strong>λό’</strong></span> 
     </span>
    </p>
   </div>
   <div class='ocr_carea' id='block_1_101' title="bbox 2074 4839 2946 4912">
    <p class='ocr_par' dir='ltr' id='par_1_101' title="bbox 2074 4839 2946 4912">
     <span class='ocr_line' id='line_1_101' title="bbox 2074 4839 2946 4912; baseline -0.008 -15"><span class='ocrx_word' id='word_1_716' title='bbox 2074 4860 2170 4912; x_wconf 90' lang='grc' dir='ltr'>γον</span> <span class='ocrx_word' id='word_1_717' title='bbox 2200 4842 2459 4908; x_wconf 81' lang='grc' dir='ltr'>ἐξισῶσαι</span> <span class='ocrx_word' id='word_1_718' title='bbox 2488 4843 2600 4903; x_wconf 85' lang='grc' dir='ltr'>τοῖς</span> <span class='ocrx_word' id='word_1_719' title='bbox 2633 4839 2904 4910; x_wconf 87' lang='grc' dir='ltr'>θαύμασιν</span> <span class='ocrx_word' id='word_1_720' title='bbox 2929 4855 2946 4905; x_wconf 87' lang='grc'><strong>;</strong></span> 
     </span>
    </p>
   </div>
   <div class='ocr_carea' id='block_1_102' title="bbox 1833 4948 2194 5046">
    <p class='ocr_par' dir='ltr' id='par_1_102' title="bbox 1833 4948 2194 5046">
     <span class='ocr_line' id='line_1_102' title="bbox 1833 4948 2194 5046; baseline -0.003 -38"><span class='ocrx_word' id='word_1_721' title='bbox 1833 4948 2058 5046; x_wconf 60' lang='lat' dir='ltr'><strong>CAPU&#39;!‘</strong></span> <span class='ocrx_word' id='word_1_722' title='bbox 2103 4953 2194 5009; x_wconf 85' lang='lat' dir='ltr'><strong>XI.</strong></span> 
     </span>
    </p>
   </div>
   <div class='ocr_carea' id='block_1_103' title="bbox 815 5053 1956 5140">
    <p class='ocr_par' dir='ltr' id='par_1_103' title="bbox 815 5069 1936 5140">
     <span class='ocr_line' id='line_1_103' title="bbox 815 5069 1936 5140; baseline -0.001 -17"><span class='ocrx_word' id='word_1_723' title='bbox 815 5070 987 5124; x_wconf 81' lang='lat' dir='ltr'><strong>Virtus</strong></span> <span class='ocrx_word' id='word_1_724' title='bbox 1016 5069 1287 5140; x_wconf 79' lang='lat' dir='ltr'><strong>Symeonis</strong></span> <span class='ocrx_word' id='word_1_725' title='bbox 1323 5071 1374 5122; x_wconf 80' lang='lat' dir='ltr'><strong>in</strong></span> <span class='ocrx_word' id='word_1_726' title='bbox 1405 5071 1550 5138; x_wconf 77' lang='lat' dir='ltr'><strong>[erus</strong></span> <span class='ocrx_word' id='word_1_727' title='bbox 1587 5080 1634 5122; x_wconf 78' lang='grc' dir='ltr'><strong>ρι</strong></span> <span class='ocrx_word' id='word_1_728' title='bbox 1677 5070 1936 5122; x_wconf 70' lang='grc' dir='ltr'>Δαιιηοιιοε</span> 
     </span>
    </p>
   </div>
   <div class='ocr_carea' id='block_1_104' title="bbox 2060 5053 3219 5140">
    <p class='ocr_par' dir='ltr' id='par_1_104' title="bbox 2060 5053 3219 5138">
     <span class='ocr_line' id='line_1_104' title="bbox 2060 5053 3219 5138; baseline -0.009 -16"><span class='ocrx_word' id='word_1_729' title='bbox 2060 5069 2274 5122; x_wconf 69' lang='lat' dir='ltr'><strong>axilium</strong></span> <span class='ocrx_word' id='word_1_730' title='bbox 2312 5053 2665 5138; x_wconf 63' lang='lat' dir='ltr'><strong>pracipitanti</strong></span> <span class='ocrx_word' id='word_1_731' title='bbox 2707 5074 2754 5118; x_wconf 87' lang='lat' dir='ltr'><strong>et</strong></span> <span class='ocrx_word' id='word_1_732' title='bbox 2795 5065 3000 5135; x_wconf 83' lang='lat' dir='ltr'><strong>lcproso</strong></span> <span class='ocrx_word' id='word_1_733' title='bbox 3030 5061 3219 5114; x_wconf 77' lang='lat' dir='ltr'><strong>latum.</strong></span> 
     </span>
    </p>
   </div>
   <div class='ocr_carea' id='block_1_105' title="bbox 463 5183 1963 5254">
    <p class='ocr_par' dir='ltr' id='par_1_105' title="bbox 463 5183 1963 5254">
     <span class='ocr_line' id='line_1_105' title="bbox 463 5183 1963 5254; baseline -0.003 -13"><span class='ocrx_word' id='word_1_734' title='bbox 463 5190 549 5242; x_wconf 69' lang='lat'><strong>$73.</strong></span> <span class='ocrx_word' id='word_1_735' title='bbox 595 5187 722 5241; x_wconf 90' lang='lat' dir='ltr'><strong>Post</strong></span> <span class='ocrx_word' id='word_1_736' title='bbox 757 5187 872 5241; x_wconf 64' lang='lat' dir='ltr'><strong>haec</strong></span> <span class='ocrx_word' id='word_1_737' title='bbox 909 5184 994 5238; x_wconf 83' lang='lat' dir='ltr'><strong>vir</strong></span> <span class='ocrx_word' id='word_1_738' title='bbox 1031 5183 1277 5254; x_wconf 88' lang='lat' dir='ltr'><strong>quidam,</strong></span> <span class='ocrx_word' id='word_1_739' title='bbox 1306 5184 1546 5240; x_wconf 86' lang='lat' dir='ltr'><strong>Joannes</strong></span> <span class='ocrx_word' id='word_1_740' title='bbox 1579 5183 1822 5247; x_wconf 86' lang='lat' dir='ltr'><strong>nomine,</strong></span> <span class='ocrx_word' id='word_1_741' title='bbox 1855 5198 1963 5236; x_wconf 92' lang='lat' dir='ltr'><strong>non</strong></span> 
     </span>
    </p>
   </div>
   <div class='ocr_carea' id='block_1_106' title="bbox 390 5273 1964 5353">
    <p class='ocr_par' dir='ltr' id='par_1_106' title="bbox 390 5273 1964 5353">
     <span class='ocr_line' id='line_1_106' title="bbox 390 5273 1964 5353; baseline -0.005 -18"><span class='ocrx_word' id='word_1_742' title='bbox 390 5281 640 5353; x_wconf 72' lang='lat' dir='ltr'><strong>procula</strong></span> <span class='ocrx_word' id='word_1_743' title='bbox 678 5279 842 5333; x_wconf 89' lang='lat' dir='ltr'><strong>domo</strong></span> <span class='ocrx_word' id='word_1_744' title='bbox 891 5293 989 5333; x_wconf 85' lang='lat' dir='ltr'><strong>sua</strong></span> <span class='ocrx_word' id='word_1_745' title='bbox 1035 5277 1089 5332; x_wconf 93' lang='lat' dir='ltr'><strong>in</strong></span> <span class='ocrx_word' id='word_1_746' title='bbox 1134 5277 1278 5331; x_wconf 82' lang='lat' dir='ltr'><strong>feras</strong></span> <span class='ocrx_word' id='word_1_747' title='bbox 1323 5275 1594 5330; x_wconf 90' lang='lat' dir='ltr'><strong>inciderat</strong></span> <span class='ocrx_word' id='word_1_748' title='bbox 1632 5293 1645 5328; x_wconf 90' lang='lat'>:</span> <span class='ocrx_word' id='word_1_749' title='bbox 1683 5273 1964 5328; x_wconf 89' lang='lat' dir='ltr'><strong>irruebant</strong></span> 
     </span>
    </p>
   </div>
   <div class='ocr_carea' id='block_1_107' title="bbox 394 5361 1962 5435">
    <p class='ocr_par' dir='ltr' id='par_1_107' title="bbox 394 5361 1962 5435">
     <span class='ocr_line' id='line_1_107' title="bbox 394 5361 1962 5435; baseline -0.006 -12"><span class='ocrx_word' id='word_1_750' title='bbox 394 5369 500 5423; x_wconf 72' lang='lat' dir='ltr'><strong>illac</strong></span> <span class='ocrx_word' id='word_1_751' title='bbox 550 5368 794 5423; x_wconf 80' lang='lat' dir='ltr'><strong>belluino</strong></span> <span class='ocrx_word' id='word_1_752' title='bbox 829 5381 981 5420; x_wconf 91' lang='lat' dir='ltr'><strong>more</strong></span> <span class='ocrx_word' id='word_1_753' title='bbox 1013 5364 1297 5435; x_wconf 86' lang='lat' dir='ltr'><strong>sanguinis</strong></span> <span class='ocrx_word' id='word_1_754' title='bbox 1320 5364 1571 5420; x_wconf 87' lang='lat' dir='ltr'><strong>sitientes</strong></span> <span class='ocrx_word' id='word_1_755' title='bbox 1600 5379 1664 5418; x_wconf 83' lang='lat' dir='ltr'><strong>ac</strong></span> <span class='ocrx_word' id='word_1_756' title='bbox 1702 5361 1962 5416; x_wconf 84' lang='lat' dir='ltr'><strong>minitan-</strong></span> 
     </span>
    </p>
   </div>
   <div class='ocr_carea' id='block_1_108' title="bbox 394 5456 1964 5524">
    <p class='ocr_par' dir='ltr' id='par_1_108' title="bbox 394 5456 1964 5524">
     <span class='ocr_line' id='line_1_108' title="bbox 394 5456 1964 5524; baseline -0.002 -12"><span class='ocrx_word' id='word_1_757' title='bbox 394 5467 476 5515; x_wconf 77' lang='lat' dir='ltr'><strong>tes</strong></span> <span class='ocrx_word' id='word_1_758' title='bbox 521 5461 744 5514; x_wconf 61' lang='lat' dir='ltr'><strong>caulem.</strong></span> <span class='ocrx_word' id='word_1_759' title='bbox 783 5459 882 5516; x_wconf 84' lang='lat' dir='ltr'><strong>llic</strong></span> <span class='ocrx_word' id='word_1_760' title='bbox 920 5474 1050 5514; x_wconf 90' lang='lat' dir='ltr'><strong>vero</strong></span> <span class='ocrx_word' id='word_1_761' title='bbox 1087 5457 1225 5513; x_wconf 87' lang='lat' dir='ltr'><strong>nihil</strong></span> <span class='ocrx_word' id='word_1_762' title='bbox 1264 5457 1331 5512; x_wconf 90' lang='lat' dir='ltr'><strong>ad</strong></span> <span class='ocrx_word' id='word_1_763' title='bbox 1381 5456 1758 5512; x_wconf 80' lang='lat' dir='ltr'><strong>defensionem</strong></span> <span class='ocrx_word' id='word_1_764' title='bbox 1793 5469 1964 5524; x_wconf 84' lang='lat' dir='ltr'><strong>penes</strong></span> 
     </span>
    </p>
   </div>
   <div class='ocr_carea' id='block_1_109' title="bbox 2144 5155 3633 5251">
    <p class='ocr_par' dir='ltr' id='par_1_109' title="bbox 2144 5155 3633 5251">
     <span class='ocr_line' id='line_1_109' title="bbox 2144 5155 3633 5251; baseline -0.023 -8"><span class='ocrx_word' id='word_1_765' title='bbox 2144 5180 2257 5249; x_wconf 86' lang='grc' dir='ltr'>πγ’.</span> <span class='ocrx_word' id='word_1_766' title='bbox 2300 5181 2464 5250; x_wconf 79' lang='grc' dir='ltr'>’Δνὴρ</span> <span class='ocrx_word' id='word_1_767' title='bbox 2491 5181 2598 5251; x_wconf 86' lang='grc' dir='ltr'><strong>γάρ</strong></span> <span class='ocrx_word' id='word_1_768' title='bbox 2623 5197 2707 5243; x_wconf 85' lang='grc' dir='ltr'><strong>τις</strong></span> <span class='ocrx_word' id='word_1_769' title='bbox 2729 5175 2866 5248; x_wconf 82' lang='grc' dir='ltr'>μετὰ</span> <span class='ocrx_word' id='word_1_770' title='bbox 2891 5175 3064 5229; x_wconf 82' lang='grc' dir='ltr'>ταῦτα</span> <span class='ocrx_word' id='word_1_771' title='bbox 3091 5172 3259 5240; x_wconf 75' lang='grc' dir='ltr'>ὄνομα</span> <span class='ocrx_word' id='word_1_772' title='bbox 3295 5166 3562 5232; x_wconf 72' lang='grc' dir='ltr'>Ἰωάννης,</span> <span class='ocrx_word' id='word_1_773' title='bbox 3581 5155 3633 5208; x_wconf 81' lang='grc' dir='ltr'><strong>ού</strong></span> 
     </span>
    </p>
   </div>
   <div class='ocr_carea' id='block_1_110' title="bbox 2071 5253 3629 5344">
    <p class='ocr_par' dir='ltr' id='par_1_110' title="bbox 2071 5253 3629 5344">
     <span class='ocr_line' id='line_1_110' title="bbox 2071 5253 3629 5344; baseline -0.015 -18"><span class='ocrx_word' id='word_1_774' title='bbox 2071 5273 2158 5326; x_wconf 83' lang='grc' dir='ltr'>διὰ</span> <span class='ocrx_word' id='word_1_775' title='bbox 2191 5272 2404 5344; x_wconf 81' lang='grc' dir='ltr'>μακροῦ</span> <span class='ocrx_word' id='word_1_776' title='bbox 2434 5273 2532 5343; x_wconf 82' lang='grc' dir='ltr'><strong>τῆς</strong></span> <span class='ocrx_word' id='word_1_777' title='bbox 2563 5271 2728 5324; x_wconf 77' lang='grc' dir='ltr'>αὐτοῦ</span> <span class='ocrx_word' id='word_1_778' title='bbox 2767 5269 2944 5332; x_wconf 73' lang='grc' dir='ltr'>οἰκίας</span> <span class='ocrx_word' id='word_1_779' title='bbox 2974 5267 3183 5336; x_wconf 84' lang='grc' dir='ltr'>θηρίοις</span> <span class='ocrx_word' id='word_1_780' title='bbox 3211 5253 3629 5344; x_wconf 78' lang='grc' dir='ltr'>περιπεπτὼκει.</span> 
     </span>
    </p>
   </div>
   <div class='ocr_carea' id='block_1_111' title="bbox 2072 5343 3634 5439">
    <p class='ocr_par' dir='ltr' id='par_1_111' title="bbox 2072 5343 3634 5439">
     <span class='ocr_line' id='line_1_111' title="bbox 2072 5343 3634 5439; baseline -0.003 -25"><span class='ocrx_word' id='word_1_781' title='bbox 2072 5355 2147 5414; x_wconf 81' lang='grc' dir='ltr'><strong>ῶν</strong></span> <span class='ocrx_word' id='word_1_782' title='bbox 2188 5343 2371 5430; x_wconf 74' lang='grc' dir='ltr'>φόνιόν</span> <span class='ocrx_word' id='word_1_783' title='bbox 2420 5379 2474 5414; x_wconf 93' lang='grc' dir='ltr'>τι</span> <span class='ocrx_word' id='word_1_784' title='bbox 2505 5362 2598 5414; x_wconf 81' lang='grc' dir='ltr'><strong>καὶ</strong></span> <span class='ocrx_word' id='word_1_785' title='bbox 2622 5358 2767 5413; x_wconf 78' lang='grc' dir='ltr'>τοῦτ’</span> <span class='ocrx_word' id='word_1_786' title='bbox 2793 5358 2924 5411; x_wconf 80' lang='grc' dir='ltr'>αὐτὸ</span> <span class='ocrx_word' id='word_1_787' title='bbox 2958 5354 3219 5425; x_wconf 79' lang='grc' dir='ltr'>θηριῶδες</span> <span class='ocrx_word' id='word_1_788' title='bbox 3252 5350 3340 5404; x_wconf 79' lang='grc' dir='ltr'><strong>ὲπ’</strong></span> <span class='ocrx_word' id='word_1_789' title='bbox 3371 5348 3528 5401; x_wconf 57' lang='grc' dir='ltr'><strong>αὒτδν</strong></span> <span class='ocrx_word' id='word_1_790' title='bbox 3554 5343 3634 5439; x_wconf 63' lang='lat'><strong>6?:</strong></span> 
     </span>
    </p>
   </div>
   <div class='ocr_carea' id='block_1_112' title="bbox 2076 5439 3648 5525">
    <p class='ocr_par' dir='ltr' id='par_1_112' title="bbox 2076 5439 3648 5525">
     <span class='ocr_line' id='line_1_112' title="bbox 2076 5439 3648 5525; baseline -0.015 -18"><span class='ocrx_word' id='word_1_791' title='bbox 2076 5454 2387 5525; x_wconf 81' lang='grc' dir='ltr'>μησάντων,</span> <span class='ocrx_word' id='word_1_792' title='bbox 2424 5455 2524 5508; x_wconf 86' lang='grc' dir='ltr'>ούκ</span> <span class='ocrx_word' id='word_1_793' title='bbox 2556 5453 2805 5525; x_wconf 76' lang='grc' dir='ltr'>ἔχωνὸτι</span> <span class='ocrx_word' id='word_1_794' title='bbox 2835 5450 2930 5505; x_wconf 71' lang='grc' dir='ltr'>καὶ</span> <span class='ocrx_word' id='word_1_795' title='bbox 2966 5449 3228 5520; x_wconf 84' lang='grc' dir='ltr'>χρήσεται</span> <span class='ocrx_word' id='word_1_796' title='bbox 3255 5441 3440 5495; x_wconf 74' lang='grc' dir='ltr'>λοιπὸν</span> <span class='ocrx_word' id='word_1_797' title='bbox 3473 5439 3648 5499; x_wconf 82' lang='grc' dir='ltr'>ἐαυτῳ’</span> 
     </span>
    </p>
   </div>
   <div class='ocr_carea' id='block_1_113' title="bbox 489 5574 3629 5666">
    <p class='ocr_par' dir='ltr' id='par_1_113' title="bbox 489 5574 3629 5666">
     <span class='ocr_line' id='line_1_113' title="bbox 489 5574 3629 5666; baseline -0.005 -22"><span class='ocrx_word' id='word_1_798' title='bbox 489 5593 579 5658; x_wconf 74' lang='lat'><strong>9.3)</strong></span> <span class='ocrx_word' id='word_1_799' title='bbox 603 5592 781 5647; x_wconf 81' lang='lat' dir='ltr'><strong>Oratio</strong></span> <span class='ocrx_word' id='word_1_800' title='bbox 804 5595 899 5650; x_wconf 77' lang='lat' dir='ltr'><strong>illa</strong></span> <span class='ocrx_word' id='word_1_801' title='bbox 945 5593 1216 5666; x_wconf 79' lang='lat' dir='ltr'><strong>Symeonis</strong></span> <span class='ocrx_word' id='word_1_802' title='bbox 1262 5600 1370 5648; x_wconf 75' lang='lat' dir='ltr'><strong>tota</strong></span> <span class='ocrx_word' id='word_1_803' title='bbox 1401 5593 1508 5665; x_wconf 77' lang='lat' dir='ltr'><strong>fere</strong></span> <span class='ocrx_word' id='word_1_804' title='bbox 1571 5609 1596 5646; x_wconf 89' lang='lat' dir='ltr'><strong>e</strong></span> <span class='ocrx_word' id='word_1_805' title='bbox 1630 5591 1860 5646; x_wconf 77' lang='lat' dir='ltr'><strong>Psalmis</strong></span> <span class='ocrx_word' id='word_1_806' title='bbox 1903 5591 2196 5662; x_wconf 73' lang='lat' dir='ltr'><strong>desumpta,</strong></span> <span class='ocrx_word' id='word_1_807' title='bbox 2234 5610 2262 5644; x_wconf 80' lang='grc' dir='ltr'>α</span> <span class='ocrx_word' id='word_1_808' title='bbox 2333 5591 2477 5645; x_wconf 83' lang='lat' dir='ltr'><strong>nobis</strong></span> <span class='ocrx_word' id='word_1_809' title='bbox 2514 5607 2712 5660; x_wconf 78' lang='lat' dir='ltr'><strong>quoque</strong></span> <span class='ocrx_word' id='word_1_810' title='bbox 2761 5590 2916 5657; x_wconf 67' lang='lat' dir='ltr'><strong>juxta</strong></span> <span class='ocrx_word' id='word_1_811' title='bbox 2972 5585 3254 5637; x_wconf 73' lang='lat' dir='ltr'><strong>ver.~ionc..:</strong></span> <span class='ocrx_word' id='word_1_812' title='bbox 3315 5593 3413 5631; x_wconf 66' lang='lat' dir='ltr'><strong>nx</strong></span> <span class='ocrx_word' id='word_1_813' title='bbox 3460 5574 3629 5628; x_wconf 65' lang='grc' dir='ltr'>Ιιιιιειω</span> 
     </span>
    </p>
   </div>
   <div class='ocr_carea' id='block_1_114' title="bbox 397 5662 725 5719">
    <p class='ocr_par' dir='ltr' id='par_1_114' title="bbox 397 5662 725 5719">
     <span class='ocr_line' id='line_1_114' title="bbox 397 5662 725 5719; baseline -0.006 -3"><span class='ocrx_word' id='word_1_814' title='bbox 397 5662 598 5719; x_wconf 58' lang='lat' dir='ltr'><strong>redditu</strong></span> <span class='ocrx_word' id='word_1_815' title='bbox 635 5674 725 5715; x_wconf 63' lang='grc' dir='ltr'>(τι.</span> 
     </span>
    </p>
   </div>
  </div>
