4034 6186
221 265 354 329 3085

1229 276 1403 337 .VITA
1441 279 1489 337 Α
1525 277 1966 339 NICEPHORO
2003 278 2478 348 CONSCRIPTA.

3334 279 3485 345 3066

219 371 453 439 (ἐξέλιπε
481 372 589 447 γὰρ
621 376 656 448 ἥ
690 393 749 431 τι
778 379 974 450 καρδία
1007 380 1084 452 τῷ
1109 383 1284 457 ἀνδρὶ,
1307 387 1401 440 καὶ
1427 389 1461 458 ή
1497 387 1656 460 σάρξ)
1684 391 1789 442 ἀντ¹

1902 405 1961 445 se
1991 390 2249 458 habebat,
2280 389 2667 459 cecideratque
2689 389 2800 460 jam
2826 396 2882 444 et
2911 389 3109 445 animis
3135 398 3191 446 et
3220 405 3472 461 corpore.

217 465 374 519 ἄλλου
402 466 546 529 τινὸς
570 466 756 533 ὅπλου,
787 469 849 523 τὸ
877 470 969 524 τοῦ
1006 471 1190 542 Ἀγίου
1218 477 1579 546 προϐάλλεται
1602 480 1794 550 ὄνομα,

217 555 311 607 καὶ
336 557 496 611 αὐτὸν
523 557 708 611 ἐκάλει
729 557 804 622 ὡς
829 558 1042 638 ἄμυναν
1062 578 1076 593 ⁸
1110 565 1204 616 καὶ
1228 565 1429 619 αὐτίκα
1449 569 1798 639 προσήλωντο

170 645 188 650 ”’
213 645 280 716 τῇ
333 647 403 718 γῇ
451 648 698 717 στόματά
733 665 793 701 τε
828 650 922 704 καὶ
951 652 1112 718 πόδες
1145 654 1330 717 αὐτοῖς
1364 656 1430 727 (ὣ
1459 658 1552 710 τοῦ
1584 659 1798 730 θαύμα-

214 739 371 808 τοςι)
403 739 656 811 καθάπερ
694 741 838 794 τισὶν
869 742 1132 811 ἀφύκτοις
1167 746 1402 816 ἐχόμενα
1444 743 1651 816 πέδαις,
1690 753 1797 814 ἕως

212 829 434 901 ἀπαθὴς
465 831 654 885 κακῶν
690 833 1000 900 ἀπέσωστο,
1030 835 1520 909 ἐξομολογούμενος
1557 840 1636 911 τῷ
1678 843 1794 895 Κυ-

212 921 318 992 ρίῳ
360 924 427 978 τὰ
479 924 606 996 ne;
660 925 849 992 αὐτοῦ,
900 928 994 981 καὶ
1026 929 1092 982 τὰ
1126 928 1404 1001 Θαυμάσια
1458 933 1633 988 αὐτοῦ
1681 937 1795 1000 τοῖς

211 1014 352 1078 υἱοῖς
396 1015 507 1080 τῶν
558 1016 882 1088 ἀνθρώπων.
929 1019 1131 1091 Ἐτέρῳ
1165 1022 1326 1076 πάλιν
1368 1026 1515 1094 τρεῖς
1541 1025 1794 1097 δαίμονες

210 1107 550 1172 ἐνοικοῦντες
591 1105 733 1180 ἦσαν
770 1111 930 1184 (ὅπερ
975 1113 1192 1184 ἀπόχρη
1240 1115 1335 1168 καὶ
1385 1116 1546 1185 μόνον
1591 1119 1793 1183 ίκανῶς

210 1200 585 1271 παραστῆσαι,
618 1196 705 1254 οἶα
729 1204 858 1272 παρ’
880 1203 1061 1257 αὐτῶν
1086 1204 1114 1256 ὁ
1134 1205 1364 1269 δείλαιος
1391 1208 1607 1277 πάσχοι,
1630 1209 1792 1263 ὁπότε

209 1293 303 1344 καὶ
352 1291 560 1347 τούτων
597 1293 715 1358 ἐνὸς
746 1296 805 1348 ού
847 1297 1056 1368 φορητὴ
1103 1299 1136 1368 ἡ
1167 1299 1443 1369 ὲπήρεια),
1474 1303 1702 1372 παρεῖτο
1734 1302 1792 1354 δὲ

210 1384 307 1436 καὶ
350 1384 451 1447 τὰς
483 1383 648 1454 ψύας,
681 1386 816 1440 ἀλλὰ
857 1388 949 1440 καὶ
984 1387 1044 1441 τὸ
1081 1388 1188 1441 τῶν
1222 1390 1517 1461 ὀφθαλμῶν
1542 1393 1792 1464 ἀφῄρητο

209 1474 349 1543 φῶς.
385 1477 640 1546 Πρόσεισι
671 1477 750 1548 τῷ
789 1477 883 1532 τοῦ
912 1479 1047 1534 Θεοῦ
1086 1480 1258 1551 δούλῳ
1302 1482 1501 1548 τοίνυν,
1549 1483 1670 1547 ὅλος
1701 1485 1790 1537 πί-

209 1585 350 1633 στις,
381 1568 501 1632 ὅλος
527 1569 704 1634 ἐλπὶς,
745 1571 863 1635 ὅλος
885 1571 1088 1642 δέησις,
1121 1574 1250 1636 οἵοις
1297 1575 1570 1646 συνέχοιτο
1599 1579 1790 1642 κακοῖς

208 1660 461 1722 ἐλεεινῶς
486 1650 867 1730 ἀπαγγέλλων.
897 1663 1183 1734 ΣυμπαΟὲς
1205 1667 1491 1737 τοιγαροῦν
1520 1669 1602 1744 είς
1627 1668 1789 1722 αὑτὸν

206 1752 417 1816 ἐκεῖνος
442 1753 586 1815 ἰδὼν,
615 1747 735 1806 εἶτα
764 1755 853 1807 καὶ
880 1757 960 1817 εἰς
977 1732 1270 1826 σπλάγχνα
1297 1732 1497 1828 βλέψας
1525 1739 1620 1812 τοῦ
1651 1762 1788 1829 ἀγα·
1818 1732 1861 1787 Β

207 1844 328 1910 Οοῦ,
361 1844 453 1897 καὶ
498 1845 604 1897 τῶν
639 1845 850 1899 ἐκείνου
903 1846 1117 1917 δεηθεὶς
1147 1849 1469 1920 οἰκτιρμῶνο
1504 1851 1678 1921 χαμαί
1724 1870 1785 1907 τε

206 1935 443 2000 πτύσας,
470 1935 568 1986 καὶ
593 1933 687 1988 τοῦ
721 1935 968 1989 ἐντεῦθεν
998 1935 1172 2007 πηλοῦ
1209 1938 1334 2002 τοὺς
1366 1938 1679 2010 ὀφθαλμοὺς
1709 1942 1787 2013 τῷ

203 2025 394 2094 τυφλῷ
409 2026 710 2096 διαχρίεξας·
743 2027 830 2081 Ἐν
861 2029 940 2098 τῷ
965 2029 1212 2100 ὀνόματι,
1247 2031 1400 2101 φησὶ,
1430 2031 1524 2085 τοῦ
1557 2049 1785 2105 μονογε-

203 2117 330 2180 νοῦς
357 2117 488 2171 Υἱοῦ
518 2118 613 2172 τοῦ
635 2120 897 2187 Θεοῦ,τοῦ
912 2121 1128 2194 πτυέλῳ
1150 2123 1246 2174 καὶ⁵
1269 2125 1338 2194 γῇ
1376 2124 1466 2178 τὸν
1496 2126 1554 2178 ὲν
1576 2143 1786 2195 ,γεννη-

201 2212 318 2275 τοῖς
348 2211 550 2280 τυφλὸν
573 2210 766 2281 βλέψαι
803 2214 1155 2283 ποιήσαντος,
1191 2197 1514 2286 ἀνάϐλεψον.
1547 2219 1654 2272 Καὶ
1683 2237 1786 2274 πα-

203 2305 469 2374 ραχρῆμα
498 2303 692 2374 (πολλά
729 2305 992 2375 ἐποίησας
1034 2308 1120 2371 σὺ,
1153 2307 1325 2378 Κύριε
1352 2311 1380 2361 ὁ
1410 2309 1542 2373 Θεός
1567 2328 1688 2379 μου,
1717 2312 1784 2366 τὰ

202 2395 490 2465 Θαυμάσιά
513 2397 630 2461 σου)
651 2394 712 2448 τό
729 2411 790 2448 τι
813 2399 930 2466 φῶς
968 2398 1117 2469 αὐτῷ
1144 2399 1371 2470 ἔρρωτο,
1405 2406 1498 2455 καὶ
1539 2404 1705 2472 ὑγιῶς
1735 2407 1783 2459 οἱ

202 2484 472 2555 ὀφθαλμοὶ
493 2479 662 2554 εἶχον.
690 2486 922 2540 Ἔπειτα
956 2487 1136 2556 μέντοι
1168 2488 1378 2558 πλήξας
1406 2491 1472 2560 τῇ
1498 2489 1654 2560 βαῖνῃ
1688 2491 1785 2560 ρἀ

203 2577 314 2646 ὁδῳ
347 2577 441 2641 τὰς
471 2577 633 2647 ψύας,
660 2580 992 2649 ἐπιτιμήσας
1025 2578 1196 2632 δὲκαὶ
1227 2583 1341 2643 τοῖς
1371 2580 1642 2651 δαίμοσιν,
1666 2584 1786 2637 ὅλον

197 2670 473 2723 δείκνυσιν
495 2670 658 2733 εὐθὺς
686 2671 832 2742 ὑγιῆ,
869 2673 996 2743 μιᾶς
1018 2671 1178 2744 ἔργον
1199 2672 1329 2742 εύχῆ
1335 2691 1363 2737 ς
1388 2675 1574 2730 κακῶν
1599 2675 1786 2729 τοσού-

198 2779 310 2817 των
344 2761 792 2834 ἀπηλλαγμένον.

275 2939 381 2993 πδ¹.
425 2938 613 3002 ’Ἄλλος
639 2939 764 3002 τοὺς
798 2937 965 3002 πόδας
992 2938 1290 3010 ἑκατέρους
1325 2939 1536 3010 μακρὸν
1563 2939 1663 3010 ἤδη
1688 2957 1786 2992 πε-

1900 481 2005 534 Pro
2038 480 2208 534 armis
2236 480 2404 551 igitur
2421 479 2543 533 aliis
2559 477 2730 534 sancti
2750 479 2971 534 nomine
2993 494 3051 534 se
3072 481 3271 546 munit,
3295 483 3472 550 ipsum

1898 571 1952 626 in
1985 572 2292 627 subsidium
2315 571 2568 634 advocat,
2601 570 2864 640 dictoque
2897 571 3062 626 citius
3096 573 3334 626 ferarum
3375 589 3473 628 ora

1897 671 2062 731 atque
2099 661 2326 732 vestigia
2362 661 2476 730 (res
2506 659 2643 714 mira
2672 659 2712 728 ί)
2752 669 2912 715 ιρι-ηε
2951 660 3249 724 cohaerent,
3301 663 3471 716 veluti

1896 752 2225 822 quihusdam
2261 751 2704 806 inenodabilibus
2724 751 2934 821 pedicis
2953 750 3272 817 constricta;
3297 752 3476 806 donec

1896 844 1998 899 iste
2049 843 2322 899 indemnis
2351 843 2656 899 discrimini
2704 853 2933 914 ereptus
2978 852 3146 908 esset,
3203 845 3473 900 conﬁtens

1894 935 2128 990 Domino
2175 932 2614 989 misericordiam
2669 949 2847 998 suam,
2898 941 2954 988 et
3001 933 3128 989 ﬁliis
3181 934 3469 989 hominum

1893 1027 2166 1081 mirabilia
2206 1027 2343 1097 ejus.
2387 1025 2629 1080 Rursum
2667 1026 2809 1081 alius
2839 1042 2870 1081 a
2906 1026 3084 1081 tribus
3113 1026 3472 1081 obsidebatur

1895 1117 2258 1182 dzemonibus,
2285 1115 2431 1171 unde
2454 1116 2743 1186 perspicue
2767 1115 2930 1170 datur
2959 1115 3283 1186 intelligere,
3305 1132 3468 1185 quam

1893 1209 2091 1264 acerbe
2110 1207 2298 1262 infelix
2317 1207 2418 1262 iste
2443 1215 2818 1276 torqueretur,
2839 1206 3284 1276 quandoquidem
3307 1206 3470 1260 uilius

1892 1301 2062 1356 etiam
2111 1301 2286 1355 solius
2314 1301 2535 1355 vexatio
2568 1298 2935 1353 intolerabilis
2967 1297 3060 1373 sit.
3109 1297 3308 1351 Laxata
3340 1297 3470 1350 huic

1891 1393 2424 1462 dependebatcutis,
2449 1393 2561 1446 imo
2594 1392 2958 1446 etoculorum
2996 1389 3178 1443 lumen
3209 1397 3328 1443 erat
3349 1403 3471 1444 ere-

1891 1491 2067 1549 ptum.
2099 1479 2360 1549 Confugit
2392 1480 2559 1550 igitur
2593 1479 2659 1533 ad
2687 1495 2908 1532 servum
2939 1477 3035 1532 Dei
3066 1467 3088 1542 ,’
3124 1478 3314 1533 ﬁrmus
3339 1477 3468 1542 ﬁde,

1890 1587 1987 1639 spe
2015 1573 2229 1639 plenus,
2256 1564 2506 1626 oratione
2531 1569 2802 1632 fervidus.
2836 1569 3166 1638 quantisque
3187 1551 3471 1637 prematur

1892 1663 2054 1718 malis
2097 1663 2527 1718 lamentabiliter
2575 1663 2818 1732 exponit.
2866 1661 3257 1716 Commovetur
3307 1661 3471 1716 mise-

1890 1753 2104 1806 ratione
2151 1751 2410 1823 Symeon,
2459 1751 2739 1806 hominem
2791 1749 3036 1819 respicit,
3075 1749 3202 1804 inde
3243 1749 3309 1803 ad
3365 1749 3470 1802 mi-

1891 1843 2252 1897 sericordiam
2312 1854 2584 1913 supremae
2641 1842 2907 1896 bonitatis
2964 1840 3199 1896 reflectit
3255 1825 3508 1905 oculos,'

1889 1936 2256 2005 precibusque
2278 1935 2526 1990 eamdem
2563 1936 2839 2005 implorat.
2867 1934 3004 1987 Tum
3045 1933 3198 1988 humi
3227 1934 3464 2003 exspuit,

1889 2039 2302 2099 temperatoque
2336 2031 2464 2085 inde
2498 2031 2613 2085 luto
2647 2030 2774 2085 caeci
2819 2029 3010 2083 oculos
3042 2029 3314 2099 inungens
3353 2047 3366 2081 :
3411 2029 3466 2082 ln

1888 2121 2134 2185 nomine,
2182 2121 2400 2190 inquit,
2437 2117 2706 2192 unigeniti
2753 2119 2875 2174 Filii
2922 2120 3038 2183 Dei,
3087 2120 3179 2190 qui
3218 2128 3379 2188 sputo
3411 2126 3472 2171 ct

1890 2222 2037 2269 terra
2074 2215 2227 2269 illum
2248 2231 2278 2269 a
2299 2215 2588 2270 nativitate
2611 2230 2707 2269 sua
2731 2229 2935 2268 caecum
2956 2213 3162 2267 lumine
3180 2211 3465 2266 oculorum

1889 2308 2211 2377 impertivit,
2266 2309 2514 2376 respice:
2549 2309 2844 2378 statimque
2881 2313 3066 2376 (quam
3122 2307 3291 2360 multa
3333 2305 3469 2361 fax-is

1889 2397 2186 2463 mirabilia,
2223 2398 2451 2452 Domine
2485 2399 2631 2452 Deus
2673 2399 2886 2459 meus!)
2914 2408 2971 2452 et
3003 2397 3179 2450 oculis
3208 2395 3469 2450 corrobo-

1889 2487 2023 2542 ratis
2067 2487 2251 2541 -lueem
2285 2487 2554 2558 percepit,
2588 2495 2644 2541 et
2683 2485 2988 2556 perfectum
3033 2486 3250 2540 illorum
3306 2499 3466 2538 usum

1889 2576 2150 2630 obtinuit.
2180 2577 2387 2631 Deinde
2419 2578 2632 2646 palmea
2671 2577 2820 2646 virga
2856 2577 3090 2629 laxatam
3123 2582 3303 2630 cutem
3341 2590 3468 2642 per—

1888 2669 2124 2733 cutiens,
2169 2668 2456 2738 increpitis
2495 2667 2858 2737 dzemonibus,
2885 2665 3173 2721 confestim
3205 2664 3352 2720 omni
3399 2680 3468 2718 ex

1887 2769 2043 2829 parte
2066 2774 2260 2815 sanum
2287 2759 2562 2827 exhibuit,
2589 2759 2753 2815 unius
2771 2759 3041 2814 orationis
3068 2773 3170 2829 ope
3201 2766 3280 2811 tot
3310 2757 3469 2812 malis

1891 2855 2209 2910 liberatum.
2623 2900 2630 2904 .

1959 2946 2046 3000 84.
2088 2946 2259 3000 Alteri
2285 2945 2355 3000 ob
2375 2947 2646 3000 diutinam
2682 2946 2968 3014 utriusque
2987 2943 3144 3013 pedis
3167 2942 3470 2996 inflamma-

202 3032 428 3102 πήρωτο
457 3013 669 3102 χρόνον,
699 3032 773 3092 ῶς
805 3030 940 3102 μηδὲ
966 3029 1027 3082 τὸ
1054 3032 1315 3102 παράπαν
1339 3032 1522 3093 αὐτοῖς
1549 3031 1783 3101 χρῆσθαι

1891 3040 2094 3094 tionem
2135 3041 2322 3096 nullus
2364 3041 2589 3094 omnino
2628 3056 2821 3095 eorum
2865 3055 2997 3095 usus
3032 3047 3162 3096 .erat
3193 3057 3206 3092 :
3235 3037 3471 3094 credidit

201 3122 484 3178 δύνασθαι.
522 3123 824 3186 Πιστεύσας
863 3118 956 3177 οὖν
986 3122 1217 3193 δυνατὴν
1249 3119 1387 3175 εἶναι
1421 3123 1666 3194 ’τῷ-ἁγίῳ
1688 3122 1784 3194 τὴν

205 3211 535 3285 Θεραπείαν,
569 3216 670 3285 ὁρᾷ
704 3213 892 3267 τοῦτον
941 3214 1071 3286 ὅναρ
1107 3215 1303 3277 αὐτοὺς
1340 3217 1406 3285 τῇ
1455 3215 1614 3285 βαῖνῃ
1652 3215 1787 3287 πλή-

204 3307 373 3371 ξαντα
403 3305 605 3376 ῥάϐδῳ,
647 3305 741 3358 καὶ
766 3307 798 3376 ἡ
832 3307 1039 3376 πληγὴ,
1066 3307 1160 3359 τοῦ
1183 3306 1440 3360 τελῦπνου
1481 3308 1624 3360 κατὰ
1651 3310 1786 3360 ταύ-

200 3400 296 3452 τδν
321 3396 606 3467 ἀπαλλαγὴ
630 3399 723 3451 καὶ
749 3397 842 3450 τοῦ
876 3398 1080 3462 πάθους
1109 3401 1304 3469 ἐκείνῳ
1331 3399 1560 3466 γίνεται,
1588 3398 1662 3463 ὡς
1694 3401 1787 3452 καὶ

209 3487 452 3558 μηνυτὴν
485 3487 648 3540 αὑτὸν
681 3487 746 3540 δι’
781 3487 975 3540 ἑαυτοῦ
1003 3489 1258 3557 φοιτῆσαι
1288 3488 1364 3557 τῷ
1402 3489 1648 3558 Συμεὼν,
1687 3488 1785 3556 τῆς

207 3579 523 3648 εὐεργεσίας
555 3577 763 3632 καὶτοῦ
789 3579 1065 3648 θαύματος
1090 3579 1340 3648 ἄγγελον.
1366 3580 1507 3648 Γυνή
1539 3597 1623 3643 τις
1661 3580 1786 3633 ’1ου-

206 3672 364 3742 λιανὴ
395 3671 494 3743 τὴν
528 3672 722 3741 κλῆσιν
775 3671 834 3723 τὸ
877 3671 1036 3740 σῶμα
1095 3673 1436 3742 πεπονηκυῖα
1464 3713 1479 3738 ,
1515 3673 1608 3724 καὶ
1657 3673 1782 3743 μηδ’

205 3765 385 3818 ὁτιοῦν
447 3762 623 3830 ἐαυτῇ
670 3763 980 3834 χρήσασθαι
1036 3764 1335 3835 δυναμένη,
1398 3765 1651 3834 πρόσεισι
1710 3765 1788 3834 τῷ

217 3857 408 3927 ’Λγίῳ,
438 3855 691 3926 δακρύων
715 3853 994 3925 ὠνουμένη
1026 3857 1123 3926 τὴν
1147 3855 1466 3925 θεραπείαν,
1499 3857 1670 3926 ὅσπερ
1690 3859 1789 3909 αύ-

203 3953 306 4020 τὴν
335 3950 459 4004 ἰδὼν
483 3949 656 4002 πολλά
680 3949 933 4018 χέουσαν,
965 3950 1060 4002 καὶ
1091 3951 1188 4019 τὴν
1209 3950 1386 4020 ψυχὴν
1413 3951 1498 4004 ἐπ’
1520 3951 1656 4020 αὐτῇ
1686 3969 1790 4008 παπ

206 4041 338 4104 Οὼν,
388 4039 537 4093 παίει
581 4042 648 4110 τῇ
691 4038 848 4109 βαίνῃ
891 4038 1104 4110 ῥάὸδῳο
1145 4041 1240 4092 καὶ
1285 4043 1317 4110 ἡ
1367 4039 1466 4108 μὲν
1521 4039 1787 4110 ῥώννυται

207 4137 551 4205 παραχρῆμα
579 4175 592 4198 ,
643 4132 798 4185 νόσου
827 4133 887 4184 τὸ
922 4132 1107 4184 λοιπὸν
1143 4133 1271 4203 ἄχρι
1305 4134 1492 4204 γήρως
1533 4134 1788 4205 οὐδεμιᾶς

207 4227 556 4298 πειραθείσα.
594 4225 671 4296 Τῇ
697 4225 752 4278 δὲ
786 4221 852 4296 ἦν
903 4225 1104 4295 ἀδελφὴ
1136 4226 1374 4294 μασθοὺς
1411 4226 1528 4294 ἅμα
1567 4229 1663 4280 καὶ⁹
1689 4229 1788 4282 πό-

203 4320 303 4382 δας
349 4317 598 4383 νοσοῦσα,
648 4319 740 4372 καὶ
784 4317 904 4370 λίαν
951 4319 1152 4388 ἀμφοῖν
1200 4317 1510 4388 περιαλγῶς
1555 4319 1785 4389 ἔχουσα”

1889 3145 2060 3200 penes
2093 3140 2342 3186 sanctum
2373 3131 2716 3185 medicamen
2747 3131 2849 3184 sibi
2885 3143 3194 3199 superesse,
3223 3143 3386 3198 quem
3415 3136 3471 3182 et

1889 3221 2162 3290 conspicit
2191 3235 2289 3290 per
2322 3236 2576 3275 somnum
2609 3221 2762 3290 virga
2808 3220 3020 3289 palmea
3053 3233 3112 3272 se
3152 3217 3470 3286 percutien-

1890 3319 1997 3365 tem
2045 3311 2136 3364 tali
2167 3311 2342 3380 plaga,
2377 3327 2497 3380 qua:
2524 3311 2690 3366 simul
2723 3320 2779 3365 et
2811 3325 3004 3365 somno
3035 3320 3091 3363 et
3122 3308 3310 3362 dolore
3342 3321 3470 3360 eum

1889 3400 2167 3469 privavit:
2202 3401 2281 3454 uti
2321 3401 2439 3470 ipse
2474 3417 2573 3470 per
2607 3417 2665 3455 se
2713 3401 3038 3471 Symeonem
3079 3399 3290 3460 adiens,
3324 3397 3469 3451 idem

1889 3493 2143 3548 beneﬁcii
2175 3503 2231 3548 et
2275 3495 2524 3549 miraculi
2566 3495 2817 3559 nuntius,
2855 3504 3090 3550 testatus
3131 3503 3234 3548 est.
3277 3493 3472 3547 Mulier

1889 3583 2136 3651 quaedam
2167 3583 2382 3638 Juliana
2423 3585 2716 3654 appellata,
2750 3585 2820 3638 ob
2842 3585 3014 3640 totius
3047 3582 3294 3652 corporis
3322 3581 3473 3635 inﬁr-

1890 3675 2138 3728 mitatem
2168 3675 2443 3744 impotens
2472 3691 2595 3745 qua:
2627 3691 2686 3730 se
2713 3675 2877 3730 alicui
2914 3675 2992 3729 rei
3039 3675 3359 3743 applicaret,
3400 3671 3466 3724 ad

1891 3777 2140 3820 sanctum
2184 3765 2450 3834 confugit,
2485 3765 2743 3837 lacrymis
2781 3765 2883 3820 sibi
2928 3765 3218 3818 sanitatem
3243 3776 3468 3830 compa-

1892 3863 2100 3906 ratura.
2128 3853 2301 3918 Quam
2337 3852 2427 3906 ubi
2467 3853 2556 3908 ille
2589 3852 2748 3917 vidit,
2780 3851 3016 3906 ubertim
3049 3851 3268 3904 flentem
3302 3850 3468 3903 mise-

1892 3955 2064 4009 ratus,
2117 3944 2268 4014 virga
2317 3945 2531 4013 palmea
2584 3943 2711 3999 ferit
2753 3961 2765 3995 :
2815 3951 2870 3995 et
2904 3942 3102 3997 mulier
3140 3940 3475 3994 convalescit

1891 4038 2061 4102 illico,
2096 4053 2199 4091 nec
2241 4037 2354 4090 ullo
2389 4036 2654 4105 deinceps
2703 4049 2878 4104 u-que
2917 4033 2982 4087 ad
3025 4033 3237 4112 senium
3279 4031 3470 4084 ll'lOl‘b)

1892 4137 2098 4182 tentata
2130 4125 2251 4180 fuit.
2280 4127 2412 4180 Erat
2439 4125 2571 4179 huic
2606 4139 2784 4188 soror,
2825 4139 2945 4193 quae
2976 4131 3032 4176 et
3062 4121 3176 4190 ipsa
3209 4119 3471 4174 uberibus

1890 4219 2234 4288 pedibusque
2282 4217 2495 4272 affectis
2521 4215 2836 4271 vehementi
2867 4214 3220 4270 cruciabatur
3249 4212 3469 4266 dolore:

1890 4309 2118 4364 adducit
2149 4309 2316 4378 igitur
2346 4309 2488 4362 hanc
2522 4323 2744 4378 quoque
2776 4306 2842 4360 ad
2873 4306 3128 4360 eumdem
3160 4304 3467 4366 medicum;

204 4412 478 4482 προσάγει
499 4409 678 4462 τοίνυν
713 4409 792 4480 τῷ
823 4408 991 4477 Ἀγίῳ
1017 4409 1112 4462 καὶ
1133 4409 1358 4481 ταύτην,
1386 4413 1477 4463 καὶ
1505 4411 1562 4474 ὅς
1590 4411 1667 4482 τῷ
1689 4411 1782 4464 τοῦ

1891 4402 1982 4470 qui
2019 4402 2286 4470 impresso
2315 4399 2685 4469 crucissigno
2714 4397 2983 4452 laboranti
3016 4396 3312 4461 succurrit,
3344 4410 3472 4450 cru-

205 4499 446 4571 σταυροῦ
473 4500 624 4571 τύπῳ
653 4499 1074 4570 διασφραγίσας,
1107 4500 1200 4552 τοῦ
1231 4500 1437 4563 πάθους
1461 4500 1662 4564 εὐθέως
1693 4503 1786 4554 καὶ

205 4595 376 4662 αὐτὴν
404 4593 755 4656 ἀπαλλάττει,
783 4593 880 4655 τὰς
911 4593 1101 4654 ὀδύνας
1133 4593 1352 4659 σϐέσας,
1379 4595 1472 4646 καὶ
1497 4593 1563 4656 ἀς
1589 4597 1786 4663 ἔχουσα

205 4688 357 4757 τύχοι
391 4685 607 4756 πληγὰς
643 4686 953 4754 ἰασάμενος.

276 4785 384 4836 πεν.
425 4779 502 4848 Τῇ
538 4777 596 4830 δὲ
655 4776 819 4829 πάλιν
877 4777 1168 4846 θυγάτριον
1197 4773 1264 4848 ἦν
1287 4819 1301 4840 ,
1335 4776 1634 4849 προσώπου
1685 4779 1784 4848 μὲν

203 4871 299 4922 καὶ
326 4869 474 4939 ὥρας
514 4863 637 4938 ἔχον
682 4869 782 4921 οὐκ
816 4868 1026 4936 ἀφυῶς,
1057 4869 1230 4940 κλόνῳ
1263 4870 1320 4924 δὲ
1354 4869 1608 4941 σώματος
1660 4887 1785 4924 τοσο

201 4948 348 5030 ούτῳ
393 4959 488 5010 καὶ
538 4958 768 5028 παρέσει
814 4958 1067 5027 κάτοχον,
1097 4959 1172 5022 ὡς
1209 4961 1304 5012 καὶ
1333 4961 1548 5031 φρενῶν
1578 4960 1785 5032 ἔρημον

202 5047 365 5114 εἶναι,
404 5051 649 5109 οἴκτιστα
697 5049 790 5101 καὶ
837 5048 1044 5102 τούτων
1098 5051 1412 5120 ἐξεστηκός.
1454 5052 1513 5105 '0
1562 5053 1661 5122 μὲν
1693 5052 1786 5105 οῦν

200 5143 302 5212 τῆς
331 5142 617 5212 παρέσεως
650 5143 744 5194 καὶ
771 5142 869 5210 τῆς
900 5143 1261 5213 ἀναισθησίας
1296 5145 1446 5198 αἰτία
1473 5145 1684 5216 δαίμων
1714 5142 1784 5217 ἦν

202 5237 460 5303 χαλεπὸς,
497 5234 843 5304 ἐπιπηδήσας
863 5233 941 5304 τῷ
973 5236 1215 5305 κορασίῳ
1239 5251 1252 5263 ·
1290 5237 1385 5306 ηδ’
1411 5238 1559 5290 αἰτία
1615 5239 1782 5291 πάλιν
1816 5263 1819 5266 ⁴

199 5333 301 5396 τῆς
330 5333 394 5380 ὲκ
428 5329 521 5381 τοῦ
580 5329 833 5399 δαίμονος
883 5329 1168 5400 ἐπηρείας,
1197 5328 1503 5398 ἁμάρτημα
1549 5329 1645 5397 τῆς
1682 5345 1786 5398 μη-

200 5423 354 5488 τρὸς,
385 5419 584 5484 κακίας
615 5422 903 5491 εἴσπραξιν
923 5423 1138 5476 ἐκτῖνον
1163 5418 1262 5489 τὴν
1289 5421 1386 5488 τῆς
1427 5420 1618 5482 παιδὸς
1679 5422 1784 5474 πά-

203 5529 374 5580 ρεσιν.
414 5513 711 5582 Ἀράμεναι
741 5515 920 5567 τοίνυν
978 5512 1170 5583 αὐτὴν,
1202 5513 1236 5584 ἦ
1271 5528 1330 5564 τε
1375 5513 1569 5582 μήτηρ
1625 5513 1720 5565 καὶ
1750 5515 1782 5582 ἡ

198 5605 556 5682 τῆςμμητρὸς
613 5605 835 5676 ἀδελφὴ,
891 5605 1086 5675 φόρτον
1159 5605 1435 5670 ἐλεεινὸν,
1466 5604 1664 5674 φόρτον
1706 5607 1784 5668 εἰς

203 5696 411 5768 δάκρυα
443 5697 533 5751 καὶ
563 5697 740 5770 ἄψυχα
782 5700 980 5766 κινοῦν,
1018 5698 1266 5768 ῥίπτουσι
1309 5699 1405 5767 729-?-
1437 5697 1528 5750 τοῦ
1573 5697 1775 5764 Ἀγίου’

1895 4493 2097 4547 ciatum
2128 4492 2286 4558 tollit,
2317 4490 2641 4545 vulneribus
2667 4490 2942 4544 medetur.

1961 4779 2051 4839 85.
2117 4777 2245 4835 Haac
2293 4795 2486 4835 rursus
2546 4778 2772 4834 filiolam
2833 4778 3070 4834 habebat
3129 4777 3304 4832 forma
3360 4791 3471 4830 non

1893 4868 2206 4936 invenusta,
2249 4885 2413 4938 quam
2445 4878 2591 4923 tanta
2623 4869 3000 4923 membrorum
3028 4861 3386 4936 perturbatio
3406 4879 3471 4920 ac

1894 4960 2164 5032 paralysis
2195 4968 2560 5030 occupaverat
2587 4999 2602 5023 ,
2637 4969 2695 5014 ut
2727 4968 2784 5014 et
2818 4959 3124 5028 deliquium
3170 4955 3339 5012 animi
3372 4972 3470 5026 pa-

1895 5060 2104 5108 teretur
2133 5068 2298 5121 szepe,
2355 5062 2412 5106 et
2474 5069 2504 5106 a
2549 5061 2696 5106 statu
2750 5051 2950 5105 mentis
2995 5050 3371 5105 miserandum
3413 5050 3470 5103 in

1892 5143 2118 5198 modum
2157 5142 2510 5212 dejiceretur.
2540 5139 2715 5196 Causa
2768 5141 3080 5210 paralyticaa
3138 5138 3474 5194 inﬁrmitatis

1892 5234 2133 5288 diilicilis
2157 5232 2369 5287 daemon
2392 5239 2530 5295 erat,
2553 5233 2646 5301 qui
2672 5232 2909 5302 puellam
2939 5231 3244 5286 incesserat
3269 5246 3282 5281 :
3309 5238 3476 5300 atque

1894 5326 2096 5380 iterum
2124 5324 2400 5379 'dtemonis
2435 5324 2712 5378 saevientis
2742 5338 2907 5378 causa
2940 5331 3226 5391 peccatum
3259 5321 3469 5385 matris,

1894 5419 1948 5472 in
1982 5418 2327 5487 punitionem
2363 5415 2624 5486 nequitiae
2672 5414 2968 5485 paralysim
3019 5413 3162 5482 proli
3206 5412 3466 5466 aﬂ‘erens.

1893 5511 2177 5566 Sublatam
2231 5510 2417 5580 itaque
2485 5509 2725 5580 puellam
2801 5515 2976 5560 mater
3033 5521 3098 5561 ac
3151 5513 3470 5566 matertera,

1893 5603 2166 5659 sarcinam
2198 5602 2588 5667 miserabilem,
2645 5600 2920 5655 sarcinam
2979 5599 3247 5669 lacrymas
3297 5596 3468 5652 etiam

1896 5698 2210 5753 inauimatis
2243 5697 2579 5766 elicientem,
2612 5693 2678 5748 ad
2719 5690 2894 5750 sancti
2921 5691 3090 5761 pedes
3109 5685 3423 5759 projiciunt
3456 5702 3474 5739 :
