4034 6186
638 283 778 350 εοστ

1837 285 1896 346 s.
1940 286 2317 346 SYMEONIS
2354 284 2715 365 IUNIORIS

3719 297 3826 363 3%.?

638 395 788 467 quod
821 409 945 449 cum
981 393 1071 449 ille
1100 409 1211 449 non
1246 394 1546 465 ignoraret,
1572 394 1706 451 illud
1735 397 2044 466 praesertim
2091 414 2218 468 ope-

2323 401 2462 473 επερ
2501 400 2530 452 ὁ
2554 400 2646 455 τοῦ
2688 400 2825 455 Θεοῦ
2883 400 3138 473 θεράπων
3169 402 3268 456 οὐκ
3306 405 3592 475 ἀγνοήσας,
3625 410 3768 478 ἄλλως
3783 436 3826 471 τε

641 503 759 543 ram
792 486 923 542 dare
949 500 1168 556 semper
1191 486 1415 551 solitus,
1448 496 1510 540 ut
1537 486 1605 540 ad
1636 502 1694 542 se
1730 489 2061 544 accedentes
2091 504 2216 543 eum

641 578 1020 634 incolumitate
1052 577 1324 646 corporis,
1349 578 1516 645 etiam
1546 577 1810 643 animam,
1842 579 1888 633 si
1942 596 2050 650 qua
2074 580 2217 635 forte

638 686 763 726 eam
798 670 954 725 labes
981 669 1254 733 inliceret,
1306 684 1407 739 per
1433 670 1839 725 confessionem
1884 670 2209 734 lustrarent,

640 769 921 832 quatenus
952 771 1068 817 tum
1096 776 1333 830 corpore
1366 768 1481 816 tum
1513 762 1720 826 anima,
1746 763 1858 817 imo
1881 764 1985 818 hac
2026 764 2217 833 potius

640 868 806 923 quam
854 853 985 918 illo,
1039 853 1214 908 curati
1269 846 1706 909 reverterentur.
1754 855 1892 909 Dum
1938 855 2105 925 igitur
2160 856 2214 909 in

639 953 790 1015 gesta
816 953 983 1013 atque
1034 944 1271 1015 cogitata
1332 945 1552 998 illarum
1594 945 1847 1015 inquirit,
1902 953 1966 999 ut
2013 945 2215 1015 duplex

641 1037 992 1097 beneﬁcium,
1044 1039 1209 1093 sicuti
1263 1038 1529 1102 diximus,
1591 1040 1845 1109 corporis
1908 1055 1972 1094 ac
2018 1042 2218 1097 animae

641 1130 845 1197 pariter
871 1138 1190 1183 curatorum
1228 1129 1632 1198 impertiretur,
1682 1132 2061 1200 peritissimus
2126 1134 2216 1187 ille

641 1235 752 1274 non
791 1219 968 1273 solum
1017 1220 1389 1290 investigandi
1450 1222 1833 1291 spiritualium
1893 1225 2216 1278 morborum

641 1325 858 1375 causas,
894 1311 990 1365 sed
1015 1311 1286 1365 medelam
1339 1328 1562 1381 quoque
1615 1314 1883 1367 all‘erendi
1938 1316 2219 1384 paratissi-

644 1415 804 1466 mus;
837 1400 1017 1470 pudor
1039 1410 1203 1471 atque
1229 1402 1394 1455 timor
1426 1403 1547 1457 illas
1570 1404 1815 1464 incessit,
1872 1413 2217 1474 precatmque

643 1500 810 1555 sunt,
840 1498 985 1545 terra
1027 1491 1133 1545 sibi
1163 1492 1318 1561 prius
1365 1484 1699 1558 dehisceret,
1729 1509 1893 1562 quam
1947 1495 2074 1548 vitm
2108 1502 2231 1547 tam’

642 1581 904 1652 angelicae
942 1581 1085 1645 viro,
1122 1582 1176 1636 in
1230 1597 1397 1637 carne
1458 1583 1641 1637 carnis
1687 1568 1923 1654 experti,
1977 1599 2037 1638 ac
2078 1599 2218 1654 pene

642 1669 1120 1738 spirituali-scelus
1149 1686 1312 1725 suum
1341 1671 1679 1726 revelarent.

713 1759 803 1813 86.
838 1761 974 1814 Dum
999 1762 1074 1815 ita
1104 1776 1291 1815 secum
1328 1762 1434 1816 illae
1468 1763 1769 1825 luctantur,
1820 1772 1969 1819 metu
2019 1766 2215 1834 plente,

642 1852 844 1907 accidit
874 1859 1106 1907 matrem
1132 1853 1425 1924 Symeouis
1447 1853 1738 1919 Martham,
1768 1856 2056 1910 mulierem
2087 1872 2231 1911 vere'

642 1951 908 2008 sanctam,
940 1960 1093 1998 more
1123 1960 1225 1999 suo
1254 1945 1385 1999 illuc
1407 1946 1671 2000 accedere
1708 1964 1720 1999 :
1750 1947 2006 2016 apparuit
2035 1957 2215 2002 autem

643 2035 734 2090 illa
754 2036 913 2091 anxie
932 2036 1296 2097 haerentibus.
1317 2036 1397 2091 uti
1428 2037 1611 2091 lumen
1639 2038 1693 2091 iu
1710 2050 1870 2092 nocte
1896 2040 2215 2109 caliginosa,

640 2128 842 2183 mulier
866 2127 1213 2192 mulieribus,
1243 2143 1409 2183 sexus
1435 2128 1797 2184 similitudine
1829 2130 1936 2184 sibi
1982 2133 2223 2201 conjun-

640 2221 777 2285 ctis;
807 2237 929 2290 qua:
965 2221 1032 2276 ad
1064 2222 1232 2291 pedes
1266 2221 1417 2293 illius
1452 2237 1512 2276 se
1543 2238 1707 2291 quam
1760 2233 2019 2293 poterant
2064 2226 2219 2279 citis-

639 2310 775 2362 sime
789 2309 1134 2378 abjicientes,
1147 2310 1483 2380 eosdemque
1501 2327 1626 2365 cum
1640 2312 1897 2383 lacrymis
1911 2315 2223 2370 calentibus

640 2401 1057 2470 amplectentes,
1127 2402 1391 2458 miserum
1458 2404 1695 2459 infelicis
1760 2406 1958 2473 puellae
2013 2413 2215 2460 statum

638 2497 943 2557 exponunt,
966 2498 1253 2558 peccatum
1281 2505 1441 2545 suum
1477 2492 1793 2557 enuntiant,
1814 2509 2066 2553 ~causam
2117 2509 2218 2548 eur

639 2587 830 2633 sancto
855 2580 991 2634 illud
1026 2582 1307 2650 explicare
1337 2592 1619 2653 nequeant
1647 2595 1983 2653 proponunt.
2007 2586 2215 2640 Martha

639 2686 810 2741 porro
838 2686 948 2726 non
977 2673 1154 2727 solum
1174 2673 1529 2739 feminarum,
1562 2675 1658 2729 sed
1680 2682 1738 2730 et
1788 2684 2028 2730 matrum
2087 2692 2216 2731 san-

638 2762 919 2828 ctissima,
991 2763 1373 2820 inﬁrmitatem
1457 2767 1784 2823 muliebrem
1843 2774 2216 2840 'nequaquam

638 2863 1156 2927 aspernata,neque
1218 2873 1382 2913 sexus
1446 2860 1758 2914 communis
1814 2860 2027 2926 oblita;
2081 2861 2216 2930 quin

639 2947 825 3015 potius
852 2946 1166 3003 vehementi
1198 2948 1416 3004 illarum
1445 2950 1637 3005 dolore
1680 2966 1744 3005 ac
1794 2951 2012 3021 ploratu
2058 2966 2210 3006 com-

2318 492 2377 545 δέ
2408 492 2630 545 κάκεῖνο
2668 491 2757 546 διὰ
2808 494 3013 557 παντὸς
3042 495 3203 565 ἔργον
3258 499 3632 566 πεποιημένος,
3661 504 3710 557 τὸ
3733 513 3828 571 τοὺς

2320 584 2469 654 αὐτῷ
2498 572 2843 658 προσιόντας,
2871 588 3007 658 μετὰ
3061 589 3160 658 τῆς
3211 590 3355 643 κατὰ
3383 591 3540 661 σῶμα
3564 593 3828 666 θεραπείας,

2319 677 2423 730 εἴτι
2447 680 2541 730 καὶ
2566 678 2746 749 ψυχῆς
2777 674 2999 749 αἶσχος]
3026 683 3119 733 καὶ
3157 682 3311 735 τοῦτο
3346 682 3415 735 δι’
3450 683 3830 757 ἐξομολογίςῖως

2318 754 2709 822 ἀποτίθεσθαι;
2760 756 2837 821 ὡς
2894 757 3183 839 ἀμφότερα
3238 759 3401 829 σῶμά
3464 778 3523 814 τε
3571 766 3649 817 καί
3689 754 3829 839 ψυχῇ

2325 846 2694 915 ὑγιαίνοντας,
2716 848 2751 919 ἢ
2781 847 2960 918 ψυχὴν
2989 836 3217 919 πρὸσοῦ
3249 850 3503 921 σώματος
3536 855 3724 923 μᾶλλον,

2320 955 2428 1001 τως
2458 939 2761 994 ἐπανιέναι.
2779 940 2868 1003 Ὠς
2896 938 2989 993 οῦν
3017 941 3248 1011 πράξεις
3275 943 3455 996 αὐτῶν
3483 946 3573 998 καὶ
3594 946 3830 1021 λογισμοὺς

2320 1031 2616 1101 ἀνηρεύνα,
2658 1030 2867 1084 ἴνακαὶ
2897 1031 3111 1102 διπλῆς,
3137 1034 3391 1105 καθάπερ
3426 1037 3642 1107 ἔφημεν,
3664 1042 3717 1093 οὐ
3753 1043 3835 1094 σώ-

2324 1140 2451 1191 ματι
2487 1124 2669 1191 μόνον,
2692 1123 2829 1177 δολά
2864 1124 2957 1177 καὶ
2987 1126 3282 1197 πνεύματι,
3310 1129 3524 1198 μεταδῷ
3553 1130 3641 1200 τῆς
3666 1133 3833 1199 ὑγείας,

2319 1210 2431 1278 οἷος
2459 1217 2688 1280 ἐκεῖνος,
2739 1218 2839 1271 οὐκ
2882 1219 3202 1289 ἀνιχνεῦσαι
3244 1221 3404 1291 μόνον
3448 1222 3619 1275 αἰτίαν
3649 1224 3836 1296 ψυχικοῦ

2319 1305 2523 1369 πάθους
2554 1306 2754 1370 παντὸς
2790 1309 3190 1378 ἐμπειρότατος
3215 1349 3232 1374 ,
3270 1310 3405 1365 ἀλλὰ
3451 1313 3545 1365 καὶ
3590 1313 3836 1383 θεραπείαν

2316 1397 2480 1461 εὐθὺς
2510 1400 2813 1467 ἐπαγαγεῖν
2844 1401 3214 1471 ἑτοιμότατος,
3233 1404 3396 1467 αἰδὼς
3427 1405 3635 1469 ἐκείνας
3655 1402 3749 1477 εἶχε
3766 1411 3835 1462 καὶ

2316 1491 2455 1556 δέος,
2476 1492 2569 1545 καὶ
2587 1492 2875 1561 διαστῆναι
2894 1495 3160 1565 πρότερον
3188 1497 3379 1560 αὑταῖς
3402 1497 3501 1569 τὴν
3518 1502 3613 1570 γῆν
3634 1499 3835 1571 ηὔχοντο,

2316 1583 2350 1654 ἢ
2382 1585 2459 1656 τῷ
2492 1584 2668 1649 οὕτως
2701 1587 2979 1657 ἀγγελικῷ
3017 1588 3108 1641 τὸν
3143 1588 3278 1658 βίον,
3309 1592 3406 1643 καὶ
3433 1592 3656 1664 ἁσάρκῳ
3680 1597 3838 1667 μικροῦ

2315 1678 2412 1731 ml.
2442 1677 2613 1747 άΰλῳ,
2646 1679 2707 1730 τὸ
2740 1677 2910 1747 μῦσος
2938 1679 3306 1749 ἀνακαλύψαι.

2388 1776 2508 1836 πςκ
2536 1771 2623 1835 Ὠς
2650 1770 2742 1824 οὖν
2767 1771 3006 1840 ἀγωνίας
3030 1767 3173 1842 ἦσαν
3202 1771 3344 1827 οὕτω
3378 1774 3473 1828 καὶ
3496 1775 3640 1841 δέους
3666 1780 3837 1847 μεσταὶ,

2317 1863 2514 1932 συνέϐη
2537 1863 2639 1934 τὴν
2660 1865 2870 1919 οἰκείαν
2911 1864 3060 1934 αὐτῷ
3095 1868 3332 1937 μητέρα,
3357 1865 3454 1937 τὴν
3479 1867 3717 1933 θείανηὼς
3736 1872 3837 1941 ἀλη-

2318 1955 2426 2020 θῶς
2471 1958 2720 2027 Μάρθαν,
2747 1958 2822 2020 ὼς
2846 1956 2988 2025 ἔθος,
3015 1960 3355 2031 παραϐαλεῖν
3372 1978 3386 1990 ·
3408 1963 3536 2032 ἥτις
3564 1960 3669 2032 ﬁt;
3691 1963 3839 2035 ὥσπερ

2317 2051 2505 2112 αὖταῖς
2540 2050 2645 2102 ὑπὸ
2677 2050 2848 2104 νύκτα
2896 2051 3097 2123 πολλὴν
3144 2051 3333 2123 ὤφθη,
3379 2054 3522 2126 γυνὴ
3553 2056 3771 2124 γυναιξὶ,
3796 2057 3839 2108 ei

2317 2141 2578 2207 συγγενὲς
2608 2142 2863 2212 ἐχούσαις
2914 2144 3021 2198 ἀπὸ
3054 2146 3153 2215 τῆς
3187 2147 3440 2215 φύσεως,
3492 2150 3585 2203 καὶ
3629 2147 3722 2219 πρὸ
3756 2148 3840 2200 τῶν

2318 2224 2530 2292 ἐκείνης
2558 2222 2737 2275 ποδῶν
2763 2222 2961 2283 ἑαυτάς
3008 2222 3085 2286 ὼς
3135 2220 3278 2292 εἶχον
3315 2222 3596 2292 βαλοῦσαι,
3626 2222 3713 2276 καῖ
3735 2222 3838 2288 peri

2316 2313 2537 2385 θερμῶν
2584 2313 2764 2367 αὐτῶν
2794 2312 3046 2384 δακρύων
3076 2313 3375 2382 λαϐόμενα,
3425 2314 3505 2368 τά
3547 2330 3606 2367 τε
3637 2313 3839 2382 περὶτῆς

2320 2405 2508 2469 παιδὸς
2530 2405 2783 2470 διεξίασι,
2807 2404 2904 2459 καὶ
2928 2405 2989 2458 τὺ
3013 2404 3320 2475 ἁμάρτημα
3342 2405 3512 2469 εὐθὺς
3539 2404 3841 2472 ἐξαγγέλλου-

2320 2513 2427 2560 σιν,
2458 2496 2540 2550 ἐτι
2586 2498 2682 2551 καὶ
2715 2494 2814 2572 τὴν
2848 2497 3032 2550 αἰτίαν
3064 2497 3405 2567 προσθεῖσαι,
3437 2497 3514 2550 δι’
3544 2497 3608 2567 ἠν
3645 2499 3706 2551 τά
3738 2494 3842 2564 πρὸς

2317 2587 2409 2642 τδν
2434 2585 3057 2659 Ἃγιονάνεξαγόρευτα
3110 2572 3360 2653 ταύταις..
3399 2588 3467 2642 Ἡ
3517 2590 3687 2659 μέντοι
3717 2588 3845 2639 όσιω·

2317 2681 2455 2749 τάτη
2550 2680 2826 2748 γυναικῶν
2857 2720 2872 2745 ,
2959 2681 3097 2734 ἀλλὰ
3183 2682 3280 2735 καὶ
3363 2681 3617 2752 μητέρων
3671 2678 3844 2748 ἐκείνη,

2318 2771 2637 2838 γυναικείας
2686 2771 2939 2841 οὐδαμῶς
3019 2772 3305 2835 ἀσθενείας
3367 2773 3729 2843 ὑπεριδοῦσι,
3774 2769 3847 2823 οὓς

2317 2862 2375 2915 δὲ
2440 2863 2501 2915 τὸ
2564 2863 2823 2930 συγγενὲς
2909 2864 3225 2931 ἀγνοήσασα
3278 2879 3293 2895 ⁸
3408 2865 3709 2917 τούναντίον
3772 2860 3847 2929 μὲν

2320 2949 2414 3008 οὖν
2478 2954 2572 3008 καὶ
2633 2954 2839 3024 σφόδρα
2889 2956 3003 3016 τοῖς
3060 2954 3239 3007 αὐτῶν
3296 2953 3503 3008 πάθεσι
3546 2955 3635 3008 καὶ
3672 2952 3850 3025 θρήνοις

639 3047 813 3104 mota,
840 3048 898 3096 et
929 3056 988 3097 se
1016 3039 1187 3112 ipsam
1216 3053 1682 3114 quoquematrem
1706 3061 1852 3112 esse,
1875 3054 2211 3116 uterumque

2322 3044 2729 3108 ἐπικλασθεῖσα,
2759 3045 2819 3097 τό
2872 3062 2929 3097 τε
2961 3045 3054 3098 καὶ
3097 3043 3235 3115 αὐτὴ
3266 3046 3453 3115 μήτηρ
3507 3041 3639 3100 εἶναι
3698 3060 3852 3114 μητρισ

640 3140 885 3200 gestasse
911 3148 978 3187 ex
1042 3133 1521 3191 commiseratione
1554 3151 1683 3206 erga
1719 3136 1840 3191 illas
1891 3137 2213 3204 ostendens,

637 3222 881 3276 elevatas
908 3238 940 3277 e
964 3232 1109 3279 terra
1133 3239 1259 3278 eam
1299 3225 1518 3280 sarcina
1580 3228 1895 3301 para‘lyticre
1924 3229 2117 3297 puellae
2146 3229 2214 3283 ad

640 3314 816 3370 lilium
847 3330 1008 3370 suum
1029 3315 1305 3372 adduxit:
1349 3319 1575 3384 Praesta,
1606 3321 1884 3390 inquiens,
1942 3323 2039 3387 illi,
2075 3312 2233 3377 hanc.

639 3425 751 3465 non
800 3426 1024 3480 parvam
1050 3412 1207 3466 matri
1240 3413 1496 3493 gratiam,
1556 3424 1614 3470 et
1662 3417 1706 3470 si
1739 3417 1870 3486 quid
1925 3426 2214 3487 peccatum

637 3502 733 3566 sit,
762 3503 1102 3567 condonans,
1133 3504 1359 3561 iuvoces
1377 3506 1669 3562 Dominum
1693 3509 1881 3565 Jesum
1908 3510 2213 3575 Christum,

638 3601 867 3649 extensa
897 3609 1050 3649 more
1072 3600 1351 3652 consueto.
1388 3598 1615 3654 dextera
1672 3600 1857 3671 signes
1903 3602 1957 3655 in
2008 3602 2215 3658 virtute

638 3686 852 3741 Domini
888 3688 1150 3757 puellam.
1187 3690 1355 3745 Vides
1374 3707 1538 3761 quam
1572 3692 1772 3747 misere
1810 3701 1976 3763 atque
2017 3695 2215 3749 acerbe

642 3788 999 3847 torqueatur;
1035 3780 1188 3851 signa
1208 3780 1355 3836 illam
1376 3798 1563 3844 cruce,
1595 3792 1649 3837 et
1674 3784 1878 3838 sanitas
1900 3786 2214 3840 omnimoda

639 3882 1050 3944 consequetur;
1084 3877 1227 3941 sine,
1266 3877 1409 3932 hanc
1427 3878 1655 3947 gratiam
1686 3894 1791 3947 ego
1841 3879 2044 3933 mulier
2089 3890 2211 3934 tnu-

638 3963 870 4020 lieribus
898 3964 1071 4041 hisee,
1117 3974 1173 4020 et
1233 3976 1410 4021 mater
1452 3968 1583 4021 huic
1640 3968 1827 4032 matri,
1887 3969 2215 4039 gravissimo

640 4053 833 4109 dolore
875 4056 1060 4113 cordis
1110 4056 1418 4126 (quantum
1486 4057 1619 4111 mihi
1690 4058 1953 4127 colligere
2012 4058 2215 4123 datur)

637 4146 915 4207 aestuanti,
952 4162 981 4200 a
1019 4153 1071 4200 te
1101 4162 1351 4203 exorem.
1376 4149 1455 4202 Ad
1488 4149 1624 4203 istas
1642 4150 1838 4204 matris
1865 4150 1961 4204 lilii
1984 4152 2217 4206 amantis

639 4248 833 4305 preces
864 4235 1009 4290 filius
1048 4238 1238 4293 matris
1262 4253 1475 4300 amans,
1509 4240 1647 4294 nihil
1674 4256 1937 4305 renuens,
1987 4242 2218 4312 adiutri-

639 4339 759 4378 cem
783 4324 1337 4380 conl‘estim’manum
1394 4329 1793 4395 accommodat,
1837 4329 2217 4401 signatumque

641 4414 896 4469 invocato
938 4415 1146 4472 Christi
1203 4419 1427 4473 nomine
1479 4420 1738 4489 puellam,
1777 4422 1982 4475 salvam
2051 4400 2215 4491 atque
2244 4400 2294 4475 Β

640 4508 910 4562 valentem
936 4524 1045 4563 non
1070 4509 1254 4567 minus
1294 4520 1478 4568 mente
1524 4526 1687 4580 quam
1719 4505 1954 4581 corpore
1998 4512 2219 4568 feminis

640 4597 857 4665 reddit;
885 4609 1232 4670 matremque
1265 4616 1374 4655 non
1432 4601 1610 4656 solum
1666 4601 1797 4658 fecit
1845 4618 2013 4673 super
2060 4605 2218 4673 prole

638 4684 936 4753 lzetantcm,
966 4688 1059 4743 sed
1092 4704 1247 4746 suam
1280 4705 1501 4759 quoque
1530 4692 1760 4745 multam
1794 4708 1862 4747 ex
1915 4709 1984 4748 eo
2040 4694 2219 4748 hono-

640 4787 836 4843 ratam,
882 4780 1028 4849 quod
1084 4781 1202 4851 ipsa
1250 4782 1377 4836 ideo
1404 4782 1554 4852 quod
1613 4792 1794 4839 mater
1823 4793 1993 4852 esset,
2058 4787 2218 4841 matri

640 4867 975 4925 incolumem
1008 4870 1176 4927 ﬁliam
1195 4873 1552 4928 obtinuisset.

710 5038 798 5097 87.
822 5042 989 5114 Virgo
1023 5044 1271 5113 quaedam
1302 5054 1513 5111 tenera,
1564 5047 1778 5117 duplici
1804 5048 2003 5105 aﬁ‘ecta
2049 5040 2218 5118 malo,

639 5134 843 5191 acerbo
860 5134 1132 5192 dmmone.
1161 5146 1217 5192 et
1237 5138 1394 5207 pedis
1417 5138 1606 5193 dolore
1623 5181 1637 5205 ,
1667 5138 1818 5194 videt
1850 5157 1948 5211 per
1972 5143 2216 5213 quietem

640 5236 914 5292 sanctum,
948 5237 1160 5283 vestem
1190 5229 1429 5284 lucidam
1461 5240 1558 5286 aut
1604 5231 1786 5287 lucem
1806 5233 1991 5303 potius
2044 5235 2218 5305 ipsam

642 5316 927 5385 indutum,
952 5320 1256 5389 gladiolum
1306 5338 1474 5377 manu
1516 5323 1924 5393 praeferentem,
1975 5341 2218 5397 eumque

640 5411 794 5466 velut
823 5411 949 5482 pedi
974 5412 1097 5483 eius
1123 5412 1349 5491 inﬁgere
1371 5423 1685 5493 conantem.
1714 5416 1843 5471 Adit
1871 5432 2006 5493 ergo
2046 5417 2214 5481 hunc,

644 5500 700 5555 in
728 5503 963 5558 somniis
983 5504 1131 5569 nixa,
1155 5508 1470 5577 conlisaque
1493 5490 1641 5577 quod
1662 5508 1732 5563 ab
1765 5490 2091 5563 illo'sauitas
2110 5508 2214 5564 sibi

640 5602 789 5649 esset
803 5594 1157 5651 conferenda.
1177 5595 1427 5668 Cumque
1447 5598 1755 5655 invocasset
1776 5598 2213 5679 sanctustristi

642 5700 867 5755 nomen,
932 5687 1315 5758 virginemque
1381 5690 1564 5746 crucis
1626 5691 1909 5762 signaculo
1988 5692 2211 5745 tertium

1570 5840 1593 5869 \

2320 3136 2432 3190 κῶν
2458 3154 2517 3189 τε
2549 3136 2875 3207 πειραθῆναι
2902 3136 3244 3206 σπλάγχνων,
3286 3137 3395 3189 ἀπὸ
3420 3137 3528 3207 τῆς
3557 3133 3852 3206 συμπαθείας

2318 3229 2417 3298 τῆς
2451 3229 2579 3299 περὶ
2613 3229 2782 3292 αὑτὰς
2834 3228 3078 3293 δείξασα,
3111 3227 3204 3281 τοῦ
3265 3227 3502 3298 ἐδάφους
3552 3229 3705 3291 αὑτὰς
3753 3227 3853 3279 ἁνα-

2322 3321 2586 3390 στήσασα,
2623 3319 2718 3371 καὶ
2752 3321 2903 3389 παρὰ
2932 3320 3027 3372 τὸν
3064 3319 3185 3371 υἱὸν
3224 3321 3324 3372 σὺν
3352 3318 3433 3389 τῷ
3468 3321 3647 3391 φόρτῳ
3678 3317 3758 3373 τοῦ
3779 3334 3855 3369 πα·

2323 3412 2576 3483 ρειμένου
2606 3411 2903 3483 θυγατρίου
2938 3412 3312 3481 εἰσαγαγοῦσα
3343 3428 3359 3443 ⁸
3389 3415 3495 3477 Δὸς
3519 3414 3724 3481 ταύτην,
3750 3409 3849 3476 ἔτη.

2322 3505 2489 3575 μητρὶ
2518 3546 2532 3570 ,
2560 3504 2837 3569 τέκνον,ού
2881 3506 3083 3576 μικρὰν
3110 3506 3294 3578 χάριν,
3319 3507 3412 3560 καὶ
3449 3508 3560 3561 πᾶν
3584 3506 3633 3559 εί
3668 3521 3714 3557 τι
3732 3500 3855 3569 τυχδν

2318 3593 2626 3664 ἁμάρτημα
2675 3596 3060 3667 συγχωρήσας,
3094 3597 3187 3651 τὸν
3216 3598 3417 3652 οἰκεῖον
3476 3598 3728 3666 δεσπότην
3749 3593 3855 3661 Χρι-

2322 3684 2447 3737 στὸν
2501 3685 2847 3750 ἐπικάλεσαι,
2889 3688 2984 3739 καὶ
3010 3686 3088 3750 ὡς
3138 3685 3369 3758 σύνηθες
3407 3687 3663 3750 ἐκτείνας
3689 3684 3773 3754 τὴν

2320 3773 2461 3839 ξιὰν,
2497 3774 2800 3845 σφράγισον
2857 3775 2950 3827 ἐπὶ
2976 3778 3043 3846 τῇ
3096 3776 3261 3829 αὐτοῦ
3303 3776 3537 3847 δυνάμει
3566 3775 3660 3845 τὴν
3686 3771 3820 3824 παῖδα
3842 3783 3854 3797 ·

2318 3866 2452 3935 ὁρᾷς
2473 3866 2621 3927 ὅπως
2650 3865 2850 3928 ἀθλίως
2889 3867 2984 3919 καὶ
3015 3867 3265 3935 χαλεπῶς
3294 3868 3637 3939 πάσχουσαν,
3658 3867 3717 3935 τῇ
3742 3858 3857 3930 παρὰ

2321 3956 2416 4009 σοῦ
2448 3956 2506 4009 δὲ
2554 3956 2814 4027 σφραγῖδι
2863 3957 3054 4027 ἕψεται
3088 3960 3307 4023 πάντως
3356 3961 3458 4013 καὶ
3487 3958 3769 4029 θεραπεία,
3794 3955 3855 4004 ἶνα

2321 4047 2459 4115 γυνὴ
2511 4046 2778 4114 γυναιξὶν,
2806 4047 2944 4101 ἀλλὰ
2994 4049 3089 4101 καὶ
3132 4050 3317 4119 μήτηρ
3348 4052 3527 4121 μητρὶ
3570 4049 3854 4120 χαρίσωμαι.

2317 4138 2500 4202 δεινῶς
2520 4141 2641 4208 (ὅσα
2672 4141 2771 4209 ἐμὲ
2805 4140 3024 4209 εἰδέναι)
3064 4140 3165 4211 τὴν
3197 4142 3428 4212 καρδίαν
3464 4140 3852 4213 πυρπολουμέη-

2323 4232 2470 4303 Πρὸς
2499 4232 2758 4295 τοιαύτας
2807 4234 2990 4286 τοίνυν
3026 4234 3343 4302 φιλόπαιδος
3393 4235 3607 4305 μητρὸς
3655 4230 3856 4296 ἀξιώσεις

2324 4326 2444 4387 υἱὸς
2476 4324 2796 4395 φιλομήτωρ
2827 4326 2931 4378 οὐκ
2958 4325 3281 4390 ἀνανεύσας,
3319 4326 3458 4383 ἀλλὰ
3484 4326 3609 4389 δοὺς
3632 4318 3857 4391 ὑπουργῦν

2322 4415 2514 4476 αὐταῖς
2569 4412 2773 4478 εὐθέως
2828 4411 2927 4483 τὴν
2982 4414 3184 4481 δεξιὰν,
3219 4416 3315 4468 καὶ
3347 4419 3448 4485 τὴν
3501 4415 3665 4469 παῖδα
3692 4413 3751 4482 τῇ
3789 4402 3855 4458 ττιῧ

2322 4503 2558 4574 Χριστοῦ
2627 4504 2910 4575 ἐπικλήσει
2956 4506 3285 4578 σφραγίσας,
3350 4507 3485 4575 ὑγιᾶ
3543 4500 3768 4572 ταύτην,
3814 4496 3857 4548 οὗ

2327 4594 2487 4666 σῶμα
2517 4593 2696 4664 μόνον,
2723 4593 2861 4647 ἀλλὰ
2893 4598 2986 4648 καὶ
3041 4594 3269 4665 φρένας,
3308 4597 3509 4660 αὐταῖς
3563 4590 3856 4648 ἀποδίδωσιν.

2320 4687 2382 4739 οὐ
2440 4686 2656 4757 μητέρα
2710 4685 2870 4755 μόνον
2904 4685 2997 4738 ἐπὶ
3032 4685 3208 4757 τέκνῳ
3236 4686 3418 4752 δείξας
3446 4680 3857 4756 εὐφραινομένην,

2321 4775 2458 4829 ἀλλὰ
2492 4775 2695 4846 πολλῷι
2720 4775 2818 4829 καὶ
2863 4774 2961 4847 τὴν
3014 4774 3208 4828 ἑαυτοῦ
3288 4775 3513 4847 μητέρα
3578 4772 3762 4844 μᾶλλον
3792 4764 3857 4817 ἐπὶ

2319 4866 2494 4937 τούτῳ
2546 4866 2974 4936 σεμνυνομένην,
3007 4866 3089 4920 ὅτι
3123 4864 3202 4935 τῷ
3229 4866 3415 4936 μήτηρ
3452 4863 3601 4934 αὑτὴ
3625 4858 3857 4931 γενέσθαι.

2327 4960 2498 5031 μητρὶ
2527 4960 2805 5031 σωτηρίαν
2837 4960 3030 5024 παιδὸς
3055 4960 3368 5032 χαρίζεται.

2392 5050 2499 5116 πζ.
2549 5051 2699 5121 Κόρη
2738 5068 2824 5113 τις
2870 5051 3142 5123 παρθένος
3190 5051 3311 5122 διχῇ
3350 5050 3659 5119 πέπληκκ.

2319 5143 2535 5213 δαίμονι
2588 5143 2684 5197 καὶ
2729 5130 2894 5196 πάθει
2921 5143 3110 5206 ποδός·
3151 5132 3257 5214 όρξᾷ
3283 5142 3584 5213 τοιγαροῦν
3612 5142 3700 5193 τὸν
3716 5137 3854 5198 Ἀγιδν

2319 5234 2474 5305 ὄναρ,
2497 5233 2699 5303 ἔνδυμα
2731 5234 2846 5301 φῶς
2871 5233 3199 5303 αὐτόχρημα
3233 5233 3653 5301 περικείμενον,
3686 5219 3853 5293 ξιφίδιῶ

2319 5344 2378 5380 τε
2411 5326 2501 5380 διὰ
2535 5325 2719 5396 χειρὸς
2764 5325 2980 5394 ἔχοντα,
3007 5326 3101 5377 καὶ
3142 5324 3205 5377 τὸ
3235 5326 3333 5394 μὲν
3355 5323 3438 5393 τῷ
3490 5323 3620 5375 ποδὶ
3659 5315 3850 5373 καθάπερ

2319 5420 2548 5485 ἐπάγειν
2608 5418 2891 5488 μέλλοντα.
2945 5417 3203 5487 Πρόσεισι
3251 5415 3454 5480 τοίνυν,
3483 5408 3569 5476 οἷς
3603 5409 3733 5465 κατὰ
3766 5401 3851 5457 τοὺς

2321 5508 2523 5570 ὕπνους
2553 5508 2653 5563 ίδοι
2683 5508 3036 5574 πιστεύουσα,
3059 5509 3141 5563 ὅτι
3164 5509 3295 5578 παρ’
3312 5506 3485 5561 αὑτοῦ
3516 5506 3613 5559 καί⁵
3638 5504 3729 5572 τὴν

2320 5604 2610 5672 κομιεῖται.
2657 5602 2715 5661 '0
2756 5602 2813 5656 δὲ
2844 5601 2906 5655 τὺ
2934 5600 3029 5655 τοῦ
3063 5600 3303 5672 Χριστοῦ
3342 5600 3593 5662 καλέσας
3616 5598 3849 5685 Mli-0.3?

2321 5708 2378 5745 τε
2410 5690 2504 5744 τοῦ
2546 5690 2781 5762 σταυροῦ
2809 5690 2966 5761 τύπῳ
2988 5691 3172 5762 τρίτον
3199 5690 3363 5761 αὐτὴν
3391 5685 3792 5759 διασφραγίεας.
3810 5692 3845 5724 ⁸⁵
