4034 6186
663 256 798 322 807-1

1877 271 1939 332 S.
1977 271 2274 334 SYMEON
2285 273 2353 334 IS
2390 273 2778 340 JUNIORIS‘

3707 304 3812 368 3972

667 369 874 426 virtute
901 371 1018 426 haec
1047 378 1226 441 patro.
1250 373 1356 430 Sed
1380 392 1502 447 qua:
1526 392 1625 432 vos
1652 377 1708 434 in
1727 379 1893 434 corde
1911 381 1977 436 de
2003 397 2090 438 m3
2112 397 2210 452 per

2284 385 2318 444 Α
2347 383 2476 454 ὑμῖν
2539 388 2619 450 εἰς
2667 387 2896 460 καρδίαν
2927 391 3058 462 περὶ
3089 391 3244 464 ἐμοῦ,
3277 397 3418 464 ἵλεως
3461 401 3572 472 ὑμῖν
3595 407 3666 478 εἴη
3683 411 3810 476 θεός·

665 477 854 531 peram
898 463 1202 534 cogitastis,
1245 468 1520 536 propitius
1565 467 1722 522 vobis
1766 467 2011 538 ignoscat
2061 471 2237 537 Deus;

665 551 934 608 adversus
983 553 1163 626 ipsum
1199 557 1346 611 enim
1378 558 1670 627 aperuistis
1717 574 1780 614 os
1813 569 2077 626 vestrum,
2129 577 2238 616 non

663 644 955 700 adversum
990 662 1110 712 me;
1151 648 1434 703 Altissimo
1465 649 1722 720 injuriam
1762 650 2112 722 irrogastlsin
2137 651 2240 705 ini-

661 735 874 801 quitate
921 748 1102 791 vestra
1150 738 1576 808 cogitationibus
1624 749 1682 796 et
1709 741 1914 796 verbis.
1961 741 2042 796 Ex
2088 741 2240 798 hisce

661 838 794 879 vero
818 825 992 880 sancti
1015 825 1179 882 dictis
1203 835 1416 882 tantum
1431 829 1796 884 emolumenti
1820 839 2086 900 ceperunt
2105 832 2240 888 ﬁde-

659 913 762 978 les,
791 923 998 984 quanto
1047 915 1298 973 inﬁdeles
1342 919 1554 988 pudore
1579 919 1772 975 suffusi
1806 929 1954 977 sunt.

729 1001 822 1057 90.
853 1003 1028 1074 Pagus
1062 1015 1201 1070 erat,
1251 1006 1455 1063 Severa
1501 1009 1704 1074 dictus,
1733 1011 1826 1066 ubi
1863 1011 1920 1065 in
1970 1011 2236 1082 praecipiti

659 1102 1048 1163 praeruptoque
1077 1095 1231 1163 juxta
1253 1096 1400 1151 viam
1431 1097 1551 1152 loco
1573 1098 1739 1167 pinus
1761 1108 2076 1156 excreverat
2106 1117 2235 1156 :ac-

660 1181 802 1234 cidit
832 1182 1142 1251 aliquando
1157 1191 1216 1237 ut
1237 1185 1360 1254 pagi
1391 1184 1588 1240 incolae
1609 1188 1856 1240 nonnulli
1893 1189 1994 1242 sub
2021 1189 2235 1245 arboris

659 1269 855 1324 umbra
888 1271 1260 1338 considerent,
1298 1281 1462 1343 atque
1499 1291 1644 1329 unus
1670 1292 1702 1330 e
1730 1291 1982 1341 numero,
2011 1279 2233 1334 nomine

657 1359 914 1425 Jacobus,
935 1361 1082 1416 illam
1104 1363 1362 1432 cupidine
1384 1364 1662 1420 fructuum
1681 1369 2082 1437 carpendorum
2103 1385 2236 1425 con-

657 1449 968 1506 scenderet.
1001 1451 1158 1516 Quod
1184 1453 1314 1506 dum
1340 1454 1472 1524 agit,
1497 1457 1768 1526 conspicit
1793 1457 1932 1512 duos
1955 1459 2234 1516 daemones

656 1539 726 1592 ad
759 1553 817 1593 se
851 1549 1228 1609 properantes,
1259 1553 1650 1615 arreptumque
1695 1546 1930 1616 pedibus
1969 1549 2024 1603 in
2043 1550 2230 1622 subje-

653 1638 804 1682 ctum
837 1630 1196 1700 praecipitium
1219 1634 1510 1704 jactantes,
1543 1638 1699 1708 cujus
1725 1638 1885 1693 simul
1911 1647 1967 1694 et
2015 1640 2228 1698 arboris

652 1717 886 1771 altitudo
905 1720 1252 1788 septuaginta
1274 1721 1386 1776 lere
1415 1725 1616 1792 pedum
1643 1733 1784 1780 erat.
1807 1727 1946 1780 Dum
1972 1727 2138 1798 igitur
2165 1715 2300 1784 in:B

649 1815 955 1860 extremum
975 1809 1170 1877 capitis
1191 1809 1488 1865 discrimen
1509 1829 1566 1867 se
1585 1813 1712 1868 ferri
1737 1817 1926 1882 sentit,
1942 1833 2045 1872 nec
2059 1819 2222 1873 saluti

650 1894 952 1965 desperata:
968 1899 1128 1952 aliter
1145 1903 1396 1954 succurri
1420 1914 1625 1971 posset,
1646 1921 1808 1975 quam
1831 1917 2010 1976 potest
2034 1911 2225 1967 claris-

648 1987 785 2042 sima
799 2004 929 2042 voce
945 2000 1250 2060 promptam
1275 2008 1496 2063 semper
1525 2011 1706 2065 opem,
1741 1996 2220 2072 inexpugnabilem

645 2081 903 2135 virtutem
926 2122 940 2146 ,
973 2097 1082 2135 non
1118 2084 1470 2140 imminutam
1500 2089 1730 2158 gratiam
1755 2131 1768 2154 ,
1811 2091 2078 2148 famulum
2121 2095 2218 2150 Dei

645 2171 968 2240 Symeonem
1001 2173 1276 2230 inclamat.
1332 2177 1471 2232 Ecce
1507 2188 1690 2235 autem
1741 2181 2070 2240 inclamatus
2127 2185 2218 2241 ille

642 2253 901 2346 supponit
924 2265 1130 2320 labenti
1161 2283 1378 2334 manus,
1421 2272 1596 2342 iisque
1625 2277 1841 2346 supinis
1869 2279 2022 2333 illum
2068 2281 2216 2335 exci-

641 2351 741 2420 pit,
770 2361 826 2406 et
847 2365 1094 2409 erectum
1120 2357 1274 2412 humi
1306 2359 1551 2430 deponit.
1581 2365 1790 2422 Deinde
1825 2385 2043 2424 rursum
2065 2371 2215 2427 videt

641 2451 844 2496 terram
887 2443 963 2498 ita
1014 2445 1200 2502 diduci
1235 2459 1296 2504 ut
1329 2451 1444 2520 ipsa
1476 2455 1868 2527 detegerentur
1883 2460 2212 2518 fundamen-

641 2539 726 2598 ta;
759 2533 908 2588 videt
935 2543 991 2590 et
1014 2545 1264 2592 sanctum
1289 2543 1465 2612 cippis
1507 2545 1786 2605 daemones
1837 2553 2210 2610 includentem

636 2629 693 2674 et
723 2621 779 2676 in
804 2624 1061 2696 abyssum
1087 2627 1431 2698 ablegantem
1458 2653 1472 2700 ;
1529 2653 1594 2692 ac
1651 2640 1838 2696 denuo
1895 2656 2121 2712 terram,
2149 2659 2212 2704 ut

637 2709 797 2766 initio
817 2713 1018 2782 fuerat,
1061 2729 1372 2776 coeuntem.
1399 2725 1518 2791 Quo
1551 2737 1816 2800 tempore,
1848 2709 2210 2796 tantismira-

637 2803 778 2858 culis
799 2815 965 2876 atque
994 2813 1230 2868 ostentis
1257 2827 1572 2884 praeventus
1593 2822 1698 2876 fuit
1718 2823 1992 2893 Jacobus,
2011 2833 2206 2888 eodem

637 2893 890 2964 Symeon,
924 2915 1045 2968 qua:
1087 2903 1232 2958 circa
1271 2905 1447 2975 ipsum
1479 2909 1664 2966 divina
1707 2917 1912 2974 virtute
1951 2923 2207 2994 contige-

635 2994 778 3050 rant,
812 2986 1078 3070 fratribus
1111 2994 1226 3049 suis
1290 3001 1501 3054 retulit.
1545 3001 1798 3060 Nondum
1850 3019 2034 3066 autem
2081 2986 2203 3070 ser-

635 3076 782 3129 inoni
818 3065 980 3133 ﬁnem
1013 3082 1370 3154 imposuerat,
1396 3105 1520 3145 cum
1551 3079 1716 3148 vicini
1744 3099 1967 3166 quidam
1990 3104 2201 3170 Jacobi,

633 3168 833 3234 gaudio
856 3178 1024 3240 atque
1052 3175 1418 3235 admiratione
1443 3183 1592 3252 pleni
1632 3173 1953 3258 acctirruni,
1992 3168 2203 3267 accepti

632 3255 884 3314 beneﬁcii
913 3263 1142 3330 gratiam
1183 3269 1534 3338 conﬁtentes,
1595 3287 1654 3331 et
1689 3297 1810 3348 qine
1865 3255 2005 3340 facta
2046 3255 2204 3344 erant

631 3345 805 3414 palam
837 3353 1250 3411 annuntiantes.
1706 3345 1722 3348 _
1931 3367 1934 3370 ’

696 3615 784 3671 91.
815 3617 1092 3688 Leprosus
1115 3623 1338 3691 quidam
1380 3631 1616 3684 accessit
1643 3643 1854 3700 sancto,
1885 3650 1961 3703 et,
1985 3656 2052 3694 ne
2075 3644 2201 3712 quis

625 3709 878 3764 amentia:
911 3725 1011 3765 nos
1039 3722 1252 3783 arguat,
1279 3715 1496 3782 iisdem,
1545 3723 1748 3790 quibus
1777 3727 1907 3781 olim
1947 3709 2201 3801 leprosus

625 3800 716 3854 ille
745 3799 814 3854 ad
837 3799 1142 3868 Christum,
1171 3805 1240 3859 ad
1264 3807 1422 3864 hunc
1453 3813 1637 3868 verbis
1664 3831 1796 3872 usus
1821 3829 1906 3874 est
1964 3799 2156 3878 dicens
2181 3843 2194 3880 :

625 3889 680 3944 Si
714 3890 816 3958 vis,
849 3903 1005 3961 potes
1027 3909 1114 3950 me
1139 3898 1407 3954 mundare
1446 3901 1506 3956 ¹⁶.
1542 3903 1612 3957 Ει
1653 3918 1879 3966 sanctus
1919 3914 2036 3982 pari
2069 3931 2193 3970 cum

619 3981 839 4037 fervore
865 3999 928 4038 ac
951 3983 1079 4049 ﬁde,
1103 4001 1270 4055 quam
1309 3989 1366 4043 in
1396 3989 1492 4045 illo
1517 3995 1794 4066 praecipue
1849 3981 2189 4072 respexerat,

618 4073 792 4129 fretus
813 4075 1065 4142 Domino,
1094 4079 1188 4148 qui
1223 4081 1406 4136 omnia
1436 4085 1684 4140 credenti
1717 4092 2004 4160 possibilia
2064 4112 2188 4154 esse

617 4166 969 4222 enuntiavit:
1013 4169 1170 4235 Volo,
1200 4172 1401 4242 inquit,
1437 4183 1488 4229 te
1530 4169 1829 4237 mundari:
1877 4201 2068 4242 verum
2105 4189 2190 4246 fac

616 4256 839 4311 domum
865 4257 1051 4320 abeas,
1087 4269 1142 4313 et
1174 4261 1442 4333 benignus
1471 4267 1634 4333 Deus,
1665 4271 1760 4339 qui
1795 4284 1984 4331 nostra
2022 4295 2186 4338 causa

614 4361 646 4401 c
669 4361 834 4401 cruce
863 4349 1124 4418 suspendi
1157 4351 1414 4422 dignatus
1437 4365 1542 4424 est,
1572 4358 1689 4427 ipse
1714 4377 1813 4431 per
1859 4364 2184 4426 immensam
2215 4393 2267 4452 D

613 4437 916 4494 bonitatem
945 4449 1090 4495 tuam
1133 4451 1185 4497 te
1221 4443 1442 4502 inviset.
1480 4449 1651 4507 Dictis
1700 4453 1864 4511 ﬁdem
1915 4459 2186 4520 adhibens
2215 4437 2263 4452 υ

607 4530 884 4606 leprosus,
911 4533 1134 4590 domum
1168 4537 1333 4605 redit,
1357 4551 1520 4612 atque
1545 4544 1634 4599 illa
1662 4561 1826 4604 nocte
1876 4549 2020 4622 (quae
2082 4555 2188 4611 lin-

607 4641 712 4696 gua
736 4623 1172 4682 misericordiam
1207 4635 1356 4684 tuam
1392 4635 1704 4701 annuntiet,
1737 4638 1967 4697 Domine
2015 4644 2181 4712 Deus,

605 4732 702 4770 rex
741 4717 992 4788 noster?)
1039 4719 1312 4789 conspicit
1347 4722 1604 4792 juvenem
1658 4730 1954 4797 quemdam
1999 4736 2183 4805 specie

603 4807 854 4878 fulgenti,
893 4807 1204 4865 dicentem:
1247 4812 1317 4868 Ut
1358 4815 1668 4884 credidisti,
1715 4819 1811 4876 ﬁat
1866 4823 1988 4878 tibi.
2044 4826 2177 4893 Quae

601 4898 772 4953 verba
803 4915 1054 4955 somnum
1075 4915 1436 4960 excusserunt
1469 4907 1701 4978 homini,
1725 4921 1781 4968 et
1831 4930 1956 4971 cum
1983 4935 2179 4977 somno

601 4988 848 5059 lcpram;
891 5001 950 5048 et
981 5003 1129 5051 totus
1183 4999 1483 5056 mundatus
1523 5002 1650 5069 fuit,
1694 5021 1874 5076 praeco
1917 5013 2178 5081 potentiae

600 5077 800 5134 divinae
845 5097 904 5136 re
947 5086 1133 5152 potius
1209 5104 1372 5158 quam
1437 5093 1623 5148 verbis
1675 5095 1870 5153 iactus.
1917 5077 2174 5174 Dumque

601 5169 750 5234 quod
782 5172 1119 5232 retribueret
1149 5193 1258 5232 non
1283 5179 1534 5249 haberet,
1587 5188 1984 5256 gratitudinem
2007 5169 2176 5252 animi

597 5258 882 5328 exhibuit;
931 5275 1268 5337 acceptoque
1312 5286 1538 5328 nummo
1577 5290 1770 5342 aureo,
1819 5281 2056 5337 recurrit
2106 5285 2173 5339 ad

599 5361 881 5422 sanctum;
909 5371 1040 5423 non,
1077 5367 1137 5413 ut
1175 5363 1351 5431 prius,
1410 5366 1562 5420 sanie
1609 5367 1868 5427 difﬂuens
1909 5389 1973 5428 ac
2022 5375 2174 5446 lepra

601 5443 1037 5516 contabescens,
1107 5452 1204 5506 sed
1253 5453 1600 5514 reviviscenti
1686 5443 2174 5538 reﬁorescentique

665 5621 708 5652 "
753 5622 938 5678 Matth.
977 5645 1085 5694 vm,
1134 5631 1186 5682 ‘2.

2341 475 2420 538 είς
2467 476 2674 529 ἐκεῖνον
2727 479 2837 547 γὰρ
2891 479 3078 534 ἔθεσθε
3139 483 3200 536 τὸ
3257 487 3418 556 στόμα
3465 491 3593 560 ὑμῶν
3628 475 3702 550 καὶ
3741 503 3812 555 οὐκ

2339 564 2422 626 είς
2475 565 2596 634 ἐμὲ,
2641 566 2859 621 ἀδικίαν
2923 571 3002 634 είς
3047 573 3109 625 τὸ
3155 571 3286 642 ὕψος
3323 578 3376 630 ὲν
3407 584 3612 655 πονηρίᾳ
3647 587 3812 660 διανοη.

2340 653 2526 719 θέντες
2563 674 2624 710 τε
2669 653 2764 712 καὶ
2806 659 3160 729 λαλήσαντες.
3204 663 3381 722 Ταῦτα
3421 676 3550 740 παρὰ
3583 653 3658 730 τοῦ
3693 653 3814 751 ἁγίου

2338 744 2630 814 λεγόμενα,
2659 751 2930 820 τοσαύτης
2959 753 3057 815 τὰς
3081 753 3190 808 τῶν
3215 759 3412 814 πιστῶν
3437 763 3593 834 ψυχὰς
3610 769 3815 838 dissim;

2337 836 2604 908 ἐπλήρου,
2633 839 2734 912 ὅση
2761 843 2860 910 τὰς
2883 845 2992 900 τῶν
3029 847 3274 903 ἀπίστων
3307 852 3450 923 ὄψεις
3477 836 3723 918 ἐκάλυπτεν
3751 836 3816 920 ἐνζ

2338 927 2540 998 τροπή.

2411 1019 2682 1093 ιι’.Κὼμη
2734 1040 2820 1088 τις
2869 1020 2937 1096 ἦν
2987 1028 3296 1101 καλουμένη
3351 1037 3565 1106 Σενήρα,
3595 1045 3810 1113 στρόϐιλος

2335 1107 2408 1210 δὲ⁴
2425 1110 2545 1164 κατ’
2571 1111 2744 1183 αὐτὴν
2767 1116 2859 1170 ὲπί
2891 1136 3036 1183 τινος
3057 1124 3304 1194 κρημνοῦ
3340 1129 3561 1197 μεγάλου
3584 1107 3663 1186 καί
3685 1107 3816 1210 ἀπορλ

2337 1195 2516 1292 ρξὒγος
2552 1204 2618 1274 τῇ
2646 1203 2751 1275 6δῷ
2778 1211 3180 1280 παρεπεφύκει.
3217 1195 3428 1288 Ἔτυχεν
3461 1221 3551 1290 μὲν
3577 1223 3656 1276 οὖν
3680 1195 3821 1292 καθέλ-

2336 1288 2462 1343 σθαί
2485 1309 2618 1346 ποτε
2648 1295 2758 1348 τῶν
2783 1297 2848 1351 ὲκ
2876 1299 2976 1370 τῆς
3003 1300 3198 1374 κώμης
3225 1305 3374 1370 τινας
3423 1288 3518 1363 ὑπὸ
3547 1315 3603 1384 τῇ
3631 1315 3705 1368 τοῦ
3731 1288 3818 1370 διὸ-

2333 1377 2460 1449 δρου
2495 1385 2624 1455 σκιᾷ
2649 1402 2663 1416 ·
2703 1386 2799 1440 ἕνα
2831 1388 2886 1442 δὲ
2913 1391 3116 1446 τούτων
3161 1395 3412 1452 Ἰάκωϐον
3491 1377 3822 1472 δνομα,ὲττιθυι

2335 1471 2435 1544 μίᾳ
2465 1473 2573 1528 τῶν
2609 1477 2674 1530 ἐκ
2703 1479 2796 1533 τοῦ
2827 1481 3042 1552 δένδρου
3075 1486 3326 1555 καρπῶν,
3347 1491 3430 1542 ἐπ’
3453 1471 3818 1566 αὑτδάνασῆναι.

2344 1563 2476 1636 Ὁρᾷ
2505 1566 2683 1624 τοίνυν
2711 1571 2804 1624 δύο
2823 1572 3085 1642 δαίμονας
3113 1577 3200 1630 ἐπ’
3235 1579 3394 1633 αὑτὸν
3433 1583 3701 1649 ἐλθόνταςὸ
3727 1563 3821 1642 ⁷⁸Ιά-

2331 1655 2506 1719 κωῦος
2535 1651 2710 1725 οὗτος,
2743 1662 2852 1716 τῶν
2881 1681 2937 1717 τε
2967 1667 3146 1721 ποδῶν
3173 1669 3500 1742 λαϐομὲνους
3527 1716 3540 1738 ,
3567 1677 3648 1729 καὶ
3680 1678 3820 1732 τοῦτον

2331 1746 2471 1800 κατὰ
2497 1749 2589 1802 τοῦ
2623 1753 2870 1823 κρημνοῦ
2903 1757 3187 1826 ῥίψαντας.
3221 1763 3296 1816 Τὸ
3325 1764 3421 1833 μὲν
3445 1763 3532 1818 οὖν
3545 1768 3626 1820 τοῦ
3649 1769 3817 1840 δένδρου

2324 1839 2417 1892 καὶ
2453 1841 2545 1894 τοῦ
2579 1845 2824 1914 κρημνοῦ
2857 1845 2988 1916 ὕψος
3041 1851 3170 1922 περὶ
3205 1855 3334 1917 τοὺς
3377 1855 3706 1928 ἐϐδομήκοντα

2319 1928 2415 1993 δας
2442 1927 2530 2001 ἦν’
2561 1934 2588 1986 ὁ
2625 1934 2680 1986 δὲ
2718 1937 2799 2000 εἰς
2829 1937 3056 2008 ἔσχατον
3111 1943 3358 1998 κινδύνου
3400 1949 3666 2019 φερόμενον
3714 1951 3820 2020 ὀρῶν

2321 2022 2532 2088 ἑαυτὸν,
2576 2026 2673 2079 καὶ
2739 2030 2863 2098 μηδ’
2895 2031 3070 2085 ὁτιοῦν
3120 2035 3180 2087 ὲν
3221 2036 3392 2100 οὕτως
3424 2039 3663 2112 ἀμηχάνῳ
3701 2041 3818 2110 κακῷ

2317 2112 2513 2184 δρᾶσαι
2541 2116 2860 2187 δυνάμενος,
2891 2125 3044 2194 φωνῇ
3078 2124 3152 2190 ὡς
3201 2123 3320 2198 εἶχε
3355 2131 3574 2202 μεγάλῃ,
3599 2133 3682 2202 τὴν
3711 2133 3818 2185 ἑτοί-

2321 2221 2426 2276 μην
2483 2205 2754 2278 βοήθειαν,
2791 2211 2889 2281 τὴν
2945 2215 3158 2285 ἄμαχον
3199 2217 3450 2290 δύναμιν,
3483 2223 3573 2291 τὴν
3596 2225 3648 2276 οὐ
3668 2223 3816 2296 βραδύ-

2316 2317 2510 2354 νουσαν
2537 2301 2715 2373 χάριν,
2749 2304 2840 2358 τὸν
2865 2307 2959 2372 τοῦ
2985 2308 3120 2362 Θεοῦ
3166 2311 3470 2383 θεράποντα
3495 2315 3692 2386 Συμεὼν
3721 2319 3817 2370 ἑπε-

2316 2392 2548 2446 καλεῖτο.
2585 2394 2692 2448 Καὶ
2721 2396 2851 2463 ἰδοὺ,
2879 2401 3068 2470 χεῖρας
3095 2403 3324 2474 ὑπέχων
3351 2409 3559 2472 ἐκεῖνος,
3597 2410 3676 2460 καὶ
3720 2408 3816 2460 ταῦ·

2314 2501 2434 2546 ταις
2480 2484 2641 2539 αὐτὸν
2685 2489 2904 2554 ὑπτίαις
2959 2491 3279 2563 δεξάμενος,
3305 2499 3397 2552 καὶ
3433 2499 3598 2570 ὄρθιον
3640 2500 3816 2570 στήσας.

2314 2569 2446 2626 Εἶτα
2469 2573 2628 2628 πάλιν
2657 2576 2757 2648 ὁρᾷ
2785 2579 2884 2650 τὴν
2904 2581 3008 2650 γῆν
3033 2581 3176 2637 οὕτω
3213 2584 3550 2656 διασχοῦσαν,
3573 2589 3640 2651 ὡς
3663 2592 3819 2642 ἀντικα-

2307 2657 2572 2732 λυφθῆναι
2630 2662 2728 2718 καὶ
2841 2667 2908 2722 τὰ
2961 2669 3190 2740 θεμέλια
3249 2675 3468 2746 ταύτης,
3500 2677 3643 2731 κλοιά
3681 2694 3726 2730 τε
3750 2675 3818 2728 τὸν

2314 2752 2505 2820 Ἀγιον
2531 2759 2640 2818 τοῖς
2663 2757 2881 2828 δαίμοσι
2914 2764 3234 2832 περιθέντα,
3264 2771 3404 2822 κατὰ
3429 2769 3522 2840 τῆς
3553 2770 3754 2824 ἀϐύσσου
3773 2786 3818 2822 τε

2311 2846 2510 2909 αὐτοὺς
2547 2843 2768 2916 ἀφέντα,
2801 2851 2896 2905 καὶ
2945 2853 3041 2925 τὴν
3092 2861 3196 2928 γῆν
3249 2860 3404 2925 αὖθις
3432 2861 3506 2924 ὡς
3528 2863 3584 2914 τδ
3613 2860 3817 2930 dir-1915,;

2312 2937 2687 2995 συνελθοῦσαν.
2735 2941 2792 2995 '0
2823 2943 2922 3014 μὲν
2963 2946 3058 3012 οὖν
3100 2949 3361 3015 Ἰάκωϐος
3399 2953 3634 3006 τοιούτων
3665 2951 3818 3020 ἠξίωτο

2233 3050 2276 3108 C
2311 3026 2600 3100 θαυμάτων
2635 3032 2749 3102 ἅμα
2797 3037 2889 3088 καὶ
2913 3038 3202 3108 θεαμάτων
3217 3059 3244 3082 -·
3280 3045 3338 3098 ὲν
3367 3044 3592 3112 τοσούτῳ
3617 3043 3665 3096 δὲ
3701 3043 3818 3094 καὶὸ

2311 3120 2532 3189 Συμεὼν
2565 3122 2630 3174 τὰ
2679 3123 2758 3186 είς
2795 3126 3000 3182 ἐκεῖνον
3029 3129 3154 3201 θείᾳ
3191 3133 3420 3205 δυνάμει
3453 3136 3694 3206 γενόμενα
3716 3133 3818 3202 πρὸς

2307 3208 2404 3278 τὴν
2437 3211 2770 3283 ἀδελφότητα
2824 3215 3043 3287 διεξῄει.
3091 3221 3264 3276 Οὔπω
3318 3225 3466 3286 τέλος
3499 3213 3634 3294 αὐτῷ
3657 3217 3818 3290 εἶχενὸ

2305 3302 2480 3370 λόγος,
2521 3304 2612 3356 καὶ
2631 3306 2983 3373 ἀςικνοῦνταί
3008 3329 3151 3376 τινες
3179 3315 3294 3370 τῶν
3319 3313 3683 3386 πλησιοχώρων
3701 3311 3816 3382 αὐτῷ

2261 3437 2270 3444 .
2316 3393 2576 3467 Ἰακώϐῳ,
2603 3397 2880 3469 θαύματος
2925 3407 3115 3472 μεστοὶ
3158 3410 3265 3473 τὰς
3311 3411 3506 3482 ψυχὰς,
3530 3412 3730 3483 χάριτάς
3771 3422 3815 3457 τε

2301 3485 2566 3557 τοσαύτης
2591 3489 2908 3558 εὐεργεσίας
2937 3496 3358 3567 ὁμολογοῦντες,
3401 3505 3492 3556 καὶ
3545 3503 3713 3572 σαφεῖς
3737 3499 3818 3552 τῶν

2301 3577 2684 3648 γεγενημένων
2709 3581 2953 3650 ἄγγελοι.

2372 3669 2480 3732 ιιαν.
2511 3669 2792 3742 Προσῆλθὲ
2819 3693 2922 3739 τιςκ
2956 3678 3032 3749 τῷ
3072 3680 3245 3752 Ἀγίῳ
3293 3685 3512 3751 λεπρὸς.
3545 3685 3628 3738 καὶ
3649 3683 3730 3752 (μή
3757 3697 3818 3742 τις

2300 3757 2332 3824 ἡ
2343 3759 2449 3824 μᾶς
2475 3759 2779 3832 ὲπιτιμάτω
2812 3767 2909 3836 τῆς
2937 3769 3221 3844 ἀπονοίας)
3251 3775 3330 3840 ὥς
3356 3793 3487 3830 ποτε
3517 3778 3603 3829 καὶ
3639 3773 3705 3843 τῷ
3735 3775 3813 3839 Ἰη-

2301 3845 2518 3906 σοῦ,τὰ
2567 3851 2706 3906 αὐτά
2757 3870 2816 3905 τε
2871 3855 3246 3929 φθεγγόμενος
3283 3865 3502 3936 ἐκείνῳ,
3537 3863 3650 3917 Ἐὰν
3673 3860 3812 3931 θέλῃς.

2295 3933 2520 3990 δύνασαί
2572 3955 2640 4006 με
2689 3942 3006 4014 καθαρίσαι,
3039 3949 3135 4002 καὶ
3188 3953 3331 4020 μετὰ
3361 3933 3462 4022 τῆς
3518 3955 3630 4024 ίσης
3651 3951 3814 4020 θέρμης

2295 4027 2388 4080 καὶ
2421 4028 2674 4094 πίστεως.
2711 4034 2854 4103 Πρὸς
2893 4035 2949 4088 ὃν
2979 4039 3006 4091 6
3041 4039 3132 4092 τοῦ
3185 4043 3324 4097 Θεοῦ
3377 4045 3558 4108 δοῦλος
3611 4041 3737 4101 ἰδὼν.
3761 4037 3816 4106 τῷ

2292 4132 2352 4168 τε
2411 4119 2596 4190 οἰκείῳ
2623 4123 2912 4196 Asander],
2945 4125 3148 4181 δυνατὰ
3195 4132 3277 4200 τῷ
3343 4133 3642 4187 πιστεύοντι
3679 4131 3814 4184 πάντα

2290 4207 3019 4283 είπόντι,θαρρήσας,Θέλω,
3048 4221 3205 4290 φησὶ,
3239 4223 3629 4295 καθαρισθῆναί
3647 4239 3716 4286 σε,
3735 4219 3814 4274 ἀλλ’

2289 4294 2408 4367 ὥρα
2430 4315 2510 4351 σοι
2541 4299 2723 4354 λοιπὸν
2747 4303 2934 4358 οἴκαδε
2967 4307 3258 4374 ἀπελθεῖν,
3303 4294 3406 4366 καὶ
3435 4316 3482 4367 ὁ-
3509 4313 3692 4381 ἀγαθὸς
3721 4309 3816 4367 Θεὸς

2297 4405 2418 4457 μου,
2445 4391 2471 4442 ὁ
2501 4392 2592 4444 καὶ
2623 4393 2842 4465 σταυρῷ
2873 4399 3260 4470 κρεμασθῆναι
3295 4403 3364 4456 δι’
3399 4405 3542 4474 ἡμᾶς
3593 4402 3682 4456 οὐκ
3711 4401 3816 4454 ἀπα·

2617 4485 2706 4550 τός
2763 4503 2822 4539 σε
2875 4491 2966 4558 τῇ,
2993 4492 3204 4563 μεγάλῃ
3231 4495 3526 4567 ἐπισκοπῇ
3545 4495 3637 4564 τῆς
3656 4491 3816 4548 οἰκείας

2285 4573 2653 4644 χρηστότητος
2683 4578 3062 4646 ἐπισκέψεται.
3095 4583 3321 4648 Τούτοις
3345 4588 3374 4637 ὁ
3403 4587 3597 4656 λεπρδς
3637 4579 3815 4636 πιστεύ-

2289 4675 2406 4723 σας,
2437 4662 2718 4718 ἐπάνεισιν
2760 4667 2838 4744 είς
2851 4669 2940 4724 τὸν
2954 4667 3101 4726 οἷκον
3123 4674 3250 4726 ’καὶ
3279 4676 3382 4744 τῆς
3417 4676 3608 4739 νυκτὸς
3649 4671 3818 4734 ἐκείνης

2283 4751 2436 4822 (ποία
2486 4753 2726 4822 γλῶσσα,
2775 4759 2978 4830 Χριστὲ
3016 4762 3264 4832 βασιλεῦ,
3295 4765 3583 4834 ἐξαγγελεῖ
3615 4767 3676 4819 τὰ
3719 4761 3816 4826 ἑλέη

2289 4857 2384 4894 σου
2415 4839 2595 4914 ς),ὁρᾷ
2621 4844 2880 4918 λαμπρόν
2928 4867 3050 4904 τινα
3103 4855 3328 4908 νεανίαν
3361 4858 3424 4912 τὸ
3459 4853 3614 4922 εἶδος,
3641 4854 3814 4908 εἰπόντα

2285 4932 2455 5003 αὐτῷ,
2489 4934 2577 5000 Ὠς
2607 4935 2957 5008 ἐπίστευσας,
2993 4944 3280 5015 γενηθήτω
3317 4964 3426 5002 σοι.
3453 4949 3562 5002 Καὶ
3597 4946 3652 4999 τὸ
3697 4944 3812 5015 ῥῆμα

2283 5023 2374 5077 τὸν
2404 5023 2605 5096 λεπρὺν
2636 5027 2922 5094 διῦπνίςει,
2962 5034 3057 5085 καὶ
3107 5035 3186 5107 τῷ
3237 5035 3402 5110 ὕπνῳ
3458 5031 3810 5106 συναπῆλθενή

2283 5113 2458 5186 λέπρα
2483 5118 2619 5170 ’καὶ
2647 5119 2885 5192 καθαρὸς
2897 5123 3016 5187 ὅλος
3039 5119 3126 5195 ἦν,
3153 5129 3454 5202 πράγμασι
3473 5130 3666 5200 μᾶλλον
3687 5125 3714 5196 ἦ
3743 5121 3810 5194 P‘i‘

2287 5219 2419 5272 μασι
2472 5205 2756 5277 κηρύττων
2785 5209 2885 5274 τὰς
2913 5213 3008 5266 τοῦ
3043 5214 3178 5269 θεοῦ
3235 5218 3586 5285 δυναστείας.
3623 5213 3810 5271 ’Δντεδθο

2285 5294 2572 5350 σινστοίνυν
2609 5297 2814 5365 ἀγαθοῦ
2839 5303 3064 5358 τοσοῦδε
3098 5305 3172 5378 μὴ
3195 5307 3364 5378 ἔχων,
3391 5311 3546 5380 ὅμως
3567 5309 3658 5379 τῆς
3675 5299 3808 5376 tif-llis?

2278 5383 2495 5450 δεικνὺς
2547 5389 2647 5463 τὴν
2675 5390 3118 5468 εὐγνωμοσύνην,
3171 5402 3418 5470 χρυσίον,
3450 5402 3658 5466 λασὼν,,
3691 5391 3808 5464 φοιτᾷ

2279 5479 2428 5548 παρὰ
2484 5479 2574 5532 τὸν
2630 5481 2822 5552 Ἀγιον
2879 5483 3034 5554 αὖθις
3063 5531 3088 5555 ,.
3135 5491 3230 5562 οὐχ
3287 5493 3368 5557 ὡς
3425 5493 3614 5566 πρώην
3661 5486 3804 5559 ῖχῶρπ
