4034 6186
259 249 396 312 3ὓ73

1259 252 1432 310 VlTA
1477 254 1517 310 Λ
1565 251 1998 312 NICEPIIORO
2035 253 2516 319 CONSCRIPTA.

3359 258 3497 322 307i

259 367 393 430 ζέων
424 365 515 418 καὶ
555 364 736 436 λέπρᾳ
775 363 1163 432 κατεσκληκώς
1192 405 1207 427 ,
1239 364 1354 417 ἀλλ’
1380 359 1489 418 οἷον
1529 365 1820 418 ἀναϐεϐιω-

1935 367 2132 421 similis
2158 407 2171 428 ,
2214 369 2491 438 quomodo
2526 384 2625 423 nec
2678 379 2947 440 speratam
2992 371 3211 441 quidem
3267 377 3498 442 adeptus

257 458 368 520 κὼς
393 459 517 529 ἄρτι
545 458 640 511 καὶ
670 457 966 527 ἀναθήλας,
995 458 1141 517 ὅπως
1175 458 1270 526 τῆς
1297 457 1599 528 παραδόξου
1626 457 1830 528 ταύτης

262 550 453 609 ἰάσεως
505 547 692 618 τύχοι,
728 546 912 614 σαφῶς
965 546 1350 616 ἐξηγούμενος.
1421 548 1477 600 '0
1527 549 1582 601 δὲ.
1630 549 1689 601 τὸ
1737 550 1834 618 μὲν

257 639 478 710 χρυσίον
519 638 658 692 κατὰ
706 638 768 690 τὸ
802 637 1030 707 σύνηθες
1053 639 1114 690 ού
1159 641 1506 708 προσήκατο,
1538 639 1652 692 ἀλλ’
1687 642 1835 692 ἀντι-

262 729 480 797 μισθίαν
519 729 708 799 ἱκανὴν
754 728 903 798 αύτῷ
943 729 1078 799 πρὸς
1107 730 1239 781 Θεὸν
1275 727 1494 798 διηνεκῆ
1529 730 1836 800 παραγγέλ-

255 819 338 870 λει
367 817 566 888 μᾶλλον
629 818 999 888 εὐχαριστίαν.
1039 819 1326 880 Ἰουλιανδς
1377 817 1432 869 δὲ
1485 819 1594 872 τῶν
1649 819 1826 890 μαθη-

253 912 363 964 τῶν
401 907 505 974 εἷς,
531 909 655 962 νοῦν
712 909 867 978 ἔσχεν
897 908 1004 962 ἀπὸ
1037 909 1144 962 -τοῦ
1171 909 1396 978 χρυσὶου
1420 909 1602 962 λαϐεῖν
1645 926 1659 940 ’
1689 910 1828 981 ὅπερ

253 1003 346 1056 τὸν
375 1002 515 1054 θεῖον
549 1001 771 1071 Συμεὼν
811 999 1100 1063 τοῖςένδον
1131 1000 1430 1070 ὀφθαλμοῖς
1457 1003 1517 1054 ού
1557 1001 1827 1054 διαλαθόν’

252 1095 320 1146 Εἰ
354 1094 555 1163 βούλει,
577 1094 712 1163 πρὸς
743 1093 834 1146 τὸν
863 1093 1112 1165 μαθητὴν
1135 1095 1262 1162 ἔφη,
1295 1093 1431 1162 μετὰ
1463 1092 1554 1145 τοῦ
1605 1090 1828 1164 χρυσίου

254 1183 352 1236 καὶ
403 1183 501 1253 τὴν
536 1183 745 1254 λέπραν
797 1182 1211 1250 ἀναλαϐεῖν,ιῖ›ς
1240 1183 1401 1250 Γιεζὴ
1449 1181 1544 1236 τοῦ
1575 1181 1826 1251 Ναιεμὰν

199 1339 210 1346 ἰ
252 1276 460 1337 ἐκεῖνος
486 1315 501 1337 ,
535 1273 630 1326 καὶ
677 1274 876 1346 τρόπον
901 1274 1085 1345 ἕτερον
1111 1274 1277 1343 αὐτὴν
1299 1273 1691 1342 ἐξωνήσασθαι,
1727 1272 1823 1324 λα-

253 1365 368 1417 ϐὼν
423 1364 623 1432 μᾶλλον
676 1364 707 1433 ἢ
763 1365 1052 1417 δεδωκὼει
1111 1363 1328 1414 Τούτων
1367 1363 1677 1416 ἀκούσαντα
1735 1363 1825 1414 τὸν

1936 457 2277 512 sanationem
2311 470 2457 512 esset
2520 459 2808 514 manifeste
2847 475 2912 514 ac
2959 464 3133 530 palam
3187 464 3494 533 divulgans.

1936 545 2172 601 Sanctus
2209 563 2340 601 vero
2376 564 2569 601 aurum
2611 565 2762 604 more
2790 566 2890 605 suo
2947 568 3055 605 non
3107 553 3348 618 admisit,
3400 554 3495 607 sed

1932 652 2033 708 pro
2073 639 2514 692 remuneratione
2559 639 2723 710 digna
2783 653 3081 711 perpetuas
3117 644 3240 698 'Deo
3293 645 3498 712 gratias

1931 727 2247 795 persolvere
2273 727 2527 798 injunxit.
2559 727 2810 782 Julianus
2844 746 3010 798 porro
3070 747 3212 786 unus
3259 731 3500 801 discipu-

1932 817 2132 881 lorum,
2163 817 2378 870 induxit
2417 817 2469 870 in
2496 819 2738 872 animuin
2767 821 3015 890 accipere
3059 837 3251 876 aurum
3295 840 3309 874 :
3351 823 3498 890 quod

1941 915 1998 959 ut
2033 907 2280 960 internos
2315 906 2600 976 Symeonis
2618 909 2806 962 oculos
2839 925 2946 962 non
2977 911 3158 975 latuit,
3204 912 3279 963 ait
3332 911 3497 964 disci-

1932 996 2090 1066 pulo:
2125 997 2290 1051 Visne
2323 1013 2448 1052 cum
2494 1013 2629 1052 auro
2669 1000 2831 1053 simul
2864 1008 2920 1054 et
2980 1001 3187 1070 lepram
3223 1004 3492 1070 accipere,

1933 1087 2158 1142 utGiezi
2187 1087 2276 1140 ille
2307 1087 2515 1156 lcpram
2536 1088 2746 1152 Naami,
2778 1097 2833 1141 et
2856 1089 2962 1141 alio
2982 1090 3142 1141 modo
3175 1089 3320 1142 illam
3350 1090 3496 1142 redi-

1932 1192 2080 1231 mere
2099 1219 2112 1242 ,
2139 1176 2275 1231 dans
2303 1177 2488 1246 potius
2503 1192 2665 1246 quam
2701 1177 3014 1246 accipiens?
3043 1179 3138 1232 His
3158 1179 3362 1232 auditis
3386 1193 3493 1230 non

1935 1267 2100 1322 modo
2143 1267 2408 1322 abstinuit
2445 1267 2745 1335 discipulus
2795 1267 2884 1319 ille
2914 1307 2928 1330 ,
2965 1267 3060 1321 sed
3109 1267 3325 1322 veniam
3358 1283 3497 1336 quo-

1933 1376 2040 1428 que
2069 1359 2528 1429 concupiscentiae
2562 1375 2674 1412 suae
2699 1358 2844 1411 illico
2874 1359 3051 1426 petiit,
3083 1369 3137 1413 et
3167 1358 3398 1428 accepit.

258 1461 508 1534 μαθητὴν
538 1459 1193 1534 ούκὰποσχέσθαιμόνον,
1213 1460 1346 1515 ἀλλὰ
1377 1459 1466 1513 καὶ
1496 1457 1826 1532 συγγνώμην
1855 1455 2016 1518 εὐθὺς
2037 1456 2256 1523 αἰτῆσαι
2281 1455 2373 1507 τοῦ
2410 1454 2789 1524 ἐ.θυμήματος
2823 1457 2918 1509 καὶ
2957 1456 3162 1508 λαϐεῖν.

1692 1573 1916 1630 CAPUT
1945 1573 2062 1627 XII.

649 1694 1051 1749 .Monasten’um
1108 1697 1334 1750 monitus
1379 1714 1410 1750 a
1466 1696 1571 1748 Deo
1607 1693 2070 1758 exstruitmquam
2096 1692 2330 1757 impetrat
2382 1706 2444 1742 ac
2487 1690 2774 1742 diutissime
2820 1701 3110 1742 conservat.

329 1813 434 1883 L,,8'.
475 1813 548 1866 Τὸ
585 1812 766 1882 μέντοι
793 1813 938 1883 ὅρος,
969 1813 1027 1866 ἐν
1066 1807 1112 1881 ᾧ
1146 1812 1245 1884 τὴν
1281 1813 1502 1885 ἁγωχὴν
1540 1815 1566 1866 ό
1597 1810 1820 1880 Συμεὼν

1988 1809 2086 1861 '92.
2149 1808 2422 1861 Caeterum
2481 1823 2639 1861 muns
2697 1807 2890 1876 inquo
2952 1810 3184 1879 Symeun
3241 1812 3491 1881 degelat,

239 1907 511 1970 -ὲπωεῖτο,
537 1906 743 1977 ἔρημος
769 1901 836 1977 ἦν
861 1907 1122 1976 ἀτεχνῶς,
1152 1907 1250 1976 οὐχ
1280 1905 1499 1968 ὓδατος,
1523 1907 1639 1985 ,οὐκ
1668 1904 1827 1957 ἄλλου

235 2000 394 2070 -πρὸς
426 1998 492 2051 τὰ
525 1998 796 2067 ἀναγκαῖά
839 2014 981 2062 τινος
1013 1999 1299 2069 εύποροῦν,
1329 1999 1409 2052 ὅτι
1442 1999 1517 2068 μὴ
1561 1998 1824 2066 καλύϐης,

256 2093 351 2144 καὶ
399 2089 600 2160 ταύτης
644 2089 792 2158 μιᾶς,
833 2089 900 2159 ἢν
952 2091 1003 2142 οἱ
1048 2089 1290 2159 μαθηταὶ
1341 2089 1565 2159 μετρίαν
1613 2089 1827 2149 ἑαυτοῖς

239 2181 524 2249 ιὲπήξαντο
587 2179 794 2248 σκέπην
816 2196 830 2210 ·
882 2179 1041 2242 αὐτὸς
1083 2179 1190 2249 γὰρ
1215 2180 1324 2231 ,ἐπὶ
1356 2179 1454 2248 τῆς
1495 2179 1719 2249 πέτρας,
1751 2179 1827 2241 ὡς

254 2267 502 2337 ἐμνήσθη
513 2285 632 2338 μεν,
653 2269 709 2320 ὲν
728 2267 981 2337 ὑπαίθρῳ
998 2268 1267 2337 εἱστήκει,
1287 2265 1624 2337 δερματίνην
1644 2269 1831 2338 μηλω-

236 2361 354 2430 οτὴν
370 2363 661 2430 περικείμε
682 2378 778 2421 λος.
795 2361 949 2413 Ἐπεὶ
961 2361 1017 2414 δὲ
1039 2361 1209 2413 πολλά
1221 2359 1562 2428 πανταχόθεν
1575 2362 1830 2432 συνέρρει

255 2444 392 2514 πρὸς
440 2444 602 2496 αὑτὸν
647 2444 905 2496 ἑκάστοτε
941 2445 1141 2514 πλήθη,
1176 2446 1238 2498 οὐ
1273 2448 1542 2516 πνεύμασι
1572 2451 1827 2518 πονηροῖς

242 2536 440 2602 -μόνον,
493 2533 628 2585 ἀλλὰ
675 2535 768 2585 καὶ
804 2534 1167 2599 παντοδαποῖς
1206 2535 1454 2602 σώματος
1503 2537 1701 2589 πάθεσι
1732 2537 1826 2588 καὶ

252 2624 428 2685 νόσοις
455 2624 903 2694 κατειλημμένων
937 2626 1140 2694 (ἐπίεζε
1169 2627 1224 2679 δὲ
1259 2629 1453 2692 αὐτοὺς
1484 2630 1519 2698 ἦ
1547 2645 1604 2681 τε
1635 2629 1824 2695 ἄοριλος

237 2713 478 2781 -ἑρημέα,
514 2718 606 2765 καὶ
628 2715 660 2782 ἡ
699 2714 802 2765 τῶν
820 2715 1125 2782 ἀναγκαίων
1147 2717 1341 2783 ἔνδεια,
1375 2721 1468 2771 καὶ
1497 2721 1556 2772 τὸ
1583 2722 1824 2790 ἐσχάτως

243 2805 482 2874 ἄνυδρόν
525 2823 585 2858 τε
629 2807 721 2858 καὶ
741 2807 1014 2875 ἄστεγον),
1048 2811 1074 2861 6
1104 2811 1280 2873 κοινὸς
1321 2812 1413 2863 καὶ
1444 2811 1824 2883 φιλάνθρωπος

239 2899 507 2952 ,ἁπάντων
559 2901 795 2970 Ποιητὴς
845 2903 940 2954 καὶ
997 2903 1183 2974 Πατὴρ
1227 2906 1323 2958 καὶ
1364 2907 1659 2975 Δεσπότης,
1697 2908 1725 2958 6
1755 2909 1819 2976 τῇ

241 2987 400 3056 Ισχύῖ
432 2987 595 3040 αὑτοῦ
637 2992 704 3060 τῇ
753 2989 983 3061 μεγάλῃ,
1017 2993 1108 3061 καὶ
1141 2992 1218 3061 τῷ
1252 2992 1506 3063 βραχίονι
1552 2995 1715 3047 αὑτοῦ
1746 2996 1822 3064 τῷ

242 3077 440 3149 ὑψηλῷ
481 3081 656 3133 πάντα
686 3081 878 3145 ποιῶν,
902 3084 930 3134 6
966 3082 1136 3152 μέγας
1163 3085 1229 3155 τῇ
1265 3083 1425 3156 βουλῇ
1472 3087 1564 3139 καὶ
1595 3086 1821 3150 δυνατὸς

244 3171 361 3230 τοῖς
409 3168 610 3239 ἔργοις,
640 3172 668 3224 6
706 3171 862 3235 εἰδὼς
905 3167 980 3225 ὧν
1021 3174 1212 3244 χρείαν
1240 3175 1457 3246 ἔχομεν,
1503 3177 1598 3230 καὶ
1637 3179 1728 3247 ἀφ’
1761 3172 1824 3231 οὗ

245 3259 693 3330 ἀποκρυὸήσεται
743 3263 914 3325 οὐδὲν,
963 3257 1116 3326 οὗτος
1177 3266 1270 3317 καὶ
1319 3264 1414 3317 νῦν
1472 3265 1548 3337 τῷ
1602 3267 1824 3337 Συμεὼν

237 3349 572 3418 τπαραὸόξως
599 3351 806 3420 ὀφθείς·
843 3353 954 3423 Οὐχ
991 3349 1122 3425 ὁρᾷς
1150 3355 1246 3425 τὴν
1277 3355 1498 3425 ὀλιγὸψυ
1505 3374 1598 3426 χον
1621 3358 1824 3429 ταύτην

243 3442 460 3509 γενεὰν,
489 3442 615 3512 ἔφη,
644 3445 790 3506 ὅπως
813 3443 1068 3508 ἀδύνατος
1094 3448 1275 3510 αὐτοῖς
1302 3451 1334 3515 ἡ
1367 3449 1599 3502 ἐνταῦθα
1624 3450 1824 3520 διατριο

241 3533 340 3601 δὴ,
365 3537 438 3603 μὴ
456 3537 765 3606 προσόντων
793 3537 901 3590 τῶν
931 3540 1069 3592 κατὰ
1097 3542 1284 3610 χρείαν
1307 3560 1320 3607 ;
1357 3543 1515 3595 Ἀλλὰ
1539 3544 1668 3614 παρ’
1688 3544 1820 3614 ἐμοῦ

243 3624 418 3678 ταῦτα
451 3627 546 3678 καὶ
586 3629 738 3680 αὐτοὶ
763 3630 1220 3702 κομιοῦνται,,καὶ
1251 3635 1314 3686 σὺ
1339 3635 1678 3704 πραγμάτων
1707 3637 1820 3690 δια-

245 3715 432 3783 μενεῖς
455 3715 750 3788 ἐλεύθερος.

314 3977 421 4042 ια’.
463 3977 679 4030 Τούτων
717 3979 957 4042 ἀκούσας
1003 3983 1278 4053 μακαρίας
1323 3983 1494 4054 ἀκοῆς
1531 3987 1747 4058 ἐκείνης
1789 3991 1817 4043 6

242 4064 486 4133 Συμεὼν,
517 4067 618 4137 όρᾷ
641 4069 802 4120 οἱονεί
831 4086 883 4122 τι
920 4071 1116 4141 μέτρον
1143 4073 1438 4142 κατέχοντα
1470 4077 1650 4146 χερσὶν
1682 4080 1818 4146 Ἀγ-

237 4154 418 4220 γελον,
451 4157 542 4209 καὶ
576 4156 643 4209 τὰ
679 4156 772 4210 τοῦ
801 4161 1163 4229 μοναστηρίου
1197 4163 1290 4215 καὶ
1321 4163 1428 4215 τῶν
1458 4167 1514 4217 ὲν
1548 4166 1696 4236 αὐτῷ
1725 4185 1818 4220 σε-

239 4244 488 4313 ϐασμίων
512 4247 654 4300 ναῶν
681 4246 1103 4319 διαχαράττοντα
1131 4252 1271 4324 ἴχνη,
1299 4255 1528 4325 νεφέλην
1552 4273 1610 4309 τε
1639 4259 1813 4325 φωτὸς

236 4334 360 4386 ὅλον
394 4335 453 4387 τὸ
485 4335 798 4406 θαυμαστὸν
825 4339 1146 4408 καλύψασαν
1171 4342 1314 4408 ὅρος,
1349 4346 1442 4397 καὶ
1470 4346 1531 4399 τὸ
1555 4347 1648 4400 τοῦ
1673 4348 1808 4402 Θεοῦ

1923 1901 2084 1955 locus
2137 1909 2256 1952 erat
2311 1899 2564 1952 desertus
2631 1899 3000 1968 iucultusque,
3068 1919 3176 1956 non
3213 1904 3282 1957 ab
3329 1921 3490 1973 aqua.

1920 2000 2096 2054 tecto,
2133 1991 2307 2045 aliave
2331 2006 2389 2043 re
2439 1991 2504 2043 ad
2558 1991 2722 2044 vitam
2776 1995 3090 2046 necessaria
3151 1995 3489 2060 instructus;

1928 2081 2282 2150 tuguriolum,
2308 2080 2472 2149 idque
2499 2081 2745 2142 unicum,
2775 2081 3031 2147 habebat,
3057 2084 3200 2152 quod
3234 2085 3491 2156 discipuii

1927 2170 2033 2224 sibi
2092 2165 2361 2239 refugium
2435 2186 2544 2223 non
2616 2173 2856 2239 amplum
2917 2184 3488 2242 coagmentavcrant:

1926 2260 2161 2330 Symeon
2196 2259 2420 2328 quippe,
2442 2269 2500 2313 ut
2529 2276 2692 2328 supra
2722 2263 3094 2326 meminimus,
3128 2265 3179 2316 in
3212 2273 3369 2333 petra
3393 2282 3490 2320 sua

1925 2352 2032 2424 sub
2065 2352 2158 2405 dio
2191 2361 2341 2405 stans
2377 2353 2734 2420 perenuahat,
2791 2353 3033 2421 pellicem
3080 2356 3294 2410 melotze
3339 2357 3496 2410 invo-

1924 2443 2092 2496 lutus.
2123 2443 2315 2496 Postea
2351 2457 2483 2494 vero
2535 2457 2659 2495 cum
2716 2444 2862 2495 omni
2915 2460 2981 2496 ex
3031 2456 3184 2512 parte
3232 2447 3492 2516 frequens

1927 2533 2086 2586 turba
2114 2533 2359 2602 quotidie
2391 2533 2457 2586 ad
2498 2534 2678 2602 ipsum
2709 2534 3012 2589 conﬂueret
3038 2538 3345 2602 hominum,
3374 2549 3488 2594 tum

1913 2621 2663 2691 amalignisspiritibus,tum
2687 2624 2755 2677 ab
2783 2625 2962 2679 omnis
3006 2628 3226 2696 generis
3278 2631 3488 2684 morbis

1925 2727 1990 2767 ac
2013 2712 2316 2774 doloribus.
2341 2726 2746 2785 correptorum,
2772 2719 3110 2787 miserosque
3129 2720 3249 2773 illos
3269 2722 3492 2790 excipe-

1924 2811 2012 2854 ret
2040 2811 2149 2855 tam
2237 2803 2811 2870 inamabilis-eremus,
2840 2823 3023 2860 rerum
3064 2811 3492 2864 necessariarum

1927 2893 2179 2962 penuria,
2212 2894 2460 2948 defectus
2483 2910 2638 2964 aqua:
2672 2912 2736 2950 ac
2767 2896 3033 2951 domicilii
3061 2918 3074 2960 ;
3101 2901 3410 2953 communis
3431 2916 3494 2954 ac

1927 2985 2228 3040 benevolus
2250 2987 2496 3039 omnium
2531 2986 2780 3052 Creator,
2806 2989 2966 3041 Pater
3012 2998 3176 3059 atque
3207 2990 3492 3056 Dominus,

1927 3075 2022 3144 qui
2053 3076 2296 3145 potentia
2328 3092 2424 3130 sua
2457 3077 2723 3131 immensa
2745 3087 2798 3132 et
2830 3077 3058 3133 brachio
3105 3081 3323 3135 sublimi
3379 3097 3496 3135 mo-

1929 3166 2156 3220 deratur
2180 3167 2456 3228 universa,
2501 3183 2730 3237 magnus
2795 3169 2884 3223 il-le
2929 3171 3163 3224 consilio
3207 3181 3262 3225 et
3295 3183 3494 3241 potens

1928 3272 2118 3326 opere,
2143 3258 2234 3325 qui
2266 3273 2374 3310 non
2411 3257 2645 3328 ignorat,
2682 3259 2886 3328 quibus
2906 3276 3006 3314 nos
3058 3263 3373 3317 homunculi
3407 3263 3494 3316 in-

1927 3347 2232 3416 digeamus.
2263 3348 2467 3416 quique
2496 3348 2633 3402 nihil
2669 3350 2920 3420 ignorare
2958 3362 3175 3420 potest;
3235 3354 3328 3408 ille
3379 3354 3495 3423 ipse

1925 3437 2016 3490 hic
2055 3451 2276 3505 quoque
2313 3436 2566 3506 Symeoni
2600 3454 2910 3507 apparens:
2951 3443 3141 3496 Nonne
3184 3444 3359 3507 vides,
3408 3446 3494 3498 in-

1924 3529 2064 3596 quit,
2099 3543 2263 3596 quam
2292 3529 2530 3596 pendeat
2565 3531 2765 3584 animis
2803 3531 2917 3585 lucc
2942 3535 3099 3586 turba
3122 3535 3321 3604 ?quam
3353 3553 3494 3603 mgre

1925 3619 2014 3673 hic
2042 3620 2240 3673 morari
2267 3621 2509 3689 possint,
2540 3622 2924 3678 deﬁcientibus
2950 3627 3226 3692 omnibus,
3261 3645 3381 3698 qua:
3418 3633 3484 3684 ad

1923 3709 2048 3764 vita:
2071 3726 2226 3763 usum
2262 3711 2505 3764 faciunt?
2535 3711 2735 3766 Verum
2789 3714 2976 3768 isthzec
3010 3717 3120 3786 jam
3160 3733 3187 3770 a
3232 3733 3317 3772 mc
3361 3720 3493 3789 ipsis

1921 3800 2453 3870 suppeditabuntur;
2488 3810 2544 3855 et
2586 3814 2642 3856 tu
2692 3804 2854 3860 deses
2896 3823 3225 3876 permanens
3269 3828 3488 3869 marum

1921 3907 2022 3963 Ope
2033 3893 2074 3946 ri
2100 3907 2209 3946 non
2247 3891 2589 3948 admovebis.

1989 3986 2076 4041 93.
2114 3986 2281 4040 Beata
2310 3985 2398 4039 illa
2423 3999 2555 4038 voce
2578 3984 2833 4055 dignatus
2854 3987 3108 4060 Symeon,
3140 3994 3490 4063 conspicatur

1919 4076 2074 4146 quasi
2105 4076 2354 4146 angelum
2391 4091 2663 4130 mensum
2692 4077 2951 4146 quiddam
2999 4082 3253 4139 manibus
3280 4095 3487 4152 tenere,

1917 4175 1974 4221 et
2031 4165 2350 4220 monasterii
2401 4175 2872 4238 augustorumque
2927 4173 3252 4242 templorum
3318 4176 3330 4230 i
3420 4195 3488 4231 (ο

1917 4259 2308 4315 struendorum
2342 4259 2620 4314 delineare
2657 4261 2917 4332 vestigia;
2966 4265 3316 4335 conspicatur
3355 4287 3480 4340 quo

1914 4367 2022 4422 que
2067 4353 2269 4406 nubem
2300 4351 2562 4417 lucidam,
2599 4369 2720 4422 quae
2768 4364 3009 4410 montem
3047 4366 3217 4412 totum
3259 4362 3482 4416 mirabi-

236 4426 462 4504 Πνεῦμα
485 4429 542 4480 ὲν
571 4429 876 4499 ὁμοιώματι
913 4433 1094 4503 χειρὸς
1115 4435 1183 4488 τὰ
1228 4436 1331 4489 ὑπὸ
1367 4441 1431 4508 τῇ
1467 4439 1664 4512 νεφέλῃ
1695 4440 1804 4492 δει-

1923 4444 2021 4497 lem
2047 4444 2282 4514 tegebat,
2312 4459 2526 4498 necnon
2554 4443 2819 4514 Spiritum
2844 4446 2939 4501 Dei
2985 4447 3038 4501 in
3071 4448 3241 4504 forma
3272 4468 3480 4518 manus,

235 4515 399 4570 κνύον
419 4534 432 4548 ·
461 4519 554 4572 καὶ
579 4520 661 4572 ὅτι
687 4521 871 4574 Ταῦτα
897 4523 1050 4576 ἔσται
1085 4541 1167 4578 σοι
1200 4528 1398 4590 πάντα,
1429 4531 1584 4598 λέγον
1614 4531 1763 4602 αύτῷ
1789 4557 1830 4597 ,ι

237 4609 316 4672 εἰς
355 4609 656 4681 ὑπουργίαν
684 4613 791 4666 τῶν
819 4614 944 4685 τῇδε
974 4618 1144 4669 οἰκεῖν
1187 4635 1244 4672 τε
1289 4621 1386 4674 καὶ
1425 4623 1805 4687 ἐπιξενοῦσθαι

239 4699 558 4767 μελλόντων.
587 4703 890 4770 Μεγαλυνῶ
913 4706 1021 4778 γὰρ
1047 4709 1138 4761 ἐπὶ
1163 4709 1289 4780 ἔθνη
1323 4713 1417 4764 καὶ
1450 4713 1686 4781 βασιλεῖς
1710 4715 1807 4769 καὶ

236 4792 568 4860 μεγιστᾶνας
625 4795 686 4848 τὸ
734 4795 906 4865 ὄνομά
959 4816 1076 4864 σου,
1119 4803 1210 4854 καί
1239 4820 1331 4856 σου
1378 4805 1582 4860 τούτων
1620 4807 1804 4861 πολλοὶ

230 4882 584 4952 δεηθήσονται
609 4901 623 4914 ο
655 4881 775 4940 εἶτα
803 4889 898 4940 καὶ
928 4889 1095 4944 πολλὰ
1131 4894 1304 4962 πλήθη
1332 4895 1603 4966 διαφόρων
1633 4897 1802 4952 ἐθνῶν

231 4974 382 5044 αὐτῷ
446 4975 754 5041 ύπεδείκνυ,
795 4981 1130 5050 πανταχόθεν
1177 4986 1256 5047 εἰς
1317 4987 1478 5040 αὑτὸν
1529 4991 1796 5044 συνιόντα.

231 5067 450 5130 Τούτοις
479 5067 915 5139 πληροφορηθεὶς
945 5073 1300 5144 τὴν-καρδίαν
1321 5078 1350 5130 ό
1383 5079 1624 5151 Συμεὼν,
1652 5082 1801 5136 εὕδοι

231 5158 354 5211 κίαν
397 5155 534 5212 εἶναι
585 5161 722 5214 Θεοῦ
753 5162 1015 5230 συστῆναι
1056 5167 1184 5236 περὶ
1219 5169 1382 5222 αὐτὸν
1418 5176 1796 5244 μοναστήριον,

229 5249 324 5302 καὶ
360 5249 557 5313 ἱκανῶς
611 5252 704 5304 ἐπὶ
737 5252 903 5305 πᾶσιν
941 5255 1360 5326 εὐχαριστήσας,
1393 5261 1658 5332 ἐπέτρεψε
1693 5267 1800 5328 τοῖς

231 5339 498 5408 μαθηταῖς
527 5343 688 5396 πάλιν
726 5337 881 5408 οὗτος
911 5347 1050 5399 κατὰ
1089 5351 1180 5401 τὸν
1227 5350 1610 5422 ύποδειχθέντα
1647 5358 1806 5409 τόπον

227 5429 388 5482 τοῦτο
421 5431 762 5503 διαχαράξαι.

301 5603 401 5669 κδ’.
437 5607 545 5658 Καὶ
577 5608 635 5659 τὸ
677 5609 774 5678 μὲν
819 5612 959 5665 κατὰ
994 5614 1090 5682 τὴν
1134 5617 1326 5688 ἐκείνῳ
1373 5625 1633 5688 φανεῖσαν
1679 5623 1801 5693 ὄψιν

1913 4550 1977 4588 ea
2008 4549 2130 4604 quae
2157 4533 2260 4588 sub
2284 4532 2431 4588 nube
2452 4542 2612 4588 erant
2639 4535 3041 4603 ostendentem,
3072 4539 3483 4612 dicentemque:

1915 4626 2040 4679 "me
2067 4625 2251 4679 omnia
2295 4625 2391 4679 tibi
2439 4633 2604 4679 erunt
2639 4625 2693 4679 in
2747 4627 3056 4682 subsidium
3096 4630 3336 4696 illorum,
3389 4635 3484 4702 qui

1913 4717 2308 4772 commoraturi
2333 4718 2424 4773 hic
2459 4727 2556 4771 aut
2587 4718 2914 4787 hospitaturi
2935 4729 3064 4774 sunt
3088 4739 3102 4784 ;
3127 4723 3482 4793 magniﬁcabe

1911 4810 2113 4879 quippe
2146 4825 2345 4866 nomen
2377 4819 2530 4865 tuum
2560 4809 2703 4879 apud
2734 4819 2924 4879 gentes
2947 4821 3002 4866 et
3047 4828 3205 4882 reges
3241 4828 3297 4870 et
3337 4825 3468 4885 opt?

1912 4908 2119 4965 mates;
2147 4907 2203 4953 et
2229 4901 2382 4954 multi
2418 4901 2614 4954 horum
2644 4901 3028 4970 supplicabunt
3059 4903 3180 4958 tibi.
3213 4905 3340 4962 Post
3366 4908 3471 4965 ham

1908 4990 2254 5046 diversorum
2323 4992 2651 5060 populorum
2729 4993 3136 5050 multitudinem
3203 4999 3472 5069 ingentem

1911 5081 2270 5146 monstrabat,
2294 5082 2538 5151 undique
2574 5082 2641 5136 ad
2669 5083 2848 5152 ipsum
2881 5095 3286 5153 properantem.
3315 5087 3471 5148 Hisce

1908 5173 2134 5226 omnino
2184 5188 2482 5242 persuasus
2541 5173 2798 5244 Symeon.
2856 5175 3114 5244 placitum
3170 5179 3282 5234 Deo
3333 5197 3474 5244 esse,

1909 5271 1968 5315 ut
1995 5262 2391 5315 monasterium
2428 5263 2572 5317 circa
2601 5263 2779 5332 ipsum
2816 5275 3266 5324 construeretur:
3300 5274 3477 5326 maxi-

1905 5357 2010 5410 mis
2039 5357 2116 5410 illi
2157 5359 2348 5428 gratiis
2393 5361 2708 5430 persolutis,
2742 5363 3018 5418 commisit
3063 5365 3350 5436 discipulis
3383 5384 3482 5422 cu-

1905 5461 2018 5499 ram
2044 5447 2359 5518 illiusjuxta
2387 5460 2664 5506 ostensam
2689 5452 2916 5507 formam
2938 5454 3261 5526 designandi
3287 5475 3300 5520 ;
3323 5459 3474 5529 juxta

1899 5552 2060 5604 quam
2090 5545 2146 5590 et
2179 5540 2416 5607 positum
2448 5552 2550 5597 est.

1971 5631 2058 5682 9i.
2113 5631 2257 5686 Deus
2319 5634 2563 5692 interea.
2615 5637 2706 5704 qui
2770 5653 2827 5691 se
2879 5633 3489 5709 Syrneonil'CVL‘iﬂVcri“
