4034 6186
219 248 350 310 3Ἱ77

1226 236 1396 296 ΥΙΤᾹ
1440 235 1479 290 Α
1525 229 1961 290 NICEPHORO
1997 228 2483 290 CONSCRIPTA.

3336 228 3479 292 307%

218 359 386 416 δεῖται
429 354 523 425 μὲν
565 351 658 405 καὶ
691 351 851 405 πάλιν
885 348 1047 411 αὐτὸς
1078 347 1170 398 τοῦ
1200 348 1253 397 ἐν
1284 343 1437 398 ύδασι
1470 344 1538 396 τὰ
1577 342 1796 411 ὑπερῷα

1907 343 2136 404 stabilit,
2175 343 2532 411 deprecatur:
2578 355 2632 395 et
2661 350 2948 395 cataractae
3003 342 3219 395 illorum
3279 354 3481 411 aperta:

811 441 832 454 κ

222 446 590 515 στεγάζοντος,
616 443 773 511 θύραι
808 441 861 491 δε
886 438 1112 509 ούρανοῦ
1138 436 1497 505 ἀ·.οε‹ξ›γνυντο,
1528 436 1617 487 καὶ
1644 434 1795 496 ὑετὸς

218 540 511 606 ἑκατέρους
540 536 739 593 αὐτοὺς
770 533 968 593 εὐθέως
998 531 1260 599 ἐπλήρου.

286 631 485 696 γῇς...οί
536 628 715 696 μέντοι
756 625 993 694 μαθηταὶ
1048 623 1169 674 καθ’
1231 622 1476 683 ἑαυτοὺς,
1507 619 1642 672 ἀλλὰ
1703 620 1797 672 καὶ

221 722 355 792 πρὸς
382 720 643 790 ἀλλήλους
669 719 1033 781 ἐνδοιάζοντες
1056 712 1219 783 ἦσαν,
1246 717 1291 767 εἱ
1317 714 1462 777 ἆπαξ
1495 713 1639 765 οὕτω
1660 712 1797 777 πληι-

222 813 488 884 ρωθέντες
531 813 580 862 οἱ
632 810 823 879 λάκκοι
849 848 863 871 ,
901 808 1131 876 πλήθεσι
1168 806 1442 867 τοσούτοις
1481 805 1576 857 καὶ
1624 802 1793 862 οὕτως

214 903 451 973 ἀριθμοῦ
486 903 791 971 κρείττοσιν
828 900 912 967 ἐφ’
949 900 1132 951 ἰκανὸν
1172 899 1402 968 ἀρκέσαι
1453 897 1793 962 δυνήσονται.

214 994 386 1046 Τοῦτο
440 995 496 1045 δὲ
544 986 738 1060 γνόντα
778 992 869 1043 τὸν
902 992 1091 1057 ’Ἅγιον
1120 991 1215 1042 ἕνα.
1250 989 1477 1041 καλέσαι
1516 986 1622 1039 τῶν
1644 985 1798 1039 ἀδελ-

211 1087 333 1155 φῶν
364 1088 421 1137 ἐν
454 1086 670 1155 ἐπηκόῳ
699 1086 937 1147 πάντων,
980 1082 1263 1135 Ἀντώνιον
1294 1082 1484 1149 όνομα,
1521 1080 1616 1132 καί
1657 1077 1796 1147 πρὸς

208 1178 397 1249 αὑτὸν,
433 1171 648 1238 Λαϐὼν,
688 1178 844 1246 φησὶ,
884 1179 1093 1245 σχοῖνον
1147 1174 1303 1228 ἄπιθι
1355 1174 1651 1242 δρομαίως,
1704 1171 1797 1222 καὶ

181 1269 458 1337 χαλάσας
496 1270 768 1337 μέτρησον
799 1268 858 1319 τὸ
894 1270 948 1319 ἐν
987 1270 1100 1325 τοῖς
1151 1266 1378 1328 λάκκοις
1432 1266 1597 1334 ὕδωρ.
1638 1264 1695 1315 Ὀ
1740 1263 1794 1314 δὲ

203 1362 305 1411 τὸν
330 1362 534 1428 σχοῖιρον
565 1360 637 1421 ὡς
663 1360 945 1410 ἐντέταλτο
980 1360 1165 1420 καθεὶς
1188 1360 1279 1410 καὶ
1317 1359 1593 1427 μετρήσας
1627 1358 1794 1406 ἐπαν-

206 1449 432 1520 ῆκε,τῴ
470 1465 526 1499 τε
571 1447 736 1516 ’Λγίῳ
764 1450 857 1499 καὶ
904 1450 1013 1509 τοῖς
1050 1446 1282 1514 παροῦσι
1351 1444 1410 1495 τὸ
1466 1443 1559 1495 τοῦ
1606 1441 1796 1501 ὓδατος

210 1540 418 1607 μέτρον
477 1538 797 1599 ὑποδεικνὺς
852 1539 914 1588 ἐκ
962 1538 1055 1588 τοῦ
1100 1536 1332 1604 σχοίνου.
1403 1535 1644 1600 Ἑαριναὶ
1697 1534 1795 1599 μὲν

207 1628 309 1681 οὖν
351 1626 652 1696 τηνικαῦτα
695 1629 887 1695 ἔληγον
919 1619 1077 1696 ὧραι,
1109 1626 1458 1692 παυσαμένου
1486 1623 1541 1675 δὲ
1572 1622 1668 1692 ἤδη
1700 1619 1793 1672 καὶ

145 1752 150 1756 -
208 1719 433 1788 Οέρους,
461 1720 583 1785 ἄρτι

208 1809 519 1871 νιοςαῦθις
563 1801 719 1867 οὗτος
752 1810 828 1870 εἰς
883 1809 1142 1878 ἑκάτερον
1197 1806 1400 1857 λάκκον
1446 1805 1538 1856 τὸν
1589 1805 1794 1871 σχοῖνον

208 1902 427 1963 καθεὶς,
463 1902 599 1970 μετὰ
660 1902 750 1952 τὸν
801 1900 1056 1953 τοσοῦτον
1109 1899 1300 1970 χρόνον
1334 1900 1428 1951 καὶ
1484 1896 1624 1949 οὕτω
1654 1896 1793 1965 σαφῆ

208 1990 476 2059 πολέμιον
505 1988 679 2051 ὕδασι,
718 1991 853 2055 μετὰ
905 1991 1002 2058 τὴν
1050 1989 1315 2058 τοσαύτην
1360 1988 1455 2040 τού
1514 1985 1794 2055 ἀμυθήτου

225 2082 459 2150 πλήθους
493 2080 700 2133 ἐκεῖθεν
733 2080 975 2149 ὑδρείαν,
1014 2075 1137 2151 εὗρε
1165 2081 1225 2133 τὸ
1250 2078 1395 2149 ὕδωρ
1425 2077 1489 2148 (ὣ
1521 2077 1612 2130 τοῦ
1662 2076 1795 2128 θαύ-

217 2189 390 2242 ματος
416 2173 451 2239 ί)
513 2172 634 2224 οὐδὲ
694 2172 753 2224 τὸ
813 2173 1076 2239 παράπαν
1144 2171 1524 2239 ἐλαττονῆσαν,
1585 2167 1796 2228 ἀλλ’ὡς

214 2266 318 2317 καὶ
358 2265 621 2333 πρότερον
653 2264 795 2333 ἕχον,
824 2265 960 2333 ὅπερ
1008 2264 1068 2329 ού
1111 2267 1222 2325 τοῖς
1263 2264 1383 2315 τότε
1425 2260 1658 2331 παροῦσι
1698 2260 1797 2328 μό-

214 2374 335 2419 νον,
378 2356 512 2409 ἀλλά
541 2355 633 2407 καὶ
674 2359 785 2417 τοῖς
829 2356 1052 2423 ὕστερον
1077 2356 1213 2423 ἀκοῇ
1258 2352 1675 2423 παρειληφόσιν,
1706 2352 1794 2403 εύ-

224 2446 513 2515 χαριστίας
552 2450 786 2515 μεγίστη
827 2447 961 2517 πρὸς
998 2447 1130 2498 Θεὸν
1163 2447 1407 2515 ἀφορμή.

294 2542 401 2606 κη’.
440 2538 518 2589 Τά
544 2553 606 2603 γε
650 2538 757 2607 μὴν
781 2538 876 2607 τῆς
906 2538 1074 2606 μονῆς
1110 2538 1245 2606 ἔργα
1280 2537 1477 2605 (ἐκεῖσε
1502 2536 1609 2606 γὰρ
1643 2532 1796 2597 αὖθις

219 2628 526 2696 ἐπανιτέον)
562 2629 935 2698 προκόπτοντα
977 2627 1192 2696 βλέπειν
1214 2629 1245 2679 ὁ
1279 2630 1550 2696 βάσκανος
1583 2629 1641 2680 οὐ
1680 2634 1798 2681 στέ-

223 2736 334 2787 γων
378 2711 725 2789 Ἐχθρὸς,οἷα
756 2720 848 2771 καὶ
882 2720 1083 2787 πολλῆς
1125 2721 1367 2789 μεγάλης
1399 2722 1475 2783 είς
1498 2722 1628 2774 Θεὸν
1664 2739 1797 2791 προ-

224 2809 418 2878 κοπῆς,
455 2809 689 2877 κὰκείνῳ
724 2808 966 2878 μεγάλης
1018 2810 1257 2878 ἐσόμενα
1310 2810 1471 2861 πάλιν
1516 2812 1661 2864 αίτία
1700 2813 1797 2882 ζη-

228 2901 376 2970 μίας,
414 2899 697 2967 θεμελίους
762 2900 871 2952 τῶν
927 2901 1395 2972 οἰκοδομουμένων
1457 2903 1798 2972 ξενοδοχείων

1900 446 2047 499 sunt,
2076 442 2130 488 et
2160 436 2340 503 pluvia
2376 446 2672 502 utrumque
2698 435 2877 489 lacum
2921 434 3261 501 adimplevit.

1972 610 2061 663 97.
2095 608 2415 663 I’cndcbant
2442 624 2608 677 porro
2639 609 2839 663 animis
2866 609 3149 678 discipuli,
3197 625 3294 662 nec
3328 609 3479 662 solli-
3518 678 3519 681 η

1899 701 2201 754 eitudincm
2228 716 2379 775 suam
2414 701 2509 753 alii
2552 701 2677 754 aliis
2702 702 2985 759 celabant;
3036 717 3165 753 num
3205 702 3274 753 ita
3310 701 3476 755 semel
3514 682 3517 689 λ

1901 793 2094 861 repleti
2131 792 2284 847 lacus
2342 804 2448 845 tam
2480 793 2753 861 frequenti
2781 803 2945 862 atque
2979 810 3285 848 numerosae
3338 795 3483 846 mul-

1900 884 2124 937 titudini
2181 885 2465 939 suffecturi
2512 896 2715 940 essent.
2752 887 2828 939 Re
2890 886 3192 948 intellecta,
3240 885 3480 939 accersit

1897 986 2121 1036 sanctus
2178 993 2347 1030 unum
2383 994 2411 1031 e
2442 978 2707 1031 fratribus
2756 978 2808 1031 in
2834 994 3040 1032 corona
3094 979 3364 1041 omnium,
3389 976 3480 1030 cui

1900 1084 2099 1143 nomen
2151 1068 2429 1131 Antonio,
2483 1069 2771 1137 dicitque:
2821 1071 3117 1139 Assumpto
3162 1070 3322 1133 fune,
3368 1070 3480 1123 cito

1899 1160 2009 1220 abi,
2043 1159 2395 1226 demissoque
2429 1159 2483 1211 in
2509 1159 2683 1221 lacus,
2703 1159 2901 1213 metire
2927 1160 3275 1213 altitudinem
3301 1174 3474 1227 aquae.

1898 1252 2117 1305 Jussum
2148 1252 2236 1304 ille
2268 1249 2455 1303 [uitem
2487 1250 2737 1315 immisit,
2773 1266 3108 1318 mensusque
3165 1250 3352 1313 rediit,
3422 1258 3479 1302 et

1899 1351 2091 1393 sancto
2124 1340 2620 1409 praesentibusque,
2648 1350 2853 1408 quanta
2878 1350 3021 1393 esset
3043 1356 3196 1407 aqua:
3243 1338 3478 1392 altitudo

1901 1433 1957 1486 in
1995 1421 2131 1487 fune
2156 1434 2505 1491 monstravit.
2539 1434 2671 1486 Erat
2701 1442 2815 1486 tum
2864 1434 2915 1487 in
2940 1434 3089 1487 exitu
3135 1449 3265 1499 ver;
3295 1433 3479 1501 elapsa

1898 1527 2099 1581 deinde
2123 1536 2335 1590 aestate,
2360 1528 2585 1597 jamque
2614 1528 2947 1582 succedente
2979 1537 3267 1589 autumno,
3304 1527 3477 1580 Anto-

1893 1620 2027 1674 nius
2058 1630 2353 1687 utrumque
2390 1620 2567 1672 lacum
2595 1620 2839 1673 immisso
2866 1619 2993 1671 fune
3019 1618 3202 1671 denuo
3223 1618 3475 1678 tentavit,

642 1734 701 1769 τε
747 1717 1064 1787 μετοπώρου
1117 1714 1501 1775 ὑπολαϐόντος,
1528 1715 1556 1764 ό
1596 1709 1791 1763 ’Λντώ-

1903 1713 2283 1780 comperitque
2306 1718 2359 1780 (ο
2382 1711 2756 1781 prodigium!)
2792 1721 2914 1779 post
2956 1719 3164 1765 tantum
3215 1707 3480 1776 temporis

1902 1801 2271 1864 intervallum,
2310 1809 2417 1862 tam
2450 1799 2654 1853 inimici
2678 1799 2834 1867 aquis
2878 1808 3003 1867 post
3063 1806 3175 1851 tam
3221 1797 3476 1865 frequen-

1902 1903 2009 1947 tem
2041 1892 2388 1962 inexplebilis
2420 1892 2592 1945 turbae
2639 1891 3012 1960 aquationem,
3050 1890 3188 1942 nihil
3251 1888 3479 1941 omnino
3554 1956 3559 1965 Α

1900 1986 2244 2041 imminutam
2279 1987 2427 2039 illam
2454 2000 2598 2047 esse,
2660 1984 2754 2037 sed
2786 1983 2864 2037 uti
2920 1983 3077 2052 prius
3122 1997 3179 2035 se
3249 1981 3476 2034 habere.

1902 2078 2033 2145 Qua:
2055 2094 2141 2133 res
2170 2087 2301 2131 tunc
2333 2093 2518 2131 coram
2551 2074 2931 2145 spectantibus
2965 2088 3075 2127 non
3126 2074 3326 2137 solum,
3382 2074 3479 2126 sed

1898 2180 1953 2225 et
1987 2150 2243 2239 posteris,
2296 2170 2364 2223 ad
2408 2183 2641 2238 quorum
2701 2182 2868 2220 aures
2924 2182 2985 2219 ea
3028 2164 3173 2218 fama
3216 2170 3483 2235 pervenit,

1899 2265 2100 2333 gratias
2136 2263 2482 2333 persolvendi
2506 2263 2617 2316 Deo
2644 2261 2992 2315 occasionem
3050 2261 3227 2314 dedit.

1969 2548 2056 2600 98.
2120 2548 2343 2599 Interim
2395 2545 2705 2614 promoveri
2751 2544 3044 2598 aedificium
3099 2545 3187 2613 (eo
3245 2556 3479 2610 namque

1901 2638 2242 2694 redeundum
2291 2637 2453 2690 nobis
2506 2637 2614 2706 est)
2670 2635 2855 2688 lividis
2898 2636 3073 2689 oculis
3113 2635 3318 2689 intueri
3368 2649 3477 2687 non

1899 2732 2177 2786 sustinens
2218 2729 2494 2789 inimicus,
2530 2729 2675 2797 quod
2710 2729 2838 2782 inde
2870 2729 3211 2781 incremento
3269 2723 3473 2796 ingenti

1899 2823 2128 2895 gloriam
2151 2822 2249 2875 Dei
2274 2820 2603 2890 augendam,
2651 2820 2755 2873 sibi
2812 2836 2943 2872 vero
2999 2836 3165 2887 grave
3213 2818 3475 2872 damnum

1900 2915 2190 2968 imminere
2228 2913 2612 2981 prOSpiccret;
2673 2911 2844 2963 subiit
2908 2910 3260 2964 fundamenta
3312 2911 3478 2962 unius

225 2992 340 3054 ἐνὸς
376 2991 598 3053 ὑποδὺς,
632 2991 766 3041 ὅπου
820 2990 912 3044 καὶ
970 2991 1171 3055 μείζων
1201 2992 1350 3061 αὐτῷ
1403 2994 1435 3061 ἡ
1470 2992 1650 3061 πληγὴ
1681 2992 1795 3060 (ἅτε

1904 3005 2372 3059 xenodoehiorum
2419 3004 2529 3072 jam
2591 3001 3056 3056 exredificatorum
3084 3042 3097 3059 ,
3142 3002 3233 3053 ubi
3279 3001 3479 3070 mgrius

224 3083 318 3135 καὶ
346 3081 570 3143 πολλοὺς
620 3081 908 3150 μέλλοντος
950 3081 1038 3136 διὰ
1066 3082 1297 3151 Χριστὸν
1324 3085 1587 3151 ξεναγεῖν,
1619 3083 1795 3153 ψυχας

223 3191 282 3226 τε
316 3174 686 3243 πεπονηκυίας
707 3172 1102 3244 διαναπαύειν),
1121 3175 1262 3228 οὕτω
1294 3177 1536 3245 σςοδρῶς
1566 3173 1634 3248 ἧν
1660 3180 1798 3232 αὐτά

226 3267 618 3336 συνταράσσων
652 3267 746 3320 καὶ
776 3266 1035 3319 διασείων
1062 3268 1137 3329 ὡς
1166 3269 1523 3338 ἀπειρηκέναι
1554 3269 1630 3338 τῷ
1662 3270 1796 3321 πολο-

230 3357 307 3425 λῷ
361 3358 534 3424 κλόνῳ
581 3357 676 3408 καὶ
730 3360 919 3426 χεῖρας
1010 3362 1119 3418 τοῖς
1172 3362 1300 3428 περὶ
1360 3358 1469 3430 τὴν
1512 3361 1798 3429 οἰκοδομὴν

234 3439 612 3507 πονουμένοις.
661 3442 918 3511 Δεηθέντι
957 3445 1252 3513 τοιγαροῦν
1313 3449 1441 3515 περὶ
1496 3449 1685 3503 τούτου
1732 3454 1808 3523 τῷ

233 3528 481 3596 Συμεὼν,
514 3530 712 3601 ἐρρέθη
744 3532 897 3604 παρά
925 3534 1026 3603 τῆς
1070 3536 1313 3606 χάριτος,
1348 3538 1561 3606 πέμψαι
1604 3539 1700 3607 τὴν
1733 3545 1809 3594 oi-

232 3621 388 3673 κείαν
421 3622 618 3691 ῥάϐδον
670 3626 825 3695 παρά
855 3627 947 3678 τὸν
978 3628 1162 3691 τόπον,
1205 3629 1326 3697 ἥτις
1356 3630 1471 3680 ἐκεῖ
1510 3631 1806 3699 κρούσασα,

230 3715 322 3765 τὸν
354 3715 410 3767 ὲν
439 3716 744 3786 ἀποκρύφῳ
777 3717 1201 3772 ἐπιϐουλεύοντα
1251 3722 1495 3791 εὑρήσει.
1541 3724 1809 3794 Ἐγχειρί-

229 3822 420 3867 σαντος
444 3808 624 3859 τοίνυν
651 3809 731 3859 ἑνὶ
756 3810 865 3861 τῶν
899 3810 1160 3879 μαθητῶν
1189 3813 1280 3865 τοῦ
1321 3814 1526 3881 Ἀγίου,
1554 3816 1807 3869 ἀπελθὼν

228 3900 345 3950 ἐκεῖ
373 3899 465 3949 καὶ
494 3899 734 3974 κρούσας
769 3904 997 3963 ἐκεῖνος,
1042 3904 1128 3955 Ἑν
1156 3904 1230 3972 τῷ
1262 3905 1508 3972 ὀνόματι,
1532 3909 1685 3976 φησι,
1712 3907 1805 3959 τοῦ

229 3989 433 4057 Κυρίου
460 3990 618 4060 ἡμῶν
644 3992 816 4060 Ἰησοῦ
848 3994 1105 4062 Χριστοῦ,
1141 3997 1425 4066 ἐπιτρέπει
1455 4014 1555 4063 σοι,
1587 3999 1807 4067 πνεῦμα

227 4081 485 4154 πονηρὸν,
512 4083 538 4133 ὁ
566 4083 659 4135 τοῦ
691 4084 826 4136 Θεοῦ
863 4085 1114 4154 θεράπων
1143 4086 1385 4155 Συμεὼν,
1413 4089 1681 4159 ἀπόστηθι
1709 4089 1803 4141 τοῦ

223 4179 392 4232 τόπου
420 4174 631 4237 τούτου,
661 4175 756 4228 καὶ
784 4178 1124 4246 παραχρῆμα
1155 4176 1221 4245 (ὣ
1249 4177 1590 4243 δυναστείας,
1610 4178 1656 4232 ὣ
1695 4180 1795 4249 χά·

223 4282 373 4336 ριτρς
420 4254 628 4318 ἐκεῖθεν
678 4265 940 4328 πλουσίας
989 4267 1083 4319 τοῦ
1120 4267 1366 4339 Συμεὼν)
1397 4271 1424 4321 ὁ
1460 4269 1559 4338 μὲν
1583 4270 1794 4339 ὴχήσας

1902 3096 2003 3150 sibi
2033 3094 2281 3147 futurum
2314 3102 2453 3156 erat,
2487 3092 2557 3146 ob
2586 3093 2856 3161 plurimos
2881 3092 3091 3146 Christi
3127 3106 3289 3145 causa
3353 3090 3477 3143 istic

1901 3187 2144 3255 hospitio
2172 3183 2549 3254 excipiendos,
2587 3195 2641 3239 et
2692 3186 2939 3253 requiem
2986 3182 3300 3252 defatigatis
3353 3183 3474 3235 ani—

1900 3278 2093 3331 mabus
2138 3278 2502 3341 inventuros;
2565 3283 2619 3330 et
2665 3282 2888 3345 quassat
2950 3276 3307 3343 concutitquc
3367 3285 3476 3328 tam

1898 3370 2257 3423 vehementer
2309 3368 2649 3429 aedificium,
2730 3375 2787 3420 ut
2853 3368 3047 3421 crebra
3118 3367 3478 3421 succussione

1898 3460 2137 3530 fatigata?
2184 3460 2619 3528 exanimatreque
2654 3474 2836 3526 operte
2866 3476 3061 3513 manus
3120 3460 3247 3513 inde
3291 3476 3477 3513 remo-

1897 3562 2111 3605 verent.
2144 3552 2281 3603 Dum
2317 3550 2499 3618 itaque
2526 3565 2623 3618 pro
2646 3549 2893 3603 remedio
2920 3554 3180 3617 precatur
3211 3551 3471 3620 Symeon.

1900 3644 2040 3696 hanc
2067 3659 2095 3696 a
2113 3641 2285 3711 gratia
2311 3642 2730 3709 inSpirationem
2749 3641 2979 3709 accepit,
3001 3656 3063 3693 ιιι
3084 3642 3286 3709 virgam
3319 3655 3476 3693 suam

1900 3733 1966 3787 ad
2000 3734 2181 3787 locum
2216 3732 2537 3786 infestatum
2574 3732 2842 3793 mitteret,
2876 3732 3039 3799 pulsu
3069 3746 3172 3784 suo
3204 3732 3476 3784 insidian-

1900 3836 2009 3879 tem
2046 3825 2099 3876 in
2133 3824 2351 3877 occulto
2387 3823 2604 3875 hostem
2644 3822 3007 3875 detecturam.
3074 3821 3300 3876 Tradita
3347 3838 3476 3892 ergo

1899 3916 2050 3984 virga
2081 3915 2479 3984 discipulorum
2516 3914 2733 3967 cuidam
2759 3915 2813 3967 in
2841 3929 3058 3977 manus,
3082 3915 3305 3968 abeunti
3348 3916 3478 3970 illnc

1899 4005 2251 4074 pulsantique
2287 4014 2342 4058 et
2373 4005 2582 4059 dicenti
2613 4024 2624 4057 :
2657 4006 2714 4057 lu
2762 4004 2985 4057 nomine
3032 4004 3246 4057 Domini
3303 4006 3476 4057 nostri

1897 4097 2025 4151 Jesu
2050 4096 2254 4150 Christi
2282 4095 2529 4166 prmcipit
2559 4096 2681 4159 tibi,
2703 4095 2939 4164 pessime
2962 4094 3210 4165 spiritus,
3239 4094 3477 4149 famulus

1898 4189 1997 4243 Dei
2025 4188 2289 4259 Symeon,
2335 4198 2394 4244 ut
2422 4203 2585 4243 exeas
2608 4190 2728 4242 loco
2752 4188 2890 4253 hoc;
2922 4199 2977 4242 et
3008 4189 3273 4242 continuo
3308 4189 3360 4258 (σι
3384 4205 3477 4258 ρο-

1900 4280 2162 4334 tentiam!
2219 4296 2251 4334 ο
2292 4280 2521 4334 divitem
2576 4280 2867 4350 Symeonis
2911 4280 3205 4353 gratiam!)
3246 4282 3478 4350 spiritus

223 4355 535 4427 μέγα,λίαν
582 4357 821 4426 αίσχρῶς
860 4357 1265 4413 ἀπελαύνεται·
1295 4359 1533 4430 ἡσύχαζε
1583 4359 1641 4413 δὲ
1697 4360 1791 4413 τοῦ

1900 4387 2095 4441 magno
2115 4371 2264 4425 edito
2290 4386 2426 4426 sono
2466 4370 2767 4427 foedissime
2826 4372 3051 4441 pellitur
3088 4391 3104 4426 :
3158 4372 3224 4427 de
3278 4382 3477 4427 caetero

219 4448 409 4500 λοιποῦ
441 4448 498 4500 τὸ
528 4448 708 4518 ἔργον,
742 4451 833 4503 καὶ
858 4452 999 4503 κατὰ
1034 4449 1192 4519 λόγον
1222 4450 1440 4522 ἐχώρει.

290 4626 396 4695 ιιθν.
440 4628 593 4681 Ἐπεὶ
625 4627 678 4679 δὲ
706 4626 1021 4698 ᾠκοδόμητο
1049 4627 1203 4700 μὲνὴ
1232 4629 1461 4700 μάνδρα,
1501 4622 1799 4701 λελατόμη-

219 4738 279 4773 το
305 4720 362 4773 δὲ
391 4723 420 4773 ὁ
444 4719 649 4786 στύλος,
680 4721 997 4790 λατομεῖταί
1027 4741 1111 4785 τις
1137 4724 1232 4775 καὶ
1260 4724 1458 4785 λάκκος
1503 4724 1653 4789 δεξιά
1700 4723 1795 4778 τοῦ

217 4812 396 4874 κίονος
455 4812 589 4879 πρὸς
622 4813 911 4876 Ἀνατολάς
974 4815 1269 4888 (ἐπιτροπῇ
1335 4816 1391 4868 δὲ
1441 4816 1534 4872 τοῦ
1614 4818 1793 4885 Ἀγίου

217 4903 377 4956 τοῦτο
401 4903 488 4957 διὰ
506 4904 605 4974 τὴν
641 4906 731 4958 τοῦ
762 4905 955 4970 ὕδατος
985 4909 1233 4977 σπάνιν),
1265 4909 1324 4971 ὃς
1357 4910 1793 4983 ὕδατοςνητληρω·

221 4996 356 5059 θεὶς,
396 5000 511 5061 τοῖς
543 5015 603 5051 τε
637 4999 886 5065 ἀδελφοῖς
919 5001 1012 5053 καὶ
1040 5003 1151 5063 τοῖς
1200 5002 1300 5054 ὰνά
1330 5002 1429 5072 τὴν
1460 5006 1627 5077 μονὴν
1682 5022 1795 5073 χει-

221 5086 563 5154 ροτεχνοῦσιν
596 5088 697 5139 ὅσα
720 5104 783 5154 γε
819 5088 957 5157 πρὸς
988 5089 1293 5157 ἀναγκαίαν
1324 5093 1553 5161 ἐπήρκει
1584 5093 1793 5161 χρείαν.

230 5174 540 5244 Ἐνεστὴκει
570 5177 665 5244 μὲν
694 5176 787 5230 οὖν
816 5176 939 5247 ἄρτι
968 5178 1062 5229 τοῦ
1090 5178 1282 5247 χρόνου
1307 5180 1366 5231 τὸ
1395 5180 1788 5250 ἀνθηρότατον,

217 5262 250 5330 ὴ
283 5264 375 5316 τοῦ
418 5265 561 5317 θείου
595 5268 787 5336 Πάσχα
828 5268 1117 5337 λάμπουσα
1146 5270 1367 5340 φαιδρὸν
1398 5271 1629 5339 ἑϐδομὰς
1654 5310 1668 5333 ,
1698 5273 1794 5342 τὴν

216 5354 492 5424 ἡμετέραν
546 5358 821 5427 σωτηρίαν
853 5360 1295 5430 πανηγυρίζουσα
1326 5378 1340 5393 ’
1364 5361 1472 5413 τῶν
1504 5362 1560 5413 δὲ
1612 5364 1790 5431 μαθη-

214 5446 345 5510 τῶν,
378 5450 437 5499 τὸ
469 5450 568 5515 μὲν
601 5451 835 5523 ἠρεμίαν
866 5453 943 5523 τῷ
986 5455 1290 5525 διδασκάλῳ
1338 5473 1400 5508 πε
1414 5456 1788 5524 ριποιούντων,

213 5533 250 5610 ᾗ
283 5539 379 5591 καὶ
417 5541 618 5607 μᾶλλον
648 5544 809 5596 αὐτὸν
842 5546 1036 5614 ᾔδεσαν
1070 5548 1349 5617 χαίροντα,
1388 5550 1448 5600 τὺ
1476 5549 1531 5600 δὲ
1562 5550 1619 5601 τὸ
1650 5548 1792 5618 ὕδωρ

216 5631 427 5692 ἑαυτοῖς
459 5632 927 5705 ἀποταμιούντων,
964 5637 1049 5691 διά
1073 5655 1128 5689 τε
1156 5641 1251 5706 τὴν
1281 5640 1444 5692 αὐτοῦ
1481 5640 1790 5711 βραχύτητα

1902 4471 2085 4516 autem
2139 4463 2325 4530 quiete
2380 4463 2710 4516 :ediﬁcatum
2765 4472 2870 4528 est,
2904 4472 2959 4518 et
3002 4464 3209 4518 fabrica
3266 4467 3348 4536 (ut
3391 4466 3476 4519 di-

1902 4564 2051 4608 ctum
2108 4554 2212 4623 est)
2270 4553 2661 4623 perficiebatur
2707 4570 2773 4608 ex
2821 4556 3137 4610 sententia:

1971 4644 2058 4698 99.
2092 4644 2219 4699 Post
2250 4647 2716 4716 exstructumjam
2742 4648 3159 4715 monasterium,
3196 4648 3475 4703 etcolum-

1904 4753 2027 4790 nam
2057 4752 2248 4791 czesam
2274 4781 2286 4803 ,
2321 4745 2550 4792 cavatur
2572 4747 2625 4793 et
2645 4739 2901 4801 cisterna,
2921 4754 2950 4793 a
2969 4740 3190 4795 dextera
3206 4743 3475 4796 columna:

1906 4839 2059 4898 parte
2098 4846 2291 4884 versus
2338 4832 2629 4893 orientem,
2685 4831 2913 4900 jubente
2969 4831 3040 4883 ita
3090 4831 3359 4902 Symeone
3405 4832 3477 4886 ob

1902 4936 2169 4989 aquarum
2204 4921 2489 4989 penuriam
2516 4939 2530 4987 ;
2563 4929 2623 4973 ut
2649 4922 2776 4976 inde
2805 4922 3068 4976 fratribus
3088 4932 3141 4976 et
3174 4923 3226 4975 in
3281 4939 3473 4977 mona-

1900 5013 2070 5066 sterio
2100 5013 2462 5081 operantibus
2494 5013 2562 5067 ad
2597 5029 2730 5067 usus
2772 5014 3114 5068 necessarios
3155 5030 3293 5083 aqua
3348 5029 3476 5082 sup-

1899 5105 2265 5174 peditaretur.
2288 5106 2343 5158 In
2377 5105 2723 5177 foribusjam
2750 5113 2873 5159 erat
2896 5104 3307 5158 tloridissimum
3335 5114 3474 5157 teni—

1898 5211 2022 5264 pus,
2043 5196 2344 5250 clarissima
2364 5197 2751 5265 lmtissimaque
2769 5197 2943 5249 sancti
2962 5197 3245 5250 Paschalis
3268 5194 3474 5249 hebdt»

1899 5286 2080 5349 mada,
2109 5292 2389 5341 auctorem
2422 5296 2585 5356 atque
2619 5287 2999 5355 operationem
3032 5288 3223 5340 salutis
3271 5296 3474 5339 nostra:

1896 5377 2223 5439 celebrans;
2275 5394 2399 5431 cum
2448 5377 2755 5446 discipulis,
2814 5379 3010 5446 partim
3057 5378 3318 5447 magistro
3374 5393 3474 5431 sua

1896 5466 2275 5528 solitudinem,
2304 5482 2408 5535 qua
2434 5469 2709 5535 praecipue
2738 5466 2889 5519 illum
2916 5466 3176 5519 delectati
3207 5479 3475 5519 noverant

1898 5555 2301 5610 instruentibus
2355 5558 2551 5625 partim
2602 5573 2819 5625 aquam,
2884 5558 2953 5611 ob
3005 5558 3357 5627 exiguitatem
3419 5563 3475 5610 (ι

1896 5643 2267 5697 adferentium
2311 5645 2438 5700 inde
2492 5646 2920 5709 multitudinem,
2965 5646 3165 5700 additis
3223 5648 3476 5701 cistezme
