4034 6186
481 205 484 210 ’
573 241 712 307 3079

1137 325 1218 350 μιν

1777 249 1838 309 S.
1871 249 2250 310 SYMEONIS
2285 251 2647 312 JUNIORIS

3697 253 3836 318 δοκι)

575 359 836 428 operculo
867 365 924 412 ct
950 373 1072 414 sera
1105 347 1208 414 sibi
1233 359 1696 429 recondentibus;
1728 378 1876 428 cum,
1907 365 2141 434 inquam,

2257 365 2351 418 καὶ
2407 366 2469 418 τὸ
2523 367 2634 420 τῶν
2687 365 3104 435 ἀφικνουμένων
3159 365 3384 436 πλῆθος,
3413 365 3588 436 θύραν
3643 384 3704 418 τε

573 450 814 524 Symcon
845 467 904 507 se
933 453 987 506 in
1023 453 1224 522 spiritu
1261 452 1433 507 veluti
1465 453 1532 507 ad
1567 454 1868 509 cisternam
1913 439 2154 510 d‘elatum

572 543 744 608 videt,
778 559 976 614 aquam
1009 553 1244 613 utraque
1277 559 1440 598 manu
1474 545 1813 614 turbantem,
1840 565 2070 618 eamque
2099 551 2160 605 in‘

572 639 742 694 altum
777 639 893 692 tolli
939 649 995 693 ct
1027 640 1174 693 inter
1204 639 1612 696 multitudinem
1658 641 1918 698 distribui
1957 645 2157 715 juben-

573 729 1059 784 tem.‘Convocatis
1097 729 1280 800 itaque
1313 729 1580 786 fratribus
1603 733 1862 802 imperat,
1892 751 2068 790 seram
2097 745 2157 790 ut

574 819 846 878 auferant.
879 835 990 889 quo
1021 821 1296 886 universis
1321 837 1524 891 aquare
1557 825 1872 879 volentibus
1899 825 1965 880 ad
1996 843 2156 896 aper-

575 921 684 964 tam
724 911 1017 964 cisternam
1059 928 1316 966 accessus
1343 924 1530 982 pateat
1561 932 1574 968 :
1611 915 1727 970 Jam
1753 918 1924 982 enim,
1953 918 2152 987 inquit.

574 1017 812 1070 superna
851 1003 1161 1056 visitatinne
1191 1003 1326 1056 mihi
1365 1004 1630 1068 innotuit,
1664 1023 1858 1074 aquam
1906 1017 2018 1060 toto
2049 1009 2154 1062 hoc

571 1077 715 1148 anno
749 1113 857 1149 non
891 1097 1254 1152 defecturam.
1288 1099 1353 1153 Et
1379 1099 1512 1154 fides
1533 1101 1701 1156 dictis
1725 1103 1880 1156 stetit
1912 1121 1925 1155 :
1967 1119 2030 1158 ex
2061 1105 2152 1157 illo

569 1199 808 1250 namque
839 1193 1085 1253 tempore
1114 1203 1306 1240 omnes
1341 1190 1660 1242 monasterii
1713 1190 1904 1244 incola:
1935 1191 2000 1244 ad
2029 1192 2150 1260 pin-

575 1276 807 1330 scndum
830 1293 1050 1345 panem,
1071 1278 1138 1331 ad
1159 1280 1478 1348 coquendos
1496 1281 1742 1344 cibos,ad
1761 1283 2000 1352 reliquos
2021 1300 2154 1340 usus

571 1383 768 1436 aquam
821 1369 954 1424 inde
1004 1369 1359 1433 hauriebam,
1395 1373 1505 1426 imo
1535 1382 1592 1426 ct
1637 1373 1858 1429 fabrica:
1907 1375 2148 1430 indidem

573 1461 1034 1528 suppeditabatur
1065 1480 1084 1514 ι
1119 1463 1258 1516 adde
1310 1463 1456 1532 quod
1508 1465 1833 1520 accedentes
1866 1467 2030 1520 etiam
2083 1467 2148 1520 ad
2189 1519 2204 1524 -

543 1551 902 1622 .Symeonem
951 1555 1126 1609 turba:
1155 1571 1266 1608 non
1297 1557 1472 1610 solum
1507 1559 1635 1612 inde
1671 1558 1944 1622 biberent,
1977 1561 2068 1612 sed
2097 1571 2150 1614 et

571 1657 700 1695 vasa
729 1642 948 1696 diversa
973 1652 1029 1697 et
1071 1653 1216 1700 totos
1265 1657 1414 1700 utres
1451 1647 1762 1716 implerent,
1793 1665 1988 1718 aquam
2049 1667 2146 1718 pro

571 1749 797 1788 munere
832 1735 1052 1788 domum
1095 1737 1478 1804 conferentes;
1523 1755 1624 1794 nec
1677 1749 1860 1795 tamen
1899 1757 2142 1810 unquam

571 1823 666 1879 illo
698 1841 844 1879 anno
887 1827 1124 1881 cisterna
1171 1827 1274 1881 fuit
1321 1829 1604 1883 exhausta.

642 2079 760 2133 100.
797 2081 1030 2150 Vigilius
1063 2083 1306 2151 quidam,
1337 2083 1578 2142 famulus
1629 2089 1966 2147 domesticus
2013 2097 2142 2150 olim

569 2171 896 2238 patriarcha:
925 2173 1184 2241 Ephraim
1216 2175 1392 2230 felicis
1421 2182 1720 2244 memoritc,
1767 2191 1881 2237 toto
1915 2201 2144 2256 corpore

571 2263 918 2332 paralyticus,
973 2267 1196 2318 tertium
1235 2269 1344 2336 jam
1395 2286 1599 2324 armum
1649 2273 1714 2326 ad
1763 2290 1944 2330 sacras
2001 2278 2146 2334 aedes

561 2351 830 2420 jacuerat,
874 2354 1216 2425 medicisque
1277 2373 1337 2412 se
1387 2361 1689 2415 curandum
1745 2367 2142 2422 commiserat:

565 2459 802 2510 quorum
833 2454 951 2498 arte
977 2447 1110 2499 nihil
1143 2459 1474 2504 consecutus
1501 2453 1604 2506 nisi
1631 2456 1776 2522 quod
1801 2458 2146 2514 manifestius

565 2537 672 2606 jam
694 2537 1092 2590 conclamatum
1116 2551 1260 2594 esset
1289 2540 1356 2595 de
1387 2543 1534 2610 vita;
1563 2554 1770 2600 tantum
1809 2549 1886 2602 uti
1918 2557 2144 2606 truncus

563 2627 856 2692 exanimis,
903 2638 996 2682 aut
1027 2631 1212 2698 potius
1259 2633 1476 2702 spirans
1503 2637 1754 2703 cadaver,
1785 2640 1850 2692 ad
1889 2650 2142 2696 sanctum

565 2717 880 2770 advehitur.
925 2719 1136 2774 Jacitur
1183 2723 1552 2780 miserandum
1597 2731 1972 2797 spectaculum
2016 2742 2142 2788 ante

563 2805 758 2862 faciem
803 2811 906 2864 viri
956 2812 1204 2882 benigni,
1249 2817 1478 2872 multum
1511 2820 1734 2876 trahens
1765 2837 1951 2876 secum
1981 2825 2146 2878 mise-

565 2900 812 2966 rationis;
849 2918 1012 2971 quam
1047 2915 1102 2958 et
1129 2907 1397 2975 impertiri
1419 2913 1661 2979 paratior
1691 2913 1782 2970 hic
1801 2924 1944 2980 erat,
1976 2933 2140 2984 quam

563 2987 655 3042 ille
704 2992 798 3060 qui
839 2995 1057 3062 petebat
1103 2999 1372 3068 accipere.
1429 3001 1518 3057 Ait
1570 3004 1738 3070 igitur
1781 3007 1884 3062 :Si
1935 3011 2138 3075 credis,

566 3083 728 3136 fidem
759 3095 932 3150 tuam,
970 3103 1136 3156 quam
1183 3091 1252 3144 de
1299 3093 1436 3146 Filio
1481 3097 1576 3149 Dei
1605 3097 1797 3164 babes,
1835 3117 1994 3170 posse
2043 3104 2140 3157 tibi

566 3174 848 3228 mediante
875 3193 962 3232 me
993 3182 1286 3235 restituere
1313 3185 1576 3250 salutem;
1609 3203 1767 3260 surge
1799 3201 1858 3244 ut
1887 3203 2062 3262 potes,
2090 3206 2144 3250 et

563 3261 807 3314 ambula.
865 3264 958 3316 llle
1013 3283 1134 3320 mox
1181 3285 1342 3337 quam
1393 3273 1618 3342 poteraf
1656 3261 1960 3335 clarissima
2007 3300 2142 3340 voce

563 3354 878 3408 rxrlamans
919 3374 930 3408 :
963 3357 1162 3422 Credo,
1193 3361 1440 3429 Domine,
1473 3381 1630 3434 posse
1665 3377 1716 3422 te
1747 3385 1848 3438 per
1878 3373 2138 3429 famulum

566 3453 718 3497 tuum
747 3448 952 3500 orttnia.
985 3448 1028 3502 0
1053 3451 1422 3508 visitationem
1449 3456 1724 3514 divinam!
1757 3478 1788 3514 0
1823 3463 1985 3518 breve
2015 3483 2140 3520 ver-

565 3534 695 3588 bum
754 3555 960 3610 magnae
990 3545 1134 3611 apud
1185 3545 1352 3600 Deum
1399 3551 1694 3618 potentith
1731 3553 2137 3624 Exsiliitillieo,

565 3629 886 3700 redditaque
952 3635 1138 3690 debita
1185 3648 1373 3694 sancto
1423 3645 1808 3711 veneratione,
1871 3663 1903 3702 e
1955 3661 2139 3706 monte

561 3719 927 3787 descendens,
964 3727 1029 3779 ad
1071 3728 1328 3784 balneum
1379 3733 1526 3800 quod
1560 3735 1881 3794 Tiberinum
1909 3739 2134 3806 dicitur,

559 3821 726 3863 cursu
756 3815 1072 3882 contendit;
1112 3825 1224 3871 tum
1267 3821 1412 3888 quod
1449 3823 1708 3892 gaudium
1737 3841 1898 3880 suum
1940 3844 2137 3899 capere

559 3901 744 3955 animo
769 3917 876 3958 non
901 3915 1102 3974 posset,
1137 3925 1238 3962 nec
1265 3925 1323 3964 se
1355 3927 1464 3981 pra:
1487 3915 1782 3985 voluptatis
1802 3917 2136 3976 abundantia

558 3991 864 4058 continere,
908 4005 1022 4050 tum
1065 3999 1210 4068 quod
1241 4000 1526 4058 festinaret
1563 4007 1768 4076 prioris
1801 4009 2136 4070 infirmitatis

559 4083 821 4152 reliquias
872 4087 1117 4144 abluere.
1171 4091 1236 4147 Et
1305 4093 1606 4151 descensus
1655 4098 1744 4154 ille
1795 4102 2018 4170 quidem
2065 4105 2134 4161 de

557 4187 743 4232 monte
799 4179 1102 4234 stadiorum
1151 4181 1374 4238 circiter
1425 4187 1609 4256 viginti
1679 4191 1916 4246 duorum
1979 4203 2131 4262 erat;

555 4283 720 4336 quem
766 4269 1014 4325 decurrit
1062 4276 1304 4329 extensis
1353 4277 1418 4332 ad
1469 4279 1639 4334 Deum
1687 4283 1983 4352 manibus;
2037 4301 2132 4341 ore

2259 457 2447 528 λάκκῳ
2470 458 2788 523 ἐπιθέντων,
2827 459 2920 512 καὶ
2949 459 3134 512 κλεῖδα
3159 462 3226 530 τῇ
3255 458 3397 530 θύρᾳ
3419 459 3786 514 ἐπιϐαλόντων
3813 479 3828 494 ο

2257 549 2464 620 epist?)
2492 549 2765 620 πνεύματι
2792 553 2820 603 ό
2850 551 3076 620 Συμεὼν
3102 550 3300 604 ἑαυτὸν
3329 551 3471 604 κατᾶ
3507 551 3600 603 τὸν
3634 553 3829 606 λάκκον

2256 641 2420 693 οίονε)⁵
2455 643 2745 710 γεγονότα,
2773 643 2834 696 τό
2861 659 2920 694 τε
2959 641 3100 712 ὕδωρ
3126 641 3464 712 ἀμφοτέραις
3491 644 3680 712 χερσὶν
3703 646 3828 696 ἀνα-

2255 734 2624 802 ταράσσοντα,
2663 733 2756 787 καὶ
2783 733 2974 804 ὥσπερ
3003 735 3126 788 ἄνω
3153 733 3418 804 φέρεσθαι
3447 737 3542 788 καὶ
3589 741 3666 798 είς
3693 737 3824 805 πλῆ-

2257 823 2349 886 θος
2401 825 2695 878 ἐπιδιδόναι
2753 825 3038 878 ποιοῦντα.
3073 825 3424 893 Συγκαλέσας
3479 827 3658 878 τοίνυν
3702 830 3822 889 τοὺς

2255 915 2540 984 ἀδελφοὺς,
2569 911 2698 988 ἆραι
2753 916 2964 970 κελεύει
3013 918 3112 988 τὴν
3167 917 3386 982 κλεῖδα,
3435 919 3512 982 ὡς
3559 920 3824 994 ἀνεῷχθαι

2255 1009 2420 1061 παντὶ
2450 1009 2540 1061 τὸν
2565 1009 2768 1062 λάκκον
2796 1009 3117 1082 ὑδρεύεσθαι
3145 1009 3473 1081 βουλομένῳ,
3529 1007 3824 1082 Ἑπιοιιοπὴ

2255 1098 2386 1166 γὰρ,
2415 1100 2601 1169 φησὶν,
2635 1101 2840 1155 ἄνωθεν
2893 1103 2980 1153 ἐπ’
3045 1101 3192 1171 αὐτῷ
3243 1103 3479 1170 γεγόνει,
3510 1105 3603 1155 καὶ
3641 1105 3742 1156 οὐκ
3759 1104 3823 1156 ’τι

2253 1191 2502 1243 ἐνιαυτὲν
2555 1190 2744 1242 τοῦτον
2779 1189 3032 1260 οὐδαμῶς
3082 1189 3324 1260 ἐκλείψει
3359 1209 3372 1222 ·
3409 1192 3553 1245 κατά
3577 1193 3744 1254 πόδας
3771 1194 3824 1245 δὲ

2253 1281 2348 1335 καὶ
2375 1281 2436 1334 τὸ
2465 1281 2623 1350 ἔργον
2657 1283 3048 1352 ἐπηκολούθει·
3095 1283 3158 1336 οὐ
3191 1285 3299 1353 γὰρ
3323 1283 3486 1350 μόνον
3521 1283 3584 1347 ἐξ
3617 1285 3827 1336 ἐκείνου

2251 1373 2453 1435 πάντες
2479 1373 2688 1426 ἐκεῖθεν
2721 1375 2770 1426 οἱ
2801 1375 2896 1444 τῆς
2931 1375 3096 1445 μονῆς
3147 1375 3283 1441 πρός
3307 1392 3368 1427 τε
3401 1376 3504 1446 τὴν
3539 1375 3636 1428 τοῦ
3672 1377 3830 1444 ἀρτοο

2249 1462 2476 1526 ποιείου,
2506 1463 2598 1514 καὶ
2613 1462 2706 1515 τοῦ
2729 1465 3066 1534 μαγειρείου,
3089 1465 3302 1528 καὶτὰς
3321 1466 3515 1528 λοιπὰς
3547 1467 3832 1536 ὑδρεύοντο

2249 1554 2458 1622 χρείας,
2495 1554 2632 1607 ἀλλὰ
2665 1555 2759 1608 καὶ
2797 1558 2918 1620 ταῖς
2947 1557 3260 1625 οξκοδομαῖς
3311 1559 3515 1618 ἐκεῖνος
3553 1560 3584 1610 6
3625 1560 3830 1620 λάκκος

2251 1646 2502 1714 ἐχορήγει
2532 1647 2593 1699 τδ
2624 1645 2802 1718 ὕδωρ·
2837 1649 2908 1700 τά
2937 1665 2998 1700 τε
3029 1649 3178 1718 παρὰ
3205 1649 3300 1702 τὸν
3333 1650 3522 1717 Ἀγιον
3555 1651 3830 1720 ἐρχόμενα

2251 1736 2428 1806 πλήθη
2477 1739 2574 1808 οὐχ
2619 1739 2769 1802 ὅπως
2807 1740 2866 1808 ἐξ
2903 1739 3066 1793 αὑτοῦ
3105 1741 3304 1802 πάντες
3341 1741 3544 1806 ἔπινον,
3571 1741 3710 1794 ἀλλὰ
3737 1741 3830 1794 καὶ

2247 1827 2446 1894 ἀγγεῖα
2476 1828 2697 1882 ποικίλα
2725 1829 2819 1882 καὶ
2847 1831 3048 1892 ἀσκοὺς
3069 1829 3222 1892 ὅλους
3253 1831 3546 1900 ἐπλήρουν,
3577 1833 3830 1900 εὐλογίαν

2249 1919 2428 1971 οἴκαδε
2473 1921 2849 1988 κομιζόμενοι,
2897 1923 2992 1975 καὶ
3035 1923 3095 1974 τὸ
3139 1921 3280 1992 ὕδωρ
3315 1922 3525 1974 ἐκείνου
3553 1923 3646 1975 τοῦ
3673 1923 3828 1986 ἔτους

2247 2011 2499 2079 οὐδαμῶς
2531 2013 2802 2068 ὑπεδίδου.

2318 2107 2383 2168 ρ’.
2421 2101 2690 2169 Βιγίλλιός
2709 2121 2792 2166 τις
2821 2103 3012 2172 ὖνομα,
3049 2105 3264 2174 οἰκέτης
3301 2104 3358 2158 δὲ
3389 2099 3544 2168 οὗτος
3583 2107 3825 2176 Ἐφρ;.ῖμ

2244 2192 2338 2244 τοῦ
2387 2183 2692 2261 μακαρίτου
2745 2196 3113 2266 Πατριάρχου,
3145 2197 3406 2267 παρεθεὶς
3437 2197 3544 2267 ὅλῳ
3583 2199 3820 2269 σώματι.

2245 2285 2337 2335 καὶ
2373 2285 2554 2354 τρίτον
2587 2285 2714 2355 ἐξῆς
2759 2287 2878 2348 ἔτος
2927 2288 3094 2356 ἱεροῖς
3139 2289 3704 2360 προσανακλινόμενος
3747 2291 3824 2342 οῖ-

2245 2391 2383 2440 κοις,
2417 2375 2616 2446 ἰατρῶν
2637 2395 2696 2430 τε
2724 2379 2914 2448 χερσὶν
2939 2381 3130 2434 ἐαυτὸν
3157 2367 3419 2444 ἐκδιδοὺς,
3449 2381 3526 2444 ὡς
3546 2382 3698 2434 οὐδὲν
3721 2383 3820 2448 τῆς

2243 2465 2440 2537 τέχνης
2467 2467 2640 2522 ὤνατο
2673 2470 2854 2534 πλέον,
2885 2473 2966 2525 ὅτι
3019 2472 3094 2542 μὴ
3135 2473 3282 2544 σαφῆ
3307 2473 3408 2542 τῆς
3437 2473 3582 2543 ζωῆς
3611 2477 3822 2542 ἀπαγό-

2247 2575 2449 2624 ρευσιν,
2481 2555 2569 2614 οἷά
2595 2580 2646 2614 τι
2675 2563 2780 2616 τῶν
2807 2565 3030 2634 ἀψύχων
3055 2565 3088 2634 ἢ
3121 2567 3315 2636 νεκρὸς
3347 2567 3546 2637 μᾶλλον
3579 2567 3820 2639 ἔμψυχος

2243 2647 2304 2700 τὸ
2339 2651 2677 2716 καινότατον,
2711 2655 2998 2720 κομίζεται
3043 2656 3122 2726 τῷ
3161 2657 3345 2727 Ἂγίῳ.
3394 2658 3672 2712 Ῥίπτεται
3709 2677 3820 2714 τοι·

2243 2739 2446 2810 γαροῦν
2468 2742 2631 2796 ἀθλία
2667 2745 2773 2814 πρὸ
2800 2746 2910 2798 τῶν
2945 2747 3160 2802 ἐκείνου
3193 2750 3592 2821 φιλανθρώπων
3619 2753 3822 2822 ὀφθαλ-

2247 2831 2364 2901 μῶν
2385 2832 2527 2902 ὄψις,
2561 2835 2728 2887 πολὺν
2753 2837 2929 2890 ’ἐλκων
2957 2839 3048 2892 τὸν
3079 2839 3246 2904 ἔλεον,
3275 2841 3334 2894 ὂν
3355 2844 3384 2894 ὁ
3401 2841 3494 2894 τοῦ
3521 2842 3824 2912 λαμϐάνειν

2243 2924 2520 2988 αἰτοῦντος
2545 2925 2740 2980 διδόναι
2781 2929 2978 2995 μᾶλλον
3010 2933 3218 2995 ἐκεῖνος
3253 2931 3328 2985 ὣν
3363 2933 3822 3004 ἐτοιμότερος,Εξ

2249 3013 2542 3077 πιστεύεις,
2583 3015 2708 3086 ἔφη,
2753 3017 3012 3072 δύνασθαι
3057 3021 3156 3092 τὴν
3185 3015 3244 3074 ἐν
3283 3017 3366 3077 σοὶ
3395 3023 3576 3076 πίστιν
3609 3025 3690 3087 είς
3729 3025 3824 3077 τον

2247 3091 2374 3156 fil»)
2399 3105 2491 3157 τοῦ
2517 3105 2652 3159 Θεοῦ
2686 3107 2753 3160 δι’
2783 3109 2920 3178 ἐμοῦ
2957 3091 3181 3179 μεσίτου
3219 3113 3470 3167 ἰάσασθαί
3501 3131 3580 3177 σε,
3608 3115 3824 3184 ἐγειραι

2243 3197 2317 3258 ὡς
2343 3196 2487 3265 ἔχεις
2523 3199 2616 3250 καὶ
2643 3201 2956 3270 περιπάτει.
2997 3201 3055 3255 '0
3085 3203 3163 3268 δέ,
3195 3205 3464 3270 Πιστεύω,
3501 3207 3694 3275 Κύριε,
3727 3207 3826 3260 δύ-

2243 3285 2434 3337 νασθαί
2471 3303 2527 3337 σε
2559 3287 2646 3338 διὰ
2665 3288 2758 3340 τοῦ
2785 3288 2878 3340 σοῦ
2904 3289 3235 3360 θεράποντος
3269 3295 3466 3360 πάντα,
3491 3297 3720 3368 λαμπρᾷ
3745 3299 3824 3362 ὡς

2242 3371 2385 3443 εἶχεν
2417 3375 2577 3438 εὐθὺς
2613 3381 2679 3448 τῇ
2711 3383 2864 3450 φωνῇ
2893 3380 3096 3451 βοήσας
3141 3383 3208 3446 (ὣ
3233 3383 3383 3448 θείας
3405 3387 3740 3457 ἐπισκοπῆςί
3771 3388 3820 3440 ὦ

2243 3468 2688 3537 ρήματοςκόλίγου
2719 3472 2929 3550 μεγᾲλα
2953 3475 3107 3544 παρὰ
3127 3475 3246 3545 Θεῷ
3263 3476 3558 3547 δυναμένου
3581 3481 3627 3550 !)
3649 3481 3826 3550 ἥλατό

2239 3579 2298 3612 τε
2325 3561 2542 3626 αὐτίκα,
2588 3565 2682 3615 καὶ
2719 3564 2818 3635 τὴν
2847 3570 3235 3638 προσήκουσαν
3269 3570 3344 3640 τῷ
3387 3571 3553 3643 Ἀγίῳ
3579 3575 3824 3645 προσ-κέ-

2239 3669 2393 3722 νησιν
2427 3653 2805 3722 ἀποδεδωκὼς,
2840 3659 3031 3729 κατῄει
3060 3659 3248 3732 δρόμῳ
3276 3661 3368 3715 τοῦ
3397 3663 3556 3734 ὄρους
3591 3667 3744 3736 παρά
3765 3685 3822 3718 τι

2241 3741 2541 3812 βαλανεῖον,
2569 3745 2848 3814 Τιϐερῖνον
2877 3749 3234 3819 καλούμενον,
3273 3753 3336 3805 τὸ
3371 3755 3468 3823 μὲν
3497 3759 3694 3824 χωρεῖν
3721 3759 3824 3826 οὐχ

2237 3827 2348 3896 οἷός
2385 3851 2445 3888 τε
2495 3835 2570 3888 ὢν
2608 3838 2668 3888 ἐν
2711 3839 2888 3907 ἐαυτῷ
2925 3840 3028 3910 τὴν
3073 3842 3246 3912 χαρὰν
3275 3845 3369 3896 καὶ
3400 3845 3518 3898 οὐδὲ
3549 3847 3822 3910 καθεκτὸς

2237 3923 2435 3978 ἑαυτοῦ
2467 3925 2551 3979 διὰ
2578 3925 2736 3980 τοῦτο
2757 3931 3041 3998 γινόμενος
3065 3948 3078 3962 ·
3106 3933 3168 3985 τὸ
3191 3933 3246 3986 δὲ
3273 3935 3368 3987 καὶ
3395 3937 3534 3988 αὐτὰ
3563 3938 3664 4008 τῆς
3691 3957 3822 4008 πρε.-

2235 4016 2400 4086 τέρας
2431 4019 2804 4082 κακοπαθείας
2831 4021 3248 4079 ἁποπλύνασθαι
3287 4027 3356 4079 τὰ
3383 4027 3613 4098 λείψανα
3641 4033 3818 4084 σπεύ-

2233 4106 2338 4159 δων
2371 4107 2390 4180 (
2423 4107 2458 4177 ἡ
2505 4108 2688 4178 μέντοι
2717 4109 2942 4175 κάθοδος
2967 4114 3151 4185 ἐκείνη
3177 4119 3324 4171 πᾶσα
3351 4119 3442 4173 τοῦ
3475 4121 3634 4190 ὅρους
3687 4125 3820 4192 περί

2237 4213 2338 4249 που
2366 4197 2460 4251 δύο
2485 4201 2578 4252 καὶ
2607 4202 2812 4257 εἴκοσιν
2857 4204 2992 4259 οὖσα
3023 4208 3509 4282 σταδίους),χεῖρας
3539 4213 3688 4284 εῖχεν
3715 4220 3816 4268 αὖ-

2235 4287 2314 4360 τῷ
2359 4289 2764 4365 ὰνατεταμένας
2819 4295 2958 4366 Θεῷ,
2997 4297 3058 4351 τὸ
3089 4299 3266 4368 στόμα
3297 4319 3354 4354 τε
3389 4306 3568 4374 χαρᾶς
3605 4305 3816 4359 ὐποπε-

556 4359 766 4420 laetitia.
799 4368 853 4414 et
891 4362 1050 4417 labiis
1080 4365 1444 4422 exsultatione
1471 4371 1714 4439 repletis.
1747 4372 1922 4430 Lotus
1943 4385 2128 4430 autem

2243 4381 2566 4451 πλησμὲνον,
2597 4359 2700 4438 καὶ
2737 4359 2804 4440 τὰ
2831 4359 2984 4458 χείλη
3043 4359 3813 4466 ἀγαλλιάσεως.Ᾰούσάμενος

555 4451 758 4504 cursim
781 4453 970 4508 eadem
1006 4455 1072 4510 ad
1105 4467 1354 4511 sanctum
1387 4471 1663 4530 properat,
1689 4465 2000 4536 sarpiusque
2025 4467 2128 4521 ite-

557 4551 674 4596 rato
716 4543 984 4600 descensu
1035 4559 1200 4618 atque
1229 4565 1462 4606 ascensu
1510 4553 1654 4608 idem
1699 4555 1932 4621 factitat,
1963 4559 2128 4628 idque

557 4633 748 4690 eadem
774 4637 894 4701 die;
923 4649 983 4693 ut
1009 4639 1166 4696 factis
1198 4642 1352 4712 ipsis,
1382 4644 1760 4703 confirmatam
1789 4649 1892 4704 sibi
1913 4651 2127 4705 valetu-

553 4725 737 4782 dinem
787 4745 937 4796 esse,
985 4733 1146 4789 fidem
1195 4734 1444 4790 faceret:
1491 4739 1711 4794 tandem
1743 4741 2123 4799 benedictione

552 4830 775 4888 accepta
826 4837 858 4874 a
887 4833 1098 4890 sancto,
1147 4827 1382 4880 tetendit
1430 4827 1482 4882 in
1535 4828 1753 4894 urbem,
1797 4838 2120 4887 cunctorum

551 4911 728 4964 oculis
769 4912 1094 4969 admirabile
1129 4917 1503 4985 spectaculum
1537 4917 1610 4973 ob
1639 4921 1981 4976 sanationem
2013 4939 2120 4977 non

551 5002 853 5072 opinatam.
1751 5025 1760 5032 '

2237 4472 2444 4542 μέντοι,
2494 4475 2589 4528 καὶ
2631 4477 2817 4550 δρόμῳ
2867 4481 3031 4534 πάλιν
3077 4483 3279 4551 ὁμοίως
3313 4486 3464 4556 παρὰ
3491 4485 3584 4539 τὸν
3613 4489 3812 4558 φ’Λγιον

2233 4565 2504 4632 ἀνελθὼν,
2563 4569 2826 4635 πολλάκις
2885 4590 2945 4625 τε
2993 4573 3152 4628 τοῦτο
3209 4575 3434 4646 δράσας,
3475 4579 3692 4650 καθόδῳ
3747 4599 3808 4634 τε

2236 4659 2629 4728 παραπλησίως
2675 4663 2770 4715 καὶ
2814 4663 2986 4735 ἀνόδῳ
3032 4669 3399 4737 χρησάμενος,
3435 4669 3528 4722 καὶ
3569 4673 3666 4740 τῆς
3707 4673 3808 4743 as.)-

2231 4749 2331 4817 τῆς
2380 4749 2594 4820 ἡμέρας
2645 4751 2954 4824 ἀμφοτέρα,
3005 4754 3094 4806 ἶνα
3143 4755 3238 4809 καὶ
3279 4755 3378 4824 τὴν
3416 4757 3607 4825 ὑγείαν
3641 4759 3808 4822 αὐτὸς

2231 4839 2409 4904 ἐαυτῷ
2444 4841 2784 4914 mentiantur.
2815 4846 3013 4916 μᾶλλον
3051 4848 3160 4900 ἀπὸ
3199 4847 3291 4900 τοῦ
3325 4849 3652 4919 πράγματος
3675 4869 3690 4881 ·
3721 4853 3808 4904 τέ-

2229 4930 2322 4994 )ος
2363 4932 2680 5004 εὐλογηθεῖς
2726 4936 2818 4989 ὑπ’
2863 4939 3048 5006 αὐτοῦ,
3095 4940 3338 4996 κάτεισιν
3385 4944 3464 5006 είς
3503 4945 3602 5014 τὴν
3649 4947 3805 4998 πόλιν

2229 5019 2530 5088 ὀφθαλμοῖς
2591 5025 2728 5077 πᾶσι
2783 5027 2970 5097 θαῦμα
3027 5030 3104 5100 τῷ
3162 5029 3450 5103 παραδόξῳ
3491 5035 3588 5106 τῆς
3637 5035 3802 5104 θερα-

2231 5111 2412 5176 πείας.

1987 5235 2214 5294 CAPUT
2256 5241 2396 5298 Xlll.

1120 5342 1283 5398 Varia:
1327 5333 1548 5400 ecstdses
1580 5357 1627 5401 et
1675 5350 1944 5416 vaticinia,
2001 5369 2278 5424 precesque
2317 5374 2414 5426 pro
2455 5363 2751 5418 avertendis
2797 5365 3210 5425 calamitatibus.

625 5448 745 5503 l0l.
799 5450 856 5504 In
911 5457 1105 5508 ccstasi
1165 5457 1462 5526 aliquando
1518 5460 1751 5532 Symeon
1809 5464 1944 5518 vidit
1998 5467 2116 5520 inli-

551 5535 718 5592 nitam
766 5543 1034 5608 virorum,
1081 5549 1396 5614 mulierum,
1440 5568 1501 5606 ac
1539 5569 1836 5622 puerorum
1883 5559 2117 5624 turbam,

543 5643 606 5684 cx
643 5629 862 5712 Oriente
896 5635 960 5688 ad
993 5653 1050 5691 se
1086 5640 1446 5710 venientium,
1478 5659 1712 5712 quorum
1745 5661 1938 5703 manus
1977 5665 2120 5718 pric-

2304 5479 2404 5542 ρα’.
2449 5473 2717 5546 Ἐωράκει
2749 5483 2878 5535 ποτε
2903 5483 2931 5534 ό
2957 5483 3180 5554 Συμεὼν
3209 5487 3268 5541 ἐν
3291 5487 3565 5554 ἐκστάσει,
3591 5489 3790 5560 ἀνδρῶν

2228 5563 2323 5614 καὶ
2351 5567 2647 5632 γυναικῶν,
2663 5571 2758 5623 καὶ
2791 5573 2994 5627 παίδων
3031 5577 3233 5646 πλῆθος
3288 5581 3500 5653 μυρίον,
3567 5583 3790 5653 ἥκοντος

2227 5655 2305 5716 είς
2333 5655 2494 5709 αὐτὸν
2519 5659 2581 5711 ἐκ
2619 5661 2716 5729 τῆς
2749 5662 2882 5728 Ἕω,
2908 5667 2999 5718 καὶ
3023 5671 3242 5739 σταυροὶ
3267 5671 3366 5741 μὲν
3387 5671 3574 5734 αὐτοῖς
3597 5677 3654 5728 ἐν
3697 5688 3782 5740 χε-
