4034 6186
342 245 481 310 308.":

1335 240 1509 303 VITA
1549 240 1596 298 Α
1636 236 2073 300 NICEPHORU
2108 233 2572 296 CONSCRIPTA

3457 231 3594 298 3936

353 359 651 430 Γενόμενος
678 356 856 412 τοίνυν
882 357 910 409 ὁ
934 353 1028 411 τοῦ
1062 355 1196 409 Θεοῦ
1223 354 1404 420 δοῦλος
1438 357 1493 410 ὲν
1516 355 1714 426 ἐαυτῷ,
1746 356 1924 425 Προσ-

2029 367 2166 421 quas
2201 359 2346 406 terra
2379 351 2467 404 illa
2501 347 2762 406 habebat.
2800 349 2955 402 ruina
2985 350 3242 404 manebat
3267 344 3598 406 miseranda.

343 449 600 516 εύξασθαι
635 449 730 501 καὶ
761 445 925 501 πάλιν
961 446 1212 510 ἐκτενῶς,
1246 442 1420 512 εἶπεν,
1444 444 1684 514 ἀδελφοὶ,
1707 446 1810 516 χρή
1830 461 1843 476 ’
1871 447 1919 498 εἰ

342 543 450 612 γὰρ
498 542 590 594 καὶ
628 541 728 609 τὴν
765 541 950 609 χώραν
987 538 1192 608 ταύτην
1229 538 1413 607 ἀπαθῆ
1449 539 1631 591 κακῶν
1658 537 1918 606 διαφυλα-

343 627 536 697 κθῆναι
568 626 811 696 προέφην
839 627 988 692 ὑμῖν,
1013 626 1087 689 ὡς
1114 626 1178 678 ὲκ
1198 626 1296 695 τῆς
1320 625 1468 688 θείας
1491 626 1598 699 ἔχω
1621 624 1717 695 μὲν
1739 626 1918 679 θανεῖν

343 718 756 788 φιλανθρωπίας
779 735 791 746 ·
825 717 959 770 ἀλλὰ
987 717 1195 787 μεγάλη
1241 717 1392 788 παρὰ
1420 719 1622 787 Κυρίου
1655 718 1790 790 ὀργὴ
1825 719 1921 770 θυ-

345 810 448 880 μοῦ
493 809 656 862 αὑτοῦ
709 810 767 860 ἐν
818 809 951 879 πυρὶ
995 809 1156 879 ζήλου
1205 809 1371 861 αὑτοῦ
1421 808 1500 879 τῷ
1536 810 1724 880 κόσμῳ
1763 809 1922 863 ὲκκέο

344 919 563 966 καυται,
611 900 691 953 διὸ
740 903 835 954 καὶ⁸
885 901 1128 971 μεγάλης
1169 901 1295 970 ὑμῖν
1335 899 1416 952 δεῖ
1446 901 1581 971 πρὸς
1622 901 1781 953 αὐτὸν
1824 901 1920 966 τῆς

343 990 703 1060 ἐπιστροφῆς,
763 991 900 1043 ἀλλὰ
951 991 1044 1044 καὶ
1095 992 1194 1061 τῆς
1251 990 1392 1061 ὑπὲρ
1441 990 1534 1044 τοῦ
1585 991 1786 1054 παντὸς
1829 991 1921 1043 εὑ-

342 1096 465 1150 λης-

415 1267 527 1334 ρς⁴.
567 1264 780 1326 Πάντας
824 1264 1114 1333 τοιγαροῦν
1147 1263 1528 1334 συναθροίσας,
1562 1265 1677 1317 ὅσοι
1712 1281 1770 1316 τε
1813 1264 1921 1317 τῶν

344 1353 509 1406 αὐτοῦ
537 1354 792 1424 μαθητῶν
817 1351 978 1424 ἦσαν,
998 1355 1092 1406 καὶ
1116 1356 1230 1407 ὅσοι
1261 1355 1590 1424 πολλαχόθεν
1621 1353 1921 1423 τηνικαῦτα

345 1445 755 1514 παρασαλόντες
797 1448 1111 1516 ἐτύγχανον,
1158 1447 1525 1519 παραγγέλλει
1579 1451 1731 1516 κοινῇ
1786 1447 1921 1498 πᾶσι

344 1536 495 1600 λιτὰς
521 1539 651 1607 παρ’
673 1538 798 1601 ὅλας
825 1539 1041 1609 ἡμέρας
1067 1539 1330 1610 ἑξήκοντα
1355 1539 1651 1608 προσάγειν
1665 1539 1814 1610 Θεῷ,
1841 1538 1920 1590 ἔτι

345 1633 440 1681 καὶ
486 1629 612 1690 τοὺς
646 1629 738 1680 ἐπὶ
769 1632 889 1692 ταῖς
927 1631 1102 1694 λιταῖς
1137 1628 1342 1699 ὕμνους
1372 1630 1534 1694 αὐτὸς
1577 1630 1672 1684 καὶ
1708 1629 1921 1693 συνθεὶς

344 1720 438 1773 καὶ
483 1719 721 1784 διδάξας,
751 1721 896 1784 οἴους
924 1714 1038 1786 ὦτα
1073 1722 1206 1774 Θεοῦ
1242 1721 1378 1790 πρὸς
1407 1721 1630 1782 ἑαυτοὺς
1671 1721 1922 1790 ὲπιστρὲ·
1954 1708 1996 1762 Β

346 1829 488 1878 φειν.
525 1811 835 1864 Ἑτελοῦντο
864 1813 963 1882 μὲν
995 1809 1087 1865 οῦν
1121 1815 1176 1866 αἱ
1211 1813 1376 1877 λιταὶ,
1408 1817 1520 1875 τοῖς
1551 1814 1613 1865 ἐκ
1640 1813 1740 1882 τῆς
1773 1813 1923 1883 ἱερᾶς

345 1904 563 1972 ἐκείνης
598 1903 842 1972 γλώττης
878 1906 1042 1974 ἱεροῖς
1079 1904 1521 1974 κατεπαδόμεναι
1549 1903 1736 1973 ῦμνοις
1764 1919 1778 1933 ο
1813 1906 1924 1966 τοῖς

342 1995 401 2048 δὲ
428 1995 606 2066 ὄχλοις
633 1996 739 2049 ἀνὰ
761 1997 860 2068 τὴν
896 1997 1078 2067 χώραν
1101 1998 1333 2050 δεδιέναι
1363 2014 1422 2050 τε
1460 1997 1596 2066 πρὸς
1634 1995 1804 2058 αὐτὰς
1830 1995 1925 2048 καὶ

346 2086 571 2155 τρέμειν
626 2085 806 2154 ἐπῄει,
870 2086 1104 2155 χρηστὸν
1153 2087 1217 2138 ἐκ
1271 2084 1364 2137 τοῦ
1423 2085 1709 2155 μέλλοντος
1770 2085 1923 2136 οὐδὲν

348 2174 688 2245 προσδοκῶσι
708 2192 722 2205 ο
749 2176 842 2228 καὶ
869 2177 1049 2246 μέντοι
1083 2175 1178 2228 καὶ
1212 2177 1309 2247 τὴν
1327 2175 1504 2244 ψυχὴν
1527 2176 1624 2246 τῆς
1649 2174 1742 2227 τοῦ
1777 2176 1922 2228 ὁσίου

338 2267 557 2337 μητρὸς
592 2268 914 2320 κατέσεισαν
944 2263 1124 2331 αὗται,
1162 2268 1256 2322 καὶ
1292 2268 1602 2338 σεϐασμίως
1643 2269 1744 2321 ὅσα
1784 2267 1926 2322 κατά

347 2357 565 2426 »πνεῦμα
613 2360 802 2429 πατρὶ,
838 2358 1036 2428 μᾶλλον
1072 2358 1151 2430 τῷ
1186 2359 1286 2430 υἱῷ
1318 2359 1714 2430 προσελθοῦσα,
1752 2359 1920 2431 πολλή

347 2464 430 2510 τις
465 2444 534 2519 ἦν
562 2448 726 2502 αὐτοῦ
761 2451 988 2521 δεομένη
1028 2452 1397 2522 γνωρισθῆναι
1427 2451 1526 2520 τὴν
1558 2451 1734 2506 αἰτίαν
1763 2452 1922 2523 αὐτῇ,

347 2534 414 2589 δι’
437 2538 504 2607 ἣν
531 2538 724 2608 ἐκείνῳ
759 2541 893 2608 πρὸς
919 2541 1050 2594 Θεὸν
1081 2543 1136 2595 αἱ
1166 2541 1273 2596 τῶν
1299 2542 1516 2595 οἰκείων
1546 2541 1804 2612 μαθητῶν
1834 2543 1926 2596 καὶ

347 2625 440 2680 τοῦ
479 2627 714 2698 πλήθους
758 2630 922 2684 λιταί.
965 2632 1026 2686 Ὀ
1074 2631 1130 2684 δὲ
1189 2632 1462 2702 μητρικας
1506 2633 1606 2685 οὐκ
1655 2632 1928 2703 ἀτιμάσας

347 2716 580 2787 δεήσεις,
611 2719 755 2789 ἅπερ
785 2719 889 2772 ὑπὸ
919 2720 1017 2789 τῆς
1043 2721 1264 2791 χάριτος
1297 2720 1545 2793 μεμύητο
1566 2721 1923 2787 ὲκκαλύπτει,

348 2809 571 2875 Μέλλει,
636 2804 680 2863 ὦ
733 2813 928 2882 μῆτερ,
973 2812 1163 2879 εἰπὼν,
1206 2815 1404 2878 σεῖσαι,
1439 2812 1568 2883 φεῦῑ
1619 2815 1719 2884 ’τὴν
1762 2815 1866 2884 γῆν
1901 2817 1929 2868 ὁ

351 2902 502 2964 Θεὸς,
538 2902 614 2965 ὡς
638 2903 699 2955 οὐ
735 2903 954 2956 πώποτε
987 2899 1274 2974 πρότερον,
1305 2906 1386 2958 ὅτι
1414 2906 1487 2974 μὴ
1521 2906 1682 2975 μόνον
1708 2905 1803 2958 ἐπὶ
1833 2905 1927 2958 τοῦ

2027 442 2162 498 Cum
2195 458 2258 496 ex
2291 443 2392 496 hac
2425 441 2624 496 mentis
2663 439 2995 494 alienatione
3023 440 3090 494 ad
3123 457 3180 496 se
3217 441 3312 494 Dei
3355 441 3597 496 famulus

2029 536 2281 591 rediissct
2315 553 2325 588 :
2358 535 2458 588 Par
2479 543 2581 597 est,
2612 533 2812 604 inquit,
2851 533 3070 598 fratres,
3100 534 3301 588 iterum
3336 534 3605 588 intentius

2029 638 2187 680 orare
2241 644 2253 678 :
2302 625 2432 679 licet
2480 625 2624 679 enim
2670 624 2946 694 regionem
3000 624 3143 679 hanc
3191 624 3462 679 malorum
3507 638 3604 679 ex.

2028 735 2237 796 pertem
2291 732 2606 776 mansuram
2656 720 2882 790 prmdixi
2929 719 3106 783 vobis,
3163 734 3338 788 usque
3371 719 3500 773 dum
3539 731 3607 774 ex

2029 815 2215 870 divina
2260 812 2593 882 benignitate
2642 825 2789 864 mors
2839 811 2972 864 mihi
3037 810 3329 877 obveniat,
3367 817 3606 864 attamen

2029 915 2223 977 magna
2272 904 2351 958 ira
2404 903 2642 966 Domini,
2692 902 2772 955 ira
2825 901 3028 956 furoris
3070 902 3217 956 illius
3247 901 3303 954 in
3335 901 3456 970 igne
3502 900 3607 954 zeli

2029 998 2115 1052 sui
2163 995 2430 1050 mundum
2465 994 2825 1047 inflammavit
2871 1011 2882 1046 :
2926 1001 3215 1062 propterea
3267 1002 3323 1046 et
3357 988 3606 1046 converti

2029 1103 2131 1141 nos
2161 1087 2228 1140 ad
2255 1085 2410 1139 illum
2435 1101 2504 1138 ex
2533 1091 2644 1138 tota
2672 1091 2882 1148 mente,
2905 1093 2960 1137 et
2983 1098 3084 1152 pro
3111 1083 3368 1136 omnibus
3392 1079 3607 1151 precari

2027 1183 2266 1245 oportet.

2101 1265 2222 1320 106.
2253 1263 2475 1319 Coactis
2503 1263 2673 1334 igitur
2704 1263 2761 1316 in
2811 1277 3003 1328 unum,
3044 1270 3315 1332 quotquot
3364 1261 3608 1330 discipu-

2029 1356 2232 1419 lorum,
2288 1362 2560 1425 quotquot
2597 1363 2652 1409 et
2701 1354 3036 1408 advenarum
3083 1354 3206 1408 istic
3257 1353 3363 1408 loci
3419 1367 3610 1407 versa-

2029 1449 2250 1511 bantur,
2295 1447 2554 1501 omnibus
2600 1445 2966 1501 communiter
3024 1444 3220 1498 indicit
3273 1458 3466 1513 preces
3511 1459 3610 1514 per

2029 1538 2148 1594 dies
2175 1539 2452 1608 sexaginta
2479 1538 2590 1590 Deo
2619 1523 3033 1606 persolvendas.
3073 1535 3278 1588 Praeter
3300 1534 3397 1587 has
3424 1541 3610 1587 autem

2029 1630 2340 1693 orationes,
2377 1629 2608 1700 hymnos
2646 1641 2864 1697 quoque
2910 1624 3248 1694 prreseripsit
3289 1634 3345 1679 et
3388 1625 3608 1686 docuit.

2025 1720 2228 1790 quibus
2277 1733 2440 1773 aures
2485 1717 2703 1772 Domini
2744 1715 2986 1770 deliniL-e
3016 1715 3234 1769 miseris
3277 1715 3611 1771 inclinaren-

2027 1822 2134 1868 tur.
2171 1811 2500 1865 Funduntur
2529 1824 2661 1880 ergo
2688 1808 2907 1862 indictae
2934 1821 3160 1877 preces;
3191 1821 3345 1861 sacra
3377 1807 3605 1878 Symeo~

2026 1905 2112 1960 nis
2137 1905 2324 1975 lingua
2363 1919 2551 1959 sacros
2587 1902 2956 1957 intercinente
3000 1887 3261 1971 hymnos.
3321 1901 3608 1970 patentius

2025 1992 2199 2047 Deum
2238 2001 2544 2047 moventes.
2575 1991 2646 2046 At
2697 1991 2961 2061 populum
3016 1991 3270 2060 regiones
3302 1990 3422 2045 illas
3460 1992 3613 2046 inco-

2026 2084 2232 2138 lentem
2279 2085 2446 2138 timor
2489 2083 2620 2138 inde
2657 2091 2822 2153 atque
2861 2093 3066 2137 tremor
3102 2082 3482 2136 vehementior
3524 2081 3612 2134 in-

2027 2177 2215 2239 cessit,
2252 2176 2391 2231 nihil
2435 2176 2702 2246 deinceps
2724 2175 2855 2230 boni
2888 2184 3339 2245 exspectantem;
3392 2175 3502 2229 imo
3555 2183 3612 2228 et

2023 2277 2258 2322 matrem
2287 2268 2576 2340 Symconis
2607 2267 2813 2322 eaedem
2843 2268 3192 2337 precationes
3213 2266 3455 2336 graviter
3477 2281 3607 2335 per-

2029 2359 2340 2414 turbarunt.
2378 2359 2504 2414 llaac
2527 2359 2712 2428 itaque
2742 2357 3132 2412 venerabunda
3164 2358 3312 2410 velut
3332 2357 3386 2410 in
3413 2356 3612 2427 spiritu

2027 2450 2095 2504 ad
2132 2459 2366 2520 patrem,
2416 2458 2512 2505 aut
2545 2449 2731 2520 potius
2759 2447 2828 2502 ad
2857 2449 3052 2515 ﬁlium,
3095 2448 3210 2502 adit
3272 2448 3462 2502 multis
3507 2446 3612 2502 ob-

2030 2557 2272 2608 secrans,
2318 2554 2378 2598 ut
2407 2558 2626 2597 causam
2662 2540 2767 2597 sibi
2803 2543 3046 2612 aperiret
3087 2557 3258 2610 quare
3283 2556 3476 2609 preces
3506 2540 3614 2595 illa:

2032 2637 2298 2691 fratribus
2330 2651 2394 2690 ac
2443 2635 2621 2688 turbis
2673 2635 2936 2704 injunctaa
2989 2640 3198 2687 essent.
3247 2633 3366 2686 Non
3408 2632 3614 2702 sprevit

2030 2739 2254 2798 rogatus
2315 2728 2406 2782 ille
2459 2734 2738 2780 maternas
2795 2741 3024 2796 preces;
3073 2736 3132 2781 et
3177 2741 3299 2795 quae
3345 2725 3615 2782 divinitus

2027 2821 2258 2875 edoctus
2290 2819 2493 2885 fuerat,
2527 2828 2726 2873 cuncta
2751 2818 3104 2874 manifestat:
3133 2818 3616 2889 Conquassaturus
3681 2831 3687 2836 '

2031 2920 2135 2974 est,
2185 2908 2384 2978 inquit,
2421 2922 2454 2962 ο
2487 2917 2682 2971 mater,
2714 2908 2861 2964 Deus
2906 2917 3107 2962 terram
3154 2910 3396 2979 gravius,
3448 2925 3614 2979 quam

349 2991 679 3043 Δεσποτικοῦ
711 2991 804 3044 καὶ
836 2993 1103 3063 σωτηρίου
1137 2995 1362 3059 πάθους,
1407 2994 1474 3047 δι’
1500 2990 1561 3048 οὗ
1591 2995 1776 3048 παθὼν
1819 2995 1925 3065 ἐγὼ

423 3086 433 3100 .
476 3082 502 3100 η
594 3083 604 3096 .
803 3086 813 3100 .
1055 3088 1096 3100 η
1253 3088 1271 3100 .
1363 3091 1387 3100 ..
1463 3090 1476 3100 .
1564 3089 1579 3100 .
1609 3090 1642 3100 ..
1893 3091 1919 3100 -

2033 3018 2275 3070 unquam
2310 2999 2579 3065 antehac;
2613 2999 2709 3053 illo
2756 3008 2968 3054 tantum
3034 3012 3184 3056 motu
3211 3011 3463 3071 excepto,
3518 3002 3609 3070 qui

345 3086 443 3136 -κιὶ
476 3082 706 3137 θανάτου
729 3086 824 3137 καὶ
844 3088 1157 3157 τυραννίδος
1183 3088 1426 3159 χαλεπῆς
1452 3089 1818 3161 ἁπολέλυμαι’
1852 3091 1929 3162 τῷ

352 3176 562 3246 σεισμῷ
595 3178 650 3230 δὲ
684 3181 777 3231 καὶ
799 3180 1182 3250 συμπτώματα
1214 3181 1425 3251 ἕψεται,
1460 3182 1686 3252 καρδίας
1716 3183 1925 3254 ἀνθρω-

352 3271 514 3339 πίνης
545 3272 744 3343 δηλαδὴ
777 3274 1120 3344 θραύσματα.
1151 3270 1244 3338 Οἷς
1275 3277 1369 3328 ἐπὶ
1397 3277 1598 3347 μᾶλλον
1622 3277 1803 3348 ἐκείνη
1834 3277 1925 3330 τὶν

350 3359 516 3428 φόϐον
557 3362 860 3434 αύξήσασα,
908 3368 1050 3418 αἰτεῖ
1081 3365 1189 3418 τῶν
1229 3368 1510 3436 ἀχράντων
1549 3367 1642 3420 τοῦ
1687 3369 1926 3439 Χριστοῦ

353 3453 668 3522 μυστηρίων
703 3457 890 3524 χερσὶν
941 3456 1149 3509 ἐκείνου
1195 3461 1314 3520 ταῖς
1355 3459 1531 3521 ὁσίαις
1578 3459 1924 3526 μεταλαϐεῖν,

348 3541 591 3610 ἀσφαλὲς
627 3545 1012 3615 φυλακτήριον.

2036 3093 2234 3149 accidit
2264 3094 2320 3147 in
2349 3093 2566 3147 Domini
2598 3107 2661 3146 ac
2689 3091 3190 3147 Salvatoris-nostri
3214 3092 3493 3162 passione.
3516 3108 3616 3162 per

2035 3201 2198 3256 quam
2251 3184 2504 3240 infirmus
2544 3200 2646 3256 ego
2683 3193 2738 3238 et
2775 3194 2953 3239 morte
2991 3194 3047 3240 et
3093 3186 3292 3240 acerba
3325 3184 3616 3257 tyrannide

2033 3277 2303 3331 liberatus
2336 3291 2456 3330 sum
2489 3294 2502 3328 :
2535 3284 2744 3329 motum
2785 3283 2968 3330 autem
3015 3276 3165 3330 varia
3202 3285 3618 3346 consequentur

2009 3376 2418 3438 ‘symptomata,
2465 3367 2546 3420 ita
2597 3376 2657 3422 ut
2704 3367 2958 3423 homines
2997 3369 3262 3423 cordibus
3302 3368 3616 3438 animisque

2029 3460 2298 3515 defecturi
2332 3459 2462 3514 sint.
2503 3459 2664 3513 Hisce
2695 3459 2932 3513 maximo
2959 3460 3158 3514 timore
3189 3470 3347 3514 aucta
3388 3461 3618 3530 Symeo-

2031 3552 2120 3604 nis
2165 3560 2360 3614 mater,
2417 3550 2747 3603 intemerata
2779 3550 2984 3605 Christi
3029 3552 3290 3622 mysteria
3335 3569 3364 3605 e
3413 3553 3618 3614 sanctis

348 3633 499 3688 illius
543 3633 653 3705 (25)
712 3637 964 3694 manibus
1026 3640 1278 3711 accipere
1338 3641 1518 3710 petiit,
1559 3649 1747 3710 utpote
1813 3643 2182 3698 certissimum
2229 3641 2754 3711 securissimumque
2795 3643 3060 3697 adversus
3102 3644 3420 3713 ingruentia
3475 3649 3615 3702 mala

347 3725 682 3795 praesidium.
885 3750 905 3764 -
1315 3790 1321 3795 ,

419 3826 521 3898 ρξ’,
556 3827 670 3896 Τῆς
719 3825 764 3878 δ’
811 3819 1072 3897 ἐπιούσης
1109 3828 1455 3898 (παρασκευὴ
1490 3827 1545 3879 δὲ
1587 3825 1676 3898 ἦν)
1707 3824 1920 3880 σαλεύει

350 3915 451 3986 μὲν
483 3915 581 3983 τὴν
610 3913 714 3983 γῆν
749 3913 847 3982 ὀψὲ
879 3915 980 3983 τῆς
1009 3916 1224 3986 ἡμέρας
1267 3915 1410 3968 οὕτω
1450 3917 1716 3986 σφοδρῶς,
1746 3917 1821 3979 ὡς
1851 3917 1925 3986 μὴ

352 4011 510 4079 μόνον
541 4010 708 4080 αὐτὴν
744 4007 1012 4080 πολλαχοῦ
1061 4009 1318 4078 διασχεῖν,
1351 4010 1421 4063 τά
1457 4029 1516 4064 τε
1547 4012 1645 4080 ὅρη
1683 4009 1774 4082 βίᾳ
1813 4011 1930 4064 δια-

345 4101 621 4170 τριϐῆναι,
669 4099 808 4152 ἀλλὰ
855 4100 949 4152 καὶ
980 4098 1079 4168 τὴν
1099 4094 1372 4148 θάλασσαν
1396 4097 1587 4166 φυγεῖν
1603 4099 1662 4151 τὸ
1675 4101 1767 4152 τοῦ
1787 4097 1922 4152 Θεοῦ

350 4191 644 4260 πρόσωπον
679 4192 740 4243 ού
773 4191 1045 4262 φέρουσαν
1074 4191 1446 4261 ὀργιζόμενον,
1478 4189 1552 4252 ὡς
1587 4189 1836 4242 ἐντεῦθεν
1861 4189 1922 4241 ού

352 4281 531 4344 πόλεις
585 4282 744 4352 μόνον
794 4285 889 4336 καὶ
940 4281 1133 4351 κώμας
1194 4283 1288 4334 καὶ
1327 4282 1602 4344 συνοικίας
1640 4281 1778 4334 κατὰ
1825 4279 1924 4351 τὴν

350 4373 608 4440 ὀφθεῖσαν
652 4373 729 4442 τῷ
773 4371 997 4442 Συμεὼν
1033 4372 1157 4442 bal/tv
1202 4373 1402 4434 ἀθλίως
1449 4374 1800 4434 καταπεσεῖν,
1829 4373 1924 4424 καὶ

2097 3825 2215 3880 107.
2235 3827 2456 3881 Postera
2492 3824 2602 3890 die,
2647 3835 2768 3880 erat
2797 3825 2889 3880 illa
2919 3827 3166 3891 Veneris,
3197 3827 3300 3882 sub
3329 3844 3614 3900 vesperam

2031 3926 2142 3971 tam
2175 3916 2353 3970 valide
2385 3915 2666 3970 concussit
2693 3917 2837 3969 Deus
2871 3923 3077 3970 terram
3111 3917 3245 3988 (‘26),
3269 3927 3328 3972 ut
3353 3935 3460 3973 non
3492 3927 3616 3974 tan-

2023 4016 2144 4062 tum
2177 4006 2297 4077 ipsa
2337 4007 2474 4061 locis
2502 4005 2885 4075 compluribus
2946 4005 3218 4078 disrupta,
3285 4019 3612 4080 montesque

2029 4098 2083 4152 vi
2114 4097 2368 4152 dissoluti
2421 4097 2553 4161 sint,
2609 4097 2705 4152 sed
2746 4098 2912 4153 etiam
2966 4115 3117 4153 mare
3155 4099 3413 4168 fugerita
3472 4102 3611 4157 lacic

2031 4186 2150 4252 Dei,
2174 4187 2447 4256 nequiens
2463 4189 2737 4243 sustinere
2759 4190 2984 4243 iratam:
3018 4190 3157 4245 adeo
3181 4201 3240 4246 ut
3259 4208 3365 4246 non
3387 4193 3606 4257 domus.

2030 4286 2085 4332 et
2113 4277 2257 4347 pagi,
2297 4286 2354 4331 et
2399 4277 2566 4332 urbes
2597 4288 2827 4344 tantum,
2855 4282 2935 4335 uti
2984 4291 3266 4338 ostensum
3293 4285 3349 4339 in
3395 4286 3607 4341 visione

2031 4376 2221 4424 sancto
2289 4369 2512 4436 fuerat,
2560 4371 2912 4428 subsederint
2991 4376 3405 4447 submerszeque
3453 4380 3605 4444 sint,

348 4463 702 4534 πληρωθῆναι
732 4462 766 4516 ἂ
803 4463 951 4531 παρὰ
990 4479 1134 4526 τινος
1163 4464 1269 4516 τῶν
1307 4463 1601 4535 προφητῶν
1633 4462 1924 4532 ἠπείληται

2029 4471 2193 4532 atque
2227 4461 2464 4531 impletae
2493 4462 2703 4518 fuerint
2737 4466 3214 4534 comminationes,
3249 4471 3358 4539 jam
3392 4470 3605 4540 pridem

425 4625 535 4693 (9.5)
566 4628 703 4683 Erat
743 4631 880 4682 enim
926 4627 1191 4681 diaconus
1248 4627 1494 4693 Symeon,
1546 4625 1622 4677 uti
1665 4641 1813 4678 num.
1859 4622 1926 4676 4-2.

350 4697 594 4761 uidimus,
614 4701 889 4752 ordinatus
909 4717 924 4752 :
944 4715 1006 4752 ex
1029 4702 1120 4751 hoc
1138 4714 1258 4751 vero
1281 4695 1389 4750 loco
1409 4695 1606 4748 discere
1628 4711 1921 4761 possumus,

351 4765 598 4820 diaconos
639 4770 918 4837 ejusmodi,
965 4785 1065 4821 non
1097 4767 1266 4820 solum
1325 4765 1566 4837 habuisse
1610 4763 1923 4832 facultatem

352 4850 539 4904 corpus
586 4835 778 4892 Christi
804 4838 1149 4891 distribuendi
1172 4837 1433 4905 ﬁdelibus,
1461 4835 1550 4888 sed
1592 4837 1746 4887 etiam
1771 4846 1924 4902 penes

344 4919 406 4957 se
431 4909 746 4977 asservamli
775 4908 844 4959 ad
872 4907 1175 4977 hujusmodi
1211 4908 1391 4974 ﬁnem.

420 4974 530 5045 (26)
559 4977 708 5030 Alius
737 4974 946 5030 iterum'
975 4989 1324 5038 terrwmotus,
1360 4975 1524 5028 multo
1554 4976 1921 5046 grauissimus,

353 5058 500 5111 quem
553 5047 705 5098 illaut
752 5048 989 5101 eumdem
1026 5064 1156 5109 esse,
1212 5047 1274 5098 de
1318 5063 1421 5116 quo
1470 5047 1802 5109 TheOphanes
1856 5046 1924 5096 ad

354 5129 550 5185 anitum
575 5117 697 5178 551,
721 5117 906 5169 suadet
930 5119 1201 5185 utriusque
1227 5118 1525 5185 descriptio.
1549 5116 1634 5170 Sic
1662 5117 1732 5168 ibi
1756 5116 1925 5172 ,Τήρο-

352 5184 548 5251 phanes
574 5202 591 5239 .'
618 5186 746 5239 Julii
778 5202 908 5241 vero
935 5184 1138 5242 mensis
1168 5185 1256 5240 die
1289 5184 1432 5240 nono
1467 5203 1694 5253 magnus
1723 5195 1778 5240 et
1815 5195 1926 5239 ter-

354 5254 531 5307 ribilis
557 5263 902 5310 lerrzemotus
925 5257 1101 5310 factus
1141 5267 1224 5311 est
1248 5271 1344 5324 per
1362 5271 1579 5309 omnem
1605 5257 1924 5319 Palaestinm,

323 5339 326 5341 ·
352 5323 584 5395 Arabiae.
603 5326 1022 5395 Mesopotamiae,
1047 5327 1215 5395 Syriae
1236 5323 1291 5380 et
1321 5326 1608 5380 thnices
1628 5326 1927 5395 regionem;

352 5393 490 5468 adeo
521 5393 814 5468 utiTyru—s,
849 5397 1041 5459 Sidon,
1088 5393 1343 5468 Berytus,
1385 5395 1626 5464 Tripolis
1665 5393 1719 5449 et
1749 5395 1928 5468 Byblis

353 5466 521 5536 multa
572 5467 770 5520 damna
831 5468 1164 5536 acceperint.
1203 5466 1278 5520 et
1331 5466 1613 5520 hominum
1661 5467 1929 5534 perierint

355 5534 524 5590 multa
565 5536 752 5590 millia.
817 5537 893 5590 Ad
929 5534 1174 5592 Bostram
1218 5551 1351 5589 vero
1407 5536 1684 5590 civitatem
1737 5551 1928 5592 unauna

355 5619 483 5676 pars
534 5607 902 5676 promontorii
952 5607 1087 5660 mari
1117 5605 1435 5676 adjacentis,
1474 5607 1562 5660 cui
1605 5620 1803 5660 nomen
1825 5577 1926 5659 Ϊιί-

358 5674 753 5747 thoprosOpus,
780 5678 965 5734 avulsa
997 5678 1052 5732 in
1082 5674 1230 5732 mare
1260 5676 1518 5731 translata
1539 5685 1642 5741 est,
1675 5687 1922 5746 portum-

2025 4641 2131 4693 que
2165 4627 2348 4683 effecit
2375 4631 2564 4686 rnttltis
2613 4630 2821 4699 magnis
2853 4625 3086 4680 navibus
3126 4626 3458 4699 recipiendis
3489 4628 3616 4680 ἰιιοο

2026 4712 2188 4770 neum
2217 4715 2379 4770 :remn
2411 4703 2544 4756 urbs
2569 4703 2655 4756 illa
2676 4696 2830 4770 prius
2853 4710 3070 4770 portum
3094 4712 3199 4770 non
3228 4697 3601 4770 habuisset....

2025 4765 2273 4822 Recessit
2303 4772 2467 4824 etiam
2501 4787 2650 4826 mare
2676 4765 2730 4824 in
2755 4765 2922 4822 altum
2950 4767 3122 4835 pelagi
3155 4765 3335 4819 simnn
3361 4767 3426 4820 ad
3457 4769 3605 4820 mille

2025 4851 2237 4903 passus,
2271 4855 2334 4892 ex
2363 4856 2472 4908 quo
2499 4842 2680 4894 n‘nultze
2708 4852 2876 4893 naves
2901 4836 2952 4889 in
2987 4837 3328 4908 profundum
3353 4837 3605 4890 submer-

2025 4920 2098 4958 sa:
2135 4924 2147 4957 :
2187 4907 2513 4978 rursumque
2555 4911 2648 4964 Dei
2697 4917 2832 4962 nutu
2863 4908 2918 4959 in
2964 4907 3242 4978 proprium
3283 4907 3496 4978 alveum
3547 4925 3603 4960 5-:

2026 4978 2253 5044 recepit.
2292 4976 2435 5032 am
2457 4979 2567 5041 ille,
2599 4979 2690 5032 sed
2720 4996 2834 5031 cum
2875 4991 3046 5030 annus
3078 4976 3202 5039 551,
3235 4976 3428 5030 habens
3459 4976 3602 5030 litte-

2025 5046 2540 5117 ra-mrDominicalem
2568 5051 2632 5112 A,
2659 5049 2834 5117 fecerit
2864 5047 2898 5101 9
2916 5046 3053 5098 diem
3073 5045 3204 5100 Julii
3219 5047 3406 5117 cadere
3425 5049 3478 5100 in
3503 5047 3604 5100 Do-

2027 5116 2294 5188 minicam,
2343 5119 2422 5170 vel
2459 5115 2665 5188 corrigi
2689 5119 2833 5170 debet
2868 5132 3117 5169 numerus
3149 5115 3394 5188 litterulis
3425 5127 3471 5169 et
3509 5135 3604 5187 pro

2028 5183 2072 5234 θ’
2103 5185 2154 5247 9,
2190 5186 2290 5254 legi
2333 5188 2374 5249 ζ’
2409 5189 2460 5247 7,
2506 5183 2788 5257 υεΓροιίιιδ
2819 5197 2929 5238 tota
2966 5202 3046 5239 res
3080 5188 3277 5311 differri
3311 5187 3380 5240 ad
3405 5183 3603 5240 annum

2028 5254 2149 5311 555.
2174 5259 2263 5311 qui
2286 5257 2463 5310 habuit
2487 5257 2716 5311 litteram
2741 5257 3118 5310 Dominicalem
3182 5298 3194 5311 .
3217 5257 3429 5311 quando
3445 5259 3603 5310 etiam

2027 5254 2149 5327 555,
2174 5259 2263 5325 qui
2286 5257 2463 5310 habuit
2487 5254 2716 5311 litteram
2741 5254 3194 5327 IIominicalentC,
3217 5257 3429 5327 quando
3445 5259 3605 5310 etiam

2027 5326 2232 5378 videtur
2247 5343 2494 5380 concussa
2516 5326 2998 5396 Constantinopolis
3017 5335 3065 5380 et
3080 5325 3379 5381 Nicornedia
3404 5344 3602 5389 eversa,

2031 5402 2086 5446 ut
2113 5411 2236 5468 mox
2258 5397 2492 5462 (licetur;
2518 5397 2634 5450 licet
2661 5397 2992 5468 Theophanes
3014 5399 3122 5451 ha'c
3146 5399 3339 5468 referat
3365 5398 3434 5452 ad
3462 5414 3604 5468 prae-

2028 5467 2292 5518 cedentem
2347 5485 2547 5521 annum
2590 5468 2714 5538 554,
2757 5467 2952 5538 inquo
2995 5469 3166 5538 ipsum
3205 5467 3372 5522 etiam
3423 5467 3606 5522 errare

2029 5544 2171 5608 patet
2216 5551 2278 5588 ea:
2317 5553 2568 5608 concursu
2617 5537 2921 5608 Dominich
2949 5553 3068 5590 cum
3117 5537 3198 5592 dic
3254 5538 3319 5592 15
3361 5539 3603 5608 Augusti,

2029 5605 2119 5674 qui
2152 5621 2252 5659 non
2282 5607 2380 5661 nisi
2427 5609 2479 5660 in
2514 5624 2716 5662 annum
2765 5606 2869 5662 555
2896 5607 3011 5677 jam
3051 5608 3244 5664 dictum
3271 5610 3438 5669 cadit.
