4034 6186
359 263 494 326 5089

1340 269 1514 331 VITA
1550 271 1600 329 Α
1635 272 2070 337 NICEPHORO
2104 279 2588 340 CONSCRIPTA.

3461 287 3598 350 3090

357 375 441 428 διὰ
472 375 739 446 στόματος
774 374 964 446 ἔχοντα
997 369 1156 448 εῦρεν
1219 373 1507 448 ἱλαστήρια
1557 382 1694 451 πρὸς
1737 383 1923 456 Θεὸνή

2033 391 2184 444 vultu
2213 391 2562 460 spectandam
2599 404 2656 443 se
2694 386 2797 458 ipsi
2824 391 3044 456 obtulit,
3071 401 3126 448 et
3150 395 3316 449 verba
3341 397 3453 450 oris
3481 399 3604 466 eius

359 466 533 519 ἱκεσία
555 509 569 534 ,
613 468 785 518 ταῦτα
809 467 1148 520 ἐντείλασθαι
1173 467 1248 536 τῷ
1279 469 1390 538 λαῷ
1417 469 1521 539 ἔφη
1545 471 1924 540 λιτανεύοντας

357 555 507 628 ᾆσαι,
539 559 632 610 καὶ
657 559 957 628 στήσασθαι
991 561 1090 628 τὴν
1124 561 1376 631 ἀπειλήν.
1420 565 1477 616 'U
1508 565 1608 635 μὲν
1657 562 1748 620 οῦν
1785 567 1925 620 κατὰ

354 649 452 712 τὰς
483 650 632 713 θείας
667 649 966 718 ὑποθήκας,
999 652 1192 722 καινὴν
1241 653 1381 722 ᾠδὴν
1421 656 1512 708 ἐπὶ
1553 656 1749 722 λέξεως
1781 657 1930 728 ᾄδειν

355 743 634 796 ἐδίδασκεν
663 741 941 812 ἐμμελῶς,
969 741 1056 796 ’ίνα
1080 747 1145 813 τῇ
1176 744 1380 798 τούτων
1414 748 1604 818 μνήμῃ
1631 749 1726 801 καὶ⁴
1755 749 1926 816 γλῶτ-

355 851 458 886 ταν
489 833 842 903 ἁγιασθῶμεν
875 851 886 862 ·
933 833 1021 896 Ὠς
1050 837 1140 887 ἐπὶ
1197 836 1442 898 Μωσέως
1503 839 1926 910 δυσωπούμενος

357 924 582 992 ἱλάσθης
615 925 641 975 6
673 924 804 986 Θεὸς
833 923 926 976 τοῦ
969 923 1042 995 μὴ
1101 927 1386 996 συντρίψαι
1436 927 1526 981 τὸν
1567 929 1802 1001 Ἰσραὴλ,
1828 932 1924 984 καὶ

362 1013 482 1078 νῦν,
517 1015 710 1084 Κύριε,
736 1015 944 1069 παῦσον
993 1020 1472 1089 παρακαλούμενος
1503 1023 1599 1091 τὴν
1628 1023 1793 1094 ὀργὴν
1819 1026 1925 1078 ἀπὸ

357 1105 451 1158 τοῦ
481 1106 611 1159 λαοῦ
641 1125 756 1174 σου,
785 1108 1134 1180 συγχώρησιν
1169 1112 1494 1182 ποιούμενος
1529 1115 1638 1167 τῶν
1668 1117 1928 1169 ποικίλων

359 1198 518 1266 ἡμῶν
561 1199 868 1270 ἁμαρτιῶν,
902 1199 976 1263 ὡς
1016 1201 1174 1270 μόνος
1218 1204 1606 1274 ἀναμάρτητος
1639 1206 1872 1274 Χριστὸς
1900 1208 1928 1260 6

356 1285 510 1352 Θεὸς,
546 1290 685 1341 κατὰ
721 1291 781 1342 τὸ
811 1291 952 1361 μέγα
985 1310 1077 1344 σου
1102 1293 1270 1357 ἕλεος,
1303 1294 1429 1359 δόξα
1465 1313 1567 1351 σοι.
1600 1297 1710 1350 Καὶ
1741 1299 1790 1349 oi
1824 1297 1922 1366 μὲν

355 1377 572 1430 ἐποίουν
600 1381 660 1431 τὸ
683 1379 990 1434 κελευσθέν·
1029 1383 1076 1435 oi
1106 1383 1161 1435 δὲ
1196 1385 1374 1438 στύλοι
1406 1386 1502 1454 τῆς
1525 1389 1626 1458 γῆς
1675 1387 1922 1462 (ὁδθεὸς,

356 1463 440 1528 τίς
462 1467 626 1530 ἀξίως
671 1467 863 1539 ᾄσεται
905 1471 972 1523 τὰ
1019 1471 1140 1542 ἐλέη
1172 1489 1264 1526 σου
1292 1473 1332 1546 l)
1376 1474 1536 1539 εὐθὺς
1570 1476 1922 1547 ἑστερέωντο,

359 1556 455 1608 καὶ
485 1559 513 1610 6
547 1559 768 1627 σεισμὸς
792 1561 1034 1632 ἀκριϐῶς
1058 1564 1326 1619 πέπαυτο.
1877 1549 1880 1552 Ι

2034 481 2360 534 invenerunt
2395 481 2624 548 gratiam
2659 494 2721 532 ac
2747 481 3193 548 propitiationem
3228 485 3372 553 apud
3407 489 3596 541 Deum.

2035 571 2160 624 llaec
2195 571 2398 638 populo
2424 569 2882 638 supplicabundo,
2928 571 3125 640 inquit,
3165 577 3428 629 cantanda
3466 595 3600 647 prte-

2035 659 2260 714 scribite
2291 660 2361 713 ad
2393 659 2756 714 inhibendum
2779 659 3074 732 ﬂagellum.
3113 663 3264 718 Fecit
3299 683 3428 736 ergo
3454 671 3600 738 quod

2033 760 2382 820 suggesserat
2425 752 2587 816 Deus,
2622 764 3060 824 convocatosque
3101 756 3432 826 discipulos,
3493 761 3602 816 illic

2031 840 2376 903 oberrantes,
2415 857 2615 894 novum
2652 842 2846 897 edocet
2897 847 3206 908 canticum,
3261 858 3366 902 tam
3407 854 3601 919 exqui-

2032 929 2198 983 situm
2248 929 2710 999 concinnumque,
2765 943 2824 985 ut
2853 933 3176 989 recitatione
3211 937 3358 992 illius
3397 955 3599 994 canen-

2031 1022 2164 1076 tium
2220 1021 2419 1091 lingum
2455 1021 2907 1091 sanctilicentur;
2949 1028 3096 1096 quod
3125 1037 3208 1082 est
3239 1029 3548 1100 hujusmodi
3587 1049 3598 1084 :

2030 1113 2501 1180 Quemadmodum
2543 1123 2788 1183 tempore
2821 1117 3018 1188 Moysis
3063 1121 3315 1187 precibus
3359 1123 3604 1190 placatus

2031 1218 2142 1256 non
2189 1203 2496 1258 sustinuisti
2559 1207 2770 1260 conteri
2805 1205 2994 1272 Israel,
3044 1210 3116 1262 ita
3170 1227 3318 1265 nunc
3362 1229 3602 1282 quoque,

2019 1293 2270 1358 Domine,
2304 1305 2561 1348 exoratus
2596 1297 2786 1352 desine
2815 1314 3137 1354 succensere
3169 1303 3371 1370 popqu
3409 1313 3522 1368 tuo,
3548 1315 3602 1360 et

2023 1384 2244 1454 ignosce
2266 1385 2520 1453 plurimis
2549 1389 2788 1456 peccatis
2823 1389 3063 1452 nostris;
3116 1401 3175 1444 ut
3207 1393 3326 1454 tibi,
3367 1393 3600 1459 Christe,

2024 1474 2117 1544 qui
2166 1473 2316 1527 solus
2363 1475 2572 1542 peccati
2627 1489 2823 1544 expers
2864 1491 2944 1540 es,
2996 1477 3296 1532 secundum
3355 1495 3604 1548 magnam

2027 1565 2462 1620 misericordiam
2492 1574 2638 1618 tuam
2683 1567 2857 1635 gloria
2889 1567 2978 1622 sit.
3015 1568 3081 1621 Et
3125 1569 3414 1638 discipulis
3449 1587 3602 1622 man—

359 1649 550 1705 datum
595 1652 772 1709 Patris
823 1655 1196 1724 implentibus,
1245 1659 1420 1715 fulcra
1493 1670 1654 1716 terra:
1709 1661 1876 1734 (quis,
1931 1677 1964 1716 ο
2003 1662 2166 1726 Deus,
2219 1659 2382 1730 digne
2439 1660 2740 1716 celebrabit
2806 1660 3188 1716 miserationes
3245 1673 3364 1716 tuas
3393 1661 3436 1734 ?)
3473 1663 3604 1716 soli-

360 1743 485 1801 data
536 1755 688 1814 sunt,
717 1761 772 1804 et
807 1758 1014 1822 motus,
1041 1769 1108 1807 ex
1154 1756 1428 1809 sententia
1463 1755 1715 1811 cessavit.

1795 1891 2021 1948 CAPUT
2059 1891 2178 1948 XIV

817 2001 988 2058 Rudes
1028 2004 1175 2058 docet
1205 2020 1222 2059 :
1255 2005 1570 2061 vaticinatur
1603 2006 1806 2062 diversa
1836 2022 2068 2062 :novam
2107 2007 2407 2062 columnam
2441 2014 2710 2063 consecrat
2742 2015 2790 2061 et
2832 2007 3150 2061 conscendit.

438 2128 523 2194 ρι’.
558 2125 624 2178 Ἀ
675 2125 771 2194 μὲν
803 2123 894 2178 οὗν
920 2127 1018 2196 τῆς
1049 2127 1231 2196 κοινῆς
1261 2127 1557 2198 πρεσϐείας
1601 2129 1765 2184 αὐτοῦ
1796 2132 1929 2202 πρὸς
1957 2133 2004 2191 Β

360 2219 494 2273 Θεὸν
519 2220 786 2275 ἀπέλαυον
819 2221 1038 2288 πάντες,
1063 2223 1286 2277 τοιαῦτὰ
1306 2227 1451 2278 ἐστιν
1471 2242 1485 2256 ο
1515 2227 1542 2278 6
1568 2226 1624 2279 δὲ
1652 2225 1807 2296 λόγος
1836 2229 1928 2281 καὶ

361 2311 500 2383 πρὸς
531 2312 601 2366 τά
631 2312 769 2366 κατὰ
815 2315 978 2383 μέρος
1019 2311 1174 2378 αὖθις
1207 2318 1404 2386 χωρεῖν
1439 2319 1736 2388 ἐπείγεται.
1781 2320 1930 2374 Ἔδει

358 2405 481 2466 ταῖς
515 2403 766 2470 κεφαλίσι
811 2405 918 2458 τῶν
974 2405 1168 2458 κιόνων
1215 2406 1443 2477 γλυφῆς,
1475 2403 1555 2473 οἷς
1586 2412 1614 2462 6
1654 2412 1793 2466 κατὰ
1830 2413 1930 2483 ’τὴν

363 2493 530 2565 μονὴν
559 2495 646 2547 ἐπ’
675 2495 902 2566 ὀνόματι
935 2496 1032 2565 τῆς
1067 2497 1302 2568 ἀρχικῆς
1325 2500 1416 2552 καὶ
1447 2498 1729 2570 βασιλικῆς
1758 2503 1928 2574 Τριά-

358 2583 447 2648 δος
473 2584 600 2646 ναὸς
632 2585 926 2656 ἐγήγερται
943 2602 959 2616 ο
986 2586 1211 2653 ἀδελφὸς
1240 2587 1298 2640 δέ
1321 2605 1422 2656 τις,
1446 2589 1614 2660 ὄνομα
1653 2591 1926 2662 Ἰωάννης,

360 2675 742 2745 πνευματικῶν
768 2675 866 2745 μὲν
897 2675 1112 2745 τρόπων
1141 2680 1623 2750 μεταποιούμενος,
1646 2683 1738 2735 καὶ
1767 2683 1928 2752 λόγου

361 2766 721 2836 μετειληφὼς,
757 2766 1072 2838 λιθουργίας
1118 2767 1175 2821 δὲ
1213 2770 1559 2826 παντάπασιν
1606 2774 1929 2842 ἀνασκήτως

358 2857 518 2928 ἔχων,
548 2857 826 2929 θαρρήσας
855 2861 920 2928 τῇ
952 2875 1009 2910 τε
1042 2858 1218 2930 οἰκείᾳ
1253 2860 1388 2930 πρὸς
1413 2861 1504 2912 τὸν
1542 2861 1696 2928 ἅγιον
1726 2863 1925 2932 πίστει,

357 2950 424 3018 τῇ
450 2964 508 3000 τε
540 2949 666 3016 περὶ
689 2948 778 3010 τὰς
813 2947 1030 3011 ἐντολὰς
1061 2951 1221 3002 αὐτοῦ
1259 2950 1457 3022 θέρμῃ,
1489 2952 1582 3005 καὶ
1609 2958 1728 3016 ταῖς
1763 2955 1931 3024 ὑπερ-

359 3036 552 3106 φυὲσιν
581 3036 786 3090 ἐκείνου
816 3038 910 3091 καὶ
942 3037 1224 3108 μεγίσταις
1249 3039 1747 3112 θαυματουργίαις·
1777 3046 1931 3098 Ἐπί-

359 3127 470 3191 θες,
507 3127 709 3198 Πάτερ,
745 3129 898 3198 φησὶ,
956 3132 1022 3200 τῇ
1079 3130 1274 3202 καρδίᾳ.
1333 3149 1435 3200 μου
1489 3131 1586 3204 τὴν
1639 3135 1798 3202 ἁγίαν
1837 3154 1928 3190 σου

357 3221 535 3288 χεῖρα,
566 3220 660 3272 καὶ
691 3217 928 3290 ἄρξομαι
982 3221 1331 3290 διαγλύφειν·
1374 3223 1450 3287 ὡς
1508 3225 1574 3278 ἂν
1621 3225 1698 3296 τῷ
1749 3229 1806 3280 ὲν
1845 3231 1930 3282 σοὶ

359 3308 489 3380 θείῳ
517 3309 794 3378 Πνεύμοιτι
827 3311 920 3364 τὸν
948 3310 1072 3364 νοῦν
1100 3313 1425 3384 τυπωθείην.
1461 3315 1566 3368 Τοῦ
1597 3317 1652 3370 δὲ
1693 3319 1929 3388 σπουδῆς

357 3401 494 3470 ὁμοῦ
545 3401 636 3455 καὶ
681 3401 962 3471 ὑποταγῆς
1019 3404 1224 3472 μισθῶν
1281 3393 1422 3458 οὕτω
1467 3409 1716 3476 μεγάλων
1763 3412 1928 3465 αὑτὸν

358 3493 729 3562 ἀποστερῆσαι
772 3491 847 3562 μὴ
892 3491 1240 3563 βουλομένου,
1273 3495 1408 3550 ἀλλά
1445 3472 1522 3568 τῷ
1549 3472 1647 3552 τοῦ
1689 3501 1927 3572 μαθητοῦ
1957 3472 1998 3527 C

360 3582 546 3652 στήθει
573 3581 848 3646 ἐπιθέντος
866 3585 963 3652 τὴν
984 3587 1166 3654 χεῖρα,
1191 3587 1304 3651 καὶ,
1327 3587 1540 3653 Σοφίσει
1560 3607 1638 3655 σε,
1661 3592 1872 3656 τέκνον,
1903 3596 1931 3646 6

355 3671 488 3736 Θεὸς
529 3675 592 3743 τῇ
625 3673 1000 3746 λιθογλυφικῇ,
1054 3677 1326 3746 φήσαντος
1351 3695 1364 3706 ’
1402 3679 1681 3750 ἁψάμενος
1725 3687 1931 3748 ἐκεῖνος

359 3762 542 3834 ἔργου,
590 3763 838 3836 δεύτερος
887 3764 1041 3834 ῶφθη
1123 3767 1402 3839 Βεσελιὴλ,
1446 3771 1564 3823 οὐδὲ
1632 3773 1791 3845 ὀλίγα
1834 3775 1929 3828 τοῦ

359 3852 578 3924 πρώτου
613 3855 710 3926 τὴν
746 3855 937 3924 σοφίαν
965 3856 1308 3928 λειπόμενος.

429 4027 552 4099 μα’,
603 4027 754 4080 Ἐπεὶ
783 4029 838 4080 δὲ
874 4029 972 4098 ἤδη
1003 4030 1095 4083 καὶ
1121 4031 1148 4082 6
1173 4030 1360 4100 καιρὸς
1381 4034 1680 4104 ἐνειστήκει
1713 4036 1812 4104 τῆς
1837 4037 1928 4090 τοῦ

361 4117 566 4172 τοιοῦδε
599 4117 843 4188 μαθητοῦ
876 4121 1140 4189 ἐκδημίας
1185 4119 1216 4191 ἢ
1259 4121 1589 4188 ἀναλύσεως,
1637 4125 1668 4195 ἦ
1701 4128 1836 4194 πρὸς
1866 4129 1932 4180 τὰ

359 4207 672 4280 ποθούμενα
701 4211 965 4280 κλήσεως,
999 4212 1158 4264 τοῦτο
1208 4215 1358 4284 παρὰ
1382 4213 1516 4267 Θεοῦ
1548 4219 1810 4288 γεγένητο
1836 4221 1931 4292 δῆ-

357 4301 446 4356 λον
479 4302 554 4372 τῷ
582 4303 823 4372 Συμεών·
847 4306 911 4374 τῇ
943 4304 1158 4374 συνήθει
1188 4305 1460 4358 κάνταῦθα
1489 4311 1770 4380 παρρησία
1797 4331 1932 4381 χρη-

360 4395 612 4462 σάμενος,
643 4395 689 4446 εί
713 4397 778 4465 τῇ
809 4394 974 4465 βίϐλῳ
994 4396 1090 4465 τῆς
1123 4396 1266 4466 ζωῆς
1288 4398 1613 4470 ἐγγραφείη,
1641 4405 1932 4469 μυστικαῖς

357 4482 527 4536 ἐδεῖτο
559 4484 748 4551 μαθεῖν
778 4485 963 4554 εὐχαῖς
987 4503 1044 4538 τε
1078 4487 1170 4538 καὶ
1205 4489 1465 4558 ὁμιλίαις.
1531 4491 1616 4553 Ὠς
1643 4491 1702 4544 δὲ
1727 4493 1786 4545 οὐ
1817 4494 1934 4546 τοῦ·

355 4589 448 4625 ⁶ιον
493 4575 627 4644 αὐτῇ
673 4574 853 4643 μόνον,
903 4575 1039 4629 ἀλλὰ
1070 4577 1164 4629 καὶ
1203 4581 1328 4640 τοὺς
1357 4579 1574 4645 λοιποὺς
1614 4582 1722 4636 τῶν
1766 4585 1930 4638 αὐτοῦ

361 4659 640 4730 μαθητῶν,
679 4664 792 4716 ὅσοι
825 4681 884 4716 τε
943 4667 1423 4737 προεκδημήσειαν
1451 4671 1796 4742 ἐγγραφῆναι
1833 4674 1925 4744 μά-

357 4751 458 4814 θοι,
483 4753 598 4806 ὅσοι
623 4771 680 4805 τε
711 4753 848 4824 μετὰ
869 4754 1039 4808 ταῦτα
1059 4757 1464 4830 ὲκδημήσουσιν
1487 4761 1928 4835 ἐγγραφήσεσθαι

360 4845 452 4896 καὶ
485 4845 698 4908 αὐτοὺς,
745 4845 872 4913 γόνυ
911 4848 986 4917 τῷ
1025 4851 1268 4918 κρυφίως
1303 4851 1550 4906 λαλοῦντι
1588 4856 1795 4922 κλίνας,
1833 4861 1928 4912 καὶ

356 4934 424 4988 τὰ
451 4935 633 4989 εἰκότα
661 4936 1079 5008 εὐχαριστήσας,
1105 4940 1242 5008 μετά
1271 4943 1394 5004 τοὺς
1425 4944 1680 5010 ἑωθινοὺς
1712 4949 1926 5019 ἐκείνης

358 5025 458 5094 τῆς
499 5027 688 5091 νυκτὸς
719 5027 944 5098 ὕμνους,
973 5025 1040 5102 ἧς
1073 5033 1244 5104 δῶρον
1272 5037 1303 5105 ἡ
1335 5037 1582 5104 παροῦσα
1626 5039 1780 5108 ὄψις,
1823 5041 1928 5094 ὑπὸ

357 5119 476 5180 ταῖς
501 5119 720 5172 πάντων
749 5121 938 5185 ἀκοαῖς
975 5123 1082 5192 (ἵνα
1113 5125 1206 5177 καὶ
1234 5127 1400 5178 πᾶσιν
1431 5129 1594 5183 οἱονεί
1625 5149 1676 5182 τι
1704 5133 1927 5201 κέντρον

355 5205 458 5275 τῆς
489 5209 581 5262 τοῦ
623 5209 854 5263 θανάτου
915 5215 1134 5283 μνήμης
1173 5215 1405 5289 ἐμϐάλῃ,
1447 5222 1540 5273 καὶ
1575 5219 1796 5286 τοὺτους
1837 5227 1927 5278 ἐπὶ

360 5297 520 5352 πλέον
578 5301 715 5371 πρὸς
771 5301 1088 5372 ἐτοιμασίαν
1149 5307 1246 5375 τῆς
1303 5307 1482 5372 ἐξόδου
1546 5311 1922 5386 διαναστήσῃ),

370 5387 608 5458 ’Δδελφὲ,
641 5391 795 5460 φησὶ,
837 5391 1108 5466 Ἰωάννης,
1143 5397 1332 5470 εἰρήνη
1383 5397 1484 5468 σοι,
1541 5405 1922 5472 μετακαλεῖταί

2110 2129 2233 2184 110.
2275 2130 2454 2198 Atque
2477 2129 2592 2182 inec
2621 2136 2771 2191 sunt,
2821 2143 2942 2198 quae
2971 2127 3064 2180 illo
3109 2127 3252 2196 apud
3297 2128 3466 2181 Deum
3525 2129 3607 2183 in-

2032 2218 2346 2276 tercedente
2395 2219 2707 2288 promiscue
2741 2233 2931 2272 omnes
2963 2217 3242 2272 consecuti
3269 2227 3412 2274 sunt.
3447 2219 3607 2274 Nunc

2029 2323 2216 2370 autem
2243 2311 2312 2366 ad
2342 2326 2426 2375 ea,
2459 2325 2580 2380 quae
2609 2309 2838 2380 singulis
2877 2309 2930 2362 in
2981 2310 3301 2378 particulari
3359 2311 3600 2380 praestita

2029 2413 2178 2467 sunt,
2209 2402 2392 2456 redire
2417 2401 2638 2462 festinat
2667 2399 2862 2453 oratio.
2891 2397 3175 2467 Capitellis
3201 2401 3600 2466 columnarum,

2029 2493 2185 2564 queis
2210 2492 2530 2548 monasterii
2563 2490 2847 2560 templum,
2879 2489 3232 2543 sanctissima
3255 2489 3484 2544 Triados
3505 2509 3604 2544 no-

2029 2587 2175 2640 mine
2219 2585 2550 2656 dedicatum,
2583 2581 3010 2645 sustentabatur,
3052 2581 3344 2651 sculpturre
3377 2591 3618 2636 ornatus.

2028 2677 2208 2732 adhuc
2248 2677 2480 2730 deerat:
2531 2689 2656 2729 cum
2697 2673 2868 2726 frater
2907 2671 3180 2740 quispiam
3227 2671 3464 2725 J‘oannes
3497 2687 3600 2723 no-

2029 2768 2212 2832 mine,
2257 2772 2368 2820 tam
2403 2764 2648 2834 lapidum
2684 2761 3068 2818 caadendorum
3123 2759 3294 2820 rudis.
3326 2773 3492 2828 quam
3547 2758 3602 2811 in

2029 2857 2196 2912 rebus
2213 2856 2597 2926 spiritualibus
2619 2863 2888 2916 versatus,
2909 2851 3282 2920 orationisque
3301 2849 3600 2912 studiosus,

2032 2947 2162 3001 ﬁsus
2187 2955 2366 3000 tamen
2390 2956 2446 3000 et
2475 2961 2572 3000 sua
2600 2945 2656 2998 in
2682 2953 2928 2999 sanctum
2965 2942 3092 3003 fide,
3125 2951 3180 2995 et
3206 2948 3600 3010 praeceptorum

2029 3039 2149 3108 ejus
2176 3035 2635 3106 perﬁciendorum
2673 3033 2974 3096 alacritate,
3007 3041 3062 3086 et
3093 3030 3605 3100 supernaturalibus

2029 3129 2276 3200 ejusdem
2336 3125 2750 3196 operationibus
2800 3123 3107 3192 :Impone,
3157 3122 3355 3190 inquit,
3411 3121 3603 3185 Pater,

2029 3221 2238 3291 pectori
2286 3235 2409 3274 meo
2457 3234 2664 3274 sacram
2713 3230 2932 3270 manum
2985 3223 3158 3277 tuam,
3211 3221 3268 3268 et
3309 3213 3608 3281 sculptura;

2031 3312 2246 3366 initium
2274 3311 2434 3375 dabo,
2464 3327 2592 3380 quo,
2625 3325 2724 3379 per
2752 3316 3002 3363 sanetum
3032 3307 3125 3376 qui
3157 3307 3213 3360 in
3249 3315 3299 3360 te
3324 3315 3407 3360 est
3430 3305 3606 3374 Spiri-

2031 3411 2166 3465 tum,
2199 3418 2321 3472 quae
2351 3409 2536 3456 mente
2562 3399 2812 3468 concepi,
2845 3413 3010 3466 Opere
3038 3395 3292 3466 efﬁgiem.
3327 3391 3426 3450 ille
3477 3411 3608 3449 vero

2027 3509 2155 3556 eum
2199 3493 2369 3546 nollet
2421 3499 2582 3544 tanta:
2612 3487 2910 3558 diligentia:
2954 3484 3420 3555 subjectionisqne
3467 3499 3608 3537 nier-

2031 3583 2163 3638 cede
2185 3582 2516 3652 discipulum
2545 3581 2779 3649 privare,
2809 3577 3068 3645 imposuit
3092 3575 3338 3644 cupienti
3361 3589 3602 3636 manum,

2031 3683 2112 3726 et:
2147 3673 2384 3725 lnstruet
2416 3679 2464 3724 te
2487 3671 2652 3732 Deus,
2680 3667 2876 3737 inquit,
2904 3665 2977 3718 ﬁli
3001 3663 3097 3728 mi,
3127 3663 3338 3732 lapides
3360 3662 3604 3716 czedendi

2031 3771 2170 3816 arte.
2213 3761 2412 3830 Sicque
2447 3761 2538 3814 ille
2569 3761 2748 3827 reipsa
2780 3772 2918 3825 opus
2947 3770 3237 3826 aggressus
3269 3763 3354 3808 est
3381 3771 3393 3806 :
3421 3764 3476 3808 et
3507 3767 3602 3821 ap-

2033 3853 2214 3922 paruit
2246 3853 2380 3906 alter
2427 3849 2670 3904 Beseleel
2709 3841 2847 3917 ('50).
2893 3847 3065 3902 veteri
3107 3847 3186 3900 illi
3223 3845 3360 3899 nihil
3403 3845 3603 3899 cedem

2031 3944 2282 4000 scientia.

2102 4049 2224 4104 ill.
2254 4048 2616 4117 Posteaquam
2650 4060 2781 4099 vero
2825 4042 3001 4098 eidem
3059 4040 3330 4111 discipulo
3377 4040 3488 4108 jam
3517 4039 3603 4093 in-

2032 4150 2202 4197 staret
2233 4151 2449 4211 tempus
2477 4137 2822 4210 migrationis
2851 4135 2931 4189 vel
2963 4133 3315 4220 resolutionis
3343 4146 3474 4194 suae,
3511 4146 3604 4185 aut

2031 4233 2216 4303 potius
2261 4230 2597 4286 evocationis
2631 4229 2697 4282 ad
2730 4225 3040 4282 desiderata
3071 4223 3286 4296 gaudia,
3318 4223 3483 4291 idque
3521 4221 3604 4275 di.

2035 4325 2240 4379 vinitus
2268 4323 2631 4395 signiﬁcatum
2664 4319 2997 4376 innotuisset
3039 4317 3328 4389 Symeoni;
3381 4315 3471 4369 hic
3509 4331 3604 4383 pro

2031 4424 2292 4470 consueta
2315 4429 2441 4468 cum
2471 4414 2582 4468 Deo
2611 4411 2808 4482 agendi
2837 4411 3092 4466 libertate
3121 4407 3360 4461 instabat
3392 4404 3607 4460 arcanis
3673 4409 3678 4418 '

2033 4507 2288 4575 precibus
2345 4513 2509 4576 atque
2556 4501 3074 4574 supplicationibus,
3143 4509 3202 4552 ut
3253 4497 3604 4560 educeretur,

2033 4606 2218 4650 utrum
2251 4596 2395 4650 libro
2423 4597 2550 4651 vita).
2606 4595 2906 4664 inscriptus
2951 4593 3042 4646 ille
3088 4597 3252 4644 esset.
3298 4587 3434 4641 Cum
3474 4603 3606 4640 vero

2033 4687 2336 4753 didicisset,
2375 4703 2486 4742 non
2537 4687 2690 4741 illum
2734 4682 3097 4744 solummodo,
3152 4679 3247 4734 sed
3283 4687 3338 4732 et
3367 4677 3607 4746 reliquos

2035 4779 2452 4848 discipulorum,
2487 4777 2542 4832 in
2588 4777 2640 4832 id
2673 4791 2845 4846 usque
2879 4783 3096 4844 tempus
3125 4779 3492 4831 mortuorum,
3527 4767 3608 4819 in-

2034 4871 2268 4939 scriptos
2293 4885 2437 4936 esse,
2466 4877 2520 4923 et
2539 4876 2806 4938 quotquot
2829 4866 3090 4933 deinceps
3118 4859 3371 4915 morituri
3398 4867 3604 4912 essent.

2035 4961 2439 5026 inscribendas;
2468 4959 2702 5030 genibus
2742 4959 2844 5012 sibi
2885 4958 2940 5010 in
2989 4951 3310 5010 abscondito
3359 4947 3606 5020 loquenti

2035 5047 2251 5124 positis;
2285 5051 2487 5122 gratias
2515 5051 2589 5114 ei,
2627 5059 2804 5119 utpar
2829 5057 2966 5112 erat,
2990 5045 3248 5124 reddidit,
3282 5051 3446 5112 atque
3484 5050 3607 5108 post

2036 5143 2333 5197 matutinos
2359 5143 2589 5213 hymnos
2612 5142 2788 5196 noctis
2811 5141 2956 5193 illius
2975 5155 3081 5208 qua
3111 5119 3371 5206 praedicta
3394 5133 3606 5186 visione

2035 5229 2289 5299 dignatus
2315 5229 2514 5292 fuerat,
2545 5238 2605 5283 ut
2638 5229 2918 5283 stimulum
2967 5227 3224 5282 omnibus
3257 5223 3322 5277 ad
3362 5223 3609 5278 recolen-

2033 5321 2158 5374 dam
2191 5321 2382 5374 mortis
2413 5321 2733 5376 memoriam
2773 5320 3055 5384 subderet,
3085 5326 3140 5372 et
3189 5316 3253 5370 ad
3299 5329 3608 5384 prreparan-

2032 5409 2162 5464 dum
2211 5408 2510 5464 discessum
2555 5409 3084 5473 excitaret:Frater,
3114 5405 3310 5474 inquit,
3346 5403 3608 5476 Joannes,

429 5591 538 5678 (δίῃ
570 5592 836 5678 Beleleel,
876 5598 1065 5653 electus
1095 5619 1124 5652 (ι
1165 5597 1265 5652 Dm
1290 5599 1357 5652 ad
1375 5601 1741 5669 fabricandum
1781 5605 1970 5658 Arcam
2014 5607 2332 5670 (ostentanti,
2375 5605 2623 5658 dit-initus
2657 5604 2834 5674 infusa
2872 5605 3132 5674 sapientia
3166 5604 3218 5657 id
3242 5605 3516 5678 prostitit;
3549 5597 3612 5652 ίίϐ

359 5678 460 5729 quo
491 5663 664 5718 Exod.
701 5681 834 5718 xxxv
877 5679 922 5722 ρι
961 5687 1099 5740 seqq.
