4034 6186
427 287 560 357 3092

1613 302 1676 364 S.
1715 304 2091 365 SYMEONIS
2119 306 2482 373 JUNIORIS

3543 317 3687 381 3092

429 407 529 482 pax
563 401 695 469 tibi;
729 398 963 456 accersit
998 409 1050 455 te
1091 403 1400 457 communis
1443 403 1552 469 Rex
1615 420 1677 469 ac
1720 404 2005 469 Dominus,

2134 425 2171 469 ιε
2201 409 2335 478 πρὸς
2369 409 2563 467 ἑαυτὸν
2591 411 2619 463 6
2647 409 2824 474 κοινὸς
2855 411 3112 466 ἁπάντων
3148 414 3428 486 Δεσπότης
3453 420 3545 475 καὶ
3578 422 3687 477 Ita-

506 581 625 634 Ηῖ.
692 579 929 643 Deduxit
956 594 1018 633 ea
1081 594 1184 640 vox
1238 578 1290 644 in
1345 579 1593 653 agoniam
1653 579 2000 653 discipulum,

428 673 580 732 luctu
629 679 793 740 atque
836 668 1036 739 gaudio
1081 669 1483 723 alternantibus
1522 686 1535 722 :
1579 670 1731 724 luctu
1780 671 2002 740 quidem

433 775 547 817 tum
578 761 649 816 ob
673 759 1143 815 denuntiationem
1175 759 1388 822 mortis,
1415 775 1564 814 mors
1592 748 1999 843 quippcomni-

430 852 534 909 bus
557 864 749 905 natura
781 850 1070 914 terribilis;
1107 859 1220 904 tum
1250 850 1320 905 ob
1343 850 1628 904 decessum
1660 865 2002 925 supremum,

431 953 555 1021 past
580 958 743 1013 quem
772 942 922 1025 nulla
952 942 1153 996 iterum
1191 940 1494 997 decedendi
1542 957 1668 1010 spes
1710 951 2000 1011 superest:

432 1035 631 1108 gaudio
679 1049 812 1088 vero
857 1018 983 1102 quia
1018 1033 1304 1103 praesentis
1348 1033 1472 1086 vitze
1516 1018 1795 1086 aerumnis.
1836 1032 2000 1097 liber,

432 1142 525 1180 eas
572 1134 1006 1180 commutaturus
1052 1132 1175 1177 erat
1233 1138 1356 1177 cum
1404 1122 1737 1192 exspectatis
1794 1123 2004 1191 pridem

436 1218 619 1275 bonis.
653 1228 710 1272 et
758 1215 1177 1270 retributionem
1236 1215 1487 1268 laborum
1524 1223 1868 1283 accepturus.
1906 1214 2012 1268 lla-

435 1326 543 1380 que
572 1308 925 1379 praeceptoris
959 1306 1066 1373 sui,
1104 1314 1163 1361 ut
1201 1306 1399 1375 potuit,
1458 1306 1657 1360 melota
1699 1305 2010 1360 circumda-

437 1418 546 1469 tus,
577 1420 749 1474 eaque
774 1414 921 1466 arcte
958 1402 1311 1469 constrictus,
1351 1410 1402 1469 et
1439 1402 1673 1455 animam
1711 1403 1861 1455 velut
1890 1416 2012 1454 cor-

436 1511 566 1566 pore
597 1495 828 1551 solutam
862 1493 1315 1554 circumvolutus,
1351 1493 1576 1551 omnino
1603 1491 1854 1556 credens,
1885 1489 2012 1544 inde

436 1605 495 1645 se
527 1595 816 1641 exeuntem
846 1583 903 1637 in
958 1584 1214 1638 tutiorem
1264 1584 1447 1653 locum
1478 1583 1582 1637 iter
1620 1583 1884 1653 arripere,
1944 1580 2013 1643 ad

436 1676 934 1748 peregrinationem
985 1674 1091 1729 sibi
1141 1675 1451 1729 ubeundam
1503 1682 1613 1729 tota
1661 1681 1844 1727 mente
1890 1686 2015 1727 cou-

2110 497 2312 558 σιλεύς.

2186 586 2309 657 ριβ’.
2368 588 2601 657 Ἀγωνία
2661 588 2949 659 τοιγαροῦν
2983 590 3251 660 λαμϐάνει
3286 593 3379 647 τὸν
3414 596 3680 668 μαθητὴν,

2110 678 2296 742 πένθει
2350 680 2441 730 καὶ
2490 679 2634 751 χαρᾷ
2690 678 3018 749 σύμμικτος,
3052 680 3112 733 τὸ
3155 683 3254 751 μὲν
3285 684 3423 754 πρὸς
3449 685 3551 755 τὴν
3583 688 3682 757 τῆς

2119 771 2373 841 τελευτῆς
2403 770 2685 837 ἀγγελίαν,
2724 771 2806 829 ὅτι
2840 770 3001 840 φύσει
3037 774 3169 827 πᾶσι
3206 775 3437 845 φοϐερὸν
3476 778 3685 847 ἀνθρὼ-

2111 878 2233 924 ττοις
2261 861 2287 913 6
2344 862 2593 924 θάνατος,
2631 864 2725 915 καὶ⁵
2770 862 2869 932 τὴν
2924 865 3156 933 ἐσχάτην
3205 866 3539 935 ἀποδημίαν,
3569 871 3682 937 μεθ’

2111 957 2178 1024 ῆν
2208 953 2431 1022 οὐδεμία
2478 955 2638 1006 πάλιν
2686 954 2840 1016 ἐλπὶς
2896 955 3203 1020 ἀναλύσεως
3238 974 3253 991 “
3309 958 3372 1011 τὸ
3420 958 3497 1023 δὲ,
3554 961 3688 1031 πρὸς

2118 1047 2219 1115 τὴν
2257 1046 2365 1095 τῶν
2428 1046 2709 1116 παρόντων
2768 1044 3089 1116 ἀπαλλαγὴν
3118 1047 3420 1119 δυσχερῶν,
3451 1051 3546 1102 καὶ
3590 1052 3689 1113 τὰς

2117 1134 2578 1205 προσδοκωμένας
2612 1135 2844 1204 ἀμοιϐὰς
2868 1174 2882 1196 ,
2912 1136 3005 1188 καὶ
3033 1136 3133 1206 τὴν
3156 1138 3265 1191 τῶν
3324 1141 3501 1194 πόνων
3541 1142 3688 1194 ἀντί-

2114 1229 2279 1282 δοσιν.
2335 1229 2413 1299 Τῇ
2466 1227 2560 1280 τοῦ
2611 1228 2931 1289 διδασκάλου
2980 1230 3159 1282 τοίνυν
3214 1232 3289 1295 ὡς
3332 1228 3476 1302 εἶχεν
3528 1234 3691 1297 εὐθὺς

2118 1320 2433 1391 περιχυθεὶς
2492 1318 2738 1389 μηλωτῇ,
2780 1319 2916 1382 ὅλως
2967 1337 3028 1373 τε
3085 1322 3260 1393 τούτῳ
3294 1326 3564 1395 προσιξὺς,
3594 1327 3694 1379 καὶ

2117 1406 2207 1463 οἶα
2253 1412 2433 1484 γυμνῇ
2495 1408 2966 1479 περιπυξάμενος
3025 1414 3090 1481 τῇ
3150 1412 3317 1484 ψυχῇ,
3345 1414 3598 1484 καθάπερ
3641 1433 3694 1469 τι

2120 1500 2393 1552 πιστεύων
2449 1499 2657 1567 ἐφόδιον
2701 1498 2916 1558 ἐκεῖθεν
2967 1499 3155 1555 λαϐεῖν
3207 1503 3240 1574 ῆ
3298 1505 3691 1576 φυλακτήριον,

2124 1586 2241 1643 εἶτα
2290 1590 2425 1660 πρὸς
2477 1590 2575 1660 τὴν
2619 1591 2887 1661 ἐκδημίαν
2913 1591 3032 1646 ὅλον
3057 1593 3244 1647 ἑαυτὸν
3289 1596 3567 1659 συντείνας
3602 1597 3698 1649 καί¹

2123 1683 2431 1746 ἀπευθύνας
2460 1698 2474 1713 °
2523 1682 2617 1736 xui.
2670 1680 2763 1736 νῦν
2805 1684 2923 1753 μὲν,
2966 1684 3177 1753 Πάτερ,
3208 1688 3296 1751 είς
3337 1685 3539 1755 χεῖράς
3575 1702 3697 1743 σου

435 1768 692 1831 vertitur,
721 1766 1013 1834 omniaque
1038 1780 1105 1819 eo
1135 1764 1414 1834 disponit;
1448 1763 1610 1817 modo
1661 1761 1887 1832 quidem
1934 1763 2017 1813 in-

2134 1779 2476 1858 σαρατιθιζμι
2529 1776 2594 1831 τὸ
2655 1776 2891 1846 πνεῦμά
2933 1764 3076 1846 μοι).
3134 1778 3328 1847 λέγων,
3373 1778 3470 1832 νῦν
3498 1779 3699 1841 δέ,Τὸ

437 1858 635 1929 quiens
670 1874 684 1911 :
716 1855 900 1922 Pater,
939 1857 993 1909 in
1052 1871 1240 1910 manus
1272 1866 1390 1908 tuas
1428 1853 1729 1907 commendo
1774 1852 2016 1922 spiritum

440 1964 612 2006 meum
636 1948 716 2011 ”;
753 1946 936 2013 modo,
982 1943 1211 2015 Spiritus
1253 1952 1372 1998 tuus
1410 1944 1572 2005 bonus
1607 1942 1821 2002 deducet
1853 1957 1931 1994 me
1965 1941 2019 1993 in

446 2047 646 2092 terram
678 2047 876 2091 rectam
903 2036 987 2090 ‘9'.
1016 2037 1192 2105 Atque
1220 2035 1379 2090 istius
1414 2035 1556 2088 modi
1593 2030 2020 2102 precaliunculis

445 2128 742 2200 indulgens
786 2128 977 2197 biduo.
1032 2127 1234 2181 sensim
1284 2126 1435 2180 velut
1494 2123 1647 2178 suavi
1709 2119 2022 2177 concedens

448 2236 667 2287 somno,
695 2220 943 2289 corporis
964 2218 1196 2273 vinculis
1215 2227 1379 2286 atque
1399 2228 1621 2271 carcere
1647 2211 1931 2275 eximitur,
1953 2208 2020 2263 ad

443 2325 719 2387 speratam
747 2314 1083 2374 libertatem,
1140 2321 1197 2367 et
1228 2320 1449 2366 sancta:
1502 2306 1829 2365 obedientite
1884 2322 2022 2377 prte-

446 2405 641 2469 tnium,
692 2420 756 2470 ac
822 2403 1107 2475 pulchram
1172 2402 1595 2457 retributionem
1660 2399 2020 2455 transiturus.

457 2500 635 2568 Atque
710 2498 814 2551 hoc
868 2497 1090 2567 quidem
1148 2504 1345 2565 prceter
1410 2495 1513 2549 alia
1574 2494 1744 2548 multa
1811 2500 2022 2548 certum

447 2602 610 2663 atque
666 2590 896 2650 evidens
945 2582 1321 2643 testimonium
1398 2585 1504 2649 sit,
1571 2594 1677 2637 tam
1732 2592 2022 2653 perspecta

449 2681 708 2755 Symeoni
736 2681 904 2741 fuisse
927 2679 1314 2748 futura,qua,m
1365 2676 1650 2748 przcsentia
1689 2693 1701 2728 :
1740 2690 1862 2755 qua:
1893 2678 2024 2726 vero

449 2750 758 2849 sequuntur
785 2787 970 2843 parem
994 2770 1200 2826 habent
1233 2770 1288 2824 id
1318 2769 1711 2839 comprobandi
1758 2750 1886 2823 sim.

523 2887 645 2940 115.
700 2884 990 2962 Fratribus
1022 2881 1364 2953 imposituris
1406 2890 1570 2951 atque
1616 2890 2027 2951 coagmentatuo

459 2978 538 3033 ris
563 2976 912 3048 prmgrandes
943 2974 1087 3034 inter
1119 2989 1178 3029 se
1218 2972 1450 3043 lapides,
1481 2971 1686 3042 quibus
1744 2972 1796 3027 in
1854 2973 2026 3033 altum

2122 1867 2338 1938 πνεῦμά
2399 1883 2493 1920 σου
2550 1868 2611 1920 τὸ
2662 1868 2868 1936 ἀγαθὸν
2897 1869 3160 1939 ὁδηγήσει
3197 1887 3265 1939 με
3297 1872 3354 1922 ἐν
3375 1873 3448 1941 γῇ
3486 1870 3698 1941 εὐθείᾳ,

2130 1961 2223 2013 ἐπὶ
2259 1957 2525 2022 τοιούτοις
2553 1959 2721 2027 εὐχῆς
2752 1960 2959 2031 ῥήμασι
2991 1960 3129 2030 μετὰ
3154 1960 3413 2030 δευτέραν
3454 1961 3699 2030 ἡμέραν,

2121 2053 2308 2123 ὥσπερ
2361 2050 2484 2104 τινὰ
2539 2052 2743 2119 γλυκὺν
2799 2052 2983 2122 ἠρέμα
3040 2053 3323 2120 κοιμηθεὶς
3365 2052 3553 2116 ῦπνρν,
3587 2053 3701 2104 τῶν

2121 2146 2215 2199 τοῦ
2258 2144 2511 2215 σώματος
2565 2143 2782 2213 δεσμῶν
2834 2143 3055 2213 καὶτῆς
3082 2145 3326 2214 φυλακῆς
3376 2143 3698 2209 ἀπολύεται,

2123 2237 2218 2290 καὶ
2251 2239 2384 2307 πρὸς
2412 2236 2511 2306 τὴν
2546 2234 2757 2288 ἐκεῖθεν
2783 2233 3100 2304 μεταϐαίνει
3134 2226 3472 2306 ἐλευθερίαν,
3509 2236 3605 2287 καὶ
3628 2236 3702 2288 tit

2123 2327 2351 2398 λαμπρᾶ
2380 2327 2482 2396 τῆς
2512 2327 2789 2397 μακαρίας
2821 2326 3103 2395 ὑποταγῆς
3133 2322 3271 2379 ἆθλα
3295 2327 3389 2380 καὶ
3424 2327 3492 2381 τὰ
3522 2326 3698 2397 κάλλη

2124 2420 2233 2474 τῶν
2289 2419 2633 2473 ἀντιδόσεων.
2678 2417 2850 2471 Τοῦτο
2907 2418 3004 2488 μὲν
3048 2417 3112 2488 δὴ
3159 2418 3387 2481 τοιοῦτο,
3416 2420 3509 2471 καὶ
3553 2416 3701 2471 οὕτω

2129 2510 2296 2579 σαφὲς
2340 2511 2476 2580 μετὰ
2524 2508 2737 2563 πολλῶν
2780 2509 2876 2562 καὶ
2926 2508 3097 2562 ἄλλων
3131 2511 3449 2579 μαρτύριον,
3498 2505 3593 2560 τοῦ
3632 2506 3703 2560 τὰ

2130 2602 2395 2669 μέλλοντα
2462 2600 2555 2653 τὸν
2615 2598 2839 2670 Συμεὼν
2880 2599 3063 2670 διορᾷν
3119 2598 3193 2660 ὡς
3231 2600 3470 2669 παρόντα
3500 2615 3515 2629 ’
3556 2597 3628 2651 τὰ
3653 2598 3705 2652 δ’

2127 2692 2255 2769 ἐξῆς
2317 2692 2520 2764 ὁμοίως
2579 2691 2791 2763 ἔχοντα,
2826 2691 2920 2744 καὶ
2954 2690 3232 2754 αύτὰ,καὶ
3281 2690 3381 2759 τῆς
3440 2690 3563 2758 ἴσης
3624 2686 3706 2759 τῷ

2129 2804 2169 2840 π
2178 2785 2459 2860 ρολαϐόντι
2493 2787 2797 2857 δυνάμεως.

2203 2884 2327 2950 ριγ’.
2358 2877 2627 2944 Μέλλουσι
2675 2881 2788 2940 τοῖς
2845 2876 3095 2944 ἀδελφοῖς
3146 2872 3445 2928 ἐπιτιθέναι
3502 2888 3559 2924 τε
3606 2869 3706 2925 καὶ

2132 2970 2528 3042 συναρμόττειν
2591 2969 2840 3038 ἀλλήλοις
2897 2971 2964 3031 τὰ
3016 2968 3124 3023 τῶν
3176 2967 3341 3020 λίθων
3378 2962 3708 3034 μεγέθη,δι’

453 3070 588 3139 erigi
620 3068 873 3128 columna
906 3066 1164 3128 debebat,
1212 3079 1323 3118 non
1362 3063 1588 3117 minima
1626 3078 1757 3121 cura
1809 3071 1928 3119 erat
1959 3063 2026 3117 de

2134 3058 2203 3117 ὧν
2233 3063 2263 3115 6
2304 3062 2494 3126 στύλος
2526 3063 2605 3126 είς
2650 3062 2786 3133 Cdo;
2818 3060 3127 3133 ἐγείρεσθαι
3181 3058 3424 3129 ἔμελλεν,
3456 3057 3603 3117 ὅπως
3639 3055 3711 3107 ἄν

455 3161 760 3224 machinis,
808 3159 1017 3230 quibus
1060 3158 1251 3215 adhuc
1308 3144 1573 3209 utendum
1637 3162 1786 3215 esset
1832 3171 1846 3208 :
1903 3169 2028 3210 cum

460 3252 698 3323 Symeon
723 3248 874 3304 omni
904 3248 1149 3305 animum
1175 3244 1547 3307 sollicitudine
1594 3243 1815 3299 liberari
1838 3244 2029 3314 jubet;

458 3352 623 3412 atque
677 3337 955 3395 aitziiidi
994 3337 1047 3390 in
1102 3336 1299 3409 spiritu
1358 3334 1523 3389 hodie
1580 3333 1730 3388 circa
1793 3332 2035 3389 ﬂuminis

460 3432 664 3488 ostium
699 3431 753 3486 in
791 3429 929 3484 mari
955 3430 1134 3483 virum
1172 3428 1344 3481 forma
1391 3427 1653 3495 cultuque
1704 3425 2030 3494 agrestiore,

458 3524 691 3585 sindone
719 3538 786 3577 ex
821 3522 1055 3575 humero
1083 3517 1342 3589 pendula,
1393 3516 1488 3587 qui
1537 3515 1779 3577 accurrit
1818 3514 1883 3571 ad
1926 3531 2033 3578 me,

462 3620 767 3689 deprecans
792 3626 853 3677 ut
888 3615 1030 3681 malo
1063 3614 1330 3677 daemone,
1378 3627 1408 3665 a
1439 3627 1549 3680 quo
1580 3611 1636 3669 in
1676 3606 1889 3663 balneis
1932 3608 2038 3662 mi-

461 3725 584 3769 sere
620 3716 799 3762 tortus
833 3706 1035 3769 fuerat,
1060 3704 1434 3767 liberaretur;
1502 3700 1665 3763 simul
1717 3716 1937 3771 rogans,
1976 3707 2037 3759 ut

462 3797 695 3870 lignum,
731 3799 783 3852 in
828 3811 986 3855 usum
1013 3803 1336 3869 praesentem
1380 3789 1855 3870 percommodum,
1907 3805 1937 3843 a
1977 3803 2035 3842 se

464 3889 949 3960 acciperennlltec
1000 3887 1091 3941 ille
1145 3885 1432 3954 discipulis
1493 3898 1653 3938 mane
1705 3882 1873 3946 dixit;
1916 3890 2041 3950 post

463 3983 638 4057 paulo
660 3996 791 4035 vero
819 3980 886 4035 ad
912 3993 1070 4049 opus,
1100 3976 1246 4046 quod
1276 3991 1386 4046 pra:
1437 3973 1691 4039 manibus
1736 3972 2037 4036 habebant,

465 4075 711 4139 nondum
742 4088 798 4129 se
828 4070 1247 4141 acciugcntibus
1278 4067 1560 4132 fratribus,
1580 4066 1691 4121 imo
1714 4081 1784 4120 nc
1814 4064 2043 4119 dimisso

467 4167 691 4237 quidem
743 4172 1043 4225 conventu,
1112 4160 1208 4216 sed
1283 4159 1542 4215 omnibus
1595 4158 1777 4217 adhuc
1831 4156 2041 4211 circum

470 4268 720 4319 sanctum
752 4253 1096 4316 astantibus;
1120 4251 1379 4306 adventat
1400 4250 1484 4303 vir
1519 4248 1632 4312 ille,
1661 4246 1808 4317 quod
1834 4245 2042 4305 dictum

470 4361 556 4407 est
582 4350 819 4421 signum,
855 4346 1142 4402 sindonem
1174 4359 1369 4413 nempe
1406 4357 1572 4412 super
1598 4340 1889 4394 humerum
1947 4336 2046 4390 ha—

2132 3176 2280 3224 τινος
2310 3159 2446 3230 πρδς
2478 3157 2633 3210 τοῦτο
2666 3156 2911 3225 μηχανῆς
2952 3154 3339 3225 εύπορήσειαν,
3365 3151 3465 3203 οὐκ
3519 3149 3708 3219 ἐλαχί-

2137 3269 2236 3322 στη
2300 3250 2521 3321 φροντὶς
2548 3244 2649 3319 ῆν·
2678 3249 2706 3299 6
2739 3247 2794 3300 δὲ
2843 3246 3024 3316 πάσης
3069 3244 3162 3297 ἐπὶ
3210 3242 3384 3310 τούτῳ
3434 3238 3711 3309 μερίμνης

2136 3344 2386 3395 ἐκέλευεν
2414 3341 2597 3402 αὐτοῖς
2643 3339 2743 3400 τὰς
2771 3338 2951 3414 ψυχὰς
3008 3334 3284 3399 ἀπολύειν.
3325 3330 3542 3402 Ἐώρων
3574 3332 3709 3396 γὰρ,

2138 3434 2297 3505 φησι,
2326 3432 2404 3502 τῷ
2439 3432 2709 3501 πνεύματι
2738 3430 2979 3499 σήμερον
3006 3427 3197 3497 ἄνδρα,
3231 3425 3360 3494 περὶ
3406 3424 3507 3484 τὰς
3562 3420 3712 3482 κατὰ

2139 3525 2407 3579 θάλατταν
2463 3521 2558 3575 τοῦ
2609 3519 2855 3589 ποταμοῦ
2917 3517 3165 3579 εἰσϐολὰς
3196 3556 3210 3577 ,
3271 3514 3432 3585 ἐῴκει
3488 3512 3545 3564 δέ
3600 3510 3715 3562 τῶν

2141 3613 2544 3687 ἁγροικοτέρων
2575 3608 2737 3677 εἶναι,
2775 3609 2984 3663 σινδόνα
3016 3624 3074 3659 τε
3107 3603 3218 3675 εἶχε
3252 3605 3389 3661 κατὰ
3413 3605 3503 3657 τὸν
3534 3596 3712 3668 ὦμον,

2141 3708 2235 3769 καὶ
2267 3709 2295 3760 6
2342 3703 2480 3774 ἀνὴρ
2513 3702 2745 3773 προσῄει
2774 3717 2884 3770 μοι,
2933 3698 3180 3767 δαίμονος
3231 3691 3719 3765 καταρρηγνύντος

2142 3801 2200 3851 ἐν
2262 3797 2564 3868 βαλανείοις
2623 3793 2807 3857 αὐτὸν,
2842 3790 3218 3857 ἀπαλλαγῆναι
3258 3787 3531 3856 δεόμενος,
3560 3781 3717 3851 Edim

2142 3907 2225 3954 τε,
2258 3888 2392 3959 πρὸς
2418 3887 2516 3957 τὴν
2546 3883 2828 3955 παροῦσαν
2854 3881 3044 3951 χρείαν
3076 3876 3137 3932 εὖ
3180 3877 3326 3947 ἕχον,
3354 3874 3610 3939 δέξασθαί
3648 3890 3718 3941 με

2144 3980 2273 4050 παρ’
2309 3977 2475 4033 αὐτοῦ
2508 3976 2694 4043 ἀξιῶν.
2735 3972 2924 4027 Ταῦτα
2951 3974 2980 4025 6
3031 3970 3129 4040 μὲν
3156 3967 3354 4039 ὄρθρου
3385 3966 3498 4027 τοῖς
3540 3963 3720 4033 μαϐηο

2144 4073 2264 4133 ταῖς
2292 4070 2507 4139 εἰρήκει
2535 4083 2548 4096 ·
2584 4065 2723 4137 μετὰ
2754 4064 2927 4135 βραχὺ
2956 4062 3014 4114 δὲ
3043 4059 3185 4114 οὕτω
3209 4058 3306 4127 τὴν
3348 4054 3567 4119 σύναξιν
3603 4053 3722 4113 δια-

2146 4162 2459 4231 λυσαμένων
2490 4158 2689 4221 αὐτῶν,
2724 4156 2842 4215 οὐδὲ
2868 4154 3002 4224 πρὸς
3029 4152 3099 4205 τὰ
3145 4153 3201 4203 ἐν
3249 4148 3402 4220 χερσὶ
3443 4144 3727 4217 τραωμὲο

2148 4272 2275 4315 νων.
2307 4252 2418 4305 ἀλλ’
2448 4253 2529 4303 ἔτι
2555 4248 2681 4319 περὶ
2716 4246 2879 4301 αὐτὸν
2932 4242 3234 4314 ἱσταμένων
3282 4240 3590 4307 ἀφικνεῖται
3625 4234 3727 4285 καὶ

2148 4350 2174 4400 6
2200 4344 2358 4415 ἀνὴρ,
2396 4342 2456 4394 τὸ
2491 4343 2715 4409 σημεῖον
2746 4337 2839 4390 ἐπὶ
2886 4334 2980 4389 τοῦ
3023 4333 3172 4403 ὤμου
3212 4332 3309 4400 τὴν
3360 4328 3572 4382 σινδόνα
3620 4326 3726 4393 (gs-

471 4445 644 4506 hens;
678 4441 813 4511 petit
847 4438 1045 4508 expelli
1096 4453 1126 4491 a
1181 4452 1239 4491 se
1275 4435 1565 4488 molestum
1616 4431 1945 4493 d:cmonem,
1987 4428 2022 4481 it

2157 4454 2265 4508 ρων
2296 4450 2310 4463 ·
2351 4432 2411 4496 ὃς
2474 4427 2792 4496 ἀπαλλαγῆς
2845 4442 2906 4478 τε
2964 4421 3202 4494 χαλεποῦ
3249 4421 3504 4489 δαίμονος
3548 4431 3727 4468 κατα-

475 4533 686 4591 balneis
713 4547 832 4587 sese
867 4530 1102 4602 dejicere
1130 4528 1390 4593 solitum;
1423 4534 1586 4604 atque
1616 4538 1722 4577 una
1774 4528 1948 4592 rogat,
1988 4528 2047 4572 ut

475 4627 622 4698 quod
651 4640 839 4681 secum
871 4624 1148 4685 detulerat
1174 4621 1409 4693 lignum,
1441 4631 1638 4687 capere
1692 4615 1929 4685 Symeon
1983 4627 2051 4663 ne

476 4718 840 4789 dedignetur:
888 4713 1123 4784 perinde
1154 4727 1217 4771 ac
1257 4711 1301 4765 si
1350 4718 1646 4777 utrumque
1697 4702 2048 4762 beneficium,

470 4820 537 4873 et
568 4826 597 4865 a
625 4810 873 4864 daemone
906 4805 1311 4869 immunitatem
1343 4800 1448 4855 sibi
1483 4795 1752 4870 pnestari,
1794 4801 1851 4847 et
1879 4790 2047 4847 oblati

480 4900 728 4955 numeris
751 4898 1029 4969 repulsam
1049 4896 1157 4949 nea
1191 4893 1358 4954 ferre,
1392 4890 1507 4961 pari
1537 4889 1591 4943 in
1625 4889 1747 4942 loco
1778 4898 2052 4955 reponen-

482 4993 613 5048 dum
643 4998 913 5047 censeret.
944 4987 1185 5044 Sanctus
1233 4985 1417 5054 itaque
1447 4978 1786 5046 dannoniaco
1835 4976 2054 5045 signum

484 5085 691 5150 crucis,
717 5081 987 5138 orationis
1036 5080 1243 5133 tirlute
1294 5074 1580 5130 suifultum
1628 5068 1945 5139 impressit;
1993 5079 2057 5118 ac

487 5174 725 5246 maligno
745 5172 964 5244 spiritui
1017 5170 1071 5227 in
1131 5166 1354 5229 nomine
1399 5162 1614 5220 Domini
1658 5176 1723 5215 ac
1753 5157 2056 5215 Salvatoris

384 5285 389 5289 ’
485 5266 664 5322 nostri
695 5263 974 5334 praecepit,
1006 5269 1068 5315 ut
1101 5259 1225 5314 inde
1252 5257 1547 5311 incesseret
1584 5272 1595 5306 :
1654 5267 1763 5322 quo
1792 5249 2056 5304 continuo

488 5354 876 5417 cxterminato,
912 5348 1168 5431 prmsenti
1217 5343 1532 5402 necessitati
1587 5342 1809 5404 cedens,
1849 5337 2055 5408 lignum

492 5448 548 5512 in
584 5444 980 5501 monasterium
1004 5441 1212 5513 portari
1231 5440 1420 5511 jussit.

565 5538 687 5605 1H.
734 5535 995 5608 Exigente
1044 5535 1241 5589 iterum
1284 5547 1389 5588 usu
1446 5528 1592 5585 aliud
1642 5526 1839 5583 similis
1880 5524 2064 5579 ferina:

572 5715 770 5777 "Luc.
822 5730 966 5776 χχιιι,
1012 5713 1091 5767 l6.
1168 5713 1233 5742 ιθ·
1262 5708 1397 5762 Psa'.
1428 5722 1588 5772 exul,
1631 5707 1705 5763 ιι).

2151 4505 2436 4587 ϐάλλοντος
2472 4525 2530 4575 ἐν
2562 4520 2865 4591 βαλανείοις
2890 4516 3051 4570 αὐτὸν
3081 4514 3250 4567 ἐδεῖτο
3278 4513 3492 4581 τυχεῖν,
3532 4511 3626 4565 καὶ
3659 4505 3725 4557 τὸ

2161 4618 2364 4689 προσὸν
2387 4616 2583 4685 ἐκείνῳ
2616 4612 2771 4679 ξύλον
2795 4608 3050 4676 δέξασθαι
3080 4606 3230 4676 ἠξίου
3260 4604 3351 4658 τὸν
3379 4602 3628 4673 Συμεὼν,
3652 4599 3729 4661 ὡς

2163 4714 2220 4765 ἐν
2251 4712 2351 4781 ἴσῳ
2382 4709 2476 4762 καὶ
2501 4708 2598 4777 τῆς
2621 4704 2712 4757 τοῦ
2738 4703 2994 4772 δαίμονος
3026 4697 3342 4765 ἀπαλλαγῆς
3368 4691 3729 4761 πεποιῆσθαι,

2158 4808 2252 4862 καὶ
2282 4806 2343 4858 τὸ
2377 4802 2453 4875 μὴ
2473 4800 2574 4870 τῆς
2608 4796 2884 4862 ἀξιώσεως
2927 4792 3131 4861 ταύτης
3174 4788 3514 4859 διαμαρτεῖν,
3546 4801 3733 4852 παρα-

2162 4871 2392 4967 πλησίαν
2418 4871 2609 4962 ὥσπερ
2633 4888 2917 4959 ἀμφότερα
2940 4882 3221 4951 τιθέμενος
3244 4877 3424 4949 χάριν.
3451 4871 3735 4967 Egypt-171*)?

2160 4988 2240 5059 τῷ
2258 4959 2530 5054 ’πάσχοντι
2560 4959 2736 5033 τοίνυν
2771 4977 2902 5045 εὐχῇ
2932 4969 3341 5040 δυναμουμένην
3366 4961 3640 5019 ἐπιϐαλὼν
3660 4959 3738 5027 τῷ

2161 5050 2224 5135 τέ
2259 5074 2477 5148 πονηρῴ
2528 5070 2800 5140 πνεύματι
2857 5069 2915 5120 ἐν
2966 5063 3191 5133 ὀνόματι
3243 5058 3337 5111 τοῦ
3393 5053 3600 5123 Κυρίου
3641 5050 3737 5103 καὶ

2164 5174 2415 5244 Σωτῆρος
2446 5169 2799 5236 ἐπιτιμήσας,
2826 5161 2886 5215 τὸ
2914 5159 3012 5231 μὲν
3059 5156 3224 5220 εὐθὺς
3268 5149 3585 5207 ἀπελαύνει,
3616 5145 3742 5195 πεί-

2162 5242 2403 5323 θεταιήδέ
2445 5260 2522 5333 τῷ
2556 5257 2842 5327 ἀναγκαίῳ
2870 5254 2968 5323 τῆς
3010 5249 3220 5321 χρείας.
3249 5246 3344 5300 καὶ
3381 5245 3461 5306 εἰς
3500 5242 3600 5309 τὴν
3645 5253 3748 5308 μο-

2163 5363 2261 5433 νὴν
2289 5359 2351 5412 16
2379 5357 2533 5423 ξύλον
2567 5347 2979 5420 ἀνακομίζεται.

2247 5515 2361 5594 ριδ’.
2401 5512 2616 5581 Ἐτέρου
2643 5506 2800 5566 πάλιν
2831 5500 3031 5578 ὁμοίως
3058 5490 3267 5570 ἔχοντος
3300 5492 3453 5558 ξύλου
3484 5485 3747 5565 δεομένης
