4034 6186
321 5807 346 5820 Ω

331 287 463 350 3093
520 327 522 330 ν

1331 293 1501 352 VITA
1535 293 1580 352 .\
1622 291 2054 354 NICEPHORO
2093 297 2573 364 CONSCRII’TA.

3427 289 3565 350 aaut

329 412 420 464 της
454 395 660 467 χρείας,
697 397 986 470 προλαϐὼν
1019 399 1084 450 τὰ
1113 400 1217 451 τῶν
1251 399 1507 470 μαθητῶν
1537 401 1741 463 ἐκεῖνος
1769 401 1895 471 περὶ

2019 404 2226 473 ignum,
2262 415 2598 473 praeverteus
2644 402 2896 456 sollicitis
2947 402 3050 454 hac
3092 417 3260 469 super
3305 416 3362 454 rc
3404 399 3568 451 disci-

327 492 513 542 τούτου
540 490 825 557 φροντίδας
850 493 912 560 τῇ
939 491 1031 542 τοῦ
1062 492 1342 560 μέλλοντος
1368 492 1651 564 πόρρωθεν
1681 492 1897 561 ἀψευδεί

331 580 648 650 καταλήψει,
693 581 836 650 Ἰδοὺ,
861 585 1018 654 φοιτᾷ
1051 584 1212 635 πάλιν
1258 583 1396 653 ἀνὴρ
1428 585 1635 654 ἔτερος,
1664 583 1788 652 ἔφη,
1822 586 1898 637 ol-

330 672 472 723 κεῖον
503 674 568 740 τῇ
601 674 932 742 προκειμένῃ
964 673 1120 743 χρείᾳ
1149 673 1300 737 ξύλον
1336 676 1391 726 ἐν
1418 675 1494 742 τῷ
1527 674 1617 726 τοῦ
1653 673 1896 743 ποταμοῦ

332 761 558 828 στόματι
592 763 748 830 ἔχων,
791 763 883 815 καὶ
921 764 1078 816 τοῦτο
1122 763 1301 815 λαϐεῖν
1341 766 1490 835 ἡμᾶς
1519 765 1682 828 ἀξιῶν
1707 781 1720 794 ο
1767 765 1794 815 ὁ
1839 766 1896 817 δὲ

333 853 464 916 ποῦς
494 856 592 907 οὐκ
629 855 834 922 ὀλίγαις
878 856 953 925 τῷ
986 857 1138 924 ἀνδρὶ
1176 857 1499 924 βαλλόμενος
1525 857 1756 920 ὀδύναις,
1779 858 1898 910 οὐδὲ

331 948 526 1000 ἄπονον
557 946 703 1016 αὐτῷ
741 947 839 1015 τὴν
880 947 1104 1017 πορείαν
1136 948 1411 1017 παρέχων.
1447 948 1630 1000 Ταῦτα
1661 947 1794 1018 ὁμοῦ
1839 965 1897 1001 τε

333 1037 514 1108 είρητο
552 1039 684 1109 πρὸς
713 1032 930 1103 αὖτοὺς,
967 1040 1060 1092 καὶ
1083 1040 1217 1108 ὁμοῦ
1255 1039 1617 1109 παρεστηκὼς
1652 1036 1718 1111 ἦν
1753 1041 1898 1092 ἐκεῖ-

334 1147 439 1190 νος,
464 1129 736 1198 δεόμενος,
769 1131 896 1197 γόνυ
923 1131 1138 1195 κλίνων,
1166 1133 1262 1189 τὰς
1284 1131 1437 1200 ὄψεις
1471 1132 1690 1201 ἐρείδων
1707 1135 1770 1203 τῇ
1804 1135 1896 1201 γῇ,

334 1221 511 1274 πάντα
553 1223 720 1273 ποιῶν
764 1223 854 1274 τόν
882 1241 941 1275 τε
977 1223 1108 1275 πόδα
1133 1223 1241 1276 τῶν
1266 1223 1465 1276 ὀδυνῶν
1497 1223 1775 1291 ἀνεθῆναι,
1808 1225 1901 1276 καὶ

332 1313 465 1382 ὅπερ
500 1313 637 1381 ἔχων
664 1313 926 1384 ἐτύγχανε
955 1314 1111 1379 ξύλον
1137 1316 1214 1384 τῷ
1237 1316 1376 1386 ἁγίῳ
1413 1316 1691 1387 δεχθῆναι,
1715 1317 1898 1382 δέησιν

333 1406 567 1477 ἑκάτερα
618 1407 938 1476 ποιούμενος
988 1408 1131 1480 ἴσην.
1174 1410 1231 1463 Ὀ
1261 1411 1317 1464 δὲ
1352 1411 1449 1481 τὴν
1488 1410 1676 1480 βαῖνην
1706 1411 1900 1483 pasam

331 1495 530 1560 λαϐὼν,
569 1499 715 1551 παίει
740 1500 829 1551 τὸν
857 1501 1115 1554 νοσοῦντα
1139 1503 1294 1564 πόδα,
1325 1505 1417 1555 καὶ
1440 1504 1472 1572 ἡ
1501 1503 1681 1572 πληγὴ
1719 1521 1899 1574 παρα-

330 1585 492 1651 δόξως
527 1588 680 1654 ὑγεία
716 1589 790 1660 τῷ
817 1589 1076 1657 κάμνοντι
1111 1592 1340 1659 γίνεται,
1376 1591 1436 1644 τό
1467 1609 1526 1644 τε
1571 1592 1726 1657 ξύλον
1765 1595 1900 1646 ἁνα-

332 1677 614 1746 κομίζεται
665 1682 756 1733 καὶ
803 1683 955 1744 αὐτὸ,
986 1682 1224 1747 εἴξαντος
1267 1685 1474 1737 ἐκείνου
1516 1685 1790 1738 κάνταῦθα
1821 1685 1900 1755 τῷ

331 1768 428 1837 τῆς
456 1771 643 1840 χρείας
670 1773 1055 1845 ἀπαραιτήτῳ,
1091 1777 1184 1828 καὶ
1217 1777 1244 1827 ὁ
1277 1776 1466 1840 στύλος
1508 1779 1586 1840 είς
1615 1777 1750 1849 ὅπερ
1773 1778 1900 1848 ὁρᾶ·

332 1875 418 1913 ται
451 1861 544 1913 νῦν
575 1861 790 1933 αἴρεται
821 1863 971 1933 ὕψος.
1507 1880 1510 1883 ’

405 2041 523 2111 ριε’.
557 2045 740 2117 Ταύτῃ
776 2045 1066 2116 τοιγαροῦν
1102 2046 1529 2116 ἀπαρτισθέντος
1558 2045 1652 2100 τοῦ
1685 2045 1901 2106 στύλου,

336 2134 461 2203 περί
491 2123 679 2205 τρίτην
711 2135 857 2205 ῶραν
888 2138 1176 2208 ἡμερινὴν,
1210 2138 1312 2191 ὑπὸ
1358 2141 1610 2209 μυριάσιν
1652 2139 1900 2206 ἀγγέλων

336 2227 622 2294 ἐπιφανεὶς
678 2228 706 2279 ὀ
759 2229 1014 2299 Χριστὸς,
1070 2232 1322 2302 ποθεινῆς
1366 2231 1500 2302 ὁμοῦ
1539 2233 1634 2284 καὶ
1671 2233 1906 2310 ερρικτῆς

337 2316 550 2385 ἐκείνης
595 2321 931 2388 ἐπιφανείας,
964 2323 1020 2374 ἐν
1046 2322 1195 2393 ἄρτῳ
1227 2341 1286 2376 τε
1327 2324 1422 2378 καὶ
1455 2325 1582 2394 οίνῳ
1609 2339 1908 2394 πνευματι-

338 2408 448 2472 κῶς
476 2413 848 2480 προσκομίσας
885 2413 1063 2484 (αὐτὸς
1095 2415 1151 2466 δὲ
1185 2412 1250 2485 ἦν
1275 2416 1301 2467 ὁ
1330 2417 1424 2468 καὶ⁵
1454 2417 1776 2487 προσφέρων
1803 2416 1910 2486 ἄρα

339 2501 430 2552 καὶ
473 2503 934 2574 προσφερόμενος)
971 2506 1070 2574 τὴν
1095 2506 1187 2559 τοῦ
1211 2508 1413 2559 οἰκείου
1444 2507 1772 2578 θεράποντος
1803 2507 1910 2560 ὑπὸ

344 2594 521 2663 μόνοις
546 2599 658 2659 τοῖς
686 2598 892 2650 ἐκείνου
937 2598 1098 2666 ὀφθα)
1113 2602 1252 2669 μοῖς,
1285 2601 1334 2653 οἳ
1371 2601 1465 2652 καὶ
1493 2600 1626 2671 πρὸς
1655 2600 1912 2668 τηλικαύ-

339 2702 438 2755 την
479 2686 602 2754 ww
638 2687 867 2756 ἡξίωντο
892 2690 1222 2754 διαϐλέπειν,
1260 2692 1453 2762 ἡγίασε
1494 2693 1703 2746 στάσιν.
1734 2694 1912 2761 "Amp

343 2779 518 2832 ίδύντα
550 2780 640 2833 τὸν
686 2782 910 2852 Συμεὼν
935 2783 1086 2854 ποοῳ
1121 2801 1179 2837 τε
1208 2789 1306 2853 τῆς
1348 2785 1441 2838 ἐπὶ
1475 2786 1565 2838 τὸν
1598 2785 1789 2839 στύλον
1816 2787 1913 2840 ἁν-

339 2871 457 2924 όδου
511 2872 694 2938 πόθον,
734 2875 826 2926 καὶ
876 2876 1079 2946 σπουδῇ
1135 2876 1370 2946 σπουδὴν
1421 2877 1786 2947 προσλαϐεῖν·
1820 2879 1915 2931 καὶ

341 2965 466 3026 τοὺς
515 2965 976 3034 εύδοκιμωτέρους
1021 2968 1130 3020 τῶν
1174 2968 1428 3037 μαθητῶν
1485 2971 1912 3036 συγκαλέσαντα,

340 3053 437 3124 τὴν
461 3054 609 3107 θείαν
639 3057 821 3117 αὐτοῖς
848 3059 903 3108 ὲν
929 3058 1199 3125 πνεύματι
1227 3057 1608 3123 ταπεινώσεως
1643 3060 1916 3129 ἐξηγήσα-

344 3145 466 3198 σθαι
506 3144 649 3213 δψιν,
684 3146 911 3210 ἀξιῶσαί
961 3165 1018 3200 τε
1066 3148 1288 3210 τούτους
1335 3149 1524 3219 ἑορτὴν
1570 3149 1782 3220 ἐκείνην
1817 3151 1913 3218 τὴν

340 3233 552 3306 ἡμέραν
584 3235 735 3301 ἄγειν
766 3234 1048 3304 λαμπρὰν,
1081 3237 1230 3308 φόϐῳ
1275 3237 1402 3307 θείῳ
1435 3241 1532 3307 τὴν
1568 3240 1794 3307 καρδίαν
1823 3241 1916 3292 50-

345 3325 759 3394 φραινομὲνους,
783 3329 839 3379 τὸ
879 3329 976 3397 μὲν
1010 3329 1097 3382 διά
1131 3331 1191 3381 τὸ
1216 3332 1442 3401 φρικτὸν
1471 3332 1569 3400 τῆς
1599 3332 1916 3400 ἐπιδημίας,

341 3414 400 3468 τὸ
428 3415 484 3467 δὲ
513 3417 598 3470 διὰ
631 3417 690 3470 τὸ
713 3419 988 3489 ὑπερφυὲς
1015 3421 1112 3486 τῆς
1142 3422 1530 3490 χρηστότητος.
1573 3423 1635 3474 Ἥ
1672 3422 1726 3474 δὲ
1760 3419 1846 3492 ἦν’
1885 3425 1918 3493 ἡ

341 3507 601 3577 ἐπαύριον
627 3509 722 3580 τῆς
759 3510 1162 3580 Πεντηκοστῆς,
1195 3511 1320 3563 καθ’
1341 3513 1406 3580 ἦν
1437 3513 1532 3565 καὶ
1558 3513 1656 3583 τὴν
1688 3515 1768 3575 είς
1795 3515 1919 3576 τοὺς

341 3599 576 3669 Χριστοῦ
633 3603 881 3671 μαθητὰς
921 3603 1250 3673 ἑορτάζομεν
1307 3603 1400 3656 τοῦ
1456 3604 1772 3672 Πνεύματος
1825 3605 1916 3657 τοῦ

344 3691 499 3758 ἁγίου
551 3693 884 3763 ἐπιδημίαν·
929 3697 1047 3748 κατ’
1079 3697 1248 3766 αὐτὴν
1287 3695 1394 3766 γὰρ
1436 3697 1764 3763 ἐπιφανέντα
1823 3697 1920 3768 τὴν

341 3784 560 3854 ἡμέραν
595 3787 743 3856 αὐτῷ
778 3789 867 3839 καὶ
895 3787 982 3840 τὸν
1010 3789 1212 3858 Κύριον
1246 3789 1404 3860 ἡμῶν
1433 3791 1526 3842 καὶ
1547 3788 1678 3841 Θεὸν
1704 3790 1925 3857 ἁγιάσαι

342 3875 440 3944 τὴν
470 3878 656 3930 στάσιν
688 3879 854 3931 αὐτοῦ
886 3881 982 3949 τὴν
1023 3882 1114 3932 ἐπὶ
1154 3880 1246 3933 τοῦ
1282 3880 1492 3944 στύλου,
1524 3883 1622 3951 τὴν
1655 3883 1922 3952 μυστικὴν

345 3968 431 4021 ἐπ’
494 3968 660 4020 αὐτοῦ
721 3969 912 4022 θυσίαν
981 3972 1438 4041 προσαγαγόντα,
1506 3966 1594 4024 οἶα
1663 3971 1922 4040 συγγενές

344 4076 397 4112 τι
456 4059 650 4122 σκεῦος
703 4063 812 4122 τοῖς
862 4061 1180 4124 ἀποστόλοις
1241 4063 1491 4132 εὑρόντα,
1574 4064 1668 4116 καὶ
1728 4081 1923 4132 συγγε-

344 4149 470 4213 νοῦς
521 4151 671 4219 αύτῴ
723 4153 946 4221 χάριτος
997 4153 1227 4215 ἐκείνοις
1280 4154 1646 4222 μεταδιδόντα.
1707 4155 1924 4222 Ταύτην

345 4244 375 4294 ὁ
436 4241 534 4310 μὲν
591 4243 840 4295 δέδωκεν.
886 4245 1102 4315 ἐντολὴν
1171 4247 1284 4307 τοῖς
1337 4248 1756 4316 ὲπισημοτέροις
1815 4247 1922 4298 τῶν

347 4332 611 4402 ἀδελφῶν,
672 4334 793 4404 ἥτις
843 4335 992 4405 παρὰ
1048 4338 1111 4406 τῇ
1174 4340 1306 4407 μονῇ
1360 4339 1461 4395 καὶ¹
1502 4339 1580 4400 είς
1627 4338 1788 4408 δεῦρο
1829 4356 1925 4408 τη,-

350 4441 547 4496 ρειται.

424 4524 556 4587 ρις’.
587 4519 697 4589 Τῆς
731 4519 776 4571 δ’
808 4519 1070 4588 ἐπιούσης
1105 4519 1389 4589 Κυριακῆς
1423 4519 1530 4589 (εἴη
1563 4521 1606 4572 δ’
1636 4520 1703 4572 ἂν
1734 4521 1766 4590 ὴ
1798 4519 1926 4588 ἑξῆς

346 4609 448 4678 τῆς
479 4610 900 4680 Πεντηκοστῆς),
933 4611 1070 4678 μετὰ
1097 4611 1195 4673 τὰς
1223 4611 1448 4674 ἑωθινὰς
1489 4611 1655 4682 ᾠδὰς,
1692 4612 1789 4674 τὰς
1831 4612 1928 4682 μὲν
1969 4635 1971 4637 ί

347 4700 450 4769 τῆς
486 4699 653 4770 μονῆς
689 4701 860 4764 πύλας
899 4705 1011 4765 τοῖς
1039 4700 1236 4766 ἔξωθεν
1285 4703 1512 4771 φοιτῶσι
1551 4703 1766 4755 κελεύει
1796 4704 1924 4756 καθ-

349 4792 497 4856 άπαξ
525 4793 952 4874 ἁποκλεισθῆναι
971 4809 983 4823 ·
1011 4794 1172 4856 αὐτὸς
1201 4795 1258 4846 δὲ
1287 4797 1413 4858 τοὺς
1440 4795 1702 4863 ἀδελφοὺς
1725 4797 1932 4861 πάντας

352 4884 699 4952 συναγαγὼν,
723 4886 844 4955 Θεῷ
873 4903 932 4938 τε
963 4887 1255 4956 θυμιάσας,
1283 4888 1381 4939 καὶ
1403 4888 1530 4955 γόνυ
1555 4889 1734 4942 κλῖναι
1767 4891 1933 4943 πᾶσιν

350 4977 533 5036 αὐτοῖς
577 4979 858 5042 ἐπιτάξας,
891 4978 1133 5046 κεφαλὴν
1170 4979 1307 5046 μετᾶ
1344 4978 1454 5030 τῶν
1490 4982 1734 5048 γονάτων
1761 4984 1828 5051 τῇ
1858 4983 1929 5050 γῇ

350 5069 446 5121 καὶ
468 5064 620 5130 οὗτος
646 5070 887 5139 ἐρείσας,
914 5070 1123 5140 δάκρυά
1151 5087 1208 5121 τε
1235 5070 1301 5122 τὰ
1327 5072 1420 5123 καὶ
1447 5072 1790 5142 θυμιάματος
1816 5074 1933 5144 Θεῷ

357 5162 558 5230 μᾶλλον
611 5163 744 5232 ἡδίω
795 5163 890 5215 καὶ
929 5164 1266 5235 εὖωδέστερα
1314 5164 1531 5234 θερμῶς
1583 5168 1931 5232 ἐπισπείσας,

349 5253 482 5321 ἄχρι
521 5252 717 5304 πολλοῦ
761 5253 1135 5324 προσηύξατοο
1169 5255 1260 5306 ἐπὶ
1287 5255 1428 5307 τέλει
1464 5255 1520 5307 δὲ
1549 5257 1647 5324 τῆς
1681 5258 1848 5326 εὐχῆς
1875 5258 1936 5310 τὸ

369 5343 543 5413 ’Λμὴν
580 5344 760 5395 αὐτῶν
786 5345 1141 5406 ἐπειπόντων,
1175 5345 1410 5408 ἀναστάς
1449 5345 1639 5415 πρῶτα
1671 5347 1770 5412 μὲν
1797 5364 1931 5415 συγ-

353 5432 598 5505 χώρησιν
623 5435 802 5497 αὐτοῖς
831 5437 1008 5506 πάσης
1038 5435 1224 5498 ἁπλῶς
1250 5435 1574 5504 ἀντιλογίας,
1609 5438 1704 5489 καὶ
1734 5439 1934 5502 παντὸς

353 5520 564 5590 οὗτινος
593 5521 686 5581 οὖν
741 5528 986 5582 ἑκουσίου
1021 5527 1054 5598 ἢ
1085 5533 1142 5582 ὲν
1174 5528 1363 5599 ἀγνοίᾳ
1392 5529 1592 5583 ἐδίδου·
1635 5526 1754 5584 εἶτα
1792 5548 1935 5602 παρ-

1999 495 2142 564 pulis
2199 495 2472 565 Symeon,
2541 493 2814 548 inlallibili
2881 493 3193 545 futurorum
3257 490 3568 560 cognitione

2001 585 2364 641 informatus:
2401 587 2563 650 Ecce,
2589 586 2787 654 inquit,
2844 598 3064 637 rursum
3122 583 3208 635 vir
3261 583 3401 635 alius
3463 581 3571 634 huc

1999 680 2250 743 ventitat,
2279 678 2372 746 qui
2402 673 2608 746 lignum
2647 674 3038 745 usuiprzesenti
3065 687 3334 742 perquam
3356 683 3568 738 aptum,

2002 771 2056 825 in
2109 771 2250 826 ostio
2311 771 2554 824 ﬂuminis
2590 769 2778 834 habet,
2825 776 3090 838 rogatque
3146 778 3208 820 ut
3255 766 3431 835 ipsum
3479 780 3573 818 ac-

2001 860 2288 929 cipiamus.
2328 861 2428 914 Pes
2480 861 2701 914 saucius
2731 874 2843 912 non
2904 857 3152 910 modicos
3177 855 3298 908 viro
3339 853 3570 906 dolores

2001 959 2244 1020 generat,
2280 966 2382 1004 nec
2413 950 2645 1004 transire
2673 950 2782 1004 huc
2807 949 3012 1017 absque
3041 947 3194 1018 gravi
3238 945 3426 998 labore
3475 959 3573 1013 pa-

2005 1043 2156 1097 titur.
2183 1042 2353 1098 Simul
2380 1042 2493 1096 haec
2513 1042 2658 1096 dicta
2685 1050 2832 1105 sunt,
2860 1040 3020 1093 simul
3056 1038 3314 1108 prmfatus
3335 1036 3419 1090 vir
3439 1051 3575 1090 con-

2002 1137 2165 1198 stitit,
2212 1137 2526 1205 supplicans
2554 1135 2706 1189 flexis
2731 1134 2983 1207 genibus,
3037 1133 3142 1185 tixo
3195 1131 3348 1184 humi
3391 1131 3571 1187 vultu.

2012 1226 2148 1280 nihil
2170 1243 2277 1280 nou
2305 1243 2490 1296 agens,
2523 1242 2632 1295 quo
2673 1235 2728 1280 et
2781 1224 3070 1280 doloribus
3109 1224 3389 1276 levaretur
3439 1235 3575 1274 suus

2002 1337 2119 1390 pes,
2158 1329 2214 1375 et
2239 1321 2446 1390 lignum
2475 1321 2619 1390 quod
2641 1321 2879 1375 habebat
2899 1325 3275 1387 acceptaretur
3304 1331 3332 1368 a
3356 1322 3574 1377 sancto;

2003 1410 2239 1479 duplicis
2290 1411 2398 1464 voti
2453 1426 2608 1479 teque
2667 1424 2891 1477 compos
2955 1407 3070 1462 fieri
3139 1405 3386 1475 cupiens.
3437 1403 3575 1456 Tum

2003 1502 2236 1573 Symeou
2269 1503 2477 1571 palmca
2501 1517 2598 1555 sua
2634 1502 2779 1570 virga
2805 1499 2997 1569 pedem
3023 1498 3278 1552 allectum
3318 1494 3575 1565 percutit,

2002 1605 2058 1650 et
2085 1594 2368 1663 percussio
2427 1592 2754 1646 mirabiliter
2807 1590 2858 1644 ei
2911 1588 3124 1643 sanatio
3160 1585 3300 1640 facta
3345 1591 3464 1645 est;
3511 1581 3576 1636 li-

2003 1701 2279 1756 gnumque
2331 1684 2497 1739 etiam
2564 1689 2951 1752 apportatum:
3004 1677 3194 1748 quoin
3250 1681 3576 1745 praesentem

2005 1774 2347 1832 necessitatis
2373 1771 2758 1828 inexcusabilis
2795 1785 2948 1826 usum
2969 1770 3248 1838 adaptato,
3309 1766 3571 1820 columna

2005 1869 2059 1922 in
2095 1883 2236 1932 eam,
2274 1880 2438 1936 quam
2461 1879 2610 1918 nunc
2643 1863 2914 1927 videmus,
2947 1859 3338 1915 sublimitatem
3387 1864 3572 1911 erecta

2004 1969 2088 2014 est
2117 1959 2253 2032 (5t).

2078 2051 2199 2105 115.
2244 2049 2357 2105 lioc
2387 2049 2549 2104 modo
2579 2064 2703 2104 cum
2738 2043 3115 2102 illa'omuibus
3148 2040 3398 2112 partibus
3433 2043 3580 2092 esset
3657 2039 3674 2056 ‘

2008 2144 2246 2214 perfecta
2276 2185 2289 2207 ,
2343 2144 2564 2198 circiter
2613 2143 2816 2197 horam
2872 2140 2982 2194 diei
3055 2136 3274 2192 tertiam
3326 2129 3582 2202 apparuit.

2006 2235 2275 2298 Christus,
2333 2234 2546 2287 infinita
2591 2233 2914 2303 angelorum
2967 2238 3146 2283 turma
3206 2226 3474 2295 stipatus;
3525 2220 3580 2274 in

2009 2327 2112 2381 hac
2148 2335 2255 2379 tam
2287 2323 2641 2379 desiderabili
2691 2337 2853 2392 quam
2884 2317 3166 2374 tremenda
3213 2313 3580 2384 apparitione,

2009 2420 2165 2489 panis
2196 2434 2260 2472 ac
2306 2416 2415 2470 viui
2457 2415 2799 2484 Spiritualem
2839 2411 3046 2466 faciens
3079 2407 3412 2463 oblationem
3443 2404 3583 2473 (ipse

2010 2519 2192 2566 autem
2243 2517 2361 2563 erat
2394 2508 2486 2576 qui
2537 2505 2807 2559 oﬂ‘ere‘bat
2853 2512 2907 2555 et
2955 2497 3314 2563 offerebatur)
3380 2494 3583 2550 famulo

2011 2619 2130 2668 suo,
2158 2602 2316 2671 cujus
2346 2599 2516 2654 solius
2548 2598 2691 2651 oculi
2732 2597 2822 2650 tali
2859 2595 3068 2648 visione
3100 2591 3448 2652 fruebantur,
3478 2595 3586 2642 sta-

2012 2695 2180 2749 tionis
2199 2693 2397 2748 futura:
2425 2692 2607 2746 locum
2633 2687 3030 2743 sanctiﬁcabat.
3067 2684 3162 2739 liis
3186 2683 3321 2738 visis
3350 2680 3586 2742 Svmeon

2013 2785 2290 2842 desiderio
2325 2780 2728 2839 conscendendi
2784 2781 2838 2832 in
2889 2778 3199 2832 columnam
3249 2771 3586 2827 desiderium

2013 2879 2243 2942 addens,
2304 2881 2360 2929 et
2401 2872 2648 2928 studium
2690 2869 2910 2934 studio;
2978 2866 3296 2922 convocatis
3350 2862 3591 2933 probata:

2014 2970 2186 3041 magis
2216 2968 2342 3022 vitae
2394 2964 2660 3020 fratribus
2708 2962 2948 3032 divinam
2986 2959 3255 3015 visionem
3306 2956 3360 3009 in
3392 2953 3587 3022 spiritu

2018 3059 2344 3116 humilitatis
2391 3055 2704 3120 enarravit;
2745 3060 3111 3124 precatusque
3141 3058 3244 3114 est,
3284 3055 3342 3101 ut
3392 3045 3591 3115 spiritu

2017 3151 2189 3208 divini
2237 3150 2454 3205 timoris
2479 3147 2801 3219 gaudentes,
2835 3146 3016 3199 lucem
3060 3143 3208 3197 illam
3241 3154 3407 3210 quam
3443 3134 3594 3191 testi-

2018 3244 2300 3300 vissimam
2354 3248 2606 3312 agerent;
2665 3253 2791 3294 cum
2853 3237 3053 3290 timore
3101 3233 3323 3304 quidem
3373 3235 3596 3299 propter

2019 3333 2385 3391 reverentiam
2418 3331 2690 3388 Dominici
2735 3329 3028 3390 adventus,
3062 3342 3187 3380 cum
3226 3322 3427 3393 gaudio
3465 3333 3597 3373 vero

2020 3435 2245 3496 propter
2274 3424 2667 3479 abundantiam
2695 3419 2982 3475 bonitatis.
3010 3419 3142 3472 Erat
3177 3417 3224 3470 is
3253 3415 3372 3469 dies
3402 3409 3599 3481 postri-

2021 3518 2110 3572 die
2153 3519 2528 3578 Pcutecostes,
2584 3530 2691 3584 qua
2735 3513 3030 3567 adventum
3065 3509 3305 3579 Spiritus
3340 3505 3511 3560 sancti
3543 3503 3600 3556 in

2021 3609 2322 3678 discipulos
2341 3607 2545 3662 Christi
2569 3606 2916 3660 celebramus
2940 3619 2954 3656 :
2982 3602 3074 3656 illo
3099 3613 3338 3667 nutuque
3371 3598 3490 3666 ipso
3511 3595 3600 3648 die

2023 3699 2389 3754 manifestavit
2417 3714 2473 3752 se
2506 3699 2605 3766 ipsi
2645 3697 2941 3759 Dominus,
2985 3702 3042 3748 et
3091 3690 3385 3746 stationem
3436 3701 3601 3754 super

2024 3795 2336 3849 columnam
2383 3789 2748 3851 consecravit,
2803 3787 3095 3858 mysticum
3141 3783 3344 3838 ibidem
3395 3778 3604 3835 sacrilio

2025 3883 2171 3938 cium
2198 3883 2468 3946 offero-ns;
2503 3891 2560 3933 ct
2604 3878 2760 3948 quasi
2793 3893 2886 3931 vas
2913 3874 3204 3930 electionis
3235 3868 3498 3940 apostolis
3525 3867 3602 3920 si-

2026 3975 2153 4028 mile
2180 3973 2500 4034 iuveuisset,
2521 3969 2759 4023 sixuilem
2777 3968 2997 4021 illorum
3026 3963 3256 4035 gratiam
3283 3960 3448 4015 etiam
3475 3957 3602 4010 huic

2027 4065 2371 4134 impertiens.
2409 4061 2534 4115 Hzec
2565 4075 2730 4128 porro
2761 4056 3028 4112 fratribus
3054 4049 3400 4124 spectatioris
3429 4047 3604 4101 virtu-

2027 4158 2097 4212 tis
2125 4157 2249 4210 data
2282 4154 2598 4224 praeceptio,
2649 4153 2714 4206 ad
2765 4165 3008 4222 prmsens
3059 4159 3232 4216 usque
3285 4153 3502 4212 tempus
3548 4140 3601 4195 in

2029 4248 2362 4303 monasterio
2405 4246 2549 4316 viget
2597 4243 2730 4298 (ὖὲὶ.

2105 4524 2124 4576 Ι
2143 4523 2226 4577 16.
2247 4525 2466 4577 Postera
2490 4520 2794 4581 Dominica,
2813 4533 2934 4588 quae
2951 4525 3069 4571 erat
3084 4525 3206 4586 post
3223 4516 3605 4574 Pentecosteu,

2029 4615 2248 4685 hymnis
2309 4611 2594 4667 matuliuis
2649 4607 2958 4670 absolutis,
3025 4612 3215 4676 portas
3287 4599 3608 4656 monasterii

2031 4708 2398 4775 undequaque
2429 4703 2610 4758 claudi
2665 4715 2898 4771 peregre
2948 4695 3376 4752 adventantibus
3412 4692 3606 4762 jubet;

2034 4799 2350 4867 coactisque
2381 4795 2669 4865 discipulis
2715 4792 2996 4856 oumibus,
3051 4797 3175 4860 post
3221 4789 3466 4842 oblatum
3501 4785 3612 4838 Deo

2035 4891 2342 4955 incensum,
2384 4891 2616 4958 imperat
2665 4895 2726 4940 ut
2766 4901 2941 4958 genua
2975 4889 3244 4947 curvent;
3281 4881 3396 4949 ipse
3427 4887 3610 4932 autem

2035 4999 2148 5038 non
2187 4983 2266 5037 sic
2296 4992 2529 5045 tantum,
2559 4981 2655 5034 sed
2712 4988 2767 5033 et
2819 4978 2998 5046 capite
3049 4975 3203 5028 humi
3257 4979 3486 5032 stratus,
3535 4969 3614 5021 la-

2037 5087 2356 5144 crymasque
2391 5072 2501 5124 Deo
2533 5069 2805 5140 gratiores
2824 5075 2988 5136 atque
3019 5062 3168 5118 omni
3219 5062 3444 5115 incenso
3475 5058 3612 5112 odo-

2037 5165 2270 5219 ratiores
2334 5163 2618 5216 ferventer
2696 5160 2909 5223 libans,
2975 5158 3030 5210 in
3102 5156 3336 5210 multum
3400 5163 3616 5222 tempus

2038 5256 2344 5311 orationem
2367 5255 2650 5323 protraxit.
2673 5251 2752 5305 Ad
2775 5251 2938 5320 hujus
2963 5250 3123 5304 linem
3155 5243 3618 5316 subjungentibus

2045 5345 2332 5414 discipulis
2363 5345 2557 5408 Amen,
2595 5344 2984 5400 surrexitille:
3013 5357 3077 5396 ac
3111 5341 3349 5412 primum
3387 5338 3616 5408 quidem

2043 5438 2229 5492 delicti
2265 5438 2665 5507 cujuscunque,
2706 5451 2800 5490 seu
2830 5434 3134 5489 deliberate
3163 5447 3260 5489 seu
3303 5444 3402 5500 per
3457 5429 3617 5499 igno-

2047 5531 2279 5584 rantiatn
2313 5529 2536 5584 admissi
2560 5528 2776 5584 veniam
2807 5527 2939 5598 ipsis
2968 5526 3148 5592 dedit;
3177 5522 3378 5581 deinde
3407 5520 3620 5575 adhor-

429 5710 544 5782 (31,
567 5712 656 5772 52)
683 5713 873 5786 ϐοηίαί
896 5714 1056 5770 datur
1082 5729 1144 5770 ex
1171 5711 1369 5767 duobus
1391 5713 1525 5770 hisce
1556 5711 1699 5781 locis,
1724 5713 2035 5783 scriptorem
2058 5730 2159 5768 non
2189 5713 2473 5770 admodum
2508 5709 2670 5768 multo
2698 5716 2812 5782 post
2843 5707 3050 5762 risisse.
