4034 6186
481 299 622 364 3095

1635 305 1696 363 S.
1737 303 2114 362 SYMEONIS
2153 303 2514 366 IUNIORIS

3581 301 3724 366 3096

481 411 686 466 latione
773 413 1022 467 instituta
1097 414 1346 468 divinum
1421 411 1670 480 inprimis
1727 411 2042 466 mandatum

2163 415 2406 474 ιινέσεως
2437 411 2732 480 ἁψάμενος,
2761 411 2864 482 πρὸ
2887 411 2986 480 μὲν
3017 411 3234 465 πάντων
3262 410 3360 480 τὴν
3387 411 3728 480 Δεσποτικὴν

479 500 798 565 inculcavit,
832 513 892 558 ut
915 504 1204 574 diligerent
1239 505 1380 558 inter
1419 517 1498 566 se,
1547 501 2045 568 Quemadmodum,

479 591 680 662 inquit.
709 609 810 663 ego
837 594 1004 648 dilexi
1041 609 1156 647 vos.
1193 593 1332 646 Tum
1387 592 1660 655 hortatur,
1713 606 1900 646 curam
1955 605 2049 646 ac—

478 693 726 738 curatam
763 693 824 738 ut
881 685 1118 738 habeant
1157 683 1517 753 professionis
1558 697 1672 736 suat
1725 691 1782 736 et
1831 682 2049 736 illorum

477 791 600 843 quae
631 789 754 829 cum
803 775 894 828 illa
959 775 1249 843 conjuncta
1304 781 1464 838 sunt;
1521 781 1673 842 puta,
1717 771 2056 826 mortiﬁcare

477 864 724 918 membra
753 879 854 919 sua
884 879 1006 932 quae
1035 872 1164 918 sunt
1191 879 1360 932 super
1393 873 1622 928 terram,
1659 876 1844 916 rerum
1892 877 2053 916 mun-

477 955 743 1010 danarum
775 955 1102 1010 tractatione
1142 955 1442 1016 abstinere,
1503 955 1558 1008 in
1615 969 1754 1022 opus
1799 955 2051 1010 mannale

479 1045 862 1102 incumbentes
901 1059 1100 1115 panem
1143 1043 1248 1100 sibi
1283 1059 1604 1113 eon‘iparare
1637 1043 2048 1113 quotidianum,

477 1135 662 1190 cordis
705 1135 791 1192 sui
838 1152 1026 1192 curam
1089 1151 1214 1190 cum
1265 1136 1414 1190 omni
1481 1135 1766 1204 vigilantia
1823 1151 2048 1205 gerere;

481 1227 764 1296 precibus.
827 1243 1108 1284 sacrarum
1141 1227 1474 1282 Litterarum
1499 1226 1866 1290 meditationi,
1905 1227 2052 1282 divi-

481 1318 676 1386 nisque
706 1317 926 1388 hymnis
951 1333 1232 1386 nunquam
1271 1333 1380 1372 non
1403 1333 1631 1382 vacare;
1673 1332 1842 1385 super
1865 1319 2052 1372 omnia

477 1423 588 1460 non
619 1407 950 1498 contristare
983 1407 1250 1476 Spiritum
1285 1419 1558 1472 sanctum,
1591 1409 1646 1461 in
1680 1425 1812 1476 quo,
1849 1408 2052 1474 aiebat,

477 1498 673 1568 signati
703 1493 894 1554 sumus
923 1500 974 1552 in
993 1499 1138 1552 diem
1181 1493 1600 1568 redemptionis.

553 1611 830 1668 il7.lla=.c
885 1619 1052 1680 atque
1107 1611 1266 1680 plura
1315 1611 1518 1666 similia
1573 1611 1824 1678 locutus,
1878 1614 2052 1668 Deum

2153 505 2372 575 ἐντολὴν
2399 504 2721 568 ἐνετέλλετο,
2753 505 2892 557 ὥστε
2942 505 3162 574 ἀγαπᾷν
3197 503 3482 572 ἀλλήλους.
3530 503 3729 566 Καθὼς

2153 597 2286 662 ἐγὼ,
2317 597 2505 664 φησιν,
2533 597 2794 664 ἠγάπησα
2829 597 2972 665 ὑμᾶς
2991 613 3006 626 ·
3039 595 3164 664 ἑξῆς
3195 595 3274 660 δὲ,
3305 595 3516 648 καὶτοῦ
3557 597 3726 661 ὲπαγ·

2153 688 2444 756 τέλματος,
2493 689 2586 740 καὶ
2625 687 2733 742 τῶν
2777 690 2880 742 ὅσα
2927 687 3020 742 τοῦ
3050 687 3466 756 ἐπαγγέλματος
3507 685 3724 755 ἔχεσθαι

2155 777 2356 846 σπουδῇ
2389 777 2678 846 παρηγγύα
2703 795 2716 809 ·
2761 779 2828 832 τὰ
2857 779 2914 830 δὲ
2955 775 3042 848 ἦν,
3075 777 3350 848 νεκρῶσαι
3389 777 3486 844 μὲν
3533 777 3724 838 αὐτοὺς

2153 869 2218 922 τὰ
2245 869 2378 939 μέλη
2413 869 2480 922 τὰ
2517 871 2612 924 ἐπὶ
2631 871 2730 940 τῆς
2759 872 2884 938 γῆς.
2911 873 3010 940 τῆς
3044 870 3102 924 δὲ
3129 872 3240 924 τῶν
3271 869 3724 940 παραδαλλὸντιυν

2155 961 2438 1030 κοσμικῶν
2503 962 2790 1031 συντυχίας
2841 961 3164 1031 ἀπέχεσθαι,
3205 961 3352 1032 ἔργῳ
3391 961 3590 1030 χειρῶν
3633 977 3728 1012 κο-

2155 1051 2400 1116 πιῶντας
2457 1050 2550 1106 τὸν
2593 1052 2868 1105 ἐπιούσιον
2915 1052 3236 1122 πορίζεσθαι
3277 1053 3463 1122 ἄρτον,
3513 1051 3729 1118 φυλακῇ

2155 1145 2306 1215 πάσῃ
2337 1145 2436 1214 τὴν
2467 1145 2674 1198 ἑαυτῶν
2701 1144 2928 1214 καρδίαν
2967 1147 3178 1216 τηρεῖν,
3211 1145 3343 1213 εὐχῇ
3375 1145 3470 1196 καὶ
3497 1143 3734 1211 Γραφῶν

2158 1235 2320 1310 ιερῶν
2367 1233 2565 1304 μελέτῃ
2615 1235 2710 1288 και
2749 1233 2912 1299 θείοις
2945 1235 3034 1288 διὰ
3071 1235 3274 1298 παντὸς
3319 1233 3508 1304 ὕμνοις
3543 1233 3732 1302 0101:1-

2155 1327 2368 1392 ζοντας,
2402 1326 2496 1377 ἐπὶ
2519 1327 2682 1378 πᾶσιν
2723 1327 2798 1394 μὴ
2827 1325 3068 1394 λυπῆσαι
3097 1327 3160 1379 τὸ
3193 1325 3418 1396 Πνεῦμα
3467 1325 3528 1377 τὸ
3557 1325 3733 1392 ἃγιον,

2169 1417 2256 1470 Ἐν
2285 1409 2350 1485 ᾧ,
2377 1417 2562 1487 φησὶν,
2591 1415 3038 1487 ἐσφραγίσθημεν
3065 1419 3146 1480 είς
3173 1419 3385 1488 ἡμέραν
3413 1413 3735 1485 ἀπολυτρώ-

2159 1525 2318 1570 σεως.

2231 1614 2352 1684 ριξ⁹.
2387 1617 2572 1672 Ταῦτα
2627 1621 2722 1674 καὶ
2775 1619 2950 1672 πολλὰ
3003 1619 3218 1682 τούτοις
3277 1619 3480 1686 ὁμοίως
3537 1617 3741 1686 ἔχοντα

477 1705 708 1773 ejusque
739 1703 1142 1758 sanctissimam
1179 1704 1426 1768 Matrem,
1465 1713 1520 1759 et
1551 1705 1762 1760 electos
1805 1707 2050 1776 angelos,

2163 1707 2296 1778 πρὸς
2359 1709 2558 1772 αὐτοὺς
2632 1711 2822 1774 εἰπὼν,
2847 1709 2978 1763 Θεόν
3005 1727 3064 1762 τε
3107 1713 3218 1772 τοῖς
3249 1709 3510 1778 λεχθεῖσι,
3545 1711 3646 1777 τήν
3675 1725 3740 1760 τε

477 1811 670 1852 eorum
695 1811 816 1866 quae
847 1795 1138 1851 audierant
1190 1798 1468 1852 dictorum
1509 1805 1678 1852 testes
1731 1800 2050 1869 appellavit.

479 1887 688 1942 Deinde
723 1903 824 1958 pro
861 1889 1068 1943 mundo
1127 1889 1434 1944 universim
1489 1891 1862 1959 supplicavit;
1919 1893 2051 1958 ill-is,

479 1979 572 2049 qui
608 1979 750 2034 dona
775 1989 1046 2050 spernunt
1067 1982 1274 2050 quique
1299 1991 1448 2036 recte
1477 1981 1708 2046 faciunt,
1743 1999 1854 2037 non
1891 1983 2056 2039 modo

469 2082 832 2143 peccatorum
899 2074 1301 2138 remissionem,
1355 2073 1450 2129 sed
1507 2081 1565 2128 et
1631 2075 2056 2130 retributionem

479 2161 752 2220 bonorum
777 2165 1024 2220 omnium
1065 2177 1343 2236 precatus,
1379 2182 1442 2222 ac
1461 2167 1788 2238 discipulos,
1825 2169 2056 2225 benedi-

477 2255 658 2310 ctione
709 2257 1018 2326 impertitos
1065 2257 1288 2327 Deoque
1336 2259 1751 2314 commendatos
1779 2299 1792 2324 ,
1839 2259 2057 2316 dermo-

478 2349 754 2404 cucullum
785 2351 922 2420 (55),
957 2350 1044 2404 uti
1067 2351 1230 2421 vulgo
1259 2350 1770 2420 appellatur,'jubet
1809 2365 2052 2408 exuere:

481 2449 600 2510 post
635 2442 748 2496 hare
779 2443 998 2498 illorum
1029 2459 1088 2502 se
1110 2442 1380 2498 voluntati
1399 2443 1678 2496 commisit
1705 2460 1719 2508 ;
1748 2443 1844 2512 qui
1873 2443 2054 2498 mani-

479 2535 582 2588 bus
613 2535 810 2603 partim
862 2535 1254 2605 gestientibus,
1299 2532 1502 2604 partim
1541 2533 1768 2586 horrore
1814 2531 2056 2601 quodam

481 2625 734 2680 tremulis
767 2626 1172 2694 apprehensum
1203 2625 1254 2678 in
1281 2641 1426 2680 novo
1459 2625 1800 2678 collocarunt
1833 2623 2054 2686 throno,

479 2725 891 2770 sacrosanctum
915 2715 1272 2787 Evangelium
1299 2723 1521 2786 pectore
1545 2721 1870 2786 gestantem,
1897 2715 2058 2782 cujus

479 2807 498 2860 ί
503 2815 696 2860 ructus
713 2807 916 2862 uberes
941 2807 1052 2862 imo
1073 2807 1259 2862 cordis
1284 2822 1502 2862 recessu
1523 2805 1780 2861 conditos
1797 2805 2054 2861 habebat.

479 2894 592 2949 liae
621 2895 788 2966 igitur
819 2895 1030 2952 ratione
1057 2904 1326 2966 portatus,
1357 2905 1532 2952 totum
1559 2895 1738 2950 obivit
1782 2903 2060 2951 monaste-

483 2985 648 3044 riunt.
675 2995 728 3042 et
760 2987 990 3042 cuilibet
1055 2989 1406 3044 domunculae
1450 2989 1898 3044 benedictionem
1955 2989 2057 3043 im-

2171 1801 2441 1867 παναγίαν
2470 1802 2632 1855 αὑτοῦ
2669 1801 2917 1872 Μητέρα,
2965 1803 3061 1855 καὶ
3091 1801 3214 1863 τοὺς
3243 1801 3531 1860 ἐκλεκτοὺς
3565 1799 3736 1867 ἀγγέ-

2169 1889 2314 1954 λους,
2345 1885 2436 1944 οἷα
2463 1893 2554 1944 καὶ
2581 1893 2688 1945 τῶν
2715 1893 3026 1962 λεγομένων
3051 1892 3329 1962 ἀκροατὰς
3355 1891 3744 1961 ἐπιμαρτυρὰ-

2161 1999 2324 2052 μενος
2346 2007 2358 2013 -
2393 1983 2582 2038 ἔπειτα
2639 1985 2769 2058 περὶ
2808 1985 2900 2039 τοῦ
2951 1985 3157 2056 κόσμου
3203 1987 3358 2054 κοινῇ
3385 1981 3598 2054 δεηθεὶς
3625 1985 3740 2044 τοῖς

2157 2091 2216 2126 τε
2243 2073 2450 2146 δωρεὰν
2487 2075 2710 2146 μισοῦσι
2761 2078 2874 2140 τοῖς
2928 2095 2988 2130 τε
3039 2076 3304 2146 δράσασιν
3331 2070 3388 2127 εὖ
3419 2074 3518 2128 οὐκ
3553 2076 3742 2142 ἀμνη-

2161 2165 2316 2219 στίαν
2373 2165 2532 2236 μόνον
2578 2169 2887 2239 ἁμαρτιῶν,
2922 2167 3060 2221 ἀλλά
3114 2168 3211 2220 καὶ
3261 2166 3484 2235 ἀγαθῶν
3535 2165 3744 2234 μᾶλλον

2159 2256 2428 2310 ἀντίδοσιν
2451 2255 2843 2326 ἐπευξάμενος,
2879 2257 3188 2327 εὐλογήσας
3215 2273 3278 2308 τε
3305 2257 3432 2318 τοὺς
3486 2253 3742 2324 μαθητὰς

2159 2348 2253 2402 καὶ
2295 2347 2414 2419 Θεῷ
2465 2349 2880 2420 παραθέμενος,
2911 2347 3134 2402 ἐκδῦσαι
3189 2349 3250 2402 τὸ
3301 2345 3545 2416 συνήθως
3593 2344 3744 2398 οὕτω

2163 2439 2462 2510 λεγόμενον
2505 2439 2970 2510 δερμοκούκουλον
3003 2439 3166 2493 αὐτὸν
3197 2437 3742 2492 ὲπιτάττει.Ἔπειτα

2163 2531 2346 2600 μέντοι
2377 2531 2588 2590 τούτοις
2621 2531 2812 2584 ἑαυτὸν
2835 2531 3140 2584 ἐπιδιδόντα
3164 2573 3178 2594 ,
3213 2531 3402 2601 χερσὶν
3435 2531 3494 2582 οὒ
3539 2529 3744 2582 ποθού-

2161 2637 2284 2684 σαις
2319 2621 2484 2690 μόνον
2526 2621 2664 2675 ἀλλά
2716 2621 2812 2675 καὶ
2835 2621 3190 2692 φριττούσαις
3221 2621 3384 2682 αὐτὸν
3429 2619 3740 2690 δεξάμενοι,

2159 2712 2217 2764 ἐν
2251 2729 2359 2765 τινι
2407 2713 2582 2782 καινῷ
2639 2711 2926 2778 καθίζουσι
2977 2711 3172 2784 θρόνῳ,
3229 2713 3292 2766 τὸ
3335 2713 3476 2766 θεῖον
3501 2713 3594 2765 ἐπὶ
3645 2711 3742 2763 τοῦ

2162 2805 2392 2878 στήθους
2434 2807 2768 2876 Εὑαγγέλιον
2821 2801 3175 2877 φέροντα,οὗ
3231 2807 3356 2868 τοὺς
3411 2805 3660 2876 καρποὺς
3685 2804 3744 2855 ἐν

2161 2897 2388 2969 καρδίας
2448 2898 2648 2966 μᾶλλον
2680 2895 2794 2966 εἶχε
2847 2897 3074 2960 κόλποις
3121 2895 3362 2964 δαψιλῶς
3411 2893 3742 2963 φυομένους.

2162 2990 2350 3064 Ταύτῃ
2380 2989 2670 3060 τοιγαροῦν
2705 2987 3106 3058 βασταζόμενος
3135 2987 3234 3058 τὴν
3267 2986 3434 3056 μονὴν
3457 2983 3742 3054 περιῆγεν,

479 3079 719 3146 partitus
749 3089 852 3143 est,
887 3097 955 3135 ne
985 3081 1206 3150 quidem
1239 3081 1562 3152 praeteriens
1595 3081 1789 3136 cellam
1851 3095 2058 3150 penua-

2163 3085 2396 3138 ἕκαστον
2449 3083 2691 3136 οἰκίσκον
2745 3081 2918 3151 αὐτῆς
2983 3079 3266 3148 εὐλογῶνο
3297 3077 3396 3148 οὐχ
3451 3077 3652 3147 ἥκιστα
3685 3073 3744 3126 δὲ

481 3171 642 3234 riam,
669 3173 756 3226 cui
795 3172 1022 3226 divitem
1057 3181 1427 3227 commeatum
1485 3173 1832 3243 precabatur.
1890 3175 2060 3229 Ante-

483 3261 714 3316 eedchat
741 3271 932 3316 sancta
959 3262 1193 3327 Martha,
1237 3261 1526 3334 Symeonis
1589 3263 1894 3318 secundum
1935 3279 2058 3318 ear-

485 3367 616 3406 nem.
645 3339 841 3416 mater,
877 3353 970 3408 sed
1001 3369 1124 3424 quae
1154 3369 1280 3408 eum
1319 3371 1420 3425 pro
1453 3363 1608 3424 patre
1633 3371 1734 3410 suo
1787 3357 2058 3426 spirituali

483 3445 744 3509 habebat,
801 3445 1070 3515 plaudens
1116 3456 1284 3516 atque
1347 3450 1652 3514 exsultans,
1715 3449 1862 3518 quod
1895 3451 2056 3504 talem

487 3537 628 3590 uteri
661 3537 746 3592 sui
811 3537 1054 3593 fruct-um
1109 3539 1438 3605 obtulisset;
1503 3539 1832 3609 praeferebat
1873 3549 2056 3594 autem
2095 3583 2106 3590 .

483 3643 703 3683 crucem
757 3644 946 3695 manu,
1010 3631 1306 3686 altioribus
1359 3631 1618 3700 cogitatis
1699 3647 1824 3685 cum
1891 3632 2062 3686 animi

483 3721 686 3792 gaudio
745 3723 1012 3793 singulari
1077 3725 1322 3779 intenta.
1375 3725 1554 3794 Atque
1607 3725 1714 3780 hoc
1759 3725 1924 3780 modo
1983 3725 2068 3779 vir

483 3819 708 3868 sanctus
731 3813 787 3867 in
816 3814 912 3868 Dei
936 3815 1200 3884 templum
1223 3814 1591 3880 introductus,
1623 3815 1748 3869 inde
1771 3816 1824 3868 in
1853 3830 2064 3870 sacram

485 3921 648 3960 suam
681 3906 994 3962 columnam
1033 3907 1340 3973 reducitur,
1404 3923 1551 3962 anno
1601 3907 1826 3979 quidem
1879 3923 1908 3961 a
1951 3923 2062 3977 quo

485 3995 540 4048 in
588 3995 774 4066 lapide
830 4005 1061 4056 steterat
1103 3997 1361 4065 decimo;
1422 3996 1600 4054 anatis
1661 4013 1794 4054 vero
1841 3997 2060 4056 tricesi-

485 4102 576 4144 mo
601 4087 733 4155 (34).

2161 3176 2262 3248 τὴν
2292 3176 2393 3244 τῆς
2442 3175 2648 3246 τροφῆς
2684 3173 2974 3244 ἀποθήκην
3027 3175 3122 3224 καὶ
3175 3170 3436 3240 ἀφθονίαν
3471 3169 3608 3236 αὐτῇ
3643 3171 3746 3221 ἐπ-

2163 3267 2472 3335 ευχόμενος.
2525 3264 2586 3316 Ἡ
2647 3262 2780 3333 γοῦν
2831 3265 2956 3318 ὁσία
3007 3261 3210 3332 Μάρθα
3267 3264 3300 3332 ἠ
3353 3259 3544 3314 τούτου
3597 3259 3740 3310 κατὰ

2165 3359 2344 3428 σάρκα
2381 3359 2584 3428 μήτηρ,
2611 3357 2671 3410 ὃν
2705 3357 2850 3411 κατά
2881 3356 3104 3427 πνεῦμα
3123 3355 3334 3425 πατέρα
3375 3351 3573 3424 μᾶλλον
3602 3351 3744 3420 αὑτὴ

2164 3451 2450 3517 πεποίητο,
2484 3449 2560 3520 τῷ
2593 3449 2694 3520 υἱῷ
2724 3447 3200 3518 καλλωπιζομένη,
3235 3449 3316 3500 ὅτι
3345 3445 3586 3498 τοιοῦτον
3613 3459 3750 3512 καρ-

2165 3543 2266 3596 πὸν
2298 3541 2506 3595 ὠδίνων
2529 3540 2752 3594 δεδώκει
2779 3541 2920 3611 Θεῷ,
2955 3539 3187 3610 σταυρόν
3219 3555 3276 3592 τε
3303 3537 3392 3590 διὰ
3417 3535 3598 3607 χειρὸς
3655 3535 3746 3586 λα-

2163 3635 2355 3697 σοῦσα,
2407 3635 2700 3703 προηγεῖτο
2739 3629 2882 3702 μάλα
2911 3629 3150 3700 φαιδρῶς
3177 3629 3234 3680 ὲν
3281 3626 3475 3698 ὑψηλῷ
3505 3625 3584 3695 τῷ
3609 3641 3746 3696 φρο-

2165 3726 2386 3794 νήματι.
2423 3725 2536 3778 Καὶ
2555 3723 2728 3788 οὕτως
2745 3725 2826 3787 είς
2851 3721 2939 3776 τὸν
2957 3721 3098 3775 θεῖον
3137 3720 3262 3774 ναὸν
3288 3721 3316 3773 ὁ
3343 3717 3422 3790 τῷ
3454 3718 3569 3772 δντι
3599 3717 3740 3778 θεῖος

2167 3818 2306 3888 ἀνὴρ
2329 3817 2623 3889 εἰσαχθεὶς,
2659 3817 2754 3869 ἐπὶ
2791 3815 2885 3868 τὸν
2913 3815 3056 3884 ἱερὸν
3093 3813 3304 3866 ἐκεῖθεν
3327 3811 3588 3879 ἀνάγεται
3613 3807 3742 3860 στύ-

2169 3910 2282 3976 λον,
2319 3911 2378 3963 ὲν
2416 3909 2527 3964 ἔτει
2551 3911 2650 3980 τῆς
2695 3907 2792 3980 μὲν
2817 3907 2909 3960 ὲπὶ
2935 3905 3030 3962 τοῦ
3063 3903 3211 3959 λίθου
3241 3904 3486 3967 στάσεως
3510 3901 3746 3971 δεκάτῳ,

2169 4003 2266 4074 τῆς
2290 4001 2346 4056 δὲ
2373 4000 2592 4082 ἡλικίας
2620 3997 2951 4076 τριακοστῷ.

1935 4273 2158 4330 CAPUT
2196 4273 2306 4328 XV.

1012 4393 1284 4452 Garantur
1310 4397 1570 4452 obstructa
1595 4395 1768 4460 alvus,
1791 4397 2018 4460 caecitas,
2053 4395 2328 4458 sterilitas,
2365 4393 2730 4456 haemorrhois,
2768 4392 2919 4447 dolor
2955 4391 3212 4447 dentium.

563 4517 682 4573 “8-.
719 4516 849 4583 Quae
871 4532 1038 4587 porro
1064 4519 1416 4590 contigerunt
1467 4533 1664 4572 noram
1697 4519 1880 4576 denuo
1925 4515 2058 4571 εει-ῖς

2243 4513 2372 4585 ριη’.
2401 4513 2482 4566 Τὰ
2509 4512 2553 4566 δ’
2585 4511 2836 4566 ἐντεῦθεν
2865 4508 3044 4581 ἀρχὴν
3073 4509 3152 4580 τῷ
3175 4507 3318 4575 λόγῳ
3345 4503 3506 4590 πάλιν
3555 4503 3742 4573 ἑτέραν

485 4609 654 4667 bendi
686 4609 972 4665 materiam
1004 4611 1358 4680 suppeditant
1393 4627 1406 4664 :
1439 4611 1564 4665 talia
1589 4621 1772 4666 autem
1802 4619 2063 4680 tantaque

491 4707 636 4762 sunt,
675 4706 758 4762 ut,
791 4699 1008 4754 tametsi
1041 4699 1178 4754 nihil
1199 4700 1350 4754 aliud
1379 4699 1588 4756 dictum
1626 4701 1843 4766 fuisset,
1885 4699 2062 4756 videri

487 4787 702 4856 possint
775 4787 962 4842 omnia
1043 4788 1438 4842 miraculorum
1489 4790 1790 4859 gratiaeque
1863 4789 2064 4844 divinae

491 4878 695 4934 ﬂuenta
741 4879 1101 4946 exhausisse;
1147 4879 1396 4948 adeoque
1431 4896 1540 4934 non
1571 4880 1736 4936 modo
1778 4881 2060 4950 descriptu

489 4970 582 5025 sed
609 4971 694 5026 vel
727 4981 1053 5026 enumeratu
1087 4987 1346 5044 perquam
1374 4971 1616 5026 difﬁcilia
1645 4986 1786 5028 esse.
1838 4971 2065 5026 Sistitur

483 5073 678 5118 sancto
751 5064 1164 5120 adolescentula
1233 5063 1506 5134 quaedam,
1589 5074 1785 5134 prtetcr
1859 5072 2068 5118 naturae

489 5155 742 5210 ordinem
775 5155 969 5210 morbo
1003 5162 1242 5210 tentata;
1273 5171 1384 5210 non
1406 5155 1554 5208 enim
1586 5170 1806 5209 secessu
1831 5152 2068 5208 naturali

491 5244 789 5300 demissum
833 5241 890 5298 in
921 5253 1170 5300 ventrem
1234 5244 1444 5308 cibum,
1492 5243 1586 5302 sed
1631 5259 1728 5314 per
1779 5243 2066 5298 matricem

493 5336 778 5394 reddebat.
833 5336 1102 5408 Imposuit
1149 5337 1242 5393 ille
1293 5338 1474 5394 ventri
1539 5353 1785 5402 manum,
1843 5352 2066 5390 manum

558 5517 670 5587 (55)
691 5516 764 5570 De
797 5518 1014 5574 cuculla
1041 5519 1242 5588 egitttus
1267 5533 1428 5588 supra
1459 5517 1528 5570 ad
1562 5527 1716 5586 caput
1757 5515 1817 5568 l0
1865 5513 2060 5588 Annot.

489 5583 945 5658 lli-'t'm'ocucullus
1001 5583 1140 5642 idem
1199 5583 1376 5658 fuerit,
1435 5583 1704 5658 nisiquod
1734 5603 1794 5639 ea?
1843 5583 2065 5656 pellibus

490 5657 1000 5794 (οῖεζρῧιὲέςιιηάιωιι
1039 5728 1176 5782 dicta
1215 5728 1418 5783 Comm.
1459 5729 1642 5800 pra‘rii
1681 5745 1826 5782 num.
1857 5727 1927 5778 ‘20
1957 5725 2054 5794 fuit

2171 4607 2494 4676 παρέχεται,
2521 4603 2764 4658 τοσαῦτά
2809 4620 2866 4658 τε
2909 4603 3004 4656 καὶ
3031 4599 3256 4654 τοιαῦτα
3277 4597 3428 4658 ὄντα,
3451 4589 3540 4649 οἷα
3571 4594 3662 4647 καὶ
3689 4593 3738 4644 εἰ

2175 4697 2340 4766 μηδὲν
2371 4697 2558 4766 ἕτερον
2615 4693 2822 4766 εἴρητο,
2877 4692 3147 4764 μηδεμίαν
3185 4686 3544 4760 θαυμάτωνῆ
3595 4685 3740 4744 θείας

2171 4787 2378 4844 ἄνωθεν
2414 4787 2634 4857 χάριτος
2668 4785 2972 4856 ὑπερϐολὴν
3005 4782 3344 4842 ἀπολείπειν,
3383 4779 3478 4832 καὶ
3507 4779 3608 4832 ὅσα
3641 4776 3734 4840 οὐχ

2171 4882 2320 4945 ὅπως
2357 4881 2720 4949 συγγράφειν,
2763 4877 2898 4932 ἀλλὰ.
2955 4875 3076 4946 μηδ’
3101 4873 3353 4945 ἀριθμεῖν
3385 4871 3588 4932 ἁπλῶς,
3645 4865 3740 4935 ῥᾴ-

2172 4971 2284 5024 διον
2338 4967 2500 5026 εἶναι.
2535 4968 2880 5040 Προσάγεται
2923 4965 3030 5036 γάρ
3057 4982 3139 5028 τις
3170 4961 3322 5032 αὐτῷ
3371 4962 3552 5022 νεᾶνις
3587 4953 3730 5023 παρὰ

2171 5065 2231 5117 τὸ
2265 5065 2410 5128 εἰκὸς
2437 5063 2534 5133 τῆς
2569 5061 2786 5130 φύσεως
2818 5060 2982 5114 πάθει
3019 5053 3382 5126 κατεχομένη’
3415 5051 3476 5102 οὐ
3511 5048 3614 5116 γὰρ
3653 5043 3744 5097 διἔὶ

2174 5156 2282 5209 τῶν
2320 5154 2461 5208 κατά
2495 5153 2658 5223 φύσιν
2691 5152 2887 5218 ἐξόδων
2910 5147 3214 5218 αὐτῇ,ἀλ).ἁ
3247 5145 3336 5198 διὰ
3383 5141 3484 5210 τῆς
3537 5139 3744 5208 μήτρας

2177 5243 2456 5316 ὑπεχώρει
2493 5247 2562 5297 τὰ
2595 5245 2674 5306 εἰς
2705 5239 2950 5311 γαστέρα
2977 5239 3143 5291 σιτία.
3175 5237 3346 5306 Χεῖρα
3373 5233 3552 5284 τοίνυν
3581 5225 3742 5316 αὐτῆς

2177 5335 2386 5398 ἐπιθεὶς
2427 5337 2492 5405 τῇ
2521 5333 2722 5404 κοιλίᾳ,
2755 5332 2913 5402 χεῖρα
2945 5330 3080 5398 πρὸς
3121 5326 3254 5379 Θεὸν
3287 5325 3376 5377 ἀεὶ
3403 5317 3603 5391 νοερῶς
3659 5315 3742 5367 αξ-

2177 5513 2257 5566 hic
2275 5529 2447 5568 annus
2466 5511 2657 5568 Clu-isti
2675 5509 2798 5568 551.
2822 5525 2922 5574 quo
2947 5506 3150 5574 Pascha
3173 5501 3490 5574 celebratum
3507 5498 3538 5552 9
3559 5489 3744 5574 Aprilis

2177 5583 2516 5637 I’entecostcu
2545 5581 2719 5636 attulit
2747 5581 2814 5634 ‘28
2836 5569 2990 5640 'Maii,
3011 5585 3060 5630 et
3085 5573 3408 5626 ﬂaminicam
3433 5569 3746 5636 sequentem,

2177 5671 2282 5724 qua
2317 5653 2616 5708 (alumnam
2659 5651 2892 5706 ascendit
2929 5655 3140 5701 sanctus
3169 5644 3198 5698 4
3224 5641 3392 5696 Junii.
