4034 6186
341 262 476 328 3097

1365 255 1542 316 VITA
1580 254 1624 308 Α
1659 243 2096 309 NlCEPIIORO
2130 245 2614 306 CONSCRIPTA.

3461 233 3600 297 3008

344 379 602 453 ρομένην,
626 375 722 430 καὶ⁵
748 374 881 445 παρ’
903 373 1070 428 αὐτοῦ
1099 374 1206 428 πᾶν
1225 363 1374 442 ’ὅπερ
1409 373 1476 424 ἂν
1505 369 1718 438 αίτήσοι
1756 363 1917 418 πάλιν

2036 379 2213 419 versus
2237 365 2409 419 Deum
2430 377 2647 432 semper
2677 355 3112 414 intentionalitcr
3131 355 3350 416 elatam,
3376 367 3599 406 manum

341 472 751 542 λαμϐάνουσαν,
783 468 883 538 τήν
908 482 968 520 τι
1005 465 1338 536 δημιουργὸν
1369 461 1560 532 σοφίαν
1597 459 1687 511 τὸν
1719 455 1921 526 Κύριον

341 565 500 634 ἡμῶν
548 559 1015 630 ἐπικαλεσάμενος
1065 559 1157 612 καὶ
1201 557 1333 610 Θ;ὺν
1368 555 1459 608 τὸν
1489 553 1616 605 Υίὸν
1643 549 1736 601 τοῦ
1765 545 1919 610 Θεοῦ,

341 656 673 710 ἀπαλλάττει
721 653 820 724 τὴν
872 654 1051 706 νεᾶνιν
1109 649 1200 703 τοῦ
1266 648 1492 710 πάθους,
1523 643 1615 698 καὶ
1653 639 1795 694 κατὰ
1825 638 1923 706 φύ-

343 769 429 803 σιν
493 747 896 816 ἀποκαθίστησι
954 745 1180 814 ταύτην.
1221 743 1403 812 Ὅπερ
1469 736 1784 806 τηλικοῦτον
1839 732 1918 798 ὃν,

341 839 570 908 ἀδελφὸν
599 841 682 902 είς
710 837 988 908 θαύματος
1013 836 1170 904 λόγον
1197 836 1309 904 ἔχει
1335 835 1397 886 τὸ
1429 830 1791 900 ἐπαγόμενον.

417 1017 541 1089 ριθ’.
583 1018 762 1088 Ἀνδρὶ
807 1017 917 1087 γάρ
949 1033 1056 1069 τινι
1084 1015 1181 1086 τὴν
1225 1011 1416 1082 κλῆσιν
1459 1006 1774 1076 Ἑπιῳανίῳ,
1810 1006 1921 1058 Χα-

355 1110 674 1182 ρκνδαμενῷ
734 1110 834 1179 τὴν
894 1107 1108 1179 κώμην,
1143 1105 1352 1160 παιδίον
1412 1103 1546 1154 ὡσεὶ
1587 1099 1793 1170 τριετὲς
1831 1091 1921 1165 ἦν,

345 1201 539 1272 λίχνως
567 1218 626 1252 τε
657 1200 787 1270 περὶ
814 1199 914 1268 τὴν
943 1197 1124 1270 ὀρεξιν
1158 1196 1302 1266 ἕχον,
1327 1193 1418 1246 καὶ
1445 1192 1688 1252 πλείονος
1717 1188 1748 1258 ἢ
1782 1185 1924 1240 κατὰ

347 1293 449 1363 τὴν
481 1292 698 1360 ἡλικίαν
725 1290 934 1362 τροφῆς
981 1287 1344 1358 πιπλάμενον.
1381 1283 1603 1354 Συμϐἀν
1637 1279 1924 1348 τοιγαροῦν

345 1383 499 1454 αὐτῷ
523 1383 592 1436 τὰ
620 1381 748 1452 περὶ
779 1381 1023 1450 γαστέρα
1082 1378 1472 1448 διαφραγῆναι,
1507 1374 1625 1427 οὐδὲ
1649 1370 1714 1424 δι’
1745 1373 1923 1422 ἐνιαυ-

345 1476 442 1530 τοῦ
471 1474 540 1528 τὰ
575 1471 634 1540 ἐξ
661 1475 831 1544 αὐτῆς
866 1471 1168 1542 ὑπεχώρει.
1195 1471 1304 1523 Καὶ
1335 1469 1395 1522 τὸ
1425 1467 1524 1538 μὲν
1557 1465 1662 1519 ὑπὸ
1704 1463 1798 1516 τοῦ
1828 1462 1921 1529 ὃγ-

346 1583 443 1620 κου
472 1567 572 1635 ἤδη
599 1562 964 1635 ῥηγνύμενον.
990 1559 1255 1630 κλαυθμῷ
1285 1559 1579 1628 συνείχετο,
1605 1555 1799 1626 πικρὸν
1830 1553 1923 1606 καὶ

345 1657 406 1711 τὸ
431 1656 598 1726 γλυκὺ
620 1657 790 1710 πᾶσιν
823 1654 974 1725 ἡλίου
1007 1653 1122 1721 φῶς
1161 1655 1275 1714 τοῖς
1329 1649 1580 1703 τεκοῦσιν
1618 1645 1924 1718 ἐργαζομέ-

2035 475 2064 511 a
2090 459 2202 512 Deo
2222 455 2490 526 quidquid
2517 452 2740 523 petierit
2781 451 3204 518 impetrantem;
3241 454 3406 516 atque
3447 443 3603 496 invo-

2029 548 2172 602 cavit
2240 545 2506 602 artiﬁcem
2563 542 2922 614 Sapientiam,
2986 538 3282 592 Dominum
3349 543 3598 588 nostrum

2031 640 2228 694 Filium
2251 638 2343 692 Dei
2381 655 2392 689 :
2434 637 2622 706 sicque
2663 633 2915 688 liberavit
2935 629 3171 702 puellam
3199 626 3414 689 morbo,
3435 635 3488 678 et
3516 639 3601 678 se-

2030 729 2272 786 cundum
2294 735 2544 781 naturam
2585 724 2866 780 exonerari
2899 722 3028 776 fecit
3052 720 3186 790 (55).
3209 717 3362 784 Quod
3391 723 3600 769 tantum

2030 837 2153 878 cum
2187 820 2278 881 sit,
2313 819 2478 871 habet
2509 825 2688 871 tamen
2713 814 2863 870 aliud
2897 813 2951 868 in
2985 811 3200 866 ratione
3217 807 3466 862 miraculi
3493 805 3598 860 sibi

2029 929 2147 986 par,
2173 913 2225 966 id
2253 910 2400 980 quod
2421 909 2790 963 subnectitur.

2101 1005 2222 1062 H9.
2272 1004 2502 1058 Cuidam
2537 1002 2676 1066 viro,
2729 995 3040 1070 Epiphanio
3105 994 3350 1055 nomine,
3399 1008 3428 1045 e
3469 995 3664 1060 pago

2029 1096 2482 1153 Charandameno
2505 1135 2518 1156 ,
2549 1109 2685 1162 puer
2715 1099 2835 1144 erat
2875 1087 3099 1143 circiter
3131 1086 3382 1146 triennis,
3413 1082 3603 1134 insana

2029 1187 2256 1242 vorandi
2290 1185 2590 1256 cupiditate
2615 1193 2874 1242 testuans,
2909 1187 2964 1232 et
3008 1175 3204 1246 majori
3260 1189 3422 1242 quam
3458 1168 3604 1224 artati

2031 1281 2112 1334 illi
2153 1279 2432 1342 convenit,
2475 1273 2719 1330 alimenti
2767 1271 2923 1340 cepia
2970 1285 3028 1324 se
3077 1267 3336 1320 farciens.
3393 1261 3608 1316 Accidit

2029 1369 2276 1425 helluoni
2321 1367 2450 1420 huic
2479 1365 2552 1419 ita
2576 1363 2789 1418 obstrui
2820 1362 3024 1424 alvum,
3082 1363 3141 1412 ut
3190 1369 3335 1410 anno
3393 1353 3607 1421 integro

2028 1459 2319 1518 exonerari
2345 1474 2458 1512 non
2489 1465 2694 1526 posset.
2727 1455 2795 1508 Et
2821 1454 2914 1508 ille
2935 1450 3158 1522 quidem
3189 1447 3362 1502 nimio
3387 1455 3606 1499 tumore

2029 1561 2248 1626 ruptus,
2283 1550 2568 1622 perpetuis
2601 1547 2924 1612 indulgebat
2947 1543 3204 1615 lacrymis
3256 1558 3268 1594 :
3312 1539 3515 1610 quibus
3552 1543 3608 1589 et

2029 1645 2376 1718 parentibus,
2407 1649 2622 1714 gratum
2650 1639 2784 1693 alias
2840 1638 3021 1692 solare
3069 1635 3256 1688 lumen
3285 1675 3298 1698 ,
3345 1630 3606 1685 acerbum

346 1718 458 1819 νῳἰ
485 1751 534 1801 οἱ
564 1747 622 1800 δὲ
676 1718 858 1818 πάσης
898 1718 1066 1814 ἄλλης
1112 1741 1479 1814 ἀπορούμενοι
1512 1739 1832 1812 θεραπείας.
1860 1735 1922 1790 τὸ

2036 1736 2268 1796 reddidit
2298 1743 2462 1803 atque
2493 1731 2756 1786 invisum.
2785 1727 2852 1782 l-li
2901 1741 3033 1781 vero
3057 1725 3208 1780 omni
3267 1722 3372 1776 alia
3432 1719 3606 1774 desti—

345 1839 489 1892 θεῖον
527 1838 674 1907 αὐτῷ
697 1839 792 1892 τοῦ
817 1838 1044 1910 Συμεὼν
1091 1838 1264 1908 ὄνομα
1311 1834 1640 1905 κατεπῇδον,
1693 1833 1774 1888 ἔτι
1827 1831 1921 1886 καὶ

345 1930 447 2000 τῆς
471 1929 681 1982 ἐκείνου
715 1931 918 1994 κόνεως
946 1928 1441 2000 αὐτῷὲπιχρίοντες
1476 1927 1616 1997 (οὐδὲ
1670 1925 1780 1994 γὰρ
1821 1927 1922 1995 τῆς

344 2023 530 2092 φήμης
584 2021 689 2075 τῶν
742 2023 835 2076 τοῦ
895 2021 1087 2091 ἀνδρὸς
1129 2020 1422 2090 θαυμάτων
1477 2018 1709 2088 ἀμαθεῖς
1753 2013 1915 2088 ἦσαν,

343 2114 442 2184 οὐχ
484 2107 645 2184 ἦττον
693 2112 924 2184 ἣαὺγῆς
975 2113 1126 2183 ἡλίου
1155 2111 1440 2180 βλέποντες
1489 2108 1802 2179 ὀφθαλμοὶ),
1829 2109 1921 2164 καί

342 2204 402 2256 τὸ
444 2204 780 2273 μὲνπαιδίον
818 2204 981 2266 εὐθὺς
1003 2205 1132 2274 ῥᾷον
1158 2199 1295 2274 εἶχε,
1328 2203 1580 2272 καθάπερ
1612 2200 1763 2271 αὺτῴ
1817 2201 1920 2269 τῆς

343 2293 555 2364 τροφῆς
607 2297 686 2358 είς
737 2295 1080 2364 ἀνυπαρξίαν
1133 2293 1442 2365 χωρούσης·
1468 2294 1535 2347 τὰ
1561 2293 1617 2346 δὲ
1643 2293 1762 2346 κατ’
1791 2291 1922 2346 αὐτὸ

345 2385 433 2440 διὰ
467 2384 742 2456 θαύματος
769 2385 949 2440 ἔκειτο
985 2388 1098 2450 τοῖς
1128 2386 1364 2448 πολλοῖς,
1399 2385 1514 2437 ὅσοι
1543 2401 1602 2437 τε
1625 2385 1781 2456 όρᾷν,
1809 2384 1921 2438 ὅσοι

347 2494 406 2530 τε
435 2477 566 2548 napi.
588 2476 754 2532 αὐτοῦ
800 2477 1096 2546 μανθάνειν
1123 2472 1288 2547 εἶχον,
1321 2475 1426 2540 ἕως
1458 2474 1612 2548 παρά
1641 2474 1731 2528 τὸν
1767 2475 1922 2542 ἆγιον

347 2568 666 2634 κομισθὲντι
690 2571 848 2640 χεῖρα
870 2568 1171 2632 κάνταῦθα,
1197 2571 1354 2640 χεῖρα
1385 2569 1518 2639 πρὸς
1549 2567 1682 2620 Θεὸν
1709 2565 1922 2635 ίσχύουυ

347 2678 467 2722 σαν,
504 2660 732 2727 ἐπιθεὶς,
760 2662 858 2726 τας
905 2659 1157 2732 συνήθεις
1204 2662 1270 2732 τῇ
1299 2657 1460 2730 φύσει
1507 2659 1670 2713 πάλιν
1704 2658 1922 2723 ἐξόδους

343 2751 650 2810 ἀπώεδώκε
661 2772 696 2806 ι.

419 2844 518 2912 ρκ’.
551 2842 926 2914 Πρεσϐύτερός
959 2860 1042 2906 τις
1085 2842 1192 2896 ἀπὸ
1218 2841 1421 2912 χωρίου
1465 2840 1797 2912 Παράδεισος
1844 2840 1926 2894 λε-

345 2935 602 3006 γομένου,
625 2935 828 3006 Θωμᾶς
849 2935 1039 3005 ὄνομα,
1063 2933 1364 3003 ἀναθέματι
1389 2931 1488 2988 τὸν
1511 2932 1651 2986 θεῖον
1679 2931 1924 3003 Συμεὼν,

347 3027 446 3080 οὐκ
478 3021 572 3079 οἷδ’
595 3026 717 3080 ὅθεν
745 3027 839 3080 καὶ
868 3027 1036 3091 ὅπως,
1063 3026 1092 3095 ἢ
1127 3025 1306 3097 φθόνῳ
1331 3025 1549 3088 πάντως
1579 3024 1670 3078 τοῦ
1698 3024 1926 3094 βασκαί-

347 3136 461 3172 νειν
491 3117 697 3173 ἀνωθεν
729 3121 841 3182 τοῖς
869 3118 1053 3182 καλοῖς
1089 3116 1378 3186 πεφυκότι,
1411 3115 1794 3186 ύποϐεὸλήκει.
1829 3107 1926 3169 Οὔ⁴

349 3227 440 3274 τος
467 3211 540 3271 ὡς
565 3212 643 3274 είς
672 3209 884 3280 δυσμὰς
914 3211 1140 3279 ἀφίκετο
1167 3208 1305 3279 βίου,
1343 3208 1435 3261 καὶ
1463 3210 1494 3276 ἡ
1523 3206 1668 3278 ψυχὴ
1705 3207 1933 3280 χωρίζε-

353 3301 476 3355 σθαι
510 3303 608 3373 ἦδη
643 3301 738 3354 τοῦ
791 3299 1044 3371 σώματος
1098 3300 1343 3372 ἔμελλεν,
1391 3299 1784 3353 ἁποκέκλειστο
1835 3300 1934 3369 μὲν

351 3393 502 3463 αὐτῷ
532 3397 564 3462 ἡ
598 3396 771 3463 φωνὴ,
808 3394 964 3455 δίκας
989 3393 1178 3462 ὥσπερ
1226 3391 1327 3460 τῆς
1356 3393 1434 3452 είς
1467 3391 1558 3442 τὸν
1595 3392 1750 3459 ἅγιον
1787 3391 1934 3444 ἐκτί-

352 3503 517 3540 νουσα
565 3485 935 3555 βλασφημίας,
985 3485 1035 3537 οἱ
1083 3484 1352 3555 ὀφθαλμοί
1397 3485 1452 3536 δὲ
1491 3483 1682 3553 ἄγριόν
1739 3500 1790 3536 τι
1841 3485 1936 3536 καὶ

350 3577 754 3646 τεταραγμένον
783 3576 1080 3645 ἀνεῳγότες
1107 3571 1265 3648 ἦσαν,
1283 3577 1394 3630 ἄνω
1414 3575 1703 3644 βλέποντες
1727 3577 1819 3629 καὶ
1849 3577 1937 3630 ού-

351 3665 410 3718 δὲ
439 3665 606 3734 μῦσαι
644 3666 933 3734 δυνάμενοι
959 3681 971 3695 ⁸
1007 3666 1294 3737 καὶταύτῃ
1343 3666 1528 3728 δεινῶς
1561 3665 1690 3736 ἄχρι
1738 3668 1829 3720 καὶ
1857 3670 1937 3731 είς

351 3757 618 3828 ἑξήκοντα
649 3759 862 3830 ἡμέρας
912 3759 1164 3830 ἠτάζετο,
1196 3761 1228 3830 ἢ
1269 3760 1606 3822 ἐπαιδεύετο,
1639 3761 1672 3832 ἢ
1709 3762 1936 3830 ἐμαστί-

354 3847 497 3912 ζετο,
530 3848 562 3918 ἢ
594 3849 692 3902 οὐκ
731 3845 826 3904 οἷδ’
853 3851 880 3903 ὃ
906 3867 958 3903 τι
989 3851 1094 3921 χρὴ
1119 3850 1502 3920 προσαρμόσαι
1544 3849 1620 3919 τῷ
1651 3851 1938 3921 πράγματι

351 3939 542 4008 ὕνομα.
578 3940 702 4002 Τοῖς
722 3939 852 4010 γοῦν
879 3940 1181 4012 περιοίκοις
1205 3941 1299 3994 καὶ
1324 3941 1438 3994 ὅσοι
1465 3939 1540 4009 τῷ
1567 3941 1719 4014 ἀνδρὶ
1748 3943 1808 3994 ὲκ
1829 3959 1941 4010 γει-

351 4031 520 4084 τόνων
549 4031 866 4102 ἐτύγχανον,
905 4032 966 4085 ού
1001 4031 1259 4084 συλλαλιά
1305 4029 1439 4102 πρὸς
1469 4031 1734 4100 ἀλλήλους
1779 4032 1939 4102 μόνον

351 4117 421 4194 ἦν
448 4123 508 4175 τὸ
530 4124 608 4186 είς
638 4125 799 4178 αὑτὸν
828 4123 1072 4194 γεγονὸς,
1106 4123 1242 4176 ἀλλά
1297 4127 1389 4176 καὶ
1431 4123 1568 4194 πρὸς
1600 4123 1731 4176 Θεὸν
1778 4122 1934 4193 εὐχὴ,

353 4212 579 4283 λυθῆναι
609 4214 707 4284 τὴν
743 4216 1018 4286 μηκίστην
1045 4217 1140 4269 καὶ
1173 4215 1568 4285 χαλεπωτάτην
1594 4215 1812 4286 ἐκείνην
1840 4217 1939 4268 αὑ-

353 4301 431 4371 τῷ
459 4305 746 4373 τιμωρίαν.
773 4306 881 4360 Καί
903 4324 1031 4360 ποτε
1057 4305 1268 4360 πολλῶν
1295 4306 1420 4376 περὶ
1445 4307 1606 4358 αὑτὸν
1629 4305 1940 4376 ἀθροισθέν-

2030 1833 2130 1888 tuti
2162 1846 2286 1900 ope,
2328 1828 2580 1882 divinum
2603 1825 2896 1897 Symeonis
2933 1837 3144 1876 nomen
3198 1835 3364 1888 super
3431 1816 3606 1870 filium

2030 1927 2311 1990 invocant,
2373 1921 2734 1994 ejusdemque
2781 1917 3069 1988 pulverem
3107 1913 3209 1984 ipsi
3275 1913 3606 1980 inspergunt

2032 2017 2232 2087 (neque
2260 2013 2408 2069 enim
2441 2011 2614 2083 ignari
2643 2017 2804 2065 erant
2847 2007 3026 2070 iamm,
3070 2004 3138 2058 de
3179 2000 3444 2056 mirandis
3503 1997 3606 2052 viri

2030 2107 2291 2178 Operibus
2315 2107 2422 2160 late
2452 2119 2679 2174 spars:e,
2711 2117 2820 2155 non
2867 2099 3050 2154 minus
3077 2110 3240 2166 quam
3279 2091 3422 2146 oeuli
3455 2097 3604 2144 recte

2029 2198 2268 2254 ordinati
2300 2196 2642 2268 splendentis
2669 2194 2802 2250 solis
2849 2191 3032 2246 media
3076 2186 3188 2258 die)
3218 2193 3273 2240 et
3315 2181 3604 2238 confestim

2029 2293 2208 2348 levius
2251 2291 2458 2345 habere
2491 2288 2658 2357 caspit
2682 2301 2837 2357 puer,
2877 2300 3032 2352 aeque
3062 2297 3122 2336 ae
3147 2280 3190 2334 si
3231 2278 3279 2332 ei
3309 2276 3467 2330 cibus
3513 2287 3608 2341 per

2029 2397 2310 2438 secessum
2334 2379 2722 2442 emitteretur;
2789 2373 3048 2427 omnibus
3101 2377 3280 2424 autem
3333 2370 3426 2434 qui
3479 2377 3606 2415 eum

2029 2473 2291 2528 videbant
2321 2471 2404 2528 vel
2437 2467 2738 2524 audiebant
2773 2465 2841 2519 de
2873 2465 2968 2518 illo
3001 2468 3124 2518 erat
3159 2457 3392 2527 stupori,
3431 2453 3608 2508 donec

2030 2570 2255 2617 sanctus
2278 2561 2462 2616 delato
2488 2559 2554 2613 ad
2579 2575 2634 2613 se
2655 2571 2902 2618 manum,
2932 2552 3075 2624 apud
3107 2551 3282 2604 Deum
3311 2544 3614 2616 plurimum-

2029 2655 2335 2714 wlentem,
2402 2651 2724 2719 imponens,
2787 2653 2998 2700 naturae
3051 2647 3346 2698 consuetos
3401 2645 3612 2690 tneatus

2032 2747 2232 2800 iterum
2255 2741 2546 2796 reseravit.

2103 2835 2225 2889 1°20.
2263 2833 2560 2903 Presbyter
2586 2829 2809 2900 quidam
2845 2844 2912 2882 ex
2955 2827 3078 2881 loco
3105 2823 3198 2892 qui
3251 2819 3458 2874 dicitur
3507 2817 3612 2870 Pa-

2033 2928 2252 2984 radisus
2283 2927 2418 2994 t56),
2453 2923 2693 2978 Thomas
2728 2920 2974 2983 nomine,
3012 2917 3340 2987 Symeonem
3380 2907 3612 2963 anathe-

2035 3023 2168 3078 mati
2198 3023 2532 3091 subjeeerat,
2567 3014 2756 3069 nescio
2784 3025 2953 3081 quare
3009 3015 3104 3062 aut
3139 3000 3440 3074 quomodo,
3505 2996 3612 3050 nisi

2032 3133 2100 3172 ex
2122 3115 2234 3171 sela
2271 3111 2496 3173 invidia,
2525 3105 2906 3178 prtestantiora
2941 3112 3172 3170 qureque
3221 3092 3380 3164 aegris
3411 3087 3614 3142 intueri

2035 3211 2218 3266 solita.
2253 3208 2388 3262 Cum
2427 3203 2517 3258 hic
2560 3201 2626 3255 ad
2653 3201 2776 3254 vitae
2811 3209 3068 3252 occasum
3105 3188 3315 3260 magnis
3357 3182 3614 3254 passibus

2035 3295 2484 3368 progrederetur,
2551 3293 2774 3362 jamque
2858 3284 3055 3338 animm
3131 3276 3514 3348 emigrandnm
3584 3289 3616 3322 e

2036 3402 2270 3456 corpore
2291 3391 2468 3446 esset;
2523 3396 2624 3434 vox
2659 3379 2776 3447 ipsa
2839 3375 2988 3428 velut
3022 3369 3204 3439 impiae
3235 3368 3292 3421 in
3351 3371 3544 3420 sanetu
3559 3378 3611 3413 ιιι

2037 3475 2390 3547 blasphemiae
2439 3487 2630 3542 paruas
2679 3469 2899 3524 solvens
2953 3460 3452 3520 intercludebatur,
3486 3469 3619 3508 ocu-

2033 3570 2186 3638 lique
2215 3565 2589 3620 truculentum
2621 3575 2684 3614 ac
2728 3555 3012 3610 turbidum
3065 3555 3122 3608 in
3169 3551 3391 3605 modum
3419 3543 3618 3615 aperti,

2038 3675 2256 3716 sursum
2288 3654 2642 3726 aspectabant
2663 3659 2716 3704 et
2749 3666 2815 3704 ne
2839 3647 3046 3703 nictare
3077 3643 3302 3714 quidem
3343 3637 3624 3698 valebant,

2037 3762 2204 3822 atque
2241 3751 2315 3803 ita
2347 3750 2402 3801 in
2429 3744 2826 3816 sexagesimum
2853 3753 3026 3811 usque
3056 3735 3202 3791 diem
3233 3729 3618 3800 torquebatur,

2043 3821 2138 3899 aut
2168 3841 2558 3914 castigabatur,
2592 3837 2678 3890 vel
2732 3835 2916 3906 potius
2963 3826 3361 3900 ﬂagellabatur,
3405 3821 3489 3875 vel
3526 3835 3620 3872 ne-

2040 3935 2155 3990 scio
2185 3947 2295 4002 quo
2323 3929 2432 3983 alio
2461 3923 2750 3980 vocabulo.
2789 3921 2992 3976 Omnes
3015 3918 3180 3988 igitur
3211 3913 3420 3969 circum
3453 3906 3619 3963 vicini

2043 4041 2152 4080 non
2187 4021 2352 4076 modo
2381 4019 2698 4088 frequenter
2731 4011 3245 4069 sermocinabantur
3279 4005 3420 4058 inter
3457 4017 3514 4057 se
3552 3999 3620 4054 de

2045 4121 2140 4176 illo
2172 4117 2320 4188 quod
2369 4115 2470 4186 ipsi
2514 4113 2709 4178 ﬁebat,
2751 4110 2844 4165 sed
2884 4123 3077 4180 preces
3109 4117 3330 4176 quoque
3354 4101 3420 4155 ad
3449 4100 3620 4154 Deum

2045 4211 2378 4270 fundebant,
2405 4216 2462 4261 ut
2481 4204 2818 4275 longissimis
2844 4199 3292 4273 gravissimisque
3315 4194 3422 4249 illis
3453 4193 3622 4245 miser

2042 4305 2349 4374 eriperetur
2379 4297 2686 4354 tormentis.
2723 4295 2860 4351 Cum
2911 4308 3044 4348 vero
3081 4287 3380 4359 aliquando
3431 4285 3622 4353 ingens

353 4414 482 4462 των,
523 4399 620 4452 καὶ
663 4399 998 4468 φθέγξασθαί
1043 4419 1090 4454 τι
1151 4401 1510 4472 βιαζομένων,
1559 4401 1654 4470 τῆς
1697 4401 1929 4471 γλώττης

2049 4397 2209 4451 turba
2237 4394 2444 4448 circum
2487 4391 2664 4460 ipsum
2699 4386 3075 4446 conduxisset,
3113 4391 3166 4437 et
3198 4379 3458 4450 quiddam
3495 4391 3620 4445 pro.

353 4489 501 4559 αὐτῷ
525 4490 718 4561 μικρὸν
763 4487 1171 4562 ἀνεθείση;(οἷα
1203 4494 1271 4546 τΞι
1297 4493 1392 4546 τοῦ
1433 4493 1566 4546 Θεοῦ
1603 4493 1850 4564 κρίματα
1875 4495 1936 4558 l),

357 4580 424 4632 εν*
461 4581 609 4648 αὐτῴ
653 4601 711 4636 τε
769 4585 837 4636 τὰ
881 4585 977 4653 τῆς
1026 4587 1230 4654 πικρᾶς
1263 4585 1478 4652 ἐκείνης
1515 4585 1780 4654 μάστιγος
1817 4588 1936 4656 στῇ,

355 4671 448 4724 καὶ
474 4672 687 4738 πολλοῖς
730 4673 910 4739 ἄλλοις
963 4667 1114 4738 οὗτος
1171 4675 1385 4730 παιδεία
1423 4676 1666 4745 γένηται,
1715 4675 1938 4745 Συγχω-

359 4763 517 4832 ρησίν
570 4782 656 4834 μοι
715 4765 863 4834 παρὰ
914 4765 1007 4818 τοῦ
1036 4765 1180 4818 θείου
1221 4765 1443 4836 Συμεὼν
1491 4766 1739 4835 αἰτητέον
1785 4765 1938 4833 ὑμῖν,

355 4852 596 4933 ἀδελφοὶ,
633 4853 728 4906 τοῦ
755 4854 1112 4924 ἁναθὲματος,
1151 4855 1252 4924 ἔφη
1275 4871 1288 4884 ⁸
1320 4855 1510 4907 τούτου
1547 4855 1652 4926 γὰρ
1690 4855 1813 4923 ἄρτι
1844 4853 1939 4923 τὴν

361 4943 640 5012 παροῦσαν
671 4945 990 5016 εἰσπράττω-
1005 4945 1244 4998 κόλασιν.

432 5043 572 5106 ρκα’.
605 5037 713 5091 Καὶ
741 5038 790 5090 οἱ
822 5037 920 5106 μὲν
946 5037 1242 5110 πρεσϐείαν
1285 5037 1446 5100 εὐθὺς
1477 5039 1624 5106 παρὰ
1657 5037 1746 5090 τὸν
1789 5037 1942 5104 ἅγιον

359 5126 671 5180 στέλλονται
692 5146 706 5158 '
741 5130 770 5182 ό
803 5129 860 5182 δὲ
893 5131 1009 5194 (καὶ
1035 5130 1141 5198 γὰρ
1169 5124 1236 5198 ἦν
1268 5129 1594 5200 θερμότερος
1626 5129 1694 5182 τὰ
1720 5128 1942 5182 τοιαῦτα

359 5217 558 5272 διδόναι
595 5219 795 5290 μᾶλλον
830 5219 862 5290 ἢ
896 5221 1021 5284 τοὺς
1052 5219 1338 5283 αἰτοῦντας
1369 5219 1690 5288 λαμόάνειν,
1720 5214 1808 5272 οἷα
1848 5219 1942 5272 καὶ

437 5395 558 5470 (ὃὸὶ
579 5395 815 5470 Meminit
859 5397 922 5452 Ρ.
968 5399 1354 5470 Papebrochius
1392 5396 1583 5470 lectum
1642 5395 1774 5460 sibi,
1802 5413 1934 5470 cum

365 5473 498 5548 esset
528 5465 767 5548 Lemnii,
821 5469 1005 5548 n‘tcdici
1049 5465 1152 5522 non
1202 5467 1444 5539 ignobilis
1501 5466 1713 5548 librum,
1755 5467 1842 5520 ubi
1896 5468 1936 5518 is

363 5536 503 5588 inter
531 5536 644 5590 alia
670 5539 950 5604 asserebat,
1007 5536 1246 5593 curatam
1273 5557 1304 5591 α
1347 5555 1401 5592 se
1434 5536 1664 5600 puellum
1690 5537 1934 5596 nobilem,

367 5620 668 5689 quaerisque
697 5609 765 5662 ad
797 5626 919 5689 car-rt.
941 5618 1151 5689 (etatem
1177 5609 1434 5689 abst-ructo
1463 5607 1732 5660 ordinario
1767 5609 1934 5658 nrinw

371 5683 543 5730 meatu
587 5679 752 5742 ipsum
797 5679 1038 5734 reddebat
1069 5696 1158 5733 ουν
1187 5679 1508 5743 umbilicum,
1546 5677 1682 5732 nmio
1716 5679 1934 5730 Inuum—

2039 4485 2190 4554 loqui
2220 4489 2470 4551 cogeret;
2503 4479 2678 4533 soluta
2723 4475 3005 4546 paululum
3043 4471 3228 4539 lingua
3262 4467 3462 4536 (qualia
3495 4471 3628 4516 sunt

2039 4553 2246 4645 judicia
2282 4571 2373 4626 Dei
2424 4577 2532 4622 tam
2569 4567 2765 4621 acerbo
2793 4564 2942 4616 illum
2976 4559 3184 4628 ﬂagello
3211 4553 3530 4622 castigantis
3565 4553 3628 4606 in.

2045 4667 2434 4720 documentum
2487 4659 2772 4724 aliorum!)
2827 4655 3015 4715 Venia,
3065 4648 3258 4718 inquit,
3314 4645 3620 4699 temeritate

2049 4773 2200 4820 mem,
2234 4771 2353 4826 qua:
2396 4751 2649 4823 Symeoni
2687 4747 2974 4802 anathema
3015 4743 3147 4804 dixi,
3177 4741 3244 4793 ab
3285 4739 3473 4791 eodem
3525 4751 3619 4804 pc-

2052 4847 2212 4902 tcnda
2250 4845 2403 4897 vobis
2452 4851 2555 4906 est,
2609 4841 2850 4892 fratres:
2905 4833 3132 4904 hujusce
3183 4829 3329 4884 enim
3377 4825 3624 4886 sceleris,

2056 4953 2189 5008 quas
2217 4937 2435 4997 videtis,
2465 4935 2534 4986 do
2575 4949 2783 5000 poenas.

2117 5029 2237 5082 12!.
2274 5028 2394 5080 Mox
2424 5025 2500 5077 illi
2533 5023 2860 5093 legationem
2890 5016 3193 5087 expediunt
3217 5013 3282 5067 ad
3325 5019 3610 5065 sanetum:

2043 5121 2137 5190 qui
2171 5128 2228 5172 ut
2270 5127 2386 5172 erat
2433 5113 2741 5184 promptior
2771 5109 2836 5165 ad
2883 5108 3149 5169 dandum,
3190 5119 3351 5174 quam
3386 5100 3478 5170 qui
3527 5113 3618 5168 pe-

2045 5189 2236 5270 tebant
2271 5211 2337 5266 ad
2377 5205 2779 5278 accipiendum,
2823 5203 3026 5271 quique
3073 5199 3240 5269 probe
3295 5197 3526 5247 neverat
3563 5189 3624 5241 il-

2044 5391 2177 5444 tibus
2213 5403 2419 5459 semper
2471 5383 2692 5459 uestibus
2735 5377 3062 5450 contingebat
3092 5391 3208 5429 eam
3256 5371 3405 5442 gravi
3453 5367 3616 5438 fetore

2047 5457 2578 5514 molestam‘omnibus
2627 5469 2755 5506 esse.

2725 5523 2897 5598 Syriat
2921 5517 3064 5598 apud
3089 5507 3516 5598 Ptnll‘omtcttmnin
3533 5521 3618 5586 riu

2043 5575 2188 5674 gio‘ne
2213 5575 2540 5662 [Laodiceam
2577 5613 2676 5650 non
2716 5575 2897 5666 priora!
2931 5575 2993 5644 a'b
3024 5598 3140 5641 orm
3174 5582 3387 5638 Orontis
3423 5575 3584 5648 ﬂuvii.
