4034 6186
408 312 605 413 ,9099

1673 326 1732 385 s.
1776 323 2153 385 SYMEONIS
2180 289 2549 383 'JUNtonts

3596 319 3735 382 3100

464 434 560 489 lud
594 434 650 488 in
679 433 834 489 lucro
869 449 1093 504 ponere,
1118 433 1263 503 quod
1294 433 1489 499 dabat;
1514 433 1782 488 advocato
1804 431 2048 501 discipu-

2161 429 2309 482 τοῦτο
2344 428 2532 496 σαφῶς
2583 427 2886 498 κερδαίνειν
2930 426 3088 492 εἰδὼς
3119 427 3149 483 ὃ
3175 425 3380 495 δίδωσι)
3414 427 3525 480 τῶν
3564 429 3731 502 μαθη.

465 524 646 581 lorum
692 524 785 578 uni
818 525 935 594 (qui
967 523 1201 594 Symeon
1242 522 1665 592 appellabatur),
1712 539 1822 576 non
1867 522 2043 577 solum

465 617 693 688 petitam
730 614 1127 686 indulgentiam
1168 614 1353 681 dedit;
1385 614 1502 680 sed,
1534 623 1594 669 ut
1618 613 1850 668 aﬂ‘ectus
1875 612 2045 666 animi

467 710 609 765 datae
649 710 823 764 venia:
853 709 1183 777 coniunctus
1232 708 1456 762 fratrem
1486 706 1706 777 plenius
1735 705 2049 760 consolare-

467 809 599 855 tur:
633 800 800 871 Cape,
824 801 1024 870 inquit,
1063 816 1231 854 unum
1273 816 1339 854 ex
1367 800 1676 856 benedictis
1698 800 1957 871 panibus,
1992 807 2049 854 et

466 892 659 946 abiens
700 907 824 947 cum
864 892 992 946 ‘istis
1028 899 1183 960 porta
1220 892 1575 963 presbytero;
1603 900 1659 946 et
1706 891 1947 946 dimittet
1995 890 2049 945 ei

465 981 613 1035 Deus
639 990 927 1052 peccatum
963 1000 976 1034 :
1011 997 1137 1035 nam
1164 981 1329 1036 simul
1377 991 1543 1051 atque
1594 982 1935 1052 amplexatus
1956 997 2052 1051 pa-

465 1086 590 1126 nem
626 1070 812 1131 fuerit,
839 1070 1165 1141 exspirabit.
1211 1072 1720 1141 Accepitcontinuo
1747 1070 2051 1140 discipulus

467 1160 559 1215 ille
589 1177 785 1230 panem
816 1177 882 1216 ae
912 1162 1154 1232 portavit
1189 1180 1201 1216 :
1240 1160 1309 1216 ad
1342 1165 1497 1229 cuius
1531 1162 1875 1231 prmsentiam
1906 1176 2051 1231 aeger

466 1253 798 1323 resipiscens
832 1255 1048 1323 sibique
1071 1255 1340 1318 redditus,
1366 1242 1545 1309 libens
1571 1255 1839 1309 ambabus
1872 1253 2049 1307 mani-

466 1345 571 1399 bus
606 1338 802 1415 panem
846 1347 1270 1416 apprehendens
1316 1347 1598 1403 osculatus
1647 1354 1750 1410 est,
1788 1356 1953 1416 atque
1995 1347 2051 1400 in

467 1440 586 1508 ipso
616 1440 868 1508 amplexu
895 1439 1151 1508 spiritum
1179 1436 1421 1492 reddidit
1445 1455 1458 1491 :
1489 1438 1721 1492 dixisses
1747 1436 2051 1507 emigrandi
2084 1462 2091 1467 -

466 1527 783 1585 facultatem
817 1539 943 1585 ante
975 1546 1085 1585 non
1108 1529 1363 1583 obtinere
1388 1530 1657 1599 potuisse,
1694 1529 1789 1584 sed
1824 1530 1889 1585 ad
1932 1545 2055 1600 gra-

466 1621 618 1677 viora
649 1622 971 1677 sustinenda
1007 1623 1280 1678 violenter
1325 1621 1608 1676 detentum
1634 1639 1648 1688 ;
1681 1621 1860 1677 donec
1889 1637 1919 1676 a
1948 1620 2053 1693 Sy-

467 1714 850 1786 meone,quem
868 1718 1078 1773 scilicet
1097 1716 1450 1786 blasphemus
1464 1715 1534 1768 im
1542 1715 1793 1787 petierat,
1810 1733 1839 1772 e
1855 1731 2052 1785 corpo-

2148 522 2257 575 τῶν
2312 520 2408 573 ’ἐνα
2462 519 2719 583 καλέσας,
2771 517 2996 588 Συμεὼν
3049 520 3149 591 τὴν
3198 519 3597 590 προσηγορίαν,
3635 521 3734 591 οὐχ

2149 613 2336 676 ἁπλῶς
2383 611 2566 664 δίδωσι
2609 611 2835 681 ταύτην,
2882 610 2997 664 ἀλλ’
3030 611 3118 665 ῖνα
3147 611 3240 663 καὶ
3272 610 3515 675 διάθεσις
3553 611 3733 682 ψυχῆς

2147 706 2212 774 τῇ
2240 699 2542 773 συγγνώμῃ
2572 702 2772 771 προσῇ,
2806 701 2896 774 τὸν
2926 700 3156 770 ἀδελφὸν
3187 702 3282 754 ἐπὶ
3326 701 3491 756 πλέον
3532 703 3735 773 πληρο-

2153 793 2419 865 φοροῦσα,
2450 791 2612 859 Ἕνα,
2634 793 2790 864 φησὶ,
2814 791 2925 845 τῶν
2942 791 3041 862 τῆς
3059 792 3311 861 εὐλογίας
3329 793 3510 864 ἄρτων
3532 793 3727 856 λαϐὼν.

2148 886 2303 942 ἄπιθι
2363 887 2461 941 σὺν
2522 887 2706 951 αὐτοῖς
2773 886 3015 956 κομίζων
3072 885 3150 956 τῷ
3207 887 3587 958 πρεσϐυτέρῳ,
3636 887 3732 941 καὶ

2150 977 2485 1048 ἀφεθήσεται
2512 976 2661 1048 αὐτῷ
2694 980 2729 1049 η
2759 978 3006 1049 ἁμαρτία
3035 978 3188 1049 παρᾶ
3209 978 3370 1032 Θεοῦ·
3403 979 3733 1048 ἀσπασάμε-

2151 1086 2240 1132 νος
2266 1068 2375 1139 γὰρ
2410 1069 2502 1122 τὸν
2542 1068 2706 1139 ἄρτον
2746 1069 2907 1133 εὐθὺς
2949 1069 3349 1125 ἀναπαύσεται.
3401 1070 3508 1123 Τοῦ
3544 1070 3600 1122 δὲ
3644 1071 3735 1124 τὸν

2153 1161 2317 1233 ἄρτον
2339 1161 2537 1215 αὐτίκα
2561 1160 2820 1224 λαϐόντος
2851 1162 2945 1215 καὶ
2975 1161 3324 1232 κομίσαντος,
3357 1162 3493 1234 πρὸς
3520 1163 3620 1232 τὴν
3642 1163 3740 1215 αὑ·

2152 1253 2247 1306 τοῦ
2273 1251 2572 1324 παρουσίαν
2606 1253 2813 1316 ἐκεῖνος
2834 1253 3165 1321 ἀνενεγκὼν,
3190 1255 3440 1325 ἀσμένως
3460 1273 3518 1308 τε
3549 1256 3741 1325 χερσὶν

2154 1344 2495 1415 ἀμφοτέραις
2515 1342 2808 1411 δεξάμενος
2837 1344 2933 1397 καὶ
2958 1344 3213 1415 φιλήσας,
3242 1346 3637 1399 συναποδίδωσι
3663 1347 3743 1417 τῷ

2156 1435 2434 1507 ἀσπασμῷ
2485 1436 2583 1489 καὶ
2628 1434 2685 1488 τὸ
2733 1435 2971 1504 πνεῦμα,
3018 1435 3271 1508 καθάπερ
3313 1438 3623 1508 ἐκδημῆσαι
3664 1439 3743 1510 μὴ

2159 1524 2627 1596 συγχωρούμενον,
2676 1523 2812 1578 ἀλλὰ
2869 1525 2964 1578 καὶ
3021 1525 3303 1596 βιαιότατα
3351 1529 3743 1598 κατεχόμειρν,

2157 1617 2253 1672 καὶ
2301 1616 2659 1688 χαλεπώτατα
2711 1617 2937 1687 πάσχον,
2967 1617 3073 1683 ἕως
3120 1618 3271 1689 παρὰ
3314 1619 3409 1672 τοῦ
3452 1620 3600 1674 θείου
3641 1623 3745 1674 Συ-

2141 1709 2328 1783 μεὼν,
2363 1711 2443 1772 είς
2477 1708 2536 1761 ὃν
2571 1707 2770 1781 δηλαδὴ
2805 1711 2900 1763 καὶ
2941 1710 3008 1765 τὰ
3041 1712 3138 1781 τῆς
3172 1712 3544 1784 βλασφημίας,
3577 1718 3609 1784 ἡ
3647 1714 3744 1768 λύ-

470 1820 528 1859 re
557 1777 856 1860 excedendi
882 1807 1042 1861 venia
1065 1777 1476 1877 apportaretur.
1501 1777 1677 1874 Atque
1699 1777 1802 1860 hoc
1828 1777 2049 1876 quid-em

2161 1777 2245 1866 σις
2299 1801 2567 1872 ἀφίκοιτο.
2614 1777 2774 1853 Ἃ).λά
2826 1800 2983 1854 τοῦτο
3044 1777 3142 1873 μέν
3172 1777 3539 1874 ’πληροῑθντός
3594 1777 3748 1861 ἔστιν

466 1895 565 1951 Dei
590 1912 731 1966 opus
754 1907 860 1962 est,
892 1898 1023 1953 hinc
1050 1898 1325 1968 promissa
1354 1915 1452 1953 sua
1486 1898 1765 1967 implentis
1793 1905 1848 1952 et
1879 1899 2054 1952 hono-

468 1986 623 2042 riﬁce
647 1988 1005 2058 glorificantis
1033 1989 1178 2054 illos,
1203 1990 1296 2060 qui
1323 1990 1499 2060 ipsum
1523 1988 1830 2060 glorificare
1854 2004 2055 2059 propo-

469 2080 634 2136 situm
666 2082 905 2148 habent,
941 2082 1067 2137 inde
1096 2099 1230 2137 vero
1256 2083 1585 2154 corrigentis
1633 2082 2054 2151 revocantisque

469 2172 538 2227 ad
567 2172 799 2242 frugem,
824 2190 922 2244 per
952 2174 1215 2228 inﬂictam
1250 2174 1384 2229 huic
1425 2175 1627 2228 misero
1654 2188 1893 2244 pmnam,
1933 2174 2055 2227 illos

469 2264 563 2333 qui
593 2264 779 2334 inique
801 2274 1003 2337 agunt:
1028 2265 1081 2319 id
1103 2281 1235 2321 vero
1264 2265 1542 2336 quomodo
1575 2265 1687 2332 flat,
1716 2264 2053 2319 narrandum

468 2370 579 2411 non
620 2366 725 2411 85L

543 2446 664 2502 122.
715 2446 960 2519 Contigit
993 2448 1048 2502 in
1076 2448 1213 2504 locis
1238 2449 1540 2511 montanis,
1575 2448 1834 2503 feminam
1865 2464 2057 2519 quam-

469 2536 593 2594 dam
626 2554 821 2607 parere
854 2539 1120 2593 infantem
1153 2548 1261 2593 tam
1292 2556 1522 2605 caecum,
1553 2549 1612 2594 ut
1637 2541 1923 2594 oculorum
1954 2555 2057 2594 ne-

468 2645 578 2701 que
613 2640 797 2700 partes
828 2632 968 2699 imae,
1012 2648 1191 2702 neque
1239 2632 1425 2699 orbes,
1456 2648 1635 2700 neque
1683 2632 1912 2702 vestigia
1947 2632 2056 2685 ulla

469 2722 527 2775 in
562 2721 699 2777 facie
730 2739 989 2793 expressa
1015 2723 1361 2779 viderentur.
1401 2723 1545 2779 [line
1588 2730 1844 2792 parentes
1891 2738 2050 2778 acer-

470 2810 688 2869 bissimi
730 2813 941 2869 doloris
995 2815 1104 2870 telo
1152 2815 1346 2881 saucii,
1399 2815 1656 2869 tollentes
1682 2830 1941 2885 puerum,
1980 2815 2059 2869 la-

470 2919 689 2977 crymas
707 2905 873 2961 etiam
903 2907 973 2963 ab
1001 2907 1179 2963 oculis
1200 2907 1336 2961 nihil
1360 2907 1424 2962 ad
1455 2923 1513 2962 se
1534 2907 1887 2963 attinentium
1910 2908 2057 2963 ciere

471 2998 771 3060 valentem.
802 3000 870 3054 ad
896 3001 1077 3056 virum
1105 3011 1356 3056 sanctum
1394 3000 1724 3063 accelerant,
1752 3001 1967 3056 unicam
2002 3002 2055 3057 in

460 3087 779 3159 desperatis
808 3105 983 3159 spem.
1008 3089 1143 3145 Cum
1182 3099 1365 3145 autem
1393 3090 1668 3145 enitentes
1698 3090 1752 3144 in
1790 3102 2054 3157 montem,

475 3179 745 3250 tantisper
765 3180 1011 3235 laborem
1040 3181 1258 3235 itineris
1277 3181 1462 3250 quiete
1504 3180 1759 3246 levaturi,
1783 3183 2061 3238 subsedis-

472 3280 632 3335 sent,
667 3280 904 3326 cernunt
934 3281 987 3341 (ο
1026 3272 1417 3326 suavissimum
1471 3273 1846 3342 spectaculum
1886 3275 2062 3330 oculis

473 3371 766 3433 parentum
791 3364 856 3433 ι),
886 3372 1121 3419 cernunt
1146 3379 1379 3434 puerum
1404 3363 1607 3420 habere
1632 3367 1823 3422 oculos
1850 3378 2064 3424 natura:

476 3469 773 3523 congruos,
828 3455 1058 3525 acieque
1094 3465 1242 3511 recte
1288 3456 1542 3512 ordinata
1581 3458 1828 3513 intueri:
1864 3444 1929 3514 ac
1972 3476 2062 3515 se-

476 3545 655 3615 posita
696 3545 848 3600 omni
898 3562 1073 3613 mora,
1106 3548 1452 3627 contentiore
1499 3549 1671 3620 gradu
1714 3550 1781 3604 ad
1812 3560 2063 3607 sanctum

475 3637 761 3703 festinant,
789 3640 1113 3695 nuntiantes
1139 3638 1578 3698 misericordiam
1616 3651 1671 3697 et
1706 3643 1980 3698 mirabilia
2010 3645 2062 3699 ei

476 3746 607 3807 sua._
626 3734 705 3789 Ita
742 3750 855 3790 non
886 3749 1012 3790 raro
1032 3737 1205 3806 gratia
1232 3735 1489 3810 Symeoni
1519 3735 1735 3790 caelitus
1766 3734 1892 3790 data
1925 3751 2064 3807 prae-

476 3828 644 3881 vertit
681 3828 978 3883 adventum
1012 3830 1281 3885 medelam
1311 3829 1639 3900 petentium,
1674 3837 1919 3898 spectata
1965 3844 2064 3884 eoo

480 3932 603 3970 rum
648 3918 819 3974 animi
845 3920 1409 3991 promptitudinc;.et
1448 3920 1764 3990 priusquam
1792 3918 1893 3989 ipsi
1924 3920 2063 3989 peti-

477 4006 685 4061 tionem
737 4024 891 4063 suam
942 4014 1324 4073 enuntiarent,
1355 4011 1448 4065 illa
1479 4010 1683 4063 donum
1717 4009 2058 4064 conferebat.

479 4093 680 4150 Verum
718 4097 843 4166 quis
869 4107 1032 4154 tanta:
1056 4100 1111 4153 in
1146 4099 1381 4154 dicendo
1414 4098 1683 4153 facundiae
1723 4106 1887 4168 atque
1930 4113 2069 4152 con-

478 4186 761 4253 tentionis,
791 4197 852 4242 ut
879 4190 1203 4245 varietatem
1238 4205 1303 4245 ac
1329 4189 1739 4244 multitudinem
1766 4189 2062 4243 miraculo-

480 4289 601 4329 rum
632 4278 753 4346 ejus
783 4276 1120 4332 sumcienter
1148 4278 1424 4348 exponat?
1524 4324 1529 4328 .

551 4367 674 4420 ινδ.
711 4367 904 4422 Mulier
937 4369 1186 4439 quaedam
1218 4370 1271 4423 in
1304 4370 1491 4424 Rheso
1524 4367 1636 4438 (57)
1665 4367 1874 4423 Cilicizc
1902 4368 2059 4433 urbe,

2156 1894 2365 1949 οἰκείαν
2417 1892 2511 1947 τοῦ
2564 1890 2702 1945 Θεοῦ
2743 1892 3025 1948 κάνταῦθα
3057 1896 3411 1965 ἐπαγγελίαν,
3450 1899 3547 1952 καὶ
3588 1899 3750 1968 φιλο-

2154 1988 2331 2058 τίμως
2383 1987 2700 2055 δοξάζοντος
2754 1985 2880 2048 τοὺς
2937 1986 3100 2041 αὐτὸν
3139 1986 3380 2054 δοξάζειν
3419 1992 3750 2061 προῃρημέο

2156 2097 2281 2143 νους
2299 2096 2315 2111 ο
2343 2079 2480 2151 πρὸς
2503 2080 2559 2133 δὲ
2587 2080 2679 2132 καὶ
2703 2079 2827 2142 τοὺς
2853 2077 3127 2142 ἀσυνέτως
3158 2078 3399 2149 ἔχοντας,
3429 2080 3517 2134 διὰ
3541 2082 3641 2150 τῆς
3663 2085 3752 2148 είς

2158 2174 2365 2225 ἐκεῖνον
2408 2173 2642 2245 πληγῆς,
2689 2171 3116 2244 σωφρονίζοντος
3139 2188 3154 2203 ·
3200 2174 3377 2228 ἐκεῖνο
3410 2173 3504 2229 καὶ
3537 2174 3656 2239 πῶς
3680 2175 3747 2228 οὐ

2155 2260 2441 2334 διηγητέον
2469 2280 2480 2292 ·

2233 2445 2371 2516 ρκβ’.
2400 2446 2607 2517 Συνέϐη
2644 2446 2785 2500 κατὰ
2813 2447 2913 2519 τὴν
2943 2448 3159 2519 ὀρεινὴν
3182 2448 3420 2517 γυναῖκά
3447 2465 3569 2503 τινα
3612 2464 3748 2504 παι-

2156 2537 2267 2591 δίον
2295 2541 2472 2591 τεκεῖν
2501 2538 2642 2593 οὕτω
2664 2540 2882 2609 τυφλὸν,
2911 2541 2985 2604 ὡς
3028 2541 3164 2611 μηδὲ
3222 2541 3516 2612 ὀφθαλμῶν
3536 2540 3754 2612 πυθμὶ·

2158 2646 2277 2691 νας,
2320 2630 2458 2699 μηδὲ
2518 2630 2857 2700 κοιλότητας,
2895 2632 3028 2703 μηδὲ
3088 2634 3210 2703 ῖχνη
3241 2634 3446 2687 τούτων
3475 2632 3555 2703 τῷ
3589 2649 3755 2704 προσ-

2159 2716 2295 2789 ώπῳ
2321 2720 2745 2775 ἐντετυπῶσθαι.
2785 2721 2980 2784 Βέλους
3008 2722 3190 2775 τοίνυν
3220 2725 3546 2795 πικρότερον
3572 2724 3623 2777 οἱ
3656 2741 3752 2777 τε·

2159 2812 2346 2874 κόντες
2371 2811 2685 2882 βαλλόμενοι
2718 2812 2787 2867 τὰ
2845 2813 3150 2885 σπλάγχνα,
3202 2816 3401 2888 φόρτον
3466 2817 3746 2887 ἀραμενοι

2158 2902 2218 2956 τὸ
2250 2902 2466 2973 βρέφος,
2496 2903 2705 2974 δάκρυα
2736 2904 2833 2959 καὶ
2861 2905 3027 2976 μηδὲν
3057 2907 3423 2977 προσήκουσιν
3449 2907 3756 2977 ὀφθαλμοῖς

2160 2998 2327 3048 κινεῖν
2376 2994 2695 3064 δυνάμενον,
2744 2998 2898 3066 παρὰ
2930 2998 3021 3052 τὸν
3058 2997 3199 3052 θεῖον
3242 2999 3504 3070 ὥρμηντο
3555 3000 3754 3054 τοῦτον

2086 3114 2128 3170 C
2162 3084 2353 3155 ἄνδρα,
2390 3084 2487 3155 τὴν
2525 3084 2695 3155 μόνην
2726 3086 2785 3139 ἐν
2813 3088 3116 3156 ἀμηχάνοις
3143 3086 3350 3141 ἐλπίδα.
3399 3088 3488 3150 Ὠς
3527 3085 3622 3141 οὖν
3650 3091 3757 3141 ἀν-

2166 3176 2334 3239 ιόντες
2357 3174 2447 3229 διὰ
2482 3174 2574 3229 τοῦ
2604 3175 2765 3244 ὅρους
2795 3177 3074 3243 ἐκάθισαν,
3098 3178 3243 3231 ὥστε
3276 3178 3368 3231 τὸν
3394 3180 3459 3231 ἐκ
3495 3179 3596 3248 τῆς
3623 3178 3752 3232 ὀδοῦ

2164 3269 2324 3322 πόνον
2391 3268 2563 3339 βραχύ
2613 3286 2667 3323 τι
2720 3269 3105 3331 διαναπαῦσαι,
3172 3271 3372 3341 ὁρῶσιν
3425 3268 3506 3341 (ὣ
3546 3271 3755 3339 γονέων

2161 3359 2455 3430 ὀφθαλμοῖς
2487 3360 2707 3430 ἡδίστου
2753 3360 3097 3432 θεάματοςί)
3150 3361 3371 3432 ἔχοντας
3427 3362 3503 3431 τῷ
3546 3361 3755 3432 παιδίῳ

2161 3452 2286 3512 τοὺς
2319 3450 2630 3521 ὀφθαλμοὺς
2658 3453 2797 3507 κατὰ
2849 3454 3030 3522 φύσιν,
3057 3454 3353 3521 ὑγιαίνοντί
3383 3472 3441 3508 τε
3475 3454 3754 3525 βλέμματι

2165 3541 2461 3612 βλέποντας
2483 3560 2497 3575 ο
2540 3545 2634 3598 καὶ
2677 3547 3017 3617 παραχρῆμα
3069 3546 3443 3618 συντονωτέρᾳ
3482 3547 3617 3617 πρὸς
3653 3547 3755 3600 τὸν

2168 3637 2324 3704 ἅγιον
2385 3640 2451 3709 τῇ
2490 3637 2684 3708 πορεία
2723 3638 2986 3709 ἐχρῶντο,
3035 3639 3472 3708 ἀπαγγέλλοντες
3519 3640 3589 3692 τὰ
3623 3638 3751 3709 ὲλέη

2163 3730 2256 3781 καὶ
2300 3728 2369 3782 τὰ
2410 3729 2690 3797 θαυμάσια
2743 3729 2932 3784 αὑτοῦ.
2958 3729 3145 3793 Οὕτως
3181 3734 3212 3800 ἡ
3254 3733 3390 3803 παρ’
3413 3730 3563 3803 αὑτῷ
3592 3732 3754 3803 χάρις

2163 3821 2369 3875 ἄνωθεν
2410 3823 2510 3892 τὴν
2554 3822 2662 3875 τῶν
2693 3822 2989 3875 αἰτούντων
3019 3823 3281 3885 πολλάκις
3313 3824 3513 3891 ἔφθανε
3543 3841 3754 3893 παρου-

2167 3912 2308 3976 σίαν,
2354 3915 2420 3982 τῇ
2466 3915 2566 3981 τῆς
2620 3913 2850 3984 καρδίας
2907 3914 3194 3985 ἑτοιμασίᾳ
3250 3914 3613 3984 προσέχουσα,
3654 3915 3755 3967 καὶ

2164 4000 2293 4072 πρὶν
2319 4000 2351 4071 ἢ
2373 4000 2472 4071 τὴν
2493 4002 2706 4071 αἴτησιν
2736 4003 2974 4067 ἐκείνους
3002 4003 3213 4067 θέσθαι,
3238 4005 3375 4075 αὐτὴ
3408 4006 3508 4075 τὴν
3542 4004 3754 4073 δωρεὰν

2167 4090 2538 4161 ἐκπληροῦσα.
2583 4091 2744 4145 Ἀλλὰ
2800 4093 2884 4155 τίς
2917 4090 3060 4145 οὕτω
3100 4091 3317 4159 γλῶττα
3371 4090 3601 4161 περιττὴ
3655 4092 3755 4144 καὶ

2164 4182 2465 4254 φιλότιμος,
2489 4183 2564 4247 ὡς
2591 4184 2653 4237 τὸ
2691 4184 2933 4238 ποικίλον
2956 4185 3167 4237 ἐκείνου
3196 4183 3306 4236 τῶν
3333 4183 3625 4254 θαυμάτων
3656 4182 3755 4236 καὶ

2163 4274 2443 4338 πολυειδὲς
2477 4276 2676 4340 ἱκανῶς
2709 4277 3092 4346 παραστῆσαι;

2238 4372 2374 4438 ρκγθ.
2409 4367 2550 4439 Γυνὴ
2574 4369 2683 4440 γάρ
2717 4386 2800 4432 τις
2833 4370 2893 4421 ὲν
2926 4369 3124 4440 Ῥοσῷ,
3158 4369 3312 4423 πόλει
3344 4369 3447 4436 τῆς·
3467 4367 3755 4432 Κιλικίας,

480 4457 794 4513 Theoteena
823 4460 1115 4529 appellata,
1137 4462 1246 4531 jam
1274 4461 1401 4517 inde
1428 4478 1458 4516 a
1482 4461 1663 4530 puella
1693 4459 1925 4513 dremoni
1955 4459 2057 4513 ob-

2164 4458 2334 4528 δνομα
2396 4458 2685 4521 Θεοτέκνα,
2724 4460 2988 4530 δαιμονίῳ
3048 4460 3322 4530 πνεύματι
3386 4462 3619 4531 κάτοχος
3682 4463 3751 4513 ἐκ

476 4549 665 4616 noxia,
711 4551 971 4607 eumdem
1015 4553 1354 4622 procedente
1398 4560 1560 4606 aetate
1609 4551 1761 4604 velut
1803 4551 2061 4604 comitem

480 4639 743 4702 habebat,
783 4657 888 4696 nec
917 4658 947 4697 a
974 4657 1095 4697 sese
1124 4658 1365 4713 unquam
1397 4641 1767 4703 recedentem,
1810 4640 1919 4693 imo
1941 4656 2065 4710 gra-

477 4732 704 4788 vi'ssime
732 4734 899 4788 etiam
926 4734 1240 4789 turbantem
1269 4744 1323 4788 et
1342 4734 1584 4804 linguam
1610 4732 1979 4787 miserabilem
2006 4732 2063 4786 in

479 4825 703 4880 modum
728 4826 1046 4881 laniantem.
1069 4826 1493 4881 Cohabitaverat
1517 4826 1607 4880 illa
1633 4826 1751 4880 viro
1769 4826 1881 4896 jam
1905 4826 2064 4879 anuis

479 4916 695 4987 viginti,
722 4918 1012 4973 sterilitate
1042 4929 1099 4973 et
1121 4919 1387 4973 diemonis
1422 4918 1707 4973 vexatione
1760 4918 2059 4987 castigata;

478 5023 714 5079 cumque
746 5009 898 5065 nulla
922 5010 1149 5065 daretur
1194 5026 1222 5064 a
1252 5009 1431 5080 pmnis
1476 5009 1732 5073 cessatio,
1766 5009 2060 5078 impatiens

480 5099 746 5171 longioris
771 5101 1196 5156 cohabitationis
1223 5102 1308 5155 vir
1334 5116 1468 5155 suus
1527 5100 1675 5154 illam
1721 5098 2054 5169 repudiavit.

481 5191 731 5255 Quatuor
755 5202 878 5261 post
901 5194 1014 5248 lure
1037 5194 1356 5249 etlluxerant
1385 5197 1536 5263 anni,
1576 5198 1694 5250 viro
1715 5200 1851 5252 alias
1877 5200 2057 5254 nullas

482 5284 704 5352 nuptias
735 5284 1031 5348 ambiente,
1073 5287 1293 5356 quando
1326 5288 1415 5340 illa
1446 5288 1511 5341 ad
1545 5301 1793 5343 sanctum
1828 5292 2060 5362 Symeo-

478 5387 605 5427 nem
635 5362 869 5446 eiusque
930 5374 1414 5446 tnexpugnabilem
1463 5373 1732 5427 adversus
1791 5374 2058 5444 hujusce-

479 5465 630 5520 modi
663 5468 805 5521 mala
832 5467 1094 5522 virtutem
1121 5466 1389 5536 confugit.
1414 5465 1664 5535 Cumque
1695 5466 2050 5537 propiusjam

479 5553 753 5614 nbesseta
797 5561 1076 5627 columna,
1133 5568 1520 5632 spectaretque
1562 5569 1815 5613 sanctum
1872 5570 1930 5614 et
1977 5560 2046 5615 ab

2175 4551 2367 4614 παιδὸς
2426 4552 2718 4621 γενομένη,
2753 4551 3050 4623 σύγχρονόν
3095 4570 3152 4605 τε
3201 4552 3304 4621 τῆς
3352 4553 3571 4624 ἡλικίας
3626 4552 3746 4606 ὥσ-

2171 4660 2279 4713 περ
2334 4643 2468 4695 αὐτὸ
2529 4644 2624 4697 καὶ
2704 4644 2974 4713 μηδέποτε
3048 4643 3510 4714 διαζευγνύμενον
3580 4644 3755 4714 αὐτῆς

2166 4736 2389 4805 ἔχουσα,
2425 4734 2560 4788 ἀλλὰ
2612 4735 2800 4798 δεινῶς
2860 4735 3033 4805 αὐτὴν
3086 4736 3474 4807 καταρῤἧσσον
3505 4736 3601 4789 καὶ
3648 4736 3756 4804 τῆς

2167 4826 2414 4896 γλώττης
2443 4827 2690 4879 οἴκτιστα
2716 4827 3156 4896 παραπτόμενον.
3187 4826 3332 4897 Αὕτη
3367 4826 3461 4879 καὶ
3506 4827 3754 4880 εἰκοστὸν

2167 4918 2288 4982 ἔτος
2339 4918 2495 4989 ἀνδρὶ
2549 4919 2940 4989 συνοικήσασα,
2977 4920 3071 4970 καὶ
3111 4918 3337 4988 ἀτεκνίᾳ
3371 4919 3510 4988 μετὰ
3548 4916 3652 4986 τῆς
3689 4918 3755 4969 ἐκ

2166 5011 2259 5065 τοῦ
2300 5011 2554 5082 δαίμονος
2575 5011 2840 5082 ἐπηρείας
2870 5013 2903 5081 ἡ
2935 5010 3208 5064 Θεοτέκνα
3246 5009 3649 5079 μαστιζομένη,
3675 5008 3754 5071 ὡς

2171 5104 2427 5174 οὐδεμίαν
2500 5103 2720 5174 εὕρισκε
2766 5101 2861 5156 τοῦ
2913 5103 3117 5166 πάθους
3161 5100 3504 5172 ἀπαλλαγὴν,
3566 5100 3753 5154 οὐκέτι

2172 5195 2413 5266 φορητῆς
2444 5193 2612 5260 οὔσης
2643 5194 2838 5262 ἐκείνῳ
2883 5194 2981 5261 τῆς
3013 5194 3404 5261 συνοικήσεως,
3445 5191 3752 5244 ἀπολέλυτο

2171 5286 2304 5356 παρ’
2336 5285 2526 5341 αὑτοῦ.
2556 5287 2832 5357 Τετάρτου
2857 5285 3036 5338 τοίνυν
3081 5283 3283 5354 μεταξὺ
3316 5282 3751 5353 διαρρεύσαντος

2169 5379 2380 5448 χρόνον,
2404 5380 2433 5431 ὁ
2465 5378 2563 5443 μὲν
2587 5378 2727 5448 ἀνὴρ
2759 5375 3029 5447 δευτέρων
3060 5376 3121 5428 οὐ
3151 5373 3451 5444 πεπείρατο
3472 5372 3748 5442 γάμων,η

2161 5471 2219 5523 δὲ
2247 5472 2384 5542 πρὸς
2420 5471 2511 5525 τὸν
2540 5472 2680 5523 θεῖον
2710 5469 2935 5540 Συμεὼν
2961 5468 3318 5537 καταφεύγει,
3346 5466 3440 5519 καὶ
3471 5464 3571 5533 τὴν
3598 5465 3747 5534 ἅμαο

2155 5580 2249 5633 χον
2277 5564 2489 5617 ἐκείνου
2535 5562 2679 5617 κατα
2722 5562 2832 5617 τῶν
2869 5560 3124 5616 τοιούτων
3160 5559 3333 5630 ἰσχύν.
3371 5558 3525 5611 Ἐπεὶ
3553 5558 3609 5613 δὲ
3648 5556 3747 5627 ἠδη

552 5668 673 5751 ς37).
700 5669 809 5751 Hoc
828 5673 999 5741 ipsum
1035 5671 1352 5725 miraculum
1391 5672 1717 5751 tet‘concilio
1757 5691 1791 5728 tt
1838 5673 2049 5729 Nica'no
2093 5693 2255 5751 supra
2289 5681 2449 5734 etiam
2485 5679 2724 5735 dedimus
2749 5678 2776 5751 §
2804 5680 2866 5746 7;
2897 5678 2959 5732 de
2991 5677 3177 5734 Rheso
3201 5684 3376 5731 autem
3411 5689 3502 5727 seu
3535 5671 3745 5730 Rhosso

478 5737 606 5793 urbe
628 5737 871 5795 similiter
896 5751 1069 5799 actum
1093 5759 1256 5816 supra
1289 5752 1364 5799 est
1388 5742 1415 5815 ᾗ
1454 5741 1507 5799 2.
1558 5770 1569 5780 -
