4034 6186
303 307 439 374 3101

1331 314 1505 374 VITA
1545 315 1592 372 A
1628 313 2066 374 NICEPIIORO
2105 318 2568 382 CONSCRIPTA

3441 321 3581 386 3102

301 420 398 476 τοῦ
421 417 617 472 στύλου
645 418 876 490 πλησίον
908 418 1074 485 ἔλθοι,
1106 420 1285 476 ἴδοιτε
1315 423 1406 476 τδν
1457 425 1628 494 μέγαν
1661 425 1754 476 καὶ
1789 420 1880 474 ὑπ’

2014 439 2108 492 pso
2163 436 2510 496 spectaretur
2572 427 2849 492 vicissim,
2899 444 3007 483 non
3081 431 3264 485 ferens
3326 430 3577 489 diabolus

302 511 468 568 αὐτοῦ
497 511 740 584 θεαθείη,
770 514 868 584 τὴν
926 514 1202 586 ἐγγύτητα
1253 514 1312 567 τὸ
1346 515 1624 584 δαιμόνιον
1657 515 1750 567 καὶ
1787 514 1887 583 τὴν

305 603 434 657 θέαν
491 605 682 676 ῶσπερ
733 607 834 659 οὐκ
870 607 1117 674 ἐνεγκὸν,
1151 607 1352 679 ἤρξατο
1387 607 1574 671 δεινῶς
1607 606 1890 677 ἐκμαίνειν

305 698 400 752 xui.
463 697 686 770 βρύχειν
727 701 974 771 ἐσχάτως
1003 719 1062 754 τε
1095 702 1192 772 τὴν
1251 704 1486 770 γυναῖκα
1534 701 1889 772 σπαράττειν,

304 789 420 852 καὶ,
458 790 522 842 Ὢ
557 788 930 860 βία,κράζειν,
953 793 1143 862 ἄγριόν
1169 809 1218 845 τι
1252 794 1347 845 καὶ
1381 793 1576 862 κομιδῇ
1619 791 1888 863 μεμηνὸς,

305 878 359 936 τί
397 896 490 948 μοι
545 881 681 950 πρὸς
731 881 789 933 σέ
833 882 1085 935 τοσοῦτον
1133 883 1468 952 ἡμάρτηται,
1498 883 1578 936 ὅτι
1625 900 1692 952 με
1723 883 1894 954 χωρί-

309 971 422 1032 ζεις
455 973 552 1042 τῆς
607 973 845 1044 ἐμαυτοῦ
901 976 1159 1044 γυναικός
1187 994 1200 1041 ;
1233 977 1260 1028 ὁ
1303 976 1496 1045 μιαρὸς
1539 974 1616 1045 τῷ
1677 976 1792 1028 δντι
1824 977 1894 1030 τὰ

313 1063 485 1134 μιαρὰ
525 1064 917 1135 φθεγγόμενος,
956 1067 1074 1121 Ἵνα
1104 1069 1158 1120 τί
1198 1068 1276 1132 δὲ,
1307 1067 1466 1138 φησὶ,
1499 1068 1592 1120 καὶ
1623 1067 1791 1120 παῖδα
1817 1067 1886 1119 δί-

310 1155 416 1217 δως
456 1153 625 1221 αὐτῇ,
666 1155 854 1211 ἄπαιδι
887 1159 1172 1224 τοσούτους
1207 1159 1265 1225 ἐξ
1296 1161 1427 1229 ἐμοῦ
1453 1159 1679 1229 χρόνους
1710 1176 1888 1228 μεμε-

315 1247 554 1318 νηκυίᾳ;
611 1248 816 1302 Ἐδόκει
883 1250 991 1321 γὰρ
1047 1253 1112 1320 τῇ
1175 1251 1398 1318 γυναικὶ
1462 1250 1787 1321 τηνικαῦτα,
1821 1250 1896 1313 ὡς

315 1336 454 1405 μετὰ
514 1336 688 1391 ταῦτα
747 1338 963 1408 νήψασα
1011 1338 1282 1409 ἐξηγεῖτο,
1343 1340 1507 1394 αὐτὸν
1569 1340 1758 1410 ὥσπερ
1800 1341 1892 1393 τὸν

313 1429 468 1497 ἅγιον
496 1429 724 1497 λέγοντα
761 1431 983 1487 τοιαῦτα
1046 1434 1178 1505 ὁρᾷν
1204 1448 1217 1462 °
1243 1435 1316 1486 Σῦ
1348 1433 1468 1504 μὲν,
1503 1433 1720 1505 πνεῦμα
1766 1451 1899 1486 πον-

310 1521 466 1590 ηρὸν,
493 1521 559 1573 ἐκ
591 1521 690 1590 τῆς
725 1523 982 1587 γυναικὸς
1016 1523 1112 1577 καὶ
1157 1523 1286 1577 ἄκον
1343 1523 1665 1595 ἀπελαθήσῃ
1709 1541 1724 1556 ·
1758 1523 1897 1593 αὑτὴ

312 1611 368 1664 δέ
393 1610 528 1680 πρὸς
557 1611 655 1663 τὸν
684 1613 888 1666 οἰκεῖον
931 1612 1251 1684 ἐπιστρέψει
1305 1614 1494 1684 ἄνδρα,
1525 1616 1619 1667 καὶ
1674 1613 1893 1666 παιδίον

313 1703 495 1766 αὐτοῖς
541 1704 633 1756 τοῦ
700 1704 954 1768 ἐπιόντος
1012 1705 1168 1768 ἔτους
1231 1707 1543 1775 γενήσεται.
1588 1703 1647 1758 ’0
1682 1706 1777 1775 μὲν
1807 1704 1898 1756 οῦν

1993 532 2353 587 congressum
2379 527 2434 573 et
2465 528 2759 588 aspectum
2798 517 2977 583 illum,
3025 521 3195 589 empit
3252 523 3579 577 terribiliter

1993 609 2200 675 furere,
2239 610 2514 675 frendere,
2543 627 2608 665 ac
2633 612 2922 666 mulierem
2974 613 3323 682 discerpens,
3353 613 3396 667 Ο
3428 615 3576 670 vim!

1993 702 2312 768 vociferari,
2366 712 2422 759 et
2476 705 2675 774 agresti
2730 721 2961 774 prorsus
3015 708 3178 762 modo
3242 706 3581 762 furibundus

1994 797 2301 851 exclamare
2329 815 2340 850 :
2376 797 2530 864 Quod
2570 814 2753 852 meum
2786 807 2999 853 tantum
3040 801 3092 855 in
3119 811 3498 870 tepmmatum,
3521 808 3582 854 ut

1995 902 2060 940 ex
2081 887 2184 940 hac
2217 902 2336 940 mea
2368 902 2452 942 me
2470 888 2700 942 muliere
2735 889 2996 958 ableges?
3029 891 3094 942 Et
3115 890 3580 959 quemadmodum

1995 975 2177 1030 isthoc
2215 978 2398 1030 scelus
2415 992 2523 1030 non
2548 977 2795 1046 loquitur
2821 980 2924 1032 nisi
2951 981 3156 1034 scelera
3184 999 3196 1033 :
3223 982 3352 1044 Cur,
3379 981 3578 1049 inquit.

1997 1067 2330 1122 fecunditate
2368 1069 2517 1123 illam
2545 1069 2741 1132 donas,
2775 1078 2855 1125 tot
2877 1072 2986 1140 jam
3019 1073 3177 1125 annis
3208 1073 3422 1126 artibus
3445 1070 3581 1125 meis

1997 1175 2062 1214 ac
2123 1161 2340 1215 teclinis
2404 1161 2804 1216 infecundam?
2854 1163 3159 1216 Videbatur
3212 1174 3395 1217 autem
3453 1172 3584 1217 tunc

2002 1254 2266 1324 temporis
2291 1253 2394 1307 sibi
2431 1254 2651 1317 mulier,
2674 1255 2754 1308 uti
2787 1254 2988 1309 deinde
3020 1255 3250 1308 liberata
3274 1255 3576 1313 enarravit,

1999 1349 2328 1419 Symeoncm
2358 1345 2561 1399 intueri
2603 1345 2773 1400 veluti
2825 1345 2905 1400 sic
2952 1346 3445 1401 interminantem:
3499 1345 3582 1399 Tu

1997 1439 2248 1509 quidem,
2269 1439 2506 1507 pessime
2532 1437 2781 1506 spiritus,
2803 1437 2886 1492 vel
2908 1437 3115 1490 invitus
3141 1455 3205 1492 ex
3236 1438 3335 1491 hac
3355 1439 3588 1491 muliere

2000 1531 2263 1602 abigeris,
2291 1530 2409 1600 ipsa
2439 1545 2573 1584 vero
2611 1528 2678 1582 ad
2714 1529 2975 1583 maritum
3031 1547 3197 1584 suum
3250 1539 3584 1594 revertetur,

1999 1635 2054 1679 et
2089 1624 2232 1676 {ilius
2250 1621 2381 1692 ipsis
2403 1637 2546 1676 anno
2573 1622 2821 1690 provimo
2843 1632 3126 1676 nascetur.
3149 1625 3371 1676 Daemon
3391 1622 3585 1691 igitur,

2005 1724 2119 1769 tum
2152 1715 2257 1767 alia
2290 1713 2461 1768 multa
2491 1714 2679 1767 insana
2713 1729 2776 1768 ac
2803 1713 3075 1768 diabolica
3110 1729 3262 1767 more
3300 1729 3402 1766 suo
3438 1713 3588 1766 voci—

315 1793 552 1868 χαλεπδς
584 1795 794 1866 δαίμων
822 1799 1050 1860 ἐκεῖνος,
1081 1797 1216 1850 ἄλλα
1247 1815 1305 1850 τε
1355 1797 1526 1850 πολλὰ
1569 1797 1775 1866 μανικά
1806 1795 1900 1848 καί

2014 1807 2308 1870 icrabatur,
2349 1816 2463 1859 tum
2516 1805 2652 1859 illud
2699 1805 3003 1875 pra-cipue:
3045 1806 3136 1859 Vae
3181 1805 3314 1859 mihi
3351 1820 3587 1874 nequam

313 1885 640 1956 δαιμονιὼδη
691 1886 910 1956 κράζων
939 1883 1031 1957 ἦν,
1071 1887 1261 1958 ὥσπερ
1309 1888 1480 1950 εἰκὸς,
1511 1888 1648 1942 Οὐαί
1697 1905 1790 1958 μοι
1821 1886 1896 1955 τῷ

315 1976 472 2046 κακῷ
519 1977 702 2048 οἰκέτῃ
732 1979 744 2030 l
787 1978 907 2031 ούαὶ
951 1977 1028 2049 τῷ
1058 1979 1202 2032 κατά
1245 1979 1378 2032 πολὺ
1413 1978 1610 2049 δρῶντι
1641 1978 1700 2031 τὸ
1728 1977 1897 2031 ἀκού-

317 2087 428 2123 σιον
450 2069 485 2124 ἆ
512 2072 927 2141 προστέταγμαι
954 2073 965 2124 !

389 2162 522 2231 ρκδ’.
552 2163 737 2217 Ταῦτα
760 2163 1014 2231 ἔκραζεν,
1045 2167 1146 2218 ὅσα
1175 2166 1270 2218 καὶ
1315 2165 1532 2237 ὀργάνῳ
1581 2169 1646 2236 τῇ
1679 2165 1900 2232 γυναικὶ

317 2253 620 2330 χρώμενος,
661 2257 756 2310 καὶ
809 2256 1002 2327 κύκλῳ
1041 2255 1135 2310 τοῦ
1190 2256 1385 2310 στύλον
1414 2259 1620 2327 ταύτην
1651 2258 1900 2321 ἐλεεινῶς

320 2348 580 2417 περιῆγε,
613 2348 864 2420 καθάπερ
891 2348 1000 2402 ἀπὸ
1040 2347 1336 2420 προσώπου
1387 2350 1605 2418 φεύγων
1648 2349 1742 2402 τοῦ
1803 2349 1902 2402 Συ-

323 2443 492 2516 μεὼν,
517 2445 611 2496 καὶ
639 2444 747 2497 ἀπὸ
783 2443 879 2496 τοῦ
910 2444 968 2496 ἐν
990 2442 1141 2513 αὐτῴ
1172 2442 1481 2512 πνεύματος
1514 2443 1899 2512 ἐλαυνόμενος·

320 2537 494 2602 τέλος,
552 2537 790 2606 Ἐξειμι,
823 2535 970 2605 μέγα
1025 2535 1270 2607 βοήσας,
1331 2535 1537 2606 ἀπῆλθε
1607 2535 1901 2607 σωφρόνως

322 2629 552 2699 ἔχουσαν
584 2628 752 2698 αὐτὴν
779 2627 1152 2690 ἀπολελοιπώς
1180 2645 1192 2658 ο
1226 2629 1362 2699 πρὸς
1392 2629 1459 2700 ἢν
1505 2629 1532 2680 ὁ
1565 2627 1706 2698 ίερδς
1801 2629 1903 2679 Συ-

323 2719 493 2791 μεὼν,
537 2720 828 2789 Ἐπάνηκε,
850 2719 1032 2789 γύναι,
1062 2719 1214 2790 παρὰ.
1243 2719 1334 2772 τὸν
1378 2719 1508 2772 ἴδιον
1540 2719 1728 2786 ἄνδρα,
1757 2717 1887 2787 ἔφη’

324 2817 524 2886 συνέσῃ
559 2814 669 2884 γὰρ
703 2812 852 2883 αὐτῷ
883 2812 980 2866 τοῦ
1007 2811 1220 2875 λοιποῦ,
1248 2813 1343 2866 καὶ
1389 2811 1598 2874 κοιλίας
1628 2811 1687 2874 ἐξ
1735 2810 1902 2863 αὑτοῦ

324 2906 537 2976 καρπὸς
564 2905 716 2958 ἐσται
749 2921 852 2960 σοι.
895 2903 958 2956 Ἢ
995 2903 1094 2973 μὲν
1127 2899 1220 2956 οῦν
1253 2903 1392 2956 κατὰ
1426 2902 1524 2965 τὰς
1558 2902 1778 2964 ἐντολὰς
1809 2900 1902 2954 τοῦ

324 2999 486 3067 ἁγίου
555 2999 690 3067 πρὸς
738 2997 829 3050 τὸν
878 2995 1049 3066 ἄνδρα
1099 2995 1494 3057 ἐπανελθοῦσα,
1537 2992 1791 3062 ἁσμένως
1842 3010 1901 3044 τε

327 3091 457 3161 παρ’
486 3089 652 3143 αὑτοῦ
684 3089 1044 3158 είσδεχθεῖσα,
1076 3089 1170 3140 καὶ
1201 3087 1412 3142 παιδίον
1455 3085 1550 3138 τοῦ
1582 3085 1904 3155 ἐπιγενομέ·

2007 1900 2200 1954 servo!
2235 1914 2314 1954 va:
2339 1898 2496 1960 mihi,
2521 1897 2613 1966 qui
2669 1905 2728 1950 ut
2757 1897 3058 1966 plurimum
3104 1908 3307 1968 praeter
3338 1898 3591 1952 volunta-

2008 2002 2116 2047 tem
2148 2005 2322 2046 meam
2352 2005 2474 2060 ago,
2510 1989 2658 2060 quod
2682 1989 3016 2058 imperatum
3039 1985 3154 2043 est!

2086 2171 2202 2224 1:24.
2246 2169 2402 2223 llunc
2426 2168 2480 2222 in
2506 2167 2730 2222 modum
2759 2167 3066 2229 clamitans,
3092 2182 3190 2236 pro
3225 2167 3590 2220 instrumento

2010 2263 2239 2317 edendae
2274 2262 2424 2316 vocis
2480 2261 2709 2315 muliere
2773 2275 2927 2322 usus,
3010 2259 3222 2312 circum
3277 2258 3590 2312 columnam

2012 2356 2312 2409 miserabili
2349 2353 2665 2424 spectaculo
2697 2353 2866 2422 ipsam
2899 2351 3100 2422 agebat
3130 2351 3323 2420 ;quasi
3354 2350 3592 2420 fugitans

2012 2464 2040 2501 a
2075 2446 2210 2502 facie
2239 2448 2438 2509 sancti,
2484 2446 2711 2515 ejusque
2741 2443 2972 2513 Spiritus
3006 2443 3209 2497 virtute
3239 2442 3432 2496 crdere
3472 2442 3592 2495 loco

2011 2549 2254 2592 coaetus.
2292 2538 2542 2607 Denique
2599 2536 2770 2589 altum
2827 2535 3107 2598 clamans,
3149 2535 3336 2600 Exeo;
3403 2533 3590 2597 exivit,

2012 2628 2204 2683 relicta
2237 2629 2466 2683 muliere
2508 2628 2715 2682 rectius
2747 2642 2805 2681 se
2842 2626 3107 2692 habente;
3146 2627 3213 2680 ad
3254 2641 3415 2696 quam
3465 2641 3595 2679 san-

2012 2730 2135 2776 ctus
2170 2720 2444 2792 Symeon:
2485 2719 2646 2784 Redi,
2694 2718 2893 2788 inquit,
2935 2719 3156 2781 mulier,
3209 2717 3274 2772 ad
3333 2718 3594 2772 maritum

2016 2822 2206 2877 tuum;
2241 2826 2366 2865 cum
2405 2811 2526 2880 ipso
2571 2809 3026 2864 consuetudinem
3053 2809 3315 2878 deinceps
3343 2807 3592 2868 habebis,

2013 2913 2068 2957 et
2095 2904 2302 2972 prolem
2326 2917 2393 2955 ex
2427 2901 2521 2954 illo
2545 2901 2846 2970 eoneipies.
2901 2901 3180 2955 Obediens
3244 2910 3433 2955 sancto
3473 2917 3593 2953 mu-

2015 2993 2138 3054 lier,
2171 2991 2405 3045 revertit
2435 2991 2500 3045 a.l
2532 2992 2709 3044 virum
2739 3007 2922 3054 suum,
2956 2992 3188 3046 comiter
3223 2992 3290 3044 ah
3321 2992 3412 3044 illo
3445 2991 3597 3045 exci-

2015 3086 2186 3155 pitur,
2225 3083 2394 3136 lilium
2430 3099 2574 3136 anno
2633 3082 2960 3151 insequente
3013 3083 3156 3151 parit
3195 3098 3398 3151 :quem
3441 3091 3494 3136 et
3529 3082 3598 3135 ad

327 3201 418 3236 νου
445 3179 691 3236 ἐνιαυτοῦ
719 3182 942 3246 τέξασα,
979 3180 1056 3251 τῷ
1097 3181 1320 3252 μεγάλῳ
1377 3180 1538 3233 πάλιν
1588 3179 1721 3232 αὐτὸ
1770 3177 1907 3248 μετά

2014 3193 2267 3241 magnum
2321 3174 2672 3246 Symeonem,
2713 3175 2870 3244 cujus
2923 3191 3148 3244 precum
3201 3174 3387 3243 potius
3435 3189 3597 3242 quam

327 3273 430 3346 toﬁ,
476 3273 712 3340 συζύγου
771 3273 1060 3344 προσάγει,
1096 3273 1262 3343 εὐχῆς
1293 3274 1352 3327 δν
1395 3272 1605 3326 ἐκείνου
1639 3273 1843 3342 μᾶλλον
1873 3272 1906 3342 ἢ

329 3366 437 3418 τῶν
464 3365 638 3435 αὐτῆς
666 3363 876 3416 ὠδίνων
907 3363 1148 3434 καρπόν.
1182 3363 1460 3432 Προσάγει
1501 3365 1680 3416 τοίνυν
1698 3363 1757 3415 τὸ
1782 3381 1911 3415 παι-

330 3453 441 3505 δίον
498 3452 576 3521 τῷ
631 3451 910 3516 δεδωκότι,
941 3451 1197 3522 καθάπερ
1251 3451 1779 3522 ὲγκαλλωπιζομένη
1828 3453 1906 3521 τῷ

329 3544 508 3616 δώρῳ,
541 3546 635 3598 καὶ
679 3545 849 3618 ταύτῃ
895 3545 986 3598 τὸν
1019 3545 1224 3616 δοτῆρα
1258 3546 1457 3614 μᾶλλον
1486 3546 1518 3616 ἤ
1549 3547 1764 3617 γλώττῃ
1807 3563 1912 3615 κηο

335 3638 623 3710 ρύττουσα.
667 3635 797 3690 Εἶτα
841 3638 936 3692 καὶ
985 3637 1169 3692 οἴκαδε
1224 3639 1387 3692 πάλιν
1441 3639 1693 3706 εὐλογίας
1749 3641 1912 3707 τυχὸν

335 3731 623 3799 ἐπανάγει,
660 3731 756 3783 καὶ
808 3731 1076 3784 ἀντίδοσιν
1108 3733 1138 3802 ἡ
1165 3731 1302 3801 γυνὴ
1333 3731 1604 3798 τοσαύτης
1634 3732 1727 3784 καὶ
1772 3729 1916 3782 οὕτω

333 3821 582 3892 ποικίλης
629 3821 951 3891 εὐεργεσίας
986 3821 1068 3890 (ού
1113 3821 1220 3891 γὰρ
1264 3821 1328 3890 δὴ
1360 3821 1611 3873 συνοίκου
1663 3820 1918 3889 δαίμονος

333 3913 652 3984 ἀπήλλακτο
686 3913 868 3982 μόνον,
901 3912 1038 3966 ἀλλὰ
1087 3914 1181 3966 καὶ
1211 3911 1289 3983 τῷ
1327 3913 1487 3983 ἀνδρὶ
1518 3912 1871 3965 ἀνασέσωστο
1900 3927 1913 3939 °

337 4006 475 4076 πρὸς
507 4004 586 4070 δὲ,
617 4003 714 4056 καὶ
749 4004 912 4057 παῖδα
941 4004 1001 4068 ἐξ
1028 4005 1249 4075 ἑαυτῆς,
1285 4006 1420 4074 ὅπερ
1465 4005 1680 4059 ούδέπω
1717 4006 1919 4076 πρότε-

348 4112 462 4166 ρον,
499 4093 644 4164 ίδοι)·
681 4093 949 4146 ἀντίδοσιν
985 4093 1165 4147 τοίνυν
1216 4094 1437 4162 ἀγαθῶν
1469 4094 1762 4159 τοσούτων,
1827 4095 1919 4146 ἀνι

344 4187 556 4258 ίστησιν
593 4189 781 4240 εἰκόνα
844 4187 984 4240 οῐκοι
1040 4186 1134 4248 τοῦ
1181 4185 1406 4255 Συμεών
1441 4205 1457 4218 ·
1489 4187 1688 4258 χρυσοῦ
1719 4188 1816 4255 μὲν
1846 4185 1921 4250 ὡς

339 4281 376 4349 ἠ
401 4279 719 4350 προ“αίρεσις
750 4274 896 4350 εἶχεν
925 4279 1025 4331 οὐκ
1053 4278 1383 4350 εύποροῦσα,
1412 4279 1440 4332 ὃ
1469 4279 1524 4331 δὲ
1559 4279 1763 4350 χρυσοῦ
1812 4297 1917 4348 μα-

341 4371 457 4442 κρῷ
489 4371 811 4442 τιμιώτερον
844 4372 1025 4424 πίστιν
1072 4371 1461 4441 είσενεγκοῦσα
1505 4373 1802 4442 τοσαύτην,
1840 4372 1921 4434 ὡς

339 4466 402 4518 ού
430 4463 802 4535 δαιμονῶντας
850 4463 1011 4534 μόνον
1055 4465 1149 4517 καὶ
1181 4464 1398 4527 πολλοῖς
1459 4463 1689 4518 πάθεσιν
1743 4463 1920 4526 ἄλλοις

343 4555 760 4625 συνεχομένους,
779 4553 914 4606 ἀλλὰ
943 4555 1036 4607 καὶ
1069 4554 1238 4624 αύτὴν
1257 4557 1349 4608 ἐπὶ
1375 4555 1613 4625 πέμπτῳ
1637 4557 1730 4608 καὶ
1756 4556 1921 4610 δεκά-

339 4666 417 4718 τῳ
437 4651 858 4724 ἐτειαίμόρρουν
899 4651 1146 4722 καθαρᾶς
1174 4653 1292 4704 ἐκεῖ
1323 4655 1502 4722 τυχεῖν
1539 4654 1631 4705 καί
1683 4670 1922 4722 περιφα-

342 4741 469 4806 νοῦς
523 4741 842 4814 θεραπείας.
885 4742 1072 4806 Οὖτως
1119 4743 1285 4796 αὐτοῦ
1331 4745 1426 4798 καὶ
1473 4744 1572 4797 θέα
1643 4744 1796 4816 ψιλὴ,
1829 4745 1924 4797 καὶ

343 4834 605 4904 σφραγὶς,
641 4836 736 4888 καὶ
765 4834 983 4905 ῥάϐδος,
1012 4835 1106 4887 καὶ
1137 4837 1328 4899 τύπος,
1349 4835 1442 4887 καὶ
1465 4835 1644 4903 λόγος,
1675 4836 1767 4888 καὶ
1793 4835 1924 4904 κλῆ-

343 4944 448 4992 σις,
479 4928 574 4980 καὶ
608 4929 660 4981 εί
685 4945 738 4980 τι
765 4927 893 4980 ἄλλο
923 4927 1031 4980 τῶν
1064 4929 1274 4985 ἐκείνου
1315 4928 1515 4991 παντὸς
1550 4928 1712 5000 ἤρκει
1761 4930 1918 4998 γενέ-

345 5017 466 5074 σθαι
500 5020 703 5083 πάθους
730 5019 1014 5090 ἀπαλλαγή
1026 5062 1038 5075 .

415 5219 549 5282 ρκε’.
595 5209 726 5265 Εἶτά
768 5228 852 5276 τις
895 5213 1194 5283 αἱμόρρους
1233 5212 1414 5284 ἑτέρα.
1448 5213 1512 5267 ἔκ
1547 5231 1691 5276 τινος
1732 5214 1928 5282 κώμης

342 5304 598 5358 Μυλιτῶν
644 5305 966 5375 λεγομένης,
1022 5306 1141 5369 ἔτος
1196 5303 1300 5377 ἤδη
1352 5306 1536 5371 τρίτον
1585 5305 1663 5376 τῷ
1704 5305 1926 5376 χαλεπῴ

342 5395 517 5467 τούτῳ
555 5395 718 5449 πάθει
751 5396 1072 5466 πιεζομένη,
1116 5397 1400 5466 πρόσεισιν
1431 5398 1493 5450 ἐκ
1522 5397 1630 5451 τῶν
1660 5396 1927 5452 ὀπισθίων

341 5489 420 5560 τῷ
467 5488 717 5558 Συμεὼν,
767 5487 911 5544 κατά
950 5488 1046 5560 τὴν
1089 5489 1390 5560 αἱμόρρουν
1425 5490 1664 5559 ἐκείνην,
1701 5489 1800 5559 τὴν
1834 5489 1928 5544 τοῦ

344 5579 480 5649 ἐμοῦ
530 5580 769 5651 Χριστοῦ
815 5580 1171 5652 τολμήσασαν
1214 5580 1486 5651 ἅψασθαι·
1554 5583 1649 5634 καὶ
1699 5582 1834 5652 ὁμοῦ
1870 5598 1928 5635 τε

343 5669 533 5738 ψαύει,
564 5670 657 5724 καὶ
678 5671 937 5741 τυγχάνει
967 5671 1064 5740 τῆς
1093 5671 1408 5743 θεραπείας.
1443 5675 1501 5728 ’0
1524 5674 1632 5746 γὰρ
1662 5677 1825 5742 αὐτὸς
1861 5676 1928 5750 ἦν

344 5761 438 5822 καὶ
471 5761 567 5818 νῦν
612 5764 910 5838 Δεσπότης,
944 5763 1133 5844 ὥσπερ
1172 5767 1290 5821 ἐκεῖ
1333 5767 1398 5821 δι’
1430 5768 1617 5838 αὑτοῦ,
1660 5770 1803 5826 οὕτω
1843 5774 1928 5828 διὰ

2024 3269 2108 3322 sui
2145 3269 2284 3321 uteri
2343 3267 2583 3321 fructum
2645 3267 2972 3336 reputabat,
3031 3282 3134 3320 una
3189 3282 3312 3321 cum
3370 3267 3602 3337 conjuge

2015 3359 2262 3422 adducit,
2321 3360 2485 3427 eique
2538 3358 2633 3427 qui
2686 3357 2916 3411 dederat
2970 3357 3123 3409 illum
3179 3356 3364 3421 ollert,
3409 3356 3599 3411 laetitia

2014 3459 2180 3518 atque
2212 3449 2404 3518 plausu
2439 3448 2691 3501 indicans
2720 3447 3155 3517 magnitudinem
3214 3446 3383 3506 doni;
3437 3455 3602 3514 atque

2016 3539 2121 3592 hoc
2155 3548 2314 3606 pacto
2373 3538 2476 3591 viri
2521 3518 2699 3592 sancti
2740 3537 2940 3607 famam
3005 3539 3170 3592 latius
3219 3553 3383 3606 quam
3414 3539 3601 3606 lingua

2017 3631 2378 3700 propagabat.
2406 3631 2534 3684 Post
2569 3631 2684 3684 lucc
2714 3630 2912 3684 mulier
2942 3630 3204 3684 donatum
3225 3630 3329 3682 sibi
3370 3643 3604 3696 puerum

2017 3728 2242 3781 domum
2273 3726 2513 3788 reducit,
2554 3737 2607 3779 et
2633 3726 3102 3780 remunerationis
3133 3725 3253 3779 loco
3292 3739 3391 3793 pro
3435 3722 3604 3776 tantis

2022 3828 2240 3888 tamque
2272 3820 2442 3872 variis
2467 3818 2758 3873 beneﬁciis
2793 3820 2996 3889 (neque
3030 3817 3178 3872 enim
3235 3817 3411 3871 solum
3440 3832 3469 3869 a
3515 3831 3607 3869 co-

2021 3911 2301 3966 habitante
2359 3911 2465 3964 sibi
2523 3911 2770 3965 dzemone
2819 3911 3100 3972 immunis,
3141 3910 3237 3964 sed
3290 3910 3486 3964 marito
3522 3909 3607 3963 in~

2023 4012 2173 4074 tegre
2229 4011 2420 4058 sanata
2486 4003 2742 4057 restituta
2774 4002 2899 4066 l'uit,
2935 4002 3002 4056 ad
3036 4003 3152 4057 haec
3207 4019 3344 4072 puer
3385 4017 3606 4071 quoque

2022 4113 2086 4151 ex
2111 4112 2172 4150 ea
2201 4095 2349 4165 quod
2386 4111 2669 4165 nunquam
2700 4104 2848 4158 ante,
2878 4105 2964 4149 est
2990 4096 3335 4164 prognatus),
3371 4093 3606 4164 eﬂigiem

2025 4189 2317 4260 Symeonis
2349 4188 2495 4242 domi
2517 4203 2629 4242 sua:
2663 4188 2876 4242 statuit.
2906 4187 2971 4241 Et
3007 4204 3202 4242 aurum
3236 4187 3487 4256 quidem,
3547 4195 3609 4240 ut

2025 4289 2144 4335 erat
2190 4280 2316 4333 vita)
2346 4278 2614 4342 conditio,
2649 4295 2758 4333 non
2799 4279 3159 4348 suppetebat;
3209 4295 3403 4334 verum
3459 4279 3610 4351 quod

2028 4388 2164 4426 auro
2189 4371 2512 4440 pretiosius,
2550 4371 2711 4425 talem
2743 4370 3008 4425 all‘erebat
3045 4371 3228 4436 ﬁdem,
3258 4381 3315 4425 ut
3347 4387 3458 4426 non
3500 4371 3610 4426 da:-

2031 4464 2263 4518 moniaci
2304 4471 2514 4517 tantum
2544 4463 2820 4532 variisque
2851 4463 3058 4516 morbis
3081 4463 3424 4524 detenti,scd
3442 4465 3606 4517 etiam

2031 4557 2226 4611 mulier
2252 4556 2501 4625 quaedam
2533 4571 2706 4610 annos
2741 4557 2852 4625 jam
2876 4556 3190 4626 quindecim
3223 4555 3427 4608 ﬂuxum
3484 4574 3612 4610 san-

2029 4649 2218 4720 guinis
2248 4665 2408 4720 passa
2437 4651 2728 4704 sanitatem
2748 4649 2913 4702 isthic
2944 4649 3050 4702 loci
3075 4647 3450 4701 omnimodam
3485 4663 3610 4715 per-

2029 4739 2659 4809 fectamqueinvenerit.
2688 4739 2766 4792 Ita
2812 4738 2918 4792 viri
2973 4739 3148 4793 sancti
3183 4737 3267 4791 vel
3316 4737 3500 4791 tenuis
3559 4738 3611 4790 in

2031 4833 2266 4904 imagine
2319 4843 2594 4902 aspectus.
2661 4832 2875 4902 signum
2925 4834 3125 4896 crucis,
3182 4831 3356 4902 virga,
3415 4830 3611 4890 forma,

2027 4925 2282 4986 verbum,
2311 4924 2611 4986 invocatio,
2652 4934 2708 4978 et
2765 4924 2809 4977 si
2848 4924 2977 4994 quid
3021 4925 3169 4978 aliud
3231 4939 3415 4978 rerum
3468 4922 3616 4975 illius

2027 5025 2195 5078 esset,
2228 5017 2536 5072 sutliciebat
2569 5017 2797 5072 cuilibet
2854 5017 3174 5072 morborum
3205 5017 3390 5088 generi
3431 5015 3616 5084 depel-

2030 5106 2214 5160 lendo.

2025 5233 2027 5236 ·
2104 5213 2225 5266 ηδ.
2265 5213 2471 5268 Deinde
2511 5213 2934 5269 lunmorrhoissa
2967 5213 3162 5274 altera,
3199 5229 3265 5266 ex
3288 5228 3424 5282 pago
3473 5225 3608 5280 quo-

2029 5306 2153 5358 dam
2185 5304 2493 5375 Mylitorum
2540 5305 2710 5368 dicto,
2737 5321 2902 5375 grave
2963 5306 3247 5376 sanguinis
3289 5304 3615 5374 proﬂuvium

2025 5398 2134 5467 jam
2157 5395 2392 5450 triennio
2411 5411 2637 5465 passa,a
2660 5406 2812 5465 tergo
2843 5397 3304 5466 appropinquavit
3332 5395 3613 5468 Symeoni.

2029 5479 2338 5558 exemplum
2383 5499 2573 5544 secuta
2611 5488 3047 5542 baemorrhoissae
3070 5488 3217 5543 illius
3265 5487 3618 5559 evangeliue.

2033 5590 2255 5652 tangere
2280 5579 2567 5635 Christum
2592 5595 2771 5634 meum
2808 5595 2988 5646 ausa},
3035 5597 3200 5650 quem
3232 5579 3402 5635 simul
3445 5589 3503 5635 et
3538 5587 3612 5632 tev

2035 5677 2157 5747 tigit
2185 5684 2238 5730 et
2269 5675 2564 5731 sanitatem
2591 5673 2859 5729 obtinuit.
2896 5673 3045 5728 Idem
3083 5673 3288 5743 quippe
3326 5671 3624 5734 Dominus,

2034 5767 2505 5843 quemadmodum
2536 5765 2815 5823 istic'olim
2846 5780 2945 5836 per
2991 5781 3047 5820 se
3079 5765 3216 5837 ipse,
3274 5764 3350 5819 ita
3383 5761 3478 5815 hic
3532 5769 3627 5825 per
