  <div class='ocr_page' id='page_1' title='image "/cluster/home/n/w/nwhite01/storage/ocr_20150623/86:2/hvd.32044054112354/679.png"; bbox 0 0 4034 6186; ppageno 0'>
   <div class='ocr_carea' id='block_1_1' title="bbox 468 273 609 367">
    <p class='ocr_par' dir='ltr' id='par_1_1' title="bbox 468 273 609 367">
     <span class='ocr_line' id='line_1_1' title="bbox 468 273 609 367; baseline 0.007 -29"><span class='ocrx_word' id='word_1_1' title='bbox 468 273 609 367; x_wconf 72' lang='lat'><strong>3103</strong></span> 
     </span>
    </p>
   </div>
   <div class='ocr_carea' id='block_1_2' title="bbox 1693 277 2573 345">
    <p class='ocr_par' dir='ltr' id='par_1_2' title="bbox 1693 277 2573 345">
     <span class='ocr_line' id='line_1_2' title="bbox 1693 277 2573 345; baseline 0.006 -9"><span class='ocrx_word' id='word_1_2' title='bbox 1693 278 1754 336; x_wconf 87' lang='lat' dir='ltr'><strong>S.</strong></span> <span class='ocrx_word' id='word_1_3' title='bbox 1797 277 2173 338; x_wconf 75' lang='lat' dir='ltr'><strong>SYMEONIS</strong></span> <span class='ocrx_word' id='word_1_4' title='bbox 2211 278 2573 345; x_wconf 75' lang='lat' dir='ltr'><strong>JUNIORIS</strong></span> 
     </span>
    </p>
   </div>
   <div class='ocr_carea' id='block_1_3' title="bbox 3594 267 3741 331">
    <p class='ocr_par' dir='ltr' id='par_1_3' title="bbox 3594 267 3741 331">
     <span class='ocr_line' id='line_1_3' title="bbox 3594 267 3741 331; baseline -0.007 0"><span class='ocrx_word' id='word_1_5' title='bbox 3594 267 3741 331; x_wconf 61' lang='lat'><strong>310$</strong></span> 
     </span>
    </p>
   </div>
   <div class='ocr_carea' id='block_1_4' title="bbox 470 373 2064 456">
    <p class='ocr_par' dir='ltr' id='par_1_4' title="bbox 470 378 2051 451">
     <span class='ocr_line' id='line_1_4' title="bbox 470 378 2051 451; baseline -0.002 -12"><span class='ocrx_word' id='word_1_6' title='bbox 470 398 693 439; x_wconf 83' lang='lat' dir='ltr'><strong>servum</strong></span> <span class='ocrx_word' id='word_1_7' title='bbox 716 396 877 437; x_wconf 92' lang='lat' dir='ltr'><strong>suum</strong></span> <span class='ocrx_word' id='word_1_8' title='bbox 904 379 1283 437; x_wconf 78' lang='lat' dir='ltr'><strong>inﬁrmitatem</strong></span> <span class='ocrx_word' id='word_1_9' title='bbox 1316 378 1588 451; x_wconf 86' lang='lat' dir='ltr'><strong>abigebat,</strong></span> <span class='ocrx_word' id='word_1_10' title='bbox 1613 387 1669 434; x_wconf 89' lang='lat' dir='ltr'><strong>et</strong></span> <span class='ocrx_word' id='word_1_11' title='bbox 1688 394 1787 448; x_wconf 92' lang='lat' dir='ltr'><strong>pro</strong></span> <span class='ocrx_word' id='word_1_12' title='bbox 1818 381 2051 449; x_wconf 87' lang='lat' dir='ltr'><strong>paritate</strong></span> 
     </span>
    </p>
   </div>
   <div class='ocr_carea' id='block_1_5' title="bbox 2167 373 3741 456">
    <p class='ocr_par' dir='ltr' id='par_1_5' title="bbox 2167 373 3741 456">
     <span class='ocr_line' id='line_1_5' title="bbox 2167 373 3741 456; baseline -0.008 -18"><span class='ocrx_word' id='word_1_13' title='bbox 2167 384 2248 438; x_wconf 73' lang='grc' dir='ltr'><strong>τοῦ</strong></span> <span class='ocrx_word' id='word_1_14' title='bbox 2286 384 2619 456; x_wconf 73' lang='grc' dir='ltr'>θεράποντος</span> <span class='ocrx_word' id='word_1_15' title='bbox 2667 379 2902 434; x_wconf 82' lang='grc' dir='ltr'>ἐνταῦθα</span> <span class='ocrx_word' id='word_1_16' title='bbox 2947 379 3089 433; x_wconf 93' lang='grc' dir='ltr'>λύων</span> <span class='ocrx_word' id='word_1_17' title='bbox 3133 376 3198 430; x_wconf 78' lang='grc' dir='ltr'><strong>τὸ</strong></span> <span class='ocrx_word' id='word_1_18' title='bbox 3239 373 3432 440; x_wconf 67' lang='grc' dir='ltr'>πάθος,</span> <span class='ocrx_word' id='word_1_19' title='bbox 3471 376 3567 430; x_wconf 74' lang='grc' dir='ltr'>καὶ</span> <span class='ocrx_word' id='word_1_20' title='bbox 3600 378 3741 447; x_wconf 74' lang='grc' dir='ltr'>πρὸς</span> 
     </span>
    </p>
   </div>
   <div class='ocr_carea' id='block_1_6' title="bbox 470 470 2043 545">
    <p class='ocr_par' dir='ltr' id='par_1_6' title="bbox 470 470 2043 545">
     <span class='ocr_line' id='line_1_6' title="bbox 470 470 2043 545; baseline -0.004 -14"><span class='ocrx_word' id='word_1_21' title='bbox 470 474 600 531; x_wconf 79' lang='lat' dir='ltr'><strong>ﬁdei</strong></span> <span class='ocrx_word' id='word_1_22' title='bbox 643 488 832 545; x_wconf 85' lang='lat' dir='ltr'><strong>parem</strong></span> <span class='ocrx_word' id='word_1_23' title='bbox 888 488 1111 543; x_wconf 84' lang='lat' dir='ltr'><strong>quoque</strong></span> <span class='ocrx_word' id='word_1_24' title='bbox 1166 470 1601 526; x_wconf 83' lang='lat' dir='ltr'><strong>misericordiam</strong></span> <span class='ocrx_word' id='word_1_25' title='bbox 1683 470 2043 542; x_wconf 76' lang='lat' dir='ltr'><strong>largiebatur.</strong></span> 
     </span>
    </p>
   </div>
   <div class='ocr_carea' id='block_1_7' title="bbox 471 562 2048 636">
    <p class='ocr_par' dir='ltr' id='par_1_7' title="bbox 471 562 2048 636">
     <span class='ocr_line' id='line_1_7' title="bbox 471 562 2048 636; baseline -0.005 -14"><span class='ocrx_word' id='word_1_26' title='bbox 471 565 619 622; x_wconf 75' lang='lat' dir='ltr'><strong>Abiit</strong></span> <span class='ocrx_word' id='word_1_27' title='bbox 673 566 841 636; x_wconf 77' lang='lat' dir='ltr'><strong>igitur</strong></span> <span class='ocrx_word' id='word_1_28' title='bbox 877 564 995 618; x_wconf 68' lang='lat' dir='ltr'><strong>haec</strong></span> <span class='ocrx_word' id='word_1_29' title='bbox 1049 563 1308 618; x_wconf 75' lang='lat' dir='ltr'><strong>similiter</strong></span> <span class='ocrx_word' id='word_1_30' title='bbox 1349 578 1413 616; x_wconf 91' lang='lat' dir='ltr'><strong>ac</strong></span> <span class='ocrx_word' id='word_1_31' title='bbox 1454 563 1545 616; x_wconf 91' lang='lat' dir='ltr'><strong>illa</strong></span> <span class='ocrx_word' id='word_1_32' title='bbox 1589 562 1678 632; x_wconf 87' lang='lat' dir='ltr'><strong>(de</strong></span> <span class='ocrx_word' id='word_1_33' title='bbox 1713 578 1820 632; x_wconf 88' lang='lat' dir='ltr'><strong>qua</strong></span> <span class='ocrx_word' id='word_1_34' title='bbox 1883 577 2048 631; x_wconf 84' lang='lat' dir='ltr'><strong>supra</strong></span> 
     </span>
    </p>
   </div>
   <div class='ocr_carea' id='block_1_8' title="bbox 470 657 2048 728">
    <p class='ocr_par' dir='ltr' id='par_1_8' title="bbox 470 657 2048 728">
     <span class='ocr_line' id='line_1_8' title="bbox 470 657 2048 728; baseline -0.002 -15"><span class='ocrx_word' id='word_1_35' title='bbox 470 659 722 728; x_wconf 86' lang='lat' dir='ltr'><strong>memini)</strong></span> <span class='ocrx_word' id='word_1_36' title='bbox 763 658 1079 712; x_wconf 76' lang='lat' dir='ltr'><strong>valetudine</strong></span> <span class='ocrx_word' id='word_1_37' title='bbox 1101 664 1454 725; x_wconf 86' lang='lat' dir='ltr'><strong>recuperata;</strong></span> <span class='ocrx_word' id='word_1_38' title='bbox 1503 657 1757 726; x_wconf 85' lang='lat' dir='ltr'><strong>quodque</strong></span> <span class='ocrx_word' id='word_1_39' title='bbox 1791 657 1878 710; x_wconf 87' lang='lat' dir='ltr'><strong>illa</strong></span> <span class='ocrx_word' id='word_1_40' title='bbox 1930 672 2048 711; x_wconf 89' lang='lat' dir='ltr'><strong>me-</strong></span> 
     </span>
    </p>
   </div>
   <div class='ocr_carea' id='block_1_9' title="bbox 474 745 2050 816">
    <p class='ocr_par' dir='ltr' id='par_1_9' title="bbox 474 745 2050 816">
     <span class='ocr_line' id='line_1_9' title="bbox 474 745 2050 816; baseline -0.002 -14"><span class='ocrx_word' id='word_1_41' title='bbox 474 749 661 803; x_wconf 81' lang='lat' dir='ltr'><strong>diante</strong></span> <span class='ocrx_word' id='word_1_42' title='bbox 691 747 863 801; x_wconf 91' lang='lat' dir='ltr'><strong>sancti</strong></span> <span class='ocrx_word' id='word_1_43' title='bbox 889 746 1145 816; x_wconf 81' lang='lat' dir='ltr'><strong>imagine,</strong></span> <span class='ocrx_word' id='word_1_44' title='bbox 1185 745 1303 799; x_wconf 65' lang='lat' dir='ltr'><strong>hare</strong></span> <span class='ocrx_word' id='word_1_45' title='bbox 1333 745 1401 799; x_wconf 88' lang='lat' dir='ltr'><strong>ab</strong></span> <span class='ocrx_word' id='word_1_46' title='bbox 1428 746 1546 814; x_wconf 88' lang='lat' dir='ltr'><strong>ipso</strong></span> <span class='ocrx_word' id='word_1_47' title='bbox 1570 754 1865 816; x_wconf 77' lang='lat' dir='ltr'><strong>prototypo</strong></span> <span class='ocrx_word' id='word_1_48' title='bbox 1919 760 2050 799; x_wconf 81' lang='lat' dir='ltr'><strong>con—</strong></span> 
     </span>
    </p>
   </div>
   <div class='ocr_carea' id='block_1_10' title="bbox 472 847 794 895">
    <p class='ocr_par' dir='ltr' id='par_1_10' title="bbox 472 847 794 895">
     <span class='ocr_line' id='line_1_10' title="bbox 472 847 794 895; baseline -0.012 0"><span class='ocrx_word' id='word_1_49' title='bbox 472 847 662 895; x_wconf 85' lang='lat' dir='ltr'><strong>secuta</strong></span> <span class='ocrx_word' id='word_1_50' title='bbox 691 847 794 891; x_wconf 90' lang='lat' dir='ltr'><strong>est.</strong></span> 
     </span>
    </p>
   </div>
   <div class='ocr_carea' id='block_1_11' title="bbox 546 946 2051 1017">
    <p class='ocr_par' dir='ltr' id='par_1_11' title="bbox 546 946 2051 1017">
     <span class='ocr_line' id='line_1_11' title="bbox 546 946 2051 1017; baseline 0.001 -16"><span class='ocrx_word' id='word_1_51' title='bbox 546 949 667 1003; x_wconf 77' lang='lat'><strong>1‘26.</strong></span> <span class='ocrx_word' id='word_1_52' title='bbox 705 948 823 1002; x_wconf 84' lang='lat' dir='ltr'><strong>Non</strong></span> <span class='ocrx_word' id='word_1_53' title='bbox 881 947 976 1000; x_wconf 90' lang='lat' dir='ltr'><strong>diu</strong></span> <span class='ocrx_word' id='word_1_54' title='bbox 1031 955 1156 1017; x_wconf 86' lang='lat' dir='ltr'><strong>post</strong></span> <span class='ocrx_word' id='word_1_55' title='bbox 1210 947 1366 1002; x_wconf 91' lang='lat' dir='ltr'><strong>adest</strong></span> <span class='ocrx_word' id='word_1_56' title='bbox 1416 962 1611 1017; x_wconf 85' lang='lat' dir='ltr'><strong>magno</strong></span> <span class='ocrx_word' id='word_1_57' title='bbox 1668 946 1922 1016; x_wconf 72' lang='lat' dir='ltr'><strong>Symeoni</strong></span> <span class='ocrx_word' id='word_1_58' title='bbox 1985 964 2051 1002; x_wconf 81' lang='lat' dir='ltr'><strong>ex</strong></span> 
     </span>
    </p>
   </div>
   <div class='ocr_carea' id='block_1_12' title="bbox 472 1022 2053 1110">
    <p class='ocr_par' dir='ltr' id='par_1_12' title="bbox 472 1022 2053 1110">
     <span class='ocr_line' id='line_1_12' title="bbox 472 1022 2053 1110; baseline 0.002 -21"><span class='ocrx_word' id='word_1_59' title='bbox 472 1055 610 1110; x_wconf 85' lang='lat' dir='ltr'><strong>pago</strong></span> <span class='ocrx_word' id='word_1_60' title='bbox 637 1040 764 1104; x_wconf 86' lang='lat' dir='ltr'><strong>alio,</strong></span> <span class='ocrx_word' id='word_1_61' title='bbox 786 1041 874 1094; x_wconf 91' lang='lat' dir='ltr'><strong>cui</strong></span> <span class='ocrx_word' id='word_1_62' title='bbox 892 1040 1063 1110; x_wconf 79' lang='lat' dir='ltr'><strong>Magia</strong></span> <span class='ocrx_word' id='word_1_63' title='bbox 1083 1040 1434 1099; x_wconf 78' lang='lat' dir='ltr'><strong>vocabulum.</strong></span> <span class='ocrx_word' id='word_1_64' title='bbox 1460 1039 1545 1092; x_wconf 89' lang='lat' dir='ltr'><strong>vir</strong></span> <span class='ocrx_word' id='word_1_65' title='bbox 1563 1022 1810 1107; x_wconf 69' lang='lat' dir='ltr'><strong>quidam,</strong></span> <span class='ocrx_word' id='word_1_66' title='bbox 1832 1047 2053 1109; x_wconf 66' lang='lat' dir='ltr'><strong>septua-</strong></span> 
     </span>
    </p>
   </div>
   <div class='ocr_carea' id='block_1_13' title="bbox 475 1128 2053 1203">
    <p class='ocr_par' dir='ltr' id='par_1_13' title="bbox 475 1128 2053 1203">
     <span class='ocr_line' id='line_1_13' title="bbox 475 1128 2053 1203; baseline -0.001 -18"><span class='ocrx_word' id='word_1_67' title='bbox 475 1133 625 1203; x_wconf 84' lang='lat' dir='ltr'><strong>ginta</strong></span> <span class='ocrx_word' id='word_1_68' title='bbox 690 1140 753 1185; x_wconf 91' lang='lat' dir='ltr'><strong>ut</strong></span> <span class='ocrx_word' id='word_1_69' title='bbox 797 1146 1081 1185; x_wconf 91' lang='lat' dir='ltr'><strong>summum</strong></span> <span class='ocrx_word' id='word_1_70' title='bbox 1134 1146 1310 1184; x_wconf 88' lang='lat' dir='ltr'><strong>annos</strong></span> <span class='ocrx_word' id='word_1_71' title='bbox 1368 1139 1563 1193; x_wconf 87' lang='lat' dir='ltr'><strong>natus;</strong></span> <span class='ocrx_word' id='word_1_72' title='bbox 1619 1128 1714 1198; x_wconf 90' lang='lat' dir='ltr'><strong>qui</strong></span> <span class='ocrx_word' id='word_1_73' title='bbox 1781 1131 2053 1184; x_wconf 87' lang='lat' dir='ltr'><strong>acerrimo</strong></span> 
     </span>
    </p>
   </div>
   <div class='ocr_carea' id='block_1_14' title="bbox 476 1220 2054 1289">
    <p class='ocr_par' dir='ltr' id='par_1_14' title="bbox 476 1220 2054 1289">
     <span class='ocr_line' id='line_1_14' title="bbox 476 1220 2054 1289; baseline -0.001 -14"><span class='ocrx_word' id='word_1_74' title='bbox 476 1224 725 1276; x_wconf 86' lang='lat' dir='ltr'><strong>dentium</strong></span> <span class='ocrx_word' id='word_1_75' title='bbox 756 1223 947 1276; x_wconf 90' lang='lat' dir='ltr'><strong>dolore</strong></span> <span class='ocrx_word' id='word_1_76' title='bbox 977 1221 1280 1286; x_wconf 76' lang='lat' dir='ltr'><strong>cruciatus,</strong></span> <span class='ocrx_word' id='word_1_77' title='bbox 1312 1221 1474 1275; x_wconf 78' lang='lat' dir='ltr'><strong>enixe</strong></span> <span class='ocrx_word' id='word_1_78' title='bbox 1504 1220 1857 1289; x_wconf 82' lang='lat' dir='ltr'><strong>precabatur,</strong></span> <span class='ocrx_word' id='word_1_79' title='bbox 1911 1220 2054 1274; x_wconf 90' lang='lat' dir='ltr'><strong>salu-</strong></span> 
     </span>
    </p>
   </div>
   <div class='ocr_carea' id='block_1_15' title="bbox 477 1311 2055 1382">
    <p class='ocr_par' dir='ltr' id='par_1_15' title="bbox 477 1311 2055 1382">
     <span class='ocr_line' id='line_1_15' title="bbox 477 1311 2055 1382; baseline 0 -14"><span class='ocrx_word' id='word_1_80' title='bbox 477 1316 693 1369; x_wconf 84' lang='lat' dir='ltr'><strong>tiferam</strong></span> <span class='ocrx_word' id='word_1_81' title='bbox 719 1323 778 1368; x_wconf 93' lang='lat' dir='ltr'><strong>ut</strong></span> <span class='ocrx_word' id='word_1_82' title='bbox 798 1315 901 1368; x_wconf 93' lang='lat' dir='ltr'><strong>sibi</strong></span> <span class='ocrx_word' id='word_1_83' title='bbox 925 1330 1146 1367; x_wconf 89' lang='lat' dir='ltr'><strong>manum</strong></span> <span class='ocrx_word' id='word_1_84' title='bbox 1179 1314 1509 1382; x_wconf 85' lang='lat' dir='ltr'><strong>imponeret,</strong></span> <span class='ocrx_word' id='word_1_85' title='bbox 1534 1328 1644 1382; x_wconf 91' lang='lat' dir='ltr'><strong>quo</strong></span> <span class='ocrx_word' id='word_1_86' title='bbox 1666 1311 1802 1367; x_wconf 90' lang='lat' dir='ltr'><strong>dens</strong></span> <span class='ocrx_word' id='word_1_87' title='bbox 1824 1313 2055 1368; x_wconf 79' lang='lat' dir='ltr'><strong>atl‘ectus</strong></span> 
     </span>
    </p>
   </div>
   <div class='ocr_carea' id='block_1_16' title="bbox 477 1404 2052 1475">
    <p class='ocr_par' dir='ltr' id='par_1_16' title="bbox 477 1404 2052 1475">
     <span class='ocr_line' id='line_1_16' title="bbox 477 1404 2052 1475; baseline -0.001 -17"><span class='ocrx_word' id='word_1_88' title='bbox 477 1413 833 1460; x_wconf 79' lang='lat' dir='ltr'><strong>excuteretur</strong></span> <span class='ocrx_word' id='word_1_89' title='bbox 874 1405 1161 1468; x_wconf 86' lang='lat' dir='ltr'><strong>radicitus,</strong></span> <span class='ocrx_word' id='word_1_90' title='bbox 1198 1406 1309 1475; x_wconf 85' lang='lat' dir='ltr'><strong>jam</strong></span> <span class='ocrx_word' id='word_1_91' title='bbox 1342 1419 1491 1458; x_wconf 90' lang='lat' dir='ltr'><strong>nunc</strong></span> <span class='ocrx_word' id='word_1_92' title='bbox 1511 1404 1807 1458; x_wconf 84' lang='lat' dir='ltr'><strong>acerbitate</strong></span> <span class='ocrx_word' id='word_1_93' title='bbox 1835 1405 2052 1459; x_wconf 77' lang='lat' dir='ltr'><strong>crucia-</strong></span> 
     </span>
    </p>
   </div>
   <div class='ocr_carea' id='block_1_17' title="bbox 480 1493 2054 1564">
    <p class='ocr_par' dir='ltr' id='par_1_17' title="bbox 480 1493 2054 1564">
     <span class='ocr_line' id='line_1_17' title="bbox 480 1493 2054 1564; baseline -0.001 -15"><span class='ocrx_word' id='word_1_94' title='bbox 480 1505 633 1550; x_wconf 86' lang='lat' dir='ltr'><strong>tuum</strong></span> <span class='ocrx_word' id='word_1_95' title='bbox 686 1495 927 1550; x_wconf 86' lang='lat' dir='ltr'><strong>mobilis.</strong></span> <span class='ocrx_word' id='word_1_96' title='bbox 982 1495 1058 1549; x_wconf 92' lang='lat' dir='ltr'><strong>lta</strong></span> <span class='ocrx_word' id='word_1_97' title='bbox 1110 1495 1201 1549; x_wconf 90' lang='lat' dir='ltr'><strong>ille</strong></span> <span class='ocrx_word' id='word_1_98' title='bbox 1249 1493 1599 1564; x_wconf 88' lang='lat' dir='ltr'><strong>precabatur,</strong></span> <span class='ocrx_word' id='word_1_99' title='bbox 1647 1493 1903 1564; x_wconf 89' lang='lat' dir='ltr'><strong>lacrymis</strong></span> <span class='ocrx_word' id='word_1_100' title='bbox 1956 1510 2054 1563; x_wconf 92' lang='lat' dir='ltr'><strong>per</strong></span> 
     </span>
    </p>
   </div>
   <div class='ocr_carea' id='block_1_18' title="bbox 477 1585 2053 1656">
    <p class='ocr_par' dir='ltr' id='par_1_18' title="bbox 477 1585 2053 1656">
     <span class='ocr_line' id='line_1_18' title="bbox 477 1585 2053 1656; baseline 0 -15"><span class='ocrx_word' id='word_1_101' title='bbox 477 1602 643 1655; x_wconf 76' lang='lat' dir='ltr'><strong>genus</strong></span> <span class='ocrx_word' id='word_1_102' title='bbox 674 1585 1122 1651; x_wconf 82' lang='lat' dir='ltr'><strong>decurrentibus,</strong></span> <span class='ocrx_word' id='word_1_103' title='bbox 1174 1585 1459 1640; x_wconf 81' lang='lat' dir='ltr'><strong>maerentis</strong></span> <span class='ocrx_word' id='word_1_104' title='bbox 1503 1585 1669 1639; x_wconf 89' lang='lat' dir='ltr'><strong>animi</strong></span> <span class='ocrx_word' id='word_1_105' title='bbox 1704 1586 1876 1656; x_wconf 81' lang='lat' dir='ltr'><strong>signis</strong></span> <span class='ocrx_word' id='word_1_106' title='bbox 1900 1602 2053 1642; x_wconf 83' lang='lat' dir='ltr'><strong>men-</strong></span> 
     </span>
    </p>
   </div>
   <div class='ocr_carea' id='block_1_19' title="bbox 479 1677 2051 1747">
    <p class='ocr_par' dir='ltr' id='par_1_19' title="bbox 479 1677 2051 1747">
     <span class='ocr_line' id='line_1_19' title="bbox 479 1677 2051 1747; baseline 0 -16"><span class='ocrx_word' id='word_1_107' title='bbox 479 1679 567 1732; x_wconf 91' lang='lat' dir='ltr'><strong>tiri</strong></span> <span class='ocrx_word' id='word_1_108' title='bbox 626 1678 847 1734; x_wconf 89' lang='lat' dir='ltr'><strong>nesciis.</strong></span> <span class='ocrx_word' id='word_1_109' title='bbox 909 1678 1144 1732; x_wconf 88' lang='lat' dir='ltr'><strong>Sanctus</strong></span> <span class='ocrx_word' id='word_1_110' title='bbox 1192 1693 1324 1732; x_wconf 86' lang='lat' dir='ltr'><strong>vero</strong></span> <span class='ocrx_word' id='word_1_111' title='bbox 1382 1677 1615 1747; x_wconf 82' lang='lat' dir='ltr'><strong>benigne</strong></span> <span class='ocrx_word' id='word_1_112' title='bbox 1672 1677 2051 1746; x_wconf 88' lang='lat' dir='ltr'><strong>respondens,</strong></span> 
     </span>
    </p>
   </div>
   <div class='ocr_carea' id='block_1_20' title="bbox 478 1771 2053 1842">
    <p class='ocr_par' dir='ltr' id='par_1_20' title="bbox 478 1771 2053 1842">
     <span class='ocr_line' id='line_1_20' title="bbox 478 1771 2053 1842; baseline -0.001 -15"><span class='ocrx_word' id='word_1_113' title='bbox 478 1774 694 1838; x_wconf 83' lang='lat' dir='ltr'><strong>Nonne,</strong></span> <span class='ocrx_word' id='word_1_114' title='bbox 732 1773 932 1842; x_wconf 83' lang='lat' dir='ltr'><strong>inquit,</strong></span> <span class='ocrx_word' id='word_1_115' title='bbox 969 1773 1140 1842; x_wconf 86' lang='lat' dir='ltr'><strong>magis</strong></span> <span class='ocrx_word' id='word_1_116' title='bbox 1183 1788 1212 1827; x_wconf 88' lang='lat' dir='ltr'><strong>e</strong></span> <span class='ocrx_word' id='word_1_117' title='bbox 1262 1787 1320 1826; x_wconf 93' lang='lat' dir='ltr'><strong>re</strong></span> <span class='ocrx_word' id='word_1_118' title='bbox 1356 1782 1445 1827; x_wconf 89' lang='lat' dir='ltr'><strong>tua</strong></span> <span class='ocrx_word' id='word_1_119' title='bbox 1499 1773 1663 1837; x_wconf 85' lang='lat' dir='ltr'><strong>foret,</strong></span> <span class='ocrx_word' id='word_1_120' title='bbox 1703 1773 1746 1826; x_wconf 91' lang='lat' dir='ltr'><strong>si</strong></span> <span class='ocrx_word' id='word_1_121' title='bbox 1794 1779 1851 1825; x_wconf 91' lang='lat' dir='ltr'><strong>et</strong></span> <span class='ocrx_word' id='word_1_122' title='bbox 1884 1771 2053 1827; x_wconf 88' lang='lat' dir='ltr'><strong>alium</strong></span> 
     </span>
    </p>
   </div>
   <div class='ocr_carea' id='block_1_21' title="bbox 475 1861 2056 1932">
    <p class='ocr_par' dir='ltr' id='par_1_21' title="bbox 475 1861 2056 1932">
     <span class='ocr_line' id='line_1_21' title="bbox 475 1861 2056 1932; baseline 0.001 -17"><span class='ocrx_word' id='word_1_123' title='bbox 475 1862 695 1916; x_wconf 87' lang='lat' dir='ltr'><strong>dentem</strong></span> <span class='ocrx_word' id='word_1_124' title='bbox 732 1862 937 1927; x_wconf 84' lang='lat' dir='ltr'><strong>enasci,</strong></span> <span class='ocrx_word' id='word_1_125' title='bbox 986 1877 1149 1932; x_wconf 86' lang='lat' dir='ltr'><strong>quam</strong></span> <span class='ocrx_word' id='word_1_126' title='bbox 1186 1861 1334 1916; x_wconf 87' lang='lat' dir='ltr'><strong>hunc</strong></span> <span class='ocrx_word' id='word_1_127' title='bbox 1359 1876 1501 1932; x_wconf 81' lang='lat' dir='ltr'><strong>aegre</strong></span> <span class='ocrx_word' id='word_1_128' title='bbox 1526 1862 1821 1918; x_wconf 88' lang='lat' dir='ltr'><strong>habentem</strong></span> <span class='ocrx_word' id='word_1_129' title='bbox 1851 1862 2056 1917; x_wconf 91' lang='lat' dir='ltr'><strong>solum-</strong></span> 
     </span>
    </p>
   </div>
   <div class='ocr_carea' id='block_1_22' title="bbox 479 1952 2054 2024">
    <p class='ocr_par' dir='ltr' id='par_1_22' title="bbox 479 1952 2054 2024">
     <span class='ocr_line' id='line_1_22' title="bbox 479 1952 2054 2024; baseline 0.002 -18"><span class='ocrx_word' id='word_1_130' title='bbox 479 1953 643 2007; x_wconf 84' lang='lat' dir='ltr'><strong>modo</strong></span> <span class='ocrx_word' id='word_1_131' title='bbox 687 1954 872 2017; x_wconf 79' lang='lat' dir='ltr'><strong>evelli,</strong></span> <span class='ocrx_word' id='word_1_132' title='bbox 921 1953 1183 2024; x_wconf 82' lang='lat' dir='ltr'><strong>peteres?</strong></span> <span class='ocrx_word' id='word_1_133' title='bbox 1219 1952 1299 2008; x_wconf 88' lang='lat' dir='ltr'><strong>Ad</strong></span> <span class='ocrx_word' id='word_1_134' title='bbox 1350 1969 1473 2022; x_wconf 64' lang='lat' dir='ltr'><strong>quae</strong></span> <span class='ocrx_word' id='word_1_135' title='bbox 1517 1954 1686 2009; x_wconf 87' lang='lat' dir='ltr'><strong>verba</strong></span> <span class='ocrx_word' id='word_1_136' title='bbox 1730 1954 1821 2009; x_wconf 89' lang='lat' dir='ltr'><strong>ille</strong></span> <span class='ocrx_word' id='word_1_137' title='bbox 1870 1962 2054 2009; x_wconf 90' lang='lat' dir='ltr'><strong>mente</strong></span> 
     </span>
    </p>
   </div>
   <div class='ocr_carea' id='block_1_23' title="bbox 476 2044 2054 2115">
    <p class='ocr_par' dir='ltr' id='par_1_23' title="bbox 476 2044 2054 2115">
     <span class='ocr_line' id='line_1_23' title="bbox 476 2044 2054 2115; baseline 0.003 -17"><span class='ocrx_word' id='word_1_138' title='bbox 476 2044 771 2115; x_wconf 89' lang='lat' dir='ltr'><strong>animoque</strong></span> <span class='ocrx_word' id='word_1_139' title='bbox 812 2044 1182 2100; x_wconf 84' lang='lat' dir='ltr'><strong>inﬂammatus</strong></span> <span class='ocrx_word' id='word_1_140' title='bbox 1231 2044 1330 2115; x_wconf 85' lang='lat' dir='ltr'><strong>(uti</strong></span> <span class='ocrx_word' id='word_1_141' title='bbox 1378 2045 1494 2100; x_wconf 80' lang='lat' dir='ltr'><strong>ﬁeri</strong></span> <span class='ocrx_word' id='word_1_142' title='bbox 1542 2047 1833 2102; x_wconf 88' lang='lat' dir='ltr'><strong>consuevit</strong></span> <span class='ocrx_word' id='word_1_143' title='bbox 1863 2047 1931 2102; x_wconf 88' lang='lat' dir='ltr'><strong>ad</strong></span> <span class='ocrx_word' id='word_1_144' title='bbox 1968 2047 2054 2102; x_wconf 87' lang='lat' dir='ltr'><strong>in-</strong></span> 
     </span>
    </p>
   </div>
   <div class='ocr_carea' id='block_1_24' title="bbox 477 2137 2055 2210">
    <p class='ocr_par' dir='ltr' id='par_1_24' title="bbox 477 2137 2055 2210">
     <span class='ocr_line' id='line_1_24' title="bbox 477 2137 2055 2210; baseline 0.003 -20"><span class='ocrx_word' id='word_1_145' title='bbox 477 2137 677 2206; x_wconf 83' lang='lat' dir='ltr'><strong>sperati</strong></span> <span class='ocrx_word' id='word_1_146' title='bbox 700 2137 982 2208; x_wconf 80' lang='lat' dir='ltr'><strong>cujusdam</strong></span> <span class='ocrx_word' id='word_1_147' title='bbox 1004 2137 1134 2192; x_wconf 91' lang='lat' dir='ltr'><strong>boni</strong></span> <span class='ocrx_word' id='word_1_148' title='bbox 1161 2138 1661 2208; x_wconf 83' lang='lat' dir='ltr'><strong>pollicitationem),</strong></span> <span class='ocrx_word' id='word_1_149' title='bbox 1679 2140 2055 2210; x_wconf 85' lang='lat' dir='ltr'><strong>ambabusque</strong></span> 
     </span>
    </p>
   </div>
   <div class='ocr_carea' id='block_1_25' title="bbox 476 2228 2049 2303">
    <p class='ocr_par' dir='ltr' id='par_1_25' title="bbox 476 2228 2049 2303">
     <span class='ocr_line' id='line_1_25' title="bbox 476 2228 2049 2303; baseline 0.003 -20"><span class='ocrx_word' id='word_1_150' title='bbox 476 2229 753 2294; x_wconf 87' lang='lat' dir='ltr'><strong>manibus,</strong></span> <span class='ocrx_word' id='word_1_151' title='bbox 803 2228 864 2286; x_wconf 84' lang='lat' dir='ltr'><strong>ut</strong></span> <span class='ocrx_word' id='word_1_152' title='bbox 898 2239 1134 2301; x_wconf 90' lang='lat' dir='ltr'><strong>poterat,</strong></span> <span class='ocrx_word' id='word_1_153' title='bbox 1174 2245 1241 2284; x_wconf 79' lang='lat' dir='ltr'><strong>ex</strong></span> <span class='ocrx_word' id='word_1_154' title='bbox 1286 2229 1486 2284; x_wconf 91' lang='lat' dir='ltr'><strong>mclotc</strong></span> <span class='ocrx_word' id='word_1_155' title='bbox 1519 2231 1691 2284; x_wconf 89' lang='lat' dir='ltr'><strong>sancti</strong></span> <span class='ocrx_word' id='word_1_156' title='bbox 1721 2246 2049 2303; x_wconf 89' lang='lat' dir='ltr'><strong>suspensus,</strong></span> 
     </span>
    </p>
   </div>
   <div class='ocr_carea' id='block_1_26' title="bbox 476 2321 2055 2393">
    <p class='ocr_par' dir='ltr' id='par_1_26' title="bbox 476 2321 2055 2393">
     <span class='ocr_line' id='line_1_26' title="bbox 476 2321 2055 2393; baseline 0.003 -19"><span class='ocrx_word' id='word_1_157' title='bbox 476 2321 648 2392; x_wconf 81' lang='lat' dir='ltr'><strong>cjicit,</strong></span> <span class='ocrx_word' id='word_1_158' title='bbox 684 2338 783 2392; x_wconf 92' lang='lat' dir='ltr'><strong>per</strong></span> <span class='ocrx_word' id='word_1_159' title='bbox 834 2322 1247 2393; x_wconf 90' lang='lat' dir='ltr'><strong>impositionem</strong></span> <span class='ocrx_word' id='word_1_160' title='bbox 1299 2338 1562 2376; x_wconf 86' lang='lat' dir='ltr'><strong>manuum</strong></span> <span class='ocrx_word' id='word_1_161' title='bbox 1607 2322 1776 2389; x_wconf 89' lang='lat' dir='ltr'><strong>illius,</strong></span> <span class='ocrx_word' id='word_1_162' title='bbox 1827 2323 2055 2379; x_wconf 89' lang='lat' dir='ltr'><strong>uberem</strong></span> 
     </span>
    </p>
   </div>
   <div class='ocr_carea' id='block_1_27' title="bbox 477 2414 2054 2486">
    <p class='ocr_par' dir='ltr' id='par_1_27' title="bbox 477 2414 2054 2486">
     <span class='ocr_line' id='line_1_27' title="bbox 477 2414 2054 2486; baseline 0.002 -19"><span class='ocrx_word' id='word_1_163' title='bbox 477 2428 508 2467; x_wconf 87' lang='lat' dir='ltr'><strong>e</strong></span> <span class='ocrx_word' id='word_1_164' title='bbox 539 2414 678 2468; x_wconf 61' lang='lat' dir='ltr'><strong>caelo</strong></span> <span class='ocrx_word' id='word_1_165' title='bbox 711 2415 941 2485; x_wconf 78' lang='lat' dir='ltr'><strong>gratiam</strong></span> <span class='ocrx_word' id='word_1_166' title='bbox 986 2416 1324 2482; x_wconf 90' lang='lat' dir='ltr'><strong>elicientem,</strong></span> <span class='ocrx_word' id='word_1_167' title='bbox 1377 2415 1661 2486; x_wconf 90' lang='lat' dir='ltr'><strong>putridum</strong></span> <span class='ocrx_word' id='word_1_168' title='bbox 1701 2424 2054 2486; x_wconf 88' lang='lat' dir='ltr'><strong>corruptum—</strong></span> 
     </span>
    </p>
   </div>
   <div class='ocr_carea' id='block_1_28' title="bbox 477 2506 2056 2579">
    <p class='ocr_par' dir='ltr' id='par_1_28' title="bbox 477 2506 2056 2579">
     <span class='ocr_line' id='line_1_28' title="bbox 477 2506 2056 2579; baseline -0.001 -19"><span class='ocrx_word' id='word_1_169' title='bbox 477 2521 584 2579; x_wconf 86' lang='lat' dir='ltr'><strong>que</strong></span> <span class='ocrx_word' id='word_1_170' title='bbox 612 2522 717 2561; x_wconf 91' lang='lat' dir='ltr'><strong>una</strong></span> <span class='ocrx_word' id='word_1_171' title='bbox 747 2523 871 2562; x_wconf 87' lang='lat' dir='ltr'><strong>eum</strong></span> <span class='ocrx_word' id='word_1_172' title='bbox 902 2508 1185 2564; x_wconf 90' lang='lat' dir='ltr'><strong>radicibus</strong></span> <span class='ocrx_word' id='word_1_173' title='bbox 1211 2508 1432 2563; x_wconf 89' lang='lat' dir='ltr'><strong>dentem</strong></span> <span class='ocrx_word' id='word_1_174' title='bbox 1456 2526 1469 2562; x_wconf 92' lang='lat'>:</span> <span class='ocrx_word' id='word_1_175' title='bbox 1489 2523 1592 2562; x_wconf 87' lang='lat' dir='ltr'><strong>nec</strong></span> <span class='ocrx_word' id='word_1_176' title='bbox 1612 2507 1769 2562; x_wconf 91' lang='lat' dir='ltr'><strong>multi</strong></span> <span class='ocrx_word' id='word_1_177' title='bbox 1799 2506 2056 2561; x_wconf 89' lang='lat' dir='ltr'><strong>abierunt</strong></span> 
     </span>
    </p>
   </div>
   <div class='ocr_carea' id='block_1_29' title="bbox 479 2594 2053 2669">
    <p class='ocr_par' dir='ltr' id='par_1_29' title="bbox 479 2594 2053 2669">
     <span class='ocr_line' id='line_1_29' title="bbox 479 2594 2053 2669; baseline -0.001 -18"><span class='ocrx_word' id='word_1_178' title='bbox 479 2597 619 2659; x_wconf 87' lang='lat' dir='ltr'><strong>dies.</strong></span> <span class='ocrx_word' id='word_1_179' title='bbox 667 2612 791 2651; x_wconf 91' lang='lat' dir='ltr'><strong>cum</strong></span> <span class='ocrx_word' id='word_1_180' title='bbox 851 2598 991 2653; x_wconf 87' lang='lat' dir='ltr'><strong>alter</strong></span> <span class='ocrx_word' id='word_1_181' title='bbox 1051 2600 1105 2669; x_wconf 89' lang='grc' dir='ltr'>(ο</span> <span class='ocrx_word' id='word_1_182' title='bbox 1158 2614 1275 2653; x_wconf 92' lang='lat' dir='ltr'><strong>rem</strong></span> <span class='ocrx_word' id='word_1_183' title='bbox 1334 2613 1443 2652; x_wconf 90' lang='lat' dir='ltr'><strong>non</strong></span> <span class='ocrx_word' id='word_1_184' title='bbox 1495 2596 1789 2651; x_wconf 88' lang='lat' dir='ltr'><strong>admodum</strong></span> <span class='ocrx_word' id='word_1_185' title='bbox 1839 2594 2053 2650; x_wconf 88' lang='lat' dir='ltr'><strong>creditu</strong></span> 
     </span>
    </p>
   </div>
   <div class='ocr_carea' id='block_1_30' title="bbox 480 2686 2059 2759">
    <p class='ocr_par' dir='ltr' id='par_1_30' title="bbox 480 2686 2059 2759">
     <span class='ocr_line' id='line_1_30' title="bbox 480 2686 2059 2759; baseline 0.001 -18"><span class='ocrx_word' id='word_1_186' title='bbox 480 2686 699 2741; x_wconf 77' lang='lat' dir='ltr'><strong>facilem</strong></span> <span class='ocrx_word' id='word_1_187' title='bbox 726 2689 765 2755; x_wconf 75' lang='grc' dir='ltr'>ί)</span> <span class='ocrx_word' id='word_1_188' title='bbox 788 2698 982 2743; x_wconf 85' lang='lat' dir='ltr'><strong>enatus</strong></span> <span class='ocrx_word' id='word_1_189' title='bbox 1006 2688 1072 2743; x_wconf 89' lang='lat' dir='ltr'><strong>ad</strong></span> <span class='ocrx_word' id='word_1_190' title='bbox 1096 2689 1486 2759; x_wconf 84' lang='lat' dir='ltr'><strong>perfectionem</strong></span> <span class='ocrx_word' id='word_1_191' title='bbox 1511 2689 1703 2743; x_wconf 88' lang='lat' dir='ltr'><strong>crevit.</strong></span> <span class='ocrx_word' id='word_1_192' title='bbox 1738 2688 1803 2741; x_wconf 82' lang='lat' dir='ltr'><strong>Et</strong></span> <span class='ocrx_word' id='word_1_193' title='bbox 1830 2688 2059 2758; x_wconf 82' lang='lat' dir='ltr'><strong>hujusce</strong></span> 
     </span>
    </p>
   </div>
   <div class='ocr_carea' id='block_1_31' title="bbox 480 2776 2059 2852">
    <p class='ocr_par' dir='ltr' id='par_1_31' title="bbox 480 2776 2059 2852">
     <span class='ocr_line' id='line_1_31' title="bbox 480 2776 2059 2852; baseline 0.003 -23"><span class='ocrx_word' id='word_1_194' title='bbox 480 2776 718 2849; x_wconf 82' lang='lat' dir='ltr'><strong>prodigii</strong></span> <span class='ocrx_word' id='word_1_195' title='bbox 757 2787 923 2834; x_wconf 86' lang='lat' dir='ltr'><strong>testes</strong></span> <span class='ocrx_word' id='word_1_196' title='bbox 977 2781 1182 2834; x_wconf 87' lang='lat' dir='ltr'><strong>oculati</strong></span> <span class='ocrx_word' id='word_1_197' title='bbox 1230 2781 1419 2852; x_wconf 88' lang='lat' dir='ltr'><strong>plures</strong></span> <span class='ocrx_word' id='word_1_198' title='bbox 1477 2779 1655 2842; x_wconf 81' lang='lat' dir='ltr'><strong>fuere,</strong></span> <span class='ocrx_word' id='word_1_199' title='bbox 1709 2778 1912 2848; x_wconf 86' lang='lat' dir='ltr'><strong>quibus</strong></span> <span class='ocrx_word' id='word_1_200' title='bbox 1968 2778 2059 2833; x_wconf 90' lang='lat' dir='ltr'><strong>ille</strong></span> 
     </span>
    </p>
   </div>
   <div class='ocr_carea' id='block_1_32' title="bbox 482 2867 2059 2941">
    <p class='ocr_par' dir='ltr' id='par_1_32' title="bbox 482 2867 2059 2941">
     <span class='ocr_line' id='line_1_32' title="bbox 482 2867 2059 2941; baseline 0 -19"><span class='ocrx_word' id='word_1_201' title='bbox 482 2867 641 2939; x_wconf 89' lang='lat' dir='ltr'><strong>ipse,</strong></span> <span class='ocrx_word' id='word_1_202' title='bbox 697 2872 791 2941; x_wconf 92' lang='lat' dir='ltr'><strong>qui</strong></span> <span class='ocrx_word' id='word_1_203' title='bbox 851 2872 1181 2928; x_wconf 70' lang='lat' dir='ltr'><strong>beneficium</strong></span> <span class='ocrx_word' id='word_1_204' title='bbox 1238 2881 1433 2929; x_wconf 82' lang='lat' dir='ltr'><strong>nactus</strong></span> <span class='ocrx_word' id='word_1_205' title='bbox 1488 2879 1639 2936; x_wconf 84' lang='lat' dir='ltr'><strong>erat,</strong></span> <span class='ocrx_word' id='word_1_206' title='bbox 1693 2870 2059 2934; x_wconf 85' lang='lat' dir='ltr'><strong>ostendebat,</strong></span> 
     </span>
    </p>
   </div>
   <div class='ocr_carea' id='block_1_33' title="bbox 484 2963 2060 3037">
    <p class='ocr_par' dir='ltr' id='par_1_33' title="bbox 484 2963 2060 3037">
     <span class='ocr_line' id='line_1_33' title="bbox 484 2963 2060 3037; baseline 0.001 -22"><span class='ocrx_word' id='word_1_207' title='bbox 484 2963 835 3032; x_wconf 85' lang='lat' dir='ltr'><strong>mirantibus,</strong></span> <span class='ocrx_word' id='word_1_208' title='bbox 887 2964 944 3020; x_wconf 88' lang='lat' dir='ltr'><strong>in</strong></span> <span class='ocrx_word' id='word_1_209' title='bbox 999 2975 1105 3020; x_wconf 90' lang='lat' dir='ltr'><strong>tam</strong></span> <span class='ocrx_word' id='word_1_210' title='bbox 1159 2978 1418 3037; x_wconf 76' lang='lat' dir='ltr'><strong>provrc&#39;a</strong></span> <span class='ocrx_word' id='word_1_211' title='bbox 1469 2972 1661 3028; x_wconf 69' lang='lat' dir='ltr'><strong>relate,</strong></span> <span class='ocrx_word' id='word_1_212' title='bbox 1716 2971 1913 3034; x_wconf 72' lang='lat' dir='ltr'><strong>pneter</strong></span> <span class='ocrx_word' id='word_1_213' title='bbox 1964 2979 2060 3017; x_wconf 84' lang='lat' dir='ltr'><strong>na-</strong></span> 
     </span>
    </p>
   </div>
   <div class='ocr_carea' id='block_1_34' title="bbox 2153 464 3738 543">
    <p class='ocr_par' dir='ltr' id='par_1_34' title="bbox 2153 464 3738 543">
     <span class='ocr_line' id='line_1_34' title="bbox 2153 464 3738 543; baseline -0.004 -17"><span class='ocrx_word' id='word_1_214' title='bbox 2153 473 2334 526; x_wconf 89' lang='grc' dir='ltr'>πίστιν</span> <span class='ocrx_word' id='word_1_215' title='bbox 2372 474 2516 543; x_wconf 85' lang='grc' dir='ltr'>ῐσην,</span> <span class='ocrx_word' id='word_1_216' title='bbox 2549 471 2661 524; x_wconf 70' lang='grc' dir='ltr'>ἴσον</span> <span class='ocrx_word' id='word_1_217' title='bbox 2693 470 2785 523; x_wconf 68' lang='grc' dir='ltr'>καὶ</span> <span class='ocrx_word' id='word_1_218' title='bbox 2817 471 2908 523; x_wconf 78' lang='grc' dir='ltr'>τὸν</span> <span class='ocrx_word' id='word_1_219' title='bbox 2931 469 3078 521; x_wconf 82' lang='grc' dir='ltr'>ελεον</span> <span class='ocrx_word' id='word_1_220' title='bbox 3106 467 3309 536; x_wconf 81' lang='grc' dir='ltr'>νέμων.</span> <span class='ocrx_word' id='word_1_221' title='bbox 3353 464 3590 535; x_wconf 77' lang='grc' dir='ltr'>Ἀπῆλθε</span> <span class='ocrx_word' id='word_1_222' title='bbox 3623 482 3738 520; x_wconf 61' lang='grc' dir='ltr'>τοίη</span> 
     </span>
    </p>
   </div>
   <div class='ocr_carea' id='block_1_35' title="bbox 2150 554 3727 634">
    <p class='ocr_par' dir='ltr' id='par_1_35' title="bbox 2150 554 3727 634">
     <span class='ocr_line' id='line_1_35' title="bbox 2150 554 3727 634; baseline -0.006 -17"><span class='ocrx_word' id='word_1_223' title='bbox 2150 554 2355 634; x_wconf 78' lang='grc' dir='ltr'>γαροῦν</span> <span class='ocrx_word' id='word_1_224' title='bbox 2380 563 2581 634; x_wconf 83' lang='grc' dir='ltr'>ὁμοίως</span> <span class='ocrx_word' id='word_1_225' title='bbox 2619 565 2685 633; x_wconf 78' lang='grc' dir='ltr'>τῇ</span> <span class='ocrx_word' id='word_1_226' title='bbox 2724 559 3071 634; x_wconf 76' lang='grc' dir='ltr'>προλαϐούσῃ</span> <span class='ocrx_word' id='word_1_227' title='bbox 3111 558 3205 612; x_wconf 72' lang='grc' dir='ltr'>καὶ</span> <span class='ocrx_word' id='word_1_228' title='bbox 3238 556 3375 628; x_wconf 84' lang='grc' dir='ltr'>αύτη</span> <span class='ocrx_word' id='word_1_229' title='bbox 3406 557 3504 627; x_wconf 80' lang='grc' dir='ltr'>τὴν</span> <span class='ocrx_word' id='word_1_230' title='bbox 3531 556 3727 625; x_wconf 77' lang='grc' dir='ltr'>ὑγείαν</span> 
     </span>
    </p>
   </div>
   <div class='ocr_carea' id='block_1_36' title="bbox 2150 649 3727 727">
    <p class='ocr_par' dir='ltr' id='par_1_36' title="bbox 2150 649 3727 727">
     <span class='ocr_line' id='line_1_36' title="bbox 2150 649 3727 727; baseline -0.004 -18"><span class='ocrx_word' id='word_1_231' title='bbox 2150 657 2516 727; x_wconf 73' lang='grc' dir='ltr'>κιμισαμένη,</span> <span class='ocrx_word' id='word_1_232' title='bbox 2550 655 2578 708; x_wconf 84' lang='grc' dir='ltr'><strong>δ</strong></span> <span class='ocrx_word' id='word_1_233' title='bbox 2604 655 2709 726; x_wconf 71' lang='grc' dir='ltr'><strong>πρὸ</strong></span> <span class='ocrx_word' id='word_1_234' title='bbox 2742 653 2937 724; x_wconf 79' lang='grc' dir='ltr'><strong>μικροῦ</strong></span> <span class='ocrx_word' id='word_1_235' title='bbox 2962 653 3064 722; x_wconf 79' lang='grc' dir='ltr'><strong>τῆς</strong></span> <span class='ocrx_word' id='word_1_236' title='bbox 3096 652 3303 714; x_wconf 78' lang='grc' dir='ltr'><strong>εἰκόνος</strong></span> <span class='ocrx_word' id='word_1_237' title='bbox 3336 651 3539 721; x_wconf 81' lang='grc' dir='ltr'>ἐκείνη,</span> <span class='ocrx_word' id='word_1_238' title='bbox 3568 649 3727 704; x_wconf 76' lang='grc' dir='ltr'>τοῦτο</span> 
     </span>
    </p>
   </div>
   <div class='ocr_carea' id='block_1_37' title="bbox 2150 742 3197 815">
    <p class='ocr_par' dir='ltr' id='par_1_37' title="bbox 2150 742 3197 815">
     <span class='ocr_line' id='line_1_37' title="bbox 2150 742 3197 815; baseline -0.002 -16"><span class='ocrx_word' id='word_1_239' title='bbox 2150 744 2244 799; x_wconf 78' lang='grc' dir='ltr'>νῦν</span> <span class='ocrx_word' id='word_1_240' title='bbox 2276 745 2414 814; x_wconf 70' lang='grc' dir='ltr'>αὕτη</span> <span class='ocrx_word' id='word_1_241' title='bbox 2439 743 2531 798; x_wconf 82' lang='grc' dir='ltr'>τοῦ</span> <span class='ocrx_word' id='word_1_242' title='bbox 2557 742 2913 815; x_wconf 77' lang='grc' dir='ltr'>πρωτυτύπου</span> <span class='ocrx_word' id='word_1_243' title='bbox 2939 742 3197 813; x_wconf 69' lang='grc' dir='ltr'>τυχοῦσα.</span> 
     </span>
    </p>
   </div>
   <div class='ocr_carea' id='block_1_38' title="bbox 2227 940 3731 1021">
    <p class='ocr_par' dir='ltr' id='par_1_38' title="bbox 2227 940 3731 1021">
     <span class='ocr_line' id='line_1_38' title="bbox 2227 940 3731 1021; baseline -0.003 -22"><span class='ocrx_word' id='word_1_244' title='bbox 2227 954 2376 1021; x_wconf 86' lang='grc' dir='ltr'>ρκς·’.</span> <span class='ocrx_word' id='word_1_245' title='bbox 2420 944 2579 1014; x_wconf 72' lang='grc' dir='ltr'><strong>Ἑξῆς</strong></span> <span class='ocrx_word' id='word_1_246' title='bbox 2609 946 2663 998; x_wconf 71' lang='grc' dir='ltr'><strong>δὲ</strong></span> <span class='ocrx_word' id='word_1_247' title='bbox 2699 943 2969 1015; x_wconf 74' lang='grc' dir='ltr'>προσῆλθε</span> <span class='ocrx_word' id='word_1_248' title='bbox 3002 960 3084 1006; x_wconf 86' lang='grc' dir='ltr'><strong>τις</strong></span> <span class='ocrx_word' id='word_1_249' title='bbox 3120 941 3261 1013; x_wconf 72' lang='grc' dir='ltr'>ἀνὴρ</span> <span class='ocrx_word' id='word_1_250' title='bbox 3304 940 3381 1011; x_wconf 81' lang='grc' dir='ltr'>τῷ</span> <span class='ocrx_word' id='word_1_251' title='bbox 3416 943 3632 1012; x_wconf 81' lang='grc' dir='ltr'>μεγάλῳ</span> <span class='ocrx_word' id='word_1_252' title='bbox 3663 941 3731 996; x_wconf 73' lang='grc' dir='ltr'><strong>ἐκ</strong></span> 
     </span>
    </p>
   </div>
   <div class='ocr_carea' id='block_1_39' title="bbox 2150 1031 3732 1111">
    <p class='ocr_par' dir='ltr' id='par_1_39' title="bbox 2150 1031 3732 1111">
     <span class='ocr_line' id='line_1_39' title="bbox 2150 1031 3732 1111; baseline -0.006 -15"><span class='ocrx_word' id='word_1_253' title='bbox 2150 1060 2295 1105; x_wconf 87' lang='grc' dir='ltr'>τινος</span> <span class='ocrx_word' id='word_1_254' title='bbox 2322 1041 2514 1111; x_wconf 80' lang='grc' dir='ltr'><strong>κώμης</strong></span> <span class='ocrx_word' id='word_1_255' title='bbox 2544 1038 2752 1108; x_wconf 84' lang='grc' dir='ltr'>(Μαγία</span> <span class='ocrx_word' id='word_1_256' title='bbox 2778 1036 2832 1089; x_wconf 80' lang='grc' dir='ltr'><strong>δὲ</strong></span> <span class='ocrx_word' id='word_1_257' title='bbox 2857 1037 3088 1106; x_wconf 76' lang='grc' dir='ltr'><strong>κέκλητο</strong></span> <span class='ocrx_word' id='word_1_258' title='bbox 3106 1031 3290 1103; x_wconf 77' lang='grc' dir='ltr'>αὕτη),</span> <span class='ocrx_word' id='word_1_259' title='bbox 3317 1034 3434 1097; x_wconf 75' lang='grc' dir='ltr'>ἔτος</span> <span class='ocrx_word' id='word_1_260' title='bbox 3456 1034 3516 1087; x_wconf 85' lang='grc' dir='ltr'><strong>ού</strong></span> <span class='ocrx_word' id='word_1_261' title='bbox 3548 1035 3732 1086; x_wconf 76' lang='grc' dir='ltr'>πλεῖον</span> 
     </span>
    </p>
   </div>
   <div class='ocr_carea' id='block_1_40' title="bbox 2152 1121 3733 1204">
    <p class='ocr_par' dir='ltr' id='par_1_40' title="bbox 2152 1121 3733 1204">
     <span class='ocr_line' id='line_1_40' title="bbox 2152 1121 3733 1204; baseline -0.008 -18"><span class='ocrx_word' id='word_1_262' title='bbox 2152 1132 2185 1204; x_wconf 82' lang='grc' dir='ltr'>ἢ</span> <span class='ocrx_word' id='word_1_263' title='bbox 2216 1129 2613 1200; x_wconf 65' lang='grc' dir='ltr'>ἑϐδομηκοστὸν</span> <span class='ocrx_word' id='word_1_264' title='bbox 2630 1124 2889 1193; x_wconf 85' lang='grc' dir='ltr'>γεγονὼς,</span> <span class='ocrx_word' id='word_1_265' title='bbox 2916 1124 3193 1195; x_wconf 80' lang='grc' dir='ltr'>δριμείαις</span> <span class='ocrx_word' id='word_1_266' title='bbox 3214 1123 3304 1176; x_wconf 68' lang='grc' dir='ltr'><strong>τὸν</strong></span> <span class='ocrx_word' id='word_1_267' title='bbox 3334 1122 3519 1175; x_wconf 76' lang='grc' dir='ltr'>ὀδόντα</span> <span class='ocrx_word' id='word_1_268' title='bbox 3544 1121 3733 1191; x_wconf 52' lang='lat'><strong>[313.21.6-</strong></span> 
     </span>
    </p>
   </div>
   <div class='ocr_carea' id='block_1_41' title="bbox 2160 1212 3731 1292">
    <p class='ocr_par' dir='ltr' id='par_1_41' title="bbox 2160 1212 3731 1292">
     <span class='ocr_line' id='line_1_41' title="bbox 2160 1212 3731 1292; baseline -0.01 -16"><span class='ocrx_word' id='word_1_269' title='bbox 2160 1239 2318 1292; x_wconf 88' lang='grc' dir='ltr'>μενος</span> <span class='ocrx_word' id='word_1_270' title='bbox 2348 1220 2581 1285; x_wconf 84' lang='grc' dir='ltr'>ὀδύναις·</span> <span class='ocrx_word' id='word_1_271' title='bbox 2609 1217 2924 1287; x_wconf 77' lang='grc' dir='ltr'>ὲπιτεθῆναί</span> <span class='ocrx_word' id='word_1_272' title='bbox 2950 1233 3006 1269; x_wconf 85' lang='grc' dir='ltr'><strong>τε</strong></span> <span class='ocrx_word' id='word_1_273' title='bbox 3033 1213 3181 1286; x_wconf 78' lang='grc' dir='ltr'>αὐτῷ</span> <span class='ocrx_word' id='word_1_274' title='bbox 3211 1214 3309 1282; x_wconf 71' lang='grc' dir='ltr'>τὴν</span> <span class='ocrx_word' id='word_1_275' title='bbox 3338 1213 3493 1267; x_wconf 83' lang='grc' dir='ltr'>ὁσίαν</span> <span class='ocrx_word' id='word_1_276' title='bbox 3519 1212 3731 1263; x_wconf 80' lang='grc' dir='ltr'>ἐκείνου</span> 
     </span>
    </p>
   </div>
   <div class='ocr_carea' id='block_1_42' title="bbox 2153 1301 3736 1386">
    <p class='ocr_par' dir='ltr' id='par_1_42' title="bbox 2153 1301 3736 1386">
     <span class='ocr_line' id='line_1_42' title="bbox 2153 1301 3736 1386; baseline -0.009 -19"><span class='ocrx_word' id='word_1_277' title='bbox 2153 1317 2312 1386; x_wconf 89' lang='grc' dir='ltr'>χεῖρα</span> <span class='ocrx_word' id='word_1_278' title='bbox 2338 1314 2611 1384; x_wconf 73' lang='grc' dir='ltr'>δεδμενος,</span> <span class='ocrx_word' id='word_1_279' title='bbox 2640 1311 2780 1365; x_wconf 79' lang='grc' dir='ltr'>ὥστε</span> <span class='ocrx_word' id='word_1_280' title='bbox 2804 1309 2992 1363; x_wconf 77' lang='grc' dir='ltr'>τοῦτον</span> <span class='ocrx_word' id='word_1_281' title='bbox 3019 1306 3365 1361; x_wconf 82' lang='grc' dir='ltr'>παντάπασιν</span> <span class='ocrx_word' id='word_1_282' title='bbox 3397 1301 3736 1372; x_wconf 76' lang='grc' dir='ltr'>ἐκκρουσθῆο</span> 
     </span>
    </p>
   </div>
   <div class='ocr_carea' id='block_1_43' title="bbox 2154 1392 3736 1473">
    <p class='ocr_par' dir='ltr' id='par_1_43' title="bbox 2154 1392 3736 1473">
     <span class='ocr_line' id='line_1_43' title="bbox 2154 1392 3736 1473; baseline -0.008 -13"><span class='ocrx_word' id='word_1_283' title='bbox 2154 1425 2262 1469; x_wconf 89' lang='grc' dir='ltr'>ναι,</span> <span class='ocrx_word' id='word_1_284' title='bbox 2306 1404 2661 1472; x_wconf 80' lang='grc' dir='ltr'>σαλευόμενον</span> <span class='ocrx_word' id='word_1_285' title='bbox 2716 1402 2816 1473; x_wconf 69' lang='grc' dir='ltr'>ἤδη</span> <span class='ocrx_word' id='word_1_286' title='bbox 2855 1399 2963 1455; x_wconf 88' lang='grc' dir='ltr'><strong>τῶν</strong></span> <span class='ocrx_word' id='word_1_287' title='bbox 3013 1399 3189 1452; x_wconf 71' lang='grc' dir='ltr'>πόνων</span> <span class='ocrx_word' id='word_1_288' title='bbox 3233 1397 3352 1458; x_wconf 81' lang='grc' dir='ltr'>ταῖς</span> <span class='ocrx_word' id='word_1_289' title='bbox 3382 1392 3736 1464; x_wconf 76' lang='grc' dir='ltr'>προσϐολαῖς.</span> 
     </span>
    </p>
   </div>
   <div class='ocr_carea' id='block_1_44' title="bbox 2156 1484 3732 1569">
    <p class='ocr_par' dir='ltr' id='par_1_44' title="bbox 2156 1484 3732 1569">
     <span class='ocr_line' id='line_1_44' title="bbox 2156 1484 3732 1569; baseline -0.011 -16"><span class='ocrx_word' id='word_1_290' title='bbox 2156 1498 2342 1552; x_wconf 78' lang='grc' dir='ltr'>Ταῦτα</span> <span class='ocrx_word' id='word_1_291' title='bbox 2384 1499 2413 1551; x_wconf 84' lang='grc' dir='ltr'><strong>ὁ</strong></span> <span class='ocrx_word' id='word_1_292' title='bbox 2450 1498 2547 1569; x_wconf 85' lang='grc' dir='ltr'><strong>μὲν</strong></span> <span class='ocrx_word' id='word_1_293' title='bbox 2579 1496 2766 1558; x_wconf 82' lang='grc' dir='ltr'>ἐδεῖτο,</span> <span class='ocrx_word' id='word_1_294' title='bbox 2799 1494 3009 1563; x_wconf 70' lang='grc' dir='ltr'>δάκρυα</span> <span class='ocrx_word' id='word_1_295' title='bbox 3034 1492 3144 1545; x_wconf 88' lang='grc' dir='ltr'><strong>τῶν</strong></span> <span class='ocrx_word' id='word_1_296' title='bbox 3167 1488 3461 1561; x_wconf 74' lang='grc' dir='ltr'>ὀφθαλμῶν</span> <span class='ocrx_word' id='word_1_297' title='bbox 3496 1484 3732 1547; x_wconf 64' lang='grc' dir='ltr'>καθιεὶς,</span> 
     </span>
    </p>
   </div>
   <div class='ocr_carea' id='block_1_45' title="bbox 2154 1577 3740 1659">
    <p class='ocr_par' dir='ltr' id='par_1_45' title="bbox 2154 1577 3740 1659">
     <span class='ocr_line' id='line_1_45' title="bbox 2154 1577 3740 1659; baseline -0.01 -15"><span class='ocrx_word' id='word_1_298' title='bbox 2154 1589 2225 1644; x_wconf 64' lang='grc' dir='ltr'><strong>τὰ</strong></span> <span class='ocrx_word' id='word_1_299' title='bbox 2248 1589 2429 1659; x_wconf 75' lang='grc' dir='ltr'>ψυχῆς</span> <span class='ocrx_word' id='word_1_300' title='bbox 2454 1587 2726 1658; x_wconf 82' lang='grc' dir='ltr'>ἀλγούσης</span> <span class='ocrx_word' id='word_1_301' title='bbox 2755 1585 2960 1656; x_wconf 76' lang='grc' dir='ltr'>ἀψευδῆ</span> <span class='ocrx_word' id='word_1_302' title='bbox 2998 1580 3242 1652; x_wconf 84' lang='grc' dir='ltr'>σύμϐολα</span> <span class='ocrx_word' id='word_1_303' title='bbox 3265 1594 3278 1606; x_wconf 89' lang='grc'><strong>·</strong></span> <span class='ocrx_word' id='word_1_304' title='bbox 3348 1583 3376 1634; x_wconf 83' lang='grc' dir='ltr'><strong>ὁ</strong></span> <span class='ocrx_word' id='word_1_305' title='bbox 3421 1579 3473 1632; x_wconf 73' lang='grc' dir='ltr'>δὲ</span> <span class='ocrx_word' id='word_1_306' title='bbox 3514 1577 3740 1648; x_wconf 74' lang='grc' dir='ltr'>χαριένο</span> 
     </span>
    </p>
   </div>
   <div class='ocr_carea' id='block_1_46' title="bbox 2157 1666 3744 1745">
    <p class='ocr_par' dir='ltr' id='par_1_46' title="bbox 2157 1666 3744 1745">
     <span class='ocr_line' id='line_1_46' title="bbox 2157 1666 3744 1745; baseline -0.008 -14"><span class='ocrx_word' id='word_1_307' title='bbox 2157 1696 2265 1742; x_wconf 88' lang='grc' dir='ltr'><strong>τως</strong></span> <span class='ocrx_word' id='word_1_308' title='bbox 2293 1676 2600 1743; x_wconf 83' lang='grc' dir='ltr'>ὑπολαϐὼν,</span> <span class='ocrx_word' id='word_1_309' title='bbox 2633 1676 2723 1745; x_wconf 83' lang='grc' dir='ltr'><strong>Μή</strong></span> <span class='ocrx_word' id='word_1_310' title='bbox 2759 1674 2889 1728; x_wconf 77' lang='grc' dir='ltr'>ποτέ</span> <span class='ocrx_word' id='word_1_311' title='bbox 2921 1691 3004 1726; x_wconf 84' lang='grc' dir='ltr'><strong>σοι</strong></span> <span class='ocrx_word' id='word_1_312' title='bbox 3036 1672 3263 1743; x_wconf 78' lang='grc' dir='ltr'>βέλτιον,</span> <span class='ocrx_word' id='word_1_313' title='bbox 3300 1667 3427 1739; x_wconf 70' lang='grc' dir='ltr'>ἔφη,</span> <span class='ocrx_word' id='word_1_314' title='bbox 3455 1668 3548 1721; x_wconf 71' lang='grc' dir='ltr'><strong>καὶ</strong></span> <span class='ocrx_word' id='word_1_315' title='bbox 3577 1666 3744 1721; x_wconf 82' lang='grc' dir='ltr'>ἄλλον</span> 
     </span>
    </p>
   </div>
   <div class='ocr_carea' id='block_1_47' title="bbox 2162 1758 3746 1841">
    <p class='ocr_par' dir='ltr' id='par_1_47' title="bbox 2162 1758 3746 1841">
     <span class='ocr_line' id='line_1_47' title="bbox 2162 1758 3746 1841; baseline -0.011 -16"><span class='ocrx_word' id='word_1_316' title='bbox 2162 1771 2392 1840; x_wconf 75' lang='grc' dir='ltr'><strong>ἐκφῦναι</strong></span> <span class='ocrx_word' id='word_1_317' title='bbox 2427 1768 2627 1841; x_wconf 78' lang='grc' dir='ltr'>μᾶλλον</span> <span class='ocrx_word' id='word_1_318' title='bbox 2664 1769 2852 1831; x_wconf 76' lang='grc' dir='ltr'>αἰτεῖν,</span> <span class='ocrx_word' id='word_1_319' title='bbox 2880 1765 2913 1837; x_wconf 79' lang='grc' dir='ltr'>ἢ</span> <span class='ocrx_word' id='word_1_320' title='bbox 2944 1765 3035 1819; x_wconf 80' lang='grc' dir='ltr'><strong>τὸν</strong></span> <span class='ocrx_word' id='word_1_321' title='bbox 3070 1761 3322 1833; x_wconf 81' lang='grc' dir='ltr'>πονήρως</span> <span class='ocrx_word' id='word_1_322' title='bbox 3353 1759 3542 1830; x_wconf 76' lang='grc' dir='ltr'>ἔχοντα</span> <span class='ocrx_word' id='word_1_323' title='bbox 3575 1758 3746 1829; x_wconf 83' lang='grc' dir='ltr'>μόνον</span> 
     </span>
    </p>
   </div>
   <div class='ocr_carea' id='block_1_48' title="bbox 2161 1847 3748 1929">
    <p class='ocr_par' dir='ltr' id='par_1_48' title="bbox 2161 1847 3748 1929">
     <span class='ocr_line' id='line_1_48' title="bbox 2161 1847 3748 1929; baseline -0.01 -12"><span class='ocrx_word' id='word_1_324' title='bbox 2161 1862 2456 1917; x_wconf 78' lang='grc' dir='ltr'>ἀποϐαλεῖν</span> <span class='ocrx_word' id='word_1_325' title='bbox 2480 1877 2494 1926; x_wconf 91' lang='lat'><strong>;</strong></span> <span class='ocrx_word' id='word_1_326' title='bbox 2527 1860 2637 1913; x_wconf 75' lang='lat' dir='ltr'><strong>Kal.</strong></span> <span class='ocrx_word' id='word_1_327' title='bbox 2676 1858 2735 1922; x_wconf 81' lang='grc' dir='ltr'>ὃς</span> <span class='ocrx_word' id='word_1_328' title='bbox 2762 1857 2897 1929; x_wconf 78' lang='grc' dir='ltr'>πρὸς</span> <span class='ocrx_word' id='word_1_329' title='bbox 2924 1855 2986 1909; x_wconf 84' lang='grc' dir='ltr'><strong>τδ</strong></span> <span class='ocrx_word' id='word_1_330' title='bbox 3025 1855 3178 1926; x_wconf 81' lang='grc' dir='ltr'>ῥῆμα</span> <span class='ocrx_word' id='word_1_331' title='bbox 3204 1853 3301 1923; x_wconf 79' lang='grc' dir='ltr'><strong>τὴν</strong></span> <span class='ocrx_word' id='word_1_332' title='bbox 3329 1850 3508 1921; x_wconf 73' lang='grc' dir='ltr'>ψυχὴν</span> <span class='ocrx_word' id='word_1_333' title='bbox 3539 1847 3748 1911; x_wconf 73' lang='grc' dir='ltr'>ἀναζέ-</span> 
     </span>
    </p>
   </div>
   <div class='ocr_carea' id='block_1_49' title="bbox 2163 1941 3742 2026">
    <p class='ocr_par' dir='ltr' id='par_1_49' title="bbox 2163 1941 3742 2026">
     <span class='ocr_line' id='line_1_49' title="bbox 2163 1941 3742 2026; baseline -0.009 -17"><span class='ocrx_word' id='word_1_334' title='bbox 2163 1973 2262 2018; x_wconf 88' lang='grc' dir='ltr'><strong>σας</strong></span> <span class='ocrx_word' id='word_1_335' title='bbox 2295 1953 2342 2026; x_wconf 81' lang='grc' dir='ltr'><strong>(ὃ</strong></span> <span class='ocrx_word' id='word_1_336' title='bbox 2377 1955 2620 2023; x_wconf 76' lang='grc' dir='ltr'>πέφυκεν</span> <span class='ocrx_word' id='word_1_337' title='bbox 2647 1952 2734 2004; x_wconf 79' lang='grc' dir='ltr'><strong>ἀεὶ</strong></span> <span class='ocrx_word' id='word_1_338' title='bbox 2763 1950 2896 2021; x_wconf 80' lang='grc' dir='ltr'>δρᾷν</span> <span class='ocrx_word' id='word_1_339' title='bbox 2922 1946 3141 2018; x_wconf 79' lang='grc' dir='ltr'>ἀγαθῶν</span> <span class='ocrx_word' id='word_1_340' title='bbox 3173 1944 3596 2015; x_wconf 80' lang='grc' dir='ltr'><strong>ἀπροσδοκήτων</strong></span> <span class='ocrx_word' id='word_1_341' title='bbox 3630 1941 3742 1995; x_wconf 83' lang='grc' dir='ltr'>ἐπ-</span> 
     </span>
    </p>
   </div>
   <div class='ocr_carea' id='block_1_50' title="bbox 2161 2030 3747 2118">
    <p class='ocr_par' dir='ltr' id='par_1_50' title="bbox 2161 2030 3747 2118">
     <span class='ocr_line' id='line_1_50' title="bbox 2161 2030 3747 2118; baseline -0.013 -14"><span class='ocrx_word' id='word_1_342' title='bbox 2161 2046 2413 2117; x_wconf 85' lang='grc' dir='ltr'>αγγελία)</span> <span class='ocrx_word' id='word_1_343' title='bbox 2444 2045 2780 2118; x_wconf 81' lang='grc' dir='ltr'>ἀμφοτέραις</span> <span class='ocrx_word' id='word_1_344' title='bbox 2811 2059 2870 2095; x_wconf 88' lang='grc' dir='ltr'><strong>τε</strong></span> <span class='ocrx_word' id='word_1_345' title='bbox 2909 2040 3008 2111; x_wconf 78' lang='grc' dir='ltr'>τῆς</span> <span class='ocrx_word' id='word_1_346' title='bbox 3047 2037 3304 2108; x_wconf 86' lang='grc' dir='ltr'>μηλωτῆς</span> <span class='ocrx_word' id='word_1_347' title='bbox 3349 2036 3424 2100; x_wconf 83' lang='grc' dir='ltr'>ὡς</span> <span class='ocrx_word' id='word_1_348' title='bbox 3466 2030 3613 2105; x_wconf 71' lang='grc' dir='ltr'>εἶχεν</span> <span class='ocrx_word' id='word_1_349' title='bbox 3644 2034 3747 2085; x_wconf 78' lang='grc' dir='ltr'>ἐκ·</span> 
     </span>
    </p>
   </div>
   <div class='ocr_carea' id='block_1_51' title="bbox 2159 2123 3749 2211">
    <p class='ocr_par' dir='ltr' id='par_1_51' title="bbox 2159 2123 3749 2211">
     <span class='ocr_line' id='line_1_51' title="bbox 2159 2123 3749 2211; baseline -0.012 -17"><span class='ocrx_word' id='word_1_350' title='bbox 2159 2138 2515 2211; x_wconf 73' lang='grc' dir='ltr'>κρεμασθεὶς,</span> <span class='ocrx_word' id='word_1_351' title='bbox 2553 2133 2849 2189; x_wconf 82' lang='grc' dir='ltr'>ἀποϐάλλει</span> <span class='ocrx_word' id='word_1_352' title='bbox 2891 2132 2989 2202; x_wconf 75' lang='grc' dir='ltr'>μὲν</span> <span class='ocrx_word' id='word_1_353' title='bbox 3022 2130 3207 2192; x_wconf 77' lang='grc' dir='ltr'>αὐταῖς</span> <span class='ocrx_word' id='word_1_354' title='bbox 3252 2126 3451 2198; x_wconf 77' lang='grc' dir='ltr'>ῥίζαις,</span> <span class='ocrx_word' id='word_1_355' title='bbox 3496 2123 3749 2178; x_wconf 79' lang='grc' dir='ltr'>ἐπιθέσει</span> 
     </span>
    </p>
   </div>
   <div class='ocr_carea' id='block_1_52' title="bbox 2156 2216 3751 2304">
    <p class='ocr_par' dir='ltr' id='par_1_52' title="bbox 2156 2216 3751 2304">
     <span class='ocr_line' id='line_1_52' title="bbox 2156 2216 3751 2304; baseline -0.011 -19"><span class='ocrx_word' id='word_1_356' title='bbox 2156 2231 2357 2304; x_wconf 85' lang='grc' dir='ltr'>χειρῶν</span> <span class='ocrx_word' id='word_1_357' title='bbox 2399 2227 2611 2281; x_wconf 82' lang='grc' dir='ltr'>ἐκείνου</span> <span class='ocrx_word' id='word_1_358' title='bbox 2659 2223 2859 2295; x_wconf 75' lang='grc' dir='ltr'>πολλὴν</span> <span class='ocrx_word' id='word_1_359' title='bbox 2910 2220 3114 2277; x_wconf 73' lang='grc' dir='ltr'>ἄνωθεν</span> <span class='ocrx_word' id='word_1_360' title='bbox 3149 2219 3385 2290; x_wconf 80' lang='grc' dir='ltr'>ἑλκούσῃ</span> <span class='ocrx_word' id='word_1_361' title='bbox 3415 2217 3513 2284; x_wconf 82' lang='grc' dir='ltr'>τὴν</span> <span class='ocrx_word' id='word_1_362' title='bbox 3551 2216 3751 2286; x_wconf 74' lang='grc' dir='ltr'>χάριν,</span> 
     </span>
    </p>
   </div>
   <div class='ocr_carea' id='block_1_53' title="bbox 2157 2305 3751 2390">
    <p class='ocr_par' dir='ltr' id='par_1_53' title="bbox 2157 2305 3751 2390">
     <span class='ocr_line' id='line_1_53' title="bbox 2157 2305 3751 2390; baseline -0.013 -14"><span class='ocrx_word' id='word_1_363' title='bbox 2157 2322 2249 2377; x_wconf 79' lang='grc' dir='ltr'><strong>τὸν</strong></span> <span class='ocrx_word' id='word_1_364' title='bbox 2285 2317 2681 2390; x_wconf 82' lang='grc' dir='ltr'>διεφθαρμένον</span> <span class='ocrx_word' id='word_1_365' title='bbox 2712 2313 2898 2367; x_wconf 82' lang='grc' dir='ltr'>ὀδόντα</span> <span class='ocrx_word' id='word_1_366' title='bbox 2921 2325 2935 2339; x_wconf 77' lang='grc'><strong>⁸</strong></span> <span class='ocrx_word' id='word_1_367' title='bbox 2972 2309 3160 2381; x_wconf 73' lang='grc' dir='ltr'>ἔτερος</span> <span class='ocrx_word' id='word_1_368' title='bbox 3182 2307 3239 2361; x_wconf 82' lang='grc' dir='ltr'>δὲ</span> <span class='ocrx_word' id='word_1_369' title='bbox 3266 2306 3406 2378; x_wconf 86' lang='grc' dir='ltr'><strong>μετά</strong></span> <span class='ocrx_word' id='word_1_370' title='bbox 3431 2322 3579 2369; x_wconf 77' lang='grc' dir='ltr'>τινας</span> <span class='ocrx_word' id='word_1_371' title='bbox 3604 2305 3751 2375; x_wconf 71' lang='grc' dir='ltr'>ἡμέε-</span> 
     </span>
    </p>
   </div>
   <div class='ocr_carea' id='block_1_54' title="bbox 2164 2395 3749 2483">
    <p class='ocr_par' dir='ltr' id='par_1_54' title="bbox 2164 2395 3749 2483">
     <span class='ocr_line' id='line_1_54' title="bbox 2164 2395 3749 2483; baseline -0.009 -18"><span class='ocrx_word' id='word_1_372' title='bbox 2164 2429 2265 2483; x_wconf 93' lang='grc' dir='ltr'><strong>ρας</strong></span> <span class='ocrx_word' id='word_1_373' title='bbox 2292 2408 2358 2479; x_wconf 83' lang='grc' dir='ltr'><strong>(ὢ</strong></span> <span class='ocrx_word' id='word_1_374' title='bbox 2383 2409 2707 2479; x_wconf 74' lang='grc' dir='ltr'>πράγματος</span> <span class='ocrx_word' id='word_1_375' title='bbox 2733 2404 2794 2458; x_wconf 86' lang='grc' dir='ltr'><strong>οὐ</strong></span> <span class='ocrx_word' id='word_1_376' title='bbox 2821 2401 3016 2475; x_wconf 75' lang='grc' dir='ltr'>ῥᾳδίως</span> <span class='ocrx_word' id='word_1_377' title='bbox 3040 2395 3430 2469; x_wconf 79' lang='grc' dir='ltr'>πιστευομένου</span> <span class='ocrx_word' id='word_1_378' title='bbox 3454 2397 3509 2464; x_wconf 78' lang='grc' dir='ltr'>ί)</span> <span class='ocrx_word' id='word_1_379' title='bbox 3546 2396 3749 2464; x_wconf 73' lang='grc' dir='ltr'>ἐφύετό</span> 
     </span>
    </p>
   </div>
   <div class='ocr_carea' id='block_1_55' title="bbox 2159 2487 3744 2572">
    <p class='ocr_par' dir='ltr' id='par_1_55' title="bbox 2159 2487 3744 2572">
     <span class='ocr_line' id='line_1_55' title="bbox 2159 2487 3744 2572; baseline -0.011 -13"><span class='ocrx_word' id='word_1_380' title='bbox 2159 2522 2220 2558; x_wconf 86' lang='grc' dir='ltr'><strong>τε</strong></span> <span class='ocrx_word' id='word_1_381' title='bbox 2254 2504 2348 2557; x_wconf 74' lang='grc' dir='ltr'><strong>καὶ</strong></span> <span class='ocrx_word' id='word_1_382' title='bbox 2378 2500 2592 2572; x_wconf 79' lang='grc' dir='ltr'>ηὕξετο.</span> <span class='ocrx_word' id='word_1_383' title='bbox 2626 2497 2737 2552; x_wconf 75' lang='grc' dir='ltr'><strong>Καὶ</strong></span> <span class='ocrx_word' id='word_1_384' title='bbox 2765 2495 2955 2550; x_wconf 91' lang='grc' dir='ltr'>τούτου</span> <span class='ocrx_word' id='word_1_385' title='bbox 3003 2494 3278 2565; x_wconf 84' lang='grc' dir='ltr'>μάρτυρες</span> <span class='ocrx_word' id='word_1_386' title='bbox 3302 2488 3510 2543; x_wconf 81' lang='grc' dir='ltr'>πολλῶν</span> <span class='ocrx_word' id='word_1_387' title='bbox 3531 2487 3744 2559; x_wconf 76' lang='grc' dir='ltr'>ὀφθαλ-</span> 
     </span>
    </p>
   </div>
   <div class='ocr_carea' id='block_1_56' title="bbox 2164 2577 3745 2667">
    <p class='ocr_par' dir='ltr' id='par_1_56' title="bbox 2164 2577 3745 2667">
     <span class='ocr_line' id='line_1_56' title="bbox 2164 2577 3745 2667; baseline -0.011 -18"><span class='ocrx_word' id='word_1_388' title='bbox 2164 2596 2274 2667; x_wconf 76' lang='grc' dir='ltr'>μοὶ,</span> <span class='ocrx_word' id='word_1_389' title='bbox 2328 2587 2409 2657; x_wconf 73' lang='grc' dir='ltr'>οἷς</span> <span class='ocrx_word' id='word_1_390' title='bbox 2462 2593 2542 2655; x_wconf 88' lang='grc' dir='ltr'>εἰς</span> <span class='ocrx_word' id='word_1_391' title='bbox 2600 2588 2786 2658; x_wconf 80' lang='grc' dir='ltr'>θαῦμα</span> <span class='ocrx_word' id='word_1_392' title='bbox 2832 2588 2983 2656; x_wconf 74' lang='grc' dir='ltr'>παρὰ</span> <span class='ocrx_word' id='word_1_393' title='bbox 3032 2583 3126 2637; x_wconf 75' lang='grc' dir='ltr'>τοῦ</span> <span class='ocrx_word' id='word_1_394' title='bbox 3177 2580 3433 2652; x_wconf 71' lang='grc' dir='ltr'>τυχόντος</span> <span class='ocrx_word' id='word_1_395' title='bbox 3486 2579 3588 2649; x_wconf 82' lang='grc' dir='ltr'><strong>τῆς</strong></span> <span class='ocrx_word' id='word_1_396' title='bbox 3646 2577 3745 2632; x_wconf 80' lang='grc' dir='ltr'>εύ-</span> 
     </span>
    </p>
   </div>
   <div class='ocr_carea' id='block_1_57' title="bbox 2160 2669 3745 2757">
    <p class='ocr_par' dir='ltr' id='par_1_57' title="bbox 2160 2669 3745 2757">
     <span class='ocr_line' id='line_1_57' title="bbox 2160 2669 3745 2757; baseline -0.011 -17"><span class='ocrx_word' id='word_1_397' title='bbox 2160 2685 2418 2757; x_wconf 80' lang='grc' dir='ltr'>εργεσίας</span> <span class='ocrx_word' id='word_1_398' title='bbox 2476 2681 2770 2743; x_wconf 87' lang='grc' dir='ltr'>ἐδείκνυτο,</span> <span class='ocrx_word' id='word_1_399' title='bbox 2823 2679 2886 2732; x_wconf 86' lang='grc' dir='ltr'><strong>τὸ</strong></span> <span class='ocrx_word' id='word_1_400' title='bbox 2961 2675 3058 2746; x_wconf 76' lang='grc' dir='ltr'><strong>ὀψὲ</strong></span> <span class='ocrx_word' id='word_1_401' title='bbox 3123 2672 3321 2746; x_wconf 79' lang='grc' dir='ltr'>δηλαδὴ</span> <span class='ocrx_word' id='word_1_402' title='bbox 3376 2670 3470 2725; x_wconf 84' lang='grc' dir='ltr'>τοῦ</span> <span class='ocrx_word' id='word_1_403' title='bbox 3521 2669 3745 2741; x_wconf 81' lang='grc' dir='ltr'>χρόνου,</span> 
     </span>
    </p>
   </div>
   <div class='ocr_carea' id='block_1_58' title="bbox 2162 2759 3751 2843">
    <p class='ocr_par' dir='ltr' id='par_1_58' title="bbox 2162 2759 3751 2843">
     <span class='ocr_line' id='line_1_58' title="bbox 2162 2759 3751 2843; baseline -0.012 -11"><span class='ocrx_word' id='word_1_404' title='bbox 2162 2778 2256 2832; x_wconf 72' lang='grc' dir='ltr'><strong>καὶ</strong></span> <span class='ocrx_word' id='word_1_405' title='bbox 2279 2776 2343 2830; x_wconf 82' lang='grc' dir='ltr'><strong>τὸ</strong></span> <span class='ocrx_word' id='word_1_406' title='bbox 2389 2774 2520 2843; x_wconf 79' lang='grc' dir='ltr'>παρ’</span> <span class='ocrx_word' id='word_1_407' title='bbox 2557 2770 2775 2841; x_wconf 75' lang='grc' dir='ltr'>ἠλικίαν</span> <span class='ocrx_word' id='word_1_408' title='bbox 2805 2768 2903 2837; x_wconf 80' lang='grc' dir='ltr'><strong>τῆς</strong></span> <span class='ocrx_word' id='word_1_409' title='bbox 2931 2766 3163 2836; x_wconf 82' lang='grc' dir='ltr'>φύσεως.</span> <span class='ocrx_word' id='word_1_410' title='bbox 3194 2765 3373 2834; x_wconf 83' lang='grc' dir='ltr'>Ὅπερ</span> <span class='ocrx_word' id='word_1_411' title='bbox 3396 2761 3460 2833; x_wconf 83' lang='grc' dir='ltr'>δὴ</span> <span class='ocrx_word' id='word_1_412' title='bbox 3491 2759 3751 2832; x_wconf 87' lang='grc' dir='ltr'>τηλικοῦ-</span> 
     </span>
    </p>
   </div>
   <div class='ocr_carea' id='block_1_59' title="bbox 2163 2852 3751 2942">
    <p class='ocr_par' dir='ltr' id='par_1_59' title="bbox 2163 2852 3751 2942">
     <span class='ocr_line' id='line_1_59' title="bbox 2163 2852 3751 2942; baseline -0.012 -19"><span class='ocrx_word' id='word_1_413' title='bbox 2163 2886 2253 2924; x_wconf 89' lang='grc' dir='ltr'><strong>τον</strong></span> <span class='ocrx_word' id='word_1_414' title='bbox 2284 2866 2365 2942; x_wconf 71' lang='grc' dir='ltr'><strong>ὃν,</strong></span> <span class='ocrx_word' id='word_1_415' title='bbox 2397 2866 2672 2935; x_wconf 81' lang='grc' dir='ltr'>ὑποχωρεῖ</span> <span class='ocrx_word' id='word_1_416' title='bbox 2688 2861 2754 2933; x_wconf 76' lang='grc' dir='ltr'>τῇ</span> <span class='ocrx_word' id='word_1_417' title='bbox 2780 2858 3031 2929; x_wconf 79' lang='grc' dir='ltr'>λέγεσθαι</span> <span class='ocrx_word' id='word_1_418' title='bbox 3061 2858 3159 2929; x_wconf 71' lang='grc' dir='ltr'>ἤδη</span> <span class='ocrx_word' id='word_1_419' title='bbox 3185 2856 3453 2926; x_wconf 74' lang='grc' dir='ltr'>μελλούσῃ</span> <span class='ocrx_word' id='word_1_420' title='bbox 3477 2853 3594 2922; x_wconf 75' lang='grc' dir='ltr'>μετ’</span> <span class='ocrx_word' id='word_1_421' title='bbox 3614 2852 3751 2905; x_wconf 82' lang='grc' dir='ltr'>αύτδ</span> 
     </span>
    </p>
   </div>
   <div class='ocr_carea' id='block_1_60' title="bbox 2167 2959 2389 3031">
    <p class='ocr_par' dir='ltr' id='par_1_60' title="bbox 2167 2959 2389 3031">
     <span class='ocr_line' id='line_1_60' title="bbox 2167 2959 2389 3031; baseline 0 -17"><span class='ocrx_word' id='word_1_422' title='bbox 2167 2959 2389 3031; x_wconf 80' lang='grc' dir='ltr'>θεωρίᾳ.</span> 
     </span>
    </p>
   </div>
   <div class='ocr_carea' id='block_1_61' title="bbox 485 3037 3751 3133">
    <p class='ocr_par' dir='ltr' id='par_1_61' title="bbox 485 3037 3751 3133">
     <span class='ocr_line' id='line_1_61' title="bbox 485 3037 3751 3133; baseline -0.006 -19"><span class='ocrx_word' id='word_1_423' title='bbox 485 3069 623 3116; x_wconf 72' lang='lat' dir='ltr'><strong>turne</strong></span> <span class='ocrx_word' id='word_1_424' title='bbox 650 3062 898 3118; x_wconf 87' lang='lat' dir='ltr'><strong>ordinem</strong></span> <span class='ocrx_word' id='word_1_425' title='bbox 926 3063 1041 3117; x_wconf 73' lang='lat' dir='ltr'><strong>fleri</strong></span> <span class='ocrx_word' id='word_1_426' title='bbox 1078 3063 1344 3133; x_wconf 88' lang='lat' dir='ltr'><strong>potuisse.</strong></span> <span class='ocrx_word' id='word_1_427' title='bbox 1410 3058 1515 3116; x_wconf 85' lang='lat' dir='ltr'><strong>Sed</strong></span> <span class='ocrx_word' id='word_1_428' title='bbox 1580 3075 1891 3130; x_wconf 87' lang='lat' dir='ltr'><strong>quanquam</strong></span> <span class='ocrx_word' id='word_1_429' title='bbox 1952 3058 2008 3113; x_wconf 84' lang='lat' dir='ltr'><strong>id</strong></span> <span class='ocrx_word' id='word_1_430' title='bbox 2076 3066 2286 3114; x_wconf 87' lang='lat' dir='ltr'><strong>tantum</strong></span> <span class='ocrx_word' id='word_1_431' title='bbox 2328 3056 2419 3121; x_wconf 90' lang='lat' dir='ltr'><strong>sit,</strong></span> <span class='ocrx_word' id='word_1_432' title='bbox 2464 3050 2720 3109; x_wconf 85' lang='lat' dir='ltr'><strong>concedit</strong></span> <span class='ocrx_word' id='word_1_433' title='bbox 2767 3057 2946 3104; x_wconf 85' lang='lat' dir='ltr'><strong>tamen</strong></span> <span class='ocrx_word' id='word_1_434' title='bbox 2988 3046 3089 3112; x_wconf 85' lang='lat' dir='ltr'><strong>illi,</strong></span> <span class='ocrx_word' id='word_1_435' title='bbox 3132 3056 3295 3117; x_wconf 84' lang='lat' dir='ltr'><strong>quam</strong></span> <span class='ocrx_word' id='word_1_436' title='bbox 3341 3054 3509 3127; x_wconf 79' lang='lat' dir='ltr'><strong>porro</strong></span> <span class='ocrx_word' id='word_1_437' title='bbox 3542 3037 3751 3096; x_wconf 80' lang='lat' dir='ltr'><strong>dicturi</strong></span> 
     </span>
    </p>
   </div>
   <div class='ocr_carea' id='block_1_62' title="bbox 484 3153 960 3217">
    <p class='ocr_par' dir='ltr' id='par_1_62' title="bbox 484 3153 960 3217">
     <span class='ocr_line' id='line_1_62' title="bbox 484 3153 960 3217; baseline 0.006 -14"><span class='ocrx_word' id='word_1_438' title='bbox 484 3168 696 3217; x_wconf 88' lang='lat' dir='ltr'><strong>sumus,</strong></span> <span class='ocrx_word' id='word_1_439' title='bbox 738 3153 960 3207; x_wconf 80' lang='lat' dir='ltr'><strong>visioni.</strong></span> 
     </span>
    </p>
   </div>
   <div class='ocr_carea' id='block_1_63' title="bbox 558 3249 2130 3334">
    <p class='ocr_par' dir='ltr' id='par_1_63' title="bbox 558 3249 2130 3334">
     <span class='ocr_line' id='line_1_63' title="bbox 558 3249 2130 3334; baseline 0.001 -14"><span class='ocrx_word' id='word_1_440' title='bbox 558 3268 683 3322; x_wconf 73' lang='grc'><strong>127.</strong></span> <span class='ocrx_word' id='word_1_441' title='bbox 718 3268 964 3334; x_wconf 83' lang='lat' dir='ltr'><strong>Quodam</strong></span> <span class='ocrx_word' id='word_1_442' title='bbox 1001 3249 1263 3334; x_wconf 84' lang='lat' dir='ltr'><strong>Sabbatc,</strong></span> <span class='ocrx_word' id='word_1_443' title='bbox 1318 3269 1624 3325; x_wconf 87' lang='lat' dir='ltr'><strong>decantatis</strong></span> <span class='ocrx_word' id='word_1_444' title='bbox 1671 3278 1797 3323; x_wconf 87' lang='lat' dir='ltr'><strong>ante</strong></span> <span class='ocrx_word' id='word_1_445' title='bbox 1842 3279 2059 3323; x_wconf 89' lang='lat' dir='ltr'><strong>noctem</strong></span> <span class='ocrx_word' id='word_1_446' title='bbox 2085 3267 2130 3328; x_wconf 89' lang='lat' dir='ltr'>C</span> 
     </span>
    </p>
   </div>
   <div class='ocr_carea' id='block_1_64' title="bbox 486 3358 2060 3431">
    <p class='ocr_par' dir='ltr' id='par_1_64' title="bbox 486 3358 2060 3431">
     <span class='ocr_line' id='line_1_64' title="bbox 486 3358 2060 3431; baseline -0.002 -15"><span class='ocrx_word' id='word_1_447' title='bbox 486 3361 763 3431; x_wconf 81' lang='lat' dir='ltr'><strong>Vesperis,</strong></span> <span class='ocrx_word' id='word_1_448' title='bbox 794 3361 1108 3431; x_wconf 84' lang='lat' dir='ltr'><strong>congregati</strong></span> <span class='ocrx_word' id='word_1_449' title='bbox 1143 3376 1320 3424; x_wconf 83' lang='lat' dir='ltr'><strong>erant,</strong></span> <span class='ocrx_word' id='word_1_450' title='bbox 1357 3371 1417 3416; x_wconf 93' lang='lat' dir='ltr'><strong>ut</strong></span> <span class='ocrx_word' id='word_1_451' title='bbox 1454 3361 1666 3415; x_wconf 75' lang='lat' dir='ltr'><strong>ferebat</strong></span> <span class='ocrx_word' id='word_1_452' title='bbox 1698 3358 2060 3419; x_wconf 84' lang='lat' dir='ltr'><strong>consuetudo,</strong></span> 
     </span>
    </p>
   </div>
   <div class='ocr_carea' id='block_1_65' title="bbox 486 3450 2063 3523">
    <p class='ocr_par' dir='ltr' id='par_1_65' title="bbox 486 3450 2063 3523">
     <span class='ocr_line' id='line_1_65' title="bbox 486 3450 2063 3523; baseline -0.001 -17"><span class='ocrx_word' id='word_1_453' title='bbox 486 3453 696 3507; x_wconf 88' lang='lat' dir='ltr'><strong>circum</strong></span> <span class='ocrx_word' id='word_1_454' title='bbox 743 3452 1071 3523; x_wconf 82' lang='lat' dir='ltr'><strong>Symeonem</strong></span> <span class='ocrx_word' id='word_1_455' title='bbox 1106 3452 1396 3521; x_wconf 84' lang='lat' dir='ltr'><strong>discipuli;</strong></span> <span class='ocrx_word' id='word_1_456' title='bbox 1427 3454 1522 3522; x_wconf 91' lang='lat' dir='ltr'><strong>qui</strong></span> <span class='ocrx_word' id='word_1_457' title='bbox 1557 3452 1680 3506; x_wconf 86' lang='lat' dir='ltr'><strong>illos</strong></span> <span class='ocrx_word' id='word_1_458' title='bbox 1712 3452 1779 3507; x_wconf 89' lang='lat' dir='ltr'><strong>de</strong></span> <span class='ocrx_word' id='word_1_459' title='bbox 1808 3467 1963 3506; x_wconf 86' lang='lat' dir='ltr'><strong>more</strong></span> <span class='ocrx_word' id='word_1_460' title='bbox 1995 3450 2063 3504; x_wconf 89' lang='lat' dir='ltr'><strong>ad</strong></span> 
     </span>
    </p>
   </div>
   <div class='ocr_carea' id='block_1_66' title="bbox 486 3542 2065 3615">
    <p class='ocr_par' dir='ltr' id='par_1_66' title="bbox 486 3542 2065 3615">
     <span class='ocr_line' id='line_1_66' title="bbox 486 3542 2065 3615; baseline -0.001 -18"><span class='ocrx_word' id='word_1_461' title='bbox 486 3544 825 3615; x_wconf 82' lang='lat' dir='ltr'><strong>vigilandum</strong></span> <span class='ocrx_word' id='word_1_462' title='bbox 867 3552 1029 3600; x_wconf 89' lang='lat' dir='ltr'><strong>nocte</strong></span> <span class='ocrx_word' id='word_1_463' title='bbox 1062 3545 1165 3599; x_wconf 89' lang='lat' dir='ltr'><strong>ista</strong></span> <span class='ocrx_word' id='word_1_464' title='bbox 1216 3545 1541 3599; x_wconf 88' lang='lat' dir='ltr'><strong>hortabatur</strong></span> <span class='ocrx_word' id='word_1_465' title='bbox 1581 3562 1595 3599; x_wconf 88' lang='lat'><strong>:</strong></span> <span class='ocrx_word' id='word_1_466' title='bbox 1630 3543 1828 3598; x_wconf 89' lang='lat' dir='ltr'><strong>deinde</strong></span> <span class='ocrx_word' id='word_1_467' title='bbox 1864 3542 2065 3599; x_wconf 89' lang='lat' dir='ltr'><strong>docere</strong></span> 
     </span>
    </p>
   </div>
   <div class='ocr_carea' id='block_1_67' title="bbox 484 3630 2066 3706">
    <p class='ocr_par' dir='ltr' id='par_1_67' title="bbox 484 3630 2066 3706">
     <span class='ocr_line' id='line_1_67' title="bbox 484 3630 2066 3706; baseline -0.001 -17"><span class='ocrx_word' id='word_1_468' title='bbox 484 3650 583 3690; x_wconf 90' lang='lat' dir='ltr'><strong>eos</strong></span> <span class='ocrx_word' id='word_1_469' title='bbox 633 3636 925 3705; x_wconf 89' lang='lat' dir='ltr'><strong>incipiens,</strong></span> <span class='ocrx_word' id='word_1_470' title='bbox 969 3630 1303 3706; x_wconf 80' lang='lat' dir='ltr'><strong>quaestiones</strong></span> <span class='ocrx_word' id='word_1_471' title='bbox 1332 3635 1597 3705; x_wconf 89' lang='lat' dir='ltr'><strong>quasdam</strong></span> <span class='ocrx_word' id='word_1_472' title='bbox 1639 3634 1974 3691; x_wconf 75' lang='lat' dir='ltr'><strong>didiciliores</strong></span> <span class='ocrx_word' id='word_1_473' title='bbox 2000 3649 2066 3688; x_wconf 86' lang='lat' dir='ltr'><strong>ac</strong></span> 
     </span>
    </p>
   </div>
   <div class='ocr_carea' id='block_1_68' title="bbox 486 3727 2065 3798">
    <p class='ocr_par' dir='ltr' id='par_1_68' title="bbox 486 3727 2065 3798">
     <span class='ocr_line' id='line_1_68' title="bbox 486 3727 2065 3798; baseline -0.001 -17"><span class='ocrx_word' id='word_1_474' title='bbox 486 3727 776 3798; x_wconf 83' lang='lat' dir='ltr'><strong>parabolas</strong></span> <span class='ocrx_word' id='word_1_475' title='bbox 808 3728 863 3782; x_wconf 90' lang='lat' dir='ltr'><strong>in</strong></span> <span class='ocrx_word' id='word_1_476' title='bbox 914 3730 1157 3784; x_wconf 89' lang='lat' dir='ltr'><strong>medium</strong></span> <span class='ocrx_word' id='word_1_477' title='bbox 1192 3729 1435 3798; x_wconf 88' lang='lat' dir='ltr'><strong>prolatas</strong></span> <span class='ocrx_word' id='word_1_478' title='bbox 1477 3728 1827 3793; x_wconf 86' lang='lat' dir='ltr'><strong>elucidabat;</strong></span> <span class='ocrx_word' id='word_1_479' title='bbox 1867 3743 1973 3797; x_wconf 88' lang='lat' dir='ltr'><strong>qua</strong></span> <span class='ocrx_word' id='word_1_480' title='bbox 2007 3742 2065 3781; x_wconf 91' lang='lat' dir='ltr'><strong>re</strong></span> 
     </span>
    </p>
   </div>
   <div class='ocr_carea' id='block_1_69' title="bbox 488 3818 2064 3890">
    <p class='ocr_par' dir='ltr' id='par_1_69' title="bbox 488 3818 2064 3890">
     <span class='ocr_line' id='line_1_69' title="bbox 488 3818 2064 3890; baseline -0.002 -15"><span class='ocrx_word' id='word_1_481' title='bbox 488 3820 563 3875; x_wconf 89' lang='lat' dir='ltr'><strong>ita</strong></span> <span class='ocrx_word' id='word_1_482' title='bbox 588 3820 829 3875; x_wconf 85' lang='lat' dir='ltr'><strong>suaviter</strong></span> <span class='ocrx_word' id='word_1_483' title='bbox 858 3820 1129 3876; x_wconf 81' lang='lat' dir='ltr'><strong>alliciebat</strong></span> <span class='ocrx_word' id='word_1_484' title='bbox 1157 3821 1373 3876; x_wconf 89' lang='lat' dir='ltr'><strong>illorum</strong></span> <span class='ocrx_word' id='word_1_485' title='bbox 1408 3821 1640 3885; x_wconf 89' lang='lat' dir='ltr'><strong>animos,</strong></span> <span class='ocrx_word' id='word_1_486' title='bbox 1676 3830 1939 3890; x_wconf 86' lang='lat' dir='ltr'><strong>tantoque</strong></span> <span class='ocrx_word' id='word_1_487' title='bbox 1967 3818 2064 3874; x_wconf 89' lang='lat' dir='ltr'><strong>Dei</strong></span> 
     </span>
    </p>
   </div>
   <div class='ocr_carea' id='block_1_70' title="bbox 492 3911 2069 3968">
    <p class='ocr_par' dir='ltr' id='par_1_70' title="bbox 492 3911 2069 3968">
     <span class='ocr_line' id='line_1_70' title="bbox 492 3911 2069 3968; baseline 0 -2"><span class='ocrx_word' id='word_1_488' title='bbox 492 3913 688 3967; x_wconf 90' lang='lat' dir='ltr'><strong>timore</strong></span> <span class='ocrx_word' id='word_1_489' title='bbox 710 3912 1080 3968; x_wconf 85' lang='lat' dir='ltr'><strong>ac&#39;dulcedine</strong></span> <span class='ocrx_word' id='word_1_490' title='bbox 1103 3912 1311 3968; x_wconf 90' lang='lat' dir='ltr'><strong>doloris</strong></span> <span class='ocrx_word' id='word_1_491' title='bbox 1331 3928 1426 3967; x_wconf 91' lang='lat' dir='ltr'><strong>cor</strong></span> <span class='ocrx_word' id='word_1_492' title='bbox 1444 3912 1806 3967; x_wconf 80' lang='lat' dir='ltr'><strong>exhilarantis</strong></span> <span class='ocrx_word' id='word_1_493' title='bbox 1824 3911 2069 3966; x_wconf 78' lang='lat' dir='ltr'><strong>cumula-</strong></span> 
     </span>
    </p>
   </div>
   <div class='ocr_carea' id='block_1_71' title="bbox 490 4002 2068 4075">
    <p class='ocr_par' dir='ltr' id='par_1_71' title="bbox 490 4002 2068 4075">
     <span class='ocr_line' id='line_1_71' title="bbox 490 4002 2068 4075; baseline -0.001 -17"><span class='ocrx_word' id='word_1_494' title='bbox 490 4003 604 4069; x_wconf 81' lang='lat' dir='ltr'><strong>bat,</strong></span> <span class='ocrx_word' id='word_1_495' title='bbox 631 4012 691 4059; x_wconf 90' lang='lat' dir='ltr'><strong>ut</strong></span> <span class='ocrx_word' id='word_1_496' title='bbox 712 4004 860 4075; x_wconf 90' lang='lat' dir='ltr'><strong>quod</strong></span> <span class='ocrx_word' id='word_1_497' title='bbox 885 4005 950 4059; x_wconf 90' lang='lat' dir='ltr'><strong>de</strong></span> <span class='ocrx_word' id='word_1_498' title='bbox 983 4004 1229 4060; x_wconf 88' lang='lat' dir='ltr'><strong>sirenum</strong></span> <span class='ocrx_word' id='word_1_499' title='bbox 1256 4013 1419 4059; x_wconf 89' lang='lat' dir='ltr'><strong>cantu</strong></span> <span class='ocrx_word' id='word_1_500' title='bbox 1444 4002 1649 4058; x_wconf 89' lang='lat' dir='ltr'><strong>dicitur</strong></span> <span class='ocrx_word' id='word_1_501' title='bbox 1672 4003 2068 4074; x_wconf 88' lang='lat' dir='ltr'><strong>propemodum</strong></span> 
     </span>
    </p>
   </div>
   <div class='ocr_carea' id='block_1_72' title="bbox 492 4095 2068 4169">
    <p class='ocr_par' dir='ltr' id='par_1_72' title="bbox 492 4095 2068 4169">
     <span class='ocr_line' id='line_1_72' title="bbox 492 4095 2068 4169; baseline -0.001 -18"><span class='ocrx_word' id='word_1_502' title='bbox 492 4096 548 4151; x_wconf 92' lang='lat' dir='ltr'><strong>in</strong></span> <span class='ocrx_word' id='word_1_503' title='bbox 573 4111 630 4152; x_wconf 89' lang='lat' dir='ltr'><strong>se</strong></span> <span class='ocrx_word' id='word_1_504' title='bbox 652 4097 1059 4169; x_wconf 82' lang='lat' dir='ltr'><strong>experirentur;</strong></span> <span class='ocrx_word' id='word_1_505' title='bbox 1089 4104 1452 4167; x_wconf 66' lang='lat' dir='ltr'><strong>prmterquam</strong></span> <span class='ocrx_word' id='word_1_506' title='bbox 1475 4096 1620 4166; x_wconf 90' lang='lat' dir='ltr'><strong>quod</strong></span> <span class='ocrx_word' id='word_1_507' title='bbox 1649 4095 2068 4150; x_wconf 83' lang='lat' dir='ltr'><strong>delectationem</strong></span> 
     </span>
    </p>
   </div>
   <div class='ocr_carea' id='block_1_73' title="bbox 495 4186 2073 4256">
    <p class='ocr_par' dir='ltr' id='par_1_73' title="bbox 495 4186 2073 4256">
     <span class='ocr_line' id='line_1_73' title="bbox 495 4186 2073 4256; baseline -0.001 -16"><span class='ocrx_word' id='word_1_508' title='bbox 495 4187 653 4241; x_wconf 89' lang='lat' dir='ltr'><strong>istam</strong></span> <span class='ocrx_word' id='word_1_509' title='bbox 686 4186 1131 4256; x_wconf 85' lang='lat' dir='ltr'><strong>consequebatur</strong></span> <span class='ocrx_word' id='word_1_510' title='bbox 1174 4201 1342 4251; x_wconf 89' lang='lat' dir='ltr'><strong>mors,</strong></span> <span class='ocrx_word' id='word_1_511' title='bbox 1374 4188 1515 4240; x_wconf 88' lang='lat' dir='ltr'><strong>hanc</strong></span> <span class='ocrx_word' id='word_1_512' title='bbox 1556 4186 1938 4241; x_wconf 87' lang='lat' dir='ltr'><strong>immortalitas</strong></span> <span class='ocrx_word' id='word_1_513' title='bbox 1981 4201 2073 4241; x_wconf 84' lang='lat' dir='ltr'><strong>ex-</strong></span> 
     </span>
    </p>
   </div>
   <div class='ocr_carea' id='block_1_74' title="bbox 494 4276 2074 4347">
    <p class='ocr_par' dir='ltr' id='par_1_74' title="bbox 494 4276 2074 4347">
     <span class='ocr_line' id='line_1_74' title="bbox 494 4276 2074 4347; baseline 0.001 -17"><span class='ocrx_word' id='word_1_514' title='bbox 494 4276 683 4345; x_wconf 87' lang='lat' dir='ltr'><strong>cipiat.</strong></span> <span class='ocrx_word' id='word_1_515' title='bbox 740 4276 921 4330; x_wconf 89' lang='lat' dir='ltr'><strong>Finito</strong></span> <span class='ocrx_word' id='word_1_516' title='bbox 971 4276 1138 4346; x_wconf 84' lang='lat' dir='ltr'><strong>igitur</strong></span> <span class='ocrx_word' id='word_1_517' title='bbox 1187 4292 1439 4332; x_wconf 84' lang='lat' dir='ltr'><strong>sermone</strong></span> <span class='ocrx_word' id='word_1_518' title='bbox 1500 4276 1818 4347; x_wconf 84' lang='lat' dir='ltr'><strong>Symeonis,</strong></span> <span class='ocrx_word' id='word_1_519' title='bbox 1878 4276 2074 4331; x_wconf 80' lang='lat' dir='ltr'><strong>fratres</strong></span> 
     </span>
    </p>
   </div>
   <div class='ocr_carea' id='block_1_75' title="bbox 500 4365 2075 4438">
    <p class='ocr_par' dir='ltr' id='par_1_75' title="bbox 500 4365 2075 4438">
     <span class='ocr_line' id='line_1_75' title="bbox 500 4365 2075 4438; baseline -0.001 -16"><span class='ocrx_word' id='word_1_520' title='bbox 500 4376 792 4423; x_wconf 88' lang='lat' dir='ltr'><strong>consuetas</strong></span> <span class='ocrx_word' id='word_1_521' title='bbox 819 4383 1010 4436; x_wconf 89' lang='lat' dir='ltr'><strong>preces</strong></span> <span class='ocrx_word' id='word_1_522' title='bbox 1036 4367 1269 4422; x_wconf 78' lang='lat' dir='ltr'><strong>fundere</strong></span> <span class='ocrx_word' id='word_1_523' title='bbox 1304 4375 1630 4438; x_wconf 79' lang='lat' dir='ltr'><strong>coeperunt;</strong></span> <span class='ocrx_word' id='word_1_524' title='bbox 1665 4382 1901 4436; x_wconf 90' lang='lat' dir='ltr'><strong>cumque</strong></span> <span class='ocrx_word' id='word_1_525' title='bbox 1930 4365 2075 4436; x_wconf 84' lang='lat' dir='ltr'><strong>psal-</strong></span> 
     </span>
    </p>
   </div>
   <div class='ocr_carea' id='block_1_76' title="bbox 498 4456 2074 4529">
    <p class='ocr_par' dir='ltr' id='par_1_76' title="bbox 498 4456 2074 4529">
     <span class='ocr_line' id='line_1_76' title="bbox 498 4456 2074 4529; baseline -0.002 -16"><span class='ocrx_word' id='word_1_526' title='bbox 498 4476 647 4519; x_wconf 88' lang='lat' dir='ltr'><strong>mum</strong></span> <span class='ocrx_word' id='word_1_527' title='bbox 678 4459 829 4513; x_wconf 76' lang='lat' dir='ltr'><strong>Beati</strong></span> <span class='ocrx_word' id='word_1_528' title='bbox 857 4459 1188 4514; x_wconf 81' lang='lat' dir='ltr'><strong>immaculati</strong></span> <span class='ocrx_word' id='word_1_529' title='bbox 1210 4462 1264 4513; x_wconf 81' lang='lat' dir='ltr'><strong>in</strong></span> <span class='ocrx_word' id='word_1_530' title='bbox 1297 4462 1404 4521; x_wconf 78' lang='lat' dir='ltr'><strong>via,</strong></span> <span class='ocrx_word' id='word_1_531' title='bbox 1439 4460 1525 4529; x_wconf 78' lang='lat' dir='ltr'><strong>qui</strong></span> <span class='ocrx_word' id='word_1_532' title='bbox 1558 4458 1835 4513; x_wconf 83' lang='lat' dir='ltr'><strong>ambulant</strong></span> <span class='ocrx_word' id='word_1_533' title='bbox 1865 4459 1919 4511; x_wconf 81' lang='lat' dir='ltr'><strong>in</strong></span> <span class='ocrx_word' id='word_1_534' title='bbox 1963 4456 2074 4529; x_wconf 81' lang='lat' dir='ltr'><strong>lege</strong></span> 
     </span>
    </p>
   </div>
   <div class='ocr_carea' id='block_1_77' title="bbox 498 4547 2073 4620">
    <p class='ocr_par' dir='ltr' id='par_1_77' title="bbox 498 4547 2073 4620">
     <span class='ocr_line' id='line_1_77' title="bbox 498 4547 2073 4620; baseline -0.001 -16"><span class='ocrx_word' id='word_1_535' title='bbox 498 4549 752 4616; x_wconf 80' lang='lat' dir='ltr'><strong>Domini,</strong></span> <span class='ocrx_word' id='word_1_536' title='bbox 789 4550 1119 4616; x_wconf 88' lang='lat' dir='ltr'><strong>recitarent,</strong></span> <span class='ocrx_word' id='word_1_537' title='bbox 1154 4550 1406 4620; x_wconf 86' lang='lat' dir='ltr'><strong>apparuit</strong></span> <span class='ocrx_word' id='word_1_538' title='bbox 1455 4558 1645 4604; x_wconf 90' lang='lat' dir='ltr'><strong>sancto</strong></span> <span class='ocrx_word' id='word_1_539' title='bbox 1681 4547 1933 4604; x_wconf 88' lang='lat' dir='ltr'><strong>Christus</strong></span> <span class='ocrx_word' id='word_1_540' title='bbox 1963 4547 2073 4602; x_wconf 83' lang='lat' dir='ltr'><strong>Do-</strong></span> 
     </span>
    </p>
   </div>
   <div class='ocr_carea' id='block_1_78' title="bbox 2235 3251 3751 3336">
    <p class='ocr_par' dir='ltr' id='par_1_78' title="bbox 2235 3251 3751 3336">
     <span class='ocr_line' id='line_1_78' title="bbox 2235 3251 3751 3336; baseline -0.011 -20"><span class='ocrx_word' id='word_1_541' title='bbox 2235 3261 2371 3336; x_wconf 67' lang='grc' dir='ltr'>ρκζν.</span> <span class='ocrx_word' id='word_1_542' title='bbox 2407 3261 2543 3314; x_wconf 81' lang='grc' dir='ltr'>Ποτὲ</span> <span class='ocrx_word' id='word_1_543' title='bbox 2583 3258 2690 3330; x_wconf 77' lang='grc' dir='ltr'>γὰρ</span> <span class='ocrx_word' id='word_1_544' title='bbox 2726 3256 2823 3327; x_wconf 68' lang='grc' dir='ltr'><strong>ὀψὲ</strong></span> <span class='ocrx_word' id='word_1_545' title='bbox 2853 3254 3130 3308; x_wconf 79' lang='grc' dir='ltr'>Σαϐϐἀτου</span> <span class='ocrx_word' id='word_1_546' title='bbox 3170 3251 3309 3323; x_wconf 66' lang='grc' dir='ltr'>μετὰ</span> <span class='ocrx_word' id='word_1_547' title='bbox 3354 3252 3479 3313; x_wconf 66' lang='grc' dir='ltr'>τοὺς</span> <span class='ocrx_word' id='word_1_548' title='bbox 3526 3252 3751 3321; x_wconf 77' lang='grc' dir='ltr'>ἑσπερι.</span> 
     </span>
    </p>
   </div>
   <div class='ocr_carea' id='block_1_79' title="bbox 2165 3340 3751 3422">
    <p class='ocr_par' dir='ltr' id='par_1_79' title="bbox 2165 3340 3751 3422">
     <span class='ocr_line' id='line_1_79' title="bbox 2165 3340 3751 3422; baseline -0.01 -13"><span class='ocrx_word' id='word_1_549' title='bbox 2165 3357 2289 3419; x_wconf 79' lang='grc' dir='ltr'>νοὺς</span> <span class='ocrx_word' id='word_1_550' title='bbox 2339 3354 2563 3422; x_wconf 75' lang='grc' dir='ltr'>ὕμνους,</span> <span class='ocrx_word' id='word_1_551' title='bbox 2612 3349 2754 3404; x_wconf 73' lang='grc' dir='ltr'>κατὰ</span> <span class='ocrx_word' id='word_1_552' title='bbox 2807 3348 2867 3400; x_wconf 83' lang='grc' dir='ltr'><strong>τὸ</strong></span> <span class='ocrx_word' id='word_1_553' title='bbox 2910 3344 3136 3414; x_wconf 84' lang='grc' dir='ltr'>σύνηθες</span> <span class='ocrx_word' id='word_1_554' title='bbox 3164 3345 3273 3395; x_wconf 87' lang='grc' dir='ltr'><strong>τῶν</strong></span> <span class='ocrx_word' id='word_1_555' title='bbox 3320 3340 3578 3413; x_wconf 81' lang='grc' dir='ltr'>μαθητῶν</span> <span class='ocrx_word' id='word_1_556' title='bbox 3618 3342 3751 3411; x_wconf 82' lang='grc' dir='ltr'>περὶ</span> 
     </span>
    </p>
   </div>
   <div class='ocr_carea' id='block_1_80' title="bbox 2166 3432 3752 3513">
    <p class='ocr_par' dir='ltr' id='par_1_80' title="bbox 2166 3432 3752 3513">
     <span class='ocr_line' id='line_1_80' title="bbox 2166 3432 3752 3513; baseline -0.011 -11"><span class='ocrx_word' id='word_1_557' title='bbox 2166 3448 2325 3502; x_wconf 77' lang='grc' dir='ltr'>αὑτὸν</span> <span class='ocrx_word' id='word_1_558' title='bbox 2342 3445 2757 3513; x_wconf 79' lang='grc' dir='ltr'>ἀθροισθέντων,</span> <span class='ocrx_word' id='word_1_559' title='bbox 2788 3437 3114 3512; x_wconf 75' lang='grc' dir='ltr'>ἀγρυπνίαν,</span> <span class='ocrx_word' id='word_1_560' title='bbox 3140 3434 3369 3500; x_wconf 82' lang='grc' dir='ltr'>ὡςέθος,</span> <span class='ocrx_word' id='word_1_561' title='bbox 3402 3432 3617 3503; x_wconf 80' lang='grc' dir='ltr'>ἐκείνης</span> <span class='ocrx_word' id='word_1_562' title='bbox 3650 3433 3752 3486; x_wconf 81' lang='grc' dir='ltr'>αύ-</span> 
     </span>
    </p>
   </div>
   <div class='ocr_carea' id='block_1_81' title="bbox 2166 3523 3751 3607">
    <p class='ocr_par' dir='ltr' id='par_1_81' title="bbox 2166 3523 3751 3607">
     <span class='ocr_line' id='line_1_81' title="bbox 2166 3523 3751 3607; baseline -0.013 -14"><span class='ocrx_word' id='word_1_563' title='bbox 2166 3543 2277 3602; x_wconf 81' lang='grc' dir='ltr'>τοῖς</span> <span class='ocrx_word' id='word_1_564' title='bbox 2297 3540 2397 3607; x_wconf 70' lang='grc' dir='ltr'>τῆς</span> <span class='ocrx_word' id='word_1_565' title='bbox 2422 3537 2613 3597; x_wconf 75' lang='grc' dir='ltr'>νυκτὸς</span> <span class='ocrx_word' id='word_1_566' title='bbox 2636 3531 3008 3603; x_wconf 80' lang='grc' dir='ltr'>παραγγείλας</span> <span class='ocrx_word' id='word_1_567' title='bbox 3028 3546 3042 3559; x_wconf 90' lang='grc'><strong>·</strong></span> <span class='ocrx_word' id='word_1_568' title='bbox 3071 3524 3188 3581; x_wconf 79' lang='grc' dir='ltr'>εἶτα</span> <span class='ocrx_word' id='word_1_569' title='bbox 3210 3524 3559 3588; x_wconf 78' lang='grc' dir='ltr'>διδασκαλίας</span> <span class='ocrx_word' id='word_1_570' title='bbox 3581 3523 3751 3592; x_wconf 73' lang='grc' dir='ltr'>ἀρξάο</span> 
     </span>
    </p>
   </div>
   <div class='ocr_carea' id='block_1_82' title="bbox 2170 3614 3751 3700">
    <p class='ocr_par' dir='ltr' id='par_1_82' title="bbox 2170 3614 3751 3700">
     <span class='ocr_line' id='line_1_82' title="bbox 2170 3614 3751 3700; baseline -0.011 -17"><span class='ocrx_word' id='word_1_571' title='bbox 2170 3646 2348 3700; x_wconf 79' lang='grc' dir='ltr'>μενος,</span> <span class='ocrx_word' id='word_1_572' title='bbox 2379 3624 2680 3695; x_wconf 82' lang='grc' dir='ltr'>αίνίγματά</span> <span class='ocrx_word' id='word_1_573' title='bbox 2698 3640 2757 3676; x_wconf 78' lang='grc' dir='ltr'><strong>τε</strong></span> <span class='ocrx_word' id='word_1_574' title='bbox 2778 3623 2873 3676; x_wconf 73' lang='grc' dir='ltr'><strong>καὶ</strong></span> <span class='ocrx_word' id='word_1_575' title='bbox 2903 3618 3217 3691; x_wconf 71' lang='grc' dir='ltr'>παραϐολὰς</span> <span class='ocrx_word' id='word_1_576' title='bbox 3246 3616 3427 3677; x_wconf 76' lang='grc' dir='ltr'>αὐτοῖς</span> <span class='ocrx_word' id='word_1_577' title='bbox 3462 3614 3751 3686; x_wconf 81' lang='grc' dir='ltr'>προτείνας</span> 
     </span>
    </p>
   </div>
   <div class='ocr_carea' id='block_1_83' title="bbox 2168 3704 3751 3783">
    <p class='ocr_par' dir='ltr' id='par_1_83' title="bbox 2168 3704 3751 3783">
     <span class='ocr_line' id='line_1_83' title="bbox 2168 3704 3751 3783; baseline -0.013 -5"><span class='ocrx_word' id='word_1_578' title='bbox 2168 3722 2263 3778; x_wconf 74' lang='grc' dir='ltr'>καὶ</span> <span class='ocrx_word' id='word_1_579' title='bbox 2292 3719 2574 3783; x_wconf 86' lang='grc' dir='ltr'>ἐπιλύσας,</span> <span class='ocrx_word' id='word_1_580' title='bbox 2603 3714 2778 3777; x_wconf 76' lang='grc' dir='ltr'>οὕτως</span> <span class='ocrx_word' id='word_1_581' title='bbox 2807 3711 2981 3766; x_wconf 80' lang='grc' dir='ltr'>αὐτῶν</span> <span class='ocrx_word' id='word_1_582' title='bbox 3006 3709 3223 3777; x_wconf 80' lang='grc' dir='ltr'>διέθηκε</span> <span class='ocrx_word' id='word_1_583' title='bbox 3272 3707 3372 3771; x_wconf 80' lang='grc' dir='ltr'><strong>τὰς</strong></span> <span class='ocrx_word' id='word_1_584' title='bbox 3410 3704 3612 3776; x_wconf 75' lang='grc' dir='ltr'>ψυχὰς,</span> <span class='ocrx_word' id='word_1_585' title='bbox 3654 3706 3751 3758; x_wconf 73' lang='grc' dir='ltr'>καὶ</span> 
     </span>
    </p>
   </div>
   <div class='ocr_carea' id='block_1_84' title="bbox 2168 3796 3753 3869">
    <p class='ocr_par' dir='ltr' id='par_1_84' title="bbox 2168 3796 3753 3869">
     <span class='ocr_line' id='line_1_84' title="bbox 2168 3796 3753 3869; baseline -0.013 -1"><span class='ocrx_word' id='word_1_586' title='bbox 2168 3812 2419 3869; x_wconf 82' lang='grc' dir='ltr'>τοσοῦτον</span> <span class='ocrx_word' id='word_1_587' title='bbox 2477 3810 2668 3867; x_wconf 78' lang='grc' dir='ltr'>αύταῖς</span> <span class='ocrx_word' id='word_1_588' title='bbox 2704 3803 2958 3869; x_wconf 72' lang='grc' dir='ltr'>ἐνέσταξε</span> <span class='ocrx_word' id='word_1_589' title='bbox 3021 3802 3163 3855; x_wconf 85' lang='grc' dir='ltr'>θεῖον</span> <span class='ocrx_word' id='word_1_590' title='bbox 3218 3799 3402 3868; x_wconf 82' lang='grc' dir='ltr'>φόϐον,</span> <span class='ocrx_word' id='word_1_591' title='bbox 3434 3799 3528 3852; x_wconf 73' lang='grc' dir='ltr'>καὶ</span> <span class='ocrx_word' id='word_1_592' title='bbox 3573 3796 3753 3866; x_wconf 87' lang='grc' dir='ltr'>λύπης</span> 
     </span>
    </p>
   </div>
   <div class='ocr_carea' id='block_1_85' title="bbox 2170 3886 3755 3975">
    <p class='ocr_par' dir='ltr' id='par_1_85' title="bbox 2170 3886 3755 3975">
     <span class='ocr_line' id='line_1_85' title="bbox 2170 3886 3755 3975; baseline -0.013 -16"><span class='ocrx_word' id='word_1_593' title='bbox 2170 3903 2394 3975; x_wconf 75' lang='grc' dir='ltr'>καρδίαν</span> <span class='ocrx_word' id='word_1_594' title='bbox 2426 3896 2823 3972; x_wconf 82' lang='grc' dir='ltr'>εὐφραινούσης</span> <span class='ocrx_word' id='word_1_595' title='bbox 2856 3891 3188 3963; x_wconf 78' lang='grc' dir='ltr'>γλυκύτητα,</span> <span class='ocrx_word' id='word_1_596' title='bbox 3224 3889 3300 3953; x_wconf 85' lang='grc' dir='ltr'>ὡς</span> <span class='ocrx_word' id='word_1_597' title='bbox 3335 3886 3534 3959; x_wconf 75' lang='grc' dir='ltr'>μικροῦ</span> <span class='ocrx_word' id='word_1_598' title='bbox 3693 3888 3755 3939; x_wconf 73' lang='grc' dir='ltr'>τὸ</span> 
     </span>
    </p>
   </div>
   <div class='ocr_carea' id='block_1_86' title="bbox 2170 3970 3753 4065">
    <p class='ocr_par' dir='ltr' id='par_1_86' title="bbox 2170 3970 3753 4065">
     <span class='ocr_line' id='line_1_86' title="bbox 2170 3970 3753 4065; baseline -0.012 -17"><span class='ocrx_word' id='word_1_599' title='bbox 2170 3970 2277 4048; x_wconf 71' lang='grc' dir='ltr'><strong>τῶν</strong></span> <span class='ocrx_word' id='word_1_600' title='bbox 2298 3970 2573 4065; x_wconf 80' lang='grc' dir='ltr'>ᾀδομένων</span> <span class='ocrx_word' id='word_1_601' title='bbox 2600 3970 2797 4049; x_wconf 77' lang='grc' dir='ltr'>αὐτοὺς</span> <span class='ocrx_word' id='word_1_602' title='bbox 2825 3984 3090 4055; x_wconf 81' lang='grc' dir='ltr'>σειρήνων</span> <span class='ocrx_word' id='word_1_603' title='bbox 3120 3981 3331 4045; x_wconf 83' lang='grc' dir='ltr'>παθεῖν,</span> <span class='ocrx_word' id='word_1_604' title='bbox 3363 3979 3502 4048; x_wconf 77' lang='grc' dir='ltr'>πλὴν</span> <span class='ocrx_word' id='word_1_605' title='bbox 3521 3970 3753 4040; x_wconf 84' lang='grc' dir='ltr'>ὃσονέίς</span> 
     </span>
    </p>
   </div>
   <div class='ocr_carea' id='block_1_87' title="bbox 2172 4068 3757 4153">
    <p class='ocr_par' dir='ltr' id='par_1_87' title="bbox 2172 4068 3757 4153">
     <span class='ocr_line' id='line_1_87' title="bbox 2172 4068 3757 4153; baseline -0.013 -13"><span class='ocrx_word' id='word_1_606' title='bbox 2172 4085 2402 4141; x_wconf 81' lang='grc' dir='ltr'>θάνατον</span> <span class='ocrx_word' id='word_1_607' title='bbox 2417 4074 2533 4153; x_wconf 78' lang='grc' dir='ltr'>’μὲν</span> <span class='ocrx_word' id='word_1_608' title='bbox 2560 4081 2677 4135; x_wconf 85' lang='grc' dir='ltr'>ἐκεῖ</span> <span class='ocrx_word' id='word_1_609' title='bbox 2707 4079 2768 4132; x_wconf 74' lang='grc' dir='ltr'><strong>τὸ</strong></span> <span class='ocrx_word' id='word_1_610' title='bbox 2797 4076 3005 4142; x_wconf 80' lang='grc' dir='ltr'>θέλγον,</span> <span class='ocrx_word' id='word_1_611' title='bbox 3025 4072 3257 4128; x_wconf 77' lang='grc' dir='ltr'>ἐνταῦθα</span> <span class='ocrx_word' id='word_1_612' title='bbox 3288 4072 3344 4125; x_wconf 65' lang='grc' dir='ltr'>δὲ</span> <span class='ocrx_word' id='word_1_613' title='bbox 3376 4068 3641 4124; x_wconf 84' lang='grc' dir='ltr'>τελευτῶν</span> <span class='ocrx_word' id='word_1_614' title='bbox 3673 4071 3757 4132; x_wconf 83' lang='grc' dir='ltr'><strong>είς</strong></span> 
     </span>
    </p>
   </div>
   <div class='ocr_carea' id='block_1_88' title="bbox 2173 4158 3754 4239">
    <p class='ocr_par' dir='ltr' id='par_1_88' title="bbox 2173 4158 3754 4239">
     <span class='ocr_line' id='line_1_88' title="bbox 2173 4158 3754 4239; baseline -0.014 -8"><span class='ocrx_word' id='word_1_615' title='bbox 2173 4173 2492 4231; x_wconf 82' lang='grc' dir='ltr'>ἀθανασίαν.</span> <span class='ocrx_word' id='word_1_616' title='bbox 2526 4170 2638 4239; x_wconf 84' lang='grc' dir='ltr'><strong>Τὴν</strong></span> <span class='ocrx_word' id='word_1_617' title='bbox 2667 4164 3014 4223; x_wconf 82' lang='grc' dir='ltr'>διδασκαλίαν</span> <span class='ocrx_word' id='word_1_618' title='bbox 3043 4162 3100 4215; x_wconf 84' lang='grc' dir='ltr'>δὲ</span> <span class='ocrx_word' id='word_1_619' title='bbox 3138 4163 3237 4233; x_wconf 86' lang='grc' dir='ltr'>τῆς</span> <span class='ocrx_word' id='word_1_620' title='bbox 3270 4160 3536 4231; x_wconf 80' lang='grc' dir='ltr'>συνήθους</span> <span class='ocrx_word' id='word_1_621' title='bbox 3569 4158 3754 4221; x_wconf 56' lang='lat' dir='ltr'><strong>animi;</strong></span> 
     </span>
    </p>
   </div>
   <div class='ocr_carea' id='block_1_89' title="bbox 2173 4239 3759 4337">
    <p class='ocr_par' dir='ltr' id='par_1_89' title="bbox 2173 4239 3759 4337">
     <span class='ocr_line' id='line_1_89' title="bbox 2173 4239 3759 4337; baseline -0.015 -14"><span class='ocrx_word' id='word_1_622' title='bbox 2173 4268 2340 4337; x_wconf 80' lang='grc' dir='ltr'>εὐχῆς</span> <span class='ocrx_word' id='word_1_623' title='bbox 2368 4260 2777 4332; x_wconf 79' lang='grc' dir='ltr'>διαδεξαμένης,</span> <span class='ocrx_word' id='word_1_624' title='bbox 2807 4257 2901 4311; x_wconf 72' lang='grc' dir='ltr'><strong>καὶ</strong></span> <span class='ocrx_word' id='word_1_625' title='bbox 2961 4255 3053 4308; x_wconf 81' lang='grc' dir='ltr'><strong>τὸν</strong></span> <span class='ocrx_word' id='word_1_626' title='bbox 3100 4239 3473 4325; x_wconf 64' lang='grc' dir='ltr'>μακαρίζοντα</span> <span class='ocrx_word' id='word_1_627' title='bbox 3527 4249 3657 4313; x_wconf 75' lang='grc' dir='ltr'>τοῦς</span> <span class='ocrx_word' id='word_1_628' title='bbox 3695 4250 3759 4302; x_wconf 73' lang='grc' dir='ltr'><strong>ἐν</strong></span> 
     </span>
    </p>
   </div>
   <div class='ocr_carea' id='block_1_90' title="bbox 2174 4342 3755 4431">
    <p class='ocr_par' dir='ltr' id='par_1_90' title="bbox 2174 4342 3755 4431">
     <span class='ocr_line' id='line_1_90' title="bbox 2174 4342 3755 4431; baseline -0.015 -17"><span class='ocrx_word' id='word_1_629' title='bbox 2174 4360 2280 4431; x_wconf 83' lang='grc' dir='ltr'>ὁδῷ</span> <span class='ocrx_word' id='word_1_630' title='bbox 2307 4357 2524 4428; x_wconf 82' lang='grc' dir='ltr'>ἀμώμῳ</span> <span class='ocrx_word' id='word_1_631' title='bbox 2550 4351 2787 4423; x_wconf 78' lang='grc' dir='ltr'>ψαλμὸν,</span> <span class='ocrx_word' id='word_1_632' title='bbox 2829 4351 2961 4412; x_wconf 75' lang='grc' dir='ltr'>τοὺς</span> <span class='ocrx_word' id='word_1_633' title='bbox 3002 4349 3059 4401; x_wconf 79' lang='grc' dir='ltr'><strong>ἐν</strong></span> <span class='ocrx_word' id='word_1_634' title='bbox 3096 4347 3244 4415; x_wconf 81' lang='grc' dir='ltr'>νόμῳ</span> <span class='ocrx_word' id='word_1_635' title='bbox 3286 4342 3489 4413; x_wconf 82' lang='grc' dir='ltr'>Κυρίου</span> <span class='ocrx_word' id='word_1_636' title='bbox 3524 4356 3755 4412; x_wconf 85' lang='grc' dir='ltr'>πορευο-</span> 
     </span>
    </p>
   </div>
   <div class='ocr_carea' id='block_1_91' title="bbox 2180 4433 3755 4521">
    <p class='ocr_par' dir='ltr' id='par_1_91' title="bbox 2180 4433 3755 4521">
     <span class='ocr_line' id='line_1_91' title="bbox 2180 4433 3755 4521; baseline -0.012 -18"><span class='ocrx_word' id='word_1_637' title='bbox 2180 4450 2392 4521; x_wconf 81' lang='grc' dir='ltr'>μένους,</span> <span class='ocrx_word' id='word_1_638' title='bbox 2412 4448 2497 4501; x_wconf 87' lang='grc' dir='ltr'>διὰ</span> <span class='ocrx_word' id='word_1_639' title='bbox 2533 4446 2797 4515; x_wconf 80' lang='grc' dir='ltr'>στόματος</span> <span class='ocrx_word' id='word_1_640' title='bbox 2823 4442 3056 4513; x_wconf 82' lang='grc' dir='ltr'>ἐχόντων</span> <span class='ocrx_word' id='word_1_641' title='bbox 3082 4437 3281 4501; x_wconf 83' lang='grc' dir='ltr'>αὐτῶν,</span> <span class='ocrx_word' id='word_1_642' title='bbox 3302 4433 3643 4504; x_wconf 77' lang='grc' dir='ltr'>ἐπιφαίνεται</span> <span class='ocrx_word' id='word_1_643' title='bbox 3674 4433 3755 4503; x_wconf 76' lang='grc' dir='ltr'>τῷ</span> 
     </span>
    </p>
   </div>
   <div class='ocr_carea' id='block_1_92' title="bbox 2178 4524 3749 4611">
    <p class='ocr_par' dir='ltr' id='par_1_92' title="bbox 2178 4524 3749 4611">
     <span class='ocr_line' id='line_1_92' title="bbox 2178 4524 3749 4611; baseline -0.011 -18"><span class='ocrx_word' id='word_1_644' title='bbox 2178 4538 2403 4611; x_wconf 85' lang='grc' dir='ltr'>Συμεὼν</span> <span class='ocrx_word' id='word_1_645' title='bbox 2431 4540 2459 4592; x_wconf 84' lang='grc' dir='ltr'>ὁ</span> <span class='ocrx_word' id='word_1_646' title='bbox 2488 4537 2765 4604; x_wconf 86' lang='grc' dir='ltr'>Δεσπότης</span> <span class='ocrx_word' id='word_1_647' title='bbox 2798 4531 3055 4604; x_wconf 81' lang='grc' dir='ltr'>Χριστὸς,</span> <span class='ocrx_word' id='word_1_648' title='bbox 3083 4526 3362 4600; x_wconf 84' lang='grc' dir='ltr'>μακαρίας</span> <span class='ocrx_word' id='word_1_649' title='bbox 3393 4524 3607 4597; x_wconf 81' lang='grc' dir='ltr'>ἐκείνης</span> <span class='ocrx_word' id='word_1_650' title='bbox 3627 4526 3749 4577; x_wconf 82' lang='grc' dir='ltr'>ἐπι-</span> 
     </span>
    </p>
   </div>
   <div class='ocr_carea' id='block_1_93' title="bbox 500 4598 2064 4713">
    <p class='ocr_par' dir='ltr' id='par_1_93' title="bbox 500 4598 2064 4713">
     <span class='ocr_line' id='line_1_93' title="bbox 500 4598 2037 4620; baseline -0.001 -4"><span class='ocrx_word' id='word_1_651' title='bbox 791 4598 1119 4616; x_wconf 56' lang='grc' dir='ltr'><strong>-π--ν-ν---ν</strong></span> <span class='ocrx_word' id='word_1_652' title='bbox 1155 4598 1405 4620; x_wconf 65' lang='grc' dir='ltr'><strong><em>-ιγ---η</em></strong></span> <span class='ocrx_word' id='word_1_653' title='bbox 1455 4598 1639 4604; x_wconf 43' lang='lat' dir='ltr'><strong>“mm</strong></span> <span class='ocrx_word' id='word_1_654' title='bbox 1692 4598 1930 4604; x_wconf 56' lang='grc' dir='ltr'><strong>νη---νπ</strong></span> <span class='ocrx_word' id='word_1_655' title='bbox 1964 4598 2037 4602; x_wconf 60' lang='grc' dir='ltr'><strong>-ν</strong></span> 
     </span>
     <span class='ocr_line' id='line_1_94' title="bbox 500 4638 2064 4713; baseline -0.004 -14"><span class='ocrx_word' id='word_1_656' title='bbox 500 4644 686 4700; x_wconf 88' lang='lat' dir='ltr'><strong>minus</strong></span> <span class='ocrx_word' id='word_1_657' title='bbox 746 4644 1003 4713; x_wconf 57' lang='lat' dir='ltr'><strong>praeclara</strong></span> <span class='ocrx_word' id='word_1_658' title='bbox 1071 4643 1124 4697; x_wconf 93' lang='lat' dir='ltr'><strong>in</strong></span> <span class='ocrx_word' id='word_1_659' title='bbox 1186 4642 1419 4703; x_wconf 86' lang='lat' dir='ltr'><strong>visione,</strong></span> <span class='ocrx_word' id='word_1_660' title='bbox 1472 4649 1656 4696; x_wconf 83' lang='lat' dir='ltr'><strong>astans</strong></span> <span class='ocrx_word' id='word_1_661' title='bbox 1705 4655 1734 4694; x_wconf 92' lang='lat' dir='ltr'><strong>a</strong></span> <span class='ocrx_word' id='word_1_662' title='bbox 1812 4638 2064 4695; x_wconf 77' lang='lat' dir='ltr'><strong>dexteris.</strong></span> 
     </span>
    </p>
   </div>
   <div class='ocr_carea' id='block_1_94' title="bbox 2167 4598 3752 4713">
    <p class='ocr_par' dir='ltr' id='par_1_94' title="bbox 2180 4598 3752 4702">
     <span class='ocr_line' id='line_1_95' title="bbox 2180 4598 3752 4702; baseline -0.012 -17"><span class='ocrx_word' id='word_1_663' title='bbox 2180 4598 2405 4702; x_wconf 73' lang='grc' dir='ltr'>φανείας</span> <span class='ocrx_word' id='word_1_664' title='bbox 2456 4629 2522 4683; x_wconf 80' lang='grc' dir='ltr'><strong>ἐκ</strong></span> <span class='ocrx_word' id='word_1_665' title='bbox 2565 4598 2755 4692; x_wconf 74' lang='grc' dir='ltr'>δεξιῶν</span> <span class='ocrx_word' id='word_1_666' title='bbox 2787 4598 2937 4694; x_wconf 71' lang='grc' dir='ltr'>αὐτῷ</span> <span class='ocrx_word' id='word_1_667' title='bbox 2979 4598 3297 4692; x_wconf 79' lang='grc' dir='ltr'>παρεστώς·</span> <span class='ocrx_word' id='word_1_668' title='bbox 3345 4618 3437 4671; x_wconf 67' lang='grc' dir='ltr'>καὶ</span> <span class='ocrx_word' id='word_1_669' title='bbox 3479 4616 3613 4687; x_wconf 78' lang='grc' dir='ltr'>πρὸς</span> <span class='ocrx_word' id='word_1_670' title='bbox 3655 4614 3752 4684; x_wconf 83' lang='grc' dir='ltr'>μὲν</span> 
     </span>
    </p>
   </div>
   <div class='ocr_carea' id='block_1_95' title="bbox 501 4731 2080 4801">
    <p class='ocr_par' dir='ltr' id='par_1_95' title="bbox 501 4731 2080 4801">
     <span class='ocr_line' id='line_1_96' title="bbox 501 4731 2080 4801; baseline -0.006 -6"><span class='ocrx_word' id='word_1_671' title='bbox 501 4738 572 4795; x_wconf 86' lang='lat' dir='ltr'><strong>Ut</strong></span> <span class='ocrx_word' id='word_1_672' title='bbox 593 4736 731 4792; x_wconf 84' lang='lat' dir='ltr'><strong>vidit</strong></span> <span class='ocrx_word' id='word_1_673' title='bbox 767 4736 880 4800; x_wconf 91' lang='lat' dir='ltr'><strong>ille,</strong></span> <span class='ocrx_word' id='word_1_674' title='bbox 913 4743 973 4789; x_wconf 92' lang='lat' dir='ltr'><strong>ut</strong></span> <span class='ocrx_word' id='word_1_675' title='bbox 995 4744 1179 4789; x_wconf 89' lang='lat' dir='ltr'><strong>mente</strong></span> <span class='ocrx_word' id='word_1_676' title='bbox 1215 4735 1541 4795; x_wconf 86' lang='lat' dir='ltr'><strong>illustratus,</strong></span> <span class='ocrx_word' id='word_1_677' title='bbox 1568 4748 1741 4801; x_wconf 88' lang='lat' dir='ltr'><strong>eaque</strong></span> <span class='ocrx_word' id='word_1_678' title='bbox 1777 4737 1890 4786; x_wconf 90' lang='lat' dir='ltr'><strong>tota</strong></span> <span class='ocrx_word' id='word_1_679' title='bbox 1921 4731 2080 4786; x_wconf 90' lang='lat' dir='ltr'><strong>abre-</strong></span> 
     </span>
    </p>
   </div>
   <div class='ocr_carea' id='block_1_96' title="bbox 502 4824 2077 4898">
    <p class='ocr_par' dir='ltr' id='par_1_96' title="bbox 502 4824 2077 4898">
     <span class='ocr_line' id='line_1_97' title="bbox 502 4824 2077 4898; baseline -0.003 -16"><span class='ocrx_word' id='word_1_680' title='bbox 502 4838 631 4898; x_wconf 90' lang='lat' dir='ltr'><strong>ptus</strong></span> <span class='ocrx_word' id='word_1_681' title='bbox 664 4837 782 4891; x_wconf 88' lang='lat' dir='ltr'><strong>est;</strong></span> <span class='ocrx_word' id='word_1_682' title='bbox 817 4841 929 4881; x_wconf 90' lang='lat' dir='ltr'><strong>non</strong></span> <span class='ocrx_word' id='word_1_683' title='bbox 959 4826 1372 4895; x_wconf 86' lang='lat' dir='ltr'><strong>quiescentibus</strong></span> <span class='ocrx_word' id='word_1_684' title='bbox 1404 4834 1583 4878; x_wconf 87' lang='lat' dir='ltr'><strong>tamen</strong></span> <span class='ocrx_word' id='word_1_685' title='bbox 1616 4824 1792 4886; x_wconf 89' lang='lat' dir='ltr'><strong>labiis,</strong></span> <span class='ocrx_word' id='word_1_686' title='bbox 1830 4838 1934 4877; x_wconf 90' lang='lat' dir='ltr'><strong>nec</strong></span> <span class='ocrx_word' id='word_1_687' title='bbox 1964 4838 2077 4877; x_wconf 79' lang='lat' dir='ltr'><strong>em-</strong></span> 
     </span>
    </p>
   </div>
   <div class='ocr_carea' id='block_1_97' title="bbox 503 4915 2080 4990">
    <p class='ocr_par' dir='ltr' id='par_1_97' title="bbox 503 4915 2080 4990">
     <span class='ocr_line' id='line_1_98' title="bbox 503 4915 2080 4990; baseline -0.004 -14"><span class='ocrx_word' id='word_1_688' title='bbox 503 4932 652 4990; x_wconf 89' lang='lat' dir='ltr'><strong>ptam</strong></span> <span class='ocrx_word' id='word_1_689' title='bbox 684 4920 989 4975; x_wconf 87' lang='lat' dir='ltr'><strong>orationem</strong></span> <span class='ocrx_word' id='word_1_690' title='bbox 1032 4917 1540 4972; x_wconf 84' lang='lat' dir='ltr'><strong>intermittentibus.</strong></span> <span class='ocrx_word' id='word_1_691' title='bbox 1573 4917 1786 4970; x_wconf 87' lang='lat' dir='ltr'><strong>Interea</strong></span> <span class='ocrx_word' id='word_1_692' title='bbox 1820 4915 2080 4969; x_wconf 87' lang='lat' dir='ltr'><strong>cernebat</strong></span> 
     </span>
    </p>
   </div>
   <div class='ocr_carea' id='block_1_98' title="bbox 506 5002 2081 5080">
    <p class='ocr_par' dir='ltr' id='par_1_98' title="bbox 506 5002 2081 5080">
     <span class='ocr_line' id='line_1_99' title="bbox 506 5002 2081 5080; baseline -0.006 -15"><span class='ocrx_word' id='word_1_693' title='bbox 506 5011 659 5080; x_wconf 90' lang='lat' dir='ltr'><strong>quasi</strong></span> <span class='ocrx_word' id='word_1_694' title='bbox 711 5020 990 5080; x_wconf 79' lang='lat' dir='ltr'><strong>passerem</strong></span> <span class='ocrx_word' id='word_1_695' title='bbox 1040 5022 1204 5077; x_wconf 89' lang='lat' dir='ltr'><strong>supra</strong></span> <span class='ocrx_word' id='word_1_696' title='bbox 1238 5005 1471 5059; x_wconf 83' lang='lat' dir='ltr'><strong>fratrum</strong></span> <span class='ocrx_word' id='word_1_697' title='bbox 1524 5005 1701 5076; x_wconf 86' lang='lat' dir='ltr'><strong>capita</strong></span> <span class='ocrx_word' id='word_1_698' title='bbox 1730 5002 2081 5059; x_wconf 89' lang='lat' dir='ltr'><strong>circumvoli-</strong></span> 
     </span>
    </p>
   </div>
   <div class='ocr_carea' id='block_1_99' title="bbox 509 5097 2082 5170">
    <p class='ocr_par' dir='ltr' id='par_1_99' title="bbox 509 5097 2082 5170">
     <span class='ocr_line' id='line_1_100' title="bbox 509 5097 2082 5170; baseline -0.003 -16"><span class='ocrx_word' id='word_1_699' title='bbox 509 5109 736 5163; x_wconf 85' lang='lat' dir='ltr'><strong>tantem,</strong></span> <span class='ocrx_word' id='word_1_700' title='bbox 786 5100 1016 5170; x_wconf 90' lang='lat' dir='ltr'><strong>hymnos</strong></span> <span class='ocrx_word' id='word_1_701' title='bbox 1045 5113 1167 5151; x_wconf 87' lang='lat' dir='ltr'><strong>cum</strong></span> <span class='ocrx_word' id='word_1_702' title='bbox 1202 5097 1337 5167; x_wconf 87' lang='lat' dir='ltr'><strong>ipsis</strong></span> <span class='ocrx_word' id='word_1_703' title='bbox 1365 5097 1684 5152; x_wconf 80' lang='lat' dir='ltr'><strong>suavissime</strong></span> <span class='ocrx_word' id='word_1_704' title='bbox 1714 5112 1931 5161; x_wconf 82' lang='lat' dir='ltr'><strong>cauere,</strong></span> <span class='ocrx_word' id='word_1_705' title='bbox 1963 5110 2082 5149; x_wconf 91' lang='lat' dir='ltr'><strong>mo-</strong></span> 
     </span>
    </p>
   </div>
   <div class='ocr_carea' id='block_1_100' title="bbox 507 5187 2084 5261">
    <p class='ocr_par' dir='ltr' id='par_1_100' title="bbox 507 5187 2084 5261">
     <span class='ocr_line' id='line_1_101' title="bbox 507 5187 2084 5261; baseline -0.003 -18"><span class='ocrx_word' id='word_1_706' title='bbox 507 5207 637 5245; x_wconf 87' lang='lat' dir='ltr'><strong>vere</strong></span> <span class='ocrx_word' id='word_1_707' title='bbox 670 5191 910 5261; x_wconf 83' lang='lat' dir='ltr'><strong>linguam</strong></span> <span class='ocrx_word' id='word_1_708' title='bbox 947 5189 1141 5243; x_wconf 89' lang='lat' dir='ltr'><strong>eodem</strong></span> <span class='ocrx_word' id='word_1_709' title='bbox 1171 5204 1282 5258; x_wconf 88' lang='lat' dir='ltr'><strong>quo</strong></span> <span class='ocrx_word' id='word_1_710' title='bbox 1312 5188 1412 5259; x_wconf 90' lang='lat' dir='ltr'><strong>ipsi</strong></span> <span class='ocrx_word' id='word_1_711' title='bbox 1460 5187 1643 5252; x_wconf 88' lang='lat' dir='ltr'><strong>modo,</strong></span> <span class='ocrx_word' id='word_1_712' title='bbox 1676 5187 1895 5241; x_wconf 89' lang='lat' dir='ltr'><strong>easdem</strong></span> <span class='ocrx_word' id='word_1_713' title='bbox 1946 5200 2084 5256; x_wconf 89' lang='lat' dir='ltr'><strong>quas</strong></span> 
     </span>
    </p>
   </div>
   <div class='ocr_carea' id='block_1_101' title="bbox 509 5280 2083 5351">
    <p class='ocr_par' dir='ltr' id='par_1_101' title="bbox 509 5280 2083 5351">
     <span class='ocr_line' id='line_1_102' title="bbox 509 5280 2083 5351; baseline -0.002 -16"><span class='ocrx_word' id='word_1_714' title='bbox 509 5283 611 5351; x_wconf 76' lang='lat' dir='ltr'><strong>ipsi</strong></span> <span class='ocrx_word' id='word_1_715' title='bbox 635 5281 1037 5337; x_wconf 88' lang='lat' dir='ltr'><strong>modulationes</strong></span> <span class='ocrx_word' id='word_1_716' title='bbox 1070 5298 1322 5351; x_wconf 88' lang='lat' dir='ltr'><strong>promere</strong></span> <span class='ocrx_word' id='word_1_717' title='bbox 1349 5281 1450 5351; x_wconf 90' lang='lat' dir='ltr'><strong>(uti</strong></span> <span class='ocrx_word' id='word_1_718' title='bbox 1477 5280 1675 5335; x_wconf 92' lang='lat' dir='ltr'><strong>deinde</strong></span> <span class='ocrx_word' id='word_1_719' title='bbox 1708 5280 1840 5350; x_wconf 87' lang='lat' dir='ltr'><strong>ipsis</strong></span> <span class='ocrx_word' id='word_1_720' title='bbox 1864 5293 2083 5349; x_wconf 87' lang='lat' dir='ltr'><strong>quoque</strong></span> 
     </span>
    </p>
   </div>
   <div class='ocr_carea' id='block_1_102' title="bbox 508 5368 2083 5449">
    <p class='ocr_par' dir='ltr' id='par_1_102' title="bbox 508 5368 2083 5449">
     <span class='ocr_line' id='line_1_103' title="bbox 508 5368 2083 5449; baseline -0.001 -25"><span class='ocrx_word' id='word_1_721' title='bbox 508 5369 899 5441; x_wconf 82' lang='lat' dir='ltr'><strong>manifestavit)</strong></span> <span class='ocrx_word' id='word_1_722' title='bbox 922 5390 934 5426; x_wconf 91' lang='lat'><strong>:</strong></span> <span class='ocrx_word' id='word_1_723' title='bbox 962 5372 1246 5449; x_wconf 81' lang='lat' dir='ltr'><strong>infallibile</strong></span> <span class='ocrx_word' id='word_1_724' title='bbox 1270 5371 1493 5427; x_wconf 89' lang='lat' dir='ltr'><strong>omnino</strong></span> <span class='ocrx_word' id='word_1_725' title='bbox 1515 5372 1910 5436; x_wconf 87' lang='lat' dir='ltr'><strong>testimonium,</strong></span> <span class='ocrx_word' id='word_1_726' title='bbox 1936 5368 2083 5442; x_wconf 87' lang='lat' dir='ltr'><strong>quod</strong></span> 
     </span>
    </p>
   </div>
   <div class='ocr_carea' id='block_1_103' title="bbox 502 5462 2085 5536">
    <p class='ocr_par' dir='ltr' id='par_1_103' title="bbox 502 5462 2085 5536">
     <span class='ocr_line' id='line_1_104' title="bbox 502 5462 2085 5536; baseline 0.003 -23"><span class='ocrx_word' id='word_1_727' title='bbox 502 5462 809 5532; x_wconf 83' lang='lat' dir='ltr'><strong>jucundum</strong></span> <span class='ocrx_word' id='word_1_728' title='bbox 839 5473 986 5520; x_wconf 87' lang='lat' dir='ltr'><strong>esset</strong></span> <span class='ocrx_word' id='word_1_729' title='bbox 1025 5466 1155 5531; x_wconf 83' lang='lat' dir='ltr'><strong>Deo‘,</strong></span> <span class='ocrx_word' id='word_1_730' title='bbox 1206 5465 1511 5521; x_wconf 88' lang='lat' dir='ltr'><strong>secundum</strong></span> <span class='ocrx_word' id='word_1_731' title='bbox 1569 5463 1912 5536; x_wconf 77' lang='lat' dir='ltr'><strong>prephetam,</strong></span> <span class='ocrx_word' id='word_1_732' title='bbox 1967 5462 2085 5518; x_wconf 79' lang='lat' dir='ltr'><strong>elo-</strong></span> 
     </span>
    </p>
   </div>
   <div class='ocr_carea' id='block_1_104' title="bbox 508 5556 1026 5627">
    <p class='ocr_par' dir='ltr' id='par_1_104' title="bbox 508 5556 1026 5627">
     <span class='ocr_line' id='line_1_105' title="bbox 508 5556 1026 5627; baseline -0.002 -16"><span class='ocrx_word' id='word_1_733' title='bbox 508 5556 700 5627; x_wconf 88' lang='lat' dir='ltr'><strong>quium</strong></span> <span class='ocrx_word' id='word_1_734' title='bbox 736 5573 927 5611; x_wconf 89' lang='lat' dir='ltr'><strong>eorum</strong></span> <span class='ocrx_word' id='word_1_735' title='bbox 958 5558 1026 5610; x_wconf 84' lang='lat'><strong>“.</strong></span> 
     </span>
    </p>
   </div>
   <div class='ocr_carea' id='block_1_105' title="bbox 583 5693 1115 5766">
    <p class='ocr_par' dir='ltr' id='par_1_105' title="bbox 583 5693 1115 5766">
     <span class='ocr_line' id='line_1_106' title="bbox 583 5693 1115 5766; baseline 0.002 -13"><span class='ocrx_word' id='word_1_736' title='bbox 583 5693 629 5729; x_wconf 83' lang='lat'><strong>&#39;°</strong></span> <span class='ocrx_word' id='word_1_737' title='bbox 676 5694 820 5752; x_wconf 75' lang='lat' dir='ltr'><strong>Psal.</strong></span> <span class='ocrx_word' id='word_1_738' title='bbox 862 5714 972 5766; x_wconf 76' lang='lat' dir='ltr'><strong>cur,</strong></span> <span class='ocrx_word' id='word_1_739' title='bbox 1020 5698 1115 5754; x_wconf 71' lang='grc' dir='ltr'><strong>δι.</strong></span> 
     </span>
    </p>
   </div>
   <div class='ocr_carea' id='block_1_106' title="bbox 2161 4711 3755 4793">
    <p class='ocr_par' dir='ltr' id='par_1_106' title="bbox 2161 4711 3755 4793">
     <span class='ocr_line' id='line_1_107' title="bbox 2161 4711 3755 4793; baseline -0.009 -15"><span class='ocrx_word' id='word_1_740' title='bbox 2161 4724 2300 4793; x_wconf 69' lang='grc' dir='ltr'>’ὄψιν</span> <span class='ocrx_word' id='word_1_741' title='bbox 2329 4724 2357 4776; x_wconf 88' lang='grc' dir='ltr'>ὁ</span> <span class='ocrx_word' id='word_1_742' title='bbox 2385 4721 2509 4785; x_wconf 82' lang='grc' dir='ltr'>νοῦς</span> <span class='ocrx_word' id='word_1_743' title='bbox 2541 4719 2860 4790; x_wconf 75' lang='grc' dir='ltr'>ἑφωτίζετο,</span> <span class='ocrx_word' id='word_1_744' title='bbox 2892 4717 2986 4769; x_wconf 70' lang='grc' dir='ltr'>καὶ</span> <span class='ocrx_word' id='word_1_745' title='bbox 3023 4716 3144 4777; x_wconf 77' lang='grc' dir='ltr'>ὅλος</span> <span class='ocrx_word' id='word_1_746' title='bbox 3175 4713 3387 4785; x_wconf 77' lang='grc' dir='ltr'>ἐκείνης</span> <span class='ocrx_word' id='word_1_747' title='bbox 3424 4711 3651 4780; x_wconf 79' lang='grc' dir='ltr'>ἐγίνετο.</span> <span class='ocrx_word' id='word_1_748' title='bbox 3687 4711 3755 4763; x_wconf 68' lang='grc' dir='ltr'>τὰ</span> 
     </span>
    </p>
   </div>
   <div class='ocr_carea' id='block_1_107' title="bbox 2179 4799 3750 4883">
    <p class='ocr_par' dir='ltr' id='par_1_107' title="bbox 2179 4799 3750 4883">
     <span class='ocr_line' id='line_1_108' title="bbox 2179 4799 3750 4883; baseline -0.01 -18"><span class='ocrx_word' id='word_1_749' title='bbox 2179 4813 2330 4883; x_wconf 79' lang='grc' dir='ltr'>χείλη</span> <span class='ocrx_word' id='word_1_750' title='bbox 2361 4810 2415 4864; x_wconf 81' lang='grc' dir='ltr'>δὲ</span> <span class='ocrx_word' id='word_1_751' title='bbox 2450 4810 2550 4864; x_wconf 75' lang='grc' dir='ltr'><strong>οὐκ</strong></span> <span class='ocrx_word' id='word_1_752' title='bbox 2576 4807 2798 4879; x_wconf 70' lang='grc' dir='ltr'>ἠρέμει,</span> <span class='ocrx_word' id='word_1_753' title='bbox 2848 4804 2969 4859; x_wconf 76' lang='grc' dir='ltr'>οὐδὲ</span> <span class='ocrx_word' id='word_1_754' title='bbox 3000 4803 3407 4872; x_wconf 76' lang='grc' dir='ltr'>ἀπελιμπάνετο</span> <span class='ocrx_word' id='word_1_755' title='bbox 3439 4800 3537 4868; x_wconf 77' lang='grc' dir='ltr'><strong>τῆς</strong></span> <span class='ocrx_word' id='word_1_756' title='bbox 3565 4799 3750 4868; x_wconf 72' lang='grc' dir='ltr'>εὐχῆς.</span> 
     </span>
    </p>
   </div>
   <div class='ocr_carea' id='block_1_108' title="bbox 2195 4891 3755 4971">
    <p class='ocr_par' dir='ltr' id='par_1_108' title="bbox 2195 4891 3755 4971">
     <span class='ocr_line' id='line_1_109' title="bbox 2195 4891 3755 4971; baseline -0.01 -15"><span class='ocrx_word' id='word_1_757' title='bbox 2195 4905 2283 4956; x_wconf 86' lang='grc' dir='ltr'>Ἐν</span> <span class='ocrx_word' id='word_1_758' title='bbox 2338 4900 2577 4971; x_wconf 87' lang='grc' dir='ltr'>τοσούτῳ</span> <span class='ocrx_word' id='word_1_759' title='bbox 2630 4900 2687 4952; x_wconf 84' lang='grc' dir='ltr'><strong>δὲ</strong></span> <span class='ocrx_word' id='word_1_760' title='bbox 2736 4898 2868 4951; x_wconf 74' lang='grc' dir='ltr'>ὡσεὶ</span> <span class='ocrx_word' id='word_1_761' title='bbox 2917 4896 3197 4967; x_wconf 84' lang='grc' dir='ltr'>στρουθίον</span> <span class='ocrx_word' id='word_1_762' title='bbox 3252 4896 3280 4945; x_wconf 85' lang='grc' dir='ltr'>ὁ</span> <span class='ocrx_word' id='word_1_763' title='bbox 3341 4891 3564 4961; x_wconf 82' lang='grc' dir='ltr'>Συμεὼν</span> <span class='ocrx_word' id='word_1_764' title='bbox 3616 4891 3755 4959; x_wconf 75' lang='grc' dir='ltr'>ὑπὲρ</span> 
     </span>
    </p>
   </div>
   <div class='ocr_carea' id='block_1_109' title="bbox 2181 4986 3755 5065">
    <p class='ocr_par' dir='ltr' id='par_1_109' title="bbox 2181 4986 3755 5065">
     <span class='ocr_line' id='line_1_110' title="bbox 2181 4986 3755 5065; baseline -0.011 -14"><span class='ocrx_word' id='word_1_765' title='bbox 2181 4995 2423 5065; x_wconf 83' lang='grc' dir='ltr'>κεφαλῆς</span> <span class='ocrx_word' id='word_1_766' title='bbox 2456 5002 2569 5060; x_wconf 87' lang='grc' dir='ltr'>τοῖς</span> <span class='ocrx_word' id='word_1_767' title='bbox 2623 4992 2874 5061; x_wconf 80' lang='grc' dir='ltr'>ἀδελφοῖς</span> <span class='ocrx_word' id='word_1_768' title='bbox 2937 4989 3083 5059; x_wconf 77' lang='grc' dir='ltr'>ἐώρα</span> <span class='ocrx_word' id='word_1_769' title='bbox 3134 4986 3583 5058; x_wconf 72' lang='grc' dir='ltr'>περιιπτάμενον,</span> <span class='ocrx_word' id='word_1_770' title='bbox 3629 5000 3755 5034; x_wconf 76' lang='grc' dir='ltr'>συν-</span> 
     </span>
    </p>
   </div>
   <div class='ocr_carea' id='block_1_110' title="bbox 2180 5075 3754 5160">
    <p class='ocr_par' dir='ltr' id='par_1_110' title="bbox 2180 5075 3754 5160">
     <span class='ocr_line' id='line_1_111' title="bbox 2180 5075 3754 5160; baseline -0.011 -17"><span class='ocrx_word' id='word_1_771' title='bbox 2180 5087 2509 5160; x_wconf 80' lang='grc' dir='ltr'>υμνολογοῦν</span> <span class='ocrx_word' id='word_1_772' title='bbox 2537 5102 2597 5137; x_wconf 87' lang='grc' dir='ltr'><strong>τε</strong></span> <span class='ocrx_word' id='word_1_773' title='bbox 2632 5084 2815 5145; x_wconf 77' lang='grc' dir='ltr'>αὐτοῖς</span> <span class='ocrx_word' id='word_1_774' title='bbox 2850 5081 3042 5152; x_wconf 83' lang='grc' dir='ltr'>ἥδιστα</span> <span class='ocrx_word' id='word_1_775' title='bbox 3090 5078 3183 5132; x_wconf 69' lang='grc' dir='ltr'>καὶ</span> <span class='ocrx_word' id='word_1_776' title='bbox 3224 5077 3469 5147; x_wconf 82' lang='grc' dir='ltr'>συνᾷδον,</span> <span class='ocrx_word' id='word_1_777' title='bbox 3508 5075 3754 5143; x_wconf 75' lang='grc' dir='ltr'>καθάπερ</span> 
     </span>
    </p>
   </div>
   <div class='ocr_carea' id='block_1_111' title="bbox 2181 5166 3756 5255">
    <p class='ocr_par' dir='ltr' id='par_1_111' title="bbox 2181 5166 3756 5255">
     <span class='ocr_line' id='line_1_112' title="bbox 2181 5166 3756 5255; baseline -0.011 -18"><span class='ocrx_word' id='word_1_778' title='bbox 2181 5184 2378 5255; x_wconf 82' lang='grc' dir='ltr'>ἐπίσης</span> <span class='ocrx_word' id='word_1_779' title='bbox 2395 5181 2621 5243; x_wconf 79' lang='grc' dir='ltr'>ἐκείνοις</span> <span class='ocrx_word' id='word_1_780' title='bbox 2663 5180 2760 5230; x_wconf 86' lang='grc' dir='ltr'>καὶ</span> <span class='ocrx_word' id='word_1_781' title='bbox 2792 5174 3038 5245; x_wconf 86' lang='grc' dir='ltr'>γλῶτταν</span> <span class='ocrx_word' id='word_1_782' title='bbox 3070 5170 3274 5230; x_wconf 77' lang='grc' dir='ltr'>κινοῦν.</span> <span class='ocrx_word' id='word_1_783' title='bbox 3314 5170 3408 5222; x_wconf 75' lang='grc' dir='ltr'><strong>καὶ</strong></span> <span class='ocrx_word' id='word_1_784' title='bbox 3449 5168 3656 5230; x_wconf 80' lang='grc' dir='ltr'>τούτοις</span> <span class='ocrx_word' id='word_1_785' title='bbox 3690 5166 3756 5219; x_wconf 70' lang='grc' dir='ltr'><strong>τὰ</strong></span> 
     </span>
    </p>
   </div>
   <div class='ocr_carea' id='block_1_112' title="bbox 2187 5260 3753 5343">
    <p class='ocr_par' dir='ltr' id='par_1_112' title="bbox 2187 5260 3753 5343">
     <span class='ocr_line' id='line_1_113' title="bbox 2187 5260 3753 5343; baseline -0.013 -13"><span class='ocrx_word' id='word_1_786' title='bbox 2187 5275 2328 5331; x_wconf 61' lang='grc' dir='ltr'>αὐτὰ</span> <span class='ocrx_word' id='word_1_787' title='bbox 2359 5271 2868 5343; x_wconf 84' lang='grc' dir='ltr'>συμφθεγγόμενον,</span> <span class='ocrx_word' id='word_1_788' title='bbox 2925 5266 2999 5327; x_wconf 80' lang='grc' dir='ltr'>ὡς</span> <span class='ocrx_word' id='word_1_789' title='bbox 3056 5262 3193 5331; x_wconf 80' lang='grc' dir='ltr'><strong>μετά</strong></span> <span class='ocrx_word' id='word_1_790' title='bbox 3238 5262 3410 5314; x_wconf 79' lang='grc' dir='ltr'>ταῦτα</span> <span class='ocrx_word' id='word_1_791' title='bbox 3450 5262 3545 5312; x_wconf 74' lang='grc' dir='ltr'>καὶ</span> <span class='ocrx_word' id='word_1_792' title='bbox 3576 5260 3753 5320; x_wconf 68' lang='grc' dir='ltr'>αὐτοῖς</span> 
     </span>
    </p>
   </div>
   <div class='ocr_carea' id='block_1_113' title="bbox 2188 5348 3754 5431">
    <p class='ocr_par' dir='ltr' id='par_1_113' title="bbox 2188 5348 3754 5431">
     <span class='ocr_line' id='line_1_114' title="bbox 2188 5348 3754 5431; baseline -0.016 -9"><span class='ocrx_word' id='word_1_793' title='bbox 2188 5365 2483 5422; x_wconf 85' lang='grc' dir='ltr'>καθίστατο</span> <span class='ocrx_word' id='word_1_794' title='bbox 2533 5362 2712 5431; x_wconf 74' lang='grc' dir='ltr'>δῆλον.</span> <span class='ocrx_word' id='word_1_795' title='bbox 2774 5360 2953 5427; x_wconf 86' lang='grc' dir='ltr'>Ὅπερ</span> <span class='ocrx_word' id='word_1_796' title='bbox 3001 5350 3093 5408; x_wconf 76' lang='grc' dir='ltr'><strong>οὖν</strong></span> <span class='ocrx_word' id='word_1_797' title='bbox 3155 5352 3447 5423; x_wconf 79' lang='grc' dir='ltr'>ἡδυνθῆναι</span> <span class='ocrx_word' id='word_1_798' title='bbox 3486 5350 3627 5404; x_wconf 77' lang='grc' dir='ltr'>κατᾶ</span> <span class='ocrx_word' id='word_1_799' title='bbox 3671 5348 3754 5400; x_wconf 65' lang='grc' dir='ltr'><strong>τὴν</strong></span> 
     </span>
    </p>
   </div>
   <div class='ocr_carea' id='block_1_114' title="bbox 2190 5442 3755 5530">
    <p class='ocr_par' dir='ltr' id='par_1_114' title="bbox 2190 5442 3755 5530">
     <span class='ocr_line' id='line_1_115' title="bbox 2190 5442 3755 5530; baseline -0.016 -17"><span class='ocrx_word' id='word_1_800' title='bbox 2190 5461 2485 5530; x_wconf 79' lang='grc' dir='ltr'>Προφήτην</span> <span class='ocrx_word' id='word_1_801' title='bbox 2525 5454 2642 5524; x_wconf 78' lang='grc' dir='ltr'><strong>Θεῷ</strong></span> <span class='ocrx_word' id='word_1_802' title='bbox 2675 5452 2771 5526; x_wconf 84' lang='grc' dir='ltr'><strong>τὴν</strong></span> <span class='ocrx_word' id='word_1_803' title='bbox 2816 5446 3038 5504; x_wconf 73' lang='grc' dir='ltr'>ἐκείνων</span> <span class='ocrx_word' id='word_1_804' title='bbox 3066 5445 3338 5514; x_wconf 76' lang='grc' dir='ltr'>διαλογὴν,</span> <span class='ocrx_word' id='word_1_805' title='bbox 3374 5443 3597 5514; x_wconf 67' lang='grc' dir='ltr'>ἀψευδὲς</span> <span class='ocrx_word' id='word_1_806' title='bbox 3632 5442 3755 5495; x_wconf 66' lang='grc' dir='ltr'>πάνυ</span> 
     </span>
    </p>
   </div>
   <div class='ocr_carea' id='block_1_115' title="bbox 2191 5547 2654 5620">
    <p class='ocr_par' dir='ltr' id='par_1_115' title="bbox 2191 5547 2654 5620">
     <span class='ocr_line' id='line_1_116' title="bbox 2191 5547 2654 5620; baseline -0.011 -15"><span class='ocrx_word' id='word_1_807' title='bbox 2191 5569 2299 5614; x_wconf 84' lang='grc' dir='ltr'><strong>τως</strong></span> <span class='ocrx_word' id='word_1_808' title='bbox 2335 5547 2654 5620; x_wconf 81' lang='grc' dir='ltr'>μαρτύριον.</span> 
     </span>
    </p>
   </div>
  </div>
