4034 6186
1325 303 1508 365 -νιΤΑ
1545 297 1593 363 Δ
1628 299 2065 396 ΝΙΟΕΡΙ-ΙΟΒΟ
2105 299 2584 362 CONSCRIPTA.

3431 293 3579 366 3106

1771 436 1998 495 CAPUT
2029 435 2168 491 XVI.

851 559 912 615 In
943 559 1168 614 caritate
1195 575 1422 614 annona
1453 559 1779 628 frumentum
1819 553 2140 624 multiplicat
2169 562 2216 606 et
2242 555 2330 606 diu
2368 563 2640 608 conservat
2685 555 3045 608 imminutum.

389 681 506 744 ρκηι
575 663 790 752 Ἐκεῖνο
833 673 888 724 δὲ
947 675 1064 738 πῶς
1115 675 1214 728 οὐκ
1253 673 1402 740 ἄξιον
1447 675 1758 746 προσθεῖναι
1789 677 1898 736 τοῖς
1932 677 1974 730 Α

317 767 662 835 είρημένοιςς
697 765 777 817 ὃτι
813 765 946 834 μηδὲ
979 765 1160 834 ὀλίγου
1191 767 1319 819 ποτὲ
1384 767 1528 819 σίτου
1558 765 1635 836 τῷ
1665 767 1899 837 ταμιείῳ

317 858 416 926 τῆς
451 857 616 926 μονῆς
657 855 1142 928 ὑπολελειμμένου,
1175 857 1234 909 τὺ
1268 857 1365 926 μὲν
1401 857 1494 910 καὶ
1531 857 1665 924 πρὸς
1693 858 1751 910 τὸ
1778 875 1900 910 ors-

319 951 406 1002 νδν
442 951 538 1018 τῆς
568 949 848 1019 παρούσης
889 951 936 1002 οἱ
985 951 1224 1020 μαθηταὶ
1258 951 1468 1022 διαίτης
1496 951 1806 1022 ἀχθόμενοι,
1841 952 1901 1004 τὴ

319 1042 374 1094 δὲ
418 1043 510 1093 καὶ
555 1041 691 1109 πρὸς
736 1041 795 1093 τὸ
839 1041 1028 1110 μέλλον
1060 1036 1169 1110 (οἷα
1209 1043 1320 1105 τοῖς
1359 1041 1715 1112 μικροψύχοις
1759 1041 1902 1110 φιλεί

243 1121 246 1124 ’
323 1131 666 1199 συμΰαίνειν)
721 1131 980 1200 ὁρῶντες,
1035 1131 1418 1202 προσελθόντες
1468 1133 1617 1203 αὐτῴ
1679 1133 1897 1198 πάντες,

321 1225 581 1292 τέσσαρες
618 1223 708 1273 ἐπὶ
746 1221 1038 1290 τριάκοντα
1076 1219 1175 1294 ἤδη
1207 1223 1298 1275 τὸν
1328 1223 1558 1296 ἀριθμὸν
1595 1225 1765 1288 ὄντες,
1807 1223 1900 1286 οὓς

323 1313 427 1364 ἀπ’)
457 1313 727 1380 διαφόρων
770 1313 957 1367 ἰάσατο
1006 1315 1192 1367 παθῶν
1231 1315 1262 1388 ἣ
1296 1315 1557 1385 πληγῶν,
1613 1315 1901 1387 ἐπιτρέψαι

324 1403 504 1466 αὐτοῖς
553 1403 738 1471 ἠξίουν
795 1403 1098 1474 λαμϐάνειν
1151 1403 1218 1456 τὰ
1267 1406 1706 1474 προσφερόμενα,
1747 1399 1902 1474 ἐφ’ᾦ

326 1493 576 1563 αὐτάρκη
604 1509 662 1546 τε
701 1493 764 1545 τὸ
801 1495 998 1564 παρὸν,
1030 1495 1165 1548 ἀλλὰ
1196 1495 1286 1547 κοιλ⁵
1322 1495 1457 1566 πρὸς
1485 1496 1544 1548 τὸ
1573 1496 1765 1566 μέλλον
1801 1497 1902 1549 αὐ-

324 1589 437 1649 τοῖς
464 1583 604 1639 εἶναι
635 1589 700 1639 τὰ
728 1587 1024 1654 ἀναγκαῖα,
1058 1588 1220 1640 Ὥστε
1259 1587 1318 1638 σὲ
1363 1587 1456 1638 καὶ⁸
1488 1587 1615 1650 τοὺς
1643 1589 1742 1657 τῆς
1766 1589 1902 1658 ἡμε-

327 1673 510 1741 τέρας,
544 1673 698 1741 φασὶ,
735 1675 1010 1745 σωτηρίας
1043 1675 1269 1744 μισθοὺς
1309 1677 1659 1746 κομίσασθαι,
1703 1677 1789 1731 ἵνα
1827 1679 1901 1748 μὴ

326 1765 403 1834 τῷ
437 1765 574 1832 ἄγαν
605 1765 826 1836 σκληρῷ
860 1784 917 1818 τε
950 1770 1044 1820 καὶ
1073 1769 1316 1838 ὲπιπόνῳ
1345 1773 1442 1838 τῆς
1478 1769 1624 1840 παρὰ
1651 1771 1730 1823 σοὶ
1753 1773 1902 1835 ἀγω-

329 1853 430 1922 γῆς
482 1855 890 1922 ὲκκακήσαντες
937 1856 1146 1908 ἐνθένδε
1189 1859 1626 1928 ἀπαναστῶμεν·
1669 1861 1753 1911 σοὶ
1794 1860 1904 1930 γὰρ

328 1937 468 2005 οἶδας
497 1945 576 1995 ὅτι
607 1945 701 1996 καὶ
728 1945 958 2014 σώματα.
1011 1947 1104 1999 καὶ
1152 1946 1330 2018 ψυχὰς
1354 1948 1558 2004 ἑαυτῶν
1579 1949 1900 2018 ἁνεοέμεθα.

2075 657 2370 717 128.111ιιᾱ
2407 679 2574 732 porro
2621 663 2713 734 qui
2761 664 2878 718 ﬁeri
2911 671 3093 734 potest
3145 671 3205 716 ut
3253 665 3580 734 supradictis

2001 769 2112 808 non
2162 753 2488 824 adiungam?
2516 753 2634 808 Non
2681 754 2786 808 nisi
2815 755 3044 824 exiguus
3089 753 3424 824 quandoque
3469 755 3587 809 fru-

2001 848 2170 902 menti
2197 863 2463 902 numerus
2493 849 2548 900 in
2579 848 2780 902 horreo
2809 849 3132 902 monasterii
3171 850 3419 918 reliquus
3445 835 3582 912 erat,

2001 951 2126 991 cum
2174 937 2427 1005 discipuli
2463 939 2658 1006 partim
2710 939 2780 992 oh
2829 938 3114 1007 prtesentis
3155 955 3384 993 annona:
3445 939 3586 992 cari-

2003 1039 2170 1084 tatem
2223 1031 2407 1095 anxii,
2462 1030 2661 1097 partim
2698 1031 2765 1084 de
2813 1031 3000 1084 futuro
3062 1031 3162 1100 (uti
3219 1030 3585 1099 pusillanimis

2003 1125 2142 1181 solet
2185 1125 2465 1192 accidere)
2495 1123 2738 1190 solliciti,
2773 1133 3123 1178 accesserunt
3158 1124 3225 1176 ad
3261 1124 3584 1194 Symeonem

2003 1216 2166 1270 simul
2216 1231 2430 1282 omnes,
2476 1219 2585 1288 jam
2638 1225 2877 1286 quatuor
2931 1223 2986 1268 et
3050 1213 3272 1284 triginta
3329 1227 3585 1275 numero,

2003 1323 2238 1376 quorum
2267 1308 2655 1363 diversimodis
2689 1306 3116 1376 cegritudinibus
3153 1306 3589 1372 vulneribusque

2002 1398 2312 1452 medicatus
2361 1399 2452 1453 ille
2500 1399 2712 1464 fuerat;
2769 1397 3090 1468 flagitabant
3136 1405 3318 1450 autem
3364 1395 3591 1450 faculta-

2005 1495 2116 1542 tem
2152 1489 2258 1542 sibi
2297 1487 2415 1542 fieri
2455 1489 2762 1558 accipiendi
2790 1489 2901 1552 illa,
2932 1503 3054 1556 qua:
3087 1487 3497 1552 aﬂ'ercbantur;
3531 1497 3590 1540 ut

2003 1579 2272 1634 haberent
2319 1581 2464 1650 quod
2512 1579 2770 1649 praesenti
2801 1588 2857 1633 et
2891 1579 3090 1632 futurae
3130 1579 3444 1633 necessitati
3477 1577 3590 1633 suf-

2005 1669 2234 1724 ficeret:
2271 1669 2340 1725 Ut
2384 1671 2576 1724 salutis
2620 1685 2838 1739 quoque
2885 1679 3090 1724 nostra:
3121 1670 3451 1734 mercedem,
3507 1668 3591 1722 in-

2005 1760 2236 1828 quiunt,
2289 1769 2568 1830 reportes;
2635 1776 2704 1815 ne
2755 1761 2984 1815 nimium
3049 1777 3242 1816 severo
3283 1761 3586 1815 laborioso-

2007 1867 2114 1920 que
2136 1852 2282 1922 apud
2313 1861 2368 1906 te
2401 1851 2529 1906 vitae
2553 1851 2808 1907 instituto
2839 1854 3134 1908 exanimati
3163 1853 3292 1907 hinc
3338 1853 3592 1907 disceda-

2009 1958 2170 1996 mus:
2199 1943 2548 2012 tibiquippe,
2581 1953 2640 1997 ut
2669 1943 2783 2011 ipse
2809 1945 2980 2010 nosti,
3019 1959 3251 2015 corpora
3300 1945 3509 2013 pariter
3537 1953 3594 1997 et

341 2033 400 2087 '0
449 2035 506 2088 δὲ
551 2037 710 2106 πράῳ
743 2037 820 2107 τῷ
847 2037 988 2108 ἤθει,
1021 2039 1308 2110 πραοτέρῳ
1350 2039 1404 2092 δὲ
1440 2041 1532 2093 καὶ
1577 2043 1906 2112 φρονήματι,

2012 2035 2224 2090 animas
2263 2047 2480 2090 nostras
2526 2038 2925 2093 commisimus.
2981 2037 3216 2092 Sanctus
3264 2045 3448 2089 autem
3501 2035 3594 2090 be-

331 2127 696 2198 μικροψνχίαν
739 2130 920 2191 αὐτοῖς
969 2130 1153 2200 ἡρέμα
1197 2133 1626 2201 προσονειδίσας,
1659 2130 1775 2187 εἶτα
1815 2135 1909 2188 καὶ

327 2219 404 2281 είς
427 2219 734 2289 ὑπόμνησιν
764 2221 920 2291 ἐνῆγε
950 2223 1056 2274 τῶν
1090 2219 1183 2274 τοῦ
1222 2222 1358 2274 Θεοῦ
1394 2223 1730 2294 θαυμασίων,
1763 2227 1910 2288 ὅπως

330 2310 430 2378 μὲν
463 2311 512 2362 οἱ
555 2311 646 2363 τοῦ
675 2311 916 2381 Χριστοῦ
960 2312 1218 2382 μαθηταὶ,
1266 2312 1360 2365 τοῦ
1391 2313 1610 2380 πρώτου
1645 2315 1909 2383 Ποιμὲνος

325 2401 420 2455 καὶ
463 2401 812 2467 Διδασκάλου,
855 2403 931 2475 τῷ
978 2403 1088 2456 τῶν
1131 2403 1303 2472 ὄχλων
1335 2404 1529 2475 πλήθει
1558 2405 1687 2458 ποτὲ
1723 2407 1910 2475 δυσχε-

330 2493 605 2562 ραίνοντες
635 2491 768 2561 εἶεν,
798 2495 886 2550 διά
924 2512 983 2548 τε
1014 2496 1112 2566 τὴν
1153 2497 1346 2566 ἄφιλον
1391 2497 1627 2568 ἐρημίαν
1670 2498 1906 2569 ἐκείνην,

329 2585 422 2636 καὶ
447 2585 544 2654 τὴν
579 2585 688 2637 τῶν
721 2587 902 2656 ἄρτων
933 2587 1142 2640 ἔνδειαν
1167 2605 1180 2618 ·
1219 2590 1366 2652 ὅπως
1419 2589 1477 2641 δὲ
1526 2589 1687 2642 πέντε
1723 2589 1909 2658 ἄρτοις

328 2675 486 2738 αὐτὸς
512 2678 794 2748 χορτὰσειε
831 2682 1297 2751 πεντακισχιλίους
1328 2681 1543 2750 ἄνδρας,
1571 2679 1650 2733 ἔτι
1685 2682 1777 2732 καὶ
1805 2680 1910 2732 δώ-

327 2767 460 2820 δεκα
502 2769 756 2836 κοφίνους
801 2770 1004 2834 αὐτοῖς,
1039 2773 1106 2824 τὰ
1143 2771 1558 2841 περισσεύματα
1580 2771 1689 2822 τῶν
1729 2771 1910 2839 ἄρτων

327 2857 762 2926 ὑπολιπόμενος·
796 2861 944 2922 ὅπως
977 2859 1034 2912 δὲ
1069 2861 1230 2914 πάλιν
1273 2860 1458 2930 ἄρτοις
1498 2859 1635 2910 ἑπτὰ
1662 2859 1908 2928 κορέσειε

326 2950 815 3020 τετρακισχιλίους,
889 2951 1018 3004 ἄνευ
1066 2951 1341 3020 γυναικῶν
1383 2951 1475 3002 καὶ
1512 2950 1757 3002 παιδίων.
1803 2950 1910 3002 Καὶ

327 3040 422 3095 νῦν
452 3042 518 3102 σὺ
563 3038 612 3094 εί
662 3041 847 3108 αὐτὸς,
893 3043 1049 3113 φησὶ,
1092 3045 1120 3096 ὁ
1165 3041 1430 3104 Βασιλεύς
1474 3057 1573 3110 μου
1599 3041 1693 3094 καὶ
1724 3043 1751 3093 ὀ
1778 3040 1912 3103 Θεός.

330 3147 454 3202 μου,
485 3129 542 3194 ὃς
577 3131 890 3186 ἐπιϐλέπων
919 3135 1014 3186 ἐπὶ
1036 3133 1136 3204 τὴν
1171 3133 1450 3204 ὑπομονὴν
1481 3132 1661 3202 ἡμῶν,
1689 3131 1906 3184 emat:-

327 3223 449 3292 ψεις
473 3225 567 3276 καὶ
599 3225 657 3278 οὐ
686 3227 942 3296 παρόψει.
974 3227 1046 3278 Σὺ
1076 3227 1184 3297 γὰρ
1212 3227 1296 3279 διὰ
1319 3227 1416 3296 τῆς
1444 3226 1538 3279 τοῦ
1567 3224 1660 3278 σοῦ
1693 3225 1912 3294 Προφή-
1945 3233 1950 3244 ³

327 3331 423 3366 του
469 3317 738 3380 διδάσκεις
777 3335 842 3388 με
881 3317 1156 3389 γλώττης,
1213 3321 1334 3373 Οὐκ
1381 3318 1554 3372 ἔστιν
1575 3317 1904 3385 ὑστέρημα,

329 3405 612 3477 λεγούσης,
660 3408 782 3475 τοῖς
836 3409 1232 3477 φοϐουμένοις
1283 3423 1376 3474 σε,
1419 3410 1516 3462 καὶ
1561 3409 1702 3474 τοὺς
1737 3407 1906 3475 ἐκζη-

328 3499 583 3565 τοῦντάς
633 3517 708 3556 σε
756 3503 1046 3571 μηδαμῶς
1110 3501 1632 3568 ἐλαττωθήσεσθαι
1685 3499 1910 3565 παντὸς

330 3588 573 3657 ἀγαθοῦ.
599 3589 662 3642 Εἰ
699 3590 754 3642 δὲ
788 3591 862 3660 μὴ
889 3591 1060 3661 ταύτῃ
1087 3591 1235 3643 δοκεῖ
1276 3592 1367 3642 καὶ
1397 3592 1530 3659 ἡμῖν
1567 3589 1660 3660 [an
1694 3591 1821 3659 ὑμῖν
1839 3587 1906 3660 ·2],

331 3677 713 3749 σπαράττομαι
749 3679 846 3750 μὲν
886 3681 984 3734 ὅσα
1013 3680 1109 3733 καὶ
1141 3680 1322 3751 πατὴρ
1356 3681 1424 3733 τὰ
1460 3681 1763 3751 σπλάγχνα,
1799 3681 1910 3733 ὥσ-

331 3783 436 3839 περ
451 3769 619 3834 εἰκὸς,
643 3771 736 3823 καὶ
757 3771 876 3823 λίαν
896 3771 1046 3840 ἀλγῶ
1065 3771 1165 3842 τὴν
1185 3771 1474 3836 διάζευξιν.
1494 3773 1680 3839 Ὅμως
1703 3773 1909 3826 ἀνεῖται

331 3863 484 3915 πᾶσα
506 3862 634 3932 ὑμῖν
661 3861 796 3926 ὁδὸς,
823 3857 868 3916 ὧ
889 3863 1053 3916 τέκνα
1077 3865 1169 3916 καὶ
1194 3863 1438 3932 ἀδελφοί·
1469 3864 1765 3932 πορευτέον
1786 3863 1912 3916 ἑκά-

333 3967 444 4024 στῳ
467 3953 652 4006 λοιπὸν
680 3953 745 4023 ἢν
773 3953 1036 4023 βούλοιτο.

404 4045 544 4115 ρκθ’.
577 4045 718 4114 Πρὸς
750 4045 922 4100 ταῦτα
947 4045 1068 4099 δυσὶ
1099 4045 1294 4100 πάθεσι
1328 4045 1538 4109 τούτοις
1579 4047 1628 4100 οί
1663 4045 1906 4116 μαθηταὶ

333 4135 482 4203 φόϐῳ
518 4136 610 4186 καὶ
633 4137 776 4206 χαρᾷ
809 4135 1178 4206 μερισθέντες,
1207 4136 1268 4188 τὸ
1299 4136 1396 4203 μὲν
1447 4135 1536 4188 διὰ
1579 4135 1681 4206 τὴν
1729 4136 1909 4189 ἐπιτί-

335 4243 524 4293 μησιν,
552 4228 612 4278 τὸ
637 4227 694 4278 δὲ
725 4228 818 4278 καὶ
841 4227 940 4288 τὰς
972 4226 1345 4296 χρηστοτέρας
1372 4226 1730 4295 ἐπαγγελίας,
1755 4227 1911 4280 αὐτοὶ

337 4317 436 4386 μὲν
485 4319 615 4386 γόνυ
673 4317 990 4384 κλίναντες,
1051 4317 1294 4370 αἰτοῦσιν
1347 4317 1508 4380 εὐθὺς
1560 4319 1910 4388 συγχώρησιν

333 4411 430 4463 καὶ
461 4409 830 4478 λαμϐάνουσιν
862 4427 878 4443 ⁶
912 4413 938 4464 ὁ
972 4411 1029 4464 δὲ
1058 4411 1149 4464 τὸν
1181 4411 1410 4479 ἀδελφὸν
1443 4411 1728 4464 Ἀντώνιον
1752 4410 1913 4464 καλέ-

335 4517 432 4563 σας
463 4496 638 4572 (οὗτος
664 4503 772 4573 γὰρ
793 4497 862 4574 ἦν
907 4505 935 4555 ὀ
989 4503 1080 4555 ἐπὶ
1135 4501 1228 4556 τοῦ
1290 4503 1515 4565 σιτῶνος
1550 4501 1905 4571 τεταγμένος)

333 4593 640 4658 ἐκέλευσεν,
683 4593 736 4645 εἴ
763 4594 865 4645 πού
913 4609 1058 4656 τινες
1079 4595 1136 4645 ἐν
1166 4593 1315 4660 αὐτῷ
1341 4595 1530 4645 κόκκοι
1559 4588 1687 4660 εἶεν,
1724 4591 1910 4644 συλλέ-

2010 2127 2178 2196 nigno
2201 2129 2376 2192 vultu,
2410 2128 2733 2198 benigniore
2789 2131 2954 2183 etiam
3003 2131 3207 2194 animo,
3239 2127 3598 2197 pusillanimi-

2010 2223 2177 2270 tatem
2239 2217 2374 2288 ipsis
2429 2219 2692 2287 paulatim
2743 2219 3106 2289 eXprohrans,
3147 2219 3212 2273 ad
3271 2219 3590 2272 memoriam

2009 2308 2288 2361 revocavit
2315 2309 2588 2363 mirabilia
2616 2326 2644 2362 a
2677 2311 2788 2364 Deo
2812 2311 3050 2379 praestita
3073 2324 3272 2379 opera;
3315 2309 3593 2378 quomodo

2010 2415 2209 2469 nempe
2236 2400 2496 2470 discipuli
2521 2400 2746 2468 Christi,
2777 2403 2941 2471 primi
2965 2402 3208 2457 Pastoris
3228 2410 3392 2472 atque
3425 2401 3592 2472 Magi-

2013 2491 2134 2557 stri,
2173 2491 2354 2543 turbis
2386 2491 2684 2559 aliquando
2715 2493 3082 2560 sequentibus
3109 2503 3336 2562 propter
3364 2493 3596 2547 inamat-

2009 2593 2136 2631 nam
2171 2580 2526 2634 solitudinem
2556 2597 2871 2650 penumque
2891 2583 3130 2652 inopiam
3164 2583 3429 2653 indignati
3457 2583 3594 2636 (υἱε-

2011 2680 2172 2723 sent:
2206 2672 2486 2739 quomodo
2525 2681 2714 2726 autem
2763 2671 3019 2727 Christus
3069 2675 3314 2743 quinque
3356 2673 3597 2742 panibus

2011 2763 2242 2816 totidem
2269 2763 2556 2818 hominum
2581 2767 2752 2820 millia
2782 2781 3036 2835 pascens,
3073 2767 3369 2834 reliquerit
3425 2767 3592 2819 etiam

2012 2853 2303 2907 duodecim
2334 2857 2625 2924 cophinos,
2661 2858 2730 2910 iis
2757 2873 2880 2926 qua:
2916 2859 3300 2912 redundabant
3335 2859 3594 2927 oppletis;

2010 2953 2067 2998 et
2091 2945 2371 3013 quomodo
2395 2961 2588 3000 rursus
2607 2957 2824 3016 septem
2859 2949 3096 3018 panibus
3123 2957 3358 3016 quatuor
3397 2947 3594 3011 millia,

2009 3038 2253 3106 exceptis
2295 3038 2518 3094 feminis
2546 3042 2868 3110 puerisque,
2927 3049 3248 3094 saturasset.
3307 3040 3447 3093 Tum
3504 3039 3594 3092 in-

2010 3128 2152 3195 quit,
2175 3127 2488 3182 Etiamnum
2517 3139 2574 3183 tu
2606 3133 2722 3200 ipse
2746 3145 2826 3193 es,
2851 3129 2968 3184 Rex
3001 3145 3158 3183 meus
3182 3137 3236 3183 et
3253 3129 3396 3182 Deus
3415 3141 3592 3194 meus,

2011 3217 2106 3286 qui
2137 3219 2364 3288 respicis
2401 3221 2721 3290 patientiam
2749 3231 3016 3286 nostram,
3069 3221 3477 3290 respiciesque,
3537 3227 3595 3274 et

2013 3323 2126 3362 non
2182 3309 2476 3380 despicies.
2535 3313 2616 3366 Tu
2666 3313 2816 3368 enim
2879 3329 2979 3384 per
3039 3327 3101 3367 os
3155 3313 3446 3382 Prophetas
3513 3311 3594 3366 tui

2015 3403 2182 3458 doces
2211 3419 2320 3469 me,
2347 3405 2764 3461 dicentis:Non
2822 3417 2900 3461 est
2928 3409 3107 3476 inopia
3150 3407 3456 3460 timentibus
3503 3415 3595 3472 te;
3665 3445 3672 3450 -

2011 3501 2060 3545 et
2085 3495 2412 3563 inquirentes
2442 3499 2935 3552 tenonminuentur
2985 3501 3130 3551 omni
3169 3498 3298 3552 bona
3337 3500 3404 3552 ³¹.
3436 3497 3594 3564 Quod

2011 3585 2056 3638 si
2087 3585 2242 3640 vobis
2295 3601 2514 3656 quoque
2555 3589 2630 3642 ita
2668 3603 2792 3644 esse
2843 3603 2954 3643 non
3011 3589 3286 3654 videatur,
3318 3591 3596 3644 laeerarer

2011 3689 2118 3728 non
2137 3675 2296 3728 aliter
2321 3689 2484 3744 quam
2516 3687 2672 3746 pater
2695 3679 3001 3734 visceribus
3029 3681 3188 3746 meis,
3209 3687 3268 3732 ut
3291 3695 3390 3748 par
3413 3687 3516 3744 est,
3536 3689 3595 3736 et

2009 3782 2274 3836 perquam
2298 3769 2494 3822 acerba
2519 3770 2654 3822 mihi
2678 3771 2952 3840 separatio
2979 3771 3158 3826 futura
3187 3781 3352 3826 esset.
3384 3771 3594 3827 Nihilo-

2009 3859 2194 3913 minus
2216 3862 2362 3914 nulla
2387 3862 2543 3916 vobis
2567 3862 2864 3918 interclusa
2884 3865 2970 3918 via
2998 3873 3102 3930 est,
3127 3863 3222 3918 filii
3247 3865 3551 3936 fratresque
3575 3883 3590 3934 ;

2010 3951 2171 4005 abeat
2207 3954 2440 4023 quisque
2468 3969 2576 4023 quo
2635 3956 2819 4010 animo
2871 3957 3173 4010 collibitum
3208 3973 3306 4013 suo
3335 3957 3525 4012 fuerit.

2083 4046 2203 4100 1'29.
2240 4047 2336 4102 His
2363 4049 2598 4112 auditis,
2623 4049 2841 4120 gemino
2861 4049 3054 4120 agitati
3084 4050 3285 4104 aﬂertu
3311 4049 3591 4121 discipuli,

2011 4135 2228 4192 timoris
2267 4139 2463 4205 altero,
2511 4140 2688 4194 altero
2739 4139 2946 4211 gaudii,
2999 4139 3094 4194 illo
3130 4139 3200 4194 ob
3257 4139 3594 4210 increpatio-

2011 4245 2158 4295 nem,
2190 4229 2296 4284 hoc
2321 4231 2392 4284 ob
2417 4233 2810 4300 promissiones
2850 4231 3134 4302 benignas,
3162 4241 3393 4286 eurvant
3417 4247 3596 4302 genua

2013 4335 2077 4374 ac
2095 4320 2310 4374 veniam
2336 4321 2705 4390 deprecantur
2737 4336 2792 4378 et
2825 4324 3142 4392 impetrant.
3177 4323 3416 4395 Symeon
3461 4339 3598 4380 vero

2015 4407 2244 4463 fratrem
2305 4409 2609 4465 Antonium
2685 4411 2834 4481 (erat
2889 4412 2938 4464 is
2991 4427 3021 4464 a
3085 4425 3143 4463 re
3197 4411 3596 4482 frumentaria)

2012 4499 2303 4555 advocavit
2360 4503 2660 4572 jussitque,
2712 4503 2758 4556 si
2804 4517 2911 4570 qua
2967 4517 3154 4570 grana
3201 4513 3594 4570 superessent,

2015 4591 2248 4646 collecta
2284 4593 2352 4646 ad
2383 4609 2440 4647 se
2467 4593 2691 4647 afferre.
2721 4593 2816 4646 llle
2839 4603 2964 4662 post
2993 4592 3242 4646 sedulam
3273 4594 3594 4662 inquisitio-

333 4684 500 4750 ξαντα
533 4687 665 4756 πρὸς
695 4685 854 4738 αὐτὸν
907 4687 1172 4752 ἐνεγκεῖν.
1204 4684 1310 4737 Τοῦ
1341 4683 1396 4736 δὲ
1448 4685 1642 4754 κομιδῇ
1693 4681 1908 4750 ὀλίγους

2015 4697 2138 4735 nem
2163 4684 2398 4751 paucula
2421 4682 2669 4752 quzcdam
2703 4683 2926 4735 inventa
2955 4683 3210 4736 manibus
3239 4683 3304 4735 ad
3334 4699 3594 4753 magnum

335 4775 607 4844 ειὶρὸντος,
645 4779 723 4836 εἰς
755 4777 942 4844 χεῖράς
978 4793 1036 4827 τε
1067 4775 1146 4843 τῷ
1177 4773 1398 4844 μεγάλῳ
1443 4773 1788 4842 κομίσαντος,
1823 4773 1904 4834 είς

332 4865 560 4933 οὐρανὸν
613 4865 861 4934 ἀνασχὼν
903 4869 1128 4933 ἐκεῖνος,
1167 4867 1224 4920 'U
1253 4866 1382 4928 Θεὸς
1409 4869 1436 4919 ὁ
1485 4865 1904 4936 παντοκράτωρ,

335 4951 506 5018 εἶτεν,
533 4957 560 5006 ὁ
593 4955 770 5017 διδοὺς
803 4957 864 5007 οὐ
923 4957 1148 5024 κτήνεσι
1203 4957 1384 5025 μόνον,
1442 4956 1564 5008 οὐδὲ
1591 4959 1704 5018 τοῖς
1751 4971 1905 5006 νεοσ-

335 5049 447 5104 σοῖς
487 5049 592 5097 τςῖιν
625 5049 880 5116 κοράκων
911 5051 1022 5110 τοῖς
1051 5048 1504 5116 ἐπικαλουμένοις
1539 5063 1620 5114 σε,
1648 5047 1782 5100 ἀλλὰ
1813 5046 1908 5099 καὶ

333 5138 480 5207 πάσῃ
539 5139 704 5208 σαρκὶ
731 5139 934 5210 τροφὴν
969 5140 1171 5203 αὐτῶν,
1207 5140 1235 5192 ὁ
1265 5141 1354 5192 διὰ
1388 5141 1670 5209 σπλάγχνα
1703 5141 1910 5208 οἰκτιρ-

337 5229 452 5297 μῶν
484 5248 599 5292 σου,
627 5231 655 5282 ὁ
683 5231 788 5288 διὲι
815 5231 1017 5302 πολλὴν
1073 5231 1307 5285 ἄϐυσσον
1355 5231 1456 5300 τῆς
1495 5231 1911 5301 φιλανθρωπίας

333 5337 430 5373 σου
471 5321 656 5392 ἄρτοις
698 5323 904 5390 ὀλίγοις
945 5322 1188 5394 χιλιάδας
1222 5323 1470 5392 κορέσας,
1507 5321 1668 5382 αὐτὸς
1695 5323 1790 5372 καὶ
1821 5320 1909 5373 τὶν

335 5415 540 5481 βραχὺν
575 5413 764 5466 τοῦτον
791 5414 1063 5480 πλήθυνον
1095 5415 1265 5478 σῖτον,
1299 5414 1378 5476 είς
1441 5411 1596 5477 δόξαν
1653 5409 1910 5474 αἰνέσεως

333 5521 448 5564 σου,
479 5506 560 5568 είς
595 5507 946 5577 εὐχαριστίαν
978 5506 1108 5560 λαοῦ
1143 5523 1258 5572 σου,
1306 5507 1385 5568 εἰς
1435 5503 1908 5576 μεγαλοπρέπειαν

329 5595 423 5646 τοῦ
453 5595 716 5665 ὀνόματός
744 5615 860 5653 σου.

397 5709 440 5788 ’ξ
485 5709 624 5763 l’sai.
671 5725 850 5774 xxxnt,
914 5711 996 5763 ll.

2017 4771 2233 4830 Patrem
2265 4775 2602 4843 apportavit:
2628 4774 2723 4843 qui
2758 4774 2812 4826 in
2843 4773 3042 4828 cmlum
3063 4774 3254 4827 oculos
3278 4775 3594 4829 intendens:

2015 4861 2411 4934 Deushinquit,
2446 4867 2815 4935 omnipotens,
2847 4869 2938 4935 qui
2977 4883 3085 4920 non
3114 4875 3323 4920 tantum
3375 4869 3598 4938 jumen~

2015 4957 2087 5010 tis
2139 4959 2412 5026 pullisque
2465 4973 2754 5012 corvorum
2815 4959 3198 5013 invocantibus
3222 4967 3292 5025 te,
3324 4961 3418 5013 sed
3447 4963 3596 5015 omni

2019 5049 2184 5102 etiam
2241 5049 2392 5102 carni
2441 5049 2537 5102 das
2589 5065 2770 5104 escam
2827 5065 3011 5116 suam;
3077 5051 3168 5118 qui
3220 5067 3318 5117 per
3357 5053 3595 5105 'V'is‘tcra

2017 5136 2410 5192 misericordia:
2439 5147 2564 5202 tum,
2583 5155 2682 5208 per
2710 5140 2938 5193 multam
2967 5141 3233 5194 bonitatis
3276 5147 3381 5192 tua:
3438 5141 3598 5209 abys-

2013 5243 2156 5290 sum,
2187 5229 2436 5298 pauculis
2462 5233 2698 5299 panibus
2731 5233 2988 5286 saturasti
3043 5233 3330 5286 hominum
3383 5231 3552 5284 millia
3577 5248 3596 5283 :

2013 5317 2130 5375 haec
2152 5337 2374 5392 quoque
2404 5337 2576 5400 pauca
2607 5323 2872 5377 frumenti
2903 5325 3128 5394 granula
3188 5323 3494 5392 multiplica
3525 5322 3594 5376 ad

2022 5413 2256 5484 gloriam
2285 5413 2488 5480 laudis,
2509 5417 2573 5471 ad
2599 5415 2893 5486 gratiarum
2939 5417 3212 5474 actionem
3275 5413 3488 5488 populi,
3523 5411 3598 5468 ad

2017 5505 2362 5578 majestatem
2391 5509 2631 5564 nominis
2679 5507 2781 5563 tui.
