4034 6186
477 267 614 332 3l07

1703 265 1764 323 S.
1807 263 2106 326 SYMEON
2114 263 2184 323 IS
2221 263 2250 322 J
2261 259 2582 322 UNIORIS

3611 259 3755 326 3108

551 375 673 434 150.
698 379 776 433 ita
801 385 1078 448 precatus,
1113 375 1384 429 carbones
1409 371 1692 443 poposcit;
1755 388 1915 442 quos,
1961 371 2058 426 ubi

2235 370 2332 442 ρλ’.
2369 369 2550 423 Ταῦτα
2571 368 3032 440 προσευξάμενος,
3051 368 3144 422 καὶ
3155 368 3434 441 ἄνθρακας
3460 370 3752 442 ἐνεχθῆναι

477 476 720 534 suilitum
754 475 1039 546 injecerat,
1069 471 1224 526 fratri
1261 468 1504 524 Antonio
1525 484 1634 522 una
1657 482 1783 522 cum
1815 465 2062 537 granulis

476 569 534 622 in
565 581 762 620 manus
783 565 974 628 tradit,
997 571 1054 617 et
1091 581 1104 615 :
1133 561 1302 624 Vade,
1341 560 1538 629 inquit,
1562 557 1742 613 suﬂito
1773 559 2057 624 horreum,

476 666 642 728 atque
669 654 928 726 projectis
959 654 1084 708 istic
1111 653 1264 706 hisce
1301 649 1575 720 granulis,
1614 648 1831 702 ﬁrmato
1853 649 2058 704 ostium

477 766 545 804 ac
573 749 844 804 rccedito.
875 747 1030 802 Fecit
1063 747 1108 799 is
1141 754 1202 798 ut
1233 745 1566 812 imperatum
1607 749 1758 796 erat:
1793 741 2059 810 postridie

477 850 661 895 autem
689 841 868 909 primo
887 837 1134 892 diluculo
1155 835 1335 888 cidem
1355 849 1385 887 a
1414 833 1696 903 Symeone
1719 831 2058 903 prmcipitur,

477 932 544 986 ad
579 931 835 984 horreum
897 928 1106 991 redeat,
1136 927 1358 980 visurus
1412 940 1522 994 quo
1578 939 1668 978 res
1700 922 2062 977 frumentaria

475 1023 599 1076 loco
628 1022 732 1076 sit:
777 1029 1007 1074 noverat
1029 1021 1234 1088 quippe
1293 1033 1486 1087 preces
1537 1033 1664 1070 suas
1710 1030 2060 1086 nequaquam

476 1114 697 1168 steriles
729 1111 866 1166 fore.
907 1112 1219 1180 lvitjussus
1247 1111 1431 1179 (quam
1463 1107 1864 1177 inexplicabilis
1904 1105 2062 1159 boni-

477 1217 560 1259 tas
597 1215 724 1266 tua,
757 1203 1038 1272 Christe!)
1070 1219 1134 1257 ac
1169 1201 1378 1270 reperit
1423 1201 1684 1252 horreum
1736 1195 2057 1268 oppletissi-

475 1313 624 1350 mum
666 1297 968 1358 frumento,
1003 1293 1281 1346 fructibus
1313 1301 1441 1346 vere
1459 1291 1599 1345 citra
1636 1289 2063 1353 laborem,eitra

475 1404 661 1443 semen
728 1388 1142 1442 occasionemve
1183 1385 1358 1448 natis;
1386 1383 1500 1436 sola
1543 1382 1791 1436 oratione
1849 1381 2062 1448 agrico-

485 1479 748 1532 lationem
770 1490 825 1532 et
851 1476 1312 1532 stercorationem
1338 1474 1648 1544 supplente.
1681 1471 1832 1542 Opus
1863 1471 1918 1524 id
1957 1471 2061 1525 fuit

479 1571 631 1625 illius
658 1570 905 1640 profecto
939 1583 1155 1633 manus,
1214 1582 1339 1636 quae
1394 1565 1710 1635 prodigium
1765 1563 1822 1616 in
1867 1563 2060 1617 multi-

475 1660 770 1728 plicatione
799 1674 1004 1728 panum
1034 1665 1258 1726 operata
1314 1666 1434 1721 est;
1473 1671 1596 1724 qum
1648 1655 1704 1708 in
1756 1654 2058 1709 solitudine

2164 463 2466 526 κελεύσας,
2498 461 2749 532 θυμίαμά
2780 479 2840 513 τε
2882 459 3094 524 τούτοις
3137 461 3434 528 ἐπιϐαλὼν,
3464 463 3562 516 καὶ
3613 469 3752 533 μετα
3837 527 3852 538 _

2163 553 2271 608 τῶν
2300 558 2519 606 κόκκων
2551 553 2630 622 τῷ
2661 550 2876 622 ἀδελφῷ
2923 551 3256 623 ἐγχειρίσας,
3303 551 3584 606 ’Δπελθὼν
3605 594 3620 617 ,
3651 554 3752 607 θυ-

2167 644 2361 713 μίασον
2391 645 2448 696 ὲν
2479 641 2558 712 τῷ
2579 641 2785 708 σιτῶνι,
2813 641 2938 714 ἔφη,
2965 643 3061 695 καὶ
3076 643 3300 708 τούτους
3334 645 3394 698 ὲν
3421 644 3570 714 αύτῷ
3595 645 3748 718 διαρο

2165 735 2348 806 ῥίψας,
2365 735 2462 798 τὰς
2477 734 2648 806 θύρας
2671 735 2878 798 ἐπιθεὶς
2898 735 3273 808 ἀναχώρησον.
3291 736 3349 790 '0
3369 737 3469 807 μὲν
3483 733 3576 790 οὑν
3591 737 3746 808 έδρα-

2167 846 2256 881 σεν
2289 829 2362 890 ὡς
2395 827 2790 897 προστέτακτο.
2819 826 2932 895 Τῆς
2963 825 3224 896 ἐπιούσης
3253 845 3318 879 πε
3331 827 3384 896 pl.
3401 826 3624 898 πρώτην
3647 828 3744 893 ξω,

2164 919 2466 990 ἐπιτραπὲν
2495 917 2648 980 αὖθις
2675 917 2822 988 αύτῷ
2867 917 3018 990 παρὰ
3050 917 3142 970 τοῦ
3173 917 3400 988 Συμεὼν
3429 919 3520 972 τὸν
3547 920 3748 974 σιτῶνά

2170 1013 2296 1066 ἰδεῖν
2334 1015 2484 1076 ὅπως
2514 1012 2624 1082 ἔχοι
2659 1011 2798 1082 (ᾔδει
2827 1012 2937 1081 γὰρ
2984 1013 3084 1065 οὑκ
3111 1011 3302 1080 ἄγονον
3337 1013 3544 1074 ἐκεῖνος
3593 1012 3746 1084 αὐτῷ

2163 1105 2262 1175 τὴν
2316 1105 2484 1174 εὐχὴν
2539 1103 3136 1173 έσομένην),ἀπελθὼν
3178 1103 3298 1175 (τῆς
3361 1104 3748 1174 ἀνεκφράστου

2165 1211 2279 1258 σου,
2315 1195 2514 1265 Χριστὲ
2556 1193 2797 1263 βασιλεῦ,
2827 1195 3194 1265 χρηστότητος
3217 1193 3256 1264 l)
3285 1196 3532 1266 εὑρίσκει
3557 1197 3754 1250 τοῦτον

2167 1283 2310 1335 σίτου
2323 1281 3260 1358 σαφῶςὑποπεπλησμὲνον,καρπῶν
3291 1286 3548 1357 ἀμόχθων
3577 1287 3754 1352 ὅντως

2164 1376 2260 1428 καὶ
2293 1375 2550 1447 ἀσπόρων
2575 1376 2671 1431 καὶ
2696 1377 3000 1449 ἀνηρὸτων,
3033 1369 3206 1448 μόνης
3235 1377 3406 1450 εὐχῆς
3435 1381 3750 1448 γεωργίων,

2165 1469 2260 1520 καὶ
2290 1468 2389 1538 τῆς
2445 1467 2698 1521 ἐντεῦθεν
2747 1470 3050 1540 ποιότητος,
3083 1469 3246 1541 ἔργον
3283 1463 3468 1542 χειρὸς
3498 1465 3752 1542 ἀκριϐῶς

2165 1559 2402 1629 ἐκείνης,
2437 1553 2505 1630 ἧς
2555 1559 2616 1612 τδ
2659 1561 2800 1613 κατὰ
2847 1561 2973 1624 τοὺς
3023 1561 3230 1632 ἄρτους
3275 1561 3462 1633 θαῦμα
3492 1561 3588 1618 καὶ
3619 1565 3652 1637 ᾖ
3685 1565 3752 1617 ὲν

2167 1651 2360 1721 ἐρήμῳ
2417 1652 2687 1721 τράπεζα,
2722 1651 2784 1704 τό
2840 1669 2898 1704 τε
2963 1652 3022 1716 ἐξ
3068 1653 3299 1720 ούρανοῦ
3338 1645 3542 1724 μᾶννα,
3587 1656 3684 1708 καὶ
3717 1656 3754 1725 ἡ

479 1767 724 1806 mensam
754 1751 1014 1804 instruxit
1040 1768 1054 1816 ;
1083 1765 1206 1820 qua:
1229 1764 1432 1802 manna
1454 1747 1522 1802 de
1552 1748 1694 1802 cmlo
1725 1747 1905 1816 pluit;
1937 1761 2059 1815 qua:

2172 1743 2270 1796 ἀπὸ
2335 1745 2562 1812 στερεᾶς
2619 1741 2828 1814 πέτρας
2885 1744 2984 1814 οὑχ
3032 1743 3225 1808 ὓδατος
3255 1745 3438 1814 μόνον,
3475 1745 3616 1802 ἀλλὰ
3653 1724 3754 1800 και.

475 1858 540 1897 ex
565 1844 712 1898 arida
743 1852 919 1913 petra,
957 1859 1066 1896 non
1094 1843 1272 1896 solum
1292 1856 1469 1910 aqum,
1501 1839 1596 1894 sed
1633 1840 1808 1910 ipsius
1837 1854 2060 1909 quoque

475 1936 654 1990 mellis
675 1936 878 1990 fontem
905 1937 1118 1990 elicuit.

549 2028 670 2081 151.
691 2028 1006 2098 Discipulos
1035 2027 1224 2098 igitur,
1261 2025 1516 2082 miraculi
1549 2023 1931 2094 magnitudine
1955 2023 2058 2078 ob-

477 2120 840 2188 stupefactus,
871 2120 1150 2174 curriculo
1174 2119 1242 2174 ad
1297 2118 1618 2188 magistrum
1663 2123 1950 2186 properat,
2005 2115 2060 2169 id

482 2211 628 2282 quod
657 2212 860 2265 factum
887 2221 1007 2266 erat
1039 2212 1412 2266 annuntians:
1439 2209 1534 2279 qui
1565 2224 1690 2262 mox
1717 2223 1842 2262 cum
1897 2206 2065 2262 disci-

478 2304 625 2374 pulis
662 2303 882 2371 publice
938 2317 1124 2356 coram
1147 2303 1260 2356 Deo
1337 2301 1489 2355 ﬂexit
1539 2315 1740 2370 genua,
1775 2300 2060 2354 incensum

475 2396 700 2460 obtulit,
727 2395 1072 2450 Dominicam
1127 2394 1440 2448 orationem
1486 2391 1766 2455 recitavit,
1791 2388 2064 2450 .coelesti-

477 2501 585 2554 que
615 2485 872 2540 invocato
901 2485 1062 2538 Patre
1089 2483 1338 2554 (quicum
1373 2482 1477 2552 ipsi
1511 2481 1583 2536 ob
1637 2481 1884 2551 insignes
1944 2480 2063 2534 vir-

479 2586 626 2632 tutes
643 2576 1008 2640 familiaritas,
1034 2575 1211 2644 qualis
1244 2573 1416 2628 filium
1453 2573 1632 2636 decet,
1664 2570 2060 2638 intercedebat,

477 2667 744 2735 cujusque
767 2665 996 2718 liberale
1017 2664 1222 2718 donum
1239 2679 1478 2732 praesens
1495 2662 1872 2716 munificentia
1891 2661 2061 2732 erat),

480 2757 673 2826 dignas
715 2757 764 2809 ei
797 2771 896 2824 pro
935 2763 1086 2809 tanto
1137 2754 1408 2808 beneficio
1464 2753 1670 2822 gratias
1718 2753 2061 2823 persolvens,

481 2855 646 2916 atque
700 2846 1046 2916 praecipiens,
1075 2845 1296 2900 easdem
1338 2845 1570 2916 singulis
1616 2843 1842 2898 Sabbati
1869 2844 2066 2898 diebus

483 2941 538 2990 in
591 2938 790 2992 horreo
827 2938 1014 2992 iterari
1047 2937 1430 3002 caeremonias,
1485 2936 1800 3006 similesque
1845 2934 2068 2990 benefa-

483 3030 622 3084 ctori
665 3030 868 3100 gratias
913 3029 1106 3094 reddi;
1152 3028 1431 3082 mandavit
1485 3037 1545 3082 ut
1589 3027 1880 3097 pinsendis
1915 3025 2070 3096 pani—
2097 3059 2142 3120 ε

479 3119 590 3175 bus
639 3121 837 3176 darent
879 3137 1126 3191 operam.
1176 3136 1280 3174 nec
1317 3120 1386 3174 ab
1433 3121 1653 3188 incepto
1701 3133 1942 3188 unquam
1970 3117 2068 3172 de-

483 3212 765 3276 sisterent,
797 3227 1072 3266 memores
1097 3226 1314 3279 semper
1335 3210 1593 3264 salutaris
1620 3209 1767 3262 illius
1789 3207 2069 3277 prmcepti,

485 3301 634 3374 quod
669 3301 950 3356 Christum
979 3303 1031 3354 in
1065 3302 1331 3355 fratribus
1359 3300 1478 3354 vult
1507 3299 1676 3370 pasci.
1707 3299 1788 3351 llli
1807 3315 1865 3353 se
1892 3297 2073 3352 accin-

485 3401 624 3462 gunt
659 3393 835 3462 operi,
885 3408 989 3446 nec
1017 3393 1305 3462 patiuntur
1347 3392 1604 3446 manibus
1633 3391 1807 3445 ullum
1851 3405 1880 3443 a
1915 3391 2070 3445 subi-

482 3483 664 3557 gcnda
712 3485 888 3536 farina
919 3485 1092 3537 otium
1125 3483 1354 3538 concedi
1404 3484 1498 3536 diu
1530 3491 1840 3550 noctuque;
1877 3480 2071 3535 diebus

486 3576 634 3628 enim
673 3577 728 3629 in
779 3577 966 3630 labore
1019 3577 1312 3631 transactis
1349 3575 1831 3646 conjungebantur
1859 3583 2068 3640 noctes,

487 3665 840 3737 faciebatque
877 3659 1106 3722 candela
1137 3677 1194 3722 ut
1217 3668 1324 3722 diei
1349 3669 1554 3722 lumine
1582 3683 1721 3736 opus
1749 3666 2072 3735 neutiquam

483 3753 821 3828 indigerent.
876 3759 1011 3814 Cum
1086 3770 1268 3814 autem
1327 3768 1408 3814 tot
1459 3760 1526 3814 ad
1573 3769 1824 3814 sanctum
1875 3760 2070 3824 turbae,

483 3859 544 3903 et
587 3851 772 3920 plures
805 3861 968 3920 atque
1014 3852 1202 3921 plures
1257 3854 1310 3906 in
1351 3853 1470 3907 dies
1515 3852 1894 3906 conﬂuerent:
1937 3851 2072 3906 illud

487 3940 654 3993 etiam
694 3943 867 4011 magis
896 3941 1130 4017 fortasse
1181 3943 1446 4012 prmdicto
1489 3943 1754 3998 miraculo
1796 3941 2074 3996 admiran-

487 4029 620 4082 dum
672 4029 842 4096 venit,
875 4033 1022 4102 quod
1065 4034 1403 4088 frumentum
1447 4033 1581 4086 illud
1610 4043 1718 4086 tam
1763 4033 1940 4102 plenis
1961 4048 2074 4086 ma-

487 4127 653 4180 nibus
677 4123 941 4188 ablatum,
969 4123 1422 4194 infinitorumque
1444 4125 1730 4178 hominum
1761 4123 2072 4179 necessitati

489 4219 826 4287 impensum,
864 4214 1228 4270 nihilominus
1276 4231 1376 4286 per
1421 4225 1532 4271 tres
1561 4214 1860 4270 continuos
1898 4229 2072 4269 annos

487 4307 790 4362 suffecerit.

559 4401 681 4454 152.
725 4400 856 4453 Post
908 4399 1024 4454 haec
1055 4398 1278 4456 humani
1327 4399 1547 4472 generis
1587 4399 1782 4469 hostis,
1827 4401 2068 4474 priorem
2096 4397 2150 4458 D

491 4507 644 4545 suam
673 4506 798 4545 cum
835 4489 1105 4561 Symeone
1139 4492 1344 4546 luetam
1385 4493 1730 4558 recordatus,
1755 4502 1850 4548 aut
1881 4493 2070 4563 potius

485 4583 768 4654 antiquam
805 4582 1014 4636 cladem
1053 4599 1308 4654 reparare
1343 4585 1598 4653 cupidus,
1621 4601 1790 4639 unum
1832 4600 1862 4639 e
1888 4584 2072 4639 fratri-

489 4671 594 4728 bus
613 4670 936 4736 invadit,vel
953 4673 1145 4736 allicit,
1161 4682 1255 4727 aut
1269 4673 1424 4742 quasi
1441 4674 1684 4728 vinctum
1705 4675 1890 4734 trahit.
1908 4690 2072 4744 quem

489 4775 681 4834 aptum
715 4765 989 4832 imprimis
1021 4765 1278 4834 pessimis
1306 4766 1422 4819 suis
1447 4767 1951 4821 machinationibus
1983 4783 2072 4822 re-

490 4855 741 4928 periebat
765 4897 778 4920 ,
808 4856 1029 4910 natione
1047 4857 1318 4920 lsaurum,
1343 4859 1762 4912 nomenclatura
1782 4858 2070 4929 Angulam,

491 4945 638 5018 quod
686 4948 870 5017 lingua
925 4946 1148 5018 Syriaca
1211 4949 1428 5018 pigrum
1485 4950 1838 5020 interpretari
1891 4950 2070 5004 aiunt.

491 5036 648 5092 Haud
677 5046 874 5092 tantem
923 5037 1038 5092 scio
1074 5049 1260 5092 utrum
1303 5039 1358 5094 id
1417 5041 1469 5094 ei
1521 5041 1760 5094 nominis
1799 5029 1957 5096 initio
2005 5042 2076 5096 sit

493 5130 754 5190 inditum,
805 5129 954 5202 quod
1020 5141 1211 5202 postea
1275 5132 1548 5202 ejusmodi
1599 5133 1776 5188 factus
1818 5143 1942 5199 est;
2005 5148 2076 5186 an

493 5219 696 5274 deinde
720 5221 1078 5276 conformiter
1111 5222 1377 5292 operibus
1407 5223 1459 5277 id
1515 5223 1620 5278 sibi
1653 5223 2072 5293 comparaverit.

495 5311 654 5367 Hunc
686 5313 854 5383 igitur
886 5311 1168 5384 ingressus
1199 5315 1568 5382 cacodzemon,
1605 5317 1915 5372 universam
1964 5315 2076 5370 fra-

495 5409 641 5458 trum
690 5405 1141 5460 communitatem
1179 5421 1278 5476 per
1325 5406 1504 5477 ipsum
1540 5408 1778 5463 concitat
1813 5407 2080 5463 adversus

495 5507 776 5562 sanctum;
824 5495 916 5566 qui
967 5497 1176 5567 pariter
1225 5497 1406 5568 posita
1439 5500 1774 5555 verecundia
1817 5514 1882 5554 ac
1925 5514 2081 5554 reve-

497 5587 674 5640 rentia
724 5585 904 5656 ipsum
947 5588 1215 5657 adeuntes
1261 5608 1274 5644 :
1309 5589 1441 5656 Quae
1483 5590 1586 5644 ista
1639 5600 1754 5652 tua,
1797 5583 2076 5658 inquiunt,

499 5686 606 5732 tam
645 5693 810 5749 supra
859 5679 1082 5734 modum
1131 5683 1304 5738 effusa
1365 5683 1795 5738 misericordia?
1851 5681 2077 5736 ubinam

2163 1831 2327 1886 αὑτοῦ
2359 1832 2572 1902 μέλιτος
2601 1831 2807 1902 βλύσις.

2239 2013 2369 2084 ρλα’.
2412 2013 2470 2068 '0
2496 2013 2743 2085 μαθητὴς
2765 2003 2943 2068 τοῖνυν
2963 2003 3040 2084 τῷ
3063 2003 3157 2068 τοὺ
3189 2015 3468 2088 θαύματος
3526 2021 3756 2088 μεγέθει

2163 2105 2556 2174 καταπλαγεὶς,
2591 2099 2842 2176 πρόσεισι
2889 2106 2967 2178 τῷ
3000 2107 3307 2180 διδασκάλῳ
3351 2109 3653 2180 δρομαίως,
3689 2112 3758 2165 τδ

2163 2200 2386 2268 γεγονὸς
2419 2199 2813 2267 ἀπαγγέλλων·
2857 2199 2953 2254 καὶ
2993 2200 3051 2264 ὂς
3098 2201 3278 2254 κοινὸν
3317 2203 3458 2272 μετὰ
3489 2203 3758 2273 μαθητῶν

2164 2291 2283 2362 Θεῷ
2311 2293 2440 2359 γόνυ
2490 2291 2697 2357 κλίνας,
2731 2293 2987 2364 θυμιαμά
3029 2311 3091 2346 τε
3129 2295 3520 2366 προσαγαγὼν,
3559 2297 3664 2367 τήν
3691 2313 3756 2352 τε

2165 2383 2500 2454 Δεσποτικὴν
2530 2383 2696 2454 εὐχὴν
2725 2378 3189 2456 προσευξάμενος,
3233 2387 3328 2442 καὶ
3359 2389 3452 2441 τὸν
3497 2390 3555 2442 έν
3581 2389 3758 2460 οὑραο

2164 2479 2274 2540 νοῖς
2321 2478 2544 2546 Πατέρα
2571 2477 2806 2541 καλέσας
2848 2477 3004 2548 (πρὸς
3051 2477 3111 2531 ὃν
3155 2478 3246 2532 διὰ
3287 2480 3387 2548 τῆς
3431 2479 3756 2548 ὑπερφυοῦς

2165 2567 2366 2638 ἀρετῆς
2380 2568 2503 2638 ἔσχε
2520 2569 2618 2639 τὴν
2637 2567 2736 2638 υἱῷ
2755 2571 3136 2638 προσήκουσαν
3149 2572 3478 2643 οἰκειότητα,
3493 2573 3590 2625 καὶ
3603 2565 3664 2625 οὗ
3677 2565 3760 2626 δό-

2167 2676 2250 2720 σις
2278 2659 2455 2730 ἀγαθὴ
2483 2657 2552 2712 τὰ
2571 2661 2857 2728 παρόντα),
2877 2660 3130 2715 τοσούτου
3163 2679 3222 2714 τε
3241 2666 3566 2734 πράγματος
3587 2663 3758 2728 ἀξίως

2167 2749 2591 2820 εὐχαριστήσας,
2623 2749 2717 2802 καὶ
2757 2749 2929 2812 οὑτως
2961 2752 3064 2805 ἀνὰ
3093 2752 3186 2804 τδν
3219 2753 3416 2806 σιτῶνα
3445 2749 3578 2824 δρᾷν
3621 2755 3758 2808 ἑκά-

2169 2859 2295 2896 στου
2331 2841 2604 2894 Σαϐὅάτου
2631 2844 2742 2903 τοῖς
2765 2841 3012 2912 ἀδελφοῖς
3038 2845 3431 2912 παραγγείλας,
3457 2847 3555 2898 καὶ
3579 2846 3764 2900 τοιαύ-

2167 2949 2265 2999 την
2319 2931 2666 3000 εὐχαριστίαν
2721 2921 3048 2998 ἀποδιδόναι,
3103 2935 3410 2988 ἐντέλλεται
3465 2937 3526 2989 τὸ
3571 2936 3762 2992 λοιπὸν

2171 3024 2356 3086 αὐτοῖς
2397 3024 2708 3092 ἀρτοποιεῖν
2749 3025 2848 3094 τὴν
2892 3025 3049 3094 χεῖρα
3080 3025 3352 3095 μηδέποτε
3401 3027 3758 3097 παυομένοις,

2173 3114 2288 3167 ἀλλ’
2329 3114 2413 3166 ἀεὶ
2449 3114 2546 3183 τῆς
2585 3115 2860 3184 μακαρίας
2902 3115 3108 3187 ταύτης
3147 3117 3240 3170 καὶ
3267 3116 3504 3188 Χριστὸν
3531 3117 3620 3171 διὰ
3647 3117 3764 3172 τῶν

2172 3202 2417 3272 ἀδελφῶν
2449 3203 2757 3273 τρεφούσης
2791 3206 3010 3276 ἐντολῆς
3049 3206 3348 3277 ἐχομένοις.
3385 3207 3498 3270 Τὰς
3527 3208 3628 3277 μὲν
3663 3197 3764 3262 οὑν

2172 3298 2358 3365 χεῖρας
2387 3293 2510 3347 οὕτε
2541 3295 2722 3366 ἡμέρα
2764 3297 2884 3366 ἵστη
2933 3297 3031 3366 τῆς
3073 3298 3394 3368 ἀρτοποιίας
3452 3302 3558 3363 τοῖς
3598 3300 3762 3355 ἅδελο

2173 3389 2313 3454 φοίς,
2347 3385 2470 3439 οὕτε
2507 3387 2622 3454 νὺξ,
2649 3387 2786 3440 ἀλλὰ
2823 3389 2919 3441 καὶ
2956 3389 3147 3450 νύκτες
3182 3390 3382 3460 μᾶλλον
3425 3392 3554 3462 περὶ⁸
3585 3391 3764 3464 αὑτὴν

2173 3478 2528 3546 πονουμένοις
2564 3477 2799 3548 ἡμέραις
2829 3481 3182 3550 συνήπτοντο,
3215 3483 3309 3536 καὶ
3339 3483 3402 3537 τὸ
3435 3482 3538 3552 τῆς
3563 3483 3764 3549 νυκτὸς

2173 3570 2334 3640 ἔργον
2359 3571 2384 3622 ὁ
2407 3570 2596 3639 λύχνος
2622 3570 2716 3622 τοῦ
2751 3571 2850 3639 τῆς
2882 3572 3095 3642 ἡμέρας
3123 3575 3300 3642 φωτὸς
3321 3577 3584 3646 παρεῖχεν
3605 3576 3762 3629 οὐδὲν

2173 3661 2370 3715 ἐνδέον.
2420 3664 2674 3716 Τοσοῦτοι
2725 3665 2877 3734 παρὰ
2919 3665 3009 3718 τὸν
3039 3666 3193 3734 ἆγιον
3231 3665 3400 3736 ὄχλοι,
3457 3669 3552 3722 καὶ
3583 3668 3760 3733 οὕτως

2173 3753 2409 3824 ἀριθμοῦ
2441 3755 2722 3824 κρείττους
2763 3757 2852 3810 ἀεὶ
2898 3759 3207 3829 συνέρρεον,
3241 3759 3271 3812 ὑ
3302 3760 3398 3813 καὶ
3431 3758 3522 3813 τοῦ
3551 3762 3762 3832 προλα-

2175 3844 2358 3907 ϐόντος
2390 3845 2529 3914 τάχα
2565 3847 3009 3919 παραδοξότερον,
3049 3850 3132 3902 ὅτι
3177 3850 3270 3903 καὶ
3323 3849 3497 3913 οὑτως
3547 3851 3578 3903 ὁ
3607 3851 3759 3914 σῖτος

2175 3937 2379 3999 ἐκεῖνος
2434 3937 2582 4001 ὅλαις
2635 3939 2826 4009 χερσὶν
2873 3941 3298 4012 ἐκφορούμενος,
3341 3941 3438 3994 καὶ
3463 3940 3760 4026 τοσαύταις

2173 4027 2432 4098 ἐπαρκῶν
2469 4030 2751 4100 μυριάσιν,
2782 4032 2930 4100 ὅμως
2963 4033 3055 4086 καὶ
3083 4035 3165 4096 εἰς
3196 4031 3380 4102 τρίτον
3415 4029 3547 4104 ἑξῆς
3567 4033 3758 4086 ἐνιαυ-

2174 4118 2264 4173 τόν
2294 4119 2518 4192 ἤρκεσε.

2250 4397 2379 4468 ρλβ’.
2413 4397 2568 4452 Μετὰ
2599 4398 2654 4453 δὲ
2694 4397 2865 4452 ταῦτα
2893 4399 2988 4469 τῆς
3021 4400 3294 4472 προτέρας
3315 4391 3492 4471 πάλης
3517 4397 3762 4472 ἀναμνη-

2178 4491 2324 4554 σθεὶς
2354 4493 2382 4544 ό
2415 4491 2627 4562 ἐχθρὸς,
2680 4492 2714 4562 ἢ
2767 4492 2866 4562 τὴν
2919 4491 3156 4546 παλαιὰν
3191 4493 3512 4561 φιλονεικῶν
3557 4494 3762 4564 μᾶλλον

2176 4583 2616 4638 ἀνακαλέσασθαι
2659 4579 2849 4656 ἧτταν,
2894 4585 3185 4639 ὑποδύεται
3210 4585 3318 4638 τῶν
3355 4585 3602 4654 ἀδελφῶν
3635 4587 3752 4650 ἕνα,

2175 4675 2208 4744 ἦ
2245 4676 2564 4742 ἐπισπᾶται,
2590 4675 2622 4746 ἢ
2654 4675 2940 4742 ἐπάγεται,
2961 4677 3176 4738 οἰκείως
3198 4675 3375 4746 ἑαυτῷ
3393 4676 3592 4746 δηλαδὴ
3617 4679 3756 4746 πρὸς

2179 4765 2535 4836 κακοτεχνίαν
2581 4766 2756 4836 εὑρὼν
2787 4767 2999 4836 ἔχοντα,
3035 4769 3287 4836 Ἴσαυρον
3319 4767 3381 4819 τὸ
3419 4769 3594 4835 γένος.
3637 4771 3762 4836 Ἅγ-

2178 4859 2378 4928 γουλᾶν
2426 4859 2525 4928 τὴν
2575 4857 2963 4930 προσηγορίαν,
2996 4859 3024 4911 ὃ
3070 4863 3135 4930 τῇ
3177 4859 3286 4912 τῶν
3323 4859 3512 4928 Σύρων
3542 4860 3758 4931 γλώττῃ

2180 4951 2313 5018 φασὶ
2337 4949 2428 5002 τὸν
2452 4949 2682 5020 ὀκνηρὸν
2711 4949 3089 5020 ὀνομάζεσθαι.
3121 4952 3236 5003 Οὑκ
3281 4947 3419 5017 οἶδα,
3457 4953 3568 5005 εἴτε
3599 4953 3762 5007 τοῦτο

2179 5041 2280 5112 τὴν
2306 5040 2480 5112 ἀρχὴν
2513 5040 2801 5111 κληθέντα,
2833 5041 2861 5094 ὃ
2888 5041 3032 5111 μετὰ
3055 5039 3228 5094 ταῦτα
3257 5043 3490 5110 γεγόνει,
3527 5045 3620 5096 καὶ
3649 5047 3766 5105 τοῖς

2180 5133 2362 5202 ἔργοις
2399 5132 2496 5200 τὴν
2531 5131 2722 5203 κλῆσιν
2758 5131 2982 5204 ὕστερον
3021 5135 3084 5203 τῇ
3125 5131 3322 5202 πράξει
3363 5133 3760 5206 μεταῦαλόντα,

2181 5225 2276 5276 καὶ
2307 5223 2640 5292 κατάλληλον
2683 5225 2795 5286 τοῖς
2827 5224 3008 5295 ἔργοις
3042 5224 3426 5296 ἁρμοσάμενον
3454 5224 3553 5296 τὴν
3591 5243 3766 5298 προῖ-

2181 5316 2430 5388 ηγορεαν.
2478 5315 2678 5368 Τοῦτον
2721 5316 3009 5387 τοιγαροῦν
3048 5319 3076 5370 ὁ
3108 5317 3298 5388 ἐχθρὸς
3329 5317 3552 5384 ὑποδὺς,
3585 5323 3765 5372 πᾶσαν

2182 5409 2502 5477 ὲκταράττει
2527 5407 2593 5460 δι’
2626 5401 2790 5460 αὑτοῦ
2816 5408 2894 5478 τῷ
2917 5409 3058 5479 ἁγίῳ
3099 5411 3199 5481 τὴν
3259 5410 3594 5483 ἀδελφότητα
3621 5427 3636 5442 ·
3673 5414 3766 5466 καὶ

2182 5500 2407 5569 ἁναίὸην
2432 5499 2580 5570 αύτῷ
2607 5499 3018 5570 προσελθόντες,
3050 5501 3146 5565 Τίς
3174 5503 3208 5572 ή
3241 5503 3476 5571 τοσαύτη
3506 5503 3603 5556 καὶ
3627 5504 3766 5558 οὕτω

2184 5591 2328 5661 πέρα
2382 5591 2476 5643 τοῦ
2511 5591 2756 5662 μετρίου,
2787 5593 2972 5661 φασὶν,
3011 5591 3381 5664 ὲλεημοσύνης
3425 5592 3530 5648 ποῦ
3565 5593 3624 5647 δὲ
3661 5593 3764 5646 τῶν

2189 5681 2349 5752 ἱερῶν
2379 5683 2544 5736 οἴκων
2576 5683 2608 5754 ἢ
2637 5684 3071 5756 φροντιστηρίων
3095 5683 3277 5756 ψυχῆς
3304 5683 3516 5739 τοιοῦτό
3537 5703 3588 5740 τι
3619 5685 3762 5756 γινό-
