  <div class='ocr_page' id='page_1' title='image "/cluster/home/n/w/nwhite01/storage/ocr_20150623/86:2/hvd.32044054112354/682.png"; bbox 0 0 4034 6186; ppageno 0'>
   <div class='ocr_carea' id='block_1_1' title="bbox 342 237 479 302">
    <p class='ocr_par' dir='ltr' id='par_1_1' title="bbox 342 237 479 302">
     <span class='ocr_line' id='line_1_1' title="bbox 342 237 479 302; baseline -0.022 0"><span class='ocrx_word' id='word_1_1' title='bbox 342 237 479 302; x_wconf 72' lang='lat'><strong>3109</strong></span> 
     </span>
    </p>
   </div>
   <div class='ocr_carea' id='block_1_2' title="bbox 1340 232 2610 298">
    <p class='ocr_par' dir='ltr' id='par_1_2' title="bbox 1340 232 2610 298">
     <span class='ocr_line' id='line_1_2' title="bbox 1340 232 2610 298; baseline -0.006 0"><span class='ocrx_word' id='word_1_2' title='bbox 1340 237 1515 298; x_wconf 80' lang='lat' dir='ltr'><strong>VITA</strong></span> <span class='ocrx_word' id='word_1_3' title='bbox 1557 236 1602 293; x_wconf 88' lang='lat' dir='ltr'><strong>A</strong></span> <span class='ocrx_word' id='word_1_4' title='bbox 1643 232 2082 295; x_wconf 84' lang='lat' dir='ltr'><strong>NICEPHORO</strong></span> <span class='ocrx_word' id='word_1_5' title='bbox 2121 232 2610 295; x_wconf 80' lang='lat' dir='ltr'><strong>CONSCRIPI‘A.</strong></span> 
     </span>
    </p>
   </div>
   <div class='ocr_carea' id='block_1_3' title="bbox 3455 235 3593 289">
    <p class='ocr_par' dir='ltr' id='par_1_3' title="bbox 3455 235 3593 289">
     <span class='ocr_line' id='line_1_3' title="bbox 3455 235 3593 289; baseline 0.007 -1"><span class='ocrx_word' id='word_1_6' title='bbox 3455 235 3593 289; x_wconf 72' lang='lat' dir='ltr'><strong>3H0</strong></span> 
     </span>
    </p>
   </div>
   <div class='ocr_carea' id='block_1_4' title="bbox 348 343 1926 421">
    <p class='ocr_par' dir='ltr' id='par_1_4' title="bbox 348 344 1924 421">
     <span class='ocr_line' id='line_1_4' title="bbox 348 344 1924 421; baseline -0.003 -19"><span class='ocrx_word' id='word_1_7' title='bbox 348 365 505 421; x_wconf 86' lang='grc' dir='ltr'>μενον</span> <span class='ocrx_word' id='word_1_8' title='bbox 538 347 698 416; x_wconf 70' lang='grc' dir='ltr'>ἴσμεν</span> <span class='ocrx_word' id='word_1_9' title='bbox 723 364 738 412; x_wconf 89' lang='lat'><strong>;</strong></span> <span class='ocrx_word' id='word_1_10' title='bbox 771 346 889 417; x_wconf 79' lang='grc' dir='ltr'>οὐχὶ</span> <span class='ocrx_word' id='word_1_11' title='bbox 919 347 1012 400; x_wconf 76' lang='grc' dir='ltr'>καὶ</span> <span class='ocrx_word' id='word_1_12' title='bbox 1036 346 1197 408; x_wconf 72' lang='grc' dir='ltr'>αὐτὸς</span> <span class='ocrx_word' id='word_1_13' title='bbox 1239 346 1296 399; x_wconf 76' lang='grc' dir='ltr'>ὲν</span> <span class='ocrx_word' id='word_1_14' title='bbox 1327 344 1721 416; x_wconf 84' lang='grc' dir='ltr'>Ἱεροσολύμοις</span> <span class='ocrx_word' id='word_1_15' title='bbox 1751 348 1778 398; x_wconf 86' lang='grc' dir='ltr'>ὁ</span> <span class='ocrx_word' id='word_1_16' title='bbox 1808 347 1924 398; x_wconf 72' lang='lat' dir='ltr'><strong>Ku-</strong></span> 
     </span>
    </p>
   </div>
   <div class='ocr_carea' id='block_1_5' title="bbox 2029 343 3603 421">
    <p class='ocr_par' dir='ltr' id='par_1_5' title="bbox 2029 343 3603 414">
     <span class='ocr_line' id='line_1_5' title="bbox 2029 343 3603 414; baseline 0.003 -14"><span class='ocrx_word' id='word_1_17' title='bbox 2029 356 2298 400; x_wconf 86' lang='lat' dir='ltr'><strong>terrarum</strong></span> <span class='ocrx_word' id='word_1_18' title='bbox 2334 346 2388 398; x_wconf 89' lang='lat' dir='ltr'><strong>in</strong></span> <span class='ocrx_word' id='word_1_19' title='bbox 2411 344 2582 400; x_wconf 81' lang='lat' dir='ltr'><strong>sacris</strong></span> <span class='ocrx_word' id='word_1_20' title='bbox 2623 343 2882 398; x_wconf 81' lang='lat' dir='ltr'><strong>domibus</strong></span> <span class='ocrx_word' id='word_1_21' title='bbox 2910 353 3076 414; x_wconf 88' lang='lat' dir='ltr'><strong>atque</strong></span> <span class='ocrx_word' id='word_1_22' title='bbox 3109 347 3392 403; x_wconf 87' lang='lat' dir='ltr'><strong>asceteriis</strong></span> <span class='ocrx_word' id='word_1_23' title='bbox 3423 346 3603 404; x_wconf 82' lang='lat' dir='ltr'><strong>simile</strong></span> 
     </span>
    </p>
   </div>
   <div class='ocr_carea' id='block_1_6' title="bbox 348 437 1922 508">
    <p class='ocr_par' dir='ltr' id='par_1_6' title="bbox 348 437 1922 508">
     <span class='ocr_line' id='line_1_6' title="bbox 348 437 1922 508; baseline -0.004 -14"><span class='ocrx_word' id='word_1_24' title='bbox 348 439 530 501; x_wconf 81' lang='grc' dir='ltr'>οιακός</span> <span class='ocrx_word' id='word_1_25' title='bbox 555 440 672 491; x_wconf 79' lang='grc' dir='ltr'>ἐστι</span> <span class='ocrx_word' id='word_1_26' title='bbox 709 439 902 507; x_wconf 84' lang='grc' dir='ltr'>τάφος,</span> <span class='ocrx_word' id='word_1_27' title='bbox 932 437 1364 508; x_wconf 82' lang='grc' dir='ltr'>θαυματουργῶν</span> <span class='ocrx_word' id='word_1_28' title='bbox 1393 437 1629 502; x_wconf 73' lang='grc' dir='ltr'>ἐξαίσιας</span> <span class='ocrx_word' id='word_1_29' title='bbox 1662 437 1846 507; x_wconf 82' lang='grc' dir='ltr'>μήπου</span> <span class='ocrx_word' id='word_1_30' title='bbox 1873 454 1922 488; x_wconf 83' lang='grc' dir='ltr'><strong>τι</strong></span> 
     </span>
    </p>
   </div>
   <div class='ocr_carea' id='block_1_7' title="bbox 346 527 1924 602">
    <p class='ocr_par' dir='ltr' id='par_1_7' title="bbox 346 527 1924 602">
     <span class='ocr_line' id='line_1_7' title="bbox 346 527 1924 602; baseline -0.004 -17"><span class='ocrx_word' id='word_1_31' title='bbox 346 530 746 602; x_wconf 71' lang='grc' dir='ltr'><strong>παραπλησίως</strong></span> <span class='ocrx_word' id='word_1_32' title='bbox 793 530 913 598; x_wconf 78' lang='grc' dir='ltr'>ἕχον</span> <span class='ocrx_word' id='word_1_33' title='bbox 958 531 1074 580; x_wconf 83' lang='grc' dir='ltr'>ἐκεῖ</span> <span class='ocrx_word' id='word_1_34' title='bbox 1108 531 1220 592; x_wconf 85' lang='grc' dir='ltr'>τοῖς</span> <span class='ocrx_word' id='word_1_35' title='bbox 1249 527 1538 598; x_wconf 77' lang='grc' dir='ltr'><strong>ἡμετέροις</strong></span> <span class='ocrx_word' id='word_1_36' title='bbox 1575 527 1761 592; x_wconf 82' lang='grc' dir='ltr'>ἑστίν;</span> <span class='ocrx_word' id='word_1_37' title='bbox 1803 527 1924 596; x_wconf 72' lang='grc' dir='ltr'>οὐχὶ</span> 
     </span>
    </p>
   </div>
   <div class='ocr_carea' id='block_1_8' title="bbox 347 619 1924 692">
    <p class='ocr_par' dir='ltr' id='par_1_8' title="bbox 347 619 1924 692">
     <span class='ocr_line' id='line_1_8' title="bbox 347 619 1924 692; baseline -0.004 -14"><span class='ocrx_word' id='word_1_38' title='bbox 347 625 452 685; x_wconf 78' lang='grc' dir='ltr'><strong>πᾶς</strong></span> <span class='ocrx_word' id='word_1_39' title='bbox 484 625 511 676; x_wconf 85' lang='grc' dir='ltr'>ὁ</span> <span class='ocrx_word' id='word_1_40' title='bbox 549 623 854 691; x_wconf 82' lang='grc' dir='ltr'><strong>προσευχῆς</strong></span> <span class='ocrx_word' id='word_1_41' title='bbox 893 620 1134 691; x_wconf 87' lang='grc' dir='ltr'>προσιὼν</span> <span class='ocrx_word' id='word_1_42' title='bbox 1162 621 1322 690; x_wconf 88' lang='grc' dir='ltr'>χάριν</span> <span class='ocrx_word' id='word_1_43' title='bbox 1355 621 1387 690; x_wconf 83' lang='grc' dir='ltr'>ἢ</span> <span class='ocrx_word' id='word_1_44' title='bbox 1417 619 1731 692; x_wconf 84' lang='grc' dir='ltr'>Θεραπείας,</span> <span class='ocrx_word' id='word_1_45' title='bbox 1770 619 1924 683; x_wconf 78' lang='grc' dir='ltr'>ἰδίαις</span> 
     </span>
    </p>
   </div>
   <div class='ocr_carea' id='block_1_9' title="bbox 349 707 1924 788">
    <p class='ocr_par' dir='ltr' id='par_1_9' title="bbox 349 707 1924 788">
     <span class='ocr_line' id='line_1_9' title="bbox 349 707 1924 788; baseline -0.003 -20"><span class='ocrx_word' id='word_1_46' title='bbox 349 719 546 788; x_wconf 78' lang='grc' dir='ltr'>μᾶλλον</span> <span class='ocrx_word' id='word_1_47' title='bbox 568 719 764 786; x_wconf 75' lang='grc' dir='ltr'>χρῆται</span> <span class='ocrx_word' id='word_1_48' title='bbox 787 714 1083 779; x_wconf 86' lang='grc' dir='ltr'>δαπάναις;</span> <span class='ocrx_word' id='word_1_49' title='bbox 1112 713 1421 766; x_wconf 82' lang='grc' dir='ltr'>τούναντίον</span> <span class='ocrx_word' id='word_1_50' title='bbox 1451 712 1549 782; x_wconf 84' lang='grc' dir='ltr'>μὲν</span> <span class='ocrx_word' id='word_1_51' title='bbox 1573 707 1664 765; x_wconf 79' lang='grc' dir='ltr'>οὖν</span> <span class='ocrx_word' id='word_1_52' title='bbox 1687 713 1808 781; x_wconf 79' lang='grc' dir='ltr'>οὐχὶ</span> <span class='ocrx_word' id='word_1_53' title='bbox 1830 713 1924 764; x_wconf 78' lang='grc' dir='ltr'><strong>καὶ</strong></span> 
     </span>
    </p>
   </div>
   <div class='ocr_carea' id='block_1_10' title="bbox 344 804 1920 878">
    <p class='ocr_par' dir='ltr' id='par_1_10' title="bbox 344 804 1920 878">
     <span class='ocr_line' id='line_1_10' title="bbox 344 804 1920 878; baseline -0.003 -18"><span class='ocrx_word' id='word_1_54' title='bbox 344 809 642 878; x_wconf 71' lang='grc' dir='ltr'><strong>προσφέρει</strong></span> <span class='ocrx_word' id='word_1_55' title='bbox 674 807 732 858; x_wconf 75' lang='grc' dir='ltr'>τὸ</span> <span class='ocrx_word' id='word_1_56' title='bbox 758 807 899 858; x_wconf 78' lang='grc' dir='ltr'><strong>κατὰ</strong></span> <span class='ocrx_word' id='word_1_57' title='bbox 929 804 1197 875; x_wconf 87' lang='grc' dir='ltr'>δύναμιν;</span> <span class='ocrx_word' id='word_1_58' title='bbox 1232 807 1349 867; x_wconf 83' lang='grc' dir='ltr'>πῶς</span> <span class='ocrx_word' id='word_1_59' title='bbox 1377 805 1576 869; x_wconf 81' lang='grc' dir='ltr'>τοίνυν,</span> <span class='ocrx_word' id='word_1_60' title='bbox 1614 805 1707 858; x_wconf 71' lang='grc' dir='ltr'>καὶ</span> <span class='ocrx_word' id='word_1_61' title='bbox 1735 805 1920 868; x_wconf 83' lang='grc' dir='ltr'>πόθεν,</span> 
     </span>
    </p>
   </div>
   <div class='ocr_carea' id='block_1_11' title="bbox 343 896 1924 970">
    <p class='ocr_par' dir='ltr' id='par_1_11' title="bbox 343 896 1924 970">
     <span class='ocr_line' id='line_1_11' title="bbox 343 896 1924 970; baseline -0.005 -16"><span class='ocrx_word' id='word_1_62' title='bbox 343 900 375 970; x_wconf 83' lang='grc' dir='ltr'>ἢ</span> <span class='ocrx_word' id='word_1_63' title='bbox 443 901 604 970; x_wconf 84' lang='grc' dir='ltr'>μέχρι</span> <span class='ocrx_word' id='word_1_64' title='bbox 651 898 843 962; x_wconf 76' lang='grc' dir='ltr'>πόσου,</span> <span class='ocrx_word' id='word_1_65' title='bbox 882 898 1094 959; x_wconf 77' lang='grc' dir='ltr'><strong>ἑαυτοῖς</strong></span> <span class='ocrx_word' id='word_1_66' title='bbox 1142 898 1236 950; x_wconf 73' lang='grc' dir='ltr'><strong>καὶ</strong></span> <span class='ocrx_word' id='word_1_67' title='bbox 1267 901 1378 960; x_wconf 78' lang='grc' dir='ltr'>τοῖς</span> <span class='ocrx_word' id='word_1_68' title='bbox 1412 896 1729 968; x_wconf 73' lang='grc' dir='ltr'><strong>προσιοῦσιν</strong></span> <span class='ocrx_word' id='word_1_69' title='bbox 1766 897 1924 968; x_wconf 80' lang='grc' dir='ltr'>ἡμεῖς</span> 
     </span>
    </p>
   </div>
   <div class='ocr_carea' id='block_1_12' title="bbox 346 993 765 1061">
    <p class='ocr_par' dir='ltr' id='par_1_12' title="bbox 346 993 765 1061">
     <span class='ocr_line' id='line_1_12' title="bbox 346 993 765 1061; baseline -0.012 -17"><span class='ocrx_word' id='word_1_70' title='bbox 346 993 726 1061; x_wconf 78' lang='grc' dir='ltr'>ὲπαρκέσομεν</span> <span class='ocrx_word' id='word_1_71' title='bbox 751 1003 765 1053; x_wconf 92' lang='grc'><strong>;</strong></span> 
     </span>
    </p>
   </div>
   <div class='ocr_carea' id='block_1_13' title="bbox 416 1263 1926 1342">
    <p class='ocr_par' dir='ltr' id='par_1_13' title="bbox 416 1263 1926 1342">
     <span class='ocr_line' id='line_1_13' title="bbox 416 1263 1926 1342; baseline 0.004 -22"><span class='ocrx_word' id='word_1_72' title='bbox 416 1269 551 1339; x_wconf 81' lang='grc' dir='ltr'>ρλγ’.</span> <span class='ocrx_word' id='word_1_73' title='bbox 582 1269 645 1321; x_wconf 81' lang='lat' dir='ltr'><strong>0i</strong></span> <span class='ocrx_word' id='word_1_74' title='bbox 685 1268 784 1338; x_wconf 77' lang='grc' dir='ltr'>μὲν</span> <span class='ocrx_word' id='word_1_75' title='bbox 825 1263 919 1323; x_wconf 80' lang='grc' dir='ltr'>οὖν</span> <span class='ocrx_word' id='word_1_76' title='bbox 947 1266 1122 1323; x_wconf 84' lang='grc' dir='ltr'>ταῦτα</span> <span class='ocrx_word' id='word_1_77' title='bbox 1172 1271 1264 1323; x_wconf 64' lang='grc' dir='ltr'><strong>καλ⁹</strong></span> <span class='ocrx_word' id='word_1_78' title='bbox 1296 1271 1466 1324; x_wconf 85' lang='grc' dir='ltr'>πολλά</span> <span class='ocrx_word' id='word_1_79' title='bbox 1510 1271 1719 1335; x_wconf 75' lang='grc' dir='ltr'>τούτοις</span> <span class='ocrx_word' id='word_1_80' title='bbox 1762 1274 1926 1342; x_wconf 82' lang='grc' dir='ltr'>ὅμοια</span> 
     </span>
    </p>
   </div>
   <div class='ocr_carea' id='block_1_14' title="bbox 342 1354 1925 1433">
    <p class='ocr_par' dir='ltr' id='par_1_14' title="bbox 342 1354 1925 1433">
     <span class='ocr_line' id='line_1_14' title="bbox 342 1354 1925 1433; baseline 0.003 -21"><span class='ocrx_word' id='word_1_81' title='bbox 342 1354 529 1413; x_wconf 77' lang='grc' dir='ltr'>εἶπον’</span> <span class='ocrx_word' id='word_1_82' title='bbox 589 1360 616 1410; x_wconf 78' lang='grc' dir='ltr'><strong>ὁ</strong></span> <span class='ocrx_word' id='word_1_83' title='bbox 669 1360 726 1411; x_wconf 79' lang='grc' dir='ltr'><strong>δὲ</strong></span> <span class='ocrx_word' id='word_1_84' title='bbox 777 1360 968 1428; x_wconf 80' lang='grc' dir='ltr'><strong>πράως</strong></span> <span class='ocrx_word' id='word_1_85' title='bbox 1017 1360 1322 1427; x_wconf 79' lang='grc' dir='ltr'>ὑπολαϐὼν,</span> <span class='ocrx_word' id='word_1_86' title='bbox 1377 1363 1489 1431; x_wconf 81' lang='grc' dir='ltr'><strong>Τῆς</strong></span> <span class='ocrx_word' id='word_1_87' title='bbox 1538 1363 1779 1433; x_wconf 84' lang='grc' dir='ltr'><strong>μεγάλης</strong></span> <span class='ocrx_word' id='word_1_88' title='bbox 1831 1362 1925 1416; x_wconf 61' lang='grc' dir='ltr'><strong>κοιλ¹</strong></span> 
     </span>
    </p>
   </div>
   <div class='ocr_carea' id='block_1_15' title="bbox 343 1450 1922 1523">
    <p class='ocr_par' dir='ltr' id='par_1_15' title="bbox 343 1450 1922 1523">
     <span class='ocr_line' id='line_1_15' title="bbox 343 1450 1922 1523; baseline 0.003 -21"><span class='ocrx_word' id='word_1_89' title='bbox 343 1450 500 1502; x_wconf 79' lang='grc' dir='ltr'>τοῦτο</span> <span class='ocrx_word' id='word_1_90' title='bbox 523 1450 613 1501; x_wconf 72' lang='grc' dir='ltr'>τοῦ</span> <span class='ocrx_word' id='word_1_91' title='bbox 636 1450 767 1502; x_wconf 74' lang='grc' dir='ltr'>Θεοῦ</span> <span class='ocrx_word' id='word_1_92' title='bbox 800 1451 1150 1519; x_wconf 80' lang='grc' dir='ltr'><strong>κηδεμονίας,</strong></span> <span class='ocrx_word' id='word_1_93' title='bbox 1171 1453 1297 1520; x_wconf 70' lang='grc' dir='ltr'>ἔφη,</span> <span class='ocrx_word' id='word_1_94' title='bbox 1329 1454 1453 1522; x_wconf 81' lang='grc' dir='ltr'>περὶ</span> <span class='ocrx_word' id='word_1_95' title='bbox 1481 1455 1646 1522; x_wconf 82' lang='grc' dir='ltr'>ἡμᾶς,</span> <span class='ocrx_word' id='word_1_96' title='bbox 1683 1454 1922 1523; x_wconf 68' lang='grc' dir='ltr'>ἀδελφοὶ,</span> 
     </span>
    </p>
   </div>
   <div class='ocr_carea' id='block_1_16' title="bbox 343 1538 1926 1614">
    <p class='ocr_par' dir='ltr' id='par_1_16' title="bbox 343 1538 1926 1614">
     <span class='ocr_line' id='line_1_16' title="bbox 343 1538 1926 1614; baseline 0.003 -23"><span class='ocrx_word' id='word_1_97' title='bbox 343 1541 404 1591; x_wconf 80' lang='grc' dir='ltr'>τὸ</span> <span class='ocrx_word' id='word_1_98' title='bbox 452 1538 526 1608; x_wconf 82' lang='grc' dir='ltr'>μὴ</span> <span class='ocrx_word' id='word_1_99' title='bbox 575 1539 709 1608; x_wconf 75' lang='grc' dir='ltr'>πρὸς</span> <span class='ocrx_word' id='word_1_100' title='bbox 743 1539 1030 1609; x_wconf 81' lang='grc' dir='ltr'><strong>ἀλλοτρίας</strong></span> <span class='ocrx_word' id='word_1_101' title='bbox 1058 1543 1244 1610; x_wconf 85' lang='grc' dir='ltr'>χεῖρας</span> <span class='ocrx_word' id='word_1_102' title='bbox 1275 1543 1440 1611; x_wconf 75' lang='grc' dir='ltr'>ἡμᾶς,</span> <span class='ocrx_word' id='word_1_103' title='bbox 1472 1543 1606 1596; x_wconf 79' lang='grc' dir='ltr'>ἀλλὰ</span> <span class='ocrx_word' id='word_1_104' title='bbox 1649 1547 1783 1614; x_wconf 85' lang='grc' dir='ltr'>πρὸς</span> <span class='ocrx_word' id='word_1_105' title='bbox 1826 1545 1926 1606; x_wconf 78' lang='grc' dir='ltr'>τὰς</span> 
     </span>
    </p>
   </div>
   <div class='ocr_carea' id='block_1_17' title="bbox 344 1630 1924 1705">
    <p class='ocr_par' dir='ltr' id='par_1_17' title="bbox 344 1630 1924 1705">
     <span class='ocr_line' id='line_1_17' title="bbox 344 1630 1924 1705; baseline 0.003 -25"><span class='ocrx_word' id='word_1_106' title='bbox 344 1630 617 1699; x_wconf 70' lang='grc' dir='ltr'>ἡμετέρας</span> <span class='ocrx_word' id='word_1_107' title='bbox 652 1630 851 1698; x_wconf 83' lang='grc' dir='ltr'>μᾶλλον</span> <span class='ocrx_word' id='word_1_108' title='bbox 881 1630 1099 1702; x_wconf 79' lang='grc' dir='ltr'>ἑτέρους</span> <span class='ocrx_word' id='word_1_109' title='bbox 1122 1634 1272 1702; x_wconf 81' lang='grc' dir='ltr'>ὁρᾷν,</span> <span class='ocrx_word' id='word_1_110' title='bbox 1309 1636 1404 1686; x_wconf 75' lang='grc' dir='ltr'>καὶ</span> <span class='ocrx_word' id='word_1_111' title='bbox 1459 1633 1520 1686; x_wconf 79' lang='grc' dir='ltr'>τὸ</span> <span class='ocrx_word' id='word_1_112' title='bbox 1575 1637 1648 1705; x_wconf 77' lang='grc' dir='ltr'>μὴ</span> <span class='ocrx_word' id='word_1_113' title='bbox 1677 1637 1824 1699; x_wconf 81' lang='grc' dir='ltr'>ὅπως</span> <span class='ocrx_word' id='word_1_114' title='bbox 1859 1636 1924 1689; x_wconf 82' lang='grc' dir='ltr'>ἄν</span> 
     </span>
    </p>
   </div>
   <div class='ocr_carea' id='block_1_18' title="bbox 345 1722 1923 1797">
    <p class='ocr_par' dir='ltr' id='par_1_18' title="bbox 345 1722 1923 1797">
     <span class='ocr_line' id='line_1_18' title="bbox 345 1722 1923 1797; baseline 0.005 -23"><span class='ocrx_word' id='word_1_115' title='bbox 345 1739 395 1774; x_wconf 85' lang='grc' dir='ltr'><strong>τι</strong></span> <span class='ocrx_word' id='word_1_116' title='bbox 446 1724 538 1775; x_wconf 71' lang='grc' dir='ltr'>καὶ</span> <span class='ocrx_word' id='word_1_117' title='bbox 596 1722 768 1792; x_wconf 78' lang='grc' dir='ltr'>βραχὺ</span> <span class='ocrx_word' id='word_1_118' title='bbox 821 1722 1084 1793; x_wconf 80' lang='grc' dir='ltr'>λάϐοιμεν</span> <span class='ocrx_word' id='word_1_119' title='bbox 1139 1726 1267 1797; x_wconf 83' lang='grc' dir='ltr'>παρ’</span> <span class='ocrx_word' id='word_1_120' title='bbox 1323 1727 1524 1797; x_wconf 84' lang='grc' dir='ltr'>ἑτέρων</span> <span class='ocrx_word' id='word_1_121' title='bbox 1578 1730 1772 1794; x_wconf 78' lang='grc' dir='ltr'><strong>αἰτεῖν,</strong></span> <span class='ocrx_word' id='word_1_122' title='bbox 1809 1729 1923 1783; x_wconf 85' lang='grc' dir='ltr'>ἀλλ’</span> 
     </span>
    </p>
   </div>
   <div class='ocr_carea' id='block_1_19' title="bbox 347 1813 1921 1887">
    <p class='ocr_par' dir='ltr' id='par_1_19' title="bbox 347 1813 1921 1887">
     <span class='ocr_line' id='line_1_19' title="bbox 347 1813 1921 1887; baseline 0.003 -19"><span class='ocrx_word' id='word_1_123' title='bbox 347 1813 590 1882; x_wconf 56' lang='grc' dir='ltr'>ἀρθόνως</span> <span class='ocrx_word' id='word_1_124' title='bbox 625 1815 823 1882; x_wconf 77' lang='grc' dir='ltr'>μᾶλλον</span> <span class='ocrx_word' id='word_1_125' title='bbox 874 1814 1016 1884; x_wconf 75' lang='grc' dir='ltr'>ἔχειν</span> <span class='ocrx_word' id='word_1_126' title='bbox 1065 1817 1268 1886; x_wconf 78' lang='grc' dir='ltr'>ἑτέροις</span> <span class='ocrx_word' id='word_1_127' title='bbox 1317 1820 1464 1887; x_wconf 81' lang='grc' dir='ltr'>ἡμᾶς</span> <span class='ocrx_word' id='word_1_128' title='bbox 1516 1820 1800 1887; x_wconf 79' lang='grc' dir='ltr'>ἐπαρκεῖν.</span> <span class='ocrx_word' id='word_1_129' title='bbox 1850 1822 1921 1873; x_wconf 77' lang='grc' dir='ltr'><strong>Οὐ</strong></span> 
     </span>
    </p>
   </div>
   <div class='ocr_carea' id='block_1_20' title="bbox 349 1899 1926 1981">
    <p class='ocr_par' dir='ltr' id='par_1_20' title="bbox 349 1899 1926 1981">
     <span class='ocr_line' id='line_1_20' title="bbox 349 1899 1926 1981; baseline 0.003 -23"><span class='ocrx_word' id='word_1_130' title='bbox 349 1907 454 1975; x_wconf 80' lang='grc' dir='ltr'>γὰρ</span> <span class='ocrx_word' id='word_1_131' title='bbox 490 1905 548 1969; x_wconf 82' lang='grc' dir='ltr'>ἐξ</span> <span class='ocrx_word' id='word_1_132' title='bbox 579 1899 653 1958; x_wconf 80' lang='grc' dir='ltr'>ὧν</span> <span class='ocrx_word' id='word_1_133' title='bbox 684 1907 836 1957; x_wconf 73' lang='grc' dir='ltr'>αὐτοὶ</span> <span class='ocrx_word' id='word_1_134' title='bbox 859 1906 1303 1976; x_wconf 43' lang='grc' dir='ltr'>κοπιῶμενιάλλέ</span> <span class='ocrx_word' id='word_1_135' title='bbox 1329 1911 1388 1974; x_wconf 76' lang='grc' dir='ltr'>ἐξ</span> <span class='ocrx_word' id='word_1_136' title='bbox 1418 1904 1491 1963; x_wconf 81' lang='grc' dir='ltr'>ὧν</span> <span class='ocrx_word' id='word_1_137' title='bbox 1521 1913 1753 1981; x_wconf 68' lang='grc' dir='ltr'>ἀπονητὶ</span> <span class='ocrx_word' id='word_1_138' title='bbox 1793 1912 1926 1981; x_wconf 80' lang='grc' dir='ltr'>μᾶλ-</span> 
     </span>
    </p>
   </div>
   <div class='ocr_carea' id='block_1_21' title="bbox 347 1997 1925 2071">
    <p class='ocr_par' dir='ltr' id='par_1_21' title="bbox 347 1997 1925 2071">
     <span class='ocr_line' id='line_1_21' title="bbox 347 1997 1925 2071; baseline 0.004 -21"><span class='ocrx_word' id='word_1_139' title='bbox 347 1997 434 2050; x_wconf 88' lang='grc' dir='ltr'><strong>λον</strong></span> <span class='ocrx_word' id='word_1_140' title='bbox 479 2000 575 2066; x_wconf 76' lang='grc' dir='ltr'>τῆς</span> <span class='ocrx_word' id='word_1_141' title='bbox 606 1997 813 2050; x_wconf 85' lang='grc' dir='ltr'>ἄνωθεν</span> <span class='ocrx_word' id='word_1_142' title='bbox 845 1999 1214 2069; x_wconf 77' lang='grc' dir='ltr'>χρηστότητος</span> <span class='ocrx_word' id='word_1_143' title='bbox 1273 2000 1641 2071; x_wconf 78' lang='grc' dir='ltr'><strong>ἀπολαύομεν,</strong></span> <span class='ocrx_word' id='word_1_144' title='bbox 1696 2004 1925 2066; x_wconf 81' lang='grc' dir='ltr'>ἐκείνοις</span> 
     </span>
    </p>
   </div>
   <div class='ocr_carea' id='block_1_22' title="bbox 349 2087 1925 2168">
    <p class='ocr_par' dir='ltr' id='par_1_22' title="bbox 349 2087 1925 2168">
     <span class='ocr_line' id='line_1_22' title="bbox 349 2087 1925 2168; baseline 0.006 -27"><span class='ocrx_word' id='word_1_145' title='bbox 349 2091 683 2160; x_wconf 76' lang='grc' dir='ltr'>παρέχομεν,</span> <span class='ocrx_word' id='word_1_146' title='bbox 734 2087 761 2142; x_wconf 85' lang='grc' dir='ltr'><strong>ὃ</strong></span> <span class='ocrx_word' id='word_1_147' title='bbox 794 2095 884 2144; x_wconf 76' lang='grc' dir='ltr'>καὶ</span> <span class='ocrx_word' id='word_1_148' title='bbox 932 2095 1291 2148; x_wconf 78' lang='grc' dir='ltr'>σπουδαστέον</span> <span class='ocrx_word' id='word_1_149' title='bbox 1327 2097 1479 2165; x_wconf 75' lang='grc' dir='ltr'><strong>¹ὑμίν,</strong></span> <span class='ocrx_word' id='word_1_150' title='bbox 1517 2098 1674 2168; x_wconf 77' lang='grc' dir='ltr'>εἴπερ</span> <span class='ocrx_word' id='word_1_151' title='bbox 1701 2097 1828 2150; x_wconf 75' lang='grc' dir='ltr'>ἄλλο</span> <span class='ocrx_word' id='word_1_152' title='bbox 1874 2115 1925 2150; x_wconf 87' lang='grc' dir='ltr'><strong>τι</strong></span> 
     </span>
    </p>
   </div>
   <div class='ocr_carea' id='block_1_23' title="bbox 348 2179 1923 2258">
    <p class='ocr_par' dir='ltr' id='par_1_23' title="bbox 348 2179 1923 2258">
     <span class='ocr_line' id='line_1_23' title="bbox 348 2179 1923 2258; baseline 0.004 -23"><span class='ocrx_word' id='word_1_153' title='bbox 348 2179 435 2235; x_wconf 71' lang='grc' dir='ltr'>διὰ</span> <span class='ocrx_word' id='word_1_154' title='bbox 470 2183 691 2246; x_wconf 79' lang='grc' dir='ltr'>παντὸς,</span> <span class='ocrx_word' id='word_1_155' title='bbox 716 2187 808 2237; x_wconf 77' lang='grc' dir='ltr'>καὶ</span> <span class='ocrx_word' id='word_1_156' title='bbox 845 2186 1024 2254; x_wconf 79' lang='grc' dir='ltr'>πάσης</span> <span class='ocrx_word' id='word_1_157' title='bbox 1055 2185 1221 2252; x_wconf 72' lang='grc' dir='ltr'>ἄλλης</span> <span class='ocrx_word' id='word_1_158' title='bbox 1247 2187 1509 2255; x_wconf 75' lang='grc' dir='ltr'><strong>ἐργασίας</strong></span> <span class='ocrx_word' id='word_1_159' title='bbox 1538 2191 1923 2258; x_wconf 77' lang='grc' dir='ltr'>προτιμητέον,</span> 
     </span>
    </p>
   </div>
   <div class='ocr_carea' id='block_1_24' title="bbox 349 2273 1927 2348">
    <p class='ocr_par' dir='ltr' id='par_1_24' title="bbox 349 2273 1927 2348">
     <span class='ocr_line' id='line_1_24' title="bbox 349 2273 1927 2348; baseline 0.004 -23"><span class='ocrx_word' id='word_1_160' title='bbox 349 2273 464 2326; x_wconf 76' lang='grc' dir='ltr'>εἴτι</span> <span class='ocrx_word' id='word_1_161' title='bbox 477 2275 574 2343; x_wconf 69' lang='grc' dir='ltr'><strong>τῆς</strong></span> <span class='ocrx_word' id='word_1_162' title='bbox 593 2275 797 2328; x_wconf 80' lang='grc' dir='ltr'>ἐκείνου</span> <span class='ocrx_word' id='word_1_163' title='bbox 819 2279 969 2347; x_wconf 87' lang='grc' dir='ltr'>μέλει</span> <span class='ocrx_word' id='word_1_164' title='bbox 988 2278 1282 2348; x_wconf 78' lang='grc' dir='ltr'>θεραπείας</span> <span class='ocrx_word' id='word_1_165' title='bbox 1306 2280 1333 2330; x_wconf 84' lang='grc' dir='ltr'>ὑ</span> <span class='ocrx_word' id='word_1_166' title='bbox 1342 2280 1454 2346; x_wconf 86' lang='grc' dir='ltr'>μῖν,</span> <span class='ocrx_word' id='word_1_167' title='bbox 1473 2279 1565 2331; x_wconf 83' lang='grc' dir='ltr'><strong>τοῦ</strong></span> <span class='ocrx_word' id='word_1_168' title='bbox 1583 2280 1731 2334; x_wconf 79' lang='grc' dir='ltr'>ἔλεον</span> <span class='ocrx_word' id='word_1_169' title='bbox 1753 2281 1927 2334; x_wconf 77' lang='grc' dir='ltr'>θέλον-</span> 
     </span>
    </p>
   </div>
   <div class='ocr_carea' id='block_1_25' title="bbox 349 2367 1928 2441">
    <p class='ocr_par' dir='ltr' id='par_1_25' title="bbox 349 2367 1928 2441">
     <span class='ocr_line' id='line_1_25' title="bbox 349 2367 1928 2441; baseline 0.005 -23"><span class='ocrx_word' id='word_1_170' title='bbox 349 2384 438 2428; x_wconf 74' lang='grc' dir='ltr'><strong>τος</strong></span> <span class='ocrx_word' id='word_1_171' title='bbox 473 2367 672 2436; x_wconf 80' lang='grc' dir='ltr'>μᾶλλον</span> <span class='ocrx_word' id='word_1_172' title='bbox 696 2370 786 2421; x_wconf 66' lang='grc' dir='ltr'>καὶ</span> <span class='ocrx_word' id='word_1_173' title='bbox 810 2371 869 2421; x_wconf 74' lang='grc' dir='ltr'>οὐ</span> <span class='ocrx_word' id='word_1_174' title='bbox 896 2370 1106 2424; x_wconf 80' lang='grc' dir='ltr'>θυσίαν.</span> <span class='ocrx_word' id='word_1_175' title='bbox 1149 2369 1294 2439; x_wconf 78' lang='grc' dir='ltr'><strong>Πρὸς</strong></span> <span class='ocrx_word' id='word_1_176' title='bbox 1320 2372 1490 2424; x_wconf 77' lang='grc' dir='ltr'>ταῦτα</span> <span class='ocrx_word' id='word_1_177' title='bbox 1518 2372 1611 2424; x_wconf 79' lang='grc' dir='ltr'><strong>τοῦ</strong></span> <span class='ocrx_word' id='word_1_178' title='bbox 1657 2373 1928 2441; x_wconf 74' lang='grc' dir='ltr'>’Λγγουλᾶ</span> 
     </span>
    </p>
   </div>
   <div class='ocr_carea' id='block_1_26' title="bbox 351 2460 1927 2536">
    <p class='ocr_par' dir='ltr' id='par_1_26' title="bbox 351 2460 1927 2536">
     <span class='ocr_line' id='line_1_26' title="bbox 351 2460 1927 2536; baseline 0.004 -24"><span class='ocrx_word' id='word_1_179' title='bbox 351 2460 704 2531; x_wconf 65' lang='grc' dir='ltr'>πειραθέντος</span> <span class='ocrx_word' id='word_1_180' title='bbox 736 2463 1071 2533; x_wconf 81' lang='grc' dir='ltr'>ἰταμώτερον</span> <span class='ocrx_word' id='word_1_181' title='bbox 1097 2462 1516 2536; x_wconf 83' lang='grc' dir='ltr'>ἀποκρίνασθαι,</span> <span class='ocrx_word' id='word_1_182' title='bbox 1551 2464 1702 2528; x_wconf 78' lang='grc' dir='ltr'>εἰδὼς</span> <span class='ocrx_word' id='word_1_183' title='bbox 1733 2468 1760 2517; x_wconf 82' lang='grc' dir='ltr'>ὁ</span> <span class='ocrx_word' id='word_1_184' title='bbox 1785 2462 1927 2528; x_wconf 79' lang='grc' dir='ltr'>θεῖος</span> 
     </span>
    </p>
   </div>
   <div class='ocr_carea' id='block_1_27' title="bbox 351 2553 1926 2628">
    <p class='ocr_par' dir='ltr' id='par_1_27' title="bbox 351 2553 1926 2628">
     <span class='ocr_line' id='line_1_27' title="bbox 351 2553 1926 2628; baseline 0.004 -23"><span class='ocrx_word' id='word_1_185' title='bbox 351 2553 487 2621; x_wconf 77' lang='grc' dir='ltr'>ἀνὴρ</span> <span class='ocrx_word' id='word_1_186' title='bbox 516 2553 583 2604; x_wconf 81' lang='grc' dir='ltr'><strong>δι’</strong></span> <span class='ocrx_word' id='word_1_187' title='bbox 611 2553 820 2606; x_wconf 82' lang='grc' dir='ltr'>ἐκείνου</span> <span class='ocrx_word' id='word_1_188' title='bbox 855 2557 1222 2610; x_wconf 82' lang='grc' dir='ltr'>συσκευάσθαι</span> <span class='ocrx_word' id='word_1_189' title='bbox 1265 2557 1342 2627; x_wconf 79' lang='grc' dir='ltr'>τῷ</span> <span class='ocrx_word' id='word_1_190' title='bbox 1373 2558 1551 2628; x_wconf 78' lang='grc' dir='ltr'>ἐχθρῷ</span> <span class='ocrx_word' id='word_1_191' title='bbox 1583 2558 1678 2628; x_wconf 75' lang='grc' dir='ltr'>τὴν</span> <span class='ocrx_word' id='word_1_192' title='bbox 1709 2554 1926 2612; x_wconf 74' lang='grc' dir='ltr'>ἐπιϐου-</span> 
     </span>
    </p>
   </div>
   <div class='ocr_carea' id='block_1_28' title="bbox 349 2646 1927 2722">
    <p class='ocr_par' dir='ltr' id='par_1_28' title="bbox 349 2646 1927 2722">
     <span class='ocr_line' id='line_1_28' title="bbox 349 2646 1927 2722; baseline 0.004 -28"><span class='ocrx_word' id='word_1_193' title='bbox 349 2646 467 2714; x_wconf 81' lang='grc' dir='ltr'>λὴν,</span> <span class='ocrx_word' id='word_1_194' title='bbox 506 2646 840 2716; x_wconf 80' lang='grc' dir='ltr'>ἐπιτιμήσας</span> <span class='ocrx_word' id='word_1_195' title='bbox 895 2650 1250 2720; x_wconf 67' lang='grc' dir='ltr'>σφοδρότερον</span> <span class='ocrx_word' id='word_1_196' title='bbox 1302 2652 1400 2703; x_wconf 74' lang='grc' dir='ltr'><strong>οὐκ</strong></span> <span class='ocrx_word' id='word_1_197' title='bbox 1448 2651 1658 2722; x_wconf 79' lang='grc' dir='ltr'>ἐκείνῳ,</span> <span class='ocrx_word' id='word_1_198' title='bbox 1692 2649 1825 2704; x_wconf 76' lang='grc' dir='ltr'>ἀλλὰ</span> <span class='ocrx_word' id='word_1_199' title='bbox 1851 2651 1927 2720; x_wconf 81' lang='grc' dir='ltr'>τῷ</span> 
     </span>
    </p>
   </div>
   <div class='ocr_carea' id='block_1_29' title="bbox 350 2735 1926 2812">
    <p class='ocr_par' dir='ltr' id='par_1_29' title="bbox 350 2735 1926 2812">
     <span class='ocr_line' id='line_1_29' title="bbox 350 2735 1926 2812; baseline 0.006 -25"><span class='ocrx_word' id='word_1_200' title='bbox 350 2736 416 2787; x_wconf 76' lang='grc' dir='ltr'><strong>δι’</strong></span> <span class='ocrx_word' id='word_1_201' title='bbox 445 2735 608 2788; x_wconf 67' lang='grc' dir='ltr'><strong>αἱ)τοῦ</strong></span> <span class='ocrx_word' id='word_1_202' title='bbox 653 2737 853 2806; x_wconf 81' lang='grc' dir='ltr'>μᾶλλον</span> <span class='ocrx_word' id='word_1_203' title='bbox 879 2740 1106 2802; x_wconf 76' lang='grc' dir='ltr'>ἀναιδῶς</span> <span class='ocrx_word' id='word_1_204' title='bbox 1132 2741 1506 2812; x_wconf 67' lang='grc' dir='ltr'>φθεγγομένῳ,</span> <span class='ocrx_word' id='word_1_205' title='bbox 1545 2745 1614 2796; x_wconf 75' lang='grc' dir='ltr'>Συ</span> <span class='ocrx_word' id='word_1_206' title='bbox 1643 2744 1761 2812; x_wconf 86' lang='grc' dir='ltr'>μὲν,</span> <span class='ocrx_word' id='word_1_207' title='bbox 1789 2745 1926 2811; x_wconf 74' lang='grc' dir='ltr'>ἀγα-</span> 
     </span>
    </p>
   </div>
   <div class='ocr_carea' id='block_1_30' title="bbox 353 2826 1928 2900">
    <p class='ocr_par' dir='ltr' id='par_1_30' title="bbox 353 2826 1928 2900">
     <span class='ocr_line' id='line_1_30' title="bbox 353 2826 1928 2900; baseline 0.005 -24"><span class='ocrx_word' id='word_1_208' title='bbox 353 2826 462 2887; x_wconf 69' lang='grc' dir='ltr'>θοῖς</span> <span class='ocrx_word' id='word_1_209' title='bbox 497 2828 631 2878; x_wconf 78' lang='grc' dir='ltr'>πᾶσι</span> <span class='ocrx_word' id='word_1_210' title='bbox 661 2827 883 2896; x_wconf 80' lang='grc' dir='ltr'>πολέμιε</span> <span class='ocrx_word' id='word_1_211' title='bbox 911 2830 1052 2898; x_wconf 76' lang='grc' dir='ltr'>(οὐδὲ</span> <span class='ocrx_word' id='word_1_212' title='bbox 1087 2829 1192 2899; x_wconf 80' lang='grc' dir='ltr'>γὰρ</span> <span class='ocrx_word' id='word_1_213' title='bbox 1222 2831 1399 2898; x_wconf 83' lang='grc' dir='ltr'>ἀγνοῶ</span> <span class='ocrx_word' id='word_1_214' title='bbox 1446 2849 1538 2884; x_wconf 81' lang='grc' dir='ltr'><strong>σου</strong></span> <span class='ocrx_word' id='word_1_215' title='bbox 1569 2833 1666 2894; x_wconf 74' lang='grc' dir='ltr'>τὰς</span> <span class='ocrx_word' id='word_1_216' title='bbox 1685 2833 1928 2900; x_wconf 71' lang='grc' dir='ltr'>δολιότηο</span> 
     </span>
    </p>
   </div>
   <div class='ocr_carea' id='block_1_31' title="bbox 351 2902 1928 2991">
    <p class='ocr_par' dir='ltr' id='par_1_31' title="bbox 351 2917 1928 2991">
     <span class='ocr_line' id='line_1_31' title="bbox 351 2917 1928 2991; baseline 0.004 -24"><span class='ocrx_word' id='word_1_217' title='bbox 351 2917 489 2984; x_wconf 86' lang='grc' dir='ltr'>τας),</span> <span class='ocrx_word' id='word_1_218' title='bbox 518 2917 642 2985; x_wconf 76' lang='grc' dir='ltr'>ἔφη,</span> <span class='ocrx_word' id='word_1_219' title='bbox 680 2917 771 2969; x_wconf 62' lang='grc' dir='ltr'><strong>τὸν</strong></span> <span class='ocrx_word' id='word_1_220' title='bbox 807 2918 1150 2988; x_wconf 86' lang='grc' dir='ltr'>ταλαίπωρον</span> <span class='ocrx_word' id='word_1_221' title='bbox 1172 2919 1357 2972; x_wconf 72' lang='grc' dir='ltr'>τοῦτον</span> <span class='ocrx_word' id='word_1_222' title='bbox 1379 2920 1732 2986; x_wconf 80' lang='grc' dir='ltr'>ὑπεισελθὼν,</span> <span class='ocrx_word' id='word_1_223' title='bbox 1771 2921 1928 2991; x_wconf 74' lang='grc' dir='ltr'><strong>Θορύ-</strong></span> 
     </span>
    </p>
   </div>
   <div class='ocr_carea' id='block_1_32' title="bbox 2025 435 3601 508">
    <p class='ocr_par' dir='ltr' id='par_1_32' title="bbox 2025 435 3601 508">
     <span class='ocr_line' id='line_1_32' title="bbox 2025 435 3601 508; baseline 0.003 -19"><span class='ocrx_word' id='word_1_224' title='bbox 2025 437 2157 507; x_wconf 89' lang='lat' dir='ltr'><strong>quid</strong></span> <span class='ocrx_word' id='word_1_225' title='bbox 2192 437 2312 490; x_wconf 81' lang='lat' dir='ltr'><strong>fieri</strong></span> <span class='ocrx_word' id='word_1_226' title='bbox 2347 435 2746 490; x_wconf 82' lang='lat' dir='ltr'><strong>recordamur?</strong></span> <span class='ocrx_word' id='word_1_227' title='bbox 2774 435 2968 489; x_wconf 83' lang='lat' dir='ltr'><strong>Nonne</strong></span> <span class='ocrx_word' id='word_1_228' title='bbox 3015 436 3196 505; x_wconf 89' lang='lat' dir='ltr'><strong>ipsum</strong></span> <span class='ocrx_word' id='word_1_229' title='bbox 3226 453 3445 508; x_wconf 90' lang='lat' dir='ltr'><strong>quoque</strong></span> <span class='ocrx_word' id='word_1_230' title='bbox 3492 440 3601 494; x_wconf 92' lang='lat' dir='ltr'><strong>Do-</strong></span> 
     </span>
    </p>
   </div>
   <div class='ocr_carea' id='block_1_33' title="bbox 2027 527 3605 599">
    <p class='ocr_par' dir='ltr' id='par_1_33' title="bbox 2027 527 3605 599">
     <span class='ocr_line' id='line_1_33' title="bbox 2027 527 3605 599; baseline 0.001 -16"><span class='ocrx_word' id='word_1_231' title='bbox 2027 530 2159 583; x_wconf 88' lang='lat' dir='ltr'><strong>mini</strong></span> <span class='ocrx_word' id='word_1_232' title='bbox 2214 529 2534 599; x_wconf 86' lang='lat' dir='ltr'><strong>sepulcrum</strong></span> <span class='ocrx_word' id='word_1_233' title='bbox 2582 527 2978 598; x_wconf 83' lang='lat' dir='ltr'><strong>Hierosolymis</strong></span> <span class='ocrx_word' id='word_1_234' title='bbox 3035 528 3295 584; x_wconf 89' lang='lat' dir='ltr'><strong>inusitata</strong></span> <span class='ocrx_word' id='word_1_235' title='bbox 3343 540 3605 599; x_wconf 77' lang='lat' dir='ltr'><strong>operatur</strong></span> 
     </span>
    </p>
   </div>
   <div class='ocr_carea' id='block_1_34' title="bbox 2026 619 3605 689">
    <p class='ocr_par' dir='ltr' id='par_1_34' title="bbox 2026 619 3605 689">
     <span class='ocr_line' id='line_1_34' title="bbox 2026 619 3605 689; baseline 0.001 -15"><span class='ocrx_word' id='word_1_236' title='bbox 2026 621 2334 675; x_wconf 85' lang='lat' dir='ltr'><strong>miracula?</strong></span> <span class='ocrx_word' id='word_1_237' title='bbox 2377 620 2626 689; x_wconf 86' lang='lat' dir='ltr'><strong>nunquid</strong></span> <span class='ocrx_word' id='word_1_238' title='bbox 2674 632 2856 674; x_wconf 87' lang='lat' dir='ltr'><strong>tamen</strong></span> <span class='ocrx_word' id='word_1_239' title='bbox 2906 619 3031 674; x_wconf 92' lang='lat' dir='ltr'><strong>istic</strong></span> <span class='ocrx_word' id='word_1_240' title='bbox 3095 635 3195 688; x_wconf 87' lang='lat' dir='ltr'><strong>par</strong></span> <span class='ocrx_word' id='word_1_241' title='bbox 3231 622 3361 675; x_wconf 88' lang='lat' dir='ltr'><strong>huic</strong></span> <span class='ocrx_word' id='word_1_242' title='bbox 3402 631 3605 676; x_wconf 71' lang='lat' dir='ltr'><strong>nostra:</strong></span> 
     </span>
    </p>
   </div>
   <div class='ocr_carea' id='block_1_35' title="bbox 2026 711 3606 784">
    <p class='ocr_par' dir='ltr' id='par_1_35' title="bbox 2026 711 3606 784">
     <span class='ocr_line' id='line_1_35' title="bbox 2026 711 3606 784; baseline -0.002 -16"><span class='ocrx_word' id='word_1_243' title='bbox 2026 715 2497 784; x_wconf 80' lang='lat' dir='ltr'><strong>eleemosynarum</strong></span> <span class='ocrx_word' id='word_1_244' title='bbox 2541 712 2802 782; x_wconf 75' lang='lat' dir='ltr'><strong>largitio?</strong></span> <span class='ocrx_word' id='word_1_245' title='bbox 2841 711 3034 765; x_wconf 81' lang='lat' dir='ltr'><strong>Nonne</strong></span> <span class='ocrx_word' id='word_1_246' title='bbox 3082 727 3180 765; x_wconf 89' lang='lat' dir='ltr'><strong>sua</strong></span> <span class='ocrx_word' id='word_1_247' title='bbox 3221 712 3355 765; x_wconf 81' lang='lat' dir='ltr'><strong>vivit</strong></span> <span class='ocrx_word' id='word_1_248' title='bbox 3397 713 3606 781; x_wconf 84' lang='lat' dir='ltr'><strong>quadra</strong></span> 
     </span>
    </p>
   </div>
   <div class='ocr_carea' id='block_1_36' title="bbox 2026 803 3607 876">
    <p class='ocr_par' dir='ltr' id='par_1_36' title="bbox 2026 803 3607 876">
     <span class='ocr_line' id='line_1_36' title="bbox 2026 803 3607 876; baseline -0.002 -18"><span class='ocrx_word' id='word_1_249' title='bbox 2026 806 2280 876; x_wconf 87' lang='lat' dir='ltr'><strong>quisquis</strong></span> <span class='ocrx_word' id='word_1_250' title='bbox 2324 814 2421 858; x_wconf 84' lang='lat' dir='ltr'><strong>aut</strong></span> <span class='ocrx_word' id='word_1_251' title='bbox 2457 804 2728 859; x_wconf 89' lang='lat' dir='ltr'><strong>orationis</strong></span> <span class='ocrx_word' id='word_1_252' title='bbox 2759 812 2854 857; x_wconf 91' lang='lat' dir='ltr'><strong>aut</strong></span> <span class='ocrx_word' id='word_1_253' title='bbox 2903 804 3026 872; x_wconf 90' lang='lat' dir='ltr'><strong>opis</strong></span> <span class='ocrx_word' id='word_1_254' title='bbox 3066 818 3231 856; x_wconf 88' lang='lat' dir='ltr'><strong>causa</strong></span> <span class='ocrx_word' id='word_1_255' title='bbox 3261 819 3328 857; x_wconf 89' lang='lat' dir='ltr'><strong>eo</strong></span> <span class='ocrx_word' id='word_1_256' title='bbox 3355 803 3607 858; x_wconf 89' lang='lat' dir='ltr'><strong>accedit?</strong></span> 
     </span>
    </p>
   </div>
   <div class='ocr_carea' id='block_1_37' title="bbox 2027 896 3606 970">
    <p class='ocr_par' dir='ltr' id='par_1_37' title="bbox 2027 896 3606 970">
     <span class='ocr_line' id='line_1_37' title="bbox 2027 896 3606 970; baseline -0.003 -15"><span class='ocrx_word' id='word_1_257' title='bbox 2027 902 2139 955; x_wconf 91' lang='lat' dir='ltr'><strong>imo</strong></span> <span class='ocrx_word' id='word_1_258' title='bbox 2176 900 2323 970; x_wconf 89' lang='lat' dir='ltr'><strong>quod</strong></span> <span class='ocrx_word' id='word_1_259' title='bbox 2378 910 2570 953; x_wconf 87' lang='lat' dir='ltr'><strong>contra</strong></span> <span class='ocrx_word' id='word_1_260' title='bbox 2613 907 2718 962; x_wconf 91' lang='lat' dir='ltr'><strong>est,</strong></span> <span class='ocrx_word' id='word_1_261' title='bbox 2777 912 2961 950; x_wconf 88' lang='lat' dir='ltr'><strong>nonne</strong></span> <span class='ocrx_word' id='word_1_262' title='bbox 3013 897 3136 950; x_wconf 85' lang='lat' dir='ltr'><strong>istic</strong></span> <span class='ocrx_word' id='word_1_263' title='bbox 3182 896 3345 951; x_wconf 77' lang='lat' dir='ltr'><strong>offert</strong></span> <span class='ocrx_word' id='word_1_264' title='bbox 3394 897 3462 951; x_wconf 88' lang='lat' dir='ltr'><strong>de</strong></span> <span class='ocrx_word' id='word_1_265' title='bbox 3505 911 3606 950; x_wconf 91' lang='lat' dir='ltr'><strong>suo</strong></span> 
     </span>
    </p>
   </div>
   <div class='ocr_carea' id='block_1_38' title="bbox 2026 971 3607 1063">
    <p class='ocr_par' dir='ltr' id='par_1_38' title="bbox 2026 971 3607 1063">
     <span class='ocr_line' id='line_1_38' title="bbox 2026 971 3607 1063; baseline -0.004 -17"><span class='ocrx_word' id='word_1_266' title='bbox 2026 1004 2294 1063; x_wconf 90' lang='lat' dir='ltr'><strong>quantum</strong></span> <span class='ocrx_word' id='word_1_267' title='bbox 2319 991 2545 1061; x_wconf 87' lang='lat' dir='ltr'><strong>potest?</strong></span> <span class='ocrx_word' id='word_1_268' title='bbox 2577 988 2864 1055; x_wconf 83' lang='lat' dir='ltr'><strong>Quomodo</strong></span> <span class='ocrx_word' id='word_1_269' title='bbox 2892 988 3060 1057; x_wconf 83' lang='lat' dir='ltr'><strong>igitur</strong></span> <span class='ocrx_word' id='word_1_270' title='bbox 3092 971 3194 1042; x_wconf 81' lang='lat' dir='ltr'><strong>nos</strong></span> <span class='ocrx_word' id='word_1_271' title='bbox 3222 996 3277 1042; x_wconf 85' lang='lat' dir='ltr'><strong>et</strong></span> <span class='ocrx_word' id='word_1_272' title='bbox 3317 989 3482 1052; x_wconf 89' lang='lat' dir='ltr'><strong>unde,</strong></span> <span class='ocrx_word' id='word_1_273' title='bbox 3513 995 3607 1041; x_wconf 89' lang='lat' dir='ltr'><strong>aut</strong></span> 
     </span>
    </p>
   </div>
   <div class='ocr_carea' id='block_1_39' title="bbox 2027 1080 3607 1156">
    <p class='ocr_par' dir='ltr' id='par_1_39' title="bbox 2027 1080 3607 1156">
     <span class='ocr_line' id='line_1_39' title="bbox 2027 1080 3607 1156; baseline -0.004 -16"><span class='ocrx_word' id='word_1_274' title='bbox 2027 1101 2315 1156; x_wconf 87' lang='lat' dir='ltr'><strong>quousque</strong></span> <span class='ocrx_word' id='word_1_275' title='bbox 2361 1092 2418 1139; x_wconf 89' lang='lat' dir='ltr'><strong>et</strong></span> <span class='ocrx_word' id='word_1_276' title='bbox 2447 1082 2608 1137; x_wconf 90' lang='lat' dir='ltr'><strong>nobis</strong></span> <span class='ocrx_word' id='word_1_277' title='bbox 2631 1091 2686 1136; x_wconf 90' lang='lat' dir='ltr'><strong>et</strong></span> <span class='ocrx_word' id='word_1_278' title='bbox 2710 1080 3103 1135; x_wconf 83' lang='lat' dir='ltr'><strong>accedentibus</strong></span> <span class='ocrx_word' id='word_1_279' title='bbox 3124 1096 3226 1135; x_wconf 93' lang='lat' dir='ltr'><strong>nos</strong></span> <span class='ocrx_word' id='word_1_280' title='bbox 3271 1080 3607 1136; x_wconf 80' lang='lat' dir='ltr'><strong>suiliciemus</strong></span> 
     </span>
    </p>
   </div>
   <div class='ocr_carea' id='block_1_40' title="bbox 2027 1176 2342 1231">
    <p class='ocr_par' dir='ltr' id='par_1_40' title="bbox 2027 1176 2342 1231">
     <span class='ocr_line' id='line_1_40' title="bbox 2027 1176 2342 1231; baseline -0.01 0"><span class='ocrx_word' id='word_1_281' title='bbox 2027 1176 2342 1231; x_wconf 88' lang='lat' dir='ltr'><strong>annonam?</strong></span> 
     </span>
    </p>
   </div>
   <div class='ocr_carea' id='block_1_41' title="bbox 2100 1261 3606 1326">
    <p class='ocr_par' dir='ltr' id='par_1_41' title="bbox 2100 1261 3606 1326">
     <span class='ocr_line' id='line_1_41' title="bbox 2100 1261 3606 1326; baseline -0.003 -5"><span class='ocrx_word' id='word_1_282' title='bbox 2100 1269 2225 1323; x_wconf 79' lang='grc'><strong>155.</strong></span> <span class='ocrx_word' id='word_1_283' title='bbox 2266 1267 2393 1321; x_wconf 57' lang='lat' dir='ltr'><strong>Haec</strong></span> <span class='ocrx_word' id='word_1_284' title='bbox 2445 1275 2502 1321; x_wconf 83' lang='lat' dir='ltr'><strong>et</strong></span> <span class='ocrx_word' id='word_1_285' title='bbox 2555 1267 2642 1320; x_wconf 90' lang='lat' dir='ltr'><strong>bis</strong></span> <span class='ocrx_word' id='word_1_286' title='bbox 2679 1266 2882 1321; x_wconf 86' lang='lat' dir='ltr'><strong>similia</strong></span> <span class='ocrx_word' id='word_1_287' title='bbox 2934 1266 3043 1320; x_wconf 93' lang='lat' dir='ltr'><strong>illis</strong></span> <span class='ocrx_word' id='word_1_288' title='bbox 3098 1263 3316 1317; x_wconf 86' lang='lat' dir='ltr'><strong>turbide</strong></span> <span class='ocrx_word' id='word_1_289' title='bbox 3350 1261 3606 1326; x_wconf 90' lang='lat' dir='ltr'><strong>elocutis,</strong></span> 
     </span>
    </p>
   </div>
   <div class='ocr_carea' id='block_1_42' title="bbox 2029 1355 3607 1421">
    <p class='ocr_par' dir='ltr' id='par_1_42' title="bbox 2029 1355 3607 1421">
     <span class='ocr_line' id='line_1_42' title="bbox 2029 1355 3607 1421; baseline -0.006 -5"><span class='ocrx_word' id='word_1_290' title='bbox 2029 1361 2216 1416; x_wconf 89' lang='lat' dir='ltr'><strong>sedate</strong></span> <span class='ocrx_word' id='word_1_291' title='bbox 2251 1360 2584 1414; x_wconf 83' lang='lat' dir='ltr'><strong>subsumens</strong></span> <span class='ocrx_word' id='word_1_292' title='bbox 2619 1369 2859 1421; x_wconf 72' lang='lat' dir='ltr'><strong>sanctus,</strong></span> <span class='ocrx_word' id='word_1_293' title='bbox 2889 1359 2970 1412; x_wconf 85' lang='lat' dir='ltr'><strong>sic</strong></span> <span class='ocrx_word' id='word_1_294' title='bbox 3017 1358 3138 1411; x_wconf 81' lang='lat' dir='ltr'><strong>infit</strong></span> <span class='ocrx_word' id='word_1_295' title='bbox 3167 1374 3179 1409; x_wconf 92' lang='lat'><strong>:</strong></span> <span class='ocrx_word' id='word_1_296' title='bbox 3212 1356 3280 1409; x_wconf 91' lang='lat' dir='ltr'><strong>Et</strong></span> <span class='ocrx_word' id='word_1_297' title='bbox 3317 1355 3447 1408; x_wconf 89' lang='lat' dir='ltr'><strong>illud</strong></span> <span class='ocrx_word' id='word_1_298' title='bbox 3489 1355 3607 1408; x_wconf 88' lang='lat' dir='ltr'><strong>sin-</strong></span> 
     </span>
    </p>
   </div>
   <div class='ocr_carea' id='block_1_43' title="bbox 2028 1445 3612 1522">
    <p class='ocr_par' dir='ltr' id='par_1_43' title="bbox 2028 1445 3612 1522">
     <span class='ocr_line' id='line_1_43' title="bbox 2028 1445 3612 1522; baseline -0.004 -16"><span class='ocrx_word' id='word_1_299' title='bbox 2028 1453 2236 1522; x_wconf 88' lang='lat' dir='ltr'><strong>gularis</strong></span> <span class='ocrx_word' id='word_1_300' title='bbox 2269 1453 2365 1506; x_wconf 86' lang='lat' dir='ltr'><strong>Dei</strong></span> <span class='ocrx_word' id='word_1_301' title='bbox 2394 1453 2540 1506; x_wconf 89' lang='lat' dir='ltr'><strong>circa</strong></span> <span class='ocrx_word' id='word_1_302' title='bbox 2575 1467 2676 1504; x_wconf 91' lang='lat' dir='ltr'><strong>nos</strong></span> <span class='ocrx_word' id='word_1_303' title='bbox 2709 1450 3098 1504; x_wconf 74' lang='lat' dir='ltr'><strong>sollicitudinis</strong></span> <span class='ocrx_word' id='word_1_304' title='bbox 3119 1449 3336 1517; x_wconf 89' lang='lat' dir='ltr'><strong>signum</strong></span> <span class='ocrx_word' id='word_1_305' title='bbox 3364 1454 3468 1510; x_wconf 86' lang='lat' dir='ltr'><strong>est,</strong></span> <span class='ocrx_word' id='word_1_306' title='bbox 3501 1445 3612 1500; x_wconf 72' lang='lat' dir='ltr'><strong>fra~</strong></span> 
     </span>
    </p>
   </div>
   <div class='ocr_carea' id='block_1_44' title="bbox 2031 1537 3610 1612">
    <p class='ocr_par' dir='ltr' id='par_1_44' title="bbox 2031 1537 3610 1612">
     <span class='ocr_line' id='line_1_44' title="bbox 2031 1537 3610 1612; baseline -0.003 -16"><span class='ocrx_word' id='word_1_307' title='bbox 2031 1553 2170 1608; x_wconf 89' lang='lat' dir='ltr'><strong>tres,</strong></span> <span class='ocrx_word' id='word_1_308' title='bbox 2217 1543 2365 1612; x_wconf 90' lang='lat' dir='ltr'><strong>quod</strong></span> <span class='ocrx_word' id='word_1_309' title='bbox 2397 1558 2506 1596; x_wconf 91' lang='lat' dir='ltr'><strong>non</strong></span> <span class='ocrx_word' id='word_1_310' title='bbox 2543 1559 2609 1595; x_wconf 80' lang='lat' dir='ltr'><strong>ex</strong></span> <span class='ocrx_word' id='word_1_311' title='bbox 2641 1541 2837 1595; x_wconf 88' lang='lat' dir='ltr'><strong>alienis</strong></span> <span class='ocrx_word' id='word_1_312' title='bbox 2867 1541 3122 1594; x_wconf 88' lang='lat' dir='ltr'><strong>manibus</strong></span> <span class='ocrx_word' id='word_1_313' title='bbox 3150 1539 3332 1603; x_wconf 90' lang='lat' dir='ltr'><strong>nobis,</strong></span> <span class='ocrx_word' id='word_1_314' title='bbox 3365 1537 3460 1592; x_wconf 88' lang='lat' dir='ltr'><strong>sed</strong></span> <span class='ocrx_word' id='word_1_315' title='bbox 3488 1538 3610 1592; x_wconf 86' lang='lat' dir='ltr'><strong>aliis</strong></span> 
     </span>
    </p>
   </div>
   <div class='ocr_carea' id='block_1_45' title="bbox 2028 1633 3614 1707">
    <p class='ocr_par' dir='ltr' id='par_1_45' title="bbox 2028 1633 3614 1707">
     <span class='ocr_line' id='line_1_45' title="bbox 2028 1633 3614 1707; baseline -0.005 -16"><span class='ocrx_word' id='word_1_316' title='bbox 2028 1637 2215 1707; x_wconf 86' lang='lat' dir='ltr'><strong>potius</strong></span> <span class='ocrx_word' id='word_1_317' title='bbox 2243 1651 2308 1690; x_wconf 83' lang='lat' dir='ltr'><strong>ex</strong></span> <span class='ocrx_word' id='word_1_318' title='bbox 2341 1636 2550 1689; x_wconf 83' lang='lat' dir='ltr'><strong>nostris</strong></span> <span class='ocrx_word' id='word_1_319' title='bbox 2579 1634 2945 1688; x_wconf 77' lang='lat' dir='ltr'><strong>victitandum</strong></span> <span class='ocrx_word' id='word_1_320' title='bbox 2978 1634 3080 1697; x_wconf 85' lang='lat' dir='ltr'><strong>sit;</strong></span> <span class='ocrx_word' id='word_1_321' title='bbox 3113 1633 3391 1702; x_wconf 89' lang='lat' dir='ltr'><strong>quodque,</strong></span> <span class='ocrx_word' id='word_1_322' title='bbox 3421 1640 3481 1685; x_wconf 87' lang='lat' dir='ltr'><strong>ut</strong></span> <span class='ocrx_word' id='word_1_323' title='bbox 3513 1646 3614 1700; x_wconf 87' lang='lat' dir='ltr'><strong>pa-</strong></span> 
     </span>
    </p>
   </div>
   <div class='ocr_carea' id='block_1_46' title="bbox 2031 1725 3610 1797">
    <p class='ocr_par' dir='ltr' id='par_1_46' title="bbox 2031 1725 3610 1797">
     <span class='ocr_line' id='line_1_46' title="bbox 2031 1725 3610 1797; baseline -0.004 -14"><span class='ocrx_word' id='word_1_324' title='bbox 2031 1745 2151 1783; x_wconf 90' lang='lat' dir='ltr'><strong>rum</strong></span> <span class='ocrx_word' id='word_1_325' title='bbox 2174 1728 2305 1797; x_wconf 86' lang='lat' dir='ltr'><strong>quid</strong></span> <span class='ocrx_word' id='word_1_326' title='bbox 2335 1728 2694 1796; x_wconf 91' lang='lat' dir='ltr'><strong>accipiamus,</strong></span> <span class='ocrx_word' id='word_1_327' title='bbox 2728 1727 2964 1780; x_wconf 88' lang='lat' dir='ltr'><strong>alienam</strong></span> <span class='ocrx_word' id='word_1_328' title='bbox 2990 1726 3284 1794; x_wconf 82' lang='lat' dir='ltr'><strong>implorare</strong></span> <span class='ocrx_word' id='word_1_329' title='bbox 3311 1725 3480 1794; x_wconf 87' lang='lat' dir='ltr'><strong>opem‘</strong></span> <span class='ocrx_word' id='word_1_330' title='bbox 3497 1740 3610 1778; x_wconf 92' lang='lat' dir='ltr'><strong>non</strong></span> 
     </span>
    </p>
   </div>
   <div class='ocr_carea' id='block_1_47' title="bbox 2029 1819 3606 1887">
    <p class='ocr_par' dir='ltr' id='par_1_47' title="bbox 2029 1819 3606 1887">
     <span class='ocr_line' id='line_1_47' title="bbox 2029 1819 3606 1887; baseline -0.005 -10"><span class='ocrx_word' id='word_1_331' title='bbox 2029 1823 2348 1884; x_wconf 85' lang='lat' dir='ltr'><strong>debeamus,</strong></span> <span class='ocrx_word' id='word_1_332' title='bbox 2401 1819 2495 1874; x_wconf 88' lang='lat' dir='ltr'><strong>sed</strong></span> <span class='ocrx_word' id='word_1_333' title='bbox 2539 1829 2750 1874; x_wconf 78' lang='lat' dir='ltr'><strong>tantam</strong></span> <span class='ocrx_word' id='word_1_334' title='bbox 2783 1820 3086 1873; x_wconf 87' lang='lat' dir='ltr'><strong>habeamus</strong></span> <span class='ocrx_word' id='word_1_335' title='bbox 3145 1834 3329 1872; x_wconf 91' lang='lat' dir='ltr'><strong>rerum</strong></span> <span class='ocrx_word' id='word_1_336' title='bbox 3373 1819 3606 1887; x_wconf 91' lang='lat' dir='ltr'><strong>copiam,</strong></span> 
     </span>
    </p>
   </div>
   <div class='ocr_carea' id='block_1_48' title="bbox 2029 1906 3607 1976">
    <p class='ocr_par' dir='ltr' id='par_1_48' title="bbox 2029 1906 3607 1976">
     <span class='ocr_line' id='line_1_48' title="bbox 2029 1906 3607 1976; baseline -0.002 -14"><span class='ocrx_word' id='word_1_337' title='bbox 2029 1917 2090 1962; x_wconf 91' lang='lat' dir='ltr'><strong>ut</strong></span> <span class='ocrx_word' id='word_1_338' title='bbox 2123 1921 2179 1964; x_wconf 92' lang='lat' dir='ltr'><strong>et</strong></span> <span class='ocrx_word' id='word_1_339' title='bbox 2215 1909 2430 1963; x_wconf 74' lang='lat' dir='ltr'><strong>casteris</strong></span> <span class='ocrx_word' id='word_1_340' title='bbox 2453 1923 2779 1962; x_wconf 87' lang='lat' dir='ltr'><strong>succurrere</strong></span> <span class='ocrx_word' id='word_1_341' title='bbox 2803 1908 3099 1976; x_wconf 90' lang='lat' dir='ltr'><strong>possimus.</strong></span> <span class='ocrx_word' id='word_1_342' title='bbox 3126 1907 3314 1976; x_wconf 91' lang='lat' dir='ltr'><strong>Neque</strong></span> <span class='ocrx_word' id='word_1_343' title='bbox 3337 1922 3469 1961; x_wconf 89' lang='lat' dir='ltr'><strong>vero</strong></span> <span class='ocrx_word' id='word_1_344' title='bbox 3495 1906 3607 1970; x_wconf 88' lang='lat' dir='ltr'><strong>illa,</strong></span> 
     </span>
    </p>
   </div>
   <div class='ocr_carea' id='block_1_49' title="bbox 2028 2000 3611 2073">
    <p class='ocr_par' dir='ltr' id='par_1_49' title="bbox 2028 2000 3611 2073">
     <span class='ocr_line' id='line_1_49' title="bbox 2028 2000 3611 2073; baseline -0.001 -17"><span class='ocrx_word' id='word_1_345' title='bbox 2028 2019 2148 2071; x_wconf 74' lang='lat' dir='ltr'><strong>qua:</strong></span> <span class='ocrx_word' id='word_1_346' title='bbox 2183 2019 2442 2056; x_wconf 87' lang='lat' dir='ltr'><strong>manuum</strong></span> <span class='ocrx_word' id='word_1_347' title='bbox 2475 2014 2788 2060; x_wconf 86' lang='lat' dir='ltr'><strong>nostrarum</strong></span> <span class='ocrx_word' id='word_1_348' title='bbox 2829 2018 2995 2072; x_wconf 86' lang='lat' dir='ltr'><strong>opere</strong></span> <span class='ocrx_word' id='word_1_349' title='bbox 3027 2002 3488 2073; x_wconf 86' lang='lat' dir='ltr'><strong>conquisivimus,</strong></span> <span class='ocrx_word' id='word_1_350' title='bbox 3513 2000 3611 2056; x_wconf 90' lang='lat' dir='ltr'><strong>sed</strong></span> 
     </span>
    </p>
   </div>
   <div class='ocr_carea' id='block_1_50' title="bbox 2030 2093 3612 2164">
    <p class='ocr_par' dir='ltr' id='par_1_50' title="bbox 2030 2093 3612 2164">
     <span class='ocr_line' id='line_1_50' title="bbox 2030 2093 3612 2164; baseline 0.001 -18"><span class='ocrx_word' id='word_1_351' title='bbox 2030 2094 2140 2158; x_wconf 87' lang='lat' dir='ltr'><strong>illa,</strong></span> <span class='ocrx_word' id='word_1_352' title='bbox 2186 2095 2391 2164; x_wconf 86' lang='lat' dir='ltr'><strong>quibus</strong></span> <span class='ocrx_word' id='word_1_353' title='bbox 2436 2095 2572 2148; x_wconf 90' lang='lat' dir='ltr'><strong>citra</strong></span> <span class='ocrx_word' id='word_1_354' title='bbox 2620 2095 2865 2148; x_wconf 85' lang='lat' dir='ltr'><strong>laborem</strong></span> <span class='ocrx_word' id='word_1_355' title='bbox 2900 2102 3174 2158; x_wconf 89' lang='lat' dir='ltr'><strong>nostrum,</strong></span> <span class='ocrx_word' id='word_1_356' title='bbox 3225 2093 3612 2163; x_wconf 89' lang='lat' dir='ltr'><strong>suppeditante</strong></span> 
     </span>
    </p>
   </div>
   <div class='ocr_carea' id='block_1_51' title="bbox 2029 2183 3613 2255">
    <p class='ocr_par' dir='ltr' id='par_1_51' title="bbox 2029 2183 3613 2255">
     <span class='ocr_line' id='line_1_51' title="bbox 2029 2183 3613 2255; baseline -0.001 -16"><span class='ocrx_word' id='word_1_357' title='bbox 2029 2185 2215 2239; x_wconf 84' lang='lat' dir='ltr'><strong>divina</strong></span> <span class='ocrx_word' id='word_1_358' title='bbox 2248 2186 2518 2250; x_wconf 85' lang='lat' dir='ltr'><strong>bonitate,</strong></span> <span class='ocrx_word' id='word_1_359' title='bbox 2548 2186 2806 2251; x_wconf 91' lang='lat' dir='ltr'><strong>fruimur,</strong></span> <span class='ocrx_word' id='word_1_360' title='bbox 2830 2186 3123 2255; x_wconf 89' lang='lat' dir='ltr'><strong>egentibus</strong></span> <span class='ocrx_word' id='word_1_361' title='bbox 3143 2185 3437 2255; x_wconf 83' lang='lat' dir='ltr'><strong>largimur;</strong></span> <span class='ocrx_word' id='word_1_362' title='bbox 3463 2183 3613 2253; x_wconf 92' lang='lat' dir='ltr'><strong>quod</strong></span> 
     </span>
    </p>
   </div>
   <div class='ocr_carea' id='block_1_52' title="bbox 2029 2275 3612 2348">
    <p class='ocr_par' dir='ltr' id='par_1_52' title="bbox 2029 2275 3612 2348">
     <span class='ocr_line' id='line_1_52' title="bbox 2029 2275 3612 2348; baseline -0.001 -17"><span class='ocrx_word' id='word_1_363' title='bbox 2029 2286 2083 2331; x_wconf 90' lang='lat' dir='ltr'><strong>ct</strong></span> <span class='ocrx_word' id='word_1_364' title='bbox 2142 2277 2456 2331; x_wconf 88' lang='lat' dir='ltr'><strong>faciendum</strong></span> <span class='ocrx_word' id='word_1_365' title='bbox 2525 2278 2684 2331; x_wconf 88' lang='lat' dir='ltr'><strong>nobis</strong></span> <span class='ocrx_word' id='word_1_366' title='bbox 2732 2278 2925 2331; x_wconf 88' lang='lat' dir='ltr'><strong>sedulo</strong></span> <span class='ocrx_word' id='word_1_367' title='bbox 2971 2293 3190 2348; x_wconf 87' lang='lat' dir='ltr'><strong>semper</strong></span> <span class='ocrx_word' id='word_1_368' title='bbox 3251 2284 3335 2331; x_wconf 83' lang='lat' dir='ltr'><strong>est</strong></span> <span class='ocrx_word' id='word_1_369' title='bbox 3389 2276 3435 2331; x_wconf 92' lang='lat' dir='ltr'><strong>si</strong></span> <span class='ocrx_word' id='word_1_370' title='bbox 3478 2275 3612 2345; x_wconf 87' lang='lat' dir='ltr'><strong>quid</strong></span> 
     </span>
    </p>
   </div>
   <div class='ocr_carea' id='block_1_53' title="bbox 2028 2366 3614 2437">
    <p class='ocr_par' dir='ltr' id='par_1_53' title="bbox 2028 2366 3614 2437">
     <span class='ocr_line' id='line_1_53' title="bbox 2028 2366 3614 2437; baseline 0 -17"><span class='ocrx_word' id='word_1_371' title='bbox 2028 2366 2210 2435; x_wconf 82' lang='lat' dir='ltr'><strong>aliud;</strong></span> <span class='ocrx_word' id='word_1_372' title='bbox 2257 2377 2313 2423; x_wconf 90' lang='lat' dir='ltr'><strong>et</strong></span> <span class='ocrx_word' id='word_1_373' title='bbox 2367 2369 2516 2423; x_wconf 91' lang='lat' dir='ltr'><strong>omni</strong></span> <span class='ocrx_word' id='word_1_374' title='bbox 2550 2369 2658 2423; x_wconf 92' lang='lat' dir='ltr'><strong>alio</strong></span> <span class='ocrx_word' id='word_1_375' title='bbox 2702 2384 2870 2437; x_wconf 80' lang='lat' dir='ltr'><strong>Opere</strong></span> <span class='ocrx_word' id='word_1_376' title='bbox 2902 2368 3079 2437; x_wconf 79' lang='lat' dir='ltr'><strong>pluris</strong></span> <span class='ocrx_word' id='word_1_377' title='bbox 3129 2367 3536 2430; x_wconf 64' lang='lat' dir='ltr'><strong>aestimandum,</strong></span> <span class='ocrx_word' id='word_1_378' title='bbox 3565 2367 3614 2421; x_wconf 90' lang='lat' dir='ltr'><strong>si</strong></span> 
     </span>
    </p>
   </div>
   <div class='ocr_carea' id='block_1_54' title="bbox 2028 2459 3616 2530">
    <p class='ocr_par' dir='ltr' id='par_1_54' title="bbox 2028 2459 3616 2530">
     <span class='ocr_line' id='line_1_54' title="bbox 2028 2459 3616 2530; baseline -0.003 -16"><span class='ocrx_word' id='word_1_379' title='bbox 2028 2461 2160 2530; x_wconf 84' lang='lat' dir='ltr'><strong>quid</strong></span> <span class='ocrx_word' id='word_1_380' title='bbox 2209 2477 2311 2514; x_wconf 92' lang='lat' dir='ltr'><strong>nos</strong></span> <span class='ocrx_word' id='word_1_381' title='bbox 2345 2461 2527 2515; x_wconf 90' lang='lat' dir='ltr'><strong>cultus</strong></span> <span class='ocrx_word' id='word_1_382' title='bbox 2567 2459 2716 2513; x_wconf 91' lang='lat' dir='ltr'><strong>illius</strong></span> <span class='ocrx_word' id='word_1_383' title='bbox 2747 2461 2938 2529; x_wconf 81' lang='lat' dir='ltr'><strong>tangit,</strong></span> <span class='ocrx_word' id='word_1_384' title='bbox 2973 2459 3064 2528; x_wconf 88' lang='lat' dir='ltr'><strong>qui</strong></span> <span class='ocrx_word' id='word_1_385' title='bbox 3100 2459 3233 2513; x_wconf 84' lang='lat' dir='ltr'><strong>dicit</strong></span> <span class='ocrx_word' id='word_1_386' title='bbox 3269 2477 3280 2511; x_wconf 90' lang='lat'>:</span> <span class='ocrx_word' id='word_1_387' title='bbox 3315 2459 3616 2512; x_wconf 78' lang='lat' dir='ltr'><strong>Misericor-</strong></span> 
     </span>
    </p>
   </div>
   <div class='ocr_carea' id='block_1_55' title="bbox 2029 2549 3615 2622">
    <p class='ocr_par' dir='ltr' id='par_1_55' title="bbox 2029 2549 3615 2622">
     <span class='ocr_line' id='line_1_55' title="bbox 2029 2549 3615 2622; baseline -0.001 -16"><span class='ocrx_word' id='word_1_388' title='bbox 2029 2555 2172 2606; x_wconf 79' lang='lat' dir='ltr'><strong>diam</strong></span> <span class='ocrx_word' id='word_1_389' title='bbox 2193 2553 2390 2620; x_wconf 78' lang='lat' dir='ltr'><strong>volo,ct</strong></span> <span class='ocrx_word' id='word_1_390' title='bbox 2408 2571 2512 2606; x_wconf 84' lang='lat' dir='ltr'><strong>non</strong></span> <span class='ocrx_word' id='word_1_391' title='bbox 2544 2549 2864 2620; x_wconf 81' lang='lat' dir='ltr'><strong>sacriﬁcium</strong></span> <span class='ocrx_word' id='word_1_392' title='bbox 2883 2552 2970 2604; x_wconf 82' lang='grc'><strong>²¹⁶.</strong></span> <span class='ocrx_word' id='word_1_393' title='bbox 2995 2551 3130 2606; x_wconf 87' lang='lat' dir='ltr'><strong>Cum</strong></span> <span class='ocrx_word' id='word_1_394' title='bbox 3157 2553 3395 2622; x_wconf 84' lang='lat' dir='ltr'><strong>Angulas</strong></span> <span class='ocrx_word' id='word_1_395' title='bbox 3411 2551 3474 2605; x_wconf 90' lang='lat' dir='ltr'><strong>ad</strong></span> <span class='ocrx_word' id='word_1_396' title='bbox 3498 2551 3615 2605; x_wconf 66' lang='lat' dir='ltr'><strong>haec</strong></span> 
     </span>
    </p>
   </div>
   <div class='ocr_carea' id='block_1_56' title="bbox 2030 2645 3617 2714">
    <p class='ocr_par' dir='ltr' id='par_1_56' title="bbox 2030 2645 3617 2714">
     <span class='ocr_line' id='line_1_56' title="bbox 2030 2645 3617 2714; baseline -0.002 -16"><span class='ocrx_word' id='word_1_397' title='bbox 2030 2645 2290 2700; x_wconf 90' lang='lat' dir='ltr'><strong>incitatus</strong></span> <span class='ocrx_word' id='word_1_398' title='bbox 2331 2645 2706 2699; x_wconf 86' lang='lat' dir='ltr'><strong>turbulentius</strong></span> <span class='ocrx_word' id='word_1_399' title='bbox 2765 2659 3092 2714; x_wconf 86' lang='lat' dir='ltr'><strong>responsum</strong></span> <span class='ocrx_word' id='word_1_400' title='bbox 3127 2653 3382 2713; x_wconf 87' lang='lat' dir='ltr'><strong>pararet,</strong></span> <span class='ocrx_word' id='word_1_401' title='bbox 3413 2656 3617 2713; x_wconf 82' lang='lat' dir='ltr'><strong>cogno-</strong></span> 
     </span>
    </p>
   </div>
   <div class='ocr_carea' id='block_1_57' title="bbox 2030 2735 3616 2808">
    <p class='ocr_par' dir='ltr' id='par_1_57' title="bbox 2030 2735 3616 2808">
     <span class='ocr_line' id='line_1_57' title="bbox 2030 2735 3616 2808; baseline -0.003 -16"><span class='ocrx_word' id='word_1_402' title='bbox 2030 2748 2319 2808; x_wconf 73' lang='lat' dir='ltr'><strong>scet-etque</strong></span> <span class='ocrx_word' id='word_1_403' title='bbox 2364 2741 2450 2792; x_wconf 85' lang='lat' dir='ltr'><strong>vir</strong></span> <span class='ocrx_word' id='word_1_404' title='bbox 2499 2739 2594 2793; x_wconf 88' lang='lat' dir='ltr'><strong>Dei</strong></span> <span class='ocrx_word' id='word_1_405' title='bbox 2647 2754 2745 2808; x_wconf 87' lang='lat' dir='ltr'><strong>per</strong></span> <span class='ocrx_word' id='word_1_406' title='bbox 2774 2739 2925 2792; x_wconf 91' lang='lat' dir='ltr'><strong>illum</strong></span> <span class='ocrx_word' id='word_1_407' title='bbox 2980 2738 3161 2790; x_wconf 86' lang='lat' dir='ltr'><strong>moliri</strong></span> <span class='ocrx_word' id='word_1_408' title='bbox 3213 2735 3441 2790; x_wconf 83' lang='lat' dir='ltr'><strong>insidias</strong></span> <span class='ocrx_word' id='word_1_409' title='bbox 3488 2749 3616 2789; x_wconf 87' lang='lat' dir='ltr'><strong>suas</strong></span> 
     </span>
    </p>
   </div>
   <div class='ocr_carea' id='block_1_58' title="bbox 2031 2826 3616 2899">
    <p class='ocr_par' dir='ltr' id='par_1_58' title="bbox 2031 2826 3616 2899">
     <span class='ocr_line' id='line_1_58' title="bbox 2031 2826 3616 2899; baseline -0.003 -15"><span class='ocrx_word' id='word_1_410' title='bbox 2031 2830 2358 2893; x_wconf 69' lang='lat' dir='ltr'><strong>daemonem,</strong></span> <span class='ocrx_word' id='word_1_411' title='bbox 2403 2831 2469 2884; x_wconf 90' lang='lat' dir='ltr'><strong>ad</strong></span> <span class='ocrx_word' id='word_1_412' title='bbox 2514 2831 2682 2893; x_wconf 91' lang='lat' dir='ltr'><strong>hunc,</strong></span> <span class='ocrx_word' id='word_1_413' title='bbox 2717 2828 3090 2899; x_wconf 62' lang='lat' dir='ltr'><strong>praetermisso</strong></span> <span class='ocrx_word' id='word_1_414' title='bbox 3130 2829 3297 2883; x_wconf 81' lang='lat' dir='ltr'><strong>fratre</strong></span> <span class='ocrx_word' id='word_1_415' title='bbox 3331 2843 3430 2897; x_wconf 89' lang='lat' dir='ltr'><strong>per</strong></span> <span class='ocrx_word' id='word_1_416' title='bbox 3458 2826 3616 2896; x_wconf 88' lang='lat' dir='ltr'><strong>cujus</strong></span> 
     </span>
    </p>
   </div>
   <div class='ocr_carea' id='block_1_59' title="bbox 2031 2915 3610 2986">
    <p class='ocr_par' dir='ltr' id='par_1_59' title="bbox 2031 2915 3610 2986">
     <span class='ocr_line' id='line_1_59' title="bbox 2031 2915 3610 2986; baseline -0.004 -11"><span class='ocrx_word' id='word_1_417' title='bbox 2031 2937 2094 2975; x_wconf 91' lang='lat' dir='ltr'><strong>os</strong></span> <span class='ocrx_word' id='word_1_418' title='bbox 2145 2915 2519 2976; x_wconf 81' lang='lat' dir='ltr'><strong>inverecunde</strong></span> <span class='ocrx_word' id='word_1_419' title='bbox 2569 2921 2741 2974; x_wconf 91' lang='lat' dir='ltr'><strong>multa</strong></span> <span class='ocrx_word' id='word_1_420' title='bbox 2788 2921 3110 2983; x_wconf 78' lang='lat' dir='ltr'><strong>eﬂ‘utiebat,</strong></span> <span class='ocrx_word' id='word_1_421' title='bbox 3171 2918 3610 2986; x_wconf 87' lang='lat' dir='ltr'><strong>increpationcm</strong></span> 
     </span>
    </p>
   </div>
   <div class='ocr_carea' id='block_1_60' title="bbox 353 3001 1926 3084">
    <p class='ocr_par' dir='ltr' id='par_1_60' title="bbox 353 3001 1926 3079">
     <span class='ocr_line' id='line_1_60' title="bbox 353 3001 1926 3079; baseline 0.006 -27"><span class='ocrx_word' id='word_1_422' title='bbox 353 3001 481 3064; x_wconf 79' lang='grc' dir='ltr'>6ους</span> <span class='ocrx_word' id='word_1_423' title='bbox 515 3001 835 3066; x_wconf 75' lang='grc' dir='ltr'>σπουδάζεις</span> <span class='ocrx_word' id='word_1_424' title='bbox 885 3006 978 3057; x_wconf 69' lang='grc' dir='ltr'>καὶ</span> <span class='ocrx_word' id='word_1_425' title='bbox 1025 3008 1268 3077; x_wconf 79' lang='grc' dir='ltr'>ταραχὰς</span> <span class='ocrx_word' id='word_1_426' title='bbox 1314 3010 1619 3078; x_wconf 72' lang='grc' dir='ltr'>ἐπεγείρειν</span> <span class='ocrx_word' id='word_1_427' title='bbox 1669 3028 1777 3079; x_wconf 89' lang='grc' dir='ltr'>μοι,</span> <span class='ocrx_word' id='word_1_428' title='bbox 1806 3012 1926 3063; x_wconf 77' lang='grc' dir='ltr'>ἐπεὶ</span> 
     </span>
    </p>
   </div>
   <div class='ocr_carea' id='block_1_61' title="bbox 2029 3001 3615 3084">
    <p class='ocr_par' dir='ltr' id='par_1_61' title="bbox 2029 3007 3615 3082">
     <span class='ocr_line' id='line_1_61' title="bbox 2029 3007 3615 3082; baseline -0.003 -18"><span class='ocrx_word' id='word_1_429' title='bbox 2029 3013 2268 3082; x_wconf 79' lang='lat' dir='ltr'><strong>graviter</strong></span> <span class='ocrx_word' id='word_1_430' title='bbox 2319 3021 2697 3067; x_wconf 87' lang='lat' dir='ltr'><strong>convertens:</strong></span> <span class='ocrx_word' id='word_1_431' title='bbox 2748 3011 2852 3073; x_wconf 93' lang='lat' dir='ltr'><strong>Tu,</strong></span> <span class='ocrx_word' id='word_1_432' title='bbox 2905 3011 3105 3080; x_wconf 89' lang='lat' dir='ltr'><strong>inquit,</strong></span> <span class='ocrx_word' id='word_1_433' title='bbox 3154 3010 3312 3064; x_wconf 81' lang='lat' dir='ltr'><strong>bonis</strong></span> <span class='ocrx_word' id='word_1_434' title='bbox 3353 3007 3615 3061; x_wconf 85' lang='lat' dir='ltr'><strong>omnibus</strong></span> 
     </span>
    </p>
   </div>
   <div class='ocr_carea' id='block_1_62' title="bbox 349 3093 1930 3172">
    <p class='ocr_par' dir='ltr' id='par_1_62' title="bbox 349 3093 1930 3172">
     <span class='ocr_line' id='line_1_62' title="bbox 349 3093 1930 3172; baseline 0.008 -31"><span class='ocrx_word' id='word_1_435' title='bbox 349 3093 444 3142; x_wconf 75' lang='grc' dir='ltr'><strong>καὶ</strong></span> <span class='ocrx_word' id='word_1_436' title='bbox 483 3094 896 3164; x_wconf 81' lang='grc' dir='ltr'>συγκεχώρηται</span> <span class='ocrx_word' id='word_1_437' title='bbox 957 3097 1140 3165; x_wconf 77' lang='grc' dir='ltr'>σαφῶς</span> <span class='ocrx_word' id='word_1_438' title='bbox 1201 3098 1426 3153; x_wconf 81' lang='grc' dir='ltr'>ἄνωθεν.</span> <span class='ocrx_word' id='word_1_439' title='bbox 1478 3101 1609 3152; x_wconf 84' lang='grc' dir='ltr'>Εἶτα</span> <span class='ocrx_word' id='word_1_440' title='bbox 1658 3101 1753 3155; x_wconf 71' lang='grc' dir='ltr'><strong>καὶ</strong></span> <span class='ocrx_word' id='word_1_441' title='bbox 1795 3102 1930 3172; x_wconf 71' lang='grc' dir='ltr'>πρὸς</span> 
     </span>
    </p>
   </div>
   <div class='ocr_carea' id='block_1_63' title="bbox 349 3180 1929 3263">
    <p class='ocr_par' dir='ltr' id='par_1_63' title="bbox 349 3180 1929 3263">
     <span class='ocr_line' id='line_1_63' title="bbox 349 3180 1929 3263; baseline 0.009 -31"><span class='ocrx_word' id='word_1_442' title='bbox 349 3180 439 3234; x_wconf 78' lang='grc' dir='ltr'>τὸν</span> <span class='ocrx_word' id='word_1_443' title='bbox 507 3182 802 3250; x_wconf 76' lang='grc' dir='ltr'>Ἀγγουλᾶν</span> <span class='ocrx_word' id='word_1_444' title='bbox 865 3188 1245 3258; x_wconf 77' lang='grc' dir='ltr'>ἐπιστραφεὶς,</span> <span class='ocrx_word' id='word_1_445' title='bbox 1323 3189 1458 3244; x_wconf 79' lang='grc' dir='ltr'>Ἀλλ’</span> <span class='ocrx_word' id='word_1_446' title='bbox 1525 3193 1646 3245; x_wconf 71' lang='grc' dir='ltr'>οὐαί</span> <span class='ocrx_word' id='word_1_447' title='bbox 1707 3211 1789 3245; x_wconf 84' lang='grc' dir='ltr'><strong>σοι</strong></span> <span class='ocrx_word' id='word_1_448' title='bbox 1855 3194 1929 3263; x_wconf 77' lang='grc' dir='ltr'>τῷ</span> 
     </span>
    </p>
   </div>
   <div class='ocr_carea' id='block_1_64' title="bbox 349 3276 1928 3357">
    <p class='ocr_par' dir='ltr' id='par_1_64' title="bbox 349 3276 1928 3357">
     <span class='ocr_line' id='line_1_64' title="bbox 349 3276 1928 3357; baseline 0.008 -29"><span class='ocrx_word' id='word_1_449' title='bbox 349 3276 612 3346; x_wconf 70' lang='grc' dir='ltr'>δυστήιίρ,</span> <span class='ocrx_word' id='word_1_450' title='bbox 646 3277 770 3349; x_wconf 59' lang='grc' dir='ltr'>ἔφη,</span> <span class='ocrx_word' id='word_1_451' title='bbox 802 3280 881 3332; x_wconf 77' lang='grc' dir='ltr'>ὅτι</span> <span class='ocrx_word' id='word_1_452' title='bbox 917 3280 1087 3353; x_wconf 80' lang='grc' dir='ltr'>ταύτῃ</span> <span class='ocrx_word' id='word_1_453' title='bbox 1129 3285 1404 3353; x_wconf 79' lang='grc' dir='ltr'>συγγενῶς</span> <span class='ocrx_word' id='word_1_454' title='bbox 1434 3285 1571 3356; x_wconf 81' lang='grc' dir='ltr'>ἔχων</span> <span class='ocrx_word' id='word_1_455' title='bbox 1600 3287 1831 3356; x_wconf 77' lang='grc' dir='ltr'>εὑρέθης</span> <span class='ocrx_word' id='word_1_456' title='bbox 1852 3287 1928 3357; x_wconf 84' lang='grc' dir='ltr'>τῷ</span> 
     </span>
    </p>
   </div>
   <div class='ocr_carea' id='block_1_65' title="bbox 349 3366 1929 3452">
    <p class='ocr_par' dir='ltr' id='par_1_65' title="bbox 349 3366 1929 3452">
     <span class='ocr_line' id='line_1_65' title="bbox 349 3366 1929 3452; baseline 0.011 -35"><span class='ocrx_word' id='word_1_457' title='bbox 349 3366 622 3434; x_wconf 78' lang='grc' dir='ltr'>δυσμενεῖ,</span> <span class='ocrx_word' id='word_1_458' title='bbox 652 3369 726 3432; x_wconf 82' lang='grc' dir='ltr'><strong>ὡς</strong></span> <span class='ocrx_word' id='word_1_459' title='bbox 763 3371 857 3423; x_wconf 73' lang='grc' dir='ltr'>καὶ</span> <span class='ocrx_word' id='word_1_460' title='bbox 884 3371 1099 3446; x_wconf 79' lang='grc' dir='ltr'>ὀργάνῳ</span> <span class='ocrx_word' id='word_1_461' title='bbox 1151 3393 1231 3429; x_wconf 92' lang='grc' dir='ltr'><strong>σοι</strong></span> <span class='ocrx_word' id='word_1_462' title='bbox 1274 3377 1503 3447; x_wconf 69' lang='grc' dir='ltr'>χρῆσθαι</span> <span class='ocrx_word' id='word_1_463' title='bbox 1534 3380 1669 3449; x_wconf 79' lang='grc' dir='ltr'>πρὸς</span> <span class='ocrx_word' id='word_1_464' title='bbox 1704 3383 1802 3452; x_wconf 81' lang='grc' dir='ltr'>τὴν</span> <span class='ocrx_word' id='word_1_465' title='bbox 1831 3399 1929 3434; x_wconf 83' lang='grc' dir='ltr'><strong>κα-</strong></span> 
     </span>
    </p>
   </div>
   <div class='ocr_carea' id='block_1_66' title="bbox 350 3458 1924 3542">
    <p class='ocr_par' dir='ltr' id='par_1_66' title="bbox 350 3458 1924 3542">
     <span class='ocr_line' id='line_1_66' title="bbox 350 3458 1924 3542; baseline 0.011 -34"><span class='ocrx_word' id='word_1_466' title='bbox 350 3458 496 3510; x_wconf 82' lang='grc' dir='ltr'>κίαν.</span> <span class='ocrx_word' id='word_1_467' title='bbox 539 3459 696 3528; x_wconf 69' lang='grc' dir='ltr'><strong>’[ἰξῆς</strong></span> <span class='ocrx_word' id='word_1_468' title='bbox 755 3461 810 3513; x_wconf 74' lang='grc' dir='ltr'><strong>δὲ</strong></span> <span class='ocrx_word' id='word_1_469' title='bbox 859 3463 954 3515; x_wconf 72' lang='grc' dir='ltr'><strong>καὶ</strong></span> <span class='ocrx_word' id='word_1_470' title='bbox 1007 3465 1142 3536; x_wconf 80' lang='grc' dir='ltr'>πρὸς</span> <span class='ocrx_word' id='word_1_471' title='bbox 1187 3470 1286 3537; x_wconf 78' lang='grc' dir='ltr'>τὴν</span> <span class='ocrx_word' id='word_1_472' title='bbox 1341 3469 1674 3542; x_wconf 77' lang='grc' dir='ltr'>ἀδελφότητα</span> <span class='ocrx_word' id='word_1_473' title='bbox 1723 3476 1924 3540; x_wconf 75' lang='grc' dir='ltr'>πᾶσαν,</span> 
     </span>
    </p>
   </div>
   <div class='ocr_carea' id='block_1_67' title="bbox 351 3546 1924 3629">
    <p class='ocr_par' dir='ltr' id='par_1_67' title="bbox 351 3546 1924 3629">
     <span class='ocr_line' id='line_1_67' title="bbox 351 3546 1924 3629; baseline 0.018 -34"><span class='ocrx_word' id='word_1_474' title='bbox 351 3546 744 3617; x_wconf 84' lang='grc' dir='ltr'>Κοινωνητέον,</span> <span class='ocrx_word' id='word_1_475' title='bbox 806 3554 990 3616; x_wconf 78' lang='grc' dir='ltr'>φησὶν,</span> <span class='ocrx_word' id='word_1_476' title='bbox 1046 3557 1110 3605; x_wconf 79' lang='grc' dir='ltr'><strong>ὲκ</strong></span> <span class='ocrx_word' id='word_1_477' title='bbox 1178 3557 1269 3608; x_wconf 75' lang='grc' dir='ltr'>τοῦ</span> <span class='ocrx_word' id='word_1_478' title='bbox 1332 3549 1712 3629; x_wconf 70' lang='grc' dir='ltr'>ὑστερήματος</span> <span class='ocrx_word' id='word_1_479' title='bbox 1775 3561 1924 3629; x_wconf 78' lang='grc' dir='ltr'>ὑμῖν,</span> 
     </span>
    </p>
   </div>
   <div class='ocr_carea' id='block_1_68' title="bbox 350 3636 1926 3722">
    <p class='ocr_par' dir='ltr' id='par_1_68' title="bbox 350 3636 1926 3722">
     <span class='ocr_line' id='line_1_68' title="bbox 350 3636 1926 3722; baseline 0.012 -34"><span class='ocrx_word' id='word_1_480' title='bbox 350 3636 589 3703; x_wconf 73' lang='grc' dir='ltr'>ἀδελφοὶ,</span> <span class='ocrx_word' id='word_1_481' title='bbox 649 3641 742 3691; x_wconf 71' lang='grc' dir='ltr'><strong>καὶ</strong></span> <span class='ocrx_word' id='word_1_482' title='bbox 789 3640 890 3708; x_wconf 76' lang='grc' dir='ltr'>τῆς</span> <span class='ocrx_word' id='word_1_483' title='bbox 947 3644 1252 3709; x_wconf 78' lang='grc' dir='ltr'>ἀναγκαίας</span> <span class='ocrx_word' id='word_1_484' title='bbox 1316 3649 1505 3719; x_wconf 78' lang='grc' dir='ltr'>χρείας</span> <span class='ocrx_word' id='word_1_485' title='bbox 1572 3649 1926 3722; x_wconf 77' lang='grc' dir='ltr'>κοινωνητέον</span> 
     </span>
    </p>
   </div>
   <div class='ocr_carea' id='block_1_69' title="bbox 335 3728 1930 3825">
    <p class='ocr_par' dir='ltr' id='par_1_69' title="bbox 335 3728 1930 3815">
     <span class='ocr_line' id='line_1_69' title="bbox 335 3728 1930 3815; baseline 0.013 -38"><span class='ocrx_word' id='word_1_486' title='bbox 335 3729 461 3789; x_wconf 85' lang='grc' dir='ltr'>’τοῖς</span> <span class='ocrx_word' id='word_1_487' title='bbox 494 3728 691 3796; x_wconf 75' lang='grc' dir='ltr'>ὄχλοις,</span> <span class='ocrx_word' id='word_1_488' title='bbox 728 3733 848 3784; x_wconf 78' lang='grc' dir='ltr'>ἐπεὶ</span> <span class='ocrx_word' id='word_1_489' title='bbox 890 3734 988 3788; x_wconf 76' lang='grc' dir='ltr'><strong>οὐκ</strong></span> <span class='ocrx_word' id='word_1_490' title='bbox 1031 3737 1186 3803; x_wconf 77' lang='grc' dir='ltr'>ὀλίγα</span> <span class='ocrx_word' id='word_1_491' title='bbox 1227 3740 1353 3808; x_wconf 81' lang='grc' dir='ltr'>ὑμῖν</span> <span class='ocrx_word' id='word_1_492' title='bbox 1399 3743 1456 3793; x_wconf 83' lang='grc' dir='ltr'>ἐν</span> <span class='ocrx_word' id='word_1_493' title='bbox 1507 3741 1719 3814; x_wconf 77' lang='grc' dir='ltr'>ὑστέρῳ</span> <span class='ocrx_word' id='word_1_494' title='bbox 1765 3762 1930 3815; x_wconf 87' lang='grc' dir='ltr'>μετα-</span> 
     </span>
    </p>
   </div>
   <div class='ocr_carea' id='block_1_70' title="bbox 353 3819 598 3885">
    <p class='ocr_par' dir='ltr' id='par_1_70' title="bbox 353 3819 598 3885">
     <span class='ocr_line' id='line_1_70' title="bbox 353 3819 598 3885; baseline 0.016 -19"><span class='ocrx_word' id='word_1_495' title='bbox 353 3819 598 3885; x_wconf 74' lang='grc' dir='ltr'>μελήσει.</span> 
     </span>
    </p>
   </div>
   <div class='ocr_carea' id='block_1_71' title="bbox 2034 3099 3686 3174">
    <p class='ocr_par' dir='ltr' id='par_1_71' title="bbox 2034 3099 3686 3174">
     <span class='ocr_line' id='line_1_71' title="bbox 2034 3099 3686 3174; baseline -0.001 -18"><span class='ocrx_word' id='word_1_496' title='bbox 2034 3103 2254 3158; x_wconf 88' lang='lat' dir='ltr'><strong>inimice</strong></span> <span class='ocrx_word' id='word_1_497' title='bbox 2291 3104 2490 3174; x_wconf 90' lang='lat' dir='ltr'><strong>(neque</strong></span> <span class='ocrx_word' id='word_1_498' title='bbox 2519 3105 2665 3158; x_wconf 91' lang='lat' dir='ltr'><strong>enim</strong></span> <span class='ocrx_word' id='word_1_499' title='bbox 2693 3119 2778 3157; x_wconf 90' lang='lat' dir='ltr'><strong>me</strong></span> <span class='ocrx_word' id='word_1_500' title='bbox 2814 3103 3030 3172; x_wconf 89' lang='lat' dir='ltr'><strong>fugiunt</strong></span> <span class='ocrx_word' id='word_1_501' title='bbox 3057 3111 3162 3156; x_wconf 69' lang='lat' dir='ltr'><strong>tua:</strong></span> <span class='ocrx_word' id='word_1_502' title='bbox 3205 3101 3476 3167; x_wconf 87' lang='lat' dir='ltr'><strong>frandes),</strong></span> <span class='ocrx_word' id='word_1_503' title='bbox 3509 3099 3613 3152; x_wconf 82' lang='lat' dir='ltr'><strong>mi-</strong></span> <span class='ocrx_word' id='word_1_504' title='bbox 3681 3147 3686 3155; x_wconf 91' lang='lat'><em>.</em></span> 
     </span>
    </p>
   </div>
   <div class='ocr_carea' id='block_1_72' title="bbox 2031 3191 3618 3265">
    <p class='ocr_par' dir='ltr' id='par_1_72' title="bbox 2031 3191 3618 3265">
     <span class='ocr_line' id='line_1_72' title="bbox 2031 3191 3618 3265; baseline -0.004 -15"><span class='ocrx_word' id='word_1_505' title='bbox 2031 3195 2226 3250; x_wconf 82' lang='lat' dir='ltr'><strong>scllum</strong></span> <span class='ocrx_word' id='word_1_506' title='bbox 2260 3195 2406 3248; x_wconf 89' lang='lat' dir='ltr'><strong>hunc</strong></span> <span class='ocrx_word' id='word_1_507' title='bbox 2438 3197 2578 3250; x_wconf 90' lang='lat' dir='ltr'><strong>clam</strong></span> <span class='ocrx_word' id='word_1_508' title='bbox 2608 3196 2907 3265; x_wconf 87' lang='lat' dir='ltr'><strong>ingressus,</strong></span> <span class='ocrx_word' id='word_1_509' title='bbox 2938 3196 3129 3248; x_wconf 86' lang='lat' dir='ltr'><strong>turbas</strong></span> <span class='ocrx_word' id='word_1_510' title='bbox 3151 3193 3285 3248; x_wconf 87' lang='lat' dir='ltr'><strong>mihi</strong></span> <span class='ocrx_word' id='word_1_511' title='bbox 3321 3191 3618 3247; x_wconf 60' lang='lat' dir='ltr'><strong>tumultus.</strong></span> 
     </span>
    </p>
   </div>
   <div class='ocr_carea' id='block_1_73' title="bbox 2031 3284 3616 3358">
    <p class='ocr_par' dir='ltr' id='par_1_73' title="bbox 2031 3284 3616 3358">
     <span class='ocr_line' id='line_1_73' title="bbox 2031 3284 3616 3358; baseline -0.002 -18"><span class='ocrx_word' id='word_1_512' title='bbox 2031 3303 2138 3357; x_wconf 91' lang='lat' dir='ltr'><strong>que</strong></span> <span class='ocrx_word' id='word_1_513' title='bbox 2163 3287 2306 3341; x_wconf 89' lang='lat' dir='ltr'><strong>ciere</strong></span> <span class='ocrx_word' id='word_1_514' title='bbox 2337 3288 2559 3358; x_wconf 86' lang='lat' dir='ltr'><strong>satagis.</strong></span> <span class='ocrx_word' id='word_1_515' title='bbox 2603 3290 2863 3357; x_wconf 90' lang='lat' dir='ltr'><strong>quoniam</strong></span> <span class='ocrx_word' id='word_1_516' title='bbox 2908 3288 3055 3342; x_wconf 90' lang='lat' dir='ltr'><strong>illius</strong></span> <span class='ocrx_word' id='word_1_517' title='bbox 3096 3284 3334 3341; x_wconf 81' lang='lat' dir='ltr'><strong>faciendi</strong></span> <span class='ocrx_word' id='word_1_518' title='bbox 3377 3285 3616 3353; x_wconf 88' lang='lat' dir='ltr'><strong>desuper</strong></span> 
     </span>
    </p>
   </div>
   <div class='ocr_carea' id='block_1_74' title="bbox 2031 3375 3615 3449">
    <p class='ocr_par' dir='ltr' id='par_1_74' title="bbox 2031 3375 3615 3449">
     <span class='ocr_line' id='line_1_74' title="bbox 2031 3375 3615 3449; baseline -0.003 -16"><span class='ocrx_word' id='word_1_519' title='bbox 2031 3395 2252 3449; x_wconf 88' lang='lat' dir='ltr'><strong>quoque</strong></span> <span class='ocrx_word' id='word_1_520' title='bbox 2286 3379 2516 3434; x_wconf 85' lang='lat' dir='ltr'><strong>facultas</strong></span> <span class='ocrx_word' id='word_1_521' title='bbox 2543 3380 2638 3434; x_wconf 89' lang='lat' dir='ltr'><strong>tibi</strong></span> <span class='ocrx_word' id='word_1_522' title='bbox 2671 3395 2935 3435; x_wconf 89' lang='lat' dir='ltr'><strong>concessa</strong></span> <span class='ocrx_word' id='word_1_523' title='bbox 2957 3387 3061 3433; x_wconf 87' lang='lat' dir='ltr'><strong>est.</strong></span> <span class='ocrx_word' id='word_1_524' title='bbox 3090 3379 3228 3431; x_wconf 91' lang='lat' dir='ltr'><strong>Tum</strong></span> <span class='ocrx_word' id='word_1_525' title='bbox 3253 3376 3318 3430; x_wconf 89' lang='lat' dir='ltr'><strong>ad</strong></span> <span class='ocrx_word' id='word_1_526' title='bbox 3345 3375 3615 3446; x_wconf 84' lang='lat' dir='ltr'><strong>Angulam</strong></span> 
     </span>
    </p>
   </div>
   <div class='ocr_carea' id='block_1_75' title="bbox 2033 3468 3615 3538">
    <p class='ocr_par' dir='ltr' id='par_1_75' title="bbox 2033 3468 3615 3538">
     <span class='ocr_line' id='line_1_75' title="bbox 2033 3468 3615 3538; baseline -0.004 -12"><span class='ocrx_word' id='word_1_527' title='bbox 2033 3487 2366 3526; x_wconf 85' lang='lat' dir='ltr'><strong>conversus:</strong></span> <span class='ocrx_word' id='word_1_528' title='bbox 2393 3471 2501 3525; x_wconf 90' lang='lat' dir='ltr'><strong>Sed</strong></span> <span class='ocrx_word' id='word_1_529' title='bbox 2533 3481 2587 3526; x_wconf 86' lang='lat' dir='ltr'><strong>et</strong></span> <span class='ocrx_word' id='word_1_530' title='bbox 2611 3471 2708 3524; x_wconf 88' lang='lat' dir='ltr'><strong>tibi</strong></span> <span class='ocrx_word' id='word_1_531' title='bbox 2743 3472 2948 3526; x_wconf 87' lang='lat' dir='ltr'><strong>misero</strong></span> <span class='ocrx_word' id='word_1_532' title='bbox 2970 3487 3070 3533; x_wconf 68' lang='lat' dir='ltr'><strong>va),</strong></span> <span class='ocrx_word' id='word_1_533' title='bbox 3098 3471 3298 3538; x_wconf 90' lang='lat' dir='ltr'><strong>inquit,</strong></span> <span class='ocrx_word' id='word_1_534' title='bbox 3332 3468 3478 3537; x_wconf 88' lang='lat' dir='ltr'><strong>quod</strong></span> <span class='ocrx_word' id='word_1_535' title='bbox 3506 3477 3615 3520; x_wconf 81' lang='lat' dir='ltr'><strong>tam</strong></span> 
     </span>
    </p>
   </div>
   <div class='ocr_carea' id='block_1_76' title="bbox 2034 3555 3616 3626">
    <p class='ocr_par' dir='ltr' id='par_1_76' title="bbox 2034 3555 3616 3626">
     <span class='ocr_line' id='line_1_76' title="bbox 2034 3555 3616 3626; baseline -0.006 -6"><span class='ocrx_word' id='word_1_536' title='bbox 2034 3567 2320 3620; x_wconf 91' lang='lat' dir='ltr'><strong>familiaris</strong></span> <span class='ocrx_word' id='word_1_537' title='bbox 2353 3565 2497 3620; x_wconf 91' lang='lat' dir='ltr'><strong>hosti</strong></span> <span class='ocrx_word' id='word_1_538' title='bbox 2543 3575 2735 3619; x_wconf 88' lang='lat' dir='ltr'><strong>nostro</strong></span> <span class='ocrx_word' id='word_1_539' title='bbox 2767 3567 3024 3619; x_wconf 85' lang='lat' dir='ltr'><strong>inventus</strong></span> <span class='ocrx_word' id='word_1_540' title='bbox 3069 3562 3166 3626; x_wconf 90' lang='lat' dir='ltr'><strong>sis,</strong></span> <span class='ocrx_word' id='word_1_541' title='bbox 3204 3568 3264 3614; x_wconf 86' lang='lat' dir='ltr'><strong>ut</strong></span> <span class='ocrx_word' id='word_1_542' title='bbox 3312 3565 3362 3612; x_wconf 86' lang='lat' dir='ltr'><strong>te</strong></span> <span class='ocrx_word' id='word_1_543' title='bbox 3405 3555 3616 3611; x_wconf 87' lang='lat' dir='ltr'><strong>fraudis</strong></span> 
     </span>
    </p>
   </div>
   <div class='ocr_carea' id='block_1_77' title="bbox 2033 3651 3618 3726">
    <p class='ocr_par' dir='ltr' id='par_1_77' title="bbox 2033 3651 3618 3726">
     <span class='ocr_line' id='line_1_77' title="bbox 2033 3651 3618 3726; baseline -0.008 -12"><span class='ocrx_word' id='word_1_544' title='bbox 2033 3675 2146 3714; x_wconf 70' lang='lat' dir='ltr'><strong>sua:</strong></span> <span class='ocrx_word' id='word_1_545' title='bbox 2193 3660 2624 3714; x_wconf 87' lang='lat' dir='ltr'><strong>instrumentum</strong></span> <span class='ocrx_word' id='word_1_546' title='bbox 2671 3657 2996 3726; x_wconf 80' lang='lat' dir='ltr'><strong>pra-bueris.</strong></span> <span class='ocrx_word' id='word_1_547' title='bbox 3034 3654 3280 3720; x_wconf 88' lang='lat' dir='ltr'><strong>Denique</strong></span> <span class='ocrx_word' id='word_1_548' title='bbox 3328 3651 3618 3705; x_wconf 78' lang='lat' dir='ltr'><strong>universos</strong></span> 
     </span>
    </p>
   </div>
   <div class='ocr_carea' id='block_1_78' title="bbox 2035 3742 3618 3820">
    <p class='ocr_par' dir='ltr' id='par_1_78' title="bbox 2035 3742 3618 3820">
     <span class='ocr_line' id='line_1_78' title="bbox 2035 3742 3618 3820; baseline -0.006 -14"><span class='ocrx_word' id='word_1_549' title='bbox 2035 3753 2232 3807; x_wconf 89' lang='lat' dir='ltr'><strong>fratres</strong></span> <span class='ocrx_word' id='word_1_550' title='bbox 2261 3753 2340 3808; x_wconf 89' lang='lat' dir='ltr'><strong>sic</strong></span> <span class='ocrx_word' id='word_1_551' title='bbox 2375 3750 2674 3820; x_wconf 83' lang='lat' dir='ltr'><strong>alloquitur</strong></span> <span class='ocrx_word' id='word_1_552' title='bbox 2702 3769 2714 3802; x_wconf 91' lang='lat'><strong>:</strong></span> <span class='ocrx_word' id='word_1_553' title='bbox 2756 3745 3288 3804; x_wconf 87' lang='lat' dir='ltr'><strong>Communicandum</strong></span> <span class='ocrx_word' id='word_1_554' title='bbox 3322 3744 3482 3797; x_wconf 87' lang='lat' dir='ltr'><strong>nobis</strong></span> <span class='ocrx_word' id='word_1_555' title='bbox 3517 3742 3618 3796; x_wconf 87' lang='lat' dir='ltr'><strong>ali-</strong></span> 
     </span>
    </p>
   </div>
   <div class='ocr_carea' id='block_1_79' title="bbox 2035 3835 3616 3912">
    <p class='ocr_par' dir='ltr' id='par_1_79' title="bbox 2035 3835 3616 3912">
     <span class='ocr_line' id='line_1_79' title="bbox 2035 3835 3616 3912; baseline -0.005 -17"><span class='ocrx_word' id='word_1_556' title='bbox 2035 3843 2168 3911; x_wconf 92' lang='lat' dir='ltr'><strong>quid</strong></span> <span class='ocrx_word' id='word_1_557' title='bbox 2200 3859 2265 3898; x_wconf 84' lang='lat' dir='ltr'><strong>ex</strong></span> <span class='ocrx_word' id='word_1_558' title='bbox 2299 3842 2485 3912; x_wconf 92' lang='lat' dir='ltr'><strong>inopia</strong></span> <span class='ocrx_word' id='word_1_559' title='bbox 2511 3850 2704 3896; x_wconf 87' lang='lat' dir='ltr'><strong>nostra</strong></span> <span class='ocrx_word' id='word_1_560' title='bbox 2731 3852 2837 3904; x_wconf 89' lang='lat' dir='ltr'><strong>cst,</strong></span> <span class='ocrx_word' id='word_1_561' title='bbox 2873 3851 2931 3896; x_wconf 88' lang='lat' dir='ltr'><strong>ct</strong></span> <span class='ocrx_word' id='word_1_562' title='bbox 2961 3857 3027 3896; x_wconf 84' lang='lat' dir='ltr'><strong>ex</strong></span> <span class='ocrx_word' id='word_1_563' title='bbox 3058 3837 3184 3897; x_wconf 83' lang='lat' dir='ltr'><strong>illis,</strong></span> <span class='ocrx_word' id='word_1_564' title='bbox 3218 3850 3337 3906; x_wconf 70' lang='lat' dir='ltr'><strong>qua:</strong></span> <span class='ocrx_word' id='word_1_565' title='bbox 3367 3835 3434 3890; x_wconf 90' lang='lat' dir='ltr'><strong>ad</strong></span> <span class='ocrx_word' id='word_1_566' title='bbox 3457 3848 3616 3889; x_wconf 86' lang='lat' dir='ltr'><strong>usum</strong></span> 
     </span>
    </p>
   </div>
   <div class='ocr_carea' id='block_1_80' title="bbox 349 3910 3614 4008">
    <p class='ocr_par' dir='ltr' id='par_1_80' title="bbox 349 3910 3614 4008">
     <span class='ocr_line' id='line_1_80' title="bbox 349 3910 3614 4008; baseline -0.001 -20"><span class='ocrx_word' id='word_1_567' title='bbox 349 3910 720 4008; x_wconf 45' lang='lat' dir='ltr'><strong>&quot;c°?§§a’j“&quot;‘</strong></span> <span class='ocrx_word' id='word_1_568' title='bbox 773 3912 1002 3983; x_wconf 66' lang='grc' dir='ltr'><strong>Γθείυηῑ,</strong></span> <span class='ocrx_word' id='word_1_569' title='bbox 1053 3918 1389 3990; x_wconf 74' lang='lat' dir='ltr'><strong>emgandum</strong></span> <span class='ocrx_word' id='word_1_570' title='bbox 1447 3927 1626 3982; x_wconf 88' lang='lat' dir='ltr'><strong>turbis</strong></span> <span class='ocrx_word' id='word_1_571' title='bbox 1674 3930 1980 4000; x_wconf 89' lang='lat' dir='ltr'><strong>:quoniam</strong></span> <span class='ocrx_word' id='word_1_572' title='bbox 2026 3951 2128 3990; x_wconf 89' lang='lat' dir='ltr'><strong>nos</strong></span> <span class='ocrx_word' id='word_1_573' title='bbox 2170 3938 2306 3993; x_wconf 87' lang='lat' dir='ltr'><strong>alias</strong></span> <span class='ocrx_word' id='word_1_574' title='bbox 2351 3953 2460 3992; x_wconf 89' lang='lat' dir='ltr'><strong>non</strong></span> <span class='ocrx_word' id='word_1_575' title='bbox 2511 3950 2812 4008; x_wconf 87' lang='lat' dir='ltr'><strong>paucorum</strong></span> <span class='ocrx_word' id='word_1_576' title='bbox 2857 3934 2927 3988; x_wconf 92' lang='lat' dir='ltr'><strong>ad</strong></span> <span class='ocrx_word' id='word_1_577' title='bbox 2958 3942 3263 3988; x_wconf 81' lang='lat' dir='ltr'><strong>extremum</strong></span> <span class='ocrx_word' id='word_1_578' title='bbox 3300 3929 3614 4000; x_wconf 73' lang='lat' dir='ltr'><strong>pmnitebit.</strong></span> 
     </span>
    </p>
   </div>
   <div class='ocr_carea' id='block_1_81' title="bbox 423 4004 1926 4096">
    <p class='ocr_par' dir='ltr' id='par_1_81' title="bbox 423 4004 1926 4096">
     <span class='ocr_line' id='line_1_81' title="bbox 423 4004 1926 4096; baseline 0.019 -43"><span class='ocrx_word' id='word_1_579' title='bbox 423 4004 552 4072; x_wconf 83' lang='grc' dir='ltr'>ρλδ’.</span> <span class='ocrx_word' id='word_1_580' title='bbox 589 4006 773 4061; x_wconf 78' lang='grc' dir='ltr'>Ταῦτα</span> <span class='ocrx_word' id='word_1_581' title='bbox 828 4011 964 4080; x_wconf 68' lang='grc' dir='ltr'>πρὸς</span> <span class='ocrx_word' id='word_1_582' title='bbox 1004 4015 1200 4080; x_wconf 73' lang='grc' dir='ltr'>αὐτοὺς</span> <span class='ocrx_word' id='word_1_583' title='bbox 1248 4020 1439 4087; x_wconf 80' lang='grc' dir='ltr'>είτιὼν,</span> <span class='ocrx_word' id='word_1_584' title='bbox 1475 4025 1566 4076; x_wconf 71' lang='grc' dir='ltr'><strong>καὶ</strong></span> <span class='ocrx_word' id='word_1_585' title='bbox 1605 4025 1704 4096; x_wconf 82' lang='grc' dir='ltr'>τὴν</span> <span class='ocrx_word' id='word_1_586' title='bbox 1747 4027 1926 4096; x_wconf 75' lang='grc' dir='ltr'>ψυχὴν</span> 
     </span>
    </p>
   </div>
   <div class='ocr_carea' id='block_1_82' title="bbox 348 4095 1925 4185">
    <p class='ocr_par' dir='ltr' id='par_1_82' title="bbox 348 4095 1925 4185">
     <span class='ocr_line' id='line_1_82' title="bbox 348 4095 1925 4185; baseline 0.009 -38"><span class='ocrx_word' id='word_1_587' title='bbox 348 4095 449 4162; x_wconf 74' lang='grc' dir='ltr'>τῆς</span> <span class='ocrx_word' id='word_1_588' title='bbox 485 4097 660 4150; x_wconf 73' lang='grc' dir='ltr'>αὐτῶν</span> <span class='ocrx_word' id='word_1_589' title='bbox 692 4097 904 4154; x_wconf 75' lang='grc' dir='ltr'>οὐκοῖδ’</span> <span class='ocrx_word' id='word_1_590' title='bbox 936 4105 1042 4158; x_wconf 76' lang='grc' dir='ltr'>εἴτε</span> <span class='ocrx_word' id='word_1_591' title='bbox 1073 4109 1408 4179; x_wconf 78' lang='grc' dir='ltr'>ἀναλγησίας</span> <span class='ocrx_word' id='word_1_592' title='bbox 1430 4114 1533 4185; x_wconf 78' lang='grc' dir='ltr'>χρὴ</span> <span class='ocrx_word' id='word_1_593' title='bbox 1579 4095 1779 4184; x_wconf 26' lang='grc' dir='ltr'>λέγεινγ</span> <span class='ocrx_word' id='word_1_594' title='bbox 1815 4095 1925 4173; x_wconf 60' lang='grc' dir='ltr'>εἴτε</span> 
     </span>
    </p>
   </div>
   <div class='ocr_carea' id='block_1_83' title="bbox 357 4185 1927 4278">
    <p class='ocr_par' dir='ltr' id='par_1_83' title="bbox 357 4185 1927 4278">
     <span class='ocr_line' id='line_1_83' title="bbox 357 4185 1927 4278; baseline 0.017 -45"><span class='ocrx_word' id='word_1_595' title='bbox 357 4185 723 4278; x_wconf 43' lang='grc' dir='ltr'>μιμροῴυχίας</span> <span class='ocrx_word' id='word_1_596' title='bbox 756 4193 1150 4261; x_wconf 78' lang='grc' dir='ltr'>περιαλγήσας,</span> <span class='ocrx_word' id='word_1_597' title='bbox 1180 4200 1282 4270; x_wconf 80' lang='grc' dir='ltr'><strong>6ρᾷ</strong></span> <span class='ocrx_word' id='word_1_598' title='bbox 1327 4202 1454 4272; x_wconf 85' lang='grc' dir='ltr'>θείῳ</span> <span class='ocrx_word' id='word_1_599' title='bbox 1502 4204 1682 4275; x_wconf 63' lang='grc' dir='ltr'>ψυχῆς</span> <span class='ocrx_word' id='word_1_600' title='bbox 1717 4208 1927 4278; x_wconf 76' lang='grc' dir='ltr'>ὄμματι</span> 
     </span>
    </p>
   </div>
   <div class='ocr_carea' id='block_1_84' title="bbox 2107 4025 3612 4094">
    <p class='ocr_par' dir='ltr' id='par_1_84' title="bbox 2107 4025 3612 4094">
     <span class='ocr_line' id='line_1_84' title="bbox 2107 4025 3612 4094; baseline -0.006 -6"><span class='ocrx_word' id='word_1_601' title='bbox 2107 4035 2230 4089; x_wconf 66' lang='grc'>154.</span> <span class='ocrx_word' id='word_1_602' title='bbox 2287 4035 2390 4090; x_wconf 89' lang='lat' dir='ltr'><strong>Ubi</strong></span> <span class='ocrx_word' id='word_1_603' title='bbox 2449 4034 2611 4088; x_wconf 81' lang='lat' dir='ltr'><strong>finem</strong></span> <span class='ocrx_word' id='word_1_604' title='bbox 2676 4032 2898 4089; x_wconf 89' lang='lat' dir='ltr'><strong>dicendi</strong></span> <span class='ocrx_word' id='word_1_605' title='bbox 2971 4029 3122 4094; x_wconf 87' lang='lat' dir='ltr'><strong>fecit,</strong></span> <span class='ocrx_word' id='word_1_606' title='bbox 3171 4027 3372 4082; x_wconf 89' lang='lat' dir='ltr'><strong>acerbo</strong></span> <span class='ocrx_word' id='word_1_607' title='bbox 3441 4025 3612 4080; x_wconf 91' lang='lat' dir='ltr'><strong>animi</strong></span> 
     </span>
    </p>
   </div>
   <div class='ocr_carea' id='block_1_85' title="bbox 2036 4120 3612 4192">
    <p class='ocr_par' dir='ltr' id='par_1_85' title="bbox 2036 4120 3612 4192">
     <span class='ocr_line' id='line_1_85' title="bbox 2036 4120 3612 4192; baseline -0.004 -12"><span class='ocrx_word' id='word_1_608' title='bbox 2036 4127 2266 4182; x_wconf 69' lang='lat' dir='ltr'><strong>affectus</strong></span> <span class='ocrx_word' id='word_1_609' title='bbox 2309 4127 2500 4181; x_wconf 82' lang='lat' dir='ltr'><strong>dolore</strong></span> <span class='ocrx_word' id='word_1_610' title='bbox 2531 4135 2636 4189; x_wconf 89' lang='lat' dir='ltr'><strong>est,</strong></span> <span class='ocrx_word' id='word_1_611' title='bbox 2668 4143 2734 4182; x_wconf 82' lang='lat' dir='ltr'><strong>ex</strong></span> <span class='ocrx_word' id='word_1_612' title='bbox 2764 4127 3007 4186; x_wconf 87' lang='lat' dir='ltr'><strong>illorum,</strong></span> <span class='ocrx_word' id='word_1_613' title='bbox 3062 4133 3368 4192; x_wconf 89' lang='lat' dir='ltr'><strong>stuporcne</strong></span> <span class='ocrx_word' id='word_1_614' title='bbox 3409 4120 3612 4185; x_wconf 85' lang='lat' dir='ltr'><strong>dicam,</strong></span> 
     </span>
    </p>
   </div>
   <div class='ocr_carea' id='block_1_86' title="bbox 2037 4213 3615 4288">
    <p class='ocr_par' dir='ltr' id='par_1_86' title="bbox 2037 4213 3615 4288">
     <span class='ocr_line' id='line_1_86' title="bbox 2037 4213 3615 4288; baseline -0.003 -16"><span class='ocrx_word' id='word_1_615' title='bbox 2037 4235 2103 4272; x_wconf 90' lang='lat' dir='ltr'><strong>an</strong></span> <span class='ocrx_word' id='word_1_616' title='bbox 2142 4219 2590 4288; x_wconf 87' lang='lat' dir='ltr'><strong>pusillanimitate</strong></span> <span class='ocrx_word' id='word_1_617' title='bbox 2619 4219 2872 4273; x_wconf 85' lang='lat' dir='ltr'><strong>suborto.</strong></span> <span class='ocrx_word' id='word_1_618' title='bbox 2908 4217 3046 4271; x_wconf 85' lang='lat' dir='ltr'><strong>Tum</strong></span> <span class='ocrx_word' id='word_1_619' title='bbox 3080 4215 3436 4285; x_wconf 88' lang='lat' dir='ltr'><strong>conspicatur</strong></span> <span class='ocrx_word' id='word_1_620' title='bbox 3452 4213 3615 4269; x_wconf 80' lang='lat' dir='ltr'><strong>oculo</strong></span> 
     </span>
    </p>
   </div>
   <div class='ocr_carea' id='block_1_87' title="bbox 353 4276 1926 4379">
    <p class='ocr_par' dir='ltr' id='par_1_87' title="bbox 353 4276 1926 4360">
     <span class='ocr_line' id='line_1_87' title="bbox 353 4276 1926 4360; baseline 0.02 -35"><span class='ocrx_word' id='word_1_621' title='bbox 353 4276 604 4345; x_wconf 77' lang='grc' dir='ltr'>κείμενον</span> <span class='ocrx_word' id='word_1_622' title='bbox 628 4281 877 4354; x_wconf 81' lang='grc' dir='ltr'>καθάπερ</span> <span class='ocrx_word' id='word_1_623' title='bbox 904 4284 963 4337; x_wconf 75' lang='grc' dir='ltr'>τὸ</span> <span class='ocrx_word' id='word_1_624' title='bbox 991 4286 1130 4340; x_wconf 85' lang='grc' dir='ltr'>θεῖον</span> <span class='ocrx_word' id='word_1_625' title='bbox 1160 4291 1493 4360; x_wconf 84' lang='grc' dir='ltr'>Εὐαγγέλιον</span> <span class='ocrx_word' id='word_1_626' title='bbox 1527 4299 1620 4350; x_wconf 82' lang='grc' dir='ltr'>ἐπὶ</span> <span class='ocrx_word' id='word_1_627' title='bbox 1648 4299 1742 4352; x_wconf 75' lang='grc' dir='ltr'>τοῦ</span> <span class='ocrx_word' id='word_1_628' title='bbox 1770 4276 1926 4354; x_wconf 76' lang='grc' dir='ltr'>σιτῶ-</span> 
     </span>
    </p>
   </div>
   <div class='ocr_carea' id='block_1_88' title="bbox 2029 4276 3610 4379">
    <p class='ocr_par' dir='ltr' id='par_1_88' title="bbox 2034 4309 3610 4379">
     <span class='ocr_line' id='line_1_88' title="bbox 2034 4309 3610 4379; baseline -0.001 -16"><span class='ocrx_word' id='word_1_629' title='bbox 2034 4310 2298 4365; x_wconf 87' lang='lat' dir='ltr'><strong>inleriore</strong></span> <span class='ocrx_word' id='word_1_630' title='bbox 2352 4326 2570 4365; x_wconf 87' lang='lat' dir='ltr'><strong>sacrum</strong></span> <span class='ocrx_word' id='word_1_631' title='bbox 2633 4310 3012 4379; x_wconf 85' lang='lat' dir='ltr'><strong>Evangelium,</strong></span> <span class='ocrx_word' id='word_1_632' title='bbox 3069 4309 3242 4363; x_wconf 88' lang='lat' dir='ltr'><strong>veluti</strong></span> <span class='ocrx_word' id='word_1_633' title='bbox 3296 4309 3350 4366; x_wconf 86' lang='lat' dir='ltr'><strong>in</strong></span> <span class='ocrx_word' id='word_1_634' title='bbox 3406 4309 3610 4364; x_wconf 84' lang='lat' dir='ltr'><strong>horreo</strong></span> 
     </span>
    </p>
   </div>
   <div class='ocr_carea' id='block_1_89' title="bbox 353 4371 1927 4459">
    <p class='ocr_par' dir='ltr' id='par_1_89' title="bbox 353 4371 1927 4459">
     <span class='ocr_line' id='line_1_89' title="bbox 353 4371 1927 4459; baseline 0.017 -39"><span class='ocrx_word' id='word_1_635' title='bbox 353 4383 460 4429; x_wconf 80' lang='grc' dir='ltr'>νος.</span> <span class='ocrx_word' id='word_1_636' title='bbox 503 4371 594 4422; x_wconf 70' lang='grc' dir='ltr'><strong>καὶ</strong></span> <span class='ocrx_word' id='word_1_637' title='bbox 625 4371 698 4435; x_wconf 86' lang='grc' dir='ltr'>ὡς</span> <span class='ocrx_word' id='word_1_638' title='bbox 735 4375 1140 4442; x_wconf 78' lang='grc' dir='ltr'>ἐπεισελθόντες</span> <span class='ocrx_word' id='word_1_639' title='bbox 1169 4374 1367 4446; x_wconf 74' lang='grc' dir='ltr'>ἐνδεεῖς</span> <span class='ocrx_word' id='word_1_640' title='bbox 1403 4387 1499 4440; x_wconf 69' lang='grc' dir='ltr'><strong>καὶ</strong></span> <span class='ocrx_word' id='word_1_641' title='bbox 1527 4389 1927 4459; x_wconf 85' lang='grc' dir='ltr'>διαρπάσαντες</span> 
     </span>
    </p>
   </div>
   <div class='ocr_carea' id='block_1_90' title="bbox 349 4459 1916 4555">
    <p class='ocr_par' dir='ltr' id='par_1_90' title="bbox 349 4459 1916 4555">
     <span class='ocr_line' id='line_1_90' title="bbox 349 4459 1916 4555; baseline 0.02 -46"><span class='ocrx_word' id='word_1_642' title='bbox 349 4459 481 4511; x_wconf 70' lang='grc' dir='ltr'>αὐτὸ</span> <span class='ocrx_word' id='word_1_643' title='bbox 506 4461 746 4530; x_wconf 78' lang='grc' dir='ltr'>φύγοιεν,</span> <span class='ocrx_word' id='word_1_644' title='bbox 778 4469 870 4519; x_wconf 74' lang='grc' dir='ltr'><strong>καὶ</strong></span> <span class='ocrx_word' id='word_1_645' title='bbox 924 4469 998 4532; x_wconf 83' lang='grc' dir='ltr'>ὡς</span> <span class='ocrx_word' id='word_1_646' title='bbox 1035 4472 1194 4536; x_wconf 76' lang='grc' dir='ltr'>αὐτὸς</span> <span class='ocrx_word' id='word_1_647' title='bbox 1256 4477 1356 4545; x_wconf 83' lang='grc' dir='ltr'>μὲν</span> <span class='ocrx_word' id='word_1_648' title='bbox 1384 4478 1470 4533; x_wconf 85' lang='grc' dir='ltr'>διά</span> <span class='ocrx_word' id='word_1_649' title='bbox 1497 4499 1640 4545; x_wconf 85' lang='grc' dir='ltr'>τινος</span> <span class='ocrx_word' id='word_1_650' title='bbox 1669 4484 1787 4538; x_wconf 79' lang='grc' dir='ltr'><strong>ὀδοῦ</strong></span> <span class='ocrx_word' id='word_1_651' title='bbox 1816 4486 1916 4555; x_wconf 87' lang='grc' dir='ltr'>βα-</span> 
     </span>
    </p>
   </div>
   <div class='ocr_carea' id='block_1_91' title="bbox 350 4551 1926 4648">
    <p class='ocr_par' dir='ltr' id='par_1_91' title="bbox 350 4551 1926 4648">
     <span class='ocr_line' id='line_1_91' title="bbox 350 4551 1926 4648; baseline 0.019 -46"><span class='ocrx_word' id='word_1_652' title='bbox 350 4551 564 4648; x_wconf 59' lang='grc' dir='ltr'>σιλικῆς</span> <span class='ocrx_word' id='word_1_653' title='bbox 615 4556 838 4611; x_wconf 71' lang='grc' dir='ltr'>ὄπισθεν</span> <span class='ocrx_word' id='word_1_654' title='bbox 873 4561 1080 4615; x_wconf 85' lang='grc' dir='ltr'>τούτων</span> <span class='ocrx_word' id='word_1_655' title='bbox 1128 4568 1474 4635; x_wconf 79' lang='grc' dir='ltr'>καταδιώκοι,</span> <span class='ocrx_word' id='word_1_656' title='bbox 1509 4574 1710 4640; x_wconf 82' lang='grc' dir='ltr'>φθάσαι</span> <span class='ocrx_word' id='word_1_657' title='bbox 1741 4578 1794 4629; x_wconf 79' lang='grc' dir='ltr'><strong>δὲ</strong></span> <span class='ocrx_word' id='word_1_658' title='bbox 1816 4551 1926 4648; x_wconf 69' lang='grc' dir='ltr'><strong>⁷οὐχ</strong></span> 
     </span>
    </p>
   </div>
   <div class='ocr_carea' id='block_1_92' title="bbox 347 4639 1923 4730">
    <p class='ocr_par' dir='ltr' id='par_1_92' title="bbox 347 4639 1923 4730">
     <span class='ocr_line' id='line_1_92' title="bbox 347 4639 1923 4730; baseline 0.016 -34"><span class='ocrx_word' id='word_1_659' title='bbox 347 4639 454 4708; x_wconf 79' lang='grc' dir='ltr'><strong>οἷός</strong></span> <span class='ocrx_word' id='word_1_660' title='bbox 476 4663 532 4696; x_wconf 87' lang='grc' dir='ltr'><strong>τε</strong></span> <span class='ocrx_word' id='word_1_661' title='bbox 564 4647 659 4712; x_wconf 82' lang='grc' dir='ltr'>ὢν,</span> <span class='ocrx_word' id='word_1_662' title='bbox 691 4651 752 4702; x_wconf 82' lang='grc' dir='ltr'><strong>ὲκ</strong></span> <span class='ocrx_word' id='word_1_663' title='bbox 786 4654 956 4723; x_wconf 82' lang='grc' dir='ltr'>μέσης</span> <span class='ocrx_word' id='word_1_664' title='bbox 982 4656 1151 4725; x_wconf 73' lang='grc' dir='ltr'>αὐτῆς</span> <span class='ocrx_word' id='word_1_665' title='bbox 1178 4659 1555 4730; x_wconf 66' lang='grc' dir='ltr'>ἀναστρέψειε,</span> <span class='ocrx_word' id='word_1_666' title='bbox 1587 4666 1682 4718; x_wconf 71' lang='grc' dir='ltr'><strong>καὶ</strong></span> <span class='ocrx_word' id='word_1_667' title='bbox 1697 4666 1770 4729; x_wconf 85' lang='grc' dir='ltr'><strong>ὡς</strong></span> <span class='ocrx_word' id='word_1_668' title='bbox 1793 4669 1923 4721; x_wconf 78' lang='grc' dir='ltr'><strong>ἐκά-</strong></span> 
     </span>
    </p>
   </div>
   <div class='ocr_carea' id='block_1_93' title="bbox 349 4740 1970 4828">
    <p class='ocr_par' dir='ltr' id='par_1_93' title="bbox 349 4740 1970 4828">
     <span class='ocr_line' id='line_1_93' title="bbox 349 4740 1970 4828; baseline 0.017 -42"><span class='ocrx_word' id='word_1_669' title='bbox 349 4752 480 4803; x_wconf 81' lang='grc' dir='ltr'>στης</span> <span class='ocrx_word' id='word_1_670' title='bbox 541 4740 754 4809; x_wconf 72' lang='grc' dir='ltr'>ἡμέρας</span> <span class='ocrx_word' id='word_1_671' title='bbox 814 4742 1011 4814; x_wconf 85' lang='grc' dir='ltr'>ἄρτους</span> <span class='ocrx_word' id='word_1_672' title='bbox 1041 4749 1148 4800; x_wconf 81' lang='grc' dir='ltr'>ἀπὸ</span> <span class='ocrx_word' id='word_1_673' title='bbox 1177 4750 1296 4802; x_wconf 86' lang='grc' dir='ltr'>τότε</span> <span class='ocrx_word' id='word_1_674' title='bbox 1351 4752 1458 4805; x_wconf 85' lang='grc' dir='ltr'><strong>τῶν</strong></span> <span class='ocrx_word' id='word_1_675' title='bbox 1487 4755 1652 4826; x_wconf 82' lang='grc' dir='ltr'>τριῶν</span> <span class='ocrx_word' id='word_1_676' title='bbox 1683 4760 1741 4810; x_wconf 84' lang='grc' dir='ltr'>ἐν</span> <span class='ocrx_word' id='word_1_677' title='bbox 1777 4758 1924 4828; x_wconf 80' lang='grc' dir='ltr'><strong>αὐτῷ</strong></span> <span class='ocrx_word' id='word_1_678' title='bbox 1965 4792 1970 4796; x_wconf 88' lang='lat'><strong>—</strong></span> 
     </span>
    </p>
   </div>
   <div class='ocr_carea' id='block_1_94' title="bbox 347 4827 1923 4918">
    <p class='ocr_par' dir='ltr' id='par_1_94' title="bbox 347 4827 1923 4918">
     <span class='ocr_line' id='line_1_94' title="bbox 347 4827 1923 4918; baseline 0.016 -41"><span class='ocrx_word' id='word_1_679' title='bbox 347 4827 564 4889; x_wconf 81' lang='grc' dir='ltr'>πλείους</span> <span class='ocrx_word' id='word_1_680' title='bbox 626 4831 724 4900; x_wconf 80' lang='grc' dir='ltr'>οὐχ</span> <span class='ocrx_word' id='word_1_681' title='bbox 786 4833 932 4904; x_wconf 71' lang='grc' dir='ltr'>εὕροι</span> <span class='ocrx_word' id='word_1_682' title='bbox 967 4852 981 4865; x_wconf 93' lang='grc'><strong>·</strong></span> <span class='ocrx_word' id='word_1_683' title='bbox 1013 4837 1104 4903; x_wconf 79' lang='grc' dir='ltr'>οὓς</span> <span class='ocrx_word' id='word_1_684' title='bbox 1162 4839 1616 4912; x_wconf 70' lang='grc' dir='ltr'>λαμϐάνων,άνω</span> <span class='ocrx_word' id='word_1_685' title='bbox 1670 4867 1728 4902; x_wconf 88' lang='grc' dir='ltr'><strong>τε</strong></span> <span class='ocrx_word' id='word_1_686' title='bbox 1788 4827 1923 4918; x_wconf 77' lang='grc' dir='ltr'>πρὸς</span> 
     </span>
    </p>
   </div>
   <div class='ocr_carea' id='block_1_95' title="bbox 343 4916 1923 5012">
    <p class='ocr_par' dir='ltr' id='par_1_95' title="bbox 343 4916 1923 5012">
     <span class='ocr_line' id='line_1_95' title="bbox 343 4916 1923 5012; baseline 0.018 -45"><span class='ocrx_word' id='word_1_687' title='bbox 343 4916 477 4970; x_wconf 78' lang='grc' dir='ltr'>Θυὸν</span> <span class='ocrx_word' id='word_1_688' title='bbox 535 4919 766 4989; x_wconf 78' lang='grc' dir='ltr'>βλέπων,</span> <span class='ocrx_word' id='word_1_689' title='bbox 799 4927 893 4978; x_wconf 75' lang='grc' dir='ltr'><strong>καὶ</strong></span> <span class='ocrx_word' id='word_1_690' title='bbox 922 4929 1019 4999; x_wconf 82' lang='grc' dir='ltr'>τὴν</span> <span class='ocrx_word' id='word_1_691' title='bbox 1072 4933 1280 4988; x_wconf 81' lang='grc' dir='ltr'>ἐκεῖθεν</span> <span class='ocrx_word' id='word_1_692' title='bbox 1335 4938 1518 5001; x_wconf 81' lang='grc' dir='ltr'>αὐτοῖς</span> <span class='ocrx_word' id='word_1_693' title='bbox 1561 4942 1923 5012; x_wconf 73' lang='grc' dir='ltr'>ἐπευχόμενος</span> 
     </span>
    </p>
   </div>
   <div class='ocr_carea' id='block_1_96' title="bbox 344 5009 1920 5100">
    <p class='ocr_par' dir='ltr' id='par_1_96' title="bbox 344 5009 1920 5100">
     <span class='ocr_line' id='line_1_96' title="bbox 344 5009 1920 5100; baseline 0.018 -40"><span class='ocrx_word' id='word_1_694' title='bbox 344 5009 614 5078; x_wconf 82' lang='grc' dir='ltr'>εὐλογίαν,</span> <span class='ocrx_word' id='word_1_695' title='bbox 650 5011 764 5067; x_wconf 76' lang='grc' dir='ltr'>εἶτα</span> <span class='ocrx_word' id='word_1_696' title='bbox 793 5018 1156 5090; x_wconf 76' lang='grc' dir='ltr'>διαθρύπτων,</span> <span class='ocrx_word' id='word_1_697' title='bbox 1183 5029 1462 5097; x_wconf 76' lang='grc' dir='ltr'>παρετίθει</span> <span class='ocrx_word' id='word_1_698' title='bbox 1485 5036 1595 5095; x_wconf 86' lang='grc' dir='ltr'>τοῖς</span> <span class='ocrx_word' id='word_1_699' title='bbox 1626 5034 1920 5100; x_wconf 63' lang='grc' dir='ltr'>δεομένοις,</span> 
     </span>
    </p>
   </div>
   <div class='ocr_carea' id='block_1_97' title="bbox 343 5102 1958 5192">
    <p class='ocr_par' dir='ltr' id='par_1_97' title="bbox 343 5102 1958 5192">
     <span class='ocr_line' id='line_1_97' title="bbox 343 5102 1958 5192; baseline 0.017 -40"><span class='ocrx_word' id='word_1_700' title='bbox 343 5102 439 5154; x_wconf 74' lang='grc' dir='ltr'><strong>καὶ</strong></span> <span class='ocrx_word' id='word_1_701' title='bbox 485 5103 558 5166; x_wconf 80' lang='grc' dir='ltr'><strong>ὼς</strong></span> <span class='ocrx_word' id='word_1_702' title='bbox 591 5105 824 5160; x_wconf 78' lang='grc' dir='ltr'>ἕκαστον</span> <span class='ocrx_word' id='word_1_703' title='bbox 881 5113 1100 5182; x_wconf 81' lang='grc' dir='ltr'>κλάσμα</span> <span class='ocrx_word' id='word_1_704' title='bbox 1154 5119 1414 5185; x_wconf 82' lang='grc' dir='ltr'>μέγιστος</span> <span class='ocrx_word' id='word_1_705' title='bbox 1474 5122 1670 5176; x_wconf 73' lang='grc' dir='ltr'>αὐτίκα</span> <span class='ocrx_word' id='word_1_706' title='bbox 1717 5126 1958 5192; x_wconf 80' lang='grc' dir='ltr'>γίνοιτο</span> 
     </span>
    </p>
   </div>
   <div class='ocr_carea' id='block_1_98' title="bbox 341 5191 1921 5282">
    <p class='ocr_par' dir='ltr' id='par_1_98' title="bbox 341 5191 1921 5282">
     <span class='ocr_line' id='line_1_98' title="bbox 341 5191 1921 5282; baseline 0.014 -38"><span class='ocrx_word' id='word_1_707' title='bbox 341 5191 524 5259; x_wconf 81' lang='grc' dir='ltr'>ἄρτος.</span> <span class='ocrx_word' id='word_1_708' title='bbox 573 5195 660 5247; x_wconf 84' lang='grc' dir='ltr'>Ἐν</span> <span class='ocrx_word' id='word_1_709' title='bbox 708 5199 886 5271; x_wconf 80' lang='grc' dir='ltr'>ἐαυτῷ</span> <span class='ocrx_word' id='word_1_710' title='bbox 937 5205 1114 5256; x_wconf 84' lang='grc' dir='ltr'>τοίνυν</span> <span class='ocrx_word' id='word_1_711' title='bbox 1148 5209 1454 5277; x_wconf 79' lang='grc' dir='ltr'>γενόμενος.</span> <span class='ocrx_word' id='word_1_712' title='bbox 1485 5212 1576 5262; x_wconf 75' lang='grc' dir='ltr'>καὶ</span> <span class='ocrx_word' id='word_1_713' title='bbox 1628 5213 1921 5282; x_wconf 78' lang='grc' dir='ltr'>συμὸαλὼν</span> 
     </span>
    </p>
   </div>
   <div class='ocr_carea' id='block_1_99' title="bbox 340 5283 1921 5373">
    <p class='ocr_par' dir='ltr' id='par_1_99' title="bbox 340 5283 1921 5373">
     <span class='ocr_line' id='line_1_99' title="bbox 340 5283 1921 5373; baseline 0.016 -40"><span class='ocrx_word' id='word_1_714' title='bbox 340 5283 439 5351; x_wconf 73' lang='grc' dir='ltr'>τὴν</span> <span class='ocrx_word' id='word_1_715' title='bbox 478 5284 600 5353; x_wconf 61' lang='grc' dir='ltr'>ὄψιν</span> <span class='ocrx_word' id='word_1_716' title='bbox 654 5289 944 5361; x_wconf 67' lang='grc' dir='ltr'>ἀφαίρεσιν</span> <span class='ocrx_word' id='word_1_717' title='bbox 983 5291 1120 5348; x_wconf 80' lang='grc' dir='ltr'>εἶναι</span> <span class='ocrx_word' id='word_1_718' title='bbox 1170 5301 1266 5368; x_wconf 75' lang='grc' dir='ltr'><strong>τῆς</strong></span> <span class='ocrx_word' id='word_1_719' title='bbox 1305 5300 1509 5352; x_wconf 69' lang='grc' dir='ltr'>ἄνωθεν</span> <span class='ocrx_word' id='word_1_720' title='bbox 1565 5303 1806 5373; x_wconf 84' lang='grc' dir='ltr'>χάριτος,</span> <span class='ocrx_word' id='word_1_721' title='bbox 1838 5301 1921 5369; x_wconf 75' lang='grc' dir='ltr'><strong>οἷς</strong></span> 
     </span>
    </p>
   </div>
   <div class='ocr_carea' id='block_1_100' title="bbox 339 5372 1921 5465">
    <p class='ocr_par' dir='ltr' id='par_1_100' title="bbox 339 5372 1921 5465">
     <span class='ocr_line' id='line_1_100' title="bbox 339 5372 1921 5465; baseline 0.019 -42"><span class='ocrx_word' id='word_1_722' title='bbox 339 5372 565 5442; x_wconf 79' lang='grc' dir='ltr'>ἔμελλον</span> <span class='ocrx_word' id='word_1_723' title='bbox 598 5379 924 5436; x_wconf 71' lang='grc' dir='ltr'>ἀνακόπτειν</span> <span class='ocrx_word' id='word_1_724' title='bbox 957 5387 1004 5437; x_wconf 85' lang='grc' dir='ltr'><strong>οἱ</strong></span> <span class='ocrx_word' id='word_1_725' title='bbox 1035 5387 1272 5459; x_wconf 69' lang='grc' dir='ltr'>μαθηταὶ</span> <span class='ocrx_word' id='word_1_726' title='bbox 1298 5392 1386 5442; x_wconf 73' lang='grc' dir='ltr'><strong>τὸν</strong></span> <span class='ocrx_word' id='word_1_727' title='bbox 1412 5394 1490 5455; x_wconf 85' lang='grc' dir='ltr'><strong>είς</strong></span> <span class='ocrx_word' id='word_1_728' title='bbox 1519 5395 1643 5456; x_wconf 76' lang='grc' dir='ltr'>τοὺς</span> <span class='ocrx_word' id='word_1_729' title='bbox 1681 5396 1921 5465; x_wconf 82' lang='grc' dir='ltr'>πένητας</span> 
     </span>
    </p>
   </div>
   <div class='ocr_carea' id='block_1_101' title="bbox 341 5466 1919 5558">
    <p class='ocr_par' dir='ltr' id='par_1_101' title="bbox 341 5466 1919 5558">
     <span class='ocr_line' id='line_1_101' title="bbox 341 5466 1919 5558; baseline 0.016 -40"><span class='ocrx_word' id='word_1_730' title='bbox 341 5466 508 5533; x_wconf 74' lang='grc' dir='ltr'>ἔλεον,</span> <span class='ocrx_word' id='word_1_731' title='bbox 544 5471 751 5537; x_wconf 87' lang='grc' dir='ltr'>πάντας</span> <span class='ocrx_word' id='word_1_732' title='bbox 807 5475 1002 5541; x_wconf 69' lang='grc' dir='ltr'>αὐτοὺς</span> <span class='ocrx_word' id='word_1_733' title='bbox 1050 5482 1414 5548; x_wconf 76' lang='grc' dir='ltr'>συγκαλέσας,</span> <span class='ocrx_word' id='word_1_734' title='bbox 1466 5487 1560 5537; x_wconf 73' lang='grc' dir='ltr'>καὶ</span> <span class='ocrx_word' id='word_1_735' title='bbox 1612 5487 1756 5558; x_wconf 82' lang='grc' dir='ltr'>άπερ</span> <span class='ocrx_word' id='word_1_736' title='bbox 1821 5491 1919 5543; x_wconf 80' lang='grc' dir='ltr'>ἴδοι</span> 
     </span>
    </p>
   </div>
   <div class='ocr_carea' id='block_1_102' title="bbox 342 5561 1920 5649">
    <p class='ocr_par' dir='ltr' id='par_1_102' title="bbox 342 5561 1920 5649">
     <span class='ocr_line' id='line_1_102' title="bbox 342 5561 1920 5649; baseline 0.016 -39"><span class='ocrx_word' id='word_1_737' title='bbox 342 5561 526 5629; x_wconf 45' lang='lat' dir='ltr'><strong>cas:qu</strong></span> <span class='ocrx_word' id='word_1_738' title='bbox 569 5566 907 5635; x_wconf 76' lang='grc' dir='ltr'>ἀπαγγείλας</span> <span class='ocrx_word' id='word_1_739' title='bbox 969 5573 1278 5644; x_wconf 74' lang='grc' dir='ltr'>προσευχὴν</span> <span class='ocrx_word' id='word_1_740' title='bbox 1324 5578 1607 5649; x_wconf 76' lang='grc' dir='ltr'>ἐπιτρέπει</span> <span class='ocrx_word' id='word_1_741' title='bbox 1652 5583 1791 5649; x_wconf 62' lang='grc' dir='ltr'>μετὰ</span> <span class='ocrx_word' id='word_1_742' title='bbox 1829 5581 1920 5635; x_wconf 80' lang='grc' dir='ltr'><strong>δα-</strong></span> 
     </span>
    </p>
   </div>
   <div class='ocr_carea' id='block_1_103' title="bbox 462 5677 1370 5751">
    <p class='ocr_par' dir='ltr' id='par_1_103' title="bbox 462 5677 1370 5751">
     <span class='ocr_line' id='line_1_103' title="bbox 462 5677 1370 5751; baseline 0.014 -18"><span class='ocrx_word' id='word_1_743' title='bbox 462 5678 516 5710; x_wconf 78' lang='grc'><strong>¹³⁹</strong></span> <span class='ocrx_word' id='word_1_744' title='bbox 549 5677 708 5750; x_wconf 84' lang='lat' dir='ltr'><strong>Osee,</strong></span> <span class='ocrx_word' id='word_1_745' title='bbox 746 5699 820 5751; x_wconf 87' lang='lat' dir='ltr'><strong>vt,</strong></span> <span class='ocrx_word' id='word_1_746' title='bbox 855 5683 913 5750; x_wconf 75' lang='grc' dir='ltr'>ὓς</span> <span class='ocrx_word' id='word_1_747' title='bbox 956 5686 1142 5742; x_wconf 74' lang='lat' dir='ltr'><strong>Matth.</strong></span> <span class='ocrx_word' id='word_1_748' title='bbox 1179 5706 1249 5750; x_wconf 63' lang='grc' dir='ltr'>ιχ,</span> <span class='ocrx_word' id='word_1_749' title='bbox 1288 5693 1370 5746; x_wconf 77' lang='grc'>15.</span> 
     </span>
    </p>
   </div>
   <div class='ocr_carea' id='block_1_104' title="bbox 2029 4397 3604 4470">
    <p class='ocr_par' dir='ltr' id='par_1_104' title="bbox 2029 4397 3604 4470">
     <span class='ocr_line' id='line_1_104' title="bbox 2029 4397 3604 4470; baseline 0.001 -19"><span class='ocrx_word' id='word_1_750' title='bbox 2029 4400 2254 4468; x_wconf 89' lang='lat' dir='ltr'><strong>jacens;</strong></span> <span class='ocrx_word' id='word_1_751' title='bbox 2289 4409 2756 4470; x_wconf 80' lang='lat' dir='ltr'><strong>accurrentesque</strong></span> <span class='ocrx_word' id='word_1_752' title='bbox 2785 4401 2978 4469; x_wconf 88' lang='lat' dir='ltr'><strong>inopes</strong></span> <span class='ocrx_word' id='word_1_753' title='bbox 3013 4415 3206 4469; x_wconf 86' lang='lat' dir='ltr'><strong>rapere</strong></span> <span class='ocrx_word' id='word_1_754' title='bbox 3235 4399 3370 4453; x_wconf 87' lang='lat' dir='ltr'><strong>illud</strong></span> <span class='ocrx_word' id='word_1_755' title='bbox 3422 4415 3485 4453; x_wconf 87' lang='lat' dir='ltr'><strong>ac</strong></span> <span class='ocrx_word' id='word_1_756' title='bbox 3518 4397 3604 4453; x_wconf 82' lang='lat' dir='ltr'><strong>fu-</strong></span> 
     </span>
    </p>
   </div>
   <div class='ocr_carea' id='block_1_105' title="bbox 2032 4490 3614 4560">
    <p class='ocr_par' dir='ltr' id='par_1_105' title="bbox 2032 4490 3614 4560">
     <span class='ocr_line' id='line_1_105' title="bbox 2032 4490 3614 4560; baseline 0.001 -18"><span class='ocrx_word' id='word_1_757' title='bbox 2032 4506 2190 4560; x_wconf 87' lang='lat' dir='ltr'><strong>gere:</strong></span> <span class='ocrx_word' id='word_1_758' title='bbox 2229 4491 2406 4558; x_wconf 92' lang='lat' dir='ltr'><strong>ipsum</strong></span> <span class='ocrx_word' id='word_1_759' title='bbox 2439 4500 2620 4544; x_wconf 89' lang='lat' dir='ltr'><strong>autem</strong></span> <span class='ocrx_word' id='word_1_760' title='bbox 2645 4507 2702 4545; x_wconf 89' lang='lat' dir='ltr'><strong>se</strong></span> <span class='ocrx_word' id='word_1_761' title='bbox 2735 4491 2882 4560; x_wconf 82' lang='lat' dir='ltr'><strong>regia</strong></span> <span class='ocrx_word' id='word_1_762' title='bbox 2912 4492 3146 4560; x_wconf 67' lang='lat' dir='ltr'><strong>mundam</strong></span> <span class='ocrx_word' id='word_1_763' title='bbox 3172 4491 3258 4543; x_wconf 92' lang='lat' dir='ltr'><strong>via</strong></span> <span class='ocrx_word' id='word_1_764' title='bbox 3285 4490 3614 4559; x_wconf 82' lang='lat' dir='ltr'><strong>fugientium</strong></span> 
     </span>
    </p>
   </div>
   <div class='ocr_carea' id='block_1_106' title="bbox 2032 4582 3608 4653">
    <p class='ocr_par' dir='ltr' id='par_1_106' title="bbox 2032 4582 3608 4653">
     <span class='ocr_line' id='line_1_106' title="bbox 2032 4582 3608 4653; baseline 0 -17"><span class='ocrx_word' id='word_1_765' title='bbox 2032 4584 2200 4653; x_wconf 82' lang='lat' dir='ltr'><strong>tergis</strong></span> <span class='ocrx_word' id='word_1_766' title='bbox 2233 4583 2462 4647; x_wconf 88' lang='lat' dir='ltr'><strong>instare,</strong></span> <span class='ocrx_word' id='word_1_767' title='bbox 2519 4585 2804 4638; x_wconf 86' lang='lat' dir='ltr'><strong>retrahere</strong></span> <span class='ocrx_word' id='word_1_768' title='bbox 2845 4599 2978 4637; x_wconf 90' lang='lat' dir='ltr'><strong>vero</strong></span> <span class='ocrx_word' id='word_1_769' title='bbox 3028 4584 3182 4636; x_wconf 91' lang='lat' dir='ltr'><strong>nullo</strong></span> <span class='ocrx_word' id='word_1_770' title='bbox 3231 4582 3394 4635; x_wconf 86' lang='lat' dir='ltr'><strong>modo</strong></span> <span class='ocrx_word' id='word_1_771' title='bbox 3427 4597 3608 4650; x_wconf 84' lang='lat' dir='ltr'><strong>posse.</strong></span> 
     </span>
    </p>
   </div>
   <div class='ocr_carea' id='block_1_107' title="bbox 2033 4673 3614 4744">
    <p class='ocr_par' dir='ltr' id='par_1_107' title="bbox 2033 4673 3614 4744">
     <span class='ocr_line' id='line_1_107' title="bbox 2033 4673 3614 4744; baseline -0.003 -16"><span class='ocrx_word' id='word_1_772' title='bbox 2033 4675 2267 4744; x_wconf 86' lang='lat' dir='ltr'><strong>ideoque</strong></span> <span class='ocrx_word' id='word_1_773' title='bbox 2301 4675 2407 4729; x_wconf 91' lang='lat' dir='ltr'><strong>iter</strong></span> <span class='ocrx_word' id='word_1_774' title='bbox 2432 4691 2500 4729; x_wconf 79' lang='lat' dir='ltr'><strong>ex</strong></span> <span class='ocrx_word' id='word_1_775' title='bbox 2528 4675 2707 4728; x_wconf 80' lang='lat' dir='ltr'><strong>media</strong></span> <span class='ocrx_word' id='word_1_776' title='bbox 2734 4675 2820 4728; x_wconf 87' lang='lat' dir='ltr'><strong>via</strong></span> <span class='ocrx_word' id='word_1_777' title='bbox 2882 4673 3156 4744; x_wconf 83' lang='lat' dir='ltr'><strong>relegere:</strong></span> <span class='ocrx_word' id='word_1_778' title='bbox 3193 4689 3260 4727; x_wconf 78' lang='lat' dir='ltr'><strong>ex</strong></span> <span class='ocrx_word' id='word_1_779' title='bbox 3302 4673 3394 4725; x_wconf 91' lang='lat' dir='ltr'><strong>illo</strong></span> <span class='ocrx_word' id='word_1_780' title='bbox 3446 4685 3614 4740; x_wconf 90' lang='lat' dir='ltr'><strong>porro</strong></span> 
     </span>
    </p>
   </div>
   <div class='ocr_carea' id='block_1_108' title="bbox 2031 4762 3612 4836">
    <p class='ocr_par' dir='ltr' id='par_1_108' title="bbox 2031 4762 3612 4836">
     <span class='ocr_line' id='line_1_108' title="bbox 2031 4762 3612 4836; baseline -0.003 -16"><span class='ocrx_word' id='word_1_781' title='bbox 2031 4775 2278 4836; x_wconf 85' lang='lat' dir='ltr'><strong>tempore</strong></span> <span class='ocrx_word' id='word_1_782' title='bbox 2313 4766 2543 4836; x_wconf 86' lang='lat' dir='ltr'><strong>singulis</strong></span> <span class='ocrx_word' id='word_1_783' title='bbox 2569 4766 2766 4820; x_wconf 84' lang='lat' dir='ltr'><strong>diebus</strong></span> <span class='ocrx_word' id='word_1_784' title='bbox 2793 4774 2906 4820; x_wconf 88' lang='lat' dir='ltr'><strong>tres</strong></span> <span class='ocrx_word' id='word_1_785' title='bbox 2941 4780 3052 4819; x_wconf 88' lang='lat' dir='ltr'><strong>non</strong></span> <span class='ocrx_word' id='word_1_786' title='bbox 3077 4764 3316 4834; x_wconf 88' lang='lat' dir='ltr'><strong>amplius</strong></span> <span class='ocrx_word' id='word_1_787' title='bbox 3335 4762 3612 4816; x_wconf 88' lang='lat' dir='ltr'><strong>inhorreo</strong></span> 
     </span>
    </p>
   </div>
   <div class='ocr_carea' id='block_1_109' title="bbox 2030 4853 3608 4926">
    <p class='ocr_par' dir='ltr' id='par_1_109' title="bbox 2030 4853 3608 4926">
     <span class='ocr_line' id='line_1_109' title="bbox 2030 4853 3608 4926; baseline -0.004 -17"><span class='ocrx_word' id='word_1_788' title='bbox 2030 4857 2288 4926; x_wconf 86' lang='lat' dir='ltr'><strong>granario</strong></span> <span class='ocrx_word' id='word_1_789' title='bbox 2318 4871 2490 4925; x_wconf 86' lang='lat' dir='ltr'><strong>panes</strong></span> <span class='ocrx_word' id='word_1_790' title='bbox 2523 4855 2778 4924; x_wconf 87' lang='lat' dir='ltr'><strong>reperiri,</strong></span> <span class='ocrx_word' id='word_1_791' title='bbox 2815 4871 2954 4925; x_wconf 89' lang='lat' dir='ltr'><strong>quos</strong></span> <span class='ocrx_word' id='word_1_792' title='bbox 2981 4855 3159 4924; x_wconf 84' lang='lat' dir='ltr'><strong>ipsum</strong></span> <span class='ocrx_word' id='word_1_793' title='bbox 3221 4853 3608 4920; x_wconf 87' lang='lat' dir='ltr'><strong>accipientem,</strong></span> 
     </span>
    </p>
   </div>
   <div class='ocr_carea' id='block_1_110' title="bbox 2030 4939 3611 5005">
    <p class='ocr_par' dir='ltr' id='par_1_110' title="bbox 2030 4939 3611 5005">
     <span class='ocr_line' id='line_1_110' title="bbox 2030 4939 3611 5005; baseline -0.002 -7"><span class='ocrx_word' id='word_1_794' title='bbox 2030 4961 2093 4999; x_wconf 90' lang='lat' dir='ltr'><strong>ac</strong></span> <span class='ocrx_word' id='word_1_795' title='bbox 2111 4961 2332 5000; x_wconf 86' lang='lat' dir='ltr'><strong>sursum</strong></span> <span class='ocrx_word' id='word_1_796' title='bbox 2364 4945 2558 4999; x_wconf 89' lang='lat' dir='ltr'><strong>oculos</strong></span> <span class='ocrx_word' id='word_1_797' title='bbox 2585 4945 2651 4998; x_wconf 91' lang='lat' dir='ltr'><strong>ad</strong></span> <span class='ocrx_word' id='word_1_798' title='bbox 2697 4946 2867 4999; x_wconf 88' lang='lat' dir='ltr'><strong>Deum</strong></span> <span class='ocrx_word' id='word_1_799' title='bbox 2919 4944 3323 5005; x_wconf 87' lang='lat' dir='ltr'><strong>intendentetn,</strong></span> <span class='ocrx_word' id='word_1_800' title='bbox 3365 4939 3611 4995; x_wconf 70' lang='lat' dir='ltr'><strong>cmlesti-</strong></span> 
     </span>
    </p>
   </div>
   <div class='ocr_carea' id='block_1_111' title="bbox 2029 5034 3604 5106">
    <p class='ocr_par' dir='ltr' id='par_1_111' title="bbox 2029 5034 3604 5106">
     <span class='ocr_line' id='line_1_111' title="bbox 2029 5034 3604 5106; baseline -0.001 -15"><span class='ocrx_word' id='word_1_801' title='bbox 2029 5053 2136 5106; x_wconf 90' lang='lat' dir='ltr'><strong>que</strong></span> <span class='ocrx_word' id='word_1_802' title='bbox 2150 5038 2539 5106; x_wconf 86' lang='lat' dir='ltr'><strong>benedictione</strong></span> <span class='ocrx_word' id='word_1_803' title='bbox 2557 5038 2987 5106; x_wconf 84' lang='lat' dir='ltr'><strong>impertientem,</strong></span> <span class='ocrx_word' id='word_1_804' title='bbox 3004 5036 3242 5105; x_wconf 85' lang='lat' dir='ltr'><strong>denique</strong></span> <span class='ocrx_word' id='word_1_805' title='bbox 3266 5034 3604 5104; x_wconf 87' lang='lat' dir='ltr'><strong>frangentem</strong></span> 
     </span>
    </p>
   </div>
   <div class='ocr_carea' id='block_1_112' title="bbox 2029 5127 3700 5199">
    <p class='ocr_par' dir='ltr' id='par_1_112' title="bbox 2029 5127 3700 5199">
     <span class='ocr_line' id='line_1_112' title="bbox 2029 5127 3700 5199; baseline -0.002 -17"><span class='ocrx_word' id='word_1_806' title='bbox 2029 5145 2306 5199; x_wconf 81' lang='lat' dir='ltr'><strong>apponere</strong></span> <span class='ocrx_word' id='word_1_807' title='bbox 2377 5131 2702 5199; x_wconf 87' lang='lat' dir='ltr'><strong>egentibus,</strong></span> <span class='ocrx_word' id='word_1_808' title='bbox 2780 5129 3042 5199; x_wconf 87' lang='lat' dir='ltr'><strong>quodque</strong></span> <span class='ocrx_word' id='word_1_809' title='bbox 3113 5137 3297 5182; x_wconf 91' lang='lat' dir='ltr'><strong>autem</strong></span> <span class='ocrx_word' id='word_1_810' title='bbox 3366 5127 3608 5180; x_wconf 89' lang='lat' dir='ltr'><strong>frustum</strong></span> <span class='ocrx_word' id='word_1_811' title='bbox 3693 5173 3700 5178; x_wconf 59' lang='grc'><strong>.</strong></span> 
     </span>
    </p>
   </div>
   <div class='ocr_carea' id='block_1_113' title="bbox 2030 5215 3609 5289">
    <p class='ocr_par' dir='ltr' id='par_1_113' title="bbox 2030 5215 3609 5289">
     <span class='ocr_line' id='line_1_113' title="bbox 2030 5215 3609 5289; baseline -0.003 -17"><span class='ocrx_word' id='word_1_812' title='bbox 2030 5219 2178 5274; x_wconf 91' lang='lat' dir='ltr'><strong>illico</strong></span> <span class='ocrx_word' id='word_1_813' title='bbox 2243 5220 2298 5273; x_wconf 92' lang='lat' dir='ltr'><strong>in</strong></span> <span class='ocrx_word' id='word_1_814' title='bbox 2373 5235 2571 5289; x_wconf 86' lang='lat' dir='ltr'><strong>panem</strong></span> <span class='ocrx_word' id='word_1_815' title='bbox 2645 5218 2946 5274; x_wconf 76' lang='lat' dir='ltr'><strong>maximum</strong></span> <span class='ocrx_word' id='word_1_816' title='bbox 3007 5218 3279 5274; x_wconf 88' lang='lat' dir='ltr'><strong>converti.</strong></span> <span class='ocrx_word' id='word_1_817' title='bbox 3339 5215 3609 5272; x_wconf 77' lang='lat' dir='ltr'><strong>Redditus</strong></span> 
     </span>
    </p>
   </div>
   <div class='ocr_carea' id='block_1_114' title="bbox 2030 5307 3609 5383">
    <p class='ocr_par' dir='ltr' id='par_1_114' title="bbox 2030 5307 3609 5383">
     <span class='ocr_line' id='line_1_114' title="bbox 2030 5307 3609 5383; baseline -0.003 -18"><span class='ocrx_word' id='word_1_818' title='bbox 2030 5312 2200 5383; x_wconf 87' lang='lat' dir='ltr'><strong>igitur</strong></span> <span class='ocrx_word' id='word_1_819' title='bbox 2227 5312 2357 5376; x_wconf 92' lang='lat' dir='ltr'><strong>sibi,</strong></span> <span class='ocrx_word' id='word_1_820' title='bbox 2384 5321 2548 5382; x_wconf 87' lang='lat' dir='ltr'><strong>atque</strong></span> <span class='ocrx_word' id='word_1_821' title='bbox 2578 5313 2907 5383; x_wconf 81' lang='lat' dir='ltr'><strong>conjicicns,</strong></span> <span class='ocrx_word' id='word_1_822' title='bbox 2938 5313 3208 5366; x_wconf 86' lang='lat' dir='ltr'><strong>visionem</strong></span> <span class='ocrx_word' id='word_1_823' title='bbox 3269 5311 3483 5380; x_wconf 82' lang='lat' dir='ltr'><strong>signare</strong></span> <span class='ocrx_word' id='word_1_824' title='bbox 3520 5307 3609 5362; x_wconf 87' lang='lat' dir='ltr'><strong>di-</strong></span> 
     </span>
    </p>
   </div>
   <div class='ocr_carea' id='block_1_115' title="bbox 2029 5401 3609 5474">
    <p class='ocr_par' dir='ltr' id='par_1_115' title="bbox 2029 5401 3609 5474">
     <span class='ocr_line' id='line_1_115' title="bbox 2029 5401 3609 5474; baseline -0.001 -18"><span class='ocrx_word' id='word_1_825' title='bbox 2029 5405 2168 5458; x_wconf 76' lang='lat' dir='ltr'><strong>vina:</strong></span> <span class='ocrx_word' id='word_1_826' title='bbox 2202 5405 2388 5474; x_wconf 84' lang='lat' dir='ltr'><strong>gratia:</strong></span> <span class='ocrx_word' id='word_1_827' title='bbox 2418 5405 2778 5469; x_wconf 83' lang='lat' dir='ltr'><strong>oblationem,</strong></span> <span class='ocrx_word' id='word_1_828' title='bbox 2805 5413 3096 5473; x_wconf 85' lang='lat' dir='ltr'><strong>propterea</strong></span> <span class='ocrx_word' id='word_1_829' title='bbox 3126 5401 3272 5473; x_wconf 91' lang='lat' dir='ltr'><strong>quod</strong></span> <span class='ocrx_word' id='word_1_830' title='bbox 3302 5403 3609 5471; x_wconf 72' lang='lat' dir='ltr'><strong>eleemosy-</strong></span> 
     </span>
    </p>
   </div>
   <div class='ocr_carea' id='block_1_116' title="bbox 2027 5493 3608 5567">
    <p class='ocr_par' dir='ltr' id='par_1_116' title="bbox 2027 5493 3608 5567">
     <span class='ocr_line' id='line_1_116' title="bbox 2027 5493 3608 5567; baseline -0.003 -17"><span class='ocrx_word' id='word_1_831' title='bbox 2027 5512 2148 5560; x_wconf 84' lang='lat' dir='ltr'><strong>nas,</strong></span> <span class='ocrx_word' id='word_1_832' title='bbox 2174 5496 2514 5566; x_wconf 86' lang='lat' dir='ltr'><strong>pauperibus</strong></span> <span class='ocrx_word' id='word_1_833' title='bbox 2539 5496 2755 5567; x_wconf 85' lang='lat' dir='ltr'><strong>erogari</strong></span> <span class='ocrx_word' id='word_1_834' title='bbox 2787 5497 3000 5559; x_wconf 88' lang='lat' dir='ltr'><strong>solitas,</strong></span> <span class='ocrx_word' id='word_1_835' title='bbox 3042 5495 3362 5550; x_wconf 88' lang='lat' dir='ltr'><strong>imminutas</strong></span> <span class='ocrx_word' id='word_1_836' title='bbox 3383 5493 3608 5558; x_wconf 86' lang='lat' dir='ltr'><strong>vellent;</strong></span> 
     </span>
    </p>
   </div>
   <div class='ocr_carea' id='block_1_117' title="bbox 2030 5588 3610 5660">
    <p class='ocr_par' dir='ltr' id='par_1_117' title="bbox 2030 5588 3610 5660">
     <span class='ocr_line' id='line_1_117' title="bbox 2030 5588 3610 5660; baseline -0.001 -17"><span class='ocrx_word' id='word_1_837' title='bbox 2030 5588 2348 5643; x_wconf 79' lang='lat' dir='ltr'><strong>convocatis</strong></span> <span class='ocrx_word' id='word_1_838' title='bbox 2383 5588 2644 5643; x_wconf 87' lang='lat' dir='ltr'><strong>omnibus</strong></span> <span class='ocrx_word' id='word_1_839' title='bbox 2673 5605 2795 5660; x_wconf 74' lang='lat' dir='ltr'><strong>qua:</strong></span> <span class='ocrx_word' id='word_1_840' title='bbox 2819 5589 2925 5645; x_wconf 90' lang='lat' dir='ltr'><strong>sibi</strong></span> <span class='ocrx_word' id='word_1_841' title='bbox 2959 5605 3058 5660; x_wconf 87' lang='lat' dir='ltr'><strong>per</strong></span> <span class='ocrx_word' id='word_1_842' title='bbox 3085 5590 3354 5645; x_wconf 70' lang='lat' dir='ltr'><strong>visioicm</strong></span> <span class='ocrx_word' id='word_1_843' title='bbox 3387 5601 3610 5645; x_wconf 77' lang='lat' dir='ltr'><strong>ostensa</strong></span> 
     </span>
    </p>
   </div>
  </div>
