4034 6186
487 283 623 351 3111

1661 272 1721 332 S.
1758 265 2135 331 SYMEONIS
2170 259 2530 325 IUNIORIS

3581 245 3728 316 3ll2

485 404 693 461 essent,
740 390 1026 456 enuntiat;
1089 400 1153 443 ac
1187 384 1560 458 precationem
1619 396 1745 438 cum
1793 379 2049 451 lacrymis

2173 374 2335 444 ιρύων
2365 372 2571 434 αὐτοῖς,
2597 367 2675 422 τὸ·
2694 367 2852 438 μόνον
2885 365 3066 435 ίσχύον
3091 364 3234 420 κατὰ
3254 364 3353 435 τῆς
3381 363 3533 426 θείας
3561 367 3715 420 ἀπει-

486 488 706 551 indicit,
746 484 923 541 solum
952 495 1152 549 nempe
1186 477 1452 532 adversus
1493 474 1708 529 divinas
1749 472 2051 528 commina—

452 580 666 634 ~tiones
694 574 1021 635 remedium,
1067 579 1126 625 ut
1158 570 1329 625 Deum
1358 567 1465 622 sibi
1513 565 1812 637 propitium
1854 564 2053 620 redde-

486 679 632 725 rent.
679 669 818 722 Dum
876 666 955 720 illi
1006 679 1133 718 mox
1194 661 1408 715 fructus
1475 658 1813 729 paenitentiae
1857 657 2053 728 dignos

487 761 697 815 faciunt
723 753 1150 821 contritionique
1167 751 1473 820 indulgent,
1493 750 1785 803 miseratus
1815 747 2053 818 Symeon

489 849 758 917 lacrymas
793 844 862 897 ad
897 843 1072 896 Deum
1102 837 1361 900 cﬂ‘undit,
1392 837 1661 906 lacrymas
1692 834 2052 902 multiplicem

487 937 690 992 elicere
718 934 858 989 C(Blo
889 929 1325 986 misericordiam
1338 927 1615 981 valentes:
1645 934 1757 979 tum
1780 924 2057 978 modicum

490 1028 622 1098 quid
654 1024 918 1080 frumenti
951 1038 1017 1077 ex
1045 1023 1247 1076 horreo
1269 1020 1491 1073 allatum
1531 1031 1697 1070 manu
1749 1016 2055 1084 excipiens,

490 1127 658 1185 atque
687 1114 755 1169 ad
810 1127 1031 1167 manum
1083 1110 1178 1164 Dei
1228 1120 1539 1177 supremam
1574 1105 1899 1174 respiciens,
1928 1103 2057 1157 inde

492 1206 935 1261 benedictionem
969 1201 1225 1271 precibus
1258 1198 1569 1263 accersivit,
1603 1213 1724 1267 qua
1747 1212 1872 1252 cum
1930 1211 2060 1265 ape-

492 1299 656 1361 ritur,
714 1295 856 1349 solet
910 1308 1074 1347 omne
1128 1289 1331 1344 animal
1386 1288 1638 1357 implere.
1701 1286 2057 1341 Frumentum

493 1394 681 1443 autem
712 1384 768 1454 (o
794 1381 1113 1436 inusitatam
1149 1378 1573 1448 agriculturam!
1600 1392 1634 1430 o
1666 1375 1877 1431 semina
1932 1388 2058 1428 ora-

496 1475 684 1539 tionis,
752 1474 991 1529 fertilem
1043 1485 1264 1540 quoque
1322 1478 1525 1523 terram
1558 1466 1880 1521 fertiliorem
1934 1464 2065 1519 red-

2158 466 2257 537 λῆς
2312 465 2627 533 φάρμακον,
2663 458 2803 512 ὥστε
2849 456 3221 529 διαλλαγῆναι,
3248 456 3434 526 φησὶν,
3480 458 3617 527 ἡμῖν
3639 456 3731 511 τὸν

2160 559 2311 612 Θεόν.
2346 556 2470 609 Τῶν
2491 554 2548 608 δέ
2586 552 2874 623 μετάνοιαν
2903 549 3068 613 ἀξίως
3095 548 3258 612 εὐθὺς
3288 547 3730 618 ἐπιδειξαμένων,

2163 649 2504 718 συναλγήσας
2519 645 2698 699 αὐτῶν
2709 646 2777 714 τῇ
2793 641 3071 715 συντριϐῇ,
3090 641 3186 695 καὶ
3212 640 3426 709 δάκρυα
3445 641 3582 711 πρὸς
3599 639 3730 694 Θεὸν

2160 742 2356 813 ἐκχέας
2397 740 2469 794 τὰ
2502 738 2670 792 πολὺν
2726 734 2934 790 ἐκεῖθεν
2988 734 3169 787 ἐλκειν
3210 732 3485 800 δυνάμενα
3509 730 3726 804 [£15m],

2165 830 2310 884 σῖτόν
2335 844 2395 880 τε
2419 826 2621 897 βραχὺν
2640 828 2703 877 ἐκ
2722 822 2819 877 τοῦ
2840 822 3060 885 σιτῶνος
3077 821 3407 892 κομισθέντα
3426 819 3603 875 λαϐὼν
3614 824 3730 883 ταῖς

2163 921 2344 992 χερσὶ,
2385 920 2481 973 καὶ
2547 917 2681 991 πρὸς
2718 918 2879 986 χεῖρα
2924 915 3084 969 πάλιν
3143 912 3306 975 αὐτὸς
3352 913 3453 983 τὴν
3521 912 3731 983 ὑψηλὴν

2167 1014 2311 1079 ἰδὼν,
2342 1012 2441 1081 τὴν
2467 1009 2525 1073 ἐξ
2548 1010 2717 1078 αὐτῆς
2743 1006 3016 1076 ἐπηύξατο
3057 1004 3327 1068 εὐδοκίαν,
3357 1006 3392 1073 ἢ
3422 1005 3529 1057 πᾶν
3564 1005 3732 1072 ἐμπι-

2164 1104 2303 1175 πλᾷν
2351 1102 2459 1156 οἶδε
2490 1100 2629 1164 ζῶον
2663 1098 2990 1167 ἀνοιγομένη
3011 1112 3024 1126 ’
3061 1097 3153 1149 καὶ
3180 1097 3208 1148 ὁ
3234 1100 3379 1158 σῖτος
3409 1094 3475 1166 (ὢ
3502 1093 3735 1164 παραδόέ

2165 1194 2255 1259 ξου
2283 1180 2555 1264 γεωργίας
2582 1195 2595 1247 !
2627 1192 2673 1246 ὣ
2704 1193 3034 1261 σπερμάτων
3061 1190 3230 1259 εὐχῆς
3257 1190 3356 1242 καὶ
3388 1189 3493 1258 γῆν
3524 1188 3736 1257 ἀγαθὴν

2166 1288 2246 1349 είς
2292 1285 2622 1356 γονιμότητα
2683 1282 2986 1354 παριούσης
3024 1280 3303 1352 ί)ηύξετο,
3336 1281 3499 1351 μέχρι
3540 1277 3738 1332 πολλοῦ

2166 1378 2287 1438 ταῖς
2321 1376 2532 1446 χρείαις
2568 1374 2815 1443 ἀφθόνως
2862 1371 3172 1442 ὑπηρετῶν,
3205 1370 3302 1424 καὶ
3366 1367 3507 1441 μηδ’,
3560 1367 3739 1424 ὁτιοῦν

2172 1467 2589 1537 ἐλαττούμενος.

490 1566 681 1622 dentis
711 1566 748 1633 ι)
818 1563 1114 1633 plurimum
1167 1573 1504 1630 augescens,
1560 1558 1615 1611 in
1669 1557 2048 1628 longissimum
2088 1564 2308 1629 tempus
2356 1558 2483 1614 usui
2543 1556 2823 1614 communi
2889 1552 3364 1611 abundantissime
3415 1550 3738 1616 sudiciebat,

492 1672 675 1730 neque
706 1655 986 1711 minimam
1021 1661 1230 1722 partem
1257 1649 1628 1704 minuebatur.

1935 1755 2162 1812 CAPUT
2194 1757 2357 1812 XVII.

1419 1868 1607 1928 Armat
1652 1885 1774 1924 suos
1817 1878 2003 1924 contra
2031 1870 2295 1923 dwmones
2341 1869 2495 1922 varia
2524 1867 2815 1922 molientes.

575 1994 696 2056 1'35.
729 1998 1021 2068 Aliquanto
1041 2005 1165 2066 post
1190 1995 1349 2049 aliam
1375 2008 1565 2048 rursus
1588 1991 1754 2046 habet
1774 1991 2065 2056 visionem,

2242 1990 2373 2062 ρλε¹.
2420 1986 2685 2059 Ἐωράκει
2734 1988 2874 2059 μετά
2936 1988 3129 2059 χρόνον
3177 1987 3302 2041 τινὰ
3356 1948 3529 2068 πάλιν
3561 1973 3691 2058 ’ὄψιν
3716 1987 3750 2041 6

498 2107 623 2164 qua:
640 2090 819 2144 virum
842 2104 981 2159 pene
1000 2086 1345 2141 exanimabat
1367 2102 1379 2136 :
1402 2082 1607 2138 coactis
1626 2083 1678 2136 in
1698 2098 1867 2136 unum
1886 2081 2070 2135 fratri-

499 2184 643 2238 bus:
681 2182 852 2241 State,
883 2179 1081 2249 inquit,
1115 2188 1174 2232 ut
1224 2190 1522 2248 generosos
1562 2174 1742 2241 decet,
1799 2173 2067 2229 adversus

503 2272 886 2344 impendentes
919 2269 1290 2324 tentationcs:
1346 2268 1599 2338 permisit
1640 2266 1844 2335 quippe
1887 2263 2073 2318 Domi-

501 2379 607 2418 nus
637 2378 731 2417 vos
758 2359 976 2423 tentari,
1004 2368 1063 2412 ut
1090 2367 1146 2412 et
1196 2356 1572 2427 splendidiore
1630 2369 1729 2409 vos
1766 2351 2073 2408 circumdet

503 2471 724 2510 corona.
741 2453 965 2507 Librum
984 2452 1150 2521 igitur
1162 2450 1263 2504 Job
1294 2448 1597 2519 prOphetaa,
1619 2462 1686 2500 ex
1714 2461 1824 2516 quo
1844 2452 2074 2498 noverat

503 2547 638 2617 ipsis
672 2554 728 2599 ct
756 2543 1110 2617 tolerantiam
1145 2557 1363 2606 augere,
1416 2549 1472 2594 ct
1521 2554 1772 2604 supernus
1823 2536 2074 2591 consola-

505 2637 672 2691 tionis
721 2650 872 2704 spem
903 2615 1285 2695 corroborare,
1311 2630 1364 2683 in
1404 2644 1600 2682 manus
1626 2629 1801 2697 capit:
1826 2618 2068 2679 indicto-

497 2742 612 2797 que
663 2723 877 2779 cunctis
922 2723 1142 2777 silentio
1199 2729 1362 2789 atque
1413 2718 1739 2778 attentione,
1814 2732 1843 2771 a
1891 2714 2070 2785 capite

504 2833 666 2871 orsus
688 2816 755 2872 ad
789 2816 993 2870 calcem
1032 2827 1207 2882 usque
1235 2811 1437 2865 librum
1473 2807 1798 2879 explicando
1832 2806 2071 2861 evolvit:

505 2910 684 2964 Sicubi
714 2922 845 2962 vero
884 2905 1147 2976 quiddam
1176 2902 1541 2974 proverbialis
1589 2898 1835 2954 notionis
1877 2911 2074 2952 occur-

504 3007 675 3062 reret,
707 2998 760 3052 id
786 3005 842 3052 et
866 2993 1110 3066 penitius
1157 2990 1502 3054 enucleabat,
1537 2996 1593 3044 et
1636 2988 1900 3042 latentem
1925 2984 1980 3039 in
2009 2996 2077 3039 eo

500 3105 730 3145 sensum
807 3087 1037 3156 spiritus
1112 3085 1291 3154 ipsum
1366 3079 1728 3137 illuminantis
1785 3075 2077 3147 splendore

504 3178 857 3242 illustrabat;
892 3175 1224 3242 tandemque
1250 3170 1692 3227 adhortationem
1724 3184 1791 3223 ex
1814 3165 2078 3236 Apostolo

500 3265 794 3320 commode
852 3263 1236 3327 concludebat,
1300 3262 1380 3317 sic
1418 3261 1670 3330 inquiens
1703 3275 1718 3312 :
1752 3254 2074 3320 Audivistis,

508 3360 759 3431 quidJob
777 3358 1138 3424 sustinuerit;
1170 3325 1231 3413 et»
1250 3325 1582 3427 cognovistis
1597 3367 1762 3422 quem
1790 3349 2074 3405 sibifiuem
2100 3325 2145 3386 (ἶ

510 3452 776 3508 Dominus
805 3449 1061 3503 habuerit
1084 3447 1406 3518 praefixum:
1439 3443 1586 3498 State
1626 3444 1788 3512 igitur
1831 3440 2079 3494 succincti

510 3543 711 3597 tumbas
740 3553 936 3596 vestros
965 3542 1018 3594 in
1051 3542 1272 3593 veritate
1298 3548 1345 3591 et
1372 3535 1595 3590 calceatl
1625 3533 1780 3605 pedes
1811 3534 1865 3586 in
1897 3532 2080 3587 Evan-

508 3634 642 3706 gelia
673 3635 837 3704 pacis,
867 3634 919 3686 in
940 3632 1179 3686 omnibus
1206 3637 1467 3684 sumentes
1489 3635 1694 3681 scutum
1726 3625 1869 3694 ﬁdei.
1892 3626 1944 3677 in
1974 3639 2077 3694 quo

434 3718 437 3721 λ
508 3725 713 3794 possitis
737 3723 841 3776 tela
881 3722 1182 3791 nequissimi
1208 3722 1361 3790 ignea
1381 3719 1706 3787 exstinguere
1724 3717 1791 3767 ".
1820 3713 2079 3767 Existimo

510 3816 648 3867 enim
680 3813 819 3883 quod
844 3829 948 3865 non
968 3820 1091 3864 sunt
1138 3810 1409 3879 condigna:
1439 3809 1706 3879 passiones
1736 3806 1892 3877 hujus
1946 3812 2079 3857 tem-

510 3907 651 3975 poris
672 3905 740 3956 ad
762 3905 997 3973 [utut-am
1021 3898 1247 3972 gloriam
1274 3916 1391 3971 qua:
1415 3896 1733 3953 revelabitur
1756 3898 1812 3950 in
1832 3895 1977 3949 nobis
1991 3896 2038 3926 "
2062 3911 2076 3947 :

509 3998 564 4050 id
590 3997 728 4049 enim
766 3994 906 4065 quod
932 3995 988 4046 in
1023 3994 1268 4063 pra‘senti
1299 3998 1373 4045 est
1402 3997 1828 4044 momentaneum
1855 3984 2079 4038 tribula-

511 4088 665 4139 tionis
689 4093 903 4147 noslrw,
940 4100 1103 4154 supra
1128 4083 1341 4136 modum
1394 4083 1448 4134 in
1472 4079 1795 4133 sublimitate
1825 4085 2082 4131 wternum

510 4178 693 4248 gloria:
720 4177 921 4247 pondus
956 4182 1207 4244 operatur
1244 4174 1297 4225 in
1356 4172 1531 4225 nobis:
1575 4187 1680 4223 non
1718 4166 2081 4238 contemplan-

511 4267 646 4318 tibus
680 4264 824 4318 nobis
891 4280 1008 4333 qua:
1053 4264 1314 4325 videntur,
1371 4260 1461 4314 sed
1503 4275 1618 4329 qua!
1666 4274 1770 4312 non
1806 4257 2081 4311 videntur:

2172 2079 2417 2150 Συμεὼν,
2461 2078 2530 2132 τὰ
2561 2078 2617 2131 δὲ
2647 2078 2881 2148 ὀφθέντα
2920 2079 3019 2149 τὴν
3070 2075 3237 2130 αὐτοῦ
3284 2063 3461 2147 ψυχὴν
3508 2075 3750 2146 ἀθυμίας

2173 2170 2411 2241 ἐπλήρου
2440 2188 2454 2202 ·
2521 2170 2615 2224 καὶ
2670 2169 3009 2237 συγκαλέσας
3069 2168 3195 2230 τοὺς
3258 2167 3525 2238 μαθητὰς,
3572 2168 3747 2237 Στῆτε

2172 2261 2455 2330 γενναίως,
2480 2260 2721 2328 ἀδελφοὶ,
2756 2260 2891 2330 πρὸς
2925 2260 3047 2322 τοὺς
3095 2257 3388 2327 μέλλοντας
3442 2258 3747 2327 ἐπάγεσθαι

2177 2354 2541 2423 πειρασμοὺς,
2571 2352 2675 2423 ἔφη
2760 2348 3150 2422 συγκεχώρηκε
3182 2349 3289 2420 γὰρ
3328 2351 3355 2402 ὁ
3387 2349 3589 2419 Κύριος
3621 2366 3749 2403 πει-

2180 2444 2446 2516 ρασθῆναι
2502 2444 2667 2514 ὑμᾶς,
2708 2441 2794 2496 ἴνα
2828 2441 2924 2495 καὶ
2968 2440 3350 2513 λαμπρότερον
3393 2440 3743 2514 στεφανώσῃ.

2174 2533 2255 2586 Τὰ
2291 2532 2435 2586 κατὰ
2485 2532 2575 2586 τὸν
2619 2529 2735 2584 Ἰὼϐ
2779 2532 2959 2585 τοίνυν
2994 2528 3173 2584 λαϐὼν
3196 2528 3344 2602 (ὅθεν
3392 2528 3575 2592 αὐτοῖς
3631 2529 3746 2601 ⁴ᾕδει

2175 2626 2269 2678 καὶ
2314 2626 2413 2696 τὴν
2468 2623 2746 2695 ὑπομονὴν
2796 2625 3083 2688 ἐπιτεῖναι,
3117 2624 3213 2675 καὶ
3267 2622 3364 2693 τὴν
3418 2620 3611 2677 ἐλπῖδα
3646 2624 3747 2694 τῆς

2175 2716 2379 2771 ἄνωθεν
2422 2716 2819 2787 παρακλήσεως
2848 2716 3201 2787 ἐπιρρῶσαι),
3236 2718 3333 2768 καὶ
3371 2716 3536 2769 πᾶσιν
3563 2717 3745 2779 αὐτοῖς

2178 2807 2334 2878 σιγὴν
2375 2806 2512 2877 ὁμοῦ
2543 2807 2638 2860 καὶ
2672 2805 2945 2878 προσοχὴν
2996 2806 3397 2878 παραγγείλας,
3423 2808 3487 2861 ἐκ
3555 2823 3745 2877 προοις

2180 2899 2319 2970 μίων
2367 2899 2527 2963 εὐθὺς
2575 2898 2899 2969 ἀρξάμενος,
2929 2898 3059 2970 ἄχρι
3097 2898 3285 2962 τέλους
3310 2899 3494 2962 αὐτοῖς
3545 2899 3748 2970 διεξῄει

2176 2990 2274 3061 τὴν
2311 2989 2489 3060 βίϐλον
2514 3009 2527 3023 ·
2566 2990 2620 3043 εί
2655 2989 2758 3044 πού
2787 3007 2838 3044 τι
2860 2990 2968 3042 τῶν
3018 2988 3405 3060 παροιμιωδῶν
3450 2989 3625 3060 τύχοι,
3652 2990 3751 3043 καὶ

2180 3080 2495 3153 βαθυτέρων
2532 3079 2784 3148 ἐπεξιὼν,
2818 3079 2913 3133 καὶ
2938 3090 3033 3132 τον
3059 3081 3116 3132 ἐν
3145 3080 3328 3142 αὐτοῖς
3366 3080 3748 3151 κρυπτόμενον

2176 3170 2255 3241 τῷ
2280 3171 2476 3241 φέγγει
2502 3170 2593 3223 τοῦ
2625 3171 2682 3223 ἐν
2715 3169 2865 3240 αὐτῷ
2897 3167 3214 3240 Πνεύματος
3237 3168 3465 3234 ἐκείνοις
3495 3170 3749 3241 διαφωτίε-

2180 3261 2310 3329 ζων,
2341 3260 2461 3316 εἶτα
2490 3264 2632 3315 κατὰ
2660 3262 2851 3332 καιρὸν
2879 3261 2945 3316 ἐκ
2971 3262 3068 3316 τοῦ
3110 3262 3430 3316 ’Δποστόλου
3479 3262 3737 3336 διεπερά-

2178 3371 2305 3407 νατο
2356 3352 2455 3425 τὴν
2508 3352 2830 3424 παραίνεσιν
2895 3352 3315 3421 αὖτοῖς,οὔτως
3368 3355 3537 3408 εἰπών
3567 3369 3582 3384 ⁸
3637 3356 3750 3427 Τὴν

2180 3446 2461 3517 ὑπομονὴν
2509 3445 2629 3499 Ἰὼϐ
2658 3444 2949 3515 ἠκούσατε,
2983 3445 3078 3498 καὶ
3108 3445 3170 3500 τὸ
3197 3445 3351 3509 τέλος
3380 3446 3585 3516 Κυρίου
3610 3447 3750 3500 είδε-

2178 3554 2238 3591 τε
2266 3555 2278 3568 ·
2313 3537 2501 3606 Στῆτε
2531 3533 2645 3593 οὖν
2674 3534 3130 3606 περιζωσάμενοι
3179 3537 3297 3606 τὴν
3332 3538 3537 3608 ὀσφὺν
3581 3538 3751 3609 ὑμῶν

2180 3631 2249 3683 ὲν
2271 3630 2540 3697 ἀληθείᾳ,
2571 3628 2667 3683 καί
2729 3627 3180 3699 ὑποδησάμενοι
3234 3630 3380 3696 τοὺς
3431 3631 3626 3698 πόδας
3678 3634 3749 3686 ἐν

2181 3722 2523 3791 Εὐαγγελίῳ
2551 3719 2660 3790 τῆς
2688 3721 2961 3790 εῑρήνης,
2998 3720 3097 3774 ἐπὶ
3127 3718 3318 3776 πᾶσιν
3342 3722 3751 3789 ἀναλαϐόντες

2179 3810 2287 3863 τὸν
2340 3810 2553 3877 θυρεὸν
2618 3807 2727 3875 τῆς
2790 3809 3065 3873 πίστεως,
3100 3808 3171 3861 ἐν
3196 3800 3245 3874 ᾧ
3287 3808 3634 3877 δυνήσεσθε
3678 3810 3749 3860 τὰ

2174 3901 2333 3967 ,βέλη
2392 3899 2497 3953 τοῦ
2551 3898 2820 3967 πονηροῦ
2855 3898 2927 3951 τὰ
2950 3899 3343 3966 πεπυρωμένα
3365 3899 3605 3955 σϐέσαι.
3637 3905 3749 3956 Aa”-
3776 3904 3783 3911 '

2179 3990 2402 4062 γίζομαι
2434 3989 2543 4059 γὰρ
2566 3989 2655 4044 ὅτι
2682 3992 2793 4044 οὐκ
2826 3988 2965 4053 ἄξια
3015 3989 3089 4042 τὰ
3134 3987 3451 4058 παθήματα
3480 3990 3587 4045 τοῦ
3632 3990 3752 4043 νῦν

2182 4082 2389 4149 καιροῦ
2416 4081 2564 4148 πρὸς
2590 4080 2707 4147 τὴν
2724 4081 3080 4149 μέλλουσαν
3106 4077 3299 4141 δόξαν
3316 4077 3751 4149 ἀποκαλυφθῆ-

2183 4190 2279 4227 rat
2307 4175 2393 4238 εἱς
2416 4171 2590 4241 ἡμᾶς’
2624 4173 2689 4227 τὸ
2711 4172 2821 4242 γὰρ
2842 4170 3176 4238 παραυτίκα
3203 4169 3472 4240 ἐλαφρὸν
3497 4169 3609 4239 τῆς
3627 4172 3758 4225 θλί-

2182 4271 2344 4337 ψεως
2376 4266 2543 4335 ἡμῶν
2576 4266 2707 4320 καθ’
2735 4266 3081 4333 ὑπερϐολὴν
3124 4267 3212 4331 είς
3251 4265 3599 4336 ὑπερϐολὴν
3626 4265 3755 4320 aleb-

511 4357 785 4425 qutBent'm
850 4355 1116 4411 videntur.
1177 4349 1494 4423 temporalia
1546 4362 1707 4415 sunt;
1748 4364 1867 4420 qua:
1908 4356 2071 4401 autem

2184 4374 2320 4411 νιον
2345 4356 2545 4425 ,ϐάρος
2590 4357 2773 4426 δόξης
2816 4356 3224 4427 κατεργάζεται
3259 4357 3405 4427 ἡμῖν
3438 4374 3453 4387 ο
3476 4357 3562 4427 μὴ
3607 4373 3761 4412 σκο-

513 4461 618 4499 non
638 4444 899 4510 uidentur,
921 4452 1117 4499 (eterna
1134 4444 1202 4498 ".

2185 4448 2459 4501 πούντων
2513 4446 2683 4516 ἡμῶν
2734 4448 2807 4500 τὰ
2874 4447 3243 4516 βλεπητμενα,
3308 4447 3469 4502 ἀλλὰ
3551 4448 3625 4503 τὰ
3669 4450 3757 4519 μὴ

2181 4539 2533 4607 βλεπόμενα
2556 4553 2568 4567 ο
2599 4540 2673 4593 τὰ
2727 4538 2836 4607 γὰρ
2879 4539 3233 4609 ,βλεπόμενα
3285 4538 3643 4609 πρόσκαιρα,
3683 4538 3763 4594 τὰ

2116 4647 2163 4706 ῃ
2188 4628 2258 4681 δὲ
2288 4629 2749 4699 μὴβ.1επόμενα
2786 4628 3013 4684 ultima.

586 4721 704 4778 l36.
732 4720 830 4775 His
850 4720 1013 4775 dictis
1040 4734 1106 4774 ex
1124 4717 1232 4773 imo
1254 4717 1420 4773 corde
1441 4716 1678 4787 graviter
1699 4714 2071 4785 ingemiscens.

2265 4720 2408 4791 ρλς’.
2439 4720 2669 4771 Ἔπειτα
2704 4721 2884 4790 μέντοι
2904 4719 3085 4789 βύθιόν
3109 4737 3162 4773 τι
3187 4720 3279 4773 καὶ
3312 4719 3449 4791 βαρὺ
3482 4719 3761 4785 στενάξας,

513 4813 780 4884 lacrymus
807 4826 1026 4882 quoque
1053 4810 1366 4865 admiscens
1395 4807 1708 4879 gemitibus,
1733 4805 1974 4872 Fratres,
2002 4807 2071 4860 in«

2190 4807 2269 4878 τῷ
2332 4808 2620 4878 στεναγμῷ
2650 4808 2705 4861 δέ
2736 4809 2973 4880 κεράσας
3026 4810 3121 4862 καὶ
3169 4808 3439 4880 δάκρυονσ
3481 4808 3762 4875 Ἀγώνων.

512 4903 655 4970 quit,
710 4909 925 4971 tempus
968 4899 1215 4955 certandi
1260 4906 1345 4951 est
1396 4913 1409 4947 :
1464 4896 1682 4965 vigilate
1730 4894 1934 4964 itaque,
1985 4909 2071 4950 “Et

2193 4896 2433 4965 ἀδελφοὶ,
2460 4897 2667 4968 καιρὸς,
2700 4899 2803 4969 ἔφη
2827 4914 2840 4928 ·
2875 4902 3194 4970 γρηγορεῖτε
3224 4895 3339 4963 οὖν,
3375 4897 3450 4969 μὴ
3481 4898 3614 4969 λάθῃ
3640 4899 3771 4952 τινὰ

515 4992 681 5047 lateat
726 5005 1058 5061 quemquam
1112 4987 1385 5051 diabolus,
1432 4987 1526 5055 qui
1567 4985 1945 5041 fraudulenter
1993 5000 2071 5040 vo:

2183 4991 2373 5055 δολίως
2408 4994 2435 5045 ὁ
2473 4994 2705 5063 πονηρὸς
2738 4993 3015 5058 δελεάσας.
3056 4994 3245 5047 Οἴδατε
3279 4995 3388 5064 γὰρ
3420 4995 3497 5057 ὡς
3545 4997 3578 5064 ἠ
3627 4994 3759 5047 ἐπ(-

516 5093 691 5139 toutat
738 5081 1163 5138 circumvenire.
1223 5079 1410 5134 Nostis
1452 5078 1656 5148 quippe
1694 5077 1842 5147 quod
1893 5077 2071 5132 domu:

2184 5099 2332 5151 γειος
2383 5082 2543 5153 ἡμῶν
2593 5084 2739 5137 οἰκία
2789 5086 2881 5138 τοῦ
2911 5087 3141 5156 σκήνους
3167 5084 3481 5156 λυθήσεται,
3509 5085 3622 5138 ἀλλ’
3661 5085 3768 5154 ηὑο

515 5174 858 5229 tabernaculi
904 5174 1103 5236 nostri,
1138 5187 1261 5241 qua:
1302 5185 1470 5241 super
1500 5178 1700 5223 terram
1736 5178 1841 5233 est,
1888 5168 2071 5223 dissol-

2190 5174 2483 5244 τρέπισται
2523 5176 2658 5245 ἡμῖν
2686 5176 3100 5247 ἀχειροποίητος
3131 5177 3189 5229 ἐν
3225 5175 3475 5247 οὐρανοῖς
3505 5177 3564 5227 ἐν
3608 5176 3767 5246 νόμῳ

512 5265 691 5321 venda
726 5266 832 5333 sit;
860 5264 958 5320 sed
990 5265 1175 5329 aliam,
1218 5278 1329 5317 non
1366 5260 1756 5324 manufactam,
1783 5260 2071 5330 repositam

2189 5262 2390 5335 δηλαδὴ
2420 5265 2626 5335 Κυρίου
2656 5268 3062 5338 πορευομένοις,
3097 5265 3225 5337 παρ’
3248 5266 3413 5320 αὑτοῦ
3449 5283 3506 5319 τε
3546 5266 3636 5318 τὸν
3667 5268 3772 5335 τῆς

514 5357 786 5413 habemus
836 5358 891 5412 in
923 5358 1078 5413 caelis
1131 5371 1268 5420 nos,
1318 5355 1411 5425 qui
1458 5354 1804 5408 ambulamus
1855 5353 1910 5406 in
1966 5352 2071 5421 lege

2190 5355 2418 5425 καρδίας
2445 5355 2638 5426 λύχνον
2669 5359 3077 5428 φωτιζομένοις,
3103 5357 3501 5411 κατευθύνοντα
3529 5356 3598 5410 τὰ
3630 5357 3775 5428 πρὸς

514 5448 754 5515 Domini,
793 5449 1135 5519 praeferentis
1166 5447 1423 5503 cordibus
1474 5445 1679 5500 nostris
1725 5444 1909 5498 lumen
1941 5444 2071 5513 ejus,

2191 5445 2401 5497 ἐκεῖνον
2456 5445 2614 5516 ἡμῶν
2662 5447 2973 5520 διαϐἡματα
2996 5464 3009 5479 ·
3046 5441 3115 5521 ἧς
3148 5447 3270 5517 ϐψις
3305 5463 3391 5518 μοι
3434 5447 3576 5501 κατᾶ
3610 5445 3775 5516 τήνδε

511 5540 659 5613 quod
704 5557 924 5611 gressus
964 5549 1184 5595 nostros
1229 5539 1429 5608 dirigat
1474 5536 1541 5591 ad
1596 5551 1653 5589 se
1713 5535 1947 5603 Hujusce
1982 5534 2071 5588 do-

2191 5534 2293 5605 τὴν
2325 5535 2495 5589 νύκτα
2522 5538 2706 5608 σαφῶς
2740 5540 2997 5612 ἐγνώρισε
3024 5540 3122 5611 τὴν
3149 5538 3428 5607 ἀνάϐασιν,
3467 5537 3563 5591 καὶ
3589 5537 3669 5600 είς
3704 5536 3778 5607 ἦν

580 5674 625 5703 ¹²
665 5675 859 5743 Epltes.
914 5693 985 5741 vr,
1036 5675 1220 5728 1446.
1312 5674 1353 5704 ³³
1395 5675 1549 5727 llum.
1594 5690 1707 5735 \‘lll,
1757 5670 1838 5724 18.
1914 5672 1958 5702 "‘
1989 5671 2071 5725 llt

2182 5713 2190 5723 .
2235 5689 2308 5740 tv,
2349 5674 2432 5742 l7,
2466 5674 2552 5730 18.
