4034 6186
335 263 474 330 3ιί3

1339 265 1512 327 \‘ITA
1549 265 1597 325 Α
1634 265 2073 328 NICEPHORO
2113 226 2598 328 coxscmPTA.

3471 267 3614 331 31H

337 382 640 452 πρόδρομοι,
695 378 851 452 ἡμῶν
904 378 1247 455 εἰσελήλυθεν
1294 387 1321 437 ὁ
1362 385 1645 453 ἀγαπητὸς
1698 385 1918 453 ἀδελφὸς

2030 404 2154 443 mus
2187 387 2325 442 visio
2375 387 2477 440 hac
2522 385 2636 454 ipsa
2698 384 2831 437 mihi
2871 393 3032 438 nocte
3082 384 3395 440 luculenter
3447 398 3612 441 mon-

348 479 622 547 Ὶωάννης,
664 471 726 529 οὗ
757 478 848 530 καὶ
877 478 991 548 βίον
1023 481 1116 532 καὶ
1152 482 1352 550 τρόπον
1394 479 1550 533 αὐτοὶ
1583 481 1800 544 πάντως
1826 483 1926 534 οὐκ

342 572 603 633 ἁγνοεῖτε,
635 569 685 621 οἱ
722 569 816 622 καὶ
871 570 1124 624 κοινωνὸν
1181 569 1275 623 τοῦ
1323 570 1462 623 κατὰ
1493 569 1624 623 Θεὸν
1671 570 1788 641 βίου
1837 573 1928 625 τὸν

335 663 506 731 ἄνδρα
559 661 940 730 πεποιημένοι,
983 663 1080 714 καὶ
1116 661 1226 714 τῶν
1276 663 1658 734 πνευματικῶν
1703 663 1929 732 ἀγώνων

337 752 686 820 συνάμιλλον.
721 753 954 806 Δέκατον
983 755 1110 826 γὰρ,
1138 755 1377 823 ἀδελφοὶ.
1413 755 1573 810 τοῦτο
1597 756 1715 819 ἔτος
1755 757 1929 828 ἀγρυ-

335 846 487 898 πνῶν
516 846 655 916 ὑπὲρ
689 846 796 898 τῶν
825 847 1106 916 ὑμετέρων
1145 847 1356 918 ψυχῶν,
1397 848 1490 902 καὶ
1527 849 1780 914 δεόμενος
1831 849 1924 904 τοῦ

335 937 470 989 Θεοῦ
515 938 652 1006 μετὰ
690 938 942 1010 δακρύων
967 940 1066 993 οὐκ
1098 941 1446 1010 ἐπαυσάμην,
1481 941 1557 1002 ὡς
1598 941 1755 1008 λόγον
1787 943 1922 994 tino-

333 1030 518 1084 δοῦναι
545 1031 752 1100 μέλλων
784 1033 923 1103 ὑπὲρ
955 1035 1111 1103 ὑμῶν
1132 1051 1145 1064 ·
1180 1037 1301 1088 ἐπεὶ
1343 1037 1436 1089 καὶ
1463 1036 1650 1090 τοῦτον
1678 1035 1790 1102 ἐγὼ
1828 1053 1924 1102 φοι

335 1119 538 1188 ϐοῦμαι
564 1122 654 1174 τὸν
693 1123 858 1190 φόβον
895 1125 1001 1186 ἀεὶ,
1037 1126 1111 1194 μὴ
1143 1127 1250 1178 τῶν
1274 1128 1543 1195 ἀφιέντων
1573 1128 1641 1181 τὰ
1673 1125 1922 1198 πρόϐατα

339 1213 626 1280 μισθωτῶν
669 1215 763 1267 καὶ
803 1217 1133 1283 φευγόντων,
1165 1213 1246 1281 οἷς
1278 1218 1433 1286 ὀλίγα
1465 1219 1620 1289 μέλει
1671 1219 1800 1288 περὶ
1827 1217 1923 1269 αύ-

333 1304 463 1365 τῶν,
503 1305 598 1357 καὶ
633 1307 694 1358 οὐ
725 1307 832 1359 τῶν
865 1308 1141 1377 ποιμένων
1184 1303 1265 1372 εἷς
1295 1310 1525 1381 εὑρεθῶ,
1557 1310 1666 1364 τῶν
1699 1310 1796 1363 καὶ
1821 1310 1924 1377 Qu-

335 1397 437 1466 χὴν
464 1398 633 1467 αὐτὴν
673 1399 844 1467 ἡδέως
869 1402 966 1469 τῆς
1001 1402 1234 1470 ποίμνης
1270 1403 1634 1472 προϊεμένων.

2028 478 2223 534 stravit
2251 492 2538 536 ascensum
2563 485 2812 530 nostrum
2836 492 2848 538 ;
2879 475 2933 528 iu
2962 491 3124 544 quam
3147 485 3203 530 et
3227 476 3509 546 ingressus
3531 484 3618 532 est

2029 573 2266 628 dilectus
2313 571 2484 626 frater
2526 570 2790 632 Joannes,
2831 567 3165 637 prodromus
3205 579 3422 636 noster;
3457 569 3619 640 cujus

2027 677 2085 722 et
2124 667 2292 720 vitam
2331 673 2386 718 ct
2435 678 2618 718 mores
2661 677 2762 717 vos
2815 661 2918 732 ipsi
2960 653 3224 732 ignorare’
3269 677 3617 732 nequaquam

2029 759 2283 829 potestis,
2336 757 2432 826 qui
2467 764 2522 810 et
2561 753 2886 825 participem
2937 754 3181 808 eqclestis
3232 754 3360 808 vitae
3413 753 3620 808 fecistis

2032 850 2211 914 illum,
2242 858 2298 903 ct
2320 848 2378 903 in
2409 846 2684 916 spirituali
2715 847 2962 917 palaestra
2995 845 3268 899 habuistis
3291 844 3624 916 commilito-

2032 956 2180 995 nem.
2233 940 2490 1008 Decimus
2525 939 2750 1008 quippe,
2797 938 2995 992 fratres
3026 937 3162 1000 mci,
3204 953 3383 992 annus
3419 937 3618 1007 agitur,

2023 1029 2172 1100 quod
2206 1030 2426 1100 vigilem
2479 1044 2580 1099 pro
2633 1029 2919 1082 animabus
2959 1027 3178 1093 vestris,
3217 1043 3317 1082 nec
3357 1025 3618 1081 desierim

2025 1137 2186 1178 orare
2218 1123 2387 1177 Deum
2414 1137 2540 1176 cum
2577 1121 2858 1193 lacrymis.
2894 1129 3151 1190 tanquam
3194 1120 3460 1175 rationem
3495 1117 3623 1172 red-

2026 1215 2247 1268 diturus
2284 1230 2383 1284 pro
2426 1213 2603 1268 vobis.
2635 1213 2906 1279 Quoniam
2942 1221 2999 1266 et
3034 1228 3136 1282 ego
3175 1227 3455 1281 nunquam
3508 1225 3621 1265 non

2028 1306 2124 1360 illo
2160 1308 2410 1360 ineessor
2438 1299 2656 1369 timore,
2686 1320 2755 1358 ne
2787 1305 3009 1359 illorum
3035 1320 3179 1357 unus
3211 1300 3618 1372 deprehendar,

2029 1399 2122 1467 qui
2149 1397 2398 1453 mercede
2424 1398 2706 1463 conducti,
2735 1397 2804 1452 de
2827 1397 3024 1452 ovibus
3051 1395 3276 1451 solliciti
3301 1410 3620 1465 perparum,

331 1489 554 1544 easdem
582 1490 868 1545 dimittunt
895 1502 1060 1562 atque
1088 1493 1337 1564 fugiunt;
1379 1512 1488 1550 non
1524 1508 1657 1550 vero
1689 1494 1911 1548 illorum
1950 1499 2260 1561 pastorum,
2292 1490 2386 1560 qui
2449 1489 2662 1544 animas
2726 1504 2855 1545 suas
2893 1506 2995 1561 pro
3025 1491 3404 1544 incolumitate
3434 1490 3620 1558 gregis

333 1582 418 1636 sui
453 1582 666 1636 lubenti
708 1584 892 1638 animo
920 1595 1153 1654 ponunt.

401 1674 537 1744 ρλζ’.
593 1675 756 1728 Ἀλλὰ
800 1681 866 1748 τῇ
908 1679 1136 1748 δυνάμει
1202 1681 1301 1750 τῆς
1347 1680 1554 1734 ἄνωθεν
1618 1680 1922 1752 βακτηρίας

335 1764 700 1836 ρωννύμενος,
731 1770 995 1835 γενναίως
1025 1771 1114 1823 τὸν
1148 1772 1289 1842 θῆρα
1329 1773 1489 1842 μέχρι
1522 1772 1658 1833 τέως
1705 1772 1799 1824 νῦν
1825 1772 1918 1839 ἀφ’

2102 1676 2225 1732 1⁵57.
2261 1674 2518 1730 Attamen
2567 1674 2795 1744 superni
2825 1675 3031 1729 virtute
3067 1674 3248 1729 baculi
3286 1677 3620 1733 corrobora-

2028 1775 2150 1833 tus,
2183 1781 2358 1836 usque
2384 1767 2437 1820 in
2466 1781 2708 1836 praesens
2738 1775 2956 1836 tempus
2983 1767 3158 1836 repuli
3196 1783 3226 1820 a
3269 1768 3426 1822 vobis
3453 1785 3622 1840 gene-

335 1855 490 1925 ὑμῶν
532 1859 855 1913 ditas-660w.
888 1859 1078 1914 Οἴδατε
1108 1864 1218 1932 γὰρ
1251 1864 1482 1926 ποσάκις
1517 1861 1672 1932 ὑμῶν
1711 1863 1772 1916 οὺ
1804 1862 1918 1916 δια-

2025 1874 2150 1913 rose
2181 1858 2351 1912 feram
2385 1857 2734 1912 infernalem.
2769 1857 2956 1912 Nostis
2990 1860 3138 1912 enim
3175 1859 3366 1930 probe,
3396 1861 3619 1931 quoties

334 1947 568 2004 θολῶσαι
605 1952 766 2020 μόνον
807 1954 1070 2026 ἐπειράθη
1101 1957 1188 2009 τὸν
1219 1957 1366 2023 νοῦν,
1403 1957 1498 2010 καὶ⁵
1537 1957 1673 2028 πρὸς
1722 1956 1918 2011 ἐπιθυ-

337 2043 466 2113 μίας
514 2044 785 2111 κοσμικὰς
840 2046 1067 2100 έλκῦσαι
1103 2049 1203 2101 καὶ
1248 2051 1632 2111 κατασπάσαι.
1666 2048 1804 2104 ἀλλὰ
1829 2048 1927 2103 καὶ

335 2134 725 2205 συλαγωγῆσαι
769 2138 865 2190 καὶ
911 2139 1214 2210 ύποκλέψαι
1252 2144 1344 2195 καὶ
1390 2144 1739 2197 παντάπασιν
1779 2143 1926 2212 ὑμᾶς

335 2227 628 2296 σκορπίσαι
655 2229 749 2280 καὶ
770 2229 1084 2300 διασπεῖραι
1105 2250 1119 2263 ο
1157 2234 1306 2304 ὅμως
1329 2235 1572 2305 ᾐσχύνθη
1592 2235 1682 2289 διά
1707 2235 1924 2288 πάντων

333 2319 822 2391 κα“ιάπεκρούσθη,
856 2323 1012 2376 οὐδὲν
1046 2325 1209 2379 πλέον
1257 2326 1357 2397 τῆς
1395 2328 1663 2398 τοσαύτης
1688 2329 1924 2399 σπουδῆς

333 2410 368 2482 ἢ
403 2413 609 2484 λύσσης
636 2416 920 2486 ὀνάμενος,
943 2419 1025 2471 ὅτι
1065 2421 1138 2491 μὴ
1174 2419 1234 2474 τὸ
1263 2421 1497 2490 φανῆναι
1537 2423 1699 2476 πλέον
1729 2424 1921 2486 κακὸς.

333 2505 394 2557 τὸ
424 2506 656 2574 μάλιστα
685 2507 900 2561 πάντων
939 2510 1089 2580 αὐτῷ
1129 2513 1571 2568 σπουδαιότατον.
1598 2514 1712 2567 Νῦν
1742 2514 1838 2568 οῦν
1873 2517 1922 2568 εἰ

333 2597 430 2648 καὶ
468 2596 542 2666 μὴ
583 2596 775 2668 πολλὴ,
804 2600 930 2670 μηδ’
986 2603 1080 2654 ἐπὶ
1111 2602 1269 2668 πολὺ,
1311 2603 1731 2676 συγκεχώρηται
1760 2606 1805 2660 δ’
1827 2602 1922 2660 οὗν

297 2676 302 2679 δ
332 2701 417 2748 τις
442 2686 590 2756 ὅμως
615 2689 765 2759 αὐτῷ
793 2691 916 2744 καθ’
944 2693 1104 2762 ἡμῶν
1135 2695 1358 2758 ἐξουσία
1379 2712 1394 2727 ο
1429 2698 1491 2749 οὐ
1523 2696 1630 2768 μὴν
1659 2697 1798 2752 ἀλλὰ
1826 2699 1922 2751 καὶ

335 2777 478 2830 κατὰ
540 2778 649 2831 τῶν
710 2782 941 2849 νηπίων,
991 2785 1128 2854 πρὸς
1187 2786 1244 2838 δὲ
1304 2788 1398 2840 καὶ
1464 2789 1574 2841 τῶν
1637 2790 1694 2841 ἐν
1747 2790 1918 2860 ἀρετῇ

334 2866 554 2932 ζώντων
612 2875 740 2943 παρ’
793 2867 868 2929 ὧν
915 2877 1117 2946 δηλαδὴ
1168 2880 1262 2932 καὶ
1303 2878 1504 2932 πλείων
1545 2882 1578 2950 ή
1621 2881 1806 2952 πληγὴ
1840 2881 1920 2950 τῷ

335 2959 612 3034 βασκάνῳ,
665 2967 759 3022 καὶ
813 2969 949 3038 πρὸς
999 2969 1094 3032 οὒς
1149 2971 1344 3042 ἐκείνῳ
1410 2973 1572 3026 πάλιν
1628 2975 1658 3026 ὁ
1724 2975 1920 3041 φθόνος

334 3058 829 3128 περιφανέστεροςο
859 3060 975 3114 ἀλλ’
996 3062 1096 3115 οὐκ
1127 3063 1416 3136 ἀποστήσῃ
1448 3066 1476 3118 ὁ
1501 3064 1920 3136 ὑπερασπιστὴς

337 3162 465 3218 μου,
492 3147 688 3220 Κύριε.

409 3394 544 3464 ρλτγ.
578 3391 711 3448 Εἶτα
759 3397 854 3449 καὶ
892 3395 1033 3449 αὐτὰ
1087 3399 1198 3461 τοίς
1243 3399 1516 3469 μαθηταῖς
1555 3398 1803 3470 ἐξηγεῖτο
1850 3401 1921 3454 τὰ

333 3484 620 3552 ὁραθέντα,
651 3486 977 3554 προσιόντας
1010 3486 1109 3555 μὲν
1138 3490 1258 3551 ταῖς
1293 3487 1523 3558 ούρανοῦ
1562 3489 1760 3552 πύλαις
1791 3491 1920 3554 τοὺς

334 3576 628 3640 ἐκλεκτοὺς
689 3577 954 3645 ἀγγέλους
1001 3579 1081 3642 είς
1125 3579 1498 3652 προσκύνησιν
1533 3581 1766 3636 ἐνώπιον
1822 3580 1917 3636 τοῦ

333 3667 492 3730 Θεοῦ,
518 3669 902 3738 παρεστηκότα
920 3670 976 3723 δὲ
1005 3670 1094 3722 τὸν
1121 3670 1388 3734 διάϐολον,
1417 3671 1647 3727 Αἰθίοπα
1667 3712 1682 3736 ,
1708 3655 1919 3727 σκοτεί-

335 3758 426 3812 νδν
462 3760 584 3812 ὅλον
607 3800 620 3814 .
652 3761 843 3830 ἀναιδῆ
876 3764 976 3832 τὴν
1008 3763 1150 3832 ὄψιν,
1192 3762 1351 3834 ῦὸριν
1391 3765 1652 3828 πνέοντα,
1685 3765 1919 3834 αἵματος

335 3851 472 3922 ὁμοῦ
511 3852 603 3904 καὶ
637 3852 805 3921 πυρὸς
833 3854 958 3914 τοὺς
996 3852 1308 3922 ὀφθαλμοὺς
1349 3855 1664 3920 ὑπόπλεων,
1700 3857 1800 3909 οὐκ
1825 3855 1917 3909 ἐπί

333 3961 480 4008 τινος
511 3945 636 4006 τοὺς
661 3945 826 4008 πόδας
851 3946 1074 4014 στερεοῦ
1095 3947 1388 4019 βεϐηκότα,
1419 3949 1556 4003 ἀλλὰ
1584 3951 1722 4003 κατὰ
1753 3951 1916 4020 μέσον

333 4037 497 4091 οἱονεὶ
529 4039 621 4090 τὸν
640 4038 797 4110 ἀέρα,
824 4037 1092 4109 βρύχοντα
1129 4041 1226 4110 μὲν
1255 4041 1486 4111 φοϐερᾶν
1514 4059 1566 4096 τι
1598 4044 1691 4096 καὶ
1714 4042 1918 4113 θηριῶο

329 4129 441 4192 δες,
490 4128 583 4182 καὶ⁵
632 4130 907 4192 κινοῦντα,
958 4133 1112 4202 φησὶ,
1153 4133 1249 4202 τὴν
1291 4134 1533 4206 κεφαλὴν
1594 4133 1715 4190 κατ’
1756 4135 1914 4208 ἐμοῦ,

331 4227 670 4297 ἀναμένοντα
698 4228 755 4282 δὲ
786 4231 935 4298 ὅμως
961 4233 1060 4294 τὰς
1091 4232 1416 4302 ἀποφάσεις,
1450 4235 1636 4304 φωνήν
1667 4251 1726 4288 τε
1765 4236 1919 4306 παρὰ

331 4318 543 4386 Κυρίου
561 4321 695 4388 πρῖς
719 4321 884 4373 αὑτὸν
900 4321 1208 4393 ἐνηνέχθαι,
1239 4325 1506 4390 Πάταξον,
1526 4325 1813 4396 λέγουσαν,
1843 4330 1914 4382 τὰ

329 4409 520 4462 παιδία
547 4412 802 4474 καὶτοὺς
843 4413 1044 4477 καλοὺς
1075 4414 1184 4468 τῶν
1227 4415 1554 4486 ἀνθρώπων,
1592 4421 1684 4472 τὸν
1719 4421 1776 4475 δὲ
1813 4423 1913 4485 ἀπ’

329 4499 468 4570 ἐμοῦ
493 4517 552 4552 τε
581 4501 854 4580 ἄρξασθαι
906 4503 1148 4572 πρώτου,
1179 4504 1432 4576 καθάπερ
1477 4507 1570 4560 ἐπὶ
1612 4507 1708 4562 τοῦ
1749 4509 1868 4564 ’Ῑὼϐ
1893 4526 1906 4541 ο

2031 1967 2144 2005 non
2177 1949 2341 2004 modo
2376 1949 2598 2004 turbare
2626 1959 2866 2004 mentem
2895 1959 3154 2015 vestram,
3179 1966 3410 2022 eamque
3441 1953 3509 2008 ad
3529 1970 3618 2010 re-

2029 2057 2151 2096 rum
2188 2040 2590 2096 mundanarum
2619 2040 2956 2096 desiderium
2988 2041 3206 2097 allicere
3238 2053 3402 2113 atque
3424 2031 3633 2100 detra?

2029 2133 2196 2198 here;
2223 2131 2320 2188 sed
2345 2133 2513 2186 etiam
2544 2132 2782 2202 spoliare
2807 2132 2978 2202 gratia
3005 2131 3189 2186 divina
3217 2148 3281 2188 ac
3307 2132 3613 2195 denudarc,

2027 2227 2140 2282 imo
2168 2235 2225 2282 et
2253 2242 2352 2282 vos
2383 2227 2532 2297 ipsos
2556 2227 2874 2297 dispergere
2900 2227 3126 2288 omnino
3147 2243 3212 2281 ac
3233 2227 3500 2296 dissipare
3524 2243 3617 2283 eo—

2025 2328 2190 2372 natus
2210 2317 2282 2372 sit
2310 2326 2725 2372 :verumtamen
2755 2315 3020 2371 confusus
3049 2317 3255 2388 ubique
3279 2326 3334 2372 et
3362 2319 3618 2388 repulsus

2025 2418 2144 2476 est;
2178 2411 2316 2465 nihil
2346 2409 2496 2464 aliud
2527 2409 2805 2464 commodi
2839 2425 2905 2463 ex
2948 2418 3100 2464 tanto
3135 2423 3336 2464 conatu
3361 2421 3419 2466 et
3462 2411 3615 2466 rabie

2026 2511 2248 2566 nactus,
2277 2516 2444 2569 quam
2480 2501 2630 2569 quod
2665 2510 2818 2554 tanto
2871 2502 3248 2570 perniciosior
3299 2505 3620 2574 apparuerit

2025 2601 2232 2661 quanto
2261 2592 2518 2646 adhibuit
2549 2593 2676 2662 plus
2699 2602 2954 2648 conatus.
2990 2593 3148 2648 Nunc
3180 2593 3366 2664 igitur,
3399 2596 3616 2649 tametsi

2023 2700 2136 2739 non
2175 2701 2368 2755 magna
2407 2700 2510 2740 nec
2554 2685 2682 2740 latis
2751 2685 3169 2755 circumscripta
3219 2687 3468 2742 terminis
3511 2687 3616 2758 ipsi

2021 2772 2255 2829 facultas
2278 2774 2513 2830 nocendi
2539 2775 2664 2830 data
2687 2775 2780 2840 sit,
2811 2777 2996 2846 aliqua
3025 2789 3207 2831 tamen
3239 2793 3499 2833 concessa
3531 2787 3619 2833 est

2022 2873 2214 2921 contra
2249 2882 2385 2932 nos;
2424 2881 2529 2921 nec
2561 2876 2772 2923 tantum
2805 2878 2998 2922 contra
3033 2869 3264 2935 tirones,
3316 2871 3411 2926 sed
3448 2870 3615 2926 etiam

2021 2965 2211 3012 contra
2243 2957 2367 3012 illos
2405 2957 2499 3028 qui
2541 2958 2595 3012 in
2631 2957 2722 3012 via
2767 2958 3034 3014 virtutum
3087 2962 3331 3030 provecti
3375 2971 3536 3028 sunt;
3583 2978 3616 3019 a

2021 3049 2230 3119 quibus
2262 3066 2461 3121 nempe
2485 3061 2543 3108 et
2571 3052 2791 3123 gravior
2836 3053 2994 3123 plaga
3029 3053 3218 3108 invido
3273 3054 3416 3109 hosti
3468 3053 3617 3109 infli-

2018 3141 2187 3212 gitur,
2224 3151 2281 3197 et
2323 3155 2517 3198 contra
2559 3160 2702 3215 quos
2754 3145 2872 3216 ipse
2905 3146 3150 3201 vicissim
3205 3148 3411 3202 invidia
3459 3147 3618 3204 ardet

1943 3235 1989 3298 C
2021 3233 2395 3291 manifestiore
2426 3253 2441 3289 :
2469 3236 2566 3292 sed
2599 3247 2680 3304 tu,
2713 3238 2966 3305 Domine,
3006 3250 3389 3312 propugnator
3423 3257 3603 3308 meus,

2022 3333 2150 3380 tuos
2172 3340 2284 3380 non
2320 3325 2614 3384 destitues.

2093 3418 2214 3472 1⁸58.
2257 3418 2467 3474 Deinde
2499 3428 2557 3475 et
2587 3435 2710 3491 quae
2729 3421 2946 3477 viderat
2975 3422 3266 3494 discipulis
3291 3426 3570 3481 enarravit
3595 3445 3609 3480 :

2019 3506 2226 3563 vidisse
2256 3525 2454 3579 nempe
2484 3512 2693 3566 electos
2732 3512 2830 3567 Dei
2857 3514 3101 3584 angelos,
3135 3514 3204 3569 ad
3239 3525 3428 3586 portas
3461 3519 3610 3581 cmli,

2021 3599 2194 3656 Deum
2225 3616 2387 3656 suum
2432 3601 2783 3666 adoraturos,
2817 3604 3080 3662 advolare
3111 3623 3125 3656 :
3167 3607 3367 3664 vidisse
3399 3619 3455 3664 et
3494 3611 3613 3664 dia-

2019 3690 2208 3746 bolum
2259 3703 2427 3758 stare,
2496 3694 2753 3750 indutum
2801 3694 3139 3768 IEthiopem,
3198 3701 3607 3758 tenebricosum

2020 3793 2219 3850 totum,
2253 3785 2393 3842 facie
2417 3786 2746 3852 deformem,
2791 3790 3097 3846 calumnias
3123 3791 3445 3861 spirantem,
3483 3810 3611 3850 san-

2019 3872 2184 3942 guine
2222 3873 2380 3944 juxta
2408 3883 2466 3930 et
2510 3875 2635 3946 igne
2683 3876 2861 3932 oculis
2901 3877 3194 3942 suffusum,
3245 3879 3382 3934 nulli
3430 3881 3608 3943 fulcro

2019 3961 2255 4031 pedibus
2289 3963 2563 4030 innixum,
2588 3964 2684 4020 sed
2717 3965 2904 4020 medio
2929 3966 3098 4022 veluti
3134 3983 3263 4023 aere
3293 3970 3606 4026 consisteno

2020 4060 2151 4117 tem,
2212 4055 2540 4110 horribilem
2584 4055 2939 4127 ferarumque
2989 4060 3046 4111 in
3090 4057 3312 4113 modqu
3359 4059 3602 4116 fremen-

2018 4151 2165 4212 tem;
2196 4144 2291 4214 qui
2342 4160 2614 4201 converso
2660 4155 2854 4202 contra
2898 4163 3009 4209 me,
3048 4148 3353 4220 inquiebat,
3401 4151 3602 4221 capite,

2015 4251 2345 4307 responsum
2389 4237 2614 4307 aliquod
2649 4237 3109 4309 praestolabatur;
3141 4255 3332 4295 vocem
3360 4251 3544 4296 autem
3571 4257 3603 4296 a

2015 4328 2250 4386 Domino
2276 4329 2540 4399 allapsam
2581 4344 2726 4396 esse,
2757 4330 3037 4387 dicentem
3068 4351 3081 4386 :
3116 4332 3349 4388 Percute
3398 4349 3603 4403 pueros

2014 4429 2070 4475 et
2099 4419 2457 4477 formosiores
2495 4437 2776 4494 quosque;
2824 4423 2976 4478 illum
3033 4439 3165 4478 vero
3210 4425 3456 4498 petiisse,
3493 4424 3601 4481 sibi

2017 4517 2080 4563 ut
2109 4509 2304 4564 liceret
2337 4525 2367 4564 a
2403 4525 2513 4576 me,
2546 4513 3012 4584 quemadmodum
3040 4515 3172 4569 olim
3201 4531 3230 4570 a
3263 4527 3452 4572 saneto
3471 4516 3598 4576 Job.

327 4587 605 4653 αἰτοῦντα,
637 4575 730 4644 καὶ
754 4590 814 4643 τὸ
834 4591 1116 4660 ἐνδόσιμον
1145 4587 1234 4648 οἵα
1271 4575 1638 4666 λαμϐάνοντα.
1673 4599 1858 4660 Ταῦτα
1883 4603 1912 4661 6

2022 4601 2306 4657 exordium
2339 4618 2595 4671 sumere;
2623 4605 2900 4676 simulque
2937 4606 3262 4670 vestimenta
3293 4609 3600 4678 apprehen-

329 4675 432 4746 μὲν
461 4679 571 4740 τοῖς
599 4679 848 4746 ἁδελῃοῖς
880 4679 1157 4751 ἐξηγεῖτον
1193 4685 1223 4738 ὁ
1261 4685 1455 4755 ἐχθρὸς
1487 4687 1544 4742 δὲ
1582 4687 1684 4742 ούκ
1715 4689 1911 4760 ἠμέλει

2022 4691 2178 4754 jisse.
2209 4694 2404 4752 Isthaae
2431 4705 2659 4754 sanetus
2689 4675 2915 4767 quidem
2962 4700 3224 4754 narrabat
3274 4675 3544 4757 fratribus
3577 4719 3592 4756 :

327 4769 548 4835 κακίας,
581 4770 696 4830 ἀλλ’
726 4771 907 4826 ἔπεισι
947 4775 1072 4828 κατ’
1103 4775 1271 4837 αὐτοῦ
1313 4779 1538 4848 μεγάλῳ
1576 4780 1909 4853 βρυχήματι,

325 4861 424 4915 καὶ
470 4861 570 4926 τὴν
612 4863 944 4935 δερματίνην
996 4867 1075 4931 ὡς
1113 4863 1226 4939 εἶχε
1264 4869 1520 4942 μηλωτήν
1567 4873 1788 4939 ὑποδὺς,
1825 4875 1912 4931 ἵνα

327 4954 424 5006 καί
448 4953 828 5026 σφοδρότερον.
848 4959 924 5021 ὡς
942 4957 1102 5030 ᾤετο,
1133 4962 1460 5036 περιτρέψῃ,
1479 4965 1678 5037 πάσχει
1712 4966 1912 5038 μᾶλλον

324 5043 356 5099 δ
378 5044 513 5118 δρᾷν
558 5049 588 5109 ὁ
625 5049 853 5118 μάταιος
883 5050 1102 5122 ἤλπισε,
1126 5055 1221 5108 καὶ
1249 5054 1485 5124 χαλεπὸν
1503 5057 1672 5123 αὐτὸς
1703 5059 1904 5132 πτῶμα

327 5138 698 5210 κατενεχθεὶς,
735 5140 911 5213 ᾤχετο
933 5143 1206 5211 διαλυθεὶς
1248 5147 1340 5202 τσα
1386 5150 1601 5221 καπνῷ,
1645 5151 1905 5226 πώγωνος

323 5229 492 5300 ψαύει
525 5231 687 5302 μόνον
706 5235 808 5298 τὰς
839 5235 1032 5307 τρίχας
1061 5238 1350 5312 περιελὼν,
1379 5241 1475 5298 καὶ
1494 5243 1699 5314 γυμνὸν
1726 5248 1906 5301 ἰκεῖνο

322 5321 390 5376 τὺ
420 5323 585 5394 μέρος
615 5325 751 5381 ὅπου
783 5325 985 5399 δηλαδὴ
1011 5328 1275 5399 ψαύσειεν
1314 5335 1689 5404 ἀπολελοιπώς
1710 5356 1726 5374 ο
1772 5341 1910 5396 ἀλλὰ

2011 4784 2186 4842 hostis
2217 4803 2351 4844 vero
2393 4789 2602 4845 nullam
2637 4790 3018 4847 malefaciendi
3060 4792 3406 4850 occasionem
3453 4809 3595 4866 prte-

2011 4879 2430 4940 termittendam
2464 4892 2641 4950 ratus,
2677 4899 2876 4955 magno
2910 4900 3036 4940 cum
3069 4885 3293 4942 fremitu
3341 4887 3396 4943 in
3437 4887 3594 4944 illum

2012 4968 2196 5034 irruit,
2224 4973 2652 5046 pelliceamque,
2685 4984 2748 5032 ut
2785 4985 3025 5048 poterat,
3057 4978 3316 5042 melotem
3357 4979 3589 5036 subiens

2013 5077 2125 5134 quo
2139 5064 2548 5132 vehementius,
2572 5068 2650 5124 uti
2670 5069 2921 5140 putabat,
2941 5071 3122 5142 ipsum
3143 5081 3448 5142 everteret;
3476 5087 3596 5146 pas-

2013 5169 2109 5210 sus
2140 5155 2329 5226 potius
2370 5157 2426 5214 id
2452 5159 2633 5230 ipsum
2659 5160 2828 5216 miser
2851 5147 2964 5228 est,
2993 5163 3142 5231 quod
3172 5163 3378 5220 inferre
3407 5165 3594 5238 spera?

2011 5245 2140 5309 bat:
2173 5247 2534 5322 deiectusque
2558 5252 2713 5325 gravi
2743 5268 2874 5314 casu
2923 5254 3082 5319 abiit,
3106 5256 3264 5327 quasi
3294 5257 3350 5318 in
3377 5256 3593 5320 fumum

2011 5337 2331 5396 resolutus:
2366 5341 2688 5414 evulsisque
2719 5351 2929 5398 tantum
2959 5345 3248 5418 prehensa:
3275 5347 3462 5412 barbas
3485 5348 3595 5406 eri-

320 5415 423 5507 tsi.
448 5415 607 5471 τοῦτο
651 5419 856 5490 κόσμος
901 5421 1078 5482 ἑδόκει
1112 5421 1189 5494 τῷ
1233 5425 1478 5496 Συμεὼν,
1506 5424 1682 5502 ἧτταν
1705 5434 1905 5506 ἀγεννῆ

2022 5426 2196 5494 nibus,
2217 5430 2528 5492 membrum
2559 5433 2696 5495 illud
2721 5433 2873 5505 quod
2918 5415 3170 5507 tetigerat
3205 5435 3416 5494 nudum
3463 5437 3592 5494 reli-

321 5503 420 5561 ωὗ
450 5507 750 5568 ἀντιπάλου
781 5512 1004 5583 μηνῦον.
1894 5503 1902 5506 ’

2022 5518 2151 5588 iuit.
2177 5519 2286 5578 Sed
2320 5532 2380 5580 et
2426 5523 2535 5582 hoc
2558 5503 2782 5589 summo
2817 5527 2921 5582 sibi
2969 5503 3299 5586 ornamento
3335 5527 3591 5584 vertebat

2006 5607 2267 5679 Symcon.
2343 5621 2534 5683 utpote
2589 5616 2932 5688 patefaciens
2978 5619 3188 5674 mundo
3264 5612 3594 5676 indecentia-

2005 5699 2313 5760 adversarii
2355 5707 2694 5766 conﬂictum.

567 5800 580 5807 -
642 5775 914 5842 PATROL.
963 5785 1077 5845 Gn.
1127 5787 1440 5850 LXXXVI.

3099 5805 3173 5866 98
