4034 6186
1231 249 1406 311 VITA
1447 251 1492 308 A
1528 246 1964 308 NICEPHORO
2003 243 2488 304 CONSCRIPTA.

3367 236 3508 303 3118

242 373 302 440 τῇ
344 368 416 437 γῇ
452 362 546 416 καὶ
608 358 762 427 δῲεις
815 357 1054 427 ἐρείσας,
1102 357 1162 408 οὐ
1223 357 1488 425 πρότερον
1537 355 1820 423 ἀνίστησιν

1935 361 2079 406 tosos
2131 349 2445 404 eﬂ‘unalens.
2491 347 2725 416 genibus
2757 361 2817 399 ac.
2878 346 3015 400 facie
3066 346 3219 400 humi
3282 347 3505 415 positis,
3554 401 3566 410 ,

245 421 446 520 ὲᾶυέδζ),
480 455 586 517 ἐως
625 421 944 524 ἁρπαγέντα
995 452 1061 517 τῇ
1102 421 1328 517 δυνάμει
1355 421 1448 500 τοῦ
1507 421 1821 514 Πνεύματος

247 557 355 618 ἴδοι,
384 550 632 620 ἀγγέλων
662 563 721 598 τε
749 543 955 612 πλῆθος
994 543 1121 612 περὶ
1147 543 1326 601 αὐτὸν,
1362 540 1455 593 καὶ
1482 539 1670 608 ὥσπερ
1703 536 1822 590 κατ’

245 647 412 700 ἐκεῖνο
454 643 551 710 τῆς
589 636 866 706 Ἀντιόχου
916 632 1333 703 κατενεχθέντα,
1372 631 1506 683 καθὸ
1551 626 1825 680 πενθοῦσα

243 736 369 806 φεῦί
405 737 438 805 ἡ
468 733 619 793 πόλις
687 730 772 798 είη
809 729 876 782 τὰ
921 727 1175 796 φίλτατα.
1213 727 1322 777 Καὶ
1381 724 1456 785 ὡς
1509 721 1669 785 αὐτὸς
1727 721 1826 791 μὲν

245 829 372 898 πρὸς
428 825 690 885 ἀνατολὰς
744 821 917 883 ἐστὼς
944 818 1304 890 προσεύΞαιτο
1326 816 1456 888 περὶ
1503 817 1698 885 αὐτῆς,
1730 815 1827 884 οὐχ

245 919 378 991 ὑπὲρ
411 918 631 985 ἁπάσης
664 916 719 968 δέ
754 915 850 983 τῆς
899 914 1109 973 πόλεως
1143 910 1390 963 ἀνύσειεν
1422 911 1454 977 ἠ
1504 909 1664 978 εὐχὴ,
1707 905 1828 959 ἀλλ’

246 1014 413 1064 ἐκεῖνο
444 1010 540 1079 μὲν
573 1008 635 1059 τὸ
671 1006 838 1075 μέρος
878 1005 1042 1067 εὐθὺς
1097 1001 1484 1069 ἀπαλλαγῆναι
1531 1000 1627 1067 τῆς
1671 999 1830 1050 ἀπει-

245 1104 335 1173 λῆς
362 1122 372 1133 ·
412 1099 712 1170 μεταὸἦναι
735 1098 793 1150 δὲ
827 1097 970 1148 κατᾶ
1003 1094 1355 1165 μεσημϐρίαν
1387 1093 1478 1145 τὸν
1505 1089 1828 1160 όλοθρεύον-

245 1209 328 1252 τα,
365 1193 457 1242 καὶ
516 1189 712 1258 θρῆνον
765 1183 923 1248 αὖθις
978 1186 1178 1252 ἁθρόον
1233 1183 1444 1237 ἐκεῖθεν
1507 1181 1824 1251 ἐγερθῆναι,

246 1280 484 1351 κραυγὴν
519 1278 949 1349 συντρίμματος,
980 1279 1074 1329 καὶ
1103 1275 1332 1328 κοπετὸν
1369 1275 1462 1327 καὶ
1488 1274 1633 1334 οὐαὶ,
1662 1270 1828 1340 μηδὲν

247 1374 334 1427 τοῦ
369 1373 635 1443 προτέρου
685 1370 1011 1437 λειπόμενοι,
1043 1367 1120 1430 ὡς
1163 1367 1324 1430 αὐτὸς
1355 1369 1421 1437 τῇ
1466 1364 1640 1434 μητρὶ
1675 1379 1830 1433 τηνι-

248 1465 418 1518 καῦτα
470 1465 563 1516 καὶ
612 1464 725 1525 τοῖς
773 1459 1041 1531 παροῦσιν
1109 1462 1138 1512 6
1198 1458 1343 1520 θεῖος
1434 1453 1662 1527 Συμεὼν
1743 1452 1834 1519 ἐξ·

247 1555 448 1622 ηγεῖτο.

313 1645 464 1715 ρμβ’.
487 1641 644 1696 Κατὰ
673 1641 836 1704 πόδας
866 1641 923 1694 δέ
946 1641 1094 1714 καὶὴ
1128 1639 1283 1702 πόλις
1304 1637 1454 1710 πρὸς
1478 1637 1640 1691 αὐτὸν
1670 1632 1831 1699 αὖθις

1925 458 2037 495 non
2073 443 2226 510 prius
2270 455 2328 493 se
2357 439 2577 497 levavit.
2611 453 2775 507 quam
2804 446 2958 490 extra
2992 452 3049 490 se
3099 437 3338 506 Spiritus
3391 437 3510 492 vir-

1928 544 2044 588 tute
2093 542 2307 600 raptus,
2375 531 2606 585 vidisset
2695 529 3110 584 multitudinem
3174 531 3512 601 angelorum

1929 629 2240 697 cingentem
2271 641 2349 690 se,
2373 634 2431 679 et
2480 624 2675 678 eodem
2713 622 2868 693 quasi
2934 633 3184 692 tempore
3243 624 3299 677 in
3361 624 3510 678 illam

1929 719 2286 780 descendere,
2308 735 2416 788 quo
2454 719 2585 772 urbs
2615 717 3026 772 lmnentabatur
3049 717 3512 771 charissimorum

1925 815 2219 884 jacmram.
2261 813 2368 867 Sed
2401 813 2545 867 sicut
2600 813 2716 882 ipse
2772 812 2837 866 ad
2888 812 3160 866 orientem
3210 825 3517 865 conversus

1931 906 2334 976 deprecabatur
2367 921 2463 974 pro
2494 905 2630 974 ipsa,
2670 905 2748 958 sic
2778 920 2885 958 non
2917 919 3020 973 pro
3049 906 3306 959 universa
3371 905 3512 958 urbe

1932 999 2249 1068 deprecatio
2276 997 2533 1052 exaudita
2561 1004 2668 1059 est,
2713 1013 2906 1061 verum
2934 997 3048 1052 sola
3089 997 3180 1050 illa
3224 997 3516 1051 orientalis

1932 1106 2078 1160 pars,
2117 1091 2282 1143 minis
2327 1089 2510 1143 statim
2552 1090 2920 1152 cessantibus,
2975 1090 3226 1158 periculo
3277 1089 3515 1144 subduci

1929 1183 2046 1236 visa
2076 1191 2179 1236 est.
2213 1182 2419 1236 Deinde
2454 1181 2518 1235 ad
2541 1182 2831 1235 meridiem
2857 1183 3054 1236 transit
3109 1197 3346 1251 nequam
3399 1183 3516 1253 spi-

1933 1275 2108 1340 ritus;
2147 1289 2210 1328 ac
2271 1283 2496 1344 repente
2558 1274 2742 1344 gravis
2792 1275 3066 1344 planctus,
3123 1276 3250 1329 inde
3287 1275 3516 1342 clamor,

1934 1368 2298 1421 contritiones
2327 1375 2382 1421 et
2407 1366 2645 1436 eiulatus
2680 1374 2736 1419 et
2782 1382 2882 1431 vae,
2915 1366 3093 1420 nihilo
3131 1382 3294 1436 quam
3361 1365 3519 1437 prius

1936 1458 2333 1523 tolerabiliora,
2407 1457 2644 1511 excitata
2696 1466 2858 1521 sunt;
2915 1458 3061 1512 sicut
3113 1457 3231 1528 ipse
3277 1457 3520 1530 Symeon

1933 1552 2093 1608 matri
2129 1567 2241 1605 sua:
2263 1549 2496 1618 aliisque
2525 1551 2888 1618 praesentibus
2947 1559 3079 1605 tunc
3128 1551 3434 1605 enarravit.

2007 1644 2127 1698 143.
2165 1642 2455 1711 Extemplo
2477 1649 2662 1694 autem
2689 1640 2862 1695 eﬂusa
2904 1641 3122 1706 civitas,
3141 1643 3210 1696 ad
3263 1651 3515 1697 sanctum

459 1734 736 1796 πενθικοῖς
766 1733 842 1795 ὼς
882 1711 1093 1804 πρώην*
1122 1733 1216 1785 καὶ
1267 1733 1508 1800 σχήμασι
1554 1731 1650 1782 καλ⁵
1683 1728 1830 1798 βαδί-

1935 1735 2118 1791 denuo
2167 1734 2425 1796 recurrit,
2481 1733 2673 1798 ﬂebili,
2729 1742 2788 1787 ut
2842 1733 3147 1802 quondam,
3205 1734 3391 1803 specie
3456 1748 3520 1787 ac

251 1843 436 1894 σμασι,
459 1823 760 1894 ποιουμένη
791 1822 1022 1876 κοπετὸν
1051 1821 1126 1884 ὡς
1150 1820 1484 1891 δρακόντων,
1509 1819 1605 1874 καὶ
1634 1818 1830 1882 πένθος

249 1917 318 1980 ὡς
368 1916 681 1986 θυγατέρων
731 1916 1017 1985 σειρήνων.
1068 1913 1548 1983 ΙΙεριπαθέστερον
1583 1912 1828 1980 τοίνυνὴ

247 2012 365 2066 ὁσία
396 2011 490 2065 τοῦ
530 2012 681 2064 ὁσίου
719 2011 900 2081 μήτηρ
924 2007 1248 2069 διατεθεῖσα,
1279 2007 1372 2060 καὶ
1404 2007 1603 2077 μᾶλλον
1633 2004 1831 2075 ἑαυτῆς

249 2105 307 2159 τὸ
335 2105 504 2168 πάθος
525 2105 558 2176 ἢ
587 2105 808 2157 ἐκείνων
830 2099 968 2155 εἶναι
993 2098 1285 2170 νομίσασα,
1309 2099 1480 2152 δεῖται
1509 2098 1602 2150 τοῦ
1625 2098 1828 2150 οἰκείου

251 2198 408 2253 πάλιν
449 2197 640 2258 παιδὸς
669 2197 765 2266 οὐχ
795 2194 1004 2258 ἁπλῶς,
1042 2193 1178 2247 ἀλλὰ
1209 2195 1535 2262 στεναγμοῖς
1579 2191 1691 2264 πῦρ
1726 2194 1830 2261 ἀφ’

253 2293 397 2354 ιεῖσι,
434 2292 527 2343 καὶ
555 2289 837 2361 δάκρυσιν,
880 2288 942 2340 οὐ
974 2287 1193 2357 κάμψαι
1228 2286 1410 2356 μόνον,
1439 2285 1576 2338 ἀλλὰ
1613 2285 1707 2338 καὶ
1736 2286 1835 2353 τῆ-

253 2384 336 2449 ξαι
387 2381 616 2450 καρδίαν
666 2379 784 2433 υἱοῦ
829 2380 1173 2451 δυναμένοις,
1214 2379 1490 2448 ἐπαμῦναι
1531 2378 1831 2447 κάμνουσιν

254 2477 430 2538 αὐτοῖς
460 2475 515 2528 εί
540 2492 626 2537 τις
655 2473 902 2545 δύναμις.
950 2474 1008 2526 ὐ
1032 2473 1089 2526 δὲ
1111 2473 1211 2543 τῆς
1245 2471 1504 2544 συνήθους
1528 2472 1667 2543 πρὸς
1699 2471 1833 2524 Θεὸν
1862 2502 1867 2507 -

252 2570 341 2621 καὶ
375 2567 535 2621 πάλιν
559 2567 724 2636 εὐχῆς
753 2565 1011 2636 ἐχόμενος
1039 2561 1130 2637 ἦν,
1165 2565 1262 2618 καὶ
1306 2564 1405 2634 τῆς
1442 2566 1635 2634 ὁμοίας
1673 2563 1832 2625 αὖθις

251 2659 425 2730 ὅψεως
455 2658 794 2728 ἀξιούμενος.
841 2657 905 2711 Ἢ
934 2657 991 2710 δὲ
1017 2653 1085 2728 ἦν
1105 2673 1119 2688 ·
1161 2656 1384 2728 ἁρπαγὴ
1421 2657 1520 2727 μὲν
1549 2655 1714 2709 αὑτοῦ
1739 2656 1834 2708 καὶ

252 2752 412 2806 πάλιν
435 2751 512 2821 τῷ
532 2749 828 2820 Πνεύματι,
859 2749 953 2802 καὶ
977 2747 1202 2812 κάθοδος
1235 2750 1328 2801 ἐπὶ
1351 2750 1450 2817 τὴν
1472 2748 1612 2802 κατὰ
1640 2747 1833 2801 Σελεύ-

254 2861 401 2898 κειαν
428 2841 623 2913 πύλην,
654 2841 970 2910 ἀποστροφὴ
1001 2839 1057 2892 δέ
1076 2837 1170 2891 τοῦ
1196 2837 1576 2912 ὀλοθρεύοντος
1600 2838 1831 2906 ἐκεῖθεν,

254 2937 346 2989 καὶ
376 2935 516 2988 κατὰ
541 2933 642 3003 τῆς
674 2931 842 3003 μονῆς
874 2930 968 2984 τοῦ
999 2931 1156 2999 ἁγίου
1188 2930 1390 3000 μᾶλλον
1419 2931 1562 3002 ὁρμή
1590 2947 1604 2962 ο
1631 2929 1837 3002 ἅμιλλά

1935 1827 2176 1891 incessu,
2203 1826 2357 1880 ciens
2386 1825 2719 1896 ejaculatum
2743 1834 2805 1878 ut
2831 1825 3160 1891 draconum,
3199 1836 3252 1880 et
3305 1826 3515 1881 luctum

1933 1919 2076 1973 sicut
2089 1916 2211 1972 lilia:
2228 1915 2702 1972 sirenum.Sancta
2715 1932 2847 1970 vero
2869 1914 3158 1988 Symeonis
3177 1927 3348 1972 mater
3365 1918 3518 1988 gravi

1933 2010 2124 2065 dolore
2174 2009 2389 2074 aﬂ‘ecta,
2435 2023 2710 2077 suumque.
2762 2009 2937 2063 multo
2999 2009 3339 2064 acerbiorem
3396 2026 3522 2065 sen-

1934 2117 2056 2156 sum
2107 2115 2227 2155 esse
2258 2116 2420 2170 quam
2459 2100 2676 2154 illorum
2711 2110 2848 2164 rata,
2879 2099 3080 2154 iterum
3125 2099 3238 2155 ﬂlio
3277 2117 3377 2155 suo
3407 2117 3516 2156 non

1933 2206 2098 2262 prece
2121 2191 2384 2261 simplici,
2407 2189 2501 2244 sed
2526 2189 2825 2260 gemitibus
2857 2189 3122 2244 scintillas
3147 2191 3335 2260 igneas
3357 2191 3519 2245 emit-

1933 2281 2197 2343 tentibus,
2234 2280 2622 2352 lacrymisque,
2665 2295 2777 2334 non
2826 2279 3050 2335 ﬂectere
3097 2282 3284 2347 modo,
3320 2297 3515 2336 verum

1933 2376 2098 2430 etiam
2144 2374 2357 2444 liquare
2389 2387 2485 2426 cor
2525 2371 2621 2425 filii
2663 2373 2997 2437 valentibus,
3036 2372 3329 2442 supplicat,
3370 2383 3431 2429 ut
3471 2376 3518 2429 si

1933 2482 2043 2536 quo
2066 2465 2232 2520 modo
2260 2463 2452 2535 possit,
2474 2471 2764 2518 succurrat
2793 2461 3256 2533 periclitantibus.
3292 2464 3375 2519 Ad
3404 2466 3519 2521 Ιταιο

1936 2556 2172 2625 Symeou
2225 2562 2546 2609 consuetam
2600 2553 2814 2623 pridem
2857 2553 3167 2608 orationem
3208 2571 3518 2622 resumens,

1933 2647 2099 2703 simili
2152 2662 2370 2701 rursum
2415 2645 2628 2701 visione
2680 2644 2936 2715 dignatus
2982 2645 3106 2700 fuit.
3165 2647 3296 2702 Erat
3334 2658 3518 2703 autem

1934 2740 2202 2812 ejusmodi
2235 2757 2247 2793 :
2276 2740 2487 2810 Raptus
2522 2739 2706 2794 denuo
2752 2739 2808 2791 in
2854 2739 3112 2793 exstasim
3148 2739 3523 2796 descendebat

1933 2848 2127 2886 versus
2160 2832 2331 2896 illam,
2361 2848 2483 2902 qua:
2517 2831 2826 2886 Seleuciam
2852 2835 3096 2903 respicit,
3127 2847 3342 2905 portam
3371 2857 3385 2892 :
3417 2840 3524 2906 spi-

1936 2925 2077 2979 ritus
2103 2935 2285 2979 autem
2314 2934 2578 2990 vastator,
2611 2926 2739 2982 inde
2782 2925 2963 2999 fugam
2995 2930 3288 3000 arripiens,
3331 2944 3523 2988 contra

253 3044 310 3080 τε
343 3027 472 3098 περὶ
504 3025 674 3094 αὐτῆς
712 3025 934 3094 ἀμφοῖν,
983 3022 1224 3093 πλευρᾶς
1259 3023 1528 3092 ἑκατέρας
1569 3023 1832 3092 ἐπειλημ-

1938 3018 2333 3073 monasterium
2366 3019 2538 3074 sancti
2571 3022 2935 3075 convertebat
2973 3022 3276 3094 impetum;
3307 3024 3375 3080 de
3410 3042 3522 3095 quo

257 3120 449 3192 μένων,
478 3120 572 3172 καὶ
596 3117 689 3171 τοῦ
722 3116 821 3187 μὲν
847 3117 995 3177 ὅπως
1024 3116 1089 3169 ἂν
1118 3115 1305 3179 κακῶς
1346 3115 1555 3186 διαθείη
1596 3116 1832 3184 φιλονει-

254 3211 493 3274 κοῦντος,
525 3209 618 3262 τοῦ
656 3209 713 3262 δὲ
744 3209 891 3271 ὅπως
934 3207 1001 3262 ἂν
1037 3206 1289 3278 ἐξέληται
1319 3208 1418 3278 τῆς
1456 3208 1664 3262 ἐκείνου
1701 3207 1833 3279 βλά-

255 3303 355 3372 ϐης
389 3301 556 3372 αὐτὴν
599 3298 1024 3370 ἀγωνιζομένου.
1085 3301 1172 3353 Ἐν
1226 3301 1466 3366 τοσούτῳ
1509 3301 1566 3354 δὲ
1611 3302 1703 3354 τὸν
1737 3300 1837 3371 μὲν

253 3393 606 3461 όλοθρεύοντα
649 3391 887 3461 μυστική
932 3407 1016 3453 τις
1066 3389 1272 3444 ἄνωθεν
1317 3389 1470 3461 φωνὴ
1513 3391 1656 3444 κατὰ
1699 3392 1834 3446 πολὺ

253 3484 315 3536 τὸ
343 3484 595 3536 ἀκούσιον
643 3482 902 3552 ἀφίστησι
933 3485 1030 3551 τῆς
1061 3477 1228 3552 μονῆς
1251 3499 1264 3512 ·
1297 3482 1325 3533 6
1354 3481 1410 3534 δέ
1448 3483 1541 3535 καὶ
1569 3483 1832 3554 δευτέραν

256 3574 442 3641 ἔφοδον
491 3572 644 3635 αὖθις
686 3571 808 3625 κατ’
841 3571 1010 3642 αὐτῆς
1044 3571 1376 3638 ἀπειλήσας,
1413 3571 1506 3625 ἐπὶ
1553 3572 1649 3642 τὴν
1689 3569 1831 3624 οὕτω

257 3666 578 3722 Κασσυῶτιν
608 3664 950 3736 καλουμένην
983 3665 1120 3728 τέως
1155 3663 1440 3736 ἐτράπετο.

1939 3121 1995 3168 et
2025 3111 2206 3182 gravis
2240 3120 2360 3167 orta
2399 3112 2544 3166 inter
2581 3123 2880 3184 utrumque
2909 3111 3197 3170 contentio
3231 3126 3333 3177 est.
3391 3133 3523 3173 suas

1936 3220 2272 3274 unoquoque
2313 3220 2504 3259 eorum
2545 3217 2733 3275 partes
2768 3215 2985 3276 agente,
3038 3206 3211 3262 altero
3259 3207 3522 3262 damnum

1937 3296 2141 3351 inferre
2188 3303 2492 3366 satagente,
2537 3298 2713 3351 altero
2743 3297 2877 3352 illud
2925 3308 3180 3355 avertere
3213 3301 3520 3357 laborante.

1935 3389 2151 3444 Interea
2184 3372 2829 3444 scelerum'machinator
2859 3407 3055 3446 arcana
3093 3394 3327 3459 quadam
3366 3395 3519 3451 cmli-

1941 3491 2028 3535 tus
2054 3480 2216 3534 missa
2248 3495 2382 3533 voce
2414 3479 2710 3534 admodum
2734 3481 2940 3536 invitus
2962 3483 3083 3537 loco
3108 3484 3372 3554 depulsus
3398 3487 3523 3548 fuit,

1941 3573 2313 3643 minitansque
2347 3571 2576 3627 alteram
2615 3573 2798 3628 denuo
2833 3573 3196 3642 invasionem,
3229 3577 3296 3629 ad
3343 3579 3524 3631 locum

1941 3665 2226 3737 Cassyotin
2271 3665 2480 3720 dictum
2530 3681 2704 3734 usque
2744 3667 2994 3720 recessit.

1691 3808 1918 3864 CAPUT
1950 3807 2138 3863 XVIII.

358 3923 560 3982 Iterum
593 3943 710 3982 suos
750 3926 1014 3992 hortatur,
1047 3925 1270 3998 fratrem
1295 3945 1327 3980 a
1375 3925 1613 3982 dwmone
1661 3929 1888 3982 occisum
1928 3937 2042 3998 post
2084 3927 2264 3981 varias
2307 3941 2482 3996 preces
2524 3941 2585 3979 ac
2634 3927 2854 3981 visiones
2885 3928 2955 3980 ad
2989 3929 3148 3982 vitam
3188 3940 3416 3984 revocat.

327 4044 476 4110 ρμγ’.
531 4038 642 4091 Καὶ¹
697 4037 726 4089 6
762 4038 860 4106 μέν
893 4037 1036 4109 ίερὸς
1076 4037 1252 4091 ταῦτα
1281 4037 1506 4108 Συμεὼν
1551 4041 1617 4110 τῇ
1666 4040 1834 4111 μητρὶ

251 4131 538 4200 ἀφηγεῖτο,
581 4130 702 4182 ἐπεὶ
751 4132 844 4183 καὶ
875 4129 995 4183 λίαν
1023 4130 1194 4201 αὐτὴν
1243 4130 1360 4203 ᾔδει
1393 4130 1710 4202 χαίρουσαν,
1738 4132 1834 4186 καὶ

251 4225 418 4278 πάλιν
449 4222 873 4293 παθαινομένην,
901 4220 958 4278 εὖ
990 4224 1126 4295 αὐτῇ
1158 4223 1265 4278 τῶν
1296 4225 1623 4296 πατριωτῶν
1651 4225 1832 4297 ἢτοῦ-

251 4315 464 4369 ναντίον
509 4315 741 4385 ἐχόντων
767 4332 781 4346 ·
827 4315 924 4385 τὴν
951 4315 1008 4368 δὲ
1058 4313 1384 4368 Κασσυιῖιτιν
1440 4316 1674 4386 ὀδυρμὸς
1718 4313 1830 4386 εἷχε

2016 4041 2134 4094 145.
2179 4041 2242 4092 Et
2273 4040 2391 4095 haec
2419 4040 2641 4110 quidem
2668 4048 2890 4096 sanctus
2921 4041 3156 4114 Symcon
3201 4045 3361 4099 matri
3410 4061 3523 4099 sua:

1940 4135 2254 4197 enarrabat,
2292 4150 2416 4188 cum
2459 4135 2632 4204 ipsam
2683 4135 2982 4190 admodum
3032 4138 3310 4192 laetantem
3358 4147 3522 4210 atque

1940 4243 2135 4283 rursus
2167 4227 2408 4297 graviter
2443 4237 2772 4282 commotam
2795 4230 3208 4298 conspexisset,
3238 4243 3404 4301 prout
3449 4235 3526 4288 ei-

1938 4316 2087 4370 vium
2106 4330 2194 4369 res
2217 4315 2351 4369 laeta:
2363 4315 2447 4369 vel
2462 4317 2648 4372 tristes
2663 4327 2821 4372 erant
2843 4334 2857 4384 ;
2878 4317 3164 4390 Cassyotin
3188 4338 3318 4376 vero
3342 4325 3526 4382 luctus

250 4408 350 4462 καὶ
380 4407 595 4476 θρῆνος·
624 4407 813 4479 ἤγειρε
841 4407 949 4477 γὰρ
979 4409 1065 4460 ἐπ’
1097 4407 1268 4476 αὐτὴν
1298 4407 1568 4477 μάστιγας
1610 4408 1639 4459 6
1673 4407 1827 4472 Θεὸς,

1936 4414 1992 4460 et
2013 4407 2260 4476 ploratus
2281 4407 2609 4477 occupabat,
2642 4409 2858 4464 levante
2882 4426 3050 4480 super
3071 4411 3215 4467 illam
3249 4414 3523 4486 ﬂagellum

249 4500 349 4552 καὶ
412 4498 613 4568 πλῆθος
671 4499 879 4552 ἐκεῖθεν
939 4497 1090 4570 παρὰ
1152 4498 1242 4550 τὸν
1309 4498 1464 4566 ἆγιον
1516 4498 1616 4552 οὐκ
1656 4498 1836 4566 ὀλίγον

249 4591 472 4659 ἀπήντα
493 4629 507 4654 ,
540 4588 1056 4658 ἐλεεινολογούμενοι
1080 4589 1216 4660 πρὸς
1245 4590 1430 4654 αὐτὸν,
1459 4585 1546 4644 οἷα
1574 4591 1834 4646 τέτακται

246 4681 435 4752 ἡμέρα
463 4681 670 4750 Κυρίου
698 4682 782 4734 ἐπ’
807 4682 1024 4746 αὐτοὺς,
1049 4681 1220 4753 πικρὰ
1249 4682 1344 4736 καὶ
1375 4683 1607 4753 σκληρὰ,
1634 4682 1836 4754 δυνατὴ

247 4774 459 4844 ἡμέρα,
488 4773 658 4843 ὀργῆς
700 4775 732 4842 ἡ
769 4773 952 4843 ἡμέρα
999 4774 1205 4845 ἐκείνη,
1235 4775 1423 4845 ἡμέρα
1463 4775 1695 4844 θλίψεως
1739 4773 1836 4828 καὶ⁹

245 4865 520 4936 ἀνάγκης,
549 4864 735 4935 ἡμέρα
762 4865 968 4934 ἀωρίας
998 4866 1092 4919 καὶ
1120 4865 1452 4937 ἀφανισμοῦ,
1487 4868 1671 4938 ἡμέρα
1705 4866 1834 4920 σκό-

241 4973 379 5020 τους
413 4957 509 5010 καὶ
535 4957 760 5026 γνόφου,
789 4957 973 5026 ἡμέρα
1022 4958 1254 5028 νεφέλης
1303 4958 1398 5012 καὶ
1444 4958 1696 5030 ὁμίχλης.
1726 4958 1836 5012 Καὶ

245 5047 439 5120 μέντοι
463 5047 671 5118 καὶτοῦ
700 5051 758 5102 ἐν
785 5047 1082 5118 ὀφθαλμοῖς
1107 5049 1352 5104 κινδύνου
1377 5051 1471 5105 καὶ
1495 5051 1602 5104 τῶν
1623 5049 1832 5115 δεινῶν,

240 5139 440 5209 εὐχαῖς
473 5140 705 5202 ἐκείνου,
744 5138 1096 5212 κομιζόμενοι
1143 5141 1326 5196 λύσιν*
1371 5143 1399 5195 6
1436 5142 1512 5206 δὲ,
1554 5158 1838 5213 προσαγα-

239 5232 456 5300 γόντων
493 5231 592 5304 ἤδη
631 5232 697 5301 τῇ
735 5234 869 5302 μονῇ
903 5233 997 5286 καὶ
1022 5233 1148 5286 ὅσον
1172 5233 1272 5287 οὐκ
1300 5234 1392 5286 ἐπὶ
1422 5231 1618 5305 θύραις
1649 5234 1837 5288 αἰσθό-

241 5338 417 5393 μενος
447 5322 556 5376 τῶν
590 5324 980 5394 πειρατηρίων,
1014 5325 1138 5386 τοὺς
1175 5324 1424 5396 μαθητὰς
1465 5325 1600 5394 ὁμοῦ
1629 5327 1836 5392 πάντας

241 5414 598 5486 συναγαγὼν,
642 5416 794 5483 Ἰδοὺ,
827 5417 994 5470 τέκνα
1021 5417 1115 5470 καὶ
1137 5416 1377 5488 ἀδελφοὶ,
1405 5417 1530 5486 ἔφη,
1553 5419 1628 5481 ὡς
1651 5418 1837 5488 ἄμπε-

236 5506 340 5571 λος
365 5507 661 5580 ἐγενήθητε
698 5508 774 5579 τῷ
795 5495 1018 5582 Χριστῷ
1048 5509 1274 5580 κομῶσα
1302 5511 1391 5564 καὶ
1423 5510 1712 5576 θάλλουσα,
1741 5512 1838 5566 καὶ

239 5599 466 5670 ἀρετῶν
491 5600 642 5656 ἄνθει
668 5600 1092 5675 βρύουσα,δεξιᾷ
1106 5606 1171 5675 τῇ
1193 5603 1403 5657 ἐκείνου
1427 5605 1834 5676 πεφυτευμένη,

237 5690 338 5762 εἴη
371 5687 429 5744 δὲ
463 5693 554 5748 καὶ
585 5693 992 5767 κατηρτισμένη
1023 5695 1223 5766 λέγειν.
1263 5696 1454 5769 Ὁρᾶτε
1486 5693 1578 5752 οὖν
1601 5697 1674 5769 μὴ
1703 5697 1836 5752 καθ-

1940 4515 2099 4554 suum
2131 4500 2395 4566 Domino;
2420 4500 2477 4556 et
2511 4500 2704 4570 ingens
2749 4503 3046 4557 multitudo
3078 4504 3362 4561 hominum
3396 4509 3522 4566 inde

1940 4591 2008 4646 ad
2068 4599 2320 4646 sanctum
2363 4592 2747 4657 accurrebant,
2787 4593 3127 4650 lamentabili
3183 4614 3317 4654 voce
3361 4616 3520 4671 apem

1940 4683 2322 4753 implorantes,
2377 4700 2486 4738 non
2526 4700 2686 4740 secus
2716 4700 2781 4739 ac
2814 4685 2860 4739 si
2898 4686 3149 4745 irruisset
3186 4706 3354 4762 super
3401 4693 3524 4751 illos

1939 4775 2288 4832 diesDomini
2315 4792 2499 4831 amara
2541 4777 2776 4841 etdura,
2796 4777 2914 4836 dies
2931 4779 3110 4843 fortis,
3127 4782 3247 4837 dies
3267 4784 3382 4851 ira},
3405 4786 3523 4844 dies

1939 4868 2314 4924 tribulationis
2357 4879 2415 4925 et
2465 4869 2835 4935 necessitatis,
2879 4871 2998 4926 dies
3028 4871 3443 4934 immaturitatis
3467 4892 3523 4934 et

1938 4961 2288 5031 perditionis,
2323 4962 2442 5017 dies
2473 4963 2726 5034 caliginis
2771 4971 2829 5019 et
2861 4965 3236 5032 tenebrarum,
3271 4968 3393 5025 dies
3421 4987 3524 5027 nu-

1938 5056 2028 5112 bis
2054 5065 2111 5112 et
2141 5057 2377 5111 nebulae.
2407 5058 2473 5112 Et
2493 5056 2882 5130 Cassyotenses
2914 5059 3139 5130 quidem
3179 5062 3525 5121 imminentia

1940 5146 2044 5201 sibi
2082 5145 2331 5216 pericula
2379 5147 2832 5217 calamitatesque
2883 5148 3083 5221 depelli
3118 5153 3290 5208 sancti
3340 5156 3526 5224 preci-

1941 5235 2044 5290 bus
2092 5236 2354 5292 viderunt
2388 5254 2400 5291 :
2435 5236 2550 5307 ipse
2581 5253 2712 5293 vero
2743 5237 3002 5308 ingruere
3037 5241 3090 5296 in
3127 5246 3523 5300 monasterium

1939 5343 2100 5382 suum
2132 5329 2467 5383 tentationes
2492 5337 2548 5384 et
2571 5335 2784 5382 tantum
2812 5344 2922 5382 non
2948 5346 3059 5399 pra:
3086 5330 3304 5388 foribus
3331 5333 3524 5391 adesse

1939 5421 2207 5486 sentiens,
2271 5420 2562 5490 discipulis
2601 5421 2766 5476 simul
2825 5423 3088 5479 omnibus
3130 5429 3451 5483 convocatis
3511 5448 3523 5481 :

1941 5511 2104 5575 Ecce,
2159 5510 2256 5567 ﬁlii
2301 5527 2366 5566 ac
2406 5511 2607 5568 fratres
2635 5512 2766 5579 mei,
2798 5515 2998 5585 inquit,
3027 5516 3171 5572 sicut
3208 5518 3338 5574 vitis
3360 5518 3524 5575 Chri-

1942 5613 2027 5660 sto
2059 5604 2192 5661 facti
2220 5605 2374 5672 estis,
2403 5605 2730 5678 palmitibus
2757 5606 2980 5673 decora,
3022 5610 3232 5679 virens,
3273 5621 3332 5668 et
3372 5611 3530 5667 ﬂori-

1942 5698 2044 5753 bus
2090 5697 2360 5754 virtutum
2427 5713 2731 5773 gemmane,
2797 5699 3024 5758 dextera
3074 5701 3224 5759 illius
3256 5705 3533 5777 plantam,
