4034 6186
283 256 416 326 8121

1273 263 1454 324 VITA
1488 262 1539 322 Α
1576 261 2020 323 NICEPHORO
2057 262 2542 325 CONSCRIPTA.

3398 247 3587 312 312ῒῖ

285 375 465 441 θῆναι,
494 371 594 444 τὴν
613 370 670 425 δὲ
701 372 1037 444 δερματίνην
1058 371 1153 426 τοῦ
1199 349 1391 425 στύλον
1428 371 1641 442 σκέπην
1698 371 1866 444 ἀρθῆ-

1977 372 2278 443 pelliceum
2308 373 2579 428 columnae.
2608 378 2815 427 tectum
2863 370 3146 438 amoveri;
3179 378 3295 426 tum
3346 370 3590 429 intimis.

286 481 370 518 ναι
393 461 685 526 κελεύσας,
713 463 781 517 τὰ
816 464 1100 533 σπλάγχνα
1130 480 1188 516 τε
1215 463 1404 526 δεινῶς
1429 463 1522 516 ἐπὶ
1565 462 1647 533 τῷ
1678 465 1870 534 κειμέ-

287 573 362 623 νῳ
392 553 585 607 παθὼν
623 553 886 624 ὀδυνηρόν
917 571 973 608 τε
1004 554 1124 607 λίαν
1152 554 1431 622 δακρύσας
1464 556 1559 608 καὶ
1592 554 1870 611 ἀνακλαύ-

285 661 402 710 σας.
454 645 658 714 γόνατά
710 661 771 698 τε
812 640 936 708 δοδδς
967 645 1153 713 ὲδάρει
1202 647 1300 698 καὶ
1351 645 1506 714 ὄψεις
1546 686 1563 710 ,
1623 646 1870 701 Δέσποτα

250 730 261 762 ⁵
285 737 689 807 παντοκράτορ,
719 733 910 808 εἶπεν.-
931 738 959 789 6
986 737 1223 804 ποιήσας
1249 735 1344 788 τὸν
1378 735 1610 806 οὐρανὸν
1635 737 1729 789 καὶ
1765 739 1870 807 πή-

284 825 380 890 ξας
411 828 595 890 αὐτὸν,
627 829 655 880 6
714 813 1024 897 στερεώσας
1047 826 1146 894 τὴν
1165 830 1268 896 γῆν
1304 827 1397 881 καὶ
1452 828 1518 881 τὰ
1553 828 1611 881 ὲν
1645 828 1805 900 αὐτῇ,
1841 830 1870 882 6

282 917 459 980 διδους
494 919 664 989 πνοὴν
690 918 767 987 τῷ
792 917 907 988 λαῷ
934 917 1012 988 τῷ
1051 919 1137 971 ἐπ’
1167 919 1339 988 αὐτῆς
1371 920 1463 972 καὶ
1499 910 1718 992 πνεῦμα
1756 924 1870 984 τοῖς

284 1011 544 1065 πατοῦσιν
573 1013 764 1081 αὐτὴν.
794 1014 822 1066 6
849 1012 1170 1081 ἐκστρέφων
1206 1015 1287 1078 είς
1319 1012 1463 1081 πρωῒ
1508 1015 1668 1067 σκιὰν
1703 1014 1871 1068 Θανά-

282 1120 375 1157 του
427 1104 521 1156 καὶ
579 1104 794 1174 ἡμέραν
832 1107 911 1168 είς
964 1104 1137 1159 νύκτα
1215 1107 1513 1171 σκοτάζων,
1551 1109 1580 1158 6
1620 1108 1868 1161 θανατῶν

283 1195 377 1248 καὶ
434 1194 740 1263 ζωογονῶν,
770 1198 798 1248 6
853 1198 936 1259 είς
993 1195 1121 1267 ᾅδου
1188 1198 1451 1264 κατάγων
1484 1198 1579 1251 καὶ
1625 1199 1867 1266 ἀνάγων.

288 1287 522 1339 πνεῦσον
580 1288 672 1340 ἐπὶ
722 1288 784 1340 τὸ
837 1288 1031 1357 νεκρδν
1066 1289 1227 1356 σῶμα
1273 1289 1436 1343 τοῦτο
1480 1291 1576 1343 τοῦ
1602 1290 1868 1356 ζωοποιοῦ

283 1378 600 1447 Πνεῦματὸς
647 1395 766 1436 σου.
801 1380 892 1431 καὶ
935 1379 1376 1451 ἀποκαταστὴτω
1424 1380 1573 1452 αὐτῷ
1623 1383 1656 1451 ὴ
1721 1381 1868 1455 ψυχὴ

282 1470 473 1530 αὑτοῦ.
507 1469 651 1523 ὥστε
684 1469 915 1538 λαλῆσαι
948 1472 1074 1533 τοὺς
1103 1472 1254 1535 υἱοὺς
1279 1471 1391 1525 τῶν
1440 1473 1743 1543 ἀνθρώπων
1772 1474 1870 1546 τὴν

283 1560 603 1614 δυναστείαν
635 1578 751 1625 σου,
785 1562 880 1614 καὶ
919 1564 1018 1633 τὴν
1048 1563 1207 1628 δόξαν
1240 1562 1340 1632 τῆς
1387 1564 1869 1635 μεγαλοπρεπείας

282 1651 383 1720 τῆς
414 1649 696 1720 βασιλείας
750 1669 867 1705 σου.
901 1652 1088 1705 Ταῦτα
1143 1651 1587 1723 προσευξάμενος
1623 1657 1717 1707 καὶ
1750 1656 1868 1710 δια-

281 1741 503 1817 ναστλς,
530 1742 744 1811 μεγάλῃ
769 1741 845 1805 ὼς
878 1739 1048 1812 εἶχεν,
1089 1720 1261 1797 ’Δϐϐἓὶ
1296 1720 1507 1810 Κόνων,
1549 1744 1773 1816 ἐϐόησε,
1795 1751 1862 1821 τῇ
1899 1720 1942 1775 Β

283 1834 455 1901 φωνῇ.
499 1832 556 1885 ὐ
581 1832 637 1885 δὲ
689 1828 756 1902 ἦν
814 1832 1043 1903 ἄψυχος,
1076 1836 1238 1904 σῶμα
1284 1836 1593 1907 αἰσθήσεώς
1655 1856 1716 1892 τε
1771 1841 1866 1893 καὶ

284 1927 451 1993 πνοῆς
482 1922 710 1993 ἔρημον.
734 1925 842 1978 Τοῦ
856 1924 913 1982 δὲ
937 1928 1003 1995 τῇ
1040 1928 1109 1996 γῇ
1161 1926 1562 1981 πά).ιν“ἐαυτδν
1601 1929 1695 1983 τοῦ
1756 1932 1865 1984 Συ-

285 2017 431 2087 μεὼν
484 2019 799 2085 δεδωκότος,
824 2022 892 2074 τὰ
944 2022 1090 2075 αὑτὰ
1149 2040 1208 2076 τε
1274 2025 1739 2095 προσευξαμένου,
1770 2028 1868 2082 καὶ

282 2110 637 2180 παραπλησία
658 2115 807 2183 φωνῇ
832 2113 993 2167 πάλιν
1013 2115 1105 2167 τὸν
1129 2114 1237 2184 μαθ
1248 2116 1381 2186 ητὴν
1402 2118 1732 2184 καλέσαντος
1784 2121 1866 2176 ἔτι

280 2200 470 2270 νεκρὸς
482 2202 723 2272 ἀκριὸῶς
739 2207 766 2257 ὁ
783 2204 974 2276 νεκρὸς
996 2203 1085 2278 ἦν.
1125 2206 1327 2260 Γόνατα
1343 2207 1437 2260 καὶ
1454 2210 1693 2284 κεφαλὴν
1712 2210 1867 2281 αὖθις

281 2291 571 2360 κολληθεὶς
613 2294 691 2363 τῷ
736 2296 946 2365 ἐδάφει,
994 2299 1396 2371 συντονώτερον
1454 2320 1516 2358 τε
1581 2305 1675 2358 τοῦ
1728 2307 1865 2360 Θεοῦ

279 2380 513 2453 δεηθεὶς,
555 2386 745 2439 ἔπειτα
779 2388 961 2456 μέντοι
1005 2392 1239 2461 καρδίαν
1274 2394 1392 2459 ἅμα
1421 2397 1516 2449 καὶ
1547 2397 1865 2468 ὀφθαλμοὺς

280 2475 359 2537 είς
390 2477 652 2543 οὐρανοὺς
689 2480 1001 2544 ἀνατείνας,
1035 2485 1224 2552 φωνήν
1270 2502 1327 2538 τε
1359 2487 1596 2558 δάκρυσι
1641 2489 1867 2560 θερμοῖς

281 2570 693 2639 κεκερασμένην
725 2574 903 2639 ἀφείς,
924 2573 989 2627 Ἠ
1020 2573 1114 2627 τοῦ
1145 2575 1281 2629 Θεοῦ
1307 2579 1516 2650 μήτηρ,
1543 2582 1574 2649 ἡ
1603 2581 1867 2637 Δέσποινα

282 2656 500 2711 πάντων
549 2662 644 2712 καὶ
684 2660 945 2726 Θεοτόκος
976 2665 1009 2733 ή
1043 2668 1141 2735 τῆς
1170 2667 1329 2735 ἡμῶν
1376 2669 1744 2732 ἀναπλάσεως
1773 2673 1868 2726 καὶ

282 2749 556 2816 σωτηρίας
607 2754 819 2818 μεσῖτις
850 2793 865 2815 ,
901 2754 1007 2820 ἔφη
1046 2759 1116 2809 '6
1161 2757 1468 2827 πρόδρομος
1514 2760 1607 2814 τοῦ
1653 2763 1871 2832 Ἐμμα-

277 2840 457 2908 νουὴλ.
483 2843 509 2894 6
533 2844 624 2893 καὶ
651 2845 814 2896 αὐτὸν
851 2845 1209 2912 καταξιωθεὶς
1236 2847 1498 2916 βαπτίσαι
1526 2851 1617 2904 τὸν
1646 2852 1870 2922 αἴροντα

275 2931 375 3000 τὴν
405 2933 678 3000 ἁμαρτίαν
700 2934 793 2987 τοῦ
814 2936 1041 3005 κόσμου,
1074 2938 1102 2989 6
1135 2940 1198 3008 τῇ
1229 2939 1396 3009 μητρί
1424 2957 1492 3009 με
1524 2941 1619 2997 καὶ
1642 2944 1745 3013 πρὸ
1778 2961 1873 3012 γε-

1969 463 2286 519 visceribus
2318 478 2490 534 super
2504 465 2780 534 jacentem
2806 473 3136 529 commotus,
3196 462 3563 533 dolentcrque
3640 478 3653 529 ε

1970 554 2270 610 admodum
2301 555 2440 610 flens
2472 563 2640 626 alque
2688 555 3079 624 ingemiscens,
3137 554 3434 624 prostratis
3464 569 3558 624 ge-
3632 552 3642 592 7

1971 646 2137 701 nibus
2165 662 2231 701 ac
2263 646 2401 702 facie
2434 647 2487 700 in
2514 655 2714 700 terram
2741 664 2754 700 :
2791 646 3046 711 Domine,
3070 645 3269 714 inquit,
3305 643 3561 714 omnipo-

1973 746 2118 803 tcns,
2145 739 2239 808 qui
2271 738 2451 793 fecisti
2500 738 2703 793 coelum
2755 747 2811 792 et
2868 737 3192 808 compegisti
3243 736 3410 802 illud;
3458 735 3591 806 qui.

1972 828 2201 884 firmasti
2234 837 2437 883 terram
2471 838 2527 884 et
2552 845 2676 899 quas
2701 830 2755 883 in
2785 845 2850 884 ea
2866 840 3030 894 sunt;
3063 828 3157 897 qui
3181 827 3552 897 dasspiritum

1972 922 2179 993 populo
2207 930 2410 976 terram
2446 923 2711 977 incolenti
2764 930 2821 977 et
2873 922 3149 988 calcanti;
3209 921 3305 990 qui
3360 921 3557 977 mortis

1972 1010 2229 1085 umbram
2260 1011 2434 1066 vertis
2461 1012 2513 1065 in
2538 1012 2743 1076 lucem,
2776 1020 2832 1066 et
2864 1010 3011 1065 diem
3047 1012 3101 1065 in
3126 1018 3354 1065 'noctem
3397 1020 3555 1066 tene-

1973 1107 2233 1173 brosam;
2263 1110 2358 1179 qui
2392 1107 2605 1163 occidis
2628 1115 2685 1163 et
2742 1105 3027 1171 vivificas;
3082 1106 3178 1175 qui
3230 1105 3299 1161 ad
3347 1105 3579 1160 inferos.

1971 1197 2203 1253 deducis
2226 1208 2281 1254 et
2307 1199 2564 1265 reducis;
2603 1198 2750 1267 spira
2788 1213 2955 1265 super
2983 1197 3087 1251 hoc
3124 1197 3362 1251 cadaver
3385 1196 3556 1266 spiri-

1976 1300 2090 1344 tum
2116 1298 2270 1345 tuum
2306 1291 2609 1355 vivificum,
2637 1297 2692 1343 ct
2731 1289 3058 1343 restituatur
3081 1288 3161 1343 illi
3207 1288 3388 1342 anima
3432 1302 3553 1352 sua,

1973 1391 2035 1437 ut
2086 1383 2182 1437 lilii
2238 1383 2525 1437 hominum
2598 1380 2888 1437 celebrent
2938 1379 3242 1450 potentiam
3295 1388 3445 1433 tuam
3494 1386 3552 1433 et

1972 1474 2200 1544 gloriam
2229 1473 2531 1543 maiestatis
2558 1471 2715 1541 regni
2749 1472 2850 1526 tui.
2883 1471 2963 1525 Ita
2990 1478 3250 1540 precatus
3282 1470 3547 1535 surrexit,

1971 1574 2287 1635 quantaque
2340 1564 2520 1634 potuit
2574 1565 2812 1618 maxima
2873 1579 3009 1618 voce
3059 1563 3337 1626 clamavit,
3393 1564 3548 1619 Abba

1971 1655 2467 1712 Conou.l;autem
2513 1669 2651 1709 voce
2701 1654 2929 1709 carebat
2976 1653 3294 1721 animaque,
3354 1668 3557 1724 corpus

1971 1763 2145 1803 sensu
2172 1762 2234 1802 ac
2267 1747 2467 1815 spiritu
2496 1746 2851 1801 destitutum.
2877 1745 3015 1800 Cum
3072 1760 3207 1800 vero
3247 1761 3306 1800 se
3361 1761 3556 1800 rursus
3584 1784 3590 1789 ς

1969 1839 2130 1893 humi
2183 1839 2536 1909 projecisset,
2592 1837 2900 1907 eademque
2954 1837 3230 1906 precando
3278 1836 3559 1900 iterasset,

1969 1946 2034 1987 ac
2088 1932 2207 2001 pari
2279 1947 2414 1987 voce
2494 1930 2829 2002 discipulum
2874 1940 3128 1984 vocasset
3180 1928 3571 1998 nequidquam.

1972 2023 2245 2093 (mortuus
2283 2024 2430 2080 enim
2481 2033 2544 2078 ut
2594 2033 2734 2088 erat,
2793 2037 2925 2077 vere
2968 2021 3228 2077 manebat
3259 2026 3571 2088 mortuusly

1969 2113 2206 2183 genibus
2252 2128 2318 2167 ac
2347 2113 2528 2183 capite
2559 2113 2724 2167 tertio
2761 2111 2955 2167 afﬁxus
2984 2120 3167 2176 terrae,
3225 2108 3559 2166 contentiori

1970 2205 2229 2258 oratione
2249 2204 2344 2258 Dci
2386 2219 2546 2273 opem
2584 2204 2925 2273 imploravit.
2962 2204 3161 2258 Postea
3223 2217 3354 2257 vero
3387 2199 3560 2256 corde

1969 2294 2258 2363 oculisque
2286 2295 2341 2348 in
2370 2295 2570 2350 caelum
2600 2296 2829 2359 creetis,
2893 2310 3086 2350 vocem
3134 2293 3394 2366 lacrymis
3436 2294 3552 2350 fer.

1968 2384 2233 2439 ventihus
2276 2384 2495 2438 mistam
2552 2384 2868 2455 hujusmodi
2914 2384 3135 2439 emisit:
3190 2384 3366 2438 Mater
3420 2383 3559 2448 Dei,

1969 2477 2205 2532 Domina
2231 2476 2480 2529 onmium
2510 2476 2854 2545 aeDeipara,
2888 2475 3185 2531 mediatrix
3241 2476 3556 2546 reparatio-

1968 2567 2055 2622 nis
2086 2582 2152 2621 ac
2184 2567 2380 2622 salutis
2404 2575 2647 2622 nostrze:
2690 2568 3006 2622 Praecursor
3035 2568 3430 2636 Emmanuelis,
3462 2571 3567 2641 qui.

1970 2660 2138 2712 etiam
2167 2658 2368 2728 dignus
2397 2657 2551 2713 fuisti
2588 2657 2874 2728 baptizare
2894 2659 3049 2713 illum
3085 2659 3181 2729 qui
3233 2661 3379 2715 tollit
3418 2677 3551 2731 pec-

1972 2758 2091 2803 cata
2121 2750 2338 2813 mundi,
2394 2750 2605 2820 quique
2645 2758 2941 2820 antequam
3004 2760 3170 2806 natus
3210 2766 3332 2805 sum
3390 2754 3553 2809 matri

1972 2855 2109 2895 more
2129 2856 2215 2895 me
2239 2840 2579 2896 annuutiasti
2600 2858 2613 2894 :
2637 2840 2963 2906 Cheruhim,
2990 2840 3303 2912 Seraphim,
3324 2843 3556 2908 Throni,

1974 2931 2412 2995 Domiuationes,
2442 2932 2816 3001 Principatus,
2847 2932 3114 2997 Virtutes,
3171 2934 3425 3000 Michael,
3449 2934 3559 2992 Ga-

276 3021 1002 3095 νέσεωςεὐαγγελισάμενοί·
1026 3029 1332 3099 Χερουϐὶμ,
1360 3031 1423 3085 Σε
1435 3035 1630 3104 ραφὶμ,
1649 3035 1860 3104 Θρονοι,

1972 3023 2136 3091 briel,
2161 3033 2218 3078 et
2250 3032 2525 3094 quotquot
2549 3033 2817 3094 praeterea
2850 3025 2986 3080 estis
3021 3024 3253 3096 angelici
3294 3026 3550 3098 spiritus.

276 3112 634 3184 κυριότητες,
673 3117 888 3186 Ἀρχαὶ,
935 3118 1230 3185 Ἑξουσίαι.
1295 3122 1538 3192 Μιχαὴλ,
1595 3124 1858 3197 Γαϐριὴλ,

275 3204 412 3257 ἀλλὰ
439 3206 531 3258 καὶ
561 3208 760 3273 πάντες
783 3211 894 3263 ὅσοι
925 3211 1033 3264 τῶν
1097 3213 1406 3281 ἀγγελικῶν
1451 3214 1678 3269 ἐκείῖιων
1704 3218 1862 3274 δυνά·

281 3314 451 3365 μεων,
478 3298 641 3363 ἄλλος
666 3299 834 3369 ἄλλης
888 3307 1152 3374 στρατιᾶς
1208 3306 1538 3377 προηγεῖσθε
1568 3323 1584 3340 ο
1633 3308 1865 3362 ἀπόστο-

275 3383 359 3439 λοι
411 3388 583 3451 θεῖοι,
637 3394 944 3461 προφῆται.
1041 3396 1340 3464 μάρτυρες,
1400 3400 1600 3468 ἱερεῖς,
1652 3400 1702 3452 οἱ
1764 3401 1862 3472 τὴν

276 3478 621 3550 ἀδαπὰνητον
679 3482 960 3547 μυστικῶς
1014 3484 1207 3539 θυσίαν
1240 3488 1379 3558 ὑπὲρ
1421 3488 1609 3559 ψυχῶν
1639 3491 1864 3547 δικαίων

277 3572 700 3639 προσφέροντες,
736 3574 1036 3643 σεσίγηκεν
1072 3577 1204 3645 ὑμῖν
1239 3580 1390 3632 πᾶσα
1420 3578 1515 3632 νῦν
1551 3580 1698 3653 ὑπὲρ
1727 3583 1863 3652 ἐμοῦ

276 3659 415 3729 πρὸς
473 3661 606 3712 Θεὸν
664 3664 971 3733 παρρησία,
1005 3667 1334 3739 ἐπιλέλησθε
1367 3668 1463 3722 τοῦ
1513 3671 1603 3724 διὰ
1662 3672 1866 3737 παντὸς

277 3751 422 3818 ὑμᾶς
448 3756 675 3821 μεσίτας
704 3757 1142 3825 προϐαλλομένου
1173 3775 1187 3788 ·
1224 3762 1401 3813 κεῖται
1426 3760 1560 3831 γὰρ,
1582 3762 1656 3825 ὡς
1678 3764 1863 3833 ὁρᾶτε,

274 3838 469 3906 οὗτος.
522 3847 615 3897 καὶ
663 3848 893 3918 οὐδεμία
936 3851 1066 3919 παρ’
1122 3851 1277 3920 ὑμῶν
1330 3853 1628 3922 πρεσϐεία.
1688 3856 1865 3921 οὐδεὶς

272 3936 383 3988 τῶν
416 3939 564 4006 ἐμῶν
588 3940 685 4007 τῆς
740 3942 965 4011 καρδίας
990 3942 1193 3995 ὀδυνῶν
1239 3944 1419 4005 ἕλεος.
1456 3940 1640 3999 Ἷίπου
1677 3946 1865 4004 διακε-

272 4029 374 4098 νῆς
411 4030 540 4097 παρ’
571 4031 700 4102 ὅλην
733 4036 760 4086 6
787 4034 945 4098 πόνος
976 4035 1101 4103 ἐμοὶ
1146 4034 1243 4106 τὴν
1276 4034 1454 4106 ζωήνς
1486 4037 1549 4089 Εἰ
1590 4040 1691 4092 οῦκ
1731 4039 1865 4093 ἀνα-

274 4123 558 4191 στήσεται,
592 4125 762 4188 ὅντως
807 4127 908 4178 οὐκ
940 4126 1288 4198 εὐηρέστησα
1317 4128 1395 4196 τῷ
1429 4128 1551 4200 Θεῷ
1598 4148 1726 4201 μου,
1756 4133 1864 4208 κοῦ-

270 4211 330 4265 δὲ
356 4218 642 4270 κοινωνίαν
672 4218 941 4287 οὐμενοῦν
967 4217 1124 4291 εὗρον
1156 4222 1414 4290 οὐδεμίαν
1447 4223 1505 4276 ἐν
1538 4223 1688 4295 ὑμῖν,
1724 4225 1772 4278 εί
1804 4227 1864 4278 οὐ

194 4321 206 4325 -
274 4300 525 4371 ζήσεται.
572 4308 631 4362 '0
656 4310 716 4360 ἐν
769 4310 996 4380 ὑψηλοῖς
1040 4311 1457 4378 κατοικῶν,καὶ
1502 4314 1573 4368 τὶ
1628 4315 1864 4370 ταπεινὰ

1966 3116 2058 3170 alii
2123 3115 2247 3171 aliis
2299 3114 2641 3171 exercitibus
2714 3116 3000 3186 praefecti:
3047 3116 3223 3172 divini
3278 3117 3561 3187 apostoli,

1963 3205 2274 3275 prophetae,
2326 3215 2626 3278 martyres,
2679 3205 3018 3273 sacerdotes,
3044 3207 3134 3276 qui
3168 3206 3556 3262 inexhaustum

1966 3296 2302 3351 sacrificium
2356 3312 2458 3367 pro
2503 3296 2794 3351 animabus
2840 3297 3009 3368 justis
3041 3297 3269 3369 mystice
3312 3296 3548 3357 offertis.

1961 3386 2074 3456 jam
2123 3385 2306 3441 omnis
2350 3374 2530 3441 vestra
2564 3386 2620 3440 in
2673 3387 2845 3440 Deum
2885 3387 3084 3441 fiducia
3121 3403 3221 3457 pro
3265 3403 3353 3442 me
3401 3387 3552 3457 loqui

1964 3477 2177 3534 destitit
2239 3494 2303 3532 ac
2333 3488 2485 3532 muta
2530 3487 2651 3541 est;
2716 3478 2877 3532 obliti
2926 3478 3062 3533 estis
3120 3479 3248 3545 mei,
3296 3480 3392 3549 qui
3454 3495 3587 3536 vos.

1966 3584 2188 3639 semper
2218 3569 2560 3625 mediatorcs
2584 3569 2815 3624 adhibui
2844 3589 2857 3623 :
2889 3571 3038 3641 jacet
3081 3571 3308 3641 quippe,
3339 3581 3401 3626 ut
3432 3589 3554 3627 cer-
3650 3642 3653 3643 ν

1965 3660 2120 3722 uitis,
2153 3660 2247 3715 hic
2272 3660 2581 3731 discipulus
2606 3678 2798 3727 meus;
2834 3676 2889 3719 et
2916 3664 3067 3719 nulla
3109 3679 3139 3717 a
3172 3663 3333 3717 vobis
3385 3665 3589 3719 interm

1967 3752 2169 3814 cessio,
2198 3752 2348 3807 nulla
2377 3751 2633 3807 dolorum
2666 3770 2915 3809 meorum
2965 3755 3378 3810 commiseratio
3428 3771 3577 3825 pro-m

1969 3843 2139 3897 cedit.
2192 3842 2274 3898 An
2326 3859 2459 3914 ergo
2518 3844 2726 3900 frustra
2798 3844 2982 3901 omnis
3031 3861 3130 3916 per
3185 3856 3352 3901 totam
3382 3845 3555 3903 vitam

1968 3935 2281 3991 exantlatus
2338 3936 2541 3991 labor?
2583 3936 2639 3992 Si
2671 3938 2765 3992 hic
2793 3954 2903 3992 non
2938 3948 3213 4010 resurgat,
3266 3956 3397 3997 vere
3440 3956 3555 3997 nan

1969 4029 2154 4101 placui
2213 4031 2326 4085 Deo
2383 4046 2540 4096 meo;
2602 4047 2786 4103 neque
2844 4033 3290 4090 communionem
3365 4035 3552 4090 inveni

1968 4122 2138 4176 ullam
2174 4122 2227 4177 in
2264 4123 2444 4187 vobis,
2479 4124 2523 4178 si
2579 4140 2688 4180 non
2741 4125 3061 4180 reviviscat.
3092 4124 3175 4180 Tu
3211 4126 3307 4197 qui
3339 4127 3395 4182 in
3426 4127 3557 4183 altis

1968 4214 2189 4271 habitas
2218 4226 2275 4272 et
2297 4217 2527 4271 humilia
2555 4218 2809 4289 reSpicis,
2840 4218 2935 4288 qui
2987 4218 3055 4275 ad
3115 4217 3399 4275 dexteram
3433 4234 3551 4274 ma-

1962 4307 2182 4378 jestatis
2216 4308 2378 4364 sedes
2423 4311 2477 4365 in
2521 4311 2701 4372 caelis,
2734 4321 3021 4376 converte,
3058 4327 3267 4382 quaeso,
3294 4312 3548 4374 Domine.

279 4398 513 4466 ἐφορῶν,
547 4402 575 4454 6
615 4402 672 4453 ἐν
702 4402 851 4474 δεξιᾷ
888 4404 986 4473 τῆς
1018 4404 1412 4491 μεγαλωσύνης
1459 4407 1769 4479 καθήμενος
1799 4412 1858 4461 ὲν

1972 4398 2121 4465 inde,
2153 4411 2210 4455 et
2238 4402 2450 4472 respice
2485 4417 2516 4457 e
2551 4403 2715 4458 domo
2735 4413 2924 4459 saneta
2947 4405 3137 4476 gloriae
3172 4414 3299 4461 tuae.
3332 4388 3436 4462 Ubi
3465 4415 3555 4461 est

267 4491 386 4551 τοῖς
415 4491 682 4558 οὐρανοῖς,
713 4495 1065 4565 ὲπίστρεψον,
1102 4496 1296 4569 Κύριε.
1334 4500 1399 4551 ἐκ
1451 4498 1547 4553 τοῦ
1599 4500 1853 4574 οὐρανοῦ.

268 4579 367 4632 καί
399 4580 472 4633 ἴδε
508 4586 570 4635 ἐκ
607 4583 696 4636 τοῦ
744 4587 896 4639 οἴκου
924 4588 1015 4640 τοῦ
1057 4589 1216 4657 ἁγίου
1267 4606 1361 4642 σου
1393 4591 1487 4644 καὶ
1513 4591 1672 4661 δόξης
1704 4610 1719 4625 ·
1753 4594 1855 4648 ποῦ

266 4672 418 4724 ἔστιν
447 4675 475 4727 6
507 4673 665 4745 ζῆλος
697 4694 789 4730 σου
813 4679 908 4732 καὶ
942 4680 974 4750 ὴ
1004 4679 1159 4748 ἰσχῦς
1185 4697 1313 4744 σονς
1345 4681 1448 4734 ποῦ
1476 4684 1592 4736 ἐστι
1627 4685 1687 4736 τὸ
1722 4684 1858 4756 πλῆ-

268 4762 364 4825 θος
391 4763 486 4818 τοῦ
520 4767 672 4822 ἐλέου
702 4786 796 4824 σου
828 4772 921 4824 καὶ
950 4772 1058 4824 τῶν
1085 4773 1387 4844 οἰκτιρμῶν
1421 4791 1513 4837 σου
1539 4792 1561 4843 ;η

345 4863 501 4926 pug".
536 4859 723 4913 Ταῦτα
765 4861 860 4914 τοῦ
924 4862 1079 4931 ἁγίου
1124 4866 1586 4936 προσευχομένου,
1627 4867 1689 4921 οὐ
1726 4886 1854 4922 κατ-

271 4948 469 5016 ηφείας
498 4951 656 5019 μόνον
677 4954 726 5006 οἱ
759 4955 1027 5026 παρόντες
1053 4956 1390 5026 ἐπληροῦντο
1414 4962 1506 5012 καὶ
1522 4960 1696 5028 δέους,
1718 4961 1857 5015 ἀλλὰ

269 5041 619 5112 συμπάσχειν
643 5044 792 5115 αὐτῷ
828 5047 1028 5118 μικροῦ
1052 5049 1148 5101 καὶ
1186 5051 1252 5102 τὰ
1290 5054 1529 5122 στοιχεῖα
1553 5053 1752 5117 ἐδόκει,
1771 5055 1856 5108 δι-

267 5132 434 5197 καίας
485 5135 628 5190 οὕτω
678 5139 859 5211 ψυχῆς
908 5138 1489 5214 βοὴνδυσωπούμεναο
1527 5148 1628 5215 την
1668 5150 1853 5217 μέντοι

269 5228 551 5295 μακαρίαν
581 5232 812 5302 Μάρθαν
844 5233 940 5286 καὶ
969 5234 1172 5305 φρίκης
1197 5252 1249 5288 τι
1284 5237 1631 5308 ὑπεληλύθει·
1662 5241 1764 5311 ἤδη
1795 5241 1853 5294 δὲ

261 5317 362 5370 καὶ
412 5318 517 5384 ἔξω
569 5322 769 5396 ἑαυτῆς
824 5325 1042 5396 ἐνόμιζε
1096 5328 1447 5399 γεγενῆσθαι,
1494 5330 1601 5395 ἕως
1648 5334 1855 5386 ἄνωθεν

261 5409 510 5496 κρυφίως
546 5413 936 5486 ὲπιδημήσασα
966 5416 1124 5496 χάρις
1147 5421 1229 5480 εἰς
1258 5418 1456 5489 ἑαυτὴν
1480 5422 1850 5491 ἐπανήγαγεν.
1884 5412 1887 5415 ’

276 5495 420 5551 Ἀλλ’
448 5501 508 5553 οὐ
536 5502 646 5573 γὰρ
678 5504 869 5574 ἔμελλε
898 5495 1031 5571 Θεδς
1055 5508 1229 5581 ταύτῃ
1260 5508 1354 5562 τοῦ
1380 5510 1590 5564 δικαίου
1620 5512 1856 5583 κάμνον·

261 5605 357 5652 τος
392 5593 484 5645 ἐπὶ
525 5596 688 5649 πλέον
735 5599 1033 5670 ὑπερορᾷν,
1066 5601 1201 5654 ἀλλὰ
1228 5601 1378 5666 θείας
1403 5606 1431 5656 6
1460 5603 1686 5672 Συμεὼν
1730 5607 1851 5659 ἐπι-

267 5684 476 5756 σκοπῆς
511 5687 606 5741 καὶ
640 5695 1016 5763 προσαγούσης
1046 5695 1144 5765 ἤδη
1174 5696 1566 5768 παρακλήσεως
1590 5697 1852 5752 6116:606-

1965 4491 2118 4546 zelus
2150 4500 2278 4547 tuus
2306 4509 2371 4548 ac
2400 4493 2580 4549 virtus
2613 4495 2745 4550 tua?
2775 4495 2869 4549 ubi
2905 4504 2991 4559 est
3023 4496 3323 4567 multitudo
3378 4497 3560 4552 tnise--

1959 4582 2219 4638 ricordia:
2251 4592 2358 4638 tua:
2397 4592 2452 4639 et
2479 4585 2896 4641 miserationum
2934 4586 3193 4640 tuarum?

2032 4867 2154 4923 146.
2194 4868 2252 4922 In
2303 4863 2449 4923 hunc
2508 4869 2733 4925 modum
2784 4877 2983 4926 orante
3031 4880 3265 4937 sancto,
3307 4885 3587 4926 mmrore~

1958 4959 2265 5031 timoreque
2308 4961 2518 5030 impleti
2586 4970 2715 5017 sunt
2744 4978 2851 5018 non
2885 4963 3049 5018 modo
3097 4971 3415 5033 praesentes,
3449 4978 3545 5019 ve-

1957 5067 2080 5106 rum
2130 5052 2249 5122 ipsa
2284 5067 2505 5123 quoque
2552 5053 2826 5109 elementa
2871 5051 3354 5109 commiseratione
3396 5054 3543 5125 tangi

1954 5141 2311 5207 videbantur,
2364 5151 2554 5213 utpote
2613 5152 2721 5199 tam
2765 5145 2929 5215 justte
2978 5144 3177 5199 animte
3241 5144 3542 5201 clamorem
3628 5204 3631 5213 ,

1956 5234 2189 5289 ulterius
2216 5250 2324 5288 non
2355 5236 2587 5290 ferentia
2609 5254 2622 5290 :
2643 5243 2790 5290 certe
2812 5235 3025 5290 beatam
3056 5236 3322 5291 Martham
3346 5236 3545 5292 horror

1956 5325 2181 5395 quidam
2211 5325 2441 5389 subivit,
2466 5343 2577 5397 quo
2599 5343 2629 5382 a
2659 5327 2916 5383 sensibus
2936 5326 3173 5382 abivisse
3206 5341 3265 5382 se
3292 5327 3541 5398 putabat,

1956 5419 2136 5475 donec
2165 5435 2406 5492 superna
2452 5423 2546 5477 Dei
2579 5421 2755 5492 gratia
2786 5425 3001 5476 occulte
3033 5421 3435 5491 superveniens
3458 5420 3545 5491 ip-

1954 5527 2068 5567 sam
2101 5512 2168 5567 ad
2213 5528 2272 5568 se
2312 5513 2551 5569 reduxit.
2588 5498 3097 5570 Verumenimvero
3136 5529 3248 5569 non
3306 5512 3544 5584 amplius

1955 5607 2062 5661 hoc
2104 5607 2270 5662 modo
2306 5609 2668 5679 despceturus
2697 5617 2817 5664 erat
2849 5609 2996 5665 Deus
3022 5608 3235 5681 justum
3280 5606 3542 5662 laborans

1956 5705 2066 5753 tem
2102 5715 2117 5752 :
2149 5699 2396 5755 sentiens
2439 5700 2623 5771 itaque
2650 5700 2895 5757 divinam
2941 5701 3321 5759 visitationem
3365 5698 3550 5752 adveu
