4034 6186
470 309 614 374 3123
649 383 656 388 ,ι

1649 313 1712 372 S.
1758 305 2144 371 SYMEONIS
2183 303 2546 367 JUNIORIS

3609 297 3750 362 am

473 431 828 500 nientemque
889 429 1344 494 consolationem,
1421 429 1629 500 ingenti
1685 427 1870 483 statim
1917 438 2085 480 voce.

2192 439 2346 485 ιενος,
2383 421 2476 487 ὀξὺ
2511 421 2712 474 αὐτίκα
2745 420 2946 493 βοήσας
2973 462 2986 487 ,
3027 421 3130 476 Ἐκ
3173 419 3438 488 θλίψεως
3465 417 3754 472 exmia.

473 521 751 582 clamavit,
777 521 966 576 dicens
1001 537 1013 572 :
1049 519 1128 574 Ea:
1159 519 1504 574 tribulatione
1539 534 1656 571 mea
1689 515 1926 570 invocavi
1953 512 2062 566 Do-

474 613 698 682 minam,
721 623 770 666 et
814 613 1082 666 exaudivit
1131 629 1213 666 me
1255 599 1310 666 in
1359 613 1638 666 latitudine
1689 609 1780 662 ’κε
1822 607 2061 670 Domine,

475 706 670 758 exaudi
701 707 996 760 oralionem
1029 721 1198 758 meum
1245 713 1294 757 et
1351 705 1552 757 clamor
1601 717 1746 755 meus
1791 699 1859 752 ad
1894 707 1942 750 te
1975 713 2064 750 ve-

478 799 610 850 niat.
641 797 720 851 Ne
767 805 974 852 avertas
1007 797 1195 866 {aciem
1237 805 1385 848 tuam
1418 813 1450 849 a
1479 811 1638 866 puero
1666 803 1776 856 tuo,
1813 790 2064 854 quoniam

477 887 706 942 tribulor
749 903 768 950 ;
876 889 1122 942 velociter
1174 887 1368 942 exaudi
1417 902 1499 940 me
1535 895 1614 946 tu,
1657 884 1746 954 qui
1797 881 1950 935 caelos
1981 881 2068 932 in-

479 980 674 1044 clinas,
727 980 1029 1049 Deus";qui
1066 997 1134 1034 ex
1183 979 1392 1034 sanctis
1423 987 1478 1034 et
1512 977 1744 1032 excelsis
1769 975 2072 1030 habitacu-

474 1073 546 1125 lis
581 1073 693 1126 luis
731 1072 1090 1136 descendisti,
1126 1072 1222 1141 qui
1255 1079 1484 1140 propter
1513 1084 1604 1122 me
1627 1082 1754 1120 caro
1781 1065 1956 1118 factus
1987 1077 2066 1125 es,

475 1164 572 1231 qui
610 1181 710 1233 pro
737 1179 820 1217 me
845 1179 1066 1217 crucem
1088 1171 1146 1219 et
1169 1173 1402 1217 mortem
1427 1159 1763 1216 sustinuisti.
1797 1157 1852 1210 Si
1879 1157 2074 1210 volun-

481 1263 648 1308 litem
701 1253 1012 1306 timentium
1051 1261 1125 1316 te,
1160 1253 1240 1306 nti
1271 1250 1598 1322 promisisti,
1637 1247 1804 1312 facis;
1842 1245 1888 1300 si
1929 1243 2072 1298 libro

481 1347 612 1400 vita:
633 1353 855 1400 aeternae
875 1360 960 1398 me
983 1344 1234 1398 inutilem
1259 1358 1480 1397 servum
1505 1337 1865 1408 inscripsisti;
1887 1351 2074 1406 quem-

477 1437 774 1492 admodum
819 1435 983 1488 ﬁliam
1013 1435 1280 1504 principis
1304 1435 1416 1504 jam
1449 1431 1764 1486 defunctam
1787 1470 1801 1491 ,
1831 1439 1888 1481 et
1923 1441 2074 1479 mor-

489 1539 646 1584 tuum
689 1527 870 1582 vidum
913 1527 1084 1580 ﬁlium
1136 1527 1246 1595 jam
1295 1525 1525 1587 clatum,
1559 1531 1616 1576 et
1666 1521 1934 1574 Lazarum
1961 1518 2074 1587 jam

477 1618 910 1690 quatriduanum
959 1631 1026 1670 ex
1061 1615 1298 1670 mortuis
1345 1611 1718 1677 rcsuscitasti;
1769 1609 1844 1664 ita
1889 1607 2076 1662 veniat

481 1724 702 1779 quoque
753 1708 980 1778 spiritus
1009 1707 1135 1761 vita}
1167 1706 1222 1760 in
1253 1707 1404 1760 hunc
1437 1703 1785 1766 defunctum,
1829 1711 1884 1756 et
1921 1700 2069 1754 revi—

480 1803 676 1863 viscat,
713 1809 768 1854 et
789 1800 1054 1854 consistat
1089 1797 1324 1868 pedibus
1354 1796 1491 1850 suis;
1528 1795 1606 1849 lta
1629 1795 1776 1865 justo
1799 1791 2070 1863 Symeone

483 1893 778 1956 clamante,
831 1906 959 1954 vox,
1009 1888 1476 1959 quemadmodum
1531 1887 1586 1942 in
1625 1885 1874 1940 oratione
1907 1884 2066 1944 solet,

483 1987 630 2039 intra
669 1984 842 2054 ipsius
867 1983 1104 2052 jacentis
1153 1981 1392 2036 animam
1421 1979 1610 2034 audita
1639 1985 1721 2032 est
1747 1977 1848 2048 (uti
1883 1985 2072 2046 postea

481 2076 764 2144 narrabat)
785 2075 980 2130 dicens
1009 2091 1022 2127 :
1047 2073 1219 2128 Totus
1243 2071 1483 2126 mundus
1503 2069 1746 2124 tenebrae
1769 2075 1889 2133 est;
1923 2067 2072 2120 nulla
2109 2063 2116 2068 ’

483 2170 696 2238 uspiam
729 2168 824 2221 lux
853 2181 1022 2236 super
1065 2165 1260 2219 faciem
1313 2173 1494 2226 terrae,
1532 2160 1796 2231 quoniam
1847 2157 2074 2228 impleta

482 2269 571 2316 est
621 2259 886 2329 iniquitas
931 2259 990 2312 in
1023 2255 1265 2327 negotiis
1293 2255 1530 2310 ﬁliorum
1565 2252 1874 2315 hominum,
1907 2249 2072 2319 idque

487 2368 600 2407 non
635 2353 813 2407 solum
861 2351 966 2406 hoc
1007 2351 1066 2404 in
1105 2349 1248 2403 loco.

559 2549 683 2604 ΜΤ.
717 2546 836 2602 Jam
889 2545 968 2600 sol
1020 2557 1216 2598 versus
1247 2539 1538 2596 meridiem
1581 2537 1908 2602 inclinabat,
1947 2551 2074 2590 cum

487 2637 726 2708 suspicit
777 2645 1002 2690 sanctus
1047 2633 1284 2704 Symeon
1319 2649 1332 2683 :
1363 2639 1531 2698 atque
1579 2643 1708 2684 ecce
1755 2626 2077 2698 panduntur

489 2729 640 2793 caeli,
682 2735 740 2782 et
777 2727 988 2792 lumen,
1031 2739 1144 2780 non
1195 2723 1358 2777 modo
1391 2722 1679 2776 oculorum
1729 2717 1928 2780 aciem,
1979 2717 2076 2771 sed

489 2823 664 2891 ipsam
705 2834 927 2892 quoque
959 2817 1106 2872 diem
1140 2825 1197 2870 et
1231 2811 1742 2886 splendidissimum
1775 2809 1946 2865 solem
1997 2806 2080 2862 of.

485 2915 734 2978 fuscans,
781 2926 946 2982 supra
979 2911 1385 2964 ﬁrmamentum
1414 2905 1646 2970 emicat;
1685 2917 1962 2972 sonusque
1991 2915 2080 2955 ro—

491 3019 676 3063 tarum
712 3003 1056 3062 currentium
1087 3001 1348 3056 allabitur
1377 2997 1625 3053 auribus.
1655 2994 1866 3050 Currus
1894 3001 2078 3048 autem

2167 513 2378 584 σάμην
2423 517 2529 568 τὸν
2567 515 2806 582 Κύριον,
2835 515 2966 584 ἔφη.
3008 513 3108 567 καὶ
3159 509 3470 576 ἐπήκουσέ
3497 525 3620 576 μου
3661 509 3750 575 είς

2167 608 2564 676 πλατυσμόν·
2604 607 2800 675 Κύριε,
2843 604 3216 660 είσάκουσον
3255 601 3366 670 τῆς
3401 599 3750 670 προσευχῆς

2163 716 2304 768 μου,
2331 700 2430 753 καὶ
2461 701 2498 766 ἡ
2525 697 2754 768 κραυγή
2780 716 2900 768 μου
2923 698 3073 765 πρὸς
3097 697 3174 750 σὲ
3205 695 3424 750 ἐλθέτω
3445 711 3456 722 ο
3479 693 3568 762 μὴ
3600 695 3748 746 ἀπο-

2169 789 2446 859 στρέψῃς
2473 792 2540 844 τὸ
2567 791 2895 858 πρόσωπόν
2922 806 3040 843 σου
3077 787 3198 842 ἀπὸ
3225 786 3331 840 τοῦ
3364 784 3579 849 παιδός
3609 801 3744 848 σου,

2171 883 2260 935 ὅτι
2283 883 2556 949 θλίϐομαι
2573 896 2586 911 ’
2609 881 2764 950 ταχὺ
2793 879 3145 934 ἐπάκουσόν
3160 896 3280 948 μου
3297 912 3312 938 ,
3349 880 3382 930 ὀ
3417 879 3636 940 κλίνας
3661 877 3750 928 οὐ·

2163 973 2392 1044 ραν-οὺς
2417 975 2563 1039 Θεός
2585 989 2600 1001 ·
2627 975 2720 1026 καὶ
2752 973 2810 1037 ἐξ
2838 973 3008 1040 ἀγίων
3034 971 3346 1040 ὑψωμὰτων
3377 969 3472 1021 καὶ
3497 985 3752 1038 κατοικη-

2172 1067 2377 1135 τηρίων
2409 1083 2503 1118 σου
2534 1065 2799 1128 καταϐὰς,
2829 1067 2858 1117 6
2885 1063 2950 1116 δι’
2981 1063 3080 1132 ἐμὲ
3109 1059 3248 1131 σὰρξ
3263 1061 3574 1128 γενόμενος,
3609 1061 3638 1110 6
3661 1057 3754 1108 καὶ

2177 1160 2408 1228 σταυρὲν
2435 1159 2575 1227 ὑπὲρ
2601 1159 2736 1228 ἐμοῦ
2771 1157 2862 1210 καὶ
2893 1156 3121 1210 θάνατον
3149 1153 3542 1222 ἀνασχόμενος.
3573 1151 3636 1202 Εἰ
3669 1149 3758 1200 θέο

2173 1247 2238 1315 λη
2250 1263 2324 1316 μα
2341 1245 2449 1298 τῶν
2483 1263 2540 1297 σε
2570 1246 2736 1314 φοϐου
2746 1246 2940 1315 μένων,
2963 1244 3038 1306 ὡς
3058 1244 3392 1312 ἐπηγγείλω,
3416 1245 3610 1303 ποιεῖς,
3628 1243 3676 1291 εἰ
3693 1241 3756 1309 τῇ

2177 1337 2346 1408 βίϐὶῳ
2377 1354 2444 1406 με
2476 1337 2574 1404 τῆς
2600 1337 2751 1408 παρά
2781 1337 2864 1389 σον¹
2901 1335 3048 1404 ζωῆς
3087 1336 3181 1387 καὶ
3215 1335 3306 1386 τὸν
3333 1335 3550 1402 ἀχρεῖον
3575 1331 3760 1384 δοῦλον

2179 1427 2566 1498 ἐναπεγράψω,
2613 1427 2688 1490 ὼς
2727 1425 3056 1494 τεθνηκυῖαν
3099 1425 3201 1495 ⁴ἥδη
3249 1425 3350 1492 τὴν
3377 1422 3472 1475 τοῦ
3501 1422 3763 1491 ἄρχοντος

2181 1519 2478 1589 θυγατέρα,
2519 1517 2592 1580 ὡς
2638 1514 3066 1588 ἐκκομιζόμενον
3108 1516 3302 1583 νεκρὸν
3335 1514 3430 1568 τὸν
3457 1517 3556 1584 τῆς
3589 1513 3766 1582 χήρας

2180 1613 2316 1677 υἱον,
2345 1611 2420 1673 ὡς
2447 1609 2720 1680 τετραήμε
2729 1626 2820 1680 ρον
2851 1610 2914 1662 ἐκ
2935 1609 3144 1679 νεκρῶν
3167 1609 3469 1676 ἀνέστησας
3491 1605 3762 1674 Λάζαρον,

2179 1704 2354 1765 οὕτως
2409 1703 2611 1755 ἐλθέτω
2664 1701 2883 1767 πνεῦμα
2937 1699 3084 1768 ζωῆς
3133 1701 3224 1752 καὶ
3273 1701 3352 1762 είς
3388 1699 3482 1751 τὸν
3509 1698 3768 1768 κείμενον

2174 1795 2382 1859 τοῦτον,
2417 1795 2508 1846 καὶ
2537 1791 2778 1862 ζησὰτω,
2813 1792 2907 1844 καὶ
2943 1793 3122 1862 στήτω
3167 1791 3262 1843 ἐπὶ
3299 1777 3410 1843 τῶν
3447 1790 3628 1842 ποδῶν
3663 1790 3768 1842 αὖ-

2173 1887 2290 1942 τοῦ.
2345 1885 2531 1939 Ταῦτα
2593 1885 2690 1936 τοῦ
2741 1883 2950 1936 δικαίου
3008 1883 3260 1952 βοῶντος,
3311 1883 3463 1951 φωνὴ
3511 1881 3768 1951 καθάπερ

2174 1980 2233 2032 ἐν
2293 1979 2571 2049 προσευχῇ
2627 1979 2692 2045 τῇ
2749 1977 2894 2046 ψυχῇ
2952 1974 3048 2027 τοῦ
3105 1973 3358 2042 κειμένου
3397 1973 3648 2042 ἠκούετο,
3689 1972 3766 2034 ὡς

2175 2070 2336 2134 αὺτδς
2374 2069 2600 2139 ὕστερον
2616 2067 2977 2138 ἐξηγούμενος
2993 2061 3082 2137 ἦν,
3117 2066 3300 2130 Ὀλος,
3335 2065 3594 2132 λέγουσα,
3635 2063 3770 2115 σκό-

2174 2181 2267 2226 τος
2311 2165 2339 2214 6
2371 2162 2596 2230 κόσμος,
2643 2161 2742 2214 οὐκ
2771 2160 2890 2212 ἐστι
2921 2159 3036 2226 φῶς
3075 2158 3170 2210 ἐπὶ
3203 2155 3500 2226 προσώπου
3535 2155 3638 2222 τῆς
3661 2153 3770 2221 γῆς

2175 2253 2437 2323 οὐδαμοῦ,
2475 2251 2875 2322 πληθυνθείσης
2925 2243 3036 2318 τῆς
3075 2249 3304 2320 ἀνομίας
3343 2250 3402 2301 ἐν
3432 2250 3546 2309 τοῖς
3575 2249 3770 2314 ἐπιτη-

2175 2349 2410 2418 δεύμασι
2467 2347 2578 2399 τῶν
2633 2343 2768 2397 υἱῶν
2819 2343 2927 2397 τῶν
2975 2341 3302 2413 ἀνθρώπων,
3347 2340 3430 2392 ὅτι
3482 2337 3560 2408 μὴ
3605 2340 3770 2406 μόνον

2179 2437 2428 2490 ἐνταῦθα.

2251 2524 2396 2597 ρμζ¹.
2431 2525 2618 2587 "mtto;
2654 2526 2753 2595 μὲν
2777 2519 2870 2576 οὖν
2903 2523 3004 2594 ἢδη
3036 2521 3174 2593 μετά
3201 2519 3548 2593 μεσημϐρίαν
3577 2517 3772 2572 κεκλί-

2177 2632 2296 2671 κει·
2332 2617 2434 2687 ὁρᾷ
2484 2615 2542 2668 δέ
2577 2616 2604 2665 ὀ
2637 2614 2778 2682 ίερὸς
2803 2611 3051 2683 Συμεὼν,
3079 2611 3175 2664 καὶ
3213 2610 3321 2663 ἰδοὺ
3369 2607 3682 2675 ἀνοίγονται
3719 2605 3772 2657 οε

2175 2708 2416 2778 οὐρανοὶ,
2449 2705 2563 2777 φῶς
2591 2705 2648 2758 δὲ
2683 2705 2783 2758 οὐκ
2807 2702 3086 2774 ὀφθαλμοῦ
3119 2703 3301 2772 μόνον,
3327 2699 3462 2755 ἀλλά
3481 2701 3578 2752 καὶ
3597 2697 3775 2766 αὐτῆς

2177 2803 2413 2874 ἡμέρας,
2447 2801 2542 2855 καὶ
2563 2797 2731 2854 αὑτοῦ
2761 2801 3008 2867 κρεῖττον
3031 2795 3188 2867 ἡλίου
3218 2794 3478 2866 ὑπεράνω
3507 2791 3604 2844 τοῦ
3653 2806 3778 2842 στε-

2181 2895 2506 2968 ρεώματος·
2545 2889 2680 2965 ἦχός
2731 2907 2794 2944 τε
2841 2889 3052 2960 τροχῶν
3111 2887 3428 2958 φερομένων
3479 2885 3780 2953 ἐμπίπτων

2179 2987 2301 3049 ταῖς
2321 2986 2514 3047 ἀκοαῖς
2538 3001 2554 3014 ·
2583 2983 2738 3054 ἅρμα
2768 2981 2826 3034 δὲ
2849 2979 3079 3034 κατόπιν
3103 2977 3196 3031 τοῦ
3221 2978 3354 3048 ηχου
3382 2976 3646 3044 τέσσαρσι
3673 2973 3780 3042 μὲν

489 3107 730 3170 quatuor
759 3098 1064 3152 instructus
1097 3093 1256 3164 equis
1286 3107 1350 3146 ac
1383 3089 1614 3146 totidem
1651 3086 1788 3141 rotis
1819 3095 1960 3148 erat,
1989 3083 2077 3138 cui

2192 3079 2372 3142 ἵπποις
2399 3075 2704 3148 χρώμενον,
2735 3073 3013 3136 τοσούτοις
3041 3071 3098 3125 δὲ
3123 3071 3217 3125 καὶ
3249 3071 3468 3140 τροχοῖς
3489 3083 3504 3096 ·
3539 3068 3692 3138 τρεῖς
3714 3082 3778 3118 τε

492 3203 606 3246 tres
637 3187 1010 3260 pmsidebant
1039 3185 1175 3249 viri;
1207 3197 1442 3252 quorum
1469 3195 1612 3235 unus
1639 3193 1672 3232 a
1702 3187 1857 3248 parte
1887 3175 2082 3230 dextra

492 3282 712 3338 medius
739 3281 884 3334 inter
919 3277 1058 3332 duas
1101 3283 1252 3328 rotas
1285 3279 1342 3327 et
1369 3287 1563 3342 equos,
1595 3271 1734 3324 alter
1765 3284 1794 3322 a
1821 3275 1974 3338 parte
2005 3265 2084 3322 si-

491 3375 672 3430 nistra
695 3371 974 3434 similiter,
999 3368 1196 3424 tertius
1224 3382 1253 3420 a
1281 3375 1432 3436 tergo
1454 3362 1699 3418 sedebat.
1719 3360 1899 3416 Vestis
1922 3373 2085 3429 porro

495 3478 553 3524 et
580 3483 737 3522 coma
765 3466 902 3521 viris
925 3464 1047 3520 talis
1077 3471 1217 3526 erat,
1251 3469 1312 3516 ut
1338 3459 1510 3514 altera
1536 3455 1774 3512 candore
1798 3460 2089 3524 superaret

496 3561 704 3624 nivem,
759 3558 933 3613 altera
984 3553 1280 3625 splendore
1329 3565 1526 3606 aurum
1579 3567 1591 3600 :
1637 3563 1907 3618 equorum
1953 3559 2086 3599 vero

499 3653 652 3707 color
681 3660 738 3707 et
769 3650 942 3710 frena,
995 3657 1052 3703 et
1105 3645 1348 3700 vehiculi
1400 3643 1616 3713 species
1659 3654 1876 3696 merum
1926 3647 2090 3693 erant

498 3746 710 3810 luanen,
750 3743 898 3814 quod
945 3741 1136 3796 oculos
1183 3739 1368 3810 potius
1399 3736 1467 3790 ad
1502 3731 1888 3804 Spectandum,
1923 3743 2086 3799 quam

499 3839 746 3910 linguam
801 3835 872 3890 ad
931 3832 1322 3904 explicandum
1375 3827 1708 3899 requireret,
1759 3832 1853 3879 aut
1905 3822 2091 3893 potius

505 3939 871 3996 utrorumque
903 3923 1190 3994 aequaliter
1212 3915 1887 3990 argueretinﬁrmitatem.
1923 3912 2092 3967 Fere-

503 4019 668 4074 batur
685 4027 868 4072 autem
893 4029 1093 4070 currus
1123 4025 1264 4082 pone
1298 4009 1610 4063 columnam
1637 4020 1666 4058 a
1695 4011 1848 4074 parte
1870 4001 2094 4057 sinistra

507 4128 704 4168 versus
761 4109 1066 4172 dexteram,
1113 4105 1290 4159 donec
1342 4101 1674 4156 consisteret
1725 4107 1851 4151 ante
1896 4095 2092 4150 faciem

509 4204 798 4280 Symeonis
832 4217 1026 4257 versus
1063 4199 1356 4262 orientem,
1400 4193 1480 4249 sic
1509 4192 1736 4264 jubente
1779 4205 1844 4246 eo
1876 4189 1970 4260 qui
2006 4203 2094 4243 se-

509 4299 787 4370 quebatur
817 4311 844 4348 a
885 4291 1110 4348 dextris.

588 4391 707 4447 M8.
739 4388 860 4442 Mox
880 4387 1046 4442 etiam
1073 4401 1102 4439 a
1130 4381 1372 4438 dexteris
1394 4379 1686 4450 tranquilla
1715 4375 1920 4431 amavit
1941 4390 2094 4438 aura,

2179 3176 2425 3248 ,ἀριθμὸν
2447 3173 2818 3244 παραθέοντες
2840 3171 3061 3240 ἄνδρες,
3091 3169 3118 3220 6
3149 3167 3247 3237 μὲν
3269 3169 3332 3219 ἐκ
3354 3164 3545 3232 δεξιῶν
3571 3162 3780 3234 μεταξῦ

2191 3267 2298 3322 τῶν
2350 3267 2444 3320 δύο
2475 3265 2688 3337 τροχῶν
2731 3280 2792 3317 τε
2845 3262 2942 3316 καὶ
2982 3261 3186 3322 ἵππων,
3219 3259 3248 3311 6
3290 3257 3334 3310 δ’
3367 3257 3426 3322 ἐξ
3469 3251 3782 3325 ἀριστερῶν

2191 3358 2413 3430 ὁμοίως,
2444 3356 2631 3428 ἕτερος
2671 3355 2716 3408 δ’
2745 3357 2809 3408 ὲκ
2853 3353 2961 3406 τῶν
3002 3349 3288 3406 ὀπισθίων.
3325 3349 3390 3401 Ἦ
3433 3347 3490 3400 δὲ
3539 3343 3784 3413 ἀναϐολὴ

2191 3457 2306 3518 τοῖς
2337 3453 2565 3524 ἀνδράσι
2609 3453 2705 3505 καὶ
2746 3451 2778 3522 ἡ
2811 3449 2984 3519 κόμη,
3013 3449 3048 3520 ἡ
3079 3447 3176 3516 μὲν
3207 3445 3363 3516 χιόνα
3391 3445 3458 3512 τῇ
3487 3441 3784 3512 λευκότητι

2195 3547 2491 3618 παριοῦσα,
2535 3547 2568 3616 ἡ
2609 3544 2666 3598 δὲ
2708 3543 2868 3596 πλέον
2899 3542 2994 3595 καὶ
3031 3537 3236 3610 χρυσοῦ
3277 3535 3602 3590 στίλϐουσα·
3635 3533 3698 3586 τὸ
3723 3531 3786 3585 δὲ

2195 3641 2303 3696 τῶν
2333 3641 2518 3694 ἵππων
2549 3637 2768 3708 χρῶμα,
2807 3635 2875 3689 τὰ
2911 3633 2970 3687 δὲ
3004 3632 3152 3703 ἡνία,
3195 3630 3257 3683 τό
3291 3629 3346 3682 δὲ
3371 3627 3468 3682 τοῦ
3505 3627 3790 3698 ὀχήματος

2197 3729 2358 3798 εἶδος,
2395 3729 2512 3799 φῶς
2552 3727 2876 3797 αὐτόχρημα
2915 3720 3076 3795 ἦσαν,
3113 3721 3230 3792 φῶς
3253 3717 3552 3789 ὀφθαλμῶν
3581 3715 3792 3786 μᾶλλον

2198 3823 2278 3886 είς
2308 3821 2436 3874 θέαν
2473 3818 2506 3890 ἢ
2553 3816 2803 3886 γλώττης
2849 3815 2928 3877 είς
2970 3810 3268 3884 ἑρμηνείαν
3313 3808 3584 3877 δεόμενον,
3627 3805 3661 3875 ἦ
3693 3804 3794 3858 καὶ

2199 3915 2405 3986 ἀμφοῖν
2429 3911 2648 3980 ἐπίσης,
2674 3907 2920 3977 γλώττης
2949 3903 3085 3976 ὁμοῦ
3122 3905 3216 3957 καὶ
3244 3900 3540 3971 ὀφθαλμῶν
3565 3899 3796 3968 ἐλέγχον

2203 4006 2510 4062 ἀσθένειαν.
2555 4000 2816 4072 Ἐφέρετο
2846 3997 3026 4050 τοίνυν
3051 3995 3148 4050 ἐπὶ
3182 3993 3252 4047 τὰ
3281 3992 3432 4058 δεξιά
3457 3991 3546 4044 διὰ
3567 3989 3678 4042 τῶν
3705 3989 3798 4040 εὖ·

2203 4097 2312 4152 ωνύ
2322 4113 2436 4166 μων
2467 4095 2530 4148 ἐκ
2556 4093 2666 4146 τῶν
2688 4088 2948 4145 ὀπισθίων
2982 4087 3076 4141 τοῦ
3098 4087 3296 4149 κίονος,
3321 4084 3428 4148 ἓως
3455 4081 3596 4135 κατά
3621 4079 3800 4150 πρόσ-

2204 4206 2353 4242 ωπον
2391 4187 2521 4256 ἔστη
2567 4183 2663 4238 τοῦ
2721 4179 2948 4252 Συμεὼν
2988 4177 3126 4248 πρὸς
3164 4173 3446 4238 ἀνατολὰς,
3495 4171 3592 4224 τοῦ
3639 4168 3800 4236 δεξιὲ.

2207 4278 2593 4351 παρεπομένου
2621 4273 2794 4344 ταύτῃ
2819 4269 3196 4332 κελεύσαντος.

2283 4375 2432 4442 ρμη’.
2459 4367 2669 4421 Λύτίκα
2691 4363 2824 4432 γοῦν
2853 4365 2918 4414 ὲκ
2949 4359 3058 4414 τῶν
3092 4358 3282 4424 δεξιῶν
3304 4356 3488 4427 ἡρέμα
3519 4352 3802 4422 προσέϐα-

513 4483 880 4556 apparuitquc
939 4476 1246 4534 similitudo
1300 4471 1752 4534 ﬁrmamenti,et
1781 4469 1920 4522 visio
1973 4477 2085 4536 posl

2201 4467 2294 4522 λεν
2323 4463 2486 4534 αὖρα,
2517 4459 2612 4513 καὶ
2644 4458 2752 4510 ἰδοὺ
2779 4454 2854 4518 ὡς
2880 4453 3134 4522 ὁμοίωμα
3159 4451 3558 4520 στερεώματος,
3589 4445 3686 4498 καὶ
3719 4443 3804 4507 ὡς

516 4591 730 4651 tergum
783 4577 934 4632 velut
959 4571 1158 4644 lapidis
1189 4567 1459 4639 sapphiri,
1506 4577 1562 4621 et
1605 4572 1844 4635 quatuor
1907 4575 2103 4615 manus

513 4676 760 4728 virorum
809 4669 1066 4742 (dixisses
1125 4659 1573 4718 consternatione
1617 4673 1680 4712 ac
1725 4657 1922 4710 timore
1978 4669 2105 4722 per-

515 4765 720 4834 culsos)
763 4761 984 4818 levibus
1033 4757 1136 4810 alis
1187 4751 1613 4824 pervolantium,
1647 4757 1702 4802 et
1727 4746 1886 4816 quasi
1923 4745 2107 4799 velum

519 4857 742 4930 aliquod
767 4851 956 4910 altaris
975 4865 1034 4906 se
1049 4847 1388 4902 moventium
1415 4862 1426 4898 :
1456 4842 1604 4913 quod
1633 4838 2006 4911 spectabatur,
2035 4836 2110 4890 si—

519 4947 777 5006 militudo
827 4943 1012 5000 throni
1083 4943 1386 4995 introrsum
1441 4931 1814 5006 splendentis;
1873 4943 1937 4983 ac
1983 4944 2110 4982 rur-

521 5057 616 5097 sus
665 5053 828 5108 supra
883 5035 1142 5088 thronum
1207 5029 1360 5082 velut
1409 5025 1624 5096 species
1671 5019 1932 5084 hominis,
1993 5032 2102 5072 non

520 5129 917 5205 permittentis,
945 5135 1156 5180 tantum
1185 5121 1270 5176 vel
1292 5119 1467 5174 oculis
1499 5117 1582 5172 vel
1613 5123 1796 5170 mente
1825 5129 1856 5167 e
1893 5119 2106 5180 specta-

522 5203 650 5282 culo
691 5221 989 5293 voluptatis
1030 5215 1173 5286 capi,
1214 5223 1482 5285 quantum
1535 5216 1792 5280 spectans
1819 5203 2106 5274 cupiebat:

525 5317 704 5388 angeli
766 5327 988 5385 quoque
1035 5321 1270 5364 numero
1319 5303 1556 5367 inﬁniti,
1617 5300 1902 5370 cingentes
1955 5295 2110 5348 thro-

525 5426 684 5476 num,
720 5417 921 5476 prmsto
949 5415 1140 5468 erant;
1177 5401 1272 5472 qui
1309 5399 1488 5469 ipsum
1517 5411 1708 5450 revera
1737 5395 1926 5448 lumen
1959 5387 2116 5442 vide-

527 5504 755 5568 bantur,
791 5502 862 5556 ita
889 5496 1253 5554 coruscabant
1275 5491 1520 5560 undique
1572 5483 1880 5541 omittendo
1909 5480 2114 5536 radios.

539 5598 650 5654 Alii
705 5593 948 5666 speciem
1009 5585 1376 5662 praeferebant
1433 5579 1598 5645 aeris,
1664 5577 1756 5632 alii
1811 5575 1978 5647 ignis,
2025 5573 2118 5626 alii

613 5779 660 5810 "
699 5779 842 5836 Psal.
884 5793 1048 5843 cxx”,
1095 5775 1146 5830 5.
1224 5777 1266 5808 ἰ’
1309 5772 1452 5830 Psal.
1501 5784 1570 5838 Ct,
1622 5767 1678 5836 2,
1707 5766 1772 5830 5;
1801 5775 1933 5820 xm,
1965 5759 2041 5814 10.

2207 4560 2396 4630 ὅρασις
2457 4549 2596 4604 κατά
2643 4547 2812 4602 νῶτον
2855 4545 3001 4598 λίθου
3053 4543 3379 4614 σαπφείρου,
3425 4537 3692 4608 τέσσαρές
3737 4552 3804 4588 τε

2208 4653 2392 4722 χεῖρες
2427 4643 2636 4715 ἀνδρῶν
2669 4641 2832 4693 οἱονεὶ
2859 4639 2954 4690 σὺν
2986 4635 3248 4704 ἐκπλήξει
3285 4633 3378 4686 καὶ
3409 4629 3562 4699 φόϐῳ
3589 4627 3802 4696 πτέρυ-

2212 4745 2292 4811 ξιν
2324 4739 2586 4809 ἐλαφραῖς
2608 4731 3035 4801 διαπετομένων,
3071 4731 3166 4782 καὶ
3193 4727 3382 4796 ὥσπερ
3405 4743 3458 4776 τι
3489 4721 3808 4775 καταπέτα-

2214 4853 2329 4906 σμα
2361 4827 2748 4899 θυσιαστηρίου
2791 4821 3190 4878 κατασειόντων
3213 4837 3226 4852 '
3256 4820 3324 4872 τὰ
3367 4817 3426 4870 δὲ
3457 4815 3600 4882 ὑπὲρ
3639 4812 3808 4865 τοῦτο

2213 4928 2466 4998 ὁμοίωμα
2487 4922 2683 4992 θρόνου
2709 4919 2777 4972 τὰ
2801 4917 2944 4970 ἔνδον
2965 4913 3439 4986 καταλάμποντος,
3463 4909 3557 4961 καὶ
3591 4906 3678 4958 ἐπ’
3701 4905 3808 4956 αὐ-

2213 5020 2306 5074 τοῦ
2327 5019 2486 5072 πάλιν
2511 5015 2584 5078 ὡς
2607 5009 2744 5074 εἶδος
2761 5009 3072 5080 ἀνθρώπου,
3110 5007 3246 5075 μήτε
3266 5000 3531 5070 ὀφθαλμῷ
3550 4999 3648 5068 τῆς
3671 4997 3808 5058 θέας

2222 5109 2530 5182 ἐφικέσθαι,
2561 5107 2696 5176 μήτε
2735 5101 2810 5173 νῷ
2833 5099 3082 5154 τοσοῦτον
3112 5098 3354 5168 ἐφιέντος
3375 5095 3500 5146 ὅσον
3517 5089 3808 5143 ἐϐούλετο-

2221 5203 2470 5272 ἀγγέλων
2504 5216 2564 5252 τε
2603 5197 2860 5268 μυριάδες
2887 5191 3122 5264 ἀριθμοῦ
3188 5187 3470 5259 κρείττους
3502 5179 3810 5238 κυκλοῦσαι

2223 5296 2313 5348 τὸν
2345 5293 2533 5362 θρᾶνον
2581 5289 2716 5360 ὀμοῦ
2761 5289 2855 5341 καὶ
2897 5285 3315 5357 πλρεστηκυῖαι,
3337 5279 3452 5348 φῶς
3483 5277 3808 5344 αὐτόχρημα

2218 5385 2394 5450 οὖσαι,
2413 5384 2526 5454 φῶς
2551 5383 2818 5453 ἀφιεῖσαι,
2835 5377 2948 5448 φῶς
2973 5375 3468 5446 ἐξαστράπτουσαι.
3493 5369 3556 5423 0i.
3581 5367 3678 5438 μὲν
3701 5367 3806 5417 ὃσα

2221 5481 2316 5534 καὶ
2341 5479 2446 5548 ἀὴρ
2473 5475 2766 5546 ὁρώμενοι,
2795 5473 2844 5524 οἱ
2871 5472 2926 5525 δὲ
2959 5470 3091 5540 πῦρ,
3119 5470 3168 5520 oi
3196 5467 3252 5520 δὲ
3277 5464 3428 5536 ἥλιος
3453 5478 3467 5492 ·
3505 5460 3585 5530 τῷ
3620 5457 3804 5527 μέντοι

2219 5571 2438 5642 Μιχαὴλ
2465 5569 2560 5640 (ὼς
2597 5565 2896 5638 τηνικαῦτα
2930 5561 3206 5634 μυστικῶς
3239 5557 3316 5628 τῷ
3341 5555 3570 5626 Συμεὼν
3591 5546 3810 5612 ἐδηλοῦ-
