4034 6186
378 283 520 357 319.5

1380 293 1551 354 VITA
1591 293 1639 352 A
1677 291 2115 354 NICEPHORO
2152 295 2638 361 CONSCRIPTA.

3508 292 3672 356 3126'

378 407 481 478 το),
514 405 761 469 πλείονος
795 405 906 460 τῶν
944 405 1119 462 ἄλλων
1165 402 1493 470 οίκειὼσεως
1527 406 1619 459 καὶ
1651 406 1945 477 παρρησίας

2069 407 2232 462 solis:
2267 408 2516 465 Michaeli
2579 418 2762 464 tamen
2798 408 2901 479 (uti
2943 417 3158 464 secreto
3217 406 3474 478 Symeoni
3521 415 3655 461 tunc

381 500 572 572 μετῆν,
607 497 684 562 ὡς
713 497 810 552 καὶ
857 497 1079 552 πάντων
1109 496 1208 568 ιἤδη
1241 497 1484 566 κεφαλὰς
1530 497 1961 569 ἐπικλινομένων

382 593 542 665 μόνον
565 592 921 664 ύπερανέχειν
953 590 1135 652 αύτδν.
1171 589 1590 662 διακονούμενον
1617 594 1730 655 τοῖς
1755 593 1962 646 Δεσπο-

375 689 553 753 τικοῖς
574 687 961 758 διατάγμασιν.
1002 684 1137 739 Ἀπὸ
1169 685 1353 756 μέντοι
1381 685 1479 757 τῆς
1504 682 1600 739 τοῦ
1620 684 1799 749 κίονος
1831 685 1963 738 στά-

383 798 521 845 σεως
546 781 674 852 ἄχρι
705 780 814 833 τῶν
837 777 1087 843 ἀθεάτως
1123 777 1348 831 ἐκείνων
1382 779 1475 831 καὶ
1508 776 1786 846 μυστικῶς
1817 778 1960 849 ὁρω-

383 875 563 944 μένων
593 872 908 936 ἀναδάσεις,
941 871 1017 936 ὡς
1049 872 1132 934 είς
1187 870 1279 924 τὸν
1315 869 1564 940 ούρανὸν,
1606 868 1664 922 αἱ
1703 867 1963 938 δυνάμεις

378 964 658 1018 ἐτίθεντο·
706 964 960 1034 συνανῄει
1007 961 1064 1016 δὲ
1105 963 1202 1016 καὶ
1246 959 1451 1033 πλῆθος
1495 960 1687 1024 αύταῖς
1726 959 1831 1013 ἀνὰ
1870 959 1963 1014 τὸν

378 1056 518 1124 ἀέρα
546 1055 768 1126 μυρίον,
793 1054 870 1119 ὡς
892 1054 1031 1126 μηδὲ
1059 1052 1136 1124 τῷ
1157 1054 1321 1106 παντὶ
1347 1051 1642 1124 χωρεῖσθαι
1679 1050 1972 1116 δύνασθαι,,

379 1150 496 1205 ἀλλ’
525 1145 638 1202 οἷον
672 1147 924 1218 ἀλλήλοις
954 1147 1293 1216 συγκεῖσθαι,
1328 1146 1424 1200 καὶ
1454 1144 1682 1213 θατέρου
1711 1144 1802 1198 τὸν
1842 1144 1962 1197 ἔτεα

380 1259 475 1312 ρον
511 1241 755 1310 ἔχεσθαι,
811 1241 928 1310 φῶς
978 1239 1418 1311 περικειμένους,
1464 1237 1580 1306 φῶς
1627 1236 1962 1309 ὁρωμένους,

380 1333 498 1401 φῶς
536 1327 648 1386 οἷον
678 1331 814 1401 μηδὲ
863 1329 1130 1401 ὀφθαλμῷ
1162 1325 1508 1398 καταληπτόν
1543 1323 1684 1384 εἶναι
1718 1329 1964 1399 λάμπον-

376 1439 511 1487 τας·
565 1423 716 1492 φωνὴ
750 1422 844 1475 τοῦ
886 1420 1235 1490 όμοιὼματος
1273 1418 1481 1472 ἐκείνου
1522 1419 1853 1489 ἀκουομένη.
1886 1417 1962 1482 ὼς

377 1515 530 1584 φωνὴ
555 1514 648 1566 τοῦ
675 1516 730 1566 ἐν
751 1514 1046 1583 ὑπεροχαῖς
1067 1509 1380 1580 ἀνθρώπου,
1398 1509 1841 1564 ἀποκατάστασιν
1861 1509 1958 1579 τῆς

367 1607 469 1660 τοῦ
502 1607 757 1676 κειμένου
785 1605 964 1676 ψυχῆς
996 1604 1357 1674 σημαίνουσα.

2073 499 2486 553 manifestatum
2523 499 2647 570 est)
2691 500 2866 569 major
2925 513 3089 568 quam
3150 497 3274 552 aliis
3311 496 3655 552 familiaritas

2075 591 2384 662 agendique
2409 591 2639 646 libertas
2683 601 2822 658 erat,
2871 591 3010 646 adeo
3071 598 3131 644 ut
3171 590 3431 645 omnibus
3472 589 3656 659 capita

2080 681 2498 750 inclinantibus,
2530 685 2647 754 ipse
2676 701 2822 740 unus
2847 685 3138 748 emineret,
3162 683 3462 738 Dominicis
3496 699 3655 737 man-

2071 774 2218 831 datis
2252 775 2582 832 inserviens.
2614 778 2697 832 Ab
2719 778 2813 832 illo
2839 792 3008 848 porro
3052 777 3148 832 ubi
3190 778 3446 832 columna
3472 779 3652 834 stabat
3675 823 3692 845 ρ

2066 865 2214 933 loco,
2237 866 2306 922 ad
2332 867 2488 923 illum
2524 885 2700 940 usque
2726 871 2821 925 ubi
2855 887 3059 927 arcana
3090 887 3195 926 nec
3214 871 3376 926 alteri
3408 887 3654 941 unquam

2065 959 2208 1026 visa,
2241 961 2564 1031 spectacula
2618 963 2984 1032 apparebant,
3030 979 3294 1019 ascensus
3355 973 3496 1029 erat,
3555 980 3655 1034 per

2067 1067 2234 1121 quem
2269 1053 2423 1109 velut
2468 1053 2523 1108 in
2561 1053 2742 1124 ipsum
2778 1071 2954 1126 usque
3005 1057 3206 1110 coelum
3267 1057 3500 1127 angelici
3541 1057 3672 1126 spis-

2067 1143 2210 1198 ritus
2237 1152 2400 1198 erant
2427 1145 2738 1209 constituti,
2765 1145 3321 1215 conscendebantque
3347 1162 3441 1215 per
3467 1162 3654 1200 aerem

2069 1239 2223 1288 tanta
2267 1233 2648 1300 multitudine,
2680 1245 2741 1289 ut
2783 1237 2903 1306 capi
2930 1237 3155 1289 omnino
3189 1238 3309 1291 loco
3381 1253 3490 1291 non
3531 1252 3656 1307 pos-

2067 1332 2210 1390 sent,
2239 1323 2337 1379 sed
2363 1325 2508 1380 inter
2541 1341 2600 1380 se
2639 1326 2796 1396 quasi
2823 1328 3159 1398 conglobati,
3187 1329 3280 1382 alii
3314 1328 3452 1383 alios
3497 1343 3652 1384 com~

2065 1414 2234 1484 plecti
2270 1424 2641 1485 cogerentur:
2671 1431 2865 1471 omnes
2930 1417 3386 1486 splendidissimo
3415 1419 3656 1473 circum.-

2064 1506 2178 1560 dati
2215 1507 2446 1573 lumine,
2481 1507 2813 1562 videbantur
2841 1509 3018 1578 ipsum
3041 1525 3162 1565 esse
3196 1510 3408 1575 lumen,
3457 1521 3508 1565 et
3545 1511 3652 1565 tale

2066 1599 2289 1669 quidem
2316 1600 2480 1670 quale
2508 1600 2796 1654 oculorum
2828 1601 2976 1655 acies
3002 1601 3148 1657 ferre
3197 1603 3471 1671 nequiret.
3508 1602 3649 1657 Tum

372 1702 612 1771 denique
644 1715 751 1754 vox
814 1699 1004 1754 audita
1036 1704 1141 1763 est,
1207 1696 1360 1752 velut
1397 1694 1641 1751 hominis
1689 1695 1747 1750 in
1802 1694 2024 1751 sublimi
2063 1694 2283 1756 stantis,
2331 1693 2650 1766 signiﬁcans
2683 1695 3093 1750 restitutionem
3137 1697 3332 1751 anima:
3373 1697 3648 1753 demortui

370 1797 427 1852 in
467 1810 622 1850 suam
649 1793 859 1848 sedem.

441 1881 586 1954 ρμθ’.
623 1883 709 1947 Ὠς
738 1881 794 1935 δὲ
825 1879 1167 1952 κρύπτεσθαι
1196 1881 1296 1951 ἤδη
1329 1879 1396 1934 τὰ
1426 1880 1525 1951 τῆς
1555 1880 1706 1944 θείας
1745 1880 1960 1952 ἐκείνης
1988 1886 2035 1944 Β

366 1977 713 2046 ἐπιφανείας,
751 1976 849 2029 καὶ
881 1974 1076 2046 μηκέθ’
1099 1975 1329 2047 ὁρᾶσθαι
1362 1975 1586 2046 ἡμελλε,
1615 1977 1844 2046 στρατιά
1874 1994 1960 2041 τις

365 2068 612 2134 ἀγγέλων
657 2065 900 2136 παρέστη
951 2062 1028 2132 τῷ
1076 2061 1326 2132 Συμεὼν,
1381 2066 1482 2133 τῆς
1515 2063 1954 2130 αὐτού-στάσεως

366 2158 739 2227 ἑκατέρωθεν,
775 2155 916 2208 κατά
975 2155 1085 2207 τῶν
1129 2154 1232 2223 τῆς
1271 2154 1538 2226 πονηρίας
1577 2155 1904 2224 πνευμάτων
1935 2171 1949 2186 ·

365 2237 712 2321 παραχρῆμα
744 2248 801 2302 δὲ
858 2247 952 2300 καὶ
985 2246 1170 2312 αὐτὸς,
1227 2247 1447 2316 χάριτος
1492 2245 1681 2316 ὥσπερ
1730 2248 1952 2317 δαψιλε-

364 2343 564 2412 στέρας
593 2339 984 2410 ὑποπλησθεὶς,
1027 2338 1258 2408 λαμπρᾷ
1287 2338 1361 2401 ὡς
1393 2335 1506 2407 εἶχε
1531 2339 1626 2391 καὶ⁸
1657 2339 1951 2410 πεποιθυῖα

363 2435 540 2504 φωνῇ,
588 2431 806 2500 Ἀδελφέ
859 2431 1070 2490 Κόνων,
1109 2429 1344 2498 ἐγειραι,
1379 2428 1508 2498 ἔφη,
1559 2429 1714 2482 καλεί
1768 2446 1827 2482 σε
1883 2430 1949 2483 δι’

362 2519 499 2589 ἐμοῦ
532 2520 560 2572 ὁ
597 2519 982 2590 τετραήμερον
1033 2519 1098 2570 ἐκ
1145 2518 1319 2585 τάφου
1375 2517 1612 2581 καλέσας
1650 2519 1901 2590 Λάζαρον
1930 2535 1946 2552 ·

364 2611 457 2664 καὶ
502 2609 640 2680 ὁμοῦ
704 2613 771 2680 τῇ
821 2613 972 2679 φωνῇ
1001 2609 1106 2680 (τίς
1142 2626 1237 2663 σου
1265 2608 1333 2662 τὰ
1365 2609 1674 2680 θαυμάσια,
1711 2612 1941 2682 Χριστέ,

361 2703 682 2772 διηγήσεται
719 2701 758 2770 ;)
787 2704 816 2755 ὁ
837 2701 1029 2771 νεκρὸς
1062 2701 1291 2767 ἀνεϐίω,
1328 2701 1425 2754 καὶ
1449 2702 1548 2771 τῆς
1569 2702 1830 2769 γλυκείας
1851 2702 1946 2756 τοῦ

358 2794 685 2848 διδασκάλου
721 2795 905 2861 φωνῆς
940 2796 968 2846 ὁ
998 2793 1248 2864 μαθητὴς
1286 2794 1482 2864 ᾔσθετο
1504 2810 1520 2824 ⁶
1551 2795 1647 2848 καὶ
1688 2795 1822 2866 πρὸς
1847 2796 1947 2865 τὴν

359 2886 554 2953 κλῆσιν
607 2885 921 2950 διαναστὰς,
973 2885 1070 2938 καὶ
1107 2885 1319 2954 δμμασι
1371 2884 1596 2954 βλέψας,
1665 2887 1758 2939 καὶ
1817 2890 1946 2941 ποσὶ

357 2977 705 3049 χρησάμενος
733 3018 750 3043 ,
809 2976 1158 3044 ἀποκατέστη
1251 2978 1317 3046 τῇ
1401 2975 1744 3059 ἀδελφότητι.
1832 2978 1946 3031 Καὶ

356 3070 518 3124 τοῦτο
549 3071 648 3139 μέν
699 3069 763 3140 δὴ
795 3067 1004 3123 τοιοῦτο
1038 3069 1132 3121 τοῦ
1181 3066 1431 3136 Συμεὼν,
1463 3069 1559 3122 καὶ
1605 3066 1750 3121 οὕτω
1795 3069 1940 3123 κατά

356 3163 450 3216 τὸν
476 3165 724 3230 γενναῖον
765 3161 884 3216 Ἰὼϐ
910 3160 1275 3232 πειρασθῆναι
1310 3159 1692 3232 συγχωρηθεὶς
1717 3161 1815 3216 καὶ
1848 3161 1946 3216 αύ-

355 3255 470 3318 τδς,
495 3253 886 3326 λαμπροτέρας
946 3229 1039 3305 ἐπὶ
1071 3229 1215 3306 τέλει
1267 3229 1527 3321 τυγχάνει
1557 3229 1658 3324 τῆς
1696 3253 1941 3326 ἀναρῤή-
1967 3229 2011 3290 c

355 3358 518 3406 σεως,
542 3344 653 3413 ὅσῳ
674 3342 768 3396 τοῦ
799 3341 1067 3396 διπλασίω
1095 3341 1204 3396 τῶν
1234 3339 1427 3412 πρώην
1464 3342 1838 3414 ἀφῃρημένων
1868 3345 1940 3400 τὰ

358 3434 498 3506 μετὰ
542 3433 718 3488 ταῦτα
777 3434 1132 3506 κομίσασθαι,
1165 3435 1226 3488 τὸ
1255 3435 1348 3489 τὸν
1392 3434 1624 3489 θανόντα
1664 3437 1939 3510 μαθητὴν,

352 3527 515 3582 αὐτὸν
536 3528 744 3582 ἐκεῖνον
775 3526 954 3592 ζῶντα
1003 3529 1168 3582 πάλιν
1216 3527 1470 3594 ἐξαισίως
1502 3528 1816 3594 ἀπολαϐεῖν,
1842 3532 1938 3585 καὶ

351 3618 612 3690 τοιαύτης
659 3619 986 3689 ἐπιφανείας
1026 3618 1362 3691 ἀξιωθῆναι,
1388 3620 1489 3674 ούκ
1522 3619 1692 3691 ὀλίγῳ
1719 3620 1933 3692 θαυμα-

353 3709 636 3784 σιώτερον.
683 3711 846 3784 Ἡμῖν
897 3711 955 3765 δέ
1009 3713 1104 3766 καὶ
1137 3712 1274 3784 πρὸς
1311 3712 1381 3767 τὰ
1413 3711 1543 3782 ἐξῆς
1573 3714 1602 3767 ό
1626 3712 1786 3782 λόγος
1835 3713 1937 3768 ῐτω

349 3801 450 3874 τῆς
475 3803 797 3869 ἀκολουθίας
835 3802 1116 3876 ἐχόμενος.

2141 1878 2264 1935 MS).
2299 1880 2662 1950 Posteaquam
2694 1881 2897 1936 divinae
2943 1883 3047 1936 illae
3093 1882 3470 1950 apparitiones
3515 1900 3646 1939 eva-

2058 1974 2330 2039 nuissent,
2364 1983 2697 2045 conspectus
2717 1975 2998 2030 exercitus
3051 1976 3274 2045 quidam
3324 1977 3646 2047 angelorum

2056 2066 2233 2138 astitit
2265 2065 2548 2137 Symeoni,
2596 2067 2666 2122 ab
2725 2077 2960 2137 utraque
3015 2068 3291 2123 columme
3342 2080 3500 2141 parte
3552 2071 3654 2127 ad.-
3702 2114 3706 2116 γ

2054 2176 2253 2217 versus
2298 2162 2473 2216 malos
2524 2163 2757 2234 spiritus
2823 2164 3180 2234 przesidium:
3245 2181 3481 2236 moxque
3505 2166 3643 2238 ipse,

2052 2253 2204 2308 velut
2234 2254 2495 2311 uberiore
2529 2257 2704 2326 gratia
2737 2259 3004 2327 repletus,
3031 2274 3196 2328 quam
3250 2261 3431 2329 potuit
3457 2261 3646 2315 claris-

2053 2344 2191 2398 sima
2219 2360 2376 2410 voce,
2407 2362 2471 2402 ac
2502 2347 2717 2402 fiducia
2735 2347 2893 2417 plena
2938 2348 3110 2404 dixit:
3171 2350 3364 2406 Frater
3407 2349 3599 2406 Conon
3625 2393 3639 2416 ,

2052 2437 2356 2502 suscitare;
2407 2446 2567 2493 vocat
2601 2446 2654 2493 te
2678 2449 2789 2508 'per
2815 2455 2904 2494 me
2947 2440 3039 2495 ille
3069 2442 3165 2510 qui
3207 2441 3642 2512 quatriduanum

2050 2542 2081 2582 e
2111 2529 2372 2598 sepulcro
2414 2529 2685 2584 Lazarum
2720 2533 2994 2588 evocavit.
3059 2533 3295 2589 Vixdum
3343 2535 3495 2605 loqui
3540 2534 3638 2590 de—

2050 2619 2219 2674 sierat
2252 2620 2398 2691 (quis
2429 2622 2710 2678 mirabilia
2733 2632 2846 2687 tua,
2878 2623 3129 2688 Domine,
3151 2627 3412 2682 enarret?
3436 2626 3476 2697 ),
3511 2642 3639 2683 cum

2049 2722 2303 2768 mortuus
2332 2716 2554 2781 revixit,
2587 2727 2648 2772 et
2689 2733 2912 2773 suavem
2941 2720 3188 2790 magistri
3221 2735 3415 2776 vocem
3471 2720 3640 2778 disci-

2049 2805 2211 2874 pulus
2235 2806 2470 2872 audivit,
2505 2817 2563 2862 et
2586 2808 2654 2863 ad
2681 2811 3065 2867 evocationem
3102 2814 3365 2878 surrexit,
3400 2823 3457 2870 et
3508 2831 3642 2872 OCUr
3672 2863 3678 2869 .

2047 2894 2119 2964 lis.
2141 2895 2300 2960 vidit,
2332 2908 2389 2951 et
2410 2898 2650 2968 pedibus
2679 2901 2853 2967 stetit,
2882 2912 2939 2958 et
2988 2904 3224 2975 collegio
3283 2904 3513 2960 fratrum
3546 2922 3638 2963 re-

2047 2986 2280 3042 stitutus
2323 2997 2430 3042 est.
2480 2991 2663 3060 Atque
2711 2991 2820 3046 hoc
2869 2993 3094 3062 quidem
3161 2995 3242 3049 sic
3291 3005 3474 3050 aetum
3506 3005 3630 3051 est:

2046 3079 2232 3148 itaque
2256 3080 2512 3151 exemplo
2530 3069 2789 3153 generosi
2819 3083 2924 3139 Job
2957 3085 3157 3141 tentari
3193 3087 3350 3143 varie
3396 3089 3636 3157 parmis.-

2045 3185 2162 3235 sus,
2216 3170 2489 3228 illustrius
2555 3174 2895 3243 praeconium
2948 3176 3018 3231 ad
3063 3186 3380 3233 extremum
3415 3179 3630 3243 retulit.

2043 3263 2266 3334 quando
2297 3272 2420 3334 post
2442 3273 2633 3321 secuta
2683 3265 2983 3336 dupliciter
3034 3270 3444 3328 resarciverunt
3478 3271 3637 3328 dam.-

2044 3373 2176 3412 num
2207 3357 2362 3427 prius
2391 3357 2701 3414 ablatorum
2725 3376 2740 3426 ;
2767 3375 2895 3414 nam
2922 3370 2979 3417 et
2999 3362 3335 3434 discipulum
3351 3373 3633 3421 mortuum

2047 3448 2316 3503 inusitato
2346 3450 2511 3504 modo
2545 3466 2740 3506 rursus
2763 3451 2950 3506 vivum
2988 3455 3220 3525 recepit,
3251 3463 3308 3510 et
3349 3466 3458 3512 tam
3491 3459 3640 3513 inso-

2047 3539 2147 3595 lita
2173 3541 2525 3610 apparitione
2585 3541 2846 3612 dignatus
2897 3543 3042 3611 fuit,_
3084 3546 3233 3617 quod
3283 3548 3429 3603 haud
3470 3552 3636 3620 paulo

2044 3632 2451 3689 admirabilius.
2534 3634 2740 3690 Verum
2803 3637 2891 3691 ad'
2951 3649 3172 3705 caetera,
3247 3657 3370 3711 qua:
3424 3652 3637 3702 restant

2045 3723 2377 3790 enarranda,
2411 3734 2602 3780 nostra
2634 3727 2901 3796 procedat
2935 3729 3134 3785 oratio.

1803 3925 2030 3987 CAPUT
2058 3929 2203 3986 XIX.

994 4040 1260 4096 Miracula
1302 4059 1398 4114 per
1439 4044 1659 4116 capiuos
1695 4043 1972 4118 Symeom's
2005 4055 2244 4120 patrata.
2271 4050 2641 4110 Sacerdotium
2669 4066 2986 4128 susceptum.

419 4163 518 4229 ρν.
563 4155 766 4227 Ἱερεύς
798 4175 906 4224 τις,
959 4160 1059 4229 τῆς
1101 4157 1333 4230 Ἰϐήρων
1390 4158 1738 4231 ὁρμώμενος,
1791 4161 1934 4217 κατά

347 4249 537 4318 φήμην
565 4247 660 4302 τοῦ
695 4250 852 4318 ἁγίου
884 4249 1022 4320 πρὸς
1049 4249 1213 4304 αὑτὸν
1249 4253 1644 4322 παραγεγονὼς
1669 4295 1684 4320 ,
1756 4253 1933 4320 οὕτως

346 4341 630 4413 ἀνηρτήθη
650 4343 748 4412 τῆς
777 4343 856 4404 είς
887 4343 1048 4396 αὐτὸν
1078 4342 1336 4407 πίστεως,
1378 4343 1455 4408 ὡς
1481 4345 1577 4400 καὶ
1617 4345 1730 4401 τῶν
1765 4348 1931 4417 ἱερῶν

344 4432 509 4487 αὑτοῦ
539 4433 742 4504 τριχῶν
776 4432 996 4502 αἰτῆσαι
1031 4433 1162 4502 παρ’
1189 4433 1356 4487 αὐτοῦ
1387 4435 1482 4488 καὶ
1508 4434 1719 4492 λαϐεῖν.
1759 4431 1930 4502 θύτας

340 4529 424 4588 είς
449 4525 548 4595 τὴν
571 4525 782 4579 οἰκείαν
813 4524 1146 4588 ἐπανελθὼν,
1180 4526 1239 4578 ἐν
1273 4526 1500 4599 καθαρῷ
1534 4527 1644 4582 τῶν
1680 4529 1924 4600 θορύϐων

339 4614 526 4685 χωρίῳ
551 4614 677 4668 ναὸν
711 4614 986 4684 ἐδείματο,
1006 4616 1100 4668 καὶ
1123 4616 1342 4687 σταυρῷ
1387 4619 1587 4689 τιμίως
1621 4619 1791 4683 αύτάς
1838 4623 1927 4674 ἐν·

337 4705 593 4772 απέθετο,
628 4706 716 4759 ἵνα
739 4708 834 4758 καὶ
851 4706 1008 4778 διπλῇ
1039 4706 1237 4777 μᾶλλον
1267 4711 1330 4780 τῇ
1362 4726 1420 4762 τε
1451 4707 1592 4781 θήκῃ
1618 4710 1713 4764 καὶ
1745 4712 1929 4779 σφίσιν

336 4796 530 4860 αύταῖς
561 4798 644 4868 εἴη
675 4797 1136 4870 θαυματουργεῖν.
1174 4801 1294 4854 Τῶν
1348 4801 1406 4855 δὲ
1455 4803 1642 4866 κακῶς
1687 4805 1924 4874 πασχόν-

336 4905 445 4942 των
492 4889 698 4953 πολλοὶ,
745 4892 843 4945 καὶ
896 4892 1203 4963 πνεύμασιν
1262 4894 1596 4964 ἀκαθάρτοις
1646 4897 1678 4968 ἢ
1746 4901 1924 4964 νόσοις

333 4979 699 5050 πιεζομένων,
734 4983 1071 5053 προσιόντες.
1093 4985 1188 5037 καὶ
1207 4984 1505 5054 θεραπείας
1534 4993 1916 5061 τυγχάνοντες,

332 5069 433 5122 οὐκ
483 5072 639 5145 ὀλίγῃ
697 5075 843 5145 χειρὶ
877 5075 1040 5129 πάλιν
1095 5076 1248 5130 αὐτοὶ
1279 5079 1376 5148 τὴν
1421 5078 1723 5149 θεραπείαν
1754 5085 1915 5152 ἠμεί-

332 5160 509 5216 ϐοντο.
545 5162 778 5234 Ὅπερό
835 5165 1032 5232 φθόνος
1084 5167 1184 5219 ούκ
1239 5168 1501 5236 ἐνεγκὼν,
1561 5172 1917 5245 ἐπανίστησιν

329 5252 481 5326 αὐτῷ
509 5255 635 5318 τοὺς
667 5257 730 5309 ἐκ
755 5258 1013 5326 γειτόνων
1053 5260 1242 5330 ἱερεῖς,
1277 5261 1325 5314 οἳ
1355 5265 1450 5314 καὶ
1478 5266 1916 5334 προσαγγέλλου-

239 5373 260 5396 ο
333 5361 418 5400 σιν
447 5339 716 5421 αὐτὸντῷ
749 5350 899 5420 σφῶν
930 5354 1244 5424 ἐπισκόπῳ,
1293 5354 1368 5418 ὡς
1418 5355 1527 5426 ἄρα
1573 5359 1916 5428 περιεργίαις

328 5437 390 5510 δή
422 5455 534 5492 τισι
573 5443 671 5495 καὶ
725 5448 992 5515 πονηραῖς
1035 5447 1340 5516 ἐνεργείαις
1381 5449 1468 5517 εῐη
1505 5451 1631 5512 τοὺς
1686 5451 1915 5514 πολλοὺς

330 5533 580 5600 ἀπατῶν,
606 5536 700 5588 καὶ
733 5537 869 5608 πρὸς
902 5539 962 5590 τὸ
989 5540 1178 5592 καινὸν
1215 5541 1504 5610 εύκτήριον
1533 5543 1870 5613 ἐπαγόμενος
1901 5561 1911 5574 ο

402 5711 513 5782 (58)
551 5711 622 5765 De
647 5713 818 5769 lberis
858 5732 1023 5786 supra
1050 5718 1118 5770 ad
1140 5735 1257 5787 cap.
1290 5720 1354 5774 l5
1381 5721 1479 5791 egi.

2079 4164 2234 4221 '150.‘
2263 4167 2561 4240 Presbyter
2583 4170 2830 4242 quidam,
2877 4172 3002 4227 lber
3050 4173 3274 4228 natione
3312 4175 3445 4247 ('58),
3482 4175 3644 4233 fama.

2033 4258 2141 4313 viri
2161 4261 2341 4316 sancti
2369 4263 2602 4328 excitus,
2633 4279 2700 4320 eo
2725 4265 2830 4320 iter
2857 4265 3177 4321 instituerat
3201 4285 3213 4321 :
3237 4267 3428 4339 sicque
3469 4285 3630 4325 exar-

2036 4349 2128 4404 sit-
2161 4365 2291 4422 erga
2334 4351 2490 4407 illum
2551 4354 2772 4421 fiducia,
2833 4364 2950 4413 ute
3003 4357 3175 4413 sacris
3242 4360 3363 4430 ejus
3409 4362 3628 4433 capillis

2029 4442 2312 4514 quidpiam
2346 4455 2557 4516 peteret
2584 4449 3013 4522 acimpetraret.
3046 4451 3180 4507 Inde
3214 4452 3438 4508 domum
3467 4470 3620 4510 suam

2034 4551 2314 4603 reversus,
2343 4537 2397 4590 in
2425 4539 2550 4594 loco
2601 4555 2630 4595 a
2685 4541 2864 4597 turbis
2915 4553 3128 4598 remoto
3183 4559 3394 4598 sacram
3448 4547 3621 4602 aedem

2034 4629 2326 4694 exstruxit,
2373 4641 2430 4685 et
2479 4634 2736 4702 pretiosas
2766 4633 3063 4690 admodum
3126 4638 3277 4690 cruci
3330 4639 3623 4708 prmdictas

2038 4718 2304 4789 reliquias
2331 4722 2577 4787 inclusit,
2637 4733 2699 4779 ut
2726 4725 2931 4795 duplici
2986 4743 3053 4781 ex
3108 4729 3285 4798 capite
3335 4739 3623 4800 patrarcnt

2037 4811 2325 4875 miracula,
2348 4831 2415 4868 ex
2446 4815 2652 4870 virtute
2682 4817 2895 4872 scilicet
2920 4818 3045 4873 talis
3072 4819 3242 4874 theczn
3262 4828 3317 4874 et
3344 4837 3441 4875 sua
3469 4821 3617 4891 ipso-

2034 4919 2176 4957 rum.
2209 4903 2361 4959 Multi
2387 4906 2536 4960 enim
2570 4907 2836 4963 habentes
2868 4911 3030 4974 male,
3065 4920 3120 4967 et
3168 4912 3404 4982 impuris
3447 4913 3611 4984 spiri-

2030 4996 2180 5051 tibus
2232 4998 2550 5070 morbisque
2597 5002 2776 5056 vexati
2858 5013 3247 5076 accesserunt:
3328 5021 3603 5076 opemque

2011 5083 2208 5153 'nacti,
2241 5107 2350 5144 non
2375 5107 2539 5161 parca
2577 5110 2741 5148 manu
2778 5110 2879 5164 pro
2906 5097 3288 5154 incolumitate
3322 5101 3612 5171 impetrata

2025 5181 2864 5256 appendebantaliquid.Cujus
2911 5189 2990 5243 rei
3045 5191 3339 5260 impatiens
3378 5192 3608 5257 invidia,

2022 5270 2319 5324 concitavit
2353 5270 2568 5328 vicinos
2589 5275 2980 5347 presbyteros:
3015 5280 3108 5349 qui
3159 5280 3342 5335 virum
3391 5281 3611 5338 detule-

2022 5371 2154 5418 runt
2178 5363 2244 5418 ad
2268 5363 2587 5434 episcopum
2621 5383 2802 5432 suum,
2823 5371 3101 5428 criminati
3129 5373 3275 5444 quod
3338 5377 3613 5448 supersti-

2023 5454 2180 5509 tiosis
2219 5455 2555 5525 quibusdam
2587 5475 2651 5514 ac
2673 5461 2831 5516 malis
2851 5463 3063 5519 artibus
3082 5466 3342 5536 populum
3378 5469 3610 5525 seiluceo

2023 5554 2104 5599 ret
2133 5545 2544 5618 atlduccretque
2582 5550 2637 5605 in
2663 5554 2966 5610 oratorium
3007 5573 3232 5615 novum.
3276 5560 3622 5634 Episcopus.
