4034 6186
415 283 557 349 3127

1631 285 1693 346 S.
1735 277 2116 345 SYMEONIS
2153 275 2516 339 IUNIORIS

3555 273 3696 342 3128

415 397 571 454 nullo
587 397 842 452 examine
872 396 1038 463 facto,
1059 397 1224 452 dictis
1247 395 1412 452 fidem
1443 394 1736 458 adhibens,
1765 391 2006 464 graviter

2132 382 2190 451 ιίς
2230 387 2450 440 ἐκεῖνον
2515 385 2893 446 ἀϐασανίστως
2945 385 3356 450 πιστεύσαντα,
3429 385 3530 440 καὶ
3595 386 3694 452 ὀξὺ

416 491 478 544 in
509 489 690 543 virum
723 499 1056 554 commotus,
1107 489 1280 545 sacris
1323 488 1404 543 illi
1436 485 1754 542 interdicit:
1788 484 1856 540 ad
1883 485 2000 539 haec

415 589 476 636 et
497 577 788 636 facultates
827 581 1016 652 diripi,
1038 590 1096 636 et
1125 579 1336 636 aditum
1364 578 1574 640 sacelli,
1607 593 1678 632 ne
1716 577 1806 634 cui
1837 575 2000 632 dein-

418 687 554 742 ceps
579 671 820 726 adeundi
853 671 1010 738 copia
1039 679 1210 738 esset,
1233 669 1451 724 obstrui
1471 668 1652 740 jubet.

494 891 619 946 13!.
651 891 869 946 Interea
903 889 1135 945 sedebat
1155 889 1248 944 ille
1297 887 1502 943 clausis
1535 885 1728 942 sacelli
1763 885 1998 952 foribus,

417 979 732 1037 lamentans
760 997 871 1035 non
903 987 1114 1035 tantum
1145 981 1469 1036 facultatem
1499 982 1674 1036 sacris
1737 977 2002 1050 operandi

420 1075 684 1138 ablatam,
711 1073 804 1128 scd
833 1089 948 1128 rem
987 1073 1312 1128 familiarem
1344 1087 1564 1143 quoque
1601 1091 1614 1126 :
1668 1073 2005 1142 respiciens—

419 1181 528 1236 que
581 1165 796 1220 unicam
824 1180 980 1219 suam
1017 1165 1354 1233 minimeque
1385 1161 1630 1217 fallacem
1683 1178 1834 1232 spem
1859 1161 2007 1231 posi-

421 1271 532 1317 tam
567 1262 622 1315 in
647 1270 835 1315 sancto
872 1259 1174 1332 Symeone,
1205 1259 1636 1313 consolationem
1683 1258 1752 1311 ab
1785 1257 1881 1311 illo
1918 1271 2010 1311 ac-

423 1352 573 1421 cepit
596 1393 610 1416 ,
648 1349 957 1406 subsidium
977 1365 1088 1402 non
1111 1355 1438 1402 cunctanter
1466 1347 1689 1402 tardeve
1730 1346 2003 1410 conferre,

422 1457 536 1497 non
575 1441 1004 1512 procrastinare,
1046 1449 1141 1494 aut
1197 1441 1253 1494 in
1303 1439 1452 1493 aliud
1497 1448 1716 1506 tempus
1746 1437 2000 1506 rejiccre,

423 1549 536 1590 non
565 1545 746 1589 certas
781 1533 836 1588 in
867 1534 1036 1587 horas
1069 1547 1357 1587 reservare
1399 1530 1584 1586 solito.
1611 1529 1890 1586 Continuo
1923 1527 2008 1582 in-

425 1627 600 1683 festus
621 1627 834 1681 dmmou
858 1626 1180 1696 episcopum
1213 1625 1504 1690 invadens,
1535 1623 1841 1694 ipsumjam
1865 1621 2007 1676 luci-

2109 479 2257 532 κατά
2340 475 2436 532 τοῦ
2521 476 2715 547 ἀνδρὸς
2809 473 3140 545 κινηθέντα,
3229 478 3332 546 τῆς
3393 491 3455 528 τε
3542 475 3696 540 θείας

2105 566 2269 620 αὑτὸν
2336 565 2647 636 ἱερουργίας
2703 563 2986 636 ἁπεῖρξαι,
3039 566 3136 618 καὶ
3192 563 3258 634 δὴ
3313 564 3412 618 καὶ
3469 564 3542 618 τὰ
3564 565 3690 620 ὄντα

2106 657 2574 728 προσαφελέσθαι,
2611 655 2691 710 ἑτι
2735 657 2830 710 καὶ
2873 656 2972 728 τὴν
3014 655 3109 708 τοῦ
3143 655 3438 726 εὑκτηρίου
3489 658 3692 712 εἴσοδον

2108 752 2396 804 ὕπανεῖναι
2435 749 2626 821 μηδενὶ
2659 748 2752 804 τοῦ
2791 747 2977 802 λοιποῦ
3009 749 3483 820 παραγγείλαντα.

2189 887 2400 960 ρνα⁸.⁹0
2456 887 2554 956 μὲν
2607 879 2702 938 οὖν
2760 883 3214 952 ἐπικλεισάμενος
3265 883 3364 946 τὰς
3399 884 3689 955 εύκτηρίου

2111 983 2284 1054 θύρας
2341 979 2602 1049 καθῆστο,
2635 978 2697 1030 ού
2747 975 2844 1046 τὴν
2893 976 2990 1044 τῆς
3051 973 3352 1042 ἱερωσύνης
3403 975 3682 1027 ἔκπτωσιν

2115 1075 2298 1146 μόνον,
2333 1071 2469 1125 ἀλλὰ
2489 1071 2584 1124 καὶ
2617 1071 2716 1139 τὴν
2753 1066 2864 1120 τῶν
2902 1067 3070 1120 ὅντων
3103 1067 3396 1134 ἀφαίρεσιν
3428 1066 3691 1134 ὀδυρύμε-

2119 1185 2206 1232 νος
2230 1183 2244 1196 ⁸
2277 1167 2414 1234 πρὸς
2451 1163 2614 1234 μόνας
2645 1162 2702 1215 δὲ
2727 1161 2890 1214 πάλιν
2916 1160 3014 1222 τὰς
3044 1160 3123 1221 εἰς
3177 1159 3269 1210 τὸν
3303 1159 3460 1225 ἅγιον
3527 1159 3692 1225 ἀψευ-

2111 1263 2219 1325 δεῖς
2242 1259 2460 1321 ἐλπίδας
2487 1257 2650 1326 ὀρῶν,
2703 1255 2799 1308 καὶ
2827 1255 2927 1324 τὴν
2977 1254 3188 1306 ἐκεῖθεν
3221 1253 3569 1322 παράκλησιν
3599 1255 3696 1304 ἐκ·

2109 1351 2418 1421 δεχόμενος.
2455 1349 2595 1419 Πρὸς
2626 1346 2696 1417 ἢν
2728 1343 2884 1398 οὐδὲν
2939 1345 3148 1406 ἐκεῖνος
3179 1343 3352 1396 ὀκνῶν
3385 1341 3509 1393 οὐδὲ
3565 1341 3698 1392 ἁνα-

2111 1444 2369 1514 δυόμενος
2423 1436 2512 1512 ἦν,
2566 1438 2666 1491 οὐκ
2713 1435 2941 1506 ὀψίζων,
2993 1436 3058 1488 ού
3115 1433 3440 1502 διαμέλλων,
3497 1432 3558 1483 ού
3617 1428 3700 1497 τῷ

2115 1537 2400 1605 πράγματι
2433 1531 2626 1602 καιρὶν
2655 1529 2853 1583 οἰκεῖον
2871 1525 3267 1596 ταμιευόμενος
3286 1540 3299 1552 ·
3326 1523 3461 1577 ἀλλὰ
3484 1523 3698 1590 δαίμων

2114 1627 2275 1690 εὐθὺς
2303 1623 2536 1696 χαλεπὸς
2579 1621 2656 1691 τῷ
2697 1619 2984 1688 ἐπισκόπει)
3043 1617 3414 1686 ἐπιπηδήσας,
3445 1631 3700 1682 νυκτερι-

423 1721 615 1791 fugem
649 1737 748 1790 per
775 1719 1034 1775 tenebras
1073 1721 1274 1784 noctis,
1307 1728 1368 1774 ul
1393 1719 1534 1774 clam
1584 1717 1846 1772 omnibus
1877 1731 2007 1786 per-

2132 1720 2202 1772 ibv
2234 1719 2417 1786 ἱκέτην
2449 1713 2630 1776 αὐτὸν,
2671 1715 2758 1769 ἵνα
2789 1713 2884 1765 καὶ
2945 1710 3008 1762 τδ
3067 1709 3285 1762 πάντων
3329 1707 3484 1776 δμμα
3533 1705 3694 1756 λάθοι

425 1823 547 1868 acta
574 1827 663 1866 res
688 1812 741 1865 in
769 1812 1058 1866 hominum
1087 1813 1338 1868 notitiam
1383 1828 1494 1867 non
1524 1812 1760 1874 veniret,
1798 1808 2009 1880 suppli-

425 1918 547 1958 cem
573 1901 638 1956 ad
666 1903 1053 1973 presbyterum
1102 1903 1308 1974 adigit:
1341 1905 1455 1974 jam
1508 1903 1660 1956 enim
1691 1903 2011 1956 innotuerat

423 1995 632 2050 misero
651 2003 717 2049 et‘
737 1995 1069 2050 calamitatis
1098 2011 1211 2050 sua:
1238 2011 1402 2050 causa
1440 2003 1496 2050 et
1523 1996 1662 2050 ultio
1700 1994 1906 2049 divina.
1933 1993 2012 2049 Ac

425 2088 609 2157 primo
639 2086 864 2156 quidem
887 2103 918 2140 a
949 2087 1176 2142 subdito
1200 2103 1302 2143 suo
1349 2087 1572 2143 veniam
1603 2087 1761 2157 petit,
1811 2086 2011 2140 deinde

427 2181 709 2235 miseriam
732 2195 886 2234 suam
911 2179 962 2235 ei
997 2180 1230 2246 revelat,
1277 2180 1521 2251 denique
1580 2189 1736 2251 rogat
1789 2189 1852 2234 ut
1891 2195 2004 2235 me-

429 2270 608 2324 delam
631 2269 736 2324 sibi
769 2269 1042 2339 impertiri
1067 2269 1351 2340 dignetur,
1377 2270 1844 2340 quemadmodum
1888 2270 2012 2326 aliis

427 2359 687 2430 pluribus
721 2359 1040 2429 impcrtitus
1069 2360 1272 2416 fuerat.
1315 2361 1412 2417 Ille
1452 2363 1688 2432 supplici
1735 2364 2012 2419 sinceram

427 2453 658 2507 exhibet
680 2453 1034 2517 medicinam,
1065 2455 1296 2524 gratiam
1322 2455 1639 2525 gratuitam,
1683 2453 1902 2510 divitias
1926 2455 2016 2509 in-

429 2545 748 2610 exhaustas,
783 2561 1032 2608 crucem,
1073 2546 1320 2615 inquam,
1357 2563 1544 2612 suam;
1582 2547 1746 2600 simul
1796 2546 2011 2610 edocet,

431 2649 671 2706 quantus
701 2645 757 2692 et
785 2637 931 2692 unde
949 2647 1210 2706 acceptus
1239 2639 1405 2692 lateat
1429 2639 1484 2692 in
1513 2655 1674 2694 cruce
1697 2640 2011 2694 thesaurus.

431 2731 674 2787 AcceSsit
707 2730 874 2800 igitur
893 2731 1187 2800 episcopus
1219 2729 1468 2786 fervente
1495 2732 1716 2800 spiritu,
1751 2746 1813 2786 ac
1843 2731 2014 2787 multo

433 2823 600 2877 etiam
641 2821 977 2877 ferventiore
1027 2822 1394 2892 paenitudine,
1431 2832 1546 2876 tum
1586 2825 1716 2892 quia
1747 2825 1892 2878 circa
1925 2823 2014 2878 di-

425 2914 620 2969 ‘vinam
642 2914 786 2968 illam
809 2914 1040 2984 gratiam
1065 2915 1218 2984 prius
1234 2915 1552 2970 aecutierat
1571 2923 1626 2970 et
1648 2915 2017 2972 calumniatus

435 3015 557 3062 erat
587 3005 958 3076 impudenter,
993 3015 1108 3061 tum
1145 3007 1271 3076 quia
1307 3007 1457 3062 illius
1487 3007 1800 3062 ministrum
1835 3023 1900 3062 ac
1931 3023 2018 3063 sa-

2115 1813 2210 1867 κα“ι
2271 1811 2453 1864 πᾶσαν
2508 1809 2762 1872 αἴσθησιν
2831 1801 3149 1871 διακλέψαι,
3211 1799 3290 1869 τῷ
3339 1797 3702 1869 πρεσϐυτέρῳ

2113 1903 2402 1976 προσάγει,
2437 1902 2536 1970 τὴν
2564 1899 2742 1953 αἰτίαν
2771 1895 2973 1967 δηλαδὴ
3003 1892 3231 1945 συνέντα
3275 1891 3374 1943 καὶ
3402 1891 3499 1956 τὴν
3539 1888 3702 1955 δίκην

2111 1975 2214 2050 ούκ
2267 1992 2635 2062 ἀγνοήσαντα.
2673 1987 2783 2041 Καὶ
2831 1985 3025 2054 πρῶτα
3083 1983 3180 2052 μὲν
3228 1981 3369 2035 αἰτεῖ
3415 1979 3566 2047 παρὰ
3601 1975 3702 2029 τοῦ

2114 2089 2220 2140 ὑπὸ
2253 2087 2416 2156 χεῖρα
2446 2077 2801 2150 συγγνώμην,
2830 2076 2947 2130 εἶτα
2977 2077 3038 2130 τὸ
3090 2073 3264 2136 πάθος
3297 2071 3700 2134 ὰνακαλύπτει,

2114 2179 2240 2248 ἑξῆς
2265 2177 2322 2230 δέ
2350 2175 2591 2229 δυσωπεῖ
2619 2171 2918 2243 θεραπείας
2956 2169 3274 2236 ἀξιωθῆναι,
3307 2167 3419 2230 ὅτῳ
3469 2164 3532 2232 δή
3569 2179 3702 2216 ποτε

2113 2271 2321 2340 τρόπῳ,
2349 2267 2502 2337 φησὶ,
2532 2264 2757 2326 πολλοὺς
2774 2257 2882 2315 οἶδε
2912 2261 3008 2314 καὶ
3033 2260 3224 2321 ἄλλους
3253 2258 3412 2319 αὐτὸς
3435 2256 3701 2336 ἀξιώσας.

2127 2359 2186 2414 '0
2212 2361 2269 2414 δέ
2309 2357 2407 2429 τὴν
2438 2359 2663 2428 ἄτεχνον
2695 2353 2958 2426 ἰατρείαν,
2991 2353 3093 2423 τὴν
3138 2349 3372 2420 ἄμισθον
3400 2349 3582 2417 χάριν,
3608 2344 3704 2397 τὸν

2114 2452 2176 2505 οὐ
2224 2447 2550 2518 κενούμενον
2592 2441 3030 2511 πλοῦτονιαύτῷ,
3080 2441 3174 2492 τὸν
3219 2439 3450 2508 σταυρὸν
3483 2435 3704 2489 ὑποδεί-

2116 2555 2298 2604 κνυσι,
2350 2538 2445 2590 καὶ
2493 2533 2584 2588 τὸν
2623 2535 2682 2585 ἐν
2731 2531 2810 2602 τῷ
2864 2528 3084 2600 σταυρῷ
3137 2528 3540 2596 κεκρυμμένον,
3579 2523 3708 2575 ὅθεν

2115 2631 2224 2701 ἄρα
2248 2631 2342 2683 καὶ
2416 2625 2586 2689 ὅπως,
2672 2621 2944 2694 θησαυρὸν
3015 2617 3328 2690 ἐρμηνεύει.
3380 2612 3708 2686 Προσελθὼν

2115 2725 2292 2776 τοίνυν
2341 2721 2369 2773 ὁ
2421 2719 2718 2778 ἐπίσκοπος
2751 2713 2938 2784 θερμῷ
2969 2711 3242 2780 πνεύματι
3268 2751 3280 2773 ,
3315 2706 3622 2776 θερμοτέρα
3649 2703 3710 2758 δὲ

2117 2811 2298 2882 πολλῷ
2329 2812 2422 2864 καὶ
2449 2811 2512 2880 τῇ
2542 2807 2821 2880 μετανοίᾳ,
2853 2801 2934 2868 οἷς
2963 2821 3022 2856 τε
3045 2803 3174 2874 περὶ
3213 2803 3312 2868 τὴν
3335 2800 3488 2853 θείαν
3539 2797 3708 2866 χάριν

2118 2903 2334 2973 ἐκείνην
2391 2899 2718 2969 τυφλώττων
2773 2897 3038 2969 πρότερον
3090 2889 3180 2964 ἦν,
3213 2893 3306 2944 καὶ
3351 2885 3710 2956 συκοφαντῶν

2120 2995 2348 3066 άναίδην
2405 2994 2499 3046 καὶ
2548 2990 2869 3056 διαϐάλλων,
2929 2983 3010 3052 οἷς
3048 3003 3108 3038 τε
3143 2986 3269 3054 περὶ
3293 2985 3388 3036 τὸν
3423 2984 3575 3053 ἱερέα
3611 2980 3710 3032 καὶ

437 3097 720 3154 cerdotem
749 3099 966 3168 injuriis
991 3099 1272 3164 aﬂ'ecerat,
1299 3115 1448 3154 nunc
1474 3099 1650 3169 ipsum
1685 3101 1895 3155 habens
1923 3115 2018 3170 pa-

2132 3089 2366 3144 διάκονον
2383 3085 2652 3156 ἐνύϐρισε,
2671 3084 2876 3153 ταύτης
2909 3081 3026 3149 ἅμα
3057 3080 3113 3132 δὲ
3141 3079 3235 3131 καὶ
3271 3078 3433 3130 αὐτὸν
3454 3073 3710 3142 συναιρέ-

438 3191 831 3246 trocinantem.
863 3192 930 3245 Et
957 3191 1048 3245 ille
1085 3191 1308 3260 quidem
1343 3191 1602 3245 infestum
1633 3207 1662 3245 a
1689 3207 1748 3246 se
1775 3193 2022 3246 excussit

441 3279 779 3344 daemonem;
831 3279 1120 3351 presbyter
1150 3295 1282 3334 vero
1327 3295 1452 3334 cum
1497 3281 1726 3349 pristina
1761 3280 2023 3350 dignitate

443 3387 562 3426 rem
613 3370 960 3436 familiarem,
991 3371 1318 3440 ampliorem
1341 3371 1506 3426 etiam
1538 3388 1700 3442 quam
1733 3371 2026 3438 habuerat,

445 3472 504 3517 et
529 3462 844 3516 libertatem
907 3463 1139 3532 recepit.

529 3595 649 3650 159.
689 3595 926 3650 Circiter
974 3595 1120 3651 idem
1161 3606 1376 3666 tempus
1417 3598 1668 3667 contigit,
1699 3599 1892 3652 Persas
1921 3597 2030 3653 illis

449 3685 704 3756 partibus
725 3699 850 3740 cum
875 3687 1119 3742 exercitu
1151 3689 1540 3758 supervenire;
1563 3689 1766 3758 quibus
1786 3705 1910 3744 cum
1939 3690 2024 3744 in-

453 3777 694 3832 dicatum
723 3785 889 3842 esset,
927 3777 1083 3846 plura
1115 3778 1168 3831 in
1205 3778 1406 3832 sacello
1440 3779 1552 3849 jam
1583 3779 1734 3832 dicto
1761 3788 1817 3834 et
1845 3779 2026 3848 magni

450 3873 613 3945 pretii
648 3872 996 3926 anathemata
1025 3885 1169 3936 esse,
1199 3885 1228 3922 a
1257 3867 1587 3925 Christianis
1623 3883 1732 3922 non
1762 3883 1926 3938 parca
1950 3878 2046 3925 aut

450 3980 614 4018 avara
657 3979 824 4018 manu
870 3963 990 4016 istic
1034 3975 1336 4028 suspensa,
1381 3975 1492 4029 quo
1537 3959 1815 4029 quippiam
1851 3960 2043 4014 eodem

456 4047 623 4102 celeri
653 4063 820 4103 cursu
843 4048 1189 4103 contendunt
1211 4065 1223 4101 :
1243 4063 1382 4118 quos
1411 4049 1505 4112 ubi
1535 4049 1794 4105 sacerdos
1821 4051 2042 4106 eminus

456 4139 820 4195 adventantes
847 4141 1020 4203 videt,
1057 4141 1112 4194 in
1143 4141 1379 4196 vicinam
1421 4157 1540 4197 sese
1583 4141 1796 4196 abdidit
1825 4141 2039 4208 silvam,

457 4234 636 4290 donec
679 4235 784 4304 ipsi
823 4233 892 4288 ad
922 4233 1224 4288 exercitum
1257 4233 1635 4290 revertissent.
1667 4234 1749 4288 llli
1787 4248 1919 4288 vero
1956 4233 2042 4289 in-

459 4325 630 4395 gressi
662 4325 968 4389 sacellum,
1015 4333 1130 4379 toto
1183 4325 1308 4380 istic
1353 4325 1444 4380 die
1495 4333 1884 4396 permanentes
1928 4339 2038 4380 non

2130 3199 2288 3253 μενον
2311 3181 2449 3250 ἔχων
2468 3221 2482 3244 ,
2511 3177 2672 3236 αὐτός
2695 3193 2755 3228 τε
2781 3175 2871 3228 τὸν
2899 3172 3136 3243 χαλεπὸν
3176 3168 3411 3223 ἀπέθετο
3455 3167 3708 3234 δαίμονα,

2127 3277 2371 3336 κάνεῖνος
2446 3270 2582 3341 μετὰ
2675 3265 2772 3321 τοῦ
2849 3261 3158 3333 ἀξιώματος
3215 3255 3372 3319 αὖθις
3445 3259 3540 3310 καὶ
3611 3256 3714 3323 τῆς

2127 3369 2314 3429 οὐσίας
2350 3361 2570 3434 μείζονα
2608 3359 2704 3431 τῆς
2767 3357 3039 3429 προτέρας
3100 3351 3391 3422 ἀπειλήφει
3461 3349 3556 3402 καὶ
3611 3346 3713 3416 τὴν

2131 3453 2312 3508 ἐλευθε
2323 3453 2460 3524 ρίαν.

2207 3588 2341 3661 ρνβ’.
2383 3584 2592 3654 Συνέϐη
2645 3583 2701 3636 δὲ
2742 3581 2864 3634 κατ’
2897 3581 3075 3636 ἐκεῖνο
3106 3577 3298 3644 καιροῦ
3339 3576 3557 3645 Πέρσας
3601 3577 3716 3636 τοῖς

2139 3684 2361 3755 μέρεσιν
2393 3679 2622 3739 ἐκείνοις
2652 3671 3105 3744 ἐπιστρατεῦσαι·
3132 3673 3225 3724 καὶ
3265 3669 3500 3740 μηνυθὲν
3533 3668 3718 3728 αὐτοῖς

2136 3775 2210 3836 ὡς
2235 3775 2320 3842 εἴη
2353 3770 2523 3824 πολλὰ
2558 3769 2652 3822 καὶ
2687 3765 2882 3820 πολλοῦ
2918 3763 3046 3828 ἄξια
3075 3761 3476 3831 καθωσιωμένα
3519 3759 3594 3828 τῷ
3623 3759 3720 3811 εὐ-

2137 3865 2381 3936 κτηρίῳ,
2436 3857 2524 3915 οἷα
2567 3858 2907 3932 Χριστιανῶν
2955 3858 3017 3910 ού
3055 3855 3385 3926 φειδομένως
3428 3855 3548 3906 οὐδὲ
3601 3851 3724 3920 γλί-

2141 3972 2319 4027 σχρως
2365 3957 2482 4007 ἐκεῖ
2519 3949 3096 4022 προσαναλισκόντων,
3139 3945 3234 3998 δύο
3275 3945 3416 4007 τινὲς
3465 3944 3551 3996 ἐπ’
3585 3943 3724 3996 αὐτὸ

2138 4047 2416 4118 δρομαίως
2455 4044 2750 4114 ἐφέροντο·
2801 4039 2896 4104 οὓς
2947 4037 3070 4092 ἰδὼν
3119 4035 3403 4110 πόρρωθεν
3444 4038 3472 4088 ὁ
3519 4035 3722 4104 ἱερεὺς,

2139 4139 2239 4209 τὴν
2271 4137 2736 4207 παραπεφυκυίαν
2773 4131 3063 4184 ὑποδύεται
3087 4124 3244 4196 ὕλην,
3287 4127 3391 4188 ἓως
3431 4123 3584 4177 αὐτοὶ
3615 4125 3730 4176 πα-

2142 4230 2226 4283 λιν
2261 4231 2340 4292 είς
2367 4228 2430 4280 τὸ
2467 4222 2827 4297 στρατόπεδον
2858 4219 3272 4290 ἀναστρέψειαν.
3318 4218 3380 4270 Οἱ
3425 4217 3482 4269 δέ
3527 4215 3588 4266 τὸ
3633 4215 3724 4266 εύ-

2151 4325 2379 4395 κτήριον
2411 4319 2765 4382 είσελθόντες,
2799 4313 3044 4383 ἁπρόῖτοι
3086 4313 3267 4364 πᾶσαν
3299 4309 3507 4362 ἐκεῖθεν
3533 4308 3734 4375 διαμε-

461 4416 739 4486 prodicre.
763 4415 1083 4486 Suspicatus
1113 4416 1296 4486 itaque
1321 4417 1630 4487 presbyter,
1659 4431 1754 4472 eos
1771 4417 1882 4487 jam
1915 4417 2025 4472 indt

2154 4419 2422 4488 μενήκασι
2469 4413 2568 4482 τὴν
2619 4409 2856 4479 ἡμέραν.
2923 4403 3242 4458 ’Υπολαδὼν
3288 4402 3464 4456 τοίνυν
3519 4402 3736 4464 ἐκεῖνος

462 4508 602 4562 clam
635 4523 693 4562 se
739 4523 992 4578 egressos
1017 4507 1178 4576 (Quid
1211 4509 1382 4575 enim,
1413 4509 1717 4579 inquiebat,
1746 4509 1872 4564 istic
1900 4510 2045 4564 ultra

464 4601 766 4672 agerent?),
801 4617 969 4676 ausps
1000 4609 1086 4657 est
1108 4617 1175 4656 co
1227 4601 1446 4673 regredi
1484 4621 1496 4656 :
1533 4602 1814 4672 ingressus
1859 4611 2046 4657 autem

463 4695 674 4765 reperit
696 4695 886 4750 ambos
915 4705 1042 4750 ante
1079 4696 1447 4766 prodigiosam
1471 4709 1694 4750 erucem
1728 4697 1881 4762 (vere
1911 4695 2048 4750 illud

467 4797 620 4843 tuum
639 4797 835 4857 potens
857 4787 1141 4842 brachium
1172 4786 1682 4858 patravit,Christe,
1709 4787 1822 4842 Rex
1849 4789 2048 4858 meus,)

467 4880 770 4935 exstinctos
785 4881 1002 4946 jacere;
1025 4880 1351 4951 adjacebaut
1372 4894 1593 4950 quoque
1613 4878 1761 4934 faces
1783 4894 2048 4943 accensae,

469 4981 683 5027 certum
729 4971 845 5026 fere
880 4972 1258 5027 testimonium
1292 4973 1532 5028 voluisse
1568 4971 1775 5042 templo
1807 4969 2055 5026 ﬂammas

471 5065 768 5136 subjicere,
801 5081 944 5134 qum,
980 5065 1371 5122 corruentibus
1409 5065 1562 5136 ipsis,
1586 5080 1616 5119 e
1652 5064 1908 5119 manibus
1956 5063 2055 5119 de-

470 5155 637 5228 lapsze
677 5157 914 5214 fuerant.
941 5162 1120 5229 Atque
1149 5159 1268 5214 haec
1299 5159 1482 5214 omnia
1513 5159 1602 5213 ille
1637 5158 1752 5228 ipse
1775 5156 2054 5220 sacerdos,

473 5265 600 5306 cum
627 5249 829 5306 deinde
858 5249 1185 5322 Symeonem
1218 5251 1504 5313 inviseret,
1537 5258 1771 5304 testatus
1809 5257 1913 5304 est.

549 5433 671 5490 155.
713 5433 832 5489 Jam
871 5448 1003 5488 vero
1043 5431 1112 5487 ad
1151 5446 1214 5486 ea
1261 5427 1646 5486 mcsermone
1689 5442 2058 5500 progressum,

476 5543 598 5598 qua:
629 5527 696 5584 ad
755 5527 1003 5580 divinum
1060 5525 1350 5597 Symeonis
1395 5523 1767 5580 sacerdotium
1831 5521 2061 5586 faciunt,

481 5620 628 5676 unde
675 5627 733 5677 et
773 5619 1056 5691 quomodo
1105 5619 1524 5691 presbyteratus
1558 5630 1776 5673 sacrum
1812 5614 2062 5667 ordinem

479 5709 808 5780 susceperit,
854 5717 1290 5780 gonsentaneuut
1345 5708 1533 5772 fuerit,
1589 5716 1714 5780 apta
1748 5703 2064 5762 narratione

2147 4502 2330 4556 λαθεῖν
2365 4500 2528 4553 αὐτὸν
2573 4498 2670 4566 τὴν
2711 4495 2818 4548 τῶν
2861 4494 3086 4562 Περσῶν
3119 4491 3326 4544 ἐκεῖθεν
3360 4488 3618 4542 ἐπάνοδον
3657 4489 3738 4556 (τί

2149 4599 2258 4666 γὰρ
2276 4593 2365 4658 ἂν,
2395 4593 2552 4662 φησὶ,
2570 4589 2667 4642 καὶ
2695 4587 2928 4657 δρῶντες
2951 4588 3008 4637 ὲν
3031 4583 3178 4652 αὐτῷ
3207 4583 3390 4636 λοιπὸν
3418 4577 3572 4652 εἷεν),
3596 4582 3738 4652 θαρ-

2153 4690 2237 4760 ρεἰ
2264 4686 2362 4756 τὴν
2397 4681 2632 4736 είσοδον⁶
2668 4679 2762 4733 καὶ
2787 4678 3008 4741 τούτους
3039 4676 3283 4747 εὑρίσκει
3311 4674 3418 4744 πρὸ
3449 4675 3547 4742 τῆς
3583 4675 3742 4734 θείας

2153 4779 2372 4849 ἐκείνης
2397 4775 2488 4830 τοῦ
2521 4771 2754 4844 σταυροῦ
2783 4771 3066 4842 δυνάμεως
3103 4769 3218 4840 (σὸς
3257 4771 3284 4822 ὁ
3319 4767 3558 4839 βραχίων
3599 4765 3748 4834 μετὰ

2153 4871 2473 4934 δυναστείας
2515 4869 2706 4932 ὅντως,
2739 4867 2942 4938 Χριστέ
2975 4864 3244 4936 βασιλεῦ),
3289 4864 3517 4934 νεκροὺς
3555 4865 3748 4930 ἀμφο-

2155 4968 2351 5037 τέρους
2377 4963 2688 5033 κειμένους,
2711 4961 2992 5030 λαμπάδες
3017 4975 3077 5010 τε
3113 4957 3285 5028 πυρὸς
3313 4955 3746 5025 παρακείμεναι,

2159 5059 2411 5127 καθάπερ
2451 5058 2508 5108 ἐν
2542 5052 2845 5124 ἐπαγγελίᾳ
2889 5051 2983 5104 τοῦ
3013 5051 3103 5104 τὸν
3142 5049 3268 5102 ναὸν
3311 5047 3614 5118 ἐμπρῆσαι.
3646 5047 3754 5098 καὶ

2159 5152 2268 5205 τῶν
2297 5147 2493 5220 χειρῶν
2537 5146 2794 5200 πεσοῦσιν
2837 5146 3020 5208 αὐτοῖς
3045 5141 3509 5214 καταῤῥεύσασαι,
3539 5137 3616 5202 ὼς
3647 5131 3764 5191 ei».

2160 5241 2250 5303 τὸς
2269 5241 2473 5300 ἐκεῖνος
2499 5237 2638 5307 μετὰ
2659 5235 2831 5289 ταῦτα
2853 5235 3000 5306 παρά
3019 5234 3110 5286 τὸν
3142 5233 3295 5302 ἅγιον
3329 5230 3499 5284 ἐλθὼν
3518 5233 3546 5284 ὁ
3564 5231 3756 5300 ἱερεὺς

2162 5331 2427 5403 ἐξηγεῖτο.

2239 5429 2374 5496 ρνγ⁹.
2417 5419 2560 5474 Ἀλλ’
2584 5411 2685 5474 ὧδέ
2727 5435 2794 5490 με
2821 5417 2916 5471 τοῦ
2949 5415 3114 5486 λόγου
3155 5416 3467 5485 γενόμενον,
3503 5411 3572 5466 τά
3619 5410 3756 5479 περὶ

2164 5516 2262 5585 τῆς
2289 5514 2436 5576 θείας
2485 5511 2581 5566 τοῦ
2615 5511 2759 5565 θείου
2793 5511 3014 5578 Συμεὼν
3055 5497 3372 5580 ἱερωσύνης,
3399 5507 3522 5560 ὃθεν
3551 5521 3614 5558 τε
3647 5501 3757 5572 τὴν

2166 5605 2262 5660 τοῦ
2323 5604 2697 5676 πρεσϐυτέρου
2751 5601 3087 5672 χειροτονίαν
3138 5599 3379 5662 ἐδέξατο,
3427 5596 3522 5650 καὶ
3574 5595 3754 5655 ὅπως.

2170 5697 2460 5752 ἀκόλουθον
2501 5696 2564 5750 ἂν
2596 5697 2681 5766 εἴη
2725 5693 3014 5748 διαλαϐεῖν.
3055 5693 3138 5755 Ὠς
3189 5693 3298 5762 γὰρ
3349 5691 3386 5762 ἡ
3435 5686 3606 5760 πολλὴ
3639 5685 3758 5740 ὤιον
