4034 6186
445 227 579 291 3Ξ3ι

1668 227 1728 286 S.
1773 228 1852 287 ΞΥ
1863 226 2152 286 MEONIS
2181 226 2539 289 JUNlORIS

3583 223 3735 291 3132

451 333 727 391 revocavit
758 332 1002 388 animum
1028 341 1255 388 sanctus
1272 332 1340 387 ad
1363 333 1631 389 visionem
1668 334 1842 398 illam,
1863 351 2027 404 quam

2147 336 2393 408 Συμεὼν,
2426 339 2494 408 ἢν
2543 337 2672 407 χθές
2719 339 2814 392 καὶ
2855 337 3050 409 πρώην
3098 337 3229 408 περὶ
3282 335 3447 393 αὐτοῦ
3489 339 3733 412 ἑωράκει

447 432 622 501 pridie
655 445 720 486 ac
753 428 968 499 pridem
1006 427 1110 483 hac
1133 443 1302 498 super
1347 445 1406 484 re
1432 440 1826 501 conspexerat;
1861 446 2028 502 quam

447 524 658 578 scilicet
727 537 989 592 expresse
1073 537 1204 577 eum
1275 521 1371 577 illa
1423 523 1850 586 eoneordarent,
1904 540 2030 594 quas

449 616 610 670 modo
641 614 882 681 ﬁebant;
907 630 1184 685 quamque
1206 613 1468 670 distincte
1521 630 1671 669 nunc
1702 616 1854 670 exitu
1881 629 2032 670 com-

446 710 591 777 pleta
623 716 900 767 cerneret,
924 722 1046 776 quae
1071 708 1232 777 prius
1258 716 1474 762 secreto
1496 714 1665 777 atque
1702 707 1920 763 occulte
1941 722 2032 762 re-

451 805 780 866 praesentata
835 797 1094 852 fuerant:
1163 797 1365 853 deinde
1411 798 1578 852 etiam
1625 798 1827 852 divina:
1880 799 2032 853 illius

444 888 619 948 vocis,
651 902 772 956 quas
791 887 1024 941 auribus
1047 887 1391 950 insonuerat,
1418 885 1783 952 recordatus;
1817 894 2032 954 etquo-

448 972 614 1027 modo
643 989 827 1029 coram
854 991 913 1030 se
944 976 1176 1030 haberet
1209 975 1555 1044 episcopum,
1585 975 1754 1029 etiam
1789 975 1857 1028 ad
1915 975 2029 1029 vim

447 1059 753 1121 faciendam
778 1080 1050 1138 paratum,
1078 1068 1468 1136 dicentemque
1501 1066 1648 1136 quod
1677 1082 1826 1129 eum,
1863 1065 2031 1136 quid-

446 1160 580 1228 quid
616 1161 838 1216 demum
888 1162 1047 1216 ﬁeret
1076 1202 1090 1225 ,
1136 1176 1246 1214 non
1296 1169 1443 1214 esset
1485 1159 1846 1224 dimissurus;
1914 1173 2032 1213 rem

454 1253 1043 1321 beneplaciti(utvere
1065 1256 1208 1317 erat)
1243 1252 1418 1305 divini
1468 1267 1590 1306 esse
1645 1251 2029 1314 considerans,

448 1343 712 1397 incurvat
743 1345 834 1398 ille
855 1345 1079 1413 quidem
1112 1345 1318 1398 collum
1345 1345 1512 1398 etiam
1548 1345 1784 1410 invitus;
1815 1345 2033 1413 episeo-

447 1450 552 1503 pus
609 1452 760 1503 vero,
804 1439 1061 1492 manibus
1083 1439 1253 1507 capiti
1318 1437 1585 1506 religiose
1625 1437 1924 1490 admodum
1975 1446 2034 1492 et

447 1525 851 1596 circumspecte
875 1528 1168 1596 impositis,
1205 1527 1316 1582 dici
1345 1528 1536 1581 solitas
1568 1527 1850 1581 orationes
1899 1543 2032 1596 per-

448 1615 635 1679 solvit;
670 1617 1032 1686 suaviumque
1059 1618 1424 1688 laerymarum
1453 1617 1628 1671 imbre
1684 1617 1830 1670 inter
1893 1633 2026 1685 pre-

2135 434 2285 498 ὅπως
2317 451 2376 487 τε
2410 434 2702 504 σύμφωνον
2741 433 2880 504 αὐτῇ
2915 432 2976 486 τὸ
3007 432 3400 500 γεγενημένον,
3422 432 3520 486 καὶ
3573 434 3732 496 ὅπως

2136 524 2274 596 ὅπερ
2312 525 2494 594 ἐκείνη
2521 524 2837 595 παρέδειξεν
2867 523 3016 594 αὐτῷ
3047 523 3298 596 κρυφίως
3327 525 3424 577 καὶ
3475 525 3733 596 ἀπορρή-

2139 632 2272 680 τως,
2301 615 2461 670 τοῦτο
2489 616 2670 670 τοίνυν
2703 617 2799 671 ἐπὶ
2825 616 2921 670 τοῦ
2951 616 3284 687 πράγματος
3312 616 3414 670 ῐδοι
3449 632 3462 646 ·
3520 617 3718 669 ἔπειτα

2141 708 2324 778 μέντοι
2354 709 2452 760 καὶ
2487 710 2586 778 τῆς
2612 709 2764 772 Θείας
2785 709 2969 778 φωνῆς
2993 708 3211 777 ἐκείνης
3256 707 3360 777 τῆς
3401 709 3537 777 πρὸς
3564 708 3731 760 αὐτὸν

2137 800 2566 876 άν[εν]εχθείσης
2615 799 3013 871 ἐπιμνησθεὶς,
3071 798 3150 862 ὡς
3221 798 3360 870 πρὸς
3483 799 3732 868 ἀνάγκης

2139 894 2292 965 αὐτῷ
2329 894 2678 949 καταστάντα
2705 893 2802 947 κα)⁸
2832 893 2920 945 τὸν
2956 890 3256 943 ἐπίσκοπον
3302 888 3449 960 εἶχε,
3484 891 3580 942 καὶ
3615 889 3730 944 οὐδ’

2140 984 2208 1038 ἄν
2255 983 2358 1037 εἴτι
2399 985 2496 1036 καὶ
2543 983 2752 1052 γένοιτο
2820 983 3085 1054 μεθήσειν
3169 982 3426 1050 λέγοντα,
3479 981 3734 1043 εὐδοκίας

2145 1073 2196 1143 (ὃ
2225 1074 2322 1127 καὶ
2361 1074 2549 1142 σαφῶς
2570 1070 2664 1144 ἦν)
2701 1074 2804 1143 τῆς
2840 1074 3048 1130 ἄνωθεν
3079 1076 3342 1143 ἄντικρυς
3377 1074 3440 1125 τὸ
3496 1075 3736 1141 πρᾶγμα

2140 1165 2510 1234 κατανοήσας,
2527 1164 2698 1218 κλίνει
2721 1166 2820 1235 μέν
2840 1166 2931 1219 τὸν
2957 1165 3159 1234 αὐχένα
3189 1165 3280 1218 καὶ
3306 1164 3474 1216 ἄκωνο
3495 1166 3522 1215 ὁ
3546 1163 3605 1216 δέ
3634 1165 3737 1232 τὴν

2145 1257 2306 1325 χεῖρα
2333 1257 2398 1324 τῇ
2429 1255 2638 1326 κεφαλῇ
2672 1254 2901 1319 ἐπιθεὶς,
2933 1254 3179 1317 εὐλαϐῶς
3207 1255 3404 1323 κομιδῇ
3435 1253 3530 1305 καὶ
3555 1270 3742 1318 πεφυ-

2138 1347 2536 1417 λαγμένως-τάς
2547 1365 2604 1401 τε
2631 1347 2880 1418 συνήθεις
2903 1347 3068 1417 εὐχὰς
3086 1345 3353 1406 ἐπειπὼν,
3373 1345 3466 1397 καὶ
3493 1345 3740 1414 δάκρυον

2140 1438 2238 1507 ἡδὺ
2268 1437 2376 1490 τῶν
2407 1437 2585 1507 εὐχῶν
2612 1438 2902 1507 καταχέας,
2944 1437 3004 1490 τὸ
3032 1435 3214 1506 ψυχῆς
3237 1435 3380 1488 θεῖόν
3408 1452 3459 1486 τι
3489 1434 3742 1502 πασχού-

2141 1542 2242 1593 σης
2273 1527 2500 1595 ἐναργὲς
2531 1525 2820 1595 σύμϐολον,
2851 1525 3002 1596 ίερέα
3028 1524 3246 1588 τελειοῖ,
3281 1524 3451 1596 τρίτῳ
3480 1524 3581 1592 τῆς
3613 1522 3746 1594 ηλι-

2143 1616 2274 1680 κίας
2302 1618 2397 1670 ἐπὶ
2426 1619 2722 1688 τριάκοντα
2757 1617 2887 1670 ἔτει.

447 1708 679 1762 candum
711 1709 1008 1778 perfusus.
1045 1711 1229 1764 anima
1288 1711 1478 1765 nescio
1529 1709 1673 1780 quod
1709 1710 1910 1764 divinae
1932 1711 2156 1766 virtutis
2228 1711 2496 1766 indicium
2579 1710 2852 1765 sentiente
2885 1750 2901 1775 ,
2956 1707 3300 1764 sacerdotem
3359 1707 3746 1770 consecravit,

447 1801 610 1856 tertio
645 1810 702 1857 et
730 1803 1014 1859 tricesimo
1043 1804 1224 1858 astatis
1253 1819 1421 1858 anno.

519 1940 640 1996 156.
671 1941 800 1995 Post
832 1941 948 1996 hazc
979 1941 1293 2010 episcopus,
1338 1940 1482 1994 dicta
1517 1949 1851 2009 acceptaque
1881 1940 2032 1994 salu-

2192 1903 2358 2012 ’ρνςκ
2400 1942 2458 1996 ’0
2487 1942 2583 2013 μὲν
2611 1937 2704 1996 οὖν
2728 1942 2954 2013 εἰρήνην
2977 1941 3101 2005 δοὺς
3132 1941 3165 2012 ἢ
3196 1940 3294 1994 καὶ
3318 1938 3500 1992 λαϐὼν
3529 1939 3754 2008 ἀνεχώ-

449 2041 525 2099 te,
557 2035 874 2098 revertitur,
911 2033 1072 2088 laatus
1100 2034 1246 2102 quod
1288 2049 1483 2087 manus
1508 2049 1636 2087 suas
1685 2033 1740 2086 in
1785 2031 1876 2086 tali
1907 2047 2036 2086 vase

447 2125 832 2182 consecrando
894 2124 1129 2194 Spiritui
1199 2133 1390 2178 sancto
1449 2123 1886 2177 commodasset:
1933 2122 2037 2194 Sy-

448 2217 630 2270 meoni
688 2230 823 2269 vero
871 2223 1230 2269 accesserunt
1287 2213 1568 2283 discipuli,
1626 2222 1918 2283 rogantes,
1978 2220 2041 2266 ut

448 2304 762 2359 divinorum
795 2305 1182 2376 mysteriorum
1225 2304 1496 2374 primitias
1531 2303 1783 2358 offerret.
1823 2303 2028 2357 Verum

448 2393 540 2450 ille
569 2394 878 2464 profectum
904 2409 1066 2448 suum
1102 2395 1158 2449 in
1205 2405 1398 2450 sancto
1427 2395 1637 2464 Spiritu
1672 2395 2042 2449 constitutum

450 2484 690 2549 habens,
733 2485 898 2540 anxio
942 2493 1062 2539 erat
1110 2486 1331 2549 animo,
1393 2485 1648 2554 exemplo
1703 2485 2040 2540 ferventium

449 2584 780 2635 amatorum,
812 2575 1096 2644 quomodo
1119 2574 1455 2628 sacriﬁcium
1495 2575 1611 2628 Deo
1661 2590 1763 2629 suo
1794 2576 2044 2644 gratissi-

451 2681 604 2721 mum
631 2666 879 2730 olIerret,
917 2683 981 2722 ac
1003 2667 1196 2736 majori
1227 2666 1380 2720 illum
1434 2664 1682 2720 alliceret
1734 2667 2046 2736 voluptate;

449 2757 704 2827 viditque
765 2773 867 2828 per
922 2759 1326 2828 apparitionem
1379 2773 1437 2812 se
1489 2759 1669 2827 ipsum
1729 2758 2044 2815 istiusmodi

449 2849 733 2906 oblatione
779 2865 994 2905 sacram
1054 2850 1336 2920 liturgiam
1394 2850 1820 2920 perﬁcientem;
1870 2860 2038 2920 atque

451 2946 774 3018 angelorum
801 2956 1128 3001 sanctorum
1158 2946 1441 3012 cohortes,
1467 2945 1722 3000 vestibus
1751 2944 1878 2999 nive
1909 2960 2043 2999 can-

2142 2049 2297 2103 ρησε,
2329 2033 2535 2103 χαίρων
2565 2038 2647 2090 ὅτι
2693 2031 2792 2095 τὰς
2822 2034 3008 2102 χεῖρας
3040 2031 3132 2082 ἐπὶ
3167 2030 3393 2100 τοιούτῳ
3437 2029 3622 2082 σκεύει
3662 2027 3751 2098 τῷ

2141 2123 2424 2194 Πνεύματι
2452 2125 2712 2193 χρήσειεν
2735 2140 2748 2154 ο
2774 2123 2852 2192 τῷ
2879 2123 2937 2175 δέ
2965 2121 3188 2191 Συμεὼν
3212 2123 3261 2175 oi
3291 2122 3534 2192 μαθηταὶ
3567 2138 3751 2192 προτ-

2141 2216 2410 2281 ελθόντες,
2458 2217 2644 2285 ἠξίουν
2675 2216 2776 2287 τὴν
2820 2214 2971 2267 θείαν
3009 2214 3172 2266 αὐτὸν
3217 2213 3530 2266 ἐπιτελέσαι
3564 2229 3749 2282 μυστ-

2143 2307 2406 2375 αγωγίαν.
2449 2305 2507 2358 Ὀ
2541 2305 2598 2358 δὲ
2625 2304 2726 2375 τὴν
2769 2302 3144 2372 προσκομιδὴν
3177 2304 3234 2354 ἐν
3274 2301 3552 2371 Πνεύματι
3596 2301 3747 2371 ἁγίῳ

2145 2397 2436 2464 συντάξας,
2466 2396 2678 2466 ήγωνία
2705 2393 2849 2448 κατὰ
2877 2394 3003 2454 τοὺς
3035 2393 3274 2462 θερμοὺς
3316 2393 3423 2446 τῶν
3456 2395 3741 2464 ἐραστῶν,

2143 2492 2294 2553 ὅπως
2330 2491 2396 2544 ἂν
2423 2489 2500 2559 τῷ
2539 2486 2858 2556 ποθουμένῳ
2893 2484 3014 2556 Θεῷ
3044 2485 3426 2556 προσενέγκοι,
3453 2487 3547 2540 καὶ
3584 2484 3750 2556 αὐτῷ

2149 2581 2349 2653 μᾶλλον
2369 2580 2622 2653 ήδυνθείη
2647 2580 2714 2634 τά
2735 2578 2836 2648 τῆς
2865 2577 3079 2642 θυσίας.
3111 2579 3222 2632 Καὶ
3245 2579 3349 2649 ὁρᾷ
3375 2579 3431 2630 ἐν
3459 2575 3755 2630 ἀποκαλύ-

2145 2674 2237 2744 ψει
2268 2673 2461 2728 ἐαυτὸν
2499 2674 2598 2742 μὲν
2625 2672 2724 2741 τὴν
2747 2670 2898 2724 θείαν
2928 2669 3015 2723 διὰ
3044 2669 3144 2739 τῆς
3171 2669 3428 2737 τοιαύτης
3456 2668 3752 2737 ἀναφορᾶς

2146 2765 2492 2835 λειτουργίαν
2531 2762 2902 2826 ἐπιτελοῦντα,
2935 2761 3193 2829 τάγματα
3235 2759 3291 2813 δὲ
3334 2759 3507 2825 ἁγίων
3560 2759 3749 2825 άγγὲ-

2148 2857 2257 2910 λων
2287 2858 2464 2926 χιόνος
2495 2855 2796 2926 λευκότερα
2840 2853 2940 2916 τὰς
2967 2851 3256 2916 ἀναϐολὰς,
3289 2849 3400 2921 πρὸ
3439 2849 3541 2920 τῆς
3567 2847 3751 2902 αὐτοῦ

2151 2949 2400 3012 στάσεως
2439 2947 2672 3012 ἑστῶτα,
2703 2945 2796 2999 καί
2843 2961 2951 2997 τινι
3009 2943 3224 3011 κινήσει
3280 2940 3480 3011 χειρῶν
3521 2939 3756 3012 ἐξαισίῳ

450 3037 768 3093 didioribus
806 3039 1163 3104 amictorum,
1197 3038 1463 3092 stantium
1522 3045 1650 3092 ante
1701 3036 2039 3103 columnam,

2147 3035 2254 3094 οἷον
2288 3037 2738 3107 ἐπευφημοῦντα,
2769 3035 2990 3089 κάκεῖνο
3013 3033 3506 3107 προσεπιλέγοντα*
3554 3031 3624 3084 Εἴ
3654 3048 3752 3096 τις

450 3140 509 3186 et
532 3133 778 3186 motione
817 3132 1054 3201 quadam
1088 3145 1350 3184 manuum
1387 3131 1652 3184 inusitata
1673 3130 1845 3184 veluti
1897 3130 2042 3186 bene

451 3221 818 3292 precantium,
847 3235 911 3274 ac
951 3221 1043 3273 tali
1069 3219 1526 3274 concludentium
1576 3219 1721 3274 dicta
1773 3221 2040 3292 epilogo:

454 3311 513 3367 Si
553 3312 679 3380 quis
729 3311 860 3365 huic
906 3310 1035 3366 ﬁdei
1099 3310 1436 3366 confessioni
1486 3326 1598 3365 non
1639 3315 2038 3378 communicat,

453 3402 747 3459 anathema
795 3403 890 3458 sit.
925 3402 1066 3457 Tum
1131 3401 1272 3456 vidit
1325 3401 1499 3456 Deum
1554 3417 1797 3473 quoque,
1829 3403 2038 3458 caelesti

453 3493 612 3566 signo
643 3493 962 3566 angelorum
993 3508 1161 3548 voces
1206 3493 1688 3562 comprobantem,
1746 3509 1810 3550 ac
1862 3494 2042 3564 sigillo

454 3583 612 3654 quasi
648 3599 750 3638 suo
777 3583 1146 3638 munientem.
1171 3582 1363 3653 Itaque
1402 3593 1694 3655 postquam
1735 3584 1864 3639 talia
1895 3585 2045 3640 circa

454 3676 706 3732 divinum
764 3675 1099 3731 sacriﬁcium
1151 3677 1407 3742 edoctus,
1457 3675 1882 3732 testiﬁcationes
1933 3685 2045 3731 tam

456 3775 659 3831 certas,
684 3775 793 3821 tam
825 3765 1057 3829 solidas,
1086 3776 1196 3822 tam
1238 3767 1590 3838 perspicuas,
1635 3774 1692 3822 et
1723 3767 1951 3838 quibus,
2000 3767 2049 3821 si

456 3859 532 3913 ita
561 3857 673 3922 vis,
705 3857 1012 3913 contradici
1043 3859 1124 3914 nil
1145 3868 1347 3929 potest,
1370 3859 1712 3930 accepisset,
1749 3859 2052 3930 promptis-

458 3951 598 4006 sima
633 3950 900 4020 deinceps
930 3958 990 4006 et
1015 3951 1206 4023 lingua
1255 3960 1313 4008 et
1362 3953 1563 4024 spiritu
1622 3951 1760 4006 illud
1815 3953 2042 4008 obtulit.

456 4041 572 4100 Nos
598 4059 732 4100 vero
758 4053 958 4101 castera
984 4044 1092 4100 viri
1121 4045 1386 4101 miracula
1420 4060 1845 4119 prosequamur.

2147 3134 2215 3202 τῇ
2246 3130 2509 3201 ὁμολογίᾳ
2529 3129 2704 3200 ταύτῃ
2725 3127 2823 3195 τῆς
2848 3124 3084 3188 πίστεως
3105 3125 3168 3176 οὐ
3199 3124 3465 3183 κοινωνεῖ,
3486 3121 3748 3190 ἀνάθεμα

2149 3223 2318 3276 ἔστω·
2357 3221 2487 3292 ἑξῆς
2523 3221 2580 3274 δέ
2626 3219 2721 3272 καὶ
2763 3216 2898 3270 Θεὸν
2928 3213 3134 3269 ἄνωθεν
3179 3211 3593 3275 ἐπευδοκοῦντα,
3641 3211 3748 3264 καὶ

2146 3314 2248 3378 τὰς
2275 3315 2459 3383 φωνὰς
2486 3311 2678 3383 ῶσπερ
2709 3307 3194 3382 ἐπισφραγίζοντα.
3235 3305 3294 3359 Ὀ
3319 3305 3418 3374 μὲν
3448 3298 3539 3356 οὖν
3561 3301 3748 3354 ταῦτα

2151 3406 2386 3478 μυηθεὶς
2415 3406 2546 3477 περὶ
2570 3403 2673 3472 τῆς
2708 3401 2861 3463 θείας
2896 3397 3305 3470 μυσταγωγίας,
3343 3394 3439 3448 καὶ
3479 3391 3748 3455 τοιαύτας

2151 3499 2528 3570 πληροφορίας
2555 3495 2760 3562 λαϐὼν,
2794 3496 2890 3548 καὶ
2912 3492 3086 3554 οὕτως
3115 3489 3379 3558 ἀσφαλεῖς
3398 3487 3493 3539 καὶ⁵
3513 3482 3748 3554 βεϐαίας

2145 3592 2180 3662 ἢ
2213 3590 2475 3660 λαμπρὰς
2505 3587 2599 3642 καὶ
2613 3581 3123 3652 άναντιρῤήτους,εί
3142 3575 3647 3652 βούλει,ἰπροθύμῳ
3678 3573 3749 3628 ea

2148 3683 2338 3738 λοιπὸν
2360 3680 2530 3752 αὐτὴν
2549 3678 2796 3733 ἐπετέλει
2814 3677 2911 3730 καὶ
2931 3675 3149 3746 γλώττῃ
3171 3673 3267 3726 καὶ
3285 3670 3556 3740 πνεύματι
3571 3684 3584 3697 ·
3603 3668 3749 3736 ἡμῖν

2150 3776 2209 3830 δὲ
2237 3774 2331 3828 καὶ
2359 3772 2426 3827 τά
2451 3772 2592 3842 πρὸς
2621 3770 2690 3824 τά
2717 3767 2846 3839 ἑξῆς
2868 3768 2897 3821 ὁ
2917 3766 3076 3835 λόγος
3106 3763 3369 3836 βαδιεῖται
3391 3760 3501 3816 τῶν
3520 3756 3616 3813 τοῦ
3647 3759 3755 3813 dv-

2153 3868 2278 3938 δρὸς
2308 3864 2648 3936 θαυμασίων.

1952 4228 2177 4285 CAPUT
2207 4225 2326 4282 XX.

1133 4340 1364 4406 Bacillo,
1397 4341 1570 4406 verba,
1611 4359 1755 4412 aqua
1785 4358 2064 4404 manuum,
2105 4341 2259 4395 varia
2294 4344 2496 4408 patrat.
2545 4333 2809 4388 Mortuum
2847 4328 3088 4383 suscitat.

535 4456 660 4512 I57.
701 4456 795 4510 Vir
824 4455 1068 4526 quidam,
1105 4457 1326 4512 natione
1349 4455 1495 4519 lber,
1519 4470 1619 4526 per
1638 4455 1853 4512 calores
1885 4464 2042 4512 33513-

2229 4451 2362 4526 va'.
2409 4449 2574 4519 ’Λνήρ
2605 4463 2688 4510 τις
2713 4445 2870 4515 Ἰϐηρ
2891 4443 2949 4496 τὸ
2977 4441 3155 4510 γένος,
3174 4440 3231 4494 ἐν
3258 4439 3409 4526 άκμῇ
3438 4437 3632 4508 θέρους
3656 4438 3751 4491 ἐπί

461 4548 535 4604 tis
565 4548 619 4602 in
651 4562 776 4601 area
829 4546 1067 4617 quadam
1113 4562 1367 4601 somnum
1402 4545 1655 4615 capiebat
1683 4543 1816 4600 vino
1862 4555 2047 4616 potus,

463 4639 931 4711 quemadmodum
962 4639 1200 4694 ebriosis
1266 4638 1407 4692 solet
1466 4636 1758 4700 accidere,
1888 4637 2054 4707 idque

464 4731 652 4786 hiante
680 4746 810 4784 ore:
837 4745 962 4784 cum
988 4728 1262 4798 adrepens
1285 4727 1536 4789 coluber,
1569 4735 1835 4797 percepto
1859 4727 2051 4792 odore,

463 4840 564 4894 per
630 4823 818 4878 fauces
867 4821 970 4876 viri
1007 4821 1073 4876 ad
1133 4823 1346 4875 viscera
1395 4836 1569 4890 usque
1605 4820 2056 4890 sitibunduspe-

462 4925 645 4970 netrat
681 4933 694 4969 :
729 4932 836 4986 qua
873 4931 933 4968 re
966 4915 1056 4969 ille
1102 4914 1157 4968 in
1189 4922 1498 4967 extremum
1536 4912 1841 4981 periculum
1871 4912 2047 4966 addu-

462 5017 606 5072 ctus,
638 5009 776 5062 nihil
808 5007 1109 5077 quidquam
1143 5004 1289 5075 quod
1317 5004 1422 5058 sibi
1455 5007 1782 5074 applicaret,
1817 5003 2048 5058 remedii

429 5059 772 5157 )inveniens,
815 5097 1106 5152 confestim
1137 5093 1205 5148 ad
1236 5103 1486 5148 sanctum
1517 5092 1844 5164 Symeonem
1881 5093 2051 5147 advo-

463 5189 562 5252 lat,
598 5191 820 5244 unicum
860 5190 913 5243 in
962 5188 1169 5243 morbis
1196 5185 1532 5257 perfugium,
1562 5185 1776 5239 unicam
1808 5185 1862 5238 in
1902 5192 2054 5238 tanto

467 5284 612 5338 male
648 5283 1000 5339 medicinam.
1041 5285 1090 5339 ls
1132 5292 1315 5338 autem
1357 5281 1664 5359 calamitpsi
1707 5280 1813 5334 viri
1869 5279 2063 5334 miscr-

469 5383 578 5436 tus,
626 5386 900 5440 ventrem,
936 5391 1101 5446 quem
1135 5375 1366 5430 coluber
1408 5370 1484 5428 uti
1532 5381 1752 5426 antrum
1784 5387 1946 5425 suum
1982 5369 2066 5423 in-

465 5467 704 5532 colebat,
727 5469 927 5524 baeillo
955 5485 1056 5524 suo
1077 5469 1277 5540 signat,
1298 5475 1464 5535 atque
1490 5463 1828 5519 monasterio
1911 5463 2064 5516 exire

464 5560 639 5631 jubet.
673 5561 897 5616 Iussum
932 5561 1136 5618 iactum
1165 5583 1176 5615 ε
1221 5561 1278 5615 in
1325 5574 1550 5630 egressu
1585 5557 1768 5612 statim
1797 5562 2061 5610 exonerat

471 5653 556 5707 via
596 5655 830 5710 naturali
876 5656 1059 5712 vivum
1094 5663 1428 5726 serpentem,
1483 5660 1536 5707 et
1586 5649 1879 5707 incolumis
1919 5647 2061 5702 redit

2149 4525 2296 4608 τινος
2337 4544 2542 4604 ἅλωνος
2586 4537 2878 4592 ἐκάθευδεν
2910 4534 3016 4588 ὐπὸ
3045 4533 3214 4595 οίνου,
3241 4525 3332 4584 οἷα
3377 4530 3441 4598 δὴ
3467 4531 3615 4600 φιλεῖ
3637 4534 3748 4595 τοῖς

2151 4634 2423 4690 οἱνωθεϊσι
2449 4629 2789 4697 συμϐαίνειν,
2823 4625 2919 4678 καὶ
2951 4623 3011 4676 τὸ
3041 4623 3214 4692 στόμα
3251 4620 3490 4691 κεχήνει.
3526 4621 3748 4688 Ὄφεως

2151 4725 2443 4798 τοιγαροῦν
2505 4721 2654 4790 αὐτῷ
2707 4715 3196 4790 προσερπύσαντος
3260 4713 3352 4766 καὶ
3413 4712 3517 4779 τῆς
3565 4711 3746 4780 ὀσμῆς

2155 4818 2504 4888 αἰσθομένου,
2538 4816 2594 4866 ἐν
2621 4810 2762 4880 δίψει
2808 4826 2867 4861 τε
2904 4807 3041 4877 πρὸς
3078 4806 3146 4858 τὰ
3176 4805 3383 4872 ἔγκατα
3425 4801 3520 4855 τοῦ
3553 4801 3750 4869 ἀνδρὸς

2153 4907 2447 4967 εἰσδύντος,
2475 4904 2532 4954 ἐν
2561 4901 2722 4953 παντὶ
2747 4898 2992 4951 κινδύνου
3018 4894 3328 4965 γενόμενος,
3366 4893 3458 4945 καὶ
3479 4893 3505 4944 ὃ
3533 4892 3584 4942 τί
3616 4908 3750 4944 ποτε

2157 5001 2427 5071 χρήσηται
2465 4992 2652 5047 λοιπὸν
2681 4989 2860 5059 ἐαυτῷ
2890 4987 2964 5058 μὴ
2997 4987 3156 5056 ἔχων,
3187 4983 3339 5056 παρὰ
3367 4982 3457 5035 τὸν
3483 4983 3627 5035 θεῖον
3661 4983 3755 5035 εὐ-

2160 5093 2257 5154 θὺς
2281 5088 2526 5158 Συμεὼν,
2560 5087 2658 5156 τὴν
2692 5083 2860 5154 μόνην
2883 5083 3008 5152 ἥκει
3034 5079 3129 5133 τοῦ
3160 5078 3368 5140 πάθους
3397 5077 3747 5146 καταφυγὴν.

2162 5185 2260 5254 τὴν
2307 5184 2474 5254 μόνην
2503 5177 2822 5250 τηλικούτου
2854 5174 3027 5228 κακοῦ
3058 5173 3234 5226 λύσιν,
3281 5171 3337 5225 Ὀ
3376 5171 3432 5223 δὲ
3459 5170 3550 5222 τὸν
3579 5171 3751 5240 ἄνδρα

2163 5279 2261 5348 τῆς
2297 5275 2580 5345 συμφορᾶς
2614 5272 2863 5342 ἐλεήσας,
2887 5268 2989 5339 τὴν
3023 5266 3252 5328 κοιλίαν,
3282 5265 3349 5336 ἣν
3379 5265 3480 5317 ὅσα
3509 5262 3604 5315 καὶ
3637 5281 3751 5332 φω-

2163 5369 2283 5422 λεὸν
2325 5369 2353 5420 ὁ
2389 5366 2512 5434 ὄφις
2543 5363 2698 5434 ᾤκει,
2731 5363 2797 5432 τῇ
2840 5359 3023 5430 ῥάϐδῳ
3055 5356 3476 5426 διασφραγίσας.
3520 5353 3627 5419 ἔξω
3663 5371 3752 5421 γε·

2163 5459 2349 5515 νέσθαι
2378 5461 2477 5528 τῆς
2503 5457 2670 5528 μονῆς
2701 5453 3010 5522 ἐπιτρέπει,
3047 5448 3311 5514 Ἐξελθὼν
3335 5447 3515 5501 τοίνυν
3545 5445 3641 5498 εὐθ
3662 5449 3750 5506 ’ως

2164 5554 2392 5614 ἐκεῖνος,
2438 5550 2584 5620 κενοῖ
2628 5545 2716 5600 διά
2759 5545 2866 5598 τῶν
2907 5541 3152 5613 φυσικῶν
3202 5538 3399 5604 ἐξόδων
3439 5536 3620 5602 ζῶντα
3660 5536 3748 5586 τὸν

2163 5646 2307 5714 Law,
2366 5643 2458 5695 καὶ
2508 5642 2688 5695 οἴκαδε
2740 5637 2896 5707 ὐγιὴς
2935 5635 3221 5705 ἐπανήκει,
3263 5629 3447 5702 θαῦμα
3489 5629 3550 5681 οὐ
3587 5627 3746 5680 πᾶσιν
