4034 6186
365 286 503 352 3133

1381 289 1558 350 VITA
1596 288 1644 346 A
1684 286 2123 350 NICEPHORO
2157 290 2644 353 CONSCRIPTA.

3495 292 3642 360 3135

369 405 599 467 δίλμασι,
625 395 762 451 ἀλλά
789 396 883 451 καὶ
915 397 1068 464 ὠσὶν,
1094 397 1154 452 τδ
1187 397 1488 469 τηνικαῦτα
1522 400 1671 464 ίδεῖν,
1697 402 1791 454 καὶ
1812 401 1953 462 ὅσοις

2060 401 2304 467 domum,
2336 472 2338 474 ν
2367 406 2698 460 miraculum
2748 404 2925 461 factus
2975 423 3084 461 non
3126 407 3373 462 omnium
3430 415 3640 464 tantum

370 493 445 554 είς
471 489 632 561 δεῦρο
667 491 828 544 πάλιν
860 491 1088 544 ἀκούσαι
1118 490 1347 558 γένοιτο.

364 588 500 649 quot
554 589 688 636 tunc
743 578 1006 648 temporis
1041 576 1176 632 illud
1227 576 1462 646 videre;
1520 580 1752 635 auribus
1831 596 1987 648 vero,

362 672 499 726 cuit.

441 761 576 834 ρνη’.
618 757 754 816 Εἶτα
797 763 1134 834 προσάγεται
1178 781 1262 828 τις
1303 763 1452 834 αὐτῷ
1490 764 1694 827 νεᾶνις,
1745 763 1810 816 οὐ
1845 779 1958 816 κω-

362 857 604 928 φεύουσα
641 857 802 926 μόνον
839 856 934 908 καὶ
976 847 1241 926 μηδαμῶς
1273 856 1642 926 φθεγγομένη,
1682 857 1818 910 ἀλλὰ
1860 856 1956 910 καὶ

359 951 551 1020 τρῧμῳ
591 949 652 1001 τὸ
690 951 798 1002 πᾶν
842 949 1002 1018 σῶμα
1030 948 1271 1016 τοσούτῳ
1312 947 1644 1016 συνεχομένη
1676 989 1689 1012 ,
1723 948 1797 1011 ὡς
1831 949 1955 1018 μηδ’

361 1042 483 1096 οίαν
508 1059 565 1093 τε
599 1037 736 1092 εἶναι
769 1042 1080 1110 διακρατεῖν
1110 1033 1309 1108 ἑαυτὴν
1339 1079 1352 1101 ,
1375 1040 1508 1092 ἁλλά
1535 1039 1733 1092 σινδόνι
1755 1041 1954 1110 μᾶλλον

365 1130 733 1202 βαστάζεσθαι
752 1147 766 1161 ’
804 1129 1029 1182 ἕσϐεστο
1055 1130 1111 1182 δὲ
1144 1131 1235 1182 καὶ
1261 1132 1288 1182 ὁ
1315 1129 1498 1200 πατὴρ
1529 1130 1628 1199 ἤδη
1660 1131 1757 1199 τῆς
1786 1131 1955 1200 κόρης

361 1223 488 1284 τοὺς
520 1221 852 1290 ὀφθαλμούς.
891 1223 999 1273 Καὶ
1037 1223 1064 1274 ὁ
1108 1221 1207 1290 μὲν
1235 1222 1326 1289 ὑφ’
1356 1222 1559 1290 ἑτέρων
1585 1221 1957 1290 χειραγωγού-
1982 1263 1996 1278 ,

366 1331 549 1384 μενος,
575 1316 609 1383 ἡ
633 1313 690 1365 δὲ
719 1313 993 1383 φερομένη
1014 1331 1027 1342 '
1059 1315 1088 1366 ὁ
1121 1313 1218 1382 μὲν
1259 1314 1473 1365 ἵσταται
1509 1314 1614 1382 πρδ
1643 1313 1734 1364 τοῦ
1794 1313 1950 1379 ἁγίου

363 1407 584 1475 τυφλὸς,
613 1408 644 1475 ἡ
678 1406 734 1458 δὲ
772 1405 1106 1476 προτίθεται.
1159 1407 1216 1458 Ὀ
1248 1405 1346 1474 μὲν
1374 1400 1465 1458 οὖν
1512 1406 1695 1475 πατὴρ
1720 1407 1798 1466 εἰς
1828 1406 1954 1457 ἐαυ-

362 1501 456 1552 τδν
485 1499 879 1568 ἀναδεχόμενος
905 1499 1005 1568 τὴν
1037 1499 1136 1567 τῆς
1176 1498 1364 1560 παιδὸς
1408 1498 1643 1568 πάρεσιν
1690 1497 1833 1566 (ἐπεὶ
1859 1496 1953 1549 καὶ

363 1595 570 1663 πατὴρ,
626 1592 880 1645 κάκείνου
933 1591 1134 1661 μᾶλλον
1179 1591 1240 1643 τὸ
1290 1589 1460 1654 πάθος
1509 1587 1597 1660 ἦν,
1631 1593 1678 1642 εί
1713 1589 1809 1642 καὶ
1854 1589 1954 1656 τῆς

365 1688 555 1749 παιδὸς
588 1686 912 1755 ἐνομίζετο),
949 1685 1134 1755 ἱκέτης
1174 1685 1313 1754 ὑπὲρ
1363 1684 1464 1753 τῆς
1497 1682 1691 1752 διπλῆς
1740 1682 1950 1750 ἐγίνετο

367 1780 674 1849 συμφορᾶς,
711 1779 773 1830 οὐ
827 1778 1060 1844 πάρεσιν
1091 1776 1270 1829 αὐτῶν
1323 1775 1538 1845 ίαθῆναι
1584 1775 1765 1844 μόνον,
1814 1772 1950 1825 ἀλλά

366 1874 458 1926 καὶ
486 1871 779 1937 τύφλωσιν.
828 1870 884 1920 '0
906 1870 961 1924 δὲ
988 1869 1129 1932 θεῖος
1159 1866 1384 1938 Συμεὼν
1412 1868 1613 1936 ἀμφοῖν
1643 1865 1711 1918 τὰ
1743 1864 1952 1932 σπλάγ-

2059 495 2259 560 oculis,
2286 495 2381 552 sed
2427 498 2593 551 etiam
2651 499 2910 562 auribus;
2959 500 3133 554 oculis
3178 500 3424 569 quidem,
3475 513 3641 570 quoc-

2061 593 2333 654 quotquot
2392 585 2447 638 in
2504 597 2830 655 praesentem
2894 603 3068 658 usque
3127 589 3274 645 diem
3332 591 3522 646 audire
3571 590 3643 647 li-

2129 768 2252 822 158.
2294 768 2534 822 Rursum
2583 769 2880 824 adducitur
2909 771 2984 824 illi
3026 771 3230 840 puella,
3284 788 3394 827 non
3430 781 3642 828 tantum

2058 862 2318 917 audiendi
2357 862 2728 932 loquendique
2763 863 3024 918 facultate
3048 865 3332 927 destituta,
3365 865 3460 920 sed
3493 877 3643 920 tanto

2057 954 2222 1007 etiam
2269 962 2512 1008 tremore
2545 955 2809 1008 membris
2841 956 3102 1010 onmibns
3132 967 3408 1026 correpta.
3445 969 3504 1012 ut
3537 959 3642 1011 im-‘-

2057 1051 2274 1112 potens,
2324 1059 2446 1112 quae
2477 1058 2534 1097 se
2572 1043 2743 1122 ipsam
2797 1046 3118 1107 sustineret,
3171 1046 3342 1099 linteo
3396 1048 3639 1101 involuta

2056 1136 2258 1207 gestari
2299 1135 2529 1190 deberet
2561 1153 2572 1188 :
2603 1136 2743 1204 patri
2800 1152 2933 1190 vero
2962 1138 3100 1206 ejus,
3133 1139 3464 1191 exstinctum
3519 1146 3642 1191 erat

2056 1229 2343 1281 oculorum
2392 1227 2600 1283 lumen.
2650 1229 2716 1281 Et
2768 1228 2868 1282 iste
2919 1228 3141 1297 quidem
3188 1230 3258 1283 ab
3304 1230 3428 1283 aliis
3475 1245 3638 1282 manu

2059 1319 2280 1383 ductus,
2336 1319 2517 1372 stabat
2552 1335 2735 1374 coram
2773 1331 2962 1375 sancto
3007 1337 3210 1386 carens;
3246 1321 3334 1375 illa
3388 1338 3519 1375 vero
3547 1337 3640 1390 ap-

2056 1419 2301 1479 portata,
2376 1410 2580 1464 ibidem
2642 1412 2904 1465 collocata
2945 1413 3184 1482 jaeebat.
3242 1414 3404 1466 Pater
3458 1413 3640 1481 itaque

2056 1503 2331 1573 paralysin
2353 1503 2476 1556 filia:
2502 1519 2654 1556 suam
2687 1505 2862 1572 ipsius
2889 1521 3009 1560 esse
3034 1515 3297 1574 reputans
3323 1508 3467 1575 (cum
3492 1506 3641 1560 enim

2055 1602 2214 1662 pater
2260 1604 2426 1658 esset,
2463 1596 2640 1658 dolor,
2675 1597 2768 1665 qui
2811 1596 2933 1651 filia:
2978 1599 3289 1665 putabatur,
3331 1599 3507 1666 ipsum
3540 1613 3642 1667 po-

2059 1688 2167 1740 tius
2201 1702 2341 1756 aegre
2375 1687 2653 1754 habebat),
2689 1689 2918 1756 supplex
2950 1704 3048 1758 pro
3089 1689 3293 1758 duplici
3327 1689 3638 1743 calamitate

2055 1776 2398 1846 deprecanda
2427 1780 2483 1830 fit
2503 1819 2517 1838 ,
2543 1778 2826 1832 obtestans
2859 1795 2966 1832 non
2997 1781 3172 1832 solum
3202 1789 3261 1834 ut
3295 1781 3523 1852 paralysi
3557 1794 3643 1834 re-

2053 1868 2318 1930 medium,
2349 1867 2442 1922 sed
2463 1869 2692 1921 caecitati
2722 1885 2942 1938 quoque
2962 1869 3486 1924 aﬂ'eratur.Sanctus
3509 1885 3641 1924 vero

366 1980 466 2033 χνα
499 1961 896 2031 περιαλγήσας,
930 1962 1008 2023 εἰς
1035 1961 1319 2029 σπλάγχνα
1347 1977 1407 2012 τε
1453 1958 1614 2011 πάλιν
1644 1957 1803 2019 αὐτὸς
1835 1957 1953 2024 φιλ-

2056 1961 2325 2032 Symeon,
2379 1963 2495 2031 ipse
2542 1961 2766 2030 quidem
2820 1962 3108 2015 amborum
3161 1963 3639 2018 commiseratione

365 2052 683 2124 ανθρωπίας
712 2051 847 2104 Θεοῦ
874 2051 1095 2120 βλέψας,
1130 2051 1222 2103 καὶ
1257 2051 1385 2118 γόνυ
1421 2050 1605 2111 κλίνας
1625 2048 1792 2118 αὐτῷ,
1821 2049 1951 2118 παρ’

366 2141 426 2201 οὗ
475 2149 564 2200 τὸν
594 2147 739 2198 ἔλεον
772 2145 887 2215 ᾔδει
929 2143 1201 2206 πλουσίως
1249 2143 1524 2212 χεόμενον,
1559 2142 1820 2204 ἀναστὰς,
1853 2143 1952 2210 τὴν

367 2239 705 2309 Δεσποτικὴν
759 2237 944 2307 φωνὴν
979 2236 1319 2306 (ἐπιτιμήσει
1372 2235 1428 2288 δέ
1485 2252 1574 2303 μοι
1615 2235 1714 2302 τῆς
1747 2235 1952 2304 τόλμης

367 2333 569 2396 οὐδεὶς,
610 2334 729 2384 ἐπεὶ
767 2331 1025 2384 κάκείνου
1059 2329 1247 2398 σαφῶς
1285 2327 1520 2397 ἡφιυνὴ,
1563 2329 1616 2380 '0
1647 2328 1952 2380 πιστεύων

365 2432 453 2493 εις
499 2428 624 2495 ἐμὲ,
654 2428 723 2479 τὰ
759 2427 900 2494 ἔργα
928 2423 966 2478 ἂ
1004 2423 1116 2492 ἐγὼ
1144 2421 1313 2486 ποιῶ,
1356 2422 1634 2486 κάκεῖνος
1660 2419 1946 2488 ποιήσεψ

367 2522 608 2583 ἀναστὰς
636 2520 834 2582 τοίνυν,
864 2520 964 2590 τὴν
985 2517 1321 2588 Δεσποτικὴν
1351 2516 1452 2587 ἔφη
1479 2517 1681 2586 φωνήν·
1714 2515 1777 2566 Ἡ
1799 2517 1948 2577 παῖς,

367 2611 632 2681 ἀνάστηθι
669 2612 766 2664 καὶ
800 2609 958 2678 στῆθι
985 2610 1079 2662 ἐπὶ
1109 2611 1234 2673 τοὺς
1273 2609 1442 2672 πόδας
1473 2627 1588 2662 σου.
1620 2609 1731 2677 Τῆς
1765 2608 1821 2660 δὲ
1855 2609 1950 2660 αύ-

365 2706 493 2758 τίκα
519 2705 654 2773 μέλη
681 2703 858 2756 πάντα
885 2701 1208 2772 ρωσθείσλης,
1239 2703 1331 2754 καλ⁵
1358 2701 1493 2771 ὁμοῦ
1521 2701 1598 2770 τῷ
1620 2701 1950 2770 κελεύσματι

366 2800 530 2850 ποσὶν
561 2795 760 2858 οἱκείος
785 2795 1170 2862 διαναστάσης,
1209 2796 1320 2854 τοῖς
1347 2794 1512 2845 αὑτοῦ
1541 2793 1776 2862 χείλεσιν
1806 2796 1948 2845 ἐκεῖο

367 2906 455 2952 νος
509 2888 600 2939 τὸν
645 2887 908 2940 δάκτυλον
953 2887 1234 2948 ἐκπιέσας,
1275 2885 1502 2953 στόματί
1535 2901 1595 2936 τε
1633 2884 1732 2952 τῆς
1782 2883 1952 2953 κόρης

367 2981 529 3035 αὐτὸν
551 2981 644 3032 καὶ
671 2979 804 3031 ὠσὶν
833 2977 1106 3047 ἐμϐαλὼν,
1134 2976 1401 3029 λαλοῦσαν
1432 2975 1758 3046 ἐλευθερίως
1789 2975 1953 3039 εὐθὺς

366 3075 462 3127 καὶ
522 3072 826 3126 ἀκούουσαν
888 3069 1120 3140 ὁρᾶσθαι
1178 3071 1292 3132 τοῖς
1360 3068 1596 3139 παροῦσι
1663 3072 1948 3141 παρεῖχεν.

366 3164 499 3219 Εἶτα
534 3166 671 3236 πρὸς
701 3166 794 3216 τὸν
818 3163 1030 3232 πατέρα
1056 3161 1408 3230 ἐπιστρέψας,
1447 3165 1538 3214 καὶ
1568 3161 1815 3232 δακτύλῳ
1847 3162 1952 3216 πά-

365 3257 450 3310 λιν
509 3258 710 3325 ὁμοίιος
763 3259 829 3325 τῇ
891 3254 1057 3306 αὐτοῦ
1129 3253 1344 3326 γλώττῃ
1417 3253 1763 3324 διαϐραχέντι
1822 3253 2021 3349 τοὺςϐ

365 3346 682 3415 ὀφθαλμοὺς
738 3344 1047 3414 ἐπιχρίσας,
1087 3346 1394 3414 Δεσποτικῇ
1447 3344 1685 3414 κάκείνῳ
1725 3343 1788 3396 τὸ
1835 3345 1951 3413 φῶς

366 3438 620 3509 ἐνεργείᾳ
683 3437 990 3506 χαρίζεται.
1071 3436 1306 3497 Ἐκεῖνος
1373 3435 1491 3504 γὰρ
1537 3431 1604 3506 ἦν
1671 3435 1950 3489 κάνταῦθα

368 3531 557 3599 σαφῶς
601 3529 860 3600 ἐνεργῶν,
905 3530 954 3580 εἰ
1002 3530 1094 3582 καὶ
1137 3526 1369 3595 διακόνῳ
1415 3527 1492 3596 τῷ
1522 3527 1814 3596 θεράποντι
1854 3528 1948 3580 κέ·-

365 3639 558 3693 κρητο,
594 3622 688 3674 καὶ
717 3620 859 3673 οὕτω
888 3621 1016 3688 μιᾶς
1050 3617 1360 3690 προσευχῆς
1407 3617 1618 3687 καρπδῖ
1654 3616 1816 3686 διπλῆ
1863 3617 1950 3670 ea-

371 3715 572 3786 ραπεία
600 3714 837 3781 γίνεται.

441 3807 571 3878 ρνθ’.
603 3808 838 3860 Ἔπειτα
895 3808 1078 3877 μέντοι
1127 3806 1224 3859 καὶ
1269 3803 1546 3868 γυναικῶν
1591 3803 1739 3873 αὐτῷ
1767 3804 1947 3874 πλήθη

364 3899 692 3970 προσῆλθον,
719 3901 772 3951 αἱ
807 3899 903 3966 μὲν
936 3898 1098 3968 ξηραὶ
1122 3897 1248 3960 τοὺς
1280 3897 1537 3967 μαστοὺς,
1571 3889 1659 3949 οἷα
1679 3895 1949 3963 γάλακτος

364 3988 758 4058 ἁπορούμεναι,
791 3989 884 4041 καὶ
915 3989 982 4041 τὰ
1009 3987 1189 4057 βρέφη
1234 3985 1484 4049 ἐλεεινῶς
1514 3985 1630 4038 ἀνθ’
1663 3986 1948 4058 ἱκετηρίας

365 4081 768 4151 προϐάλλουσαι
794 4097 808 4112 ·
844 4081 899 4132 αἱ
926 4080 971 4131 δ’
1005 4081 1062 4130 ἐν
1088 4081 1284 4149 γαστρὶ
1320 4077 1418 4145 μὲν
1453 4077 1671 4146 ἔχουσαι
1703 4076 1797 4130 καὶ
1826 4076 1949 4128 ὠδί-

364 4188 571 4230 νουσαι,
619 4169 895 4239 πνεύμασι
939 4169 994 4220 δὲ
1043 4171 1300 4237 πονηροῖς
1348 4165 1694 4234 ἐταζόμεναι,
1736 4163 1811 4226 ὡς
1856 4164 1949 4217 καί

363 4263 504 4315 αὐτὰ
543 4263 642 4330 πρὸ
677 4261 770 4328 τῆς
797 4259 984 4321 ὠδῖνος
1018 4259 1086 4311 τὰ
1125 4259 1339 4328 ἔμϐρυα
1367 4257 1697 4309 κινδυνεύειν
1728 4254 1951 4325 ἀμϐλῶ-

367 4369 495 4406 σαιο
547 4358 644 4417 τὰς
695 4354 750 4405 δὲ
807 4351 1112 4405 ἀτεκνοῦσα
1174 4353 1356 4420 μήτρα
1404 4349 1635 4409 ἐλύπει,
1697 4349 1792 4402 καὶ
1848 4350 1948 4418 τὴν

365 4447 620 4500 ἀπαιδίαν
652 4433 901 4516 χαλεπῶς
938 4444 1306 4512 ἀπωδύροντο.
1351 4443 1495 4495 Ἀλλ’
1524 4443 1581 4496 αἱ
1625 4442 1723 4511 μὲν
1762 4443 1948 4511 εὐχαῖς

364 4540 574 4592 ἐκείνου
624 4543 724 4608 τὴν
758 4538 925 4607 θηλὴν
960 4537 1299 4606 ἀναθήλασαι
1328 4578 1342 4599 ,
1387 4535 1480 4588 καὶ
1539 4535 1812 4601 γάλακτος
1849 4535 1948 4586 αὑ-

2053 2054 2398 2108 visceraliter
2447 2061 2643 2117 tactus,
2693 2051 2883 2106 oculos
2932 2067 3063 2106 vero
3096 2052 3148 2105 in
3179 2052 3392 2107 viscera
3427 2052 3642 2106 miseri-

2053 2146 2258 2200 cordia:
2277 2145 2478 2199 divina:
2503 2145 2826 2215 eonjiciens.
2854 2160 3031 2215 genua
3053 2145 3104 2199 ei
3140 2143 3309 2204 flexit.
3336 2161 3366 2198 a
3398 2160 3507 2213 quo
3534 2145 3641 2198 lar-

2053 2239 2194 2308 giter
2234 2238 2444 2292 effundi
2493 2237 2930 2292 misericordiam
2978 2253 3120 2306 saepe
3151 2248 3410 2307 expertus
3432 2239 3638 2293 fuerat:

2055 2346 2403 2401 surgensque
2457 2330 2656 2384 deinde
2692 2330 2976 2384 Dominica
3025 2331 3116 2384 illa
3164 2346 3295 2385 voce
3332 2334 3455 2398 (nec
3507 2347 3641 2385 vero

2057 2424 2385 2478 temeritatis
2420 2438 2506 2476 me
2533 2423 2824 2492 quisquam
2862 2432 3074 2492 arguet,
3105 2423 3365 2491 quoniam
3399 2423 3640 2476 clarissi-

2057 2531 2143 2568 me.
2167 2515 2300 2568 dicit
2332 2515 2446 2584 ipse
2478 2515 2739 2570 Dominus
2769 2533 2782 2569 :
2809 2514 2911 2580 Qui
2941 2516 3101 2569 credit
3123 2517 3175 2569 in
3208 2532 3307 2575 me,
3340 2533 3500 2586 Opera
3523 2531 3643 2588 qua:
3685 2560 3690 2565 .

2057 2625 2150 2678 ego
2178 2608 2312 2677 facio
2341 2610 2452 2678 ipse
2485 2609 2641 2677 faciet
2666 2607 2756 2678 ⁸1),
2785 2608 3092 2674 Dominica,
3119 2610 3362 2678 inquam,
3393 2610 3479 2662 illa
3507 2625 3642 2664 voce

2056 2716 2189 2754 usus
2209 2710 2295 2755 est
2332 2717 2345 2754 :
2393 2701 2600 2765 Puella,
2640 2717 2824 2771 surge,
2863 2710 2920 2756 et
2950 2709 3034 2755 sta
3085 2717 3252 2771 super
3293 2701 3460 2770 pedes
3497 2710 3640 2756 tuos.

2051 2793 2302 2863 Cumque
2339 2795 2518 2863 puella
2566 2785 2688 2848 mox
2719 2795 2980 2850 omnibus
3001 2794 3324 2850 confirmata
3356 2796 3639 2852 membris.

2053 2885 2217 2938 simul
2256 2895 2421 2954 atque
2448 2887 2599 2954 jussa
2625 2885 2750 2948 fuit,
2777 2886 3023 2955 pedibus
3067 2885 3182 2940 suis
3225 2895 3408 2940 erecta
3437 2897 3638 2952 staret;

2055 2989 2274 3028 rursum
2327 2975 2415 3029 ille
2441 2975 2722 3028 admotum
2751 2975 2905 3043 prius
2942 2976 3106 3029 labiis
3139 2976 3256 3030 suis
3290 2977 3522 3047 digitum
3554 2976 3638 3030 ori

2053 3068 2390 3136 auribusque
2443 3068 2639 3138 puella:
2674 3068 2934 3130 inseruit,
2992 3077 3048 3123 et
3098 3070 3416 3138 loquentem
3468 3070 3641 3125 libere

2054 3161 2483 3231 audientemque
2535 3161 2904 3231 praesentibus
2953 3161 3309 3230 spectandam
3365 3162 3640 3216 exhibuit.

2057 3250 2198 3306 Hinc
2241 3251 2308 3305 ad
2353 3261 2633 3321 parentem
2677 3267 2998 3315 conversus,
3031 3252 3335 3322 digitoque,
3389 3252 3644 3306 similiter

2047 3345 2244 3414 'lingua
2293 3345 2618 3408 madefacto,
2665 3346 2858 3400 oculos
2906 3345 3144 3408 illinens,
3207 3345 3393 3399 divina
3437 3345 3642 3400 virtute

2059 3437 2138 3490 illi
2167 3452 2386 3506 quoque
2415 3453 2572 3492 usum
2607 3439 2834 3492 videndi
2862 3438 3093 3508 largitus
3122 3447 3228 3492 est.
3264 3438 3408 3492 Deus
3435 3439 3642 3507 quippe

2057 3536 2196 3591 erat,
2219 3529 2314 3596 qui
2345 3529 2533 3583 isthaee
2557 3528 2965 3582 tammanifcsla
3000 3529 3266 3582 miracula
3285 3529 3637 3598 operabatur,

2056 3618 2158 3672 etsi
2216 3618 2421 3672 famulo
2476 3634 2576 3673 suo
2603 3635 2703 3688 pro
2743 3619 2998 3674 ministro
3043 3627 3334 3672 uteretur:
3367 3628 3531 3688 atque
3567 3619 3640 3674 ita

2058 3711 2222 3765 unius
2257 3712 2526 3765 orationis
2564 3711 2779 3766 fructus
2823 3711 3025 3781 duplex
3061 3711 3274 3765 curatio
3304 3710 3427 3764 fuit.

2133 3803 2254 3856 159.
2281 3803 2474 3872 Ingens
2508 3819 2731 3873 quoque
2756 3803 3050 3858 mulierum
3075 3805 3237 3858 turba
3271 3803 3478 3859 secutis
3503 3813 3642 3858 tem-

2056 3890 2286 3960 poribus
2333 3892 2398 3945 ad
2442 3904 2691 3947 sanetum
2737 3901 3116 3947 convenerunt
3167 3910 3181 3946 :
3233 3910 3464 3963 quarum
3522 3893 3642 3948 alia:

2059 3980 2229 4034 ubera
2265 3981 2501 4036 arefacta
2535 3983 2786 4050 lacteque
2833 3983 3096 4037 destituta
3147 3992 3522 4053 apportantes,
3553 3987 3639 4038 in-

2056 4071 2235 4125 fantes
2270 4088 2399 4126 suos
2445 4074 2822 4142 spectaculum
2868 4074 3180 4129 miserabile
3217 4091 3318 4146 pro
3361 4077 3639 4146 supplicar-

2060 4162 2224 4218 tionis
2248 4173 2373 4217 actu
2408 4174 2536 4219 ante
2568 4165 2744 4234 ipsum
2773 4165 3120 4220 collocabant
3157 4184 3170 4220 :
3206 4168 3327 4222 alia:
3357 4175 3641 4236 portantrs

2057 4262 2276 4307 uterum
2317 4264 2373 4309 et
2417 4271 2447 4308 e
2491 4258 2804 4326 propinquo
2837 4267 2995 4326 partu
3022 4257 3359 4318 laborantes.
3388 4259 3642 4328 malignis

2056 4346 2344 4414 spiritibus
2381 4347 2452 4402 ita
2503 4349 2942 4418 exagitabantur,
2975 4359 3034 4405 ut
3071 4349 3372 4404 infantibus
3396 4351 3639 4404 nondum

2055 4437 2222 4491 editis
2260 4439 2564 4507 periculum
2602 4455 2710 4494 non
2752 4441 2870 4495 leve
2925 4453 3212 4496 crearetur
3245 4461 3257 4496 :
3291 4444 3416 4499 aliis
3452 4454 3642 4498 uterus

2057 4530 2392 4585 infecundus
2442 4531 2620 4585 dolori
2675 4542 2794 4586 erat
2851 4535 3202 4588 sterilitatem
3270 4551 3427 4589 suam
3465 4537 3642 4589 inces-

362 4633 461 4703 τὴν
490 4632 1002 4702 ὑπεπεπλησμέναι,
1034 4632 1088 4682 αἱ
1116 4630 1170 4681 δὲ
1199 4630 1306 4682 τῶν
1337 4628 1665 4698 πνευμάτων
1705 4627 1950 4679 ἀπαλλα-

2057 4634 2242 4680 santer
2280 4625 2730 4702 lamentantibus.
2756 4625 2960 4679 Vcrmn
3005 4627 3114 4680 illa-3
3153 4627 3413 4695 precibus
3461 4627 3638 4680 sancti

361 4727 564 4792 γεῖσαι,
603 4725 660 4776 αἱ
689 4723 745 4774 δὲ
770 4723 1014 4774 λυθεῖσαι
1043 4721 1140 4790 τὴν
1170 4721 1455 4790 στείρωσιν
1484 4717 1809 4786 ἐπανῆλθον,
1844 4736 1952 4787 μη-

361 4817 516 4884 τέρες
543 4818 679 4886 μετά
708 4815 882 4867 ταῦτα
911 4814 1222 4882 γενόμεναι,
1245 4813 1337 4864 καὶ
1361 4811 1573 4882 καρπὸν
1603 4811 1733 4880 παρ’
1761 4808 1952 4862 ἐλπίδα

364 4909 572 4972 κοιλίας
604 4907 909 4960 ὲπιδοῦσαι.

433 5086 530 5156 ρξ’.
577 5085 740 5154 Ἑξῆς
803 5085 861 5137 δὲ
918 5081 1254 5152 προσάγεταί
1297 5099 1379 5144 τις
1421 5082 1561 5152 ἀνὴρ
1620 5079 1948 5148 Ἀντιοχεύς,

360 5178 508 5246 αὑτῴ
541 5177 761 5247 μεγέθει
789 5175 1036 5244 σώματος
1075 5175 1348 5242 μέγιστος,
1383 5175 1479 5225 καὶ
1505 5175 1564 5228 οὐ
1589 5172 1776 5242 πόρρω
1817 5172 1951 5222 πολὺ

362 5269 653 5336 γιγάντων,
676 5269 889 5337 πικροῖς
912 5267 977 5319 τά
991 5284 1047 5318 τε
1063 5266 1197 5319 ἄλλα
1217 5265 1352 5317 πάθε
1364 5266 1520 5316 σικαί
1534 5265 1709 5326 νόσοις
1734 5279 1952 5330 κατειρ-

361 5360 654 5427 γασμένος,
687 5360 780 5413 καὶ
823 5361 920 5430 τὴν
955 5360 1110 5429 χεῖρα
1144 5358 1310 5428 ξηρὰν
1343 5357 1480 5427 ἔχων
1528 5355 1628 5425 ἤδη
1662 5358 1754 5407 καὶ
1786 5353 1946 5407 οἱονεὶ

358 5450 706 5522 τεθνηκλαν.
741 5453 886 5505 Ἰδὼν
918 5451 1210 5523 τοιγαροῦν
1239 5453 1268 5504 ό
1296 5451 1388 5504 τοῦ
1413 5451 1549 5502 Θεοῦ
1563 5449 1748 5510 δοῦλος
1765 5447 1948 5511 αὐτὸν,

359 5551 421 5602 ob
463 5549 672 5609 θεατοῖς
694 5545 1014 5616 ὀφθαλμοῖς,
1045 5545 1159 5597 ἀλλ’
1189 5544 1237 5596 οἳ
1270 5545 1360 5598 καὶ
1405 5544 1513 5596 τῶν
1545 5543 1754 5612 ἀδήλων
1810 5536 1950 5611 ἦσαν

434 5723 478 5754 ⁸⁸
513 5721 672 5780 Joan.
714 5740 824 5790 xw,
869 5724 954 5778 12.

2058 4731 2325 4770 mammas
2371 4717 2692 4770 tuberaules
2743 4717 2996 4785 lacthue
3042 4718 3233 4786 plenas
3275 4725 3634 4783 receperunt;

2057 4806 2180 4860 istae
2214 4807 2507 4876 spiritibus
2539 4806 2750 4860 abaetis
2775 4807 3024 4860 liberata:
3054 4816 3202 4870 sunt,
3229 4806 3312 4859 hae
3349 4806 3637 4860 sterilitate

2055 4898 2269 4952 sublata
2312 4908 2678 4962 revertentes,
2711 4907 2918 4953 matres
2949 4899 3108 4953 factae
3139 4909 3291 4963 sunt,
3317 4896 3529 4952 ventris
3552 4894 3637 4950 sui

2055 4989 2234 5041 fructu
2273 4997 2470 5057 prteler
2494 5004 2647 5056 spem
2682 4989 2853 5042 edito.

2127 5081 2249 5134 160.
2284 5081 2432 5135 Alias
2465 5082 2682 5135 sistitur
2715 5083 2798 5135 vir
2822 5082 3046 5151 quidam
3081 5080 3484 5145 Antiochenus,
3517 5095 3636 5134 cor-

2052 5177 2205 5247 poris
2248 5180 2582 5246 proceritate
2614 5177 2888 5230 maximus
2925 5175 3287 5228 nccmnltum
3347 5173 3637 5227 dissimilis

2049 5265 2278 5337 giganti,
2297 5263 2412 5331 qui,
2433 5269 2629 5331 praeter
2652 5261 2788 5313 alios
2813 5261 3014 5328 quibus
3043 5259 3403 5329 torquebatur
3423 5260 3641 5314 dolores

2049 5376 2112 5415 ac
2161 5361 2406 5421 morbos,
2438 5369 2658 5409 manum
2714 5353 2922 5407 aridam
2981 5354 3212 5407 habebat
3248 5363 3300 5408 et
3329 5353 3440 5425 jam
3483 5355 3636 5423 quasi

2047 5464 2342 5509 mortuam.
2377 5451 2580 5505 Vidcns
2625 5447 2772 5501 illum
2828 5447 2918 5502 Dei
2969 5447 3226 5512 famulus,
3267 5464 3374 5501 non
3412 5448 3630 5518 quidem

2048 5543 2225 5598 oculis
2277 5541 2665 5604 exterioribus,
2704 5538 2797 5595 sed
2833 5538 3208 5603 interioribus,
3237 5553 3359 5610 qure
3398 5541 3629 5594 abscon-
