4034 6186
325 233 571 342 ’.εισι

1663 273 1724 330 5.
1761 266 2142 330 SYMEONIS
2177 265 2540 326 IUNIORIS

3557 258 3707 326 3136

427 388 546 446 dita
574 395 704 444 sunt
752 385 1096 442 intuentibus
1149 395 1207 440 et
1252 382 1678 454 penetrantibus
1731 381 1984 445 occulta;

2118 377 2240 446 ιῦτῷ
2257 377 2459 436 θεατοὶ,
2478 374 2572 428 καὶ
2591 372 2700 426 τῶν
2725 371 3052 443 ἀπορρήτων
3077 369 3436 440 ἑρμηνευταὶ,
3457 369 3704 442 Ἕλληνα

425 494 882 554 cognoscensque
933 479 1196 548 gentilcm
1251 477 1518 546 religione
1574 490 1734 530 esse:
1786 475 1844 531 Si
1901 476 2006 544 vis,

425 574 632 644 inquit,
653 587 822 628 sanus
851 569 989 634 fieri,
1012 570 1206 624 invoca
1239 569 1530 624 nobiscum
1567 567 1622 621 in
1653 568 2012 638 simplicitate.

425 665 610 720 cordis
635 663 980 734 unigenitum
1025 662 1120 716 Dei
1153 660 1378 722 Filium.
1407 649 1702 713 Dominum
1751 670 2010 716 nostrum

425 757 614 813 Jesum
634 755 940 816 Christum,
963 761 1324 822 sanctamque
1347 751 1624 821 Virginem
1647 751 1742 806 Dei
1761 751 2012 806 Genitri-

427 865 570 912 cem,
598 865 666 902 ex
703 865 808 918 qua
829 847 974 901 nasci
1005 845 1180 901 voluit
1230 844 1534 899 secundum
1577 859 1825 902 carnem.
1887 859 2010 898 cre-

429 941 652 997 densiu
695 955 864 994 unum
931 939 1102 992 Deum
1155 937 1373 991 Patrem
1430 937 1889 1004 omnipotentem,
1955 935 2010 988 in

427 1034 610 1104 ipsum
637 1033 986 1103 unigenitum
1019 1031 1142 1098 ejus
1169 1028 1391 1091 Filium,
1417 1037 1473 1081 et
1504 1028 1557 1080 in
1579 1025 2009 1080 sanctissimum

427 1140 492 1180 ac
525 1125 892 1178 vivilicantem
925 1121 1214 1188 Spiritum.
1274 1109 1488 1172 fallacia
1541 1131 1675 1169 vero
1709 1115 1855 1168 idola
1910 1131 2009 1170 ex-

427 1215 758 1272 secratione
795 1213 1018 1282 publica
1052 1213 1450 1277 ilevoveatquc
1482 1207 1790 1272 detestarc;
1831 1213 1888 1258 et
1919 1206 2010 1258 in-

429 1313 712 1376 posterum
749 1303 958 1358 doloris
995 1316 1194 1370 expers
1229 1301 1454 1354 futurus
1477 1313 1558 1362 es,
1589 1298 1738 1352 omni
1759 1313 1822 1352 ex
1854 1305 2008 1364 parte

429 1407 674 1452 sanatus.
707 1395 910 1448 Verum
937 1394 1026 1446 ille
1065 1409 1132 1446 ex
1169 1392 1260 1445 his
1291 1391 1454 1444 dictis
1491 1390 1667 1443 nihilo
1702 1389 2010 1456 promptior

429 1485 496 1540 ad
525 1484 862 1539 credendum
893 1483 1090 1543 factus,
1117 1481 1212 1534 sed
1236 1480 1414 1532 fallaci
1439 1495 1550 1533 sua:
1575 1477 2006 1547 perniciosmque

431 1573 726 1645 gentilitati
784 1571 1144 1642 pertinaciter
1201 1569 1488 1622 atlliiererc
1543 1583 1810 1636 pergens,
1879 1565 2008 1620 inde

433 1675 690 1734 tanquam
733 1677 876 1716 enus
907 1661 1104 1716 inutile
1168 1662 1380 1730 cjectus
1427 1670 1535 1724 est,
1587 1660 1728 1714 nihil
1781 1659 2028 1730 omnino,

427 1755 550 1826 epis
576 1761 909 1808 consecutus
933 1765 1232 1820 congressu
1282 1765 1404 1804 suo.

501 1875 626 1930 Nil.
663 1875 800 1930 Cum
833 1889 966 1928 vero
1025 1873 1082 1926 in
1135 1871 1230 1925 tali
1290 1879 1436 1926 statu
1505 1870 1598 1924 diu
1661 1870 2012 1939 multumque

429 1964 791 2035 perstitisset,
813 1962 1140 2030 videretque
1171 1961 1308 2014 alios
1329 1975 1522 2014 omnes
1551 1969 1824 2029 quotquot
1851 1959 2012 2016 fidem

427 2057 666 2126 amplexi
697 2053 1324 2110 fuerautincolumitate
1365 2051 1599 2116 donari;
1655 2051 1762 2104 sibi
1817 2061 2012 2106 contra

431 2165 506 2204 ne
537 2149 807 2202 tantillum
837 2145 1064 2214 quidem
1113 2143 1476 2199 levandorum
1527 2144 1806 2198 malorum
1855 2159 2012 2212 spem

429 2239 760 2310 effulgere:
831 2237 1032 2290 nuntio
1102 2236 1454 2291 ethnicorum
1520 2235 2014 2304 superstitionibus

431 2330 669 2384 remisso
693 2371 707 2394 ,
740 2328 984 2392 Christe,
1005 2328 1359 2397 inquit,quia
1379 2327 1582 2382 famulo
1610 2327 2011 2397 tuoSymeone,

429 2434 558 2474 cum
589 2419 736 2472 Deus
759 2433 934 2476 esses.
959 2417 1360 2486 praedicarisex
1389 2427 1576 2471 sancta
1595 2417 1818 2486 Virgine
1847 2417 2012 2470 Maria

429 2519 594 2564 natus
637 2508 842 2572 homo;
889 2507 958 2561 da
997 2521 1162 2560 aures
1213 2507 1406 2561 faciles
1453 2507 1716 2575 precibus
1775 2505 1926 2560 illius
1955 2505 2012 2558 in

429 2599 764 2670 adiutorium
799 2613 1006 2652 meum.
1033 2599 1112 2652 Ita
1151 2607 1428 2667 precatus.
1475 2607 1584 2650 tam
1631 2598 1834 2651 bellam
1873 2612 2010 2652 con—

427 2690 724 2747 fessionem
789 2705 942 2744 suam
999 2689 1342 2752 pmtiitentizn
1404 2687 1662 2757 lacryutis
1713 2689 2011 2756 gratiorem

429 2778 582 2840 fecit.
619 2789 674 2832 et
697 2778 994 2848 pristinum
1041 2791 1292 2830 errorem
1321 2785 1646 2830 exsecratus
1701 2783 1806 2828 est.
1853 2774 2012 2840 Quod

427 2887 554 2925 cum
583 2871 908 2942 Symconem
946 2884 1056 2923 non
1083 2868 1319 2938 fugeret,
1343 2867 1554 2922 aﬂ‘undi
1591 2883 1788 2936 aquam
1830 2867 2010 2936 jubet,

427 2959 669 3030 lotisque
703 2960 960 3014 manibus
983 2958 1098 3013 suis
1133 2959 1406 3012 laboranti
1453 2957 1572 3012 viro
1621 2956 1869 3026 portari:
1913 2956 2008 3026 qui

2111 468 2210 536 τὴν
2235 466 2529 536 θρησκείαν
2550 465 2700 530 ὄντα,
2737 465 2798 516 Εί
2833 462 3010 526 θέλεις
3035 463 3196 530 ὑγιὴς
3217 460 3488 530 γενέσθαι,
3507 465 3700 532 φησιν,

2111 557 2434 612 ἑπικάλεσαι
2460 555 2547 608 διὰ
2569 554 2668 623 τῆς
2695 553 2854 623 ἡμῶν
2880 551 3162 614 εὐτελείας
3185 551 3278 602 τὸν
3303 553 3574 622 μονογενῆ
3601 553 3698 608 τοῦ

2111 649 2249 702 Θεοῦ
2297 649 2442 713 Υἱὸν,
2475 650 2568 701 τον
2611 649 2814 718 Κύριον
2865 647 3022 714 ἡμῶν
3059 643 3266 712 Ἰησοῦν
3313 645 3570 713 Χριστὸν,
3599 647 3700 702 καὶ

2111 741 2210 810 τὴν
2263 741 2426 806 ἁγίαν
2471 739 2746 810 Παρθένον
2794 741 2890 790 καὶ
2923 736 3208 800 Θεοτόκον,
3241 736 3302 800 ἐξ
3339 731 3407 808 ἦς
3435 737 3700 806 εὐδόκησα

2113 832 2442 900 γεννηθῆναι
2469 833 2530 884 τὸ
2569 833 2712 884 κατά
2745 831 2946 898 σάρκα.
2979 829 3256 882 πιστεύων
3303 830 3384 891 εἰς
3421 828 3519 880 ἕνα
3561 829 3698 884 Θεὸν

2115 926 2338 992 Πατέρα
2369 925 2813 994 παντοκράτορα,
2843 924 2901 976 ὲν
2931 921 3082 991 αὐτῷ
3106 921 3186 988 τῷ
3218 925 3504 990 μονογενεϊ
3529 921 3700 978 αὐτοῦ

2115 1013 2228 1083 Tqu
2267 1053 2280 1072 ,
2315 1017 2409 1066 καί
2434 1015 2512 1082 τῷ
2543 1015 2797 1084 παναγὲῳ
2825 1013 2919 1066 καὶ
2966 1012 3221 1080 ζωοποιῷ
3257 1013 3558 1080 Πνεύματι,
3597 1015 3702 1086 τὴν

2113 1106 2206 1156 ἐπὶ
2234 1107 2344 1167 τοῖς
2377 1105 2616 1168 summa;
2661 1107 2872 1171 πλάνην
2929 1103 3233 1172 ἀναθέματι
3273 1103 3514 1174 λαμπρῷ
3545 1123 3702 1176 περι-

2113 1194 2344 1252 ϐάλλων.
2375 1199 2468 1248 καὶ
2512 1199 2571 1247 τὸ
2611 1196 2796 1248 λοιπὸν
2843 1195 3067 1256 ἀλύπως
3129 1195 3228 1266 ἔσῃ
3281 1197 3376 1248 καὶ
3439 1198 3702 1268 καθαρῶς

2113 1285 2395 1352 ὑγιαίνων.
2439 1286 2497 1339 ’0
2549 1287 2605 1340 δὲ
2658 1286 2988 1355 πειθομένην
3021 1287 3126 1338 οὐκ
3153 1281 3300 1356 εἶχεν
3341 1287 3440 1355 τὴν
3471 1291 3702 1358 καρδίαν

2111 1379 2224 1438 τοῖς
2251 1376 2588 1446 λεγομένοις,
2621 1378 2759 1430 ἀλλά
2789 1379 2886 1445 τῆς
2909 1379 3122 1439 οἰκείας
3165 1377 3245 1430 ἔτι
3297 1381 3702 1450 περιεχομένην

2111 1467 2328 1536 ἀπάτης
2367 1467 2464 1536 τῆς
2511 1465 2834 1537 Ἑλληνικῆς
2869 1468 3084 1537 ἐκείνης
3109 1469 3202 1520 καὶ
3246 1467 3512 1537 ὀλεθρίου,
3543 1469 3704 1522 ἔνθεν

2109 1574 2190 1610 τοι
2251 1557 2346 1610 καὶ
2405 1559 2560 1620 κενὸς
2630 1558 2860 1648 ἔρριπτο
2911 1561 3129 1630 φόρτος,
3194 1559 3409 1624 οὐδενὸς
3455 1559 3700 1632 χρηστοῦ

2109 1649 2396 1718 τυγχάνων
2417 1649 2518 1719 τῆς
2541 1651 2915 1720 προσεδρείας.

2190 1859 2322 1931 ρξα’.
2365 1860 2518 1912 Ἐπε)⁸
2545 1858 2602 1912 δὲ
2665 1859 2801 1912 πολὺ
2839 1859 2998 1914 τοῦτο
3041 1856 3112 1932 ἦν
3141 1861 3236 1914 καὶ¹
3274 1863 3436 1934 μέχρι
3475 1865 3702 1936 πολλοῦ,

2118 1953 2212 2004 καὶ
2241 1951 2366 2012 τοὺς
2399 1950 2498 2018 μὲν
2525 1949 2718 2014 ἀλλους
2749 1951 2895 2020 ἐώρα
2918 1953 3126 2014 πάντας
3159 1953 3275 2006 ὅσοι
3307 1954 3487 2006 πίστει
3524 1973 3702 2026 προσ-

2117 2044 2284 2116 ῄεσαν
2310 2045 2408 2114 τὴν
2444 2045 2738 2113 θεραπείαν
2763 2045 3154 2114 κομιζομένους
3179 2061 3194 2075 ⁸
3231 2047 3410 2116 ἑαυτῷ
3437 2047 3494 2099 δὲ
3531 2047 3704 2116 μηδο-

2117 2134 2266 2188 τιοῦν
2343 2133 2480 2205 πρὸς
2544 2133 2864 2204 ἀπαλλαγὴν
2922 2134 3110 2202 κακῶν
3173 2135 3444 2188 τοσούτων
3505 2137 3706 2206 ἐπιση-

2121 2227 2309 2295 μαῖνον
2345 2242 2358 2256 ·
2393 2224 2780 2294 ἀπαγορεύσας
2831 2227 2896 2294 τῇ
2939 2225 3050 2276 τῶν
3107 2225 3374 2294 Ἑλλήνιον
3407 2225 3702 2296 θρησκεία,

2117 2317 2342 2388 Χριστὲ,
2373 2318 2400 2369 ὁ
2433 2317 2580 2385 παρά
2602 2315 2698 2368 τοῦ
2724 2313 2912 2368 δούλου
2940 2331 3034 2367 σου
3068 2314 3294 2384 Συμεὼν
3325 2319 3388 2368 ἐκ
3412 2317 3508 2382 τῆς
3535 2317 3706 2380 ἁγίας

2119 2409 2398 2479 Παρθένου
2429 2409 2646 2478 Μαρίας
2675 2409 2932 2477 τεχθῆναι
2953 2409 3363 2479 κηρυσσόμενος
3385 2409 3540 2473 Θεὸς,
3569 2409 3702 2476 ἔφη,

2119 2502 2356 2570 πρόσχες
2385 2501 2572 2568 εὐχαῖς
2609 2501 2815 2552 ἐκείνου
2849 2501 2930 2564 εἰς
2951 2500 3050 2568 τὴν
3075 2500 3326 2570 βοήθειάν
3355 2519 3476 2570 μου.
3513 2499 3704 2554 Ταῦτα

2119 2591 2247 2660 ἔφη.
2283 2593 2380 2645 καὶ
2405 2591 2640 2661 δάκρυσι
2675 2591 2965 2661 μετανοίας
2993 2591 3092 2661 τὴν
3127 2592 3302 2660 καλὴν
3331 2591 3536 2662 ταύτην
3561 2609 3706 2644 κατα

2117 2683 2348 2753 αρτίσας
2401 2684 2691 2752 ὁμολογίαν
2717 2723 2734 2748 ,
2766 2685 3074 2754 ἁναθέματι
3109 2687 3210 2755 τὴν
3241 2687 3510 2756 προτέραν
3533 2683 3708 2740 αὑτοῦ

2116 2773 2298 2826 δίδωσι
2323 2773 2537 2842 πλάνην
2567 2789 2579 2801 '
2613 2775 2752 2844 ὅπερ
2783 2774 2884 2826 οὐκ
2917 2777 3260 2844 ἀγνοήσαντα
3297 2777 3384 2828 τον
3423 2777 3566 2846 ἱερὸν
3591 2777 3706 2828 Συ-

2121 2864 2268 2935 μεὼν
2295 2864 2440 2934 ὕδωρ
2469 2864 2756 2934 ἐνεχθῆναι
2791 2865 3070 2938 κελεῦσαι.
3097 2869 3188 2919 καὶ
3218 2869 3314 2928 τὰς
3341 2871 3532 2936 χεῖρας
3563 2869 3708 2920 ἀπο-

2117 2957 2407 3026 νιψάμενοι]
2435 2956 2512 3025 τῷ
2533 2957 2794 3026 πάσχοντι
2813 2957 3153 3026 μεταδοῦναγ
3171 2959 3261 3012 τὸν
3277 2959 3334 3012 δὲ
3353 2959 3706 3028 χρησάμενον

428 3053 522 3110 illa
553 3069 705 3114 usus,
741 3062 892 3108 recte
939 3054 1206 3108 continuo
1237 3051 1466 3114 habere,
1505 3065 1812 3118 manusque
1850 3049 2002 3102 arida

2118 3045 2313 3110 εὐθέως
2383 3046 2781 3116 ἀνορθωθῆναι,
2847 3048 2948 3116 τήν
3027 3065 3087 3102 τε
3146 3049 3316 3119 ξηρὶν
3375 3051 3409 3120 ἦ
3497 3052 3706 3118 νεκράν

427 3156 486 3202 et
511 3157 724 3200 mortua
755 3146 908 3200 velut
931 3145 1262 3198 reviviscere
1289 3156 1354 3194 ac
1374 3157 1578 3194 novum
1609 3139 1841 3193 induere
1868 3139 2018 3209 vigo-

425 3251 578 3300 rem;
611 3247 864 3305 totusque
896 3251 1064 3291 sanus
1089 3251 1198 3288 non
1225 3249 1458 3302 corpore
1479 3243 1712 3298 tantum,
1739 3232 1832 3286 sed
1865 3231 2014 3300 quod

427 3327 606 3399 pluris
631 3337 738 3390 est,
767 3328 956 3380 animo
985 3341 1230 3395 quoque,
1273 3324 1498 3378 domum
1545 3337 1818 3386 remeare,
1849 3337 2014 3392 gran-

427 3416 556 3470 dius
593 3417 922 3470 benefieium
982 3431 1152 3485 quam
1189 3422 1511 3484 speraverat
1567 3419 2016 3482 exspectaverat—

426 3519 536 3576 que
552 3505 806 3574 adeptus.

504 3631 624 3685 162.
651 3629 936 3699 Superiori
975 3629 1218 3700 quodam
1249 3629 1416 3683 modo
1445 3627 1606 3683 affine
1637 3637 1725 3682 est
1769 3629 1824 3683 id
1864 3627 2014 3698 quod

426 3723 678 3793 proxime
747 3722 1026 3790 sequitur,
1091 3721 1306 3789 reliqua
1359 3735 1493 3774 vero
1545 3721 1724 3774 multo
1783 3723 2012 3790 majora.

426 3816 585 3870 Alius
607 3814 830 3884 quidam
876 3815 1121 3884 gentilis,
1164 3814 1258 3883 qui
1319 3821 1376 3868 et
1427 3813 1543 3882 ipse
1595 3812 2012 3866 idololatrarum

426 3908 714 3961 erroribus
763 3907 1041 3969 imbutus,
1081 3905 1412 3976 paralyticos
1455 3913 1574 3958 erat
1613 3923 1626 3957 :
1659 3903 1925 3958 advectus
1945 3903 2014 3958 ad

428 3997 1150 4068 Symeonem,professione
1193 3997 1318 4050 Iidei
1341 3995 1670 4051 Christianas
1695 3995 1864 4060 (bono
1907 3995 2017 4048 uti-

427 4107 558 4161 que,
591 4107 693 4146 nec
724 4091 914 4145 labore
971 4103 1074 4144 nec
1125 4089 1306 4158 pretio
1345 4087 1730 4156 comparahili)
1779 4086 2012 4140 salutem

427 4191 762 4238 consecutus
815 4189 900 4235 est
929 4178 1229 4247 duplicem,
1287 4191 1462 4245 eoque
1519 4175 1691 4244 magis
1738 4174 2014 4228 restituan-

427 4273 575 4334 dam,
605 4281 812 4342 quanto
841 4273 1012 4340 pluris
1045 4269 1328 4326 estanima
1357 4283 1522 4338 quam
1551 4283 1780 4336 corpus.
1807 4267 2012 4321 Verum

2121 3140 2336 3209 ἐκείνην
2417 3143 2577 3210 χεῖρα
2641 3137 2754 3193 οἷον
2827 3141 3170 3202 ἀναϐιῶναι.
3223 3146 3318 3195 καὶ
3401 3144 3704 3212 ἀναθῆλαι,

2119 3231 2214 3284 καὶ
2271 3231 2396 3300 ὑγιῆ
2457 3232 2518 3282 ο)
2575 3230 2734 3299 σῶμα
2785 3230 2948 3300 μόνον
2999 3231 3138 3284 ἀλλὰ
3191 3233 3286 3284 καὶ
3319 3232 3520 3302 ψυχὴν,
3549 3233 3578 3284 ὃ
3611 3235 3706 3288 καὶ

2120 3323 2438 3390 σωματικῆς
2474 3321 2660 3388 ὑγείας
2699 3321 2894 3392 μακρῷ
2927 3322 3130 3392 μεῖζον,
3152 3323 3340 3376 οἴκαδε
3373 3325 3702 3394 ἀρικέσθαι,

2117 3412 2296 3482 πολλῷ
2349 3413 2444 3464 τοῦ
2502 3413 2847 3478 ὲλπισθέντος
2887 3413 3092 3484 ἀγαθοῦ
3151 3415 3333 3469 πλεῖον
3383 3415 3616 3470 λαϐόντα
3643 3417 3706 3470 τὸ

2117 3503 2546 3574 ἀπροσδόκητον.

2191 3631 2324 3700 ρξβ¹.
2358 3633 2628 3699 Συγγενὲς
2655 3634 2734 3704 τῷ
2763 3637 3042 3707 εἰρημένῳ
3085 3636 3147 3690 τὸ
3179 3637 3524 3708 ἐπαγόμενον
3570 3639 3704 3709 ἄχρι

2116 3721 2282 3784 τινος,
2319 3721 2388 3774 τὰ
2433 3721 2626 3790 δ’έξῆς
2683 3723 2895 3789 τούτου,
2939 3729 3162 3796 μείζονα
3227 3727 3408 3798 πολλῷ
3453 3727 3550 3780 καὶ
3605 3725 3702 3780 τοῦ

2117 3811 2498 3880 προλαϐόντος.
2534 3815 2736 3885 Ἕλλην
2775 3819 2884 3887 γάρ
2911 3833 2992 3880 τις
3023 3817 3233 3889 ἕτερος,
3269 3821 3370 3888 τῆς
3415 3819 3704 3888 είδωλικῆς

2119 3901 2330 3970 πλάνης
2399 3903 2496 3954 καὶ
2565 3899 2742 3968 οὗτος,
2807 3907 3122 3976 παράλυτος
3185 3909 3336 3978 αὐτῷ
3397 3909 3704 3977 κομισθεὶς,

2117 3995 2218 4063 τῆς
2265 3997 2346 4058 είς
2401 3995 2640 4064 Χριστὸν
2695 3997 2790 4050 καὶ
2833 3999 2994 4062 αὐτὸς
3054 4001 3312 4066 πίστεως,
3369 4001 3706 4070 πράγματος

2117 4085 2358 4156 ἀμόχθου
2390 4091 2483 4140 καὶ
2505 4089 2781 4142 ἀδαπάνου
2807 4129 2821 4152 ,
2859 4091 3134 4160 σωτηρίαν
3167 4093 3360 4162 διπλῆν
3393 4093 3702 4160 πορίζεται,

2117 4175 2510 4246 ἢπολλαπλῆν,
2547 4179 2574 4229 ὃ
2620 4179 2716 4231 καὶ
2750 4179 2972 4247 μᾶλλον,
3014 4184 3123 4252 ὅσῳ
3158 4184 3253 4236 καὶ
3285 4183 3384 4252 τῆς
3429 4183 3614 4252 ψυχῆς
3643 4187 3707 4236 τὸ

2117 4263 2392 4336 διάφορον.
2439 4269 2576 4321 Ἀλλ’
2602 4265 2670 4340 ἦν
2707 4271 2912 4342 ἔσχατα
2953 4274 3124 4326 νοσῶν
3173 4274 3324 4344 αὖτῷ
3365 4279 3456 4328 καὶ
3483 4277 3708 4340 υἱός,ὃν

426 4371 550 4419 erat
589 4363 666 4415 illi
697 4363 840 4416 Illius
864 4375 1106 4430 quoque,
1140 4360 1466 4429 gravissima
1511 4359 1838 4428 aegritudine
1889 4357 2008 4412 fere

2122 4359 2222 4412 οὐκ
2249 4361 2411 4423 αὐτὸς
2445 4361 2626 4428 μόνος,
2666 4363 2802 4416 ἀλλὰ
2837 4369 2930 4416 καὶ
2971 4367 3004 4435 ὴ
3044 4373 3226 4437 μήτηρ
3275 4368 3531 4429 λαϐόντες
3553 4407 3569 4430 ,
3603 4369 3706 4437 ass

427 4451 776 4520 desperatus,
817 4465 982 4520 quem
1022 4461 1136 4503 tum
1177 4449 1296 4519 ipse
1331 4459 1448 4503 tum
1486 4460 1664 4505 mater
1706 4449 2006 4512 sublatum,

428 4543 850 4614 dulcentrique
907 4544 1147 4614 pondus,
1203 4543 1270 4597 ad
1329 4551 1584 4598 sanctum
1659 4541 2008 4596 efferebant:

429 4636 528 4691 sed
559 4636 837 4691 initinere
895 4653 1033 4706 puer
1090 4637 1329 4690 animam
1371 4635 1636 4694 reddidit,
1689 4633 2016 4704 parentibus

433 4729 696 4782 aeerbum
723 4729 1036 4793 decessum,
1078 4731 1156 4782 uti
1191 4727 1326 4798 ipsis
1349 4743 1466 4782 mos
1501 4737 1607 4792 est,
1655 4726 2014 4780 lamentanti-

425 4819 550 4874 bus.
579 4820 716 4874 Cum
763 4837 916 4886 vero,
969 4821 1078 4892 jam
1132 4821 1388 4890 persuasi
1445 4819 1584 4873 nihil
1640 4818 1696 4871 in
1743 4819 2015 4872 ulteriore

427 4911 630 4968 itinere
715 4916 838 4984 epis
909 4929 1223 4984 superesse,
1302 4912 1728 4967 constituissent
1785 4911 2012 4966 domum

427 5005 684 5076 regredi,
723 5005 858 5060 illud
893 5007 1036 5075 patri
1063 5009 1118 5060 in
1171 5016 1412 5060 mentem
1461 5005 1653 5058 venit:
1685 5003 1870 5070 Quid?
1917 5003 2013 5073 qui

401 5113 514 5152 -me
557 5099 922 5170 paralyticum
946 5107 1003 5155 et
1036 5099 1244 5169 portari
1303 5113 1530 5153 necesse
1579 5097 1876 5152 habentem
1919 5113 2018 5150 ro-

423 5191 668 5256 boravit,
699 5203 757 5248 et
797 5192 998 5262 pedum
1023 5193 1516 5260 membrormnque
1545 5190 1794 5245 omnium
1851 5207 2011 5246 usum

426 5285 696 5350 restituit,
723 5301 907 5340 nonne
925 5286 1134 5356 poterit
1167 5285 1318 5339 hunc
1365 5301 1586 5356 quoque
1619 5283 1792 5339 filium
1827 5301 2010 5340 meum

425 5389 554 5430 resn
563 5377 700 5431 scita
709 5393 766 5431 re
783 5376 806 5428 ?

495 5485 616 5542 163.
653 5485 888 5543 Talibus
918 5487 1104 5542 animo
1143 5488 1348 5542 volutis
1381 5488 1652 5558 uxorique
1704 5487 2014 5542 communi—

431 5576 1042 5642 catis,resumuntiter
1089 5595 1287 5636 versus
1331 5591 1604 5644 sanctum,
1661 5597 1856 5648 magna
1903 5597 2012 5636 non

427 5667 590 5724 modo
607 5685 702 5739 spe
721 5670 864 5738 fulti,
886 5672 980 5728 sed
1005 5674 1174 5728 etiam
1196 5675 1435 5730 roborati
1467 5673 1590 5730 ﬁde.
1613 5675 1842 5743 Jamque
1875 5675 2004 5730 sub—

2123 4451 2350 4520 αόρημα
2406 4453 2663 4516 τεκοῦσι,
2707 4457 3077 4526 προσφέρουσι
3127 4457 3206 4527 τῷ
3271 4459 3434 4527 ἁγίῳ.
3479 4461 3706 4526 Μεταξὺ

2118 4543 2176 4595 δὲ
2203 4547 2302 4614 τῆς
2353 4545 2578 4614 πορείας
2605 4588 2619 4612 ,
2649 4547 2856 4616 οἴχεται
2905 4549 3002 4618 μὲν
3033 4551 3062 4602 ὁ
3093 4550 3206 4613 υἱὸς
3249 4551 3348 4620 τὴν
3381 4551 3706 4604 τελευταίαν

2119 4637 2336 4702 γονεῦσι
2363 4639 2459 4690 καὶ
2485 4637 2692 4708 πικράν
2713 4639 2982 4708 ἐκδημίαν
3003 4655 3016 4670 ⁸
3043 4641 3138 4693 καὶ
3166 4640 3460 4710 θρηνοῦσιν
3491 4641 3662 4694 αὑτὸν
3689 4683 3704 4706 ,

2117 4729 2218 4782 ὅσα
2277 4729 2516 4794 πατράσι
2561 4731 2746 4800 νόμος.
2779 4731 3072 4800 Οἰηθέντες
3101 4733 3160 4784 δὲ
3201 4731 3474 4802 μηδεμίαν
3513 4733 3706 4796 αὐτοῖς

2117 4821 2226 4874 ἀπὸ
2247 4821 2342 4874 τοῦ
2365 4821 2460 4874 νῦν
2491 4821 2678 4890 ὄνησιν
2705 4819 2846 4878 εἶναι
2877 4827 2976 4893 τῆς
3011 4827 3092 4884 εἰς
3117 4825 3324 4877 ἐκεῖνον
3350 4823 3496 4888 ὀδοῦ,
3525 4823 3702 4890 ἐγνω-

2122 4931 2220 4966 σαν
2259 4915 2440 4967 οἴκαδε
2501 4915 2880 4984 ἀναστρέφειν,
2937 4913 3054 4968 εἶτα
3105 4917 3283 4968 ἐκεῖνο
3335 4915 3428 4968 τὸν
3487 4915 3706 4985 πατέρα

2119 5007 2424 5078 εἰσέρχεται
2450 5047 2464 5068 ,
2489 5007 2562 5069 ὡς
2593 5009 2702 5078 ἄρα
2739 5008 2796 5061 Ὀ
2841 5009 3171 5079 παρειμένον
3199 5011 3300 5079 ἐμὲ
3331 5008 3424 5062 καὶ
3461 5007 3706 5078 φερόμε-

2122 5117 2282 5169 μενον
2325 5101 2526 5174 ῥώσας,
2557 5103 2646 5156 κα)
2683 5103 2919 5172 χρῆσθαι
2955 5103 3029 5174 μὴ
3063 5103 3193 5156 ποσὶ
3235 5103 3418 5173 μόνον,
3443 5101 3582 5158 ἀλλὰ
3605 5103 3706 5156 καὶ

2119 5195 2254 5246 πᾶσι
2285 5195 2470 5262 μέλεσι
2517 5190 2998 5265 παρασχὼν,ἦπου
3043 5193 3266 5256 δυνατὸς
3288 5186 3448 5256 οὗτος
3483 5191 3583 5244 καὶ
3613 5191 3708 5245 τδν

2123 5287 2236 5339 υἱὸν
2257 5287 2581 5356 ἀναστῆσαι.

2198 5493 2331 5564 ρξγ⁹.
2361 5491 2544 5546 Ταῦτα
2573 5489 2696 5544 καθ’
2719 5488 2914 5543 ἑαυτὸν
2939 5486 3244 5557 διανοηθεὶς
3271 5485 3368 5540 καὶ
3389 5487 3456 5556 τῇ
3485 5485 3710 5552 γυναικὶ

2121 5585 2668 5654 κοινολογησάμενος,
2725 5581 3032 5634 στέλλονται
3067 5580 3168 5650 τὴν
3227 5578 3380 5650 παρά
3419 5575 3515 5630 τὸν
3545 5577 3702 5640 ἅγιον

2123 5673 2294 5738 αὗθις,
2325 5673 2461 5742 μετὰ
2485 5673 2738 5744 τοιαύτης
2771 5671 2870 5726 οὐκ
2899 5669 3109 5732 ἐλπίδος
3137 5669 3296 5740 μόνον
3327 5666 3460 5721 ἀλλα
3485 5665 3580 5721 καὶ
3607 5662 3696 5717 ττι-
