4034 6186
258 5335 289 5362 ί.

317 293 454 357 3137

1347 288 1523 350 VITA
1565 289 1612 346 Α
1653 283 2097 346 NICEPHORO
2139 286 2630 349 CONSCRIPTA.

3463 293 3608 357 3138

317 421 506 465 στεως.
537 402 674 472 Ἤδη
707 401 763 455 δὲ
797 401 896 469 τὴν
925 401 1092 471 μονὴν
1129 399 1410 462 εἰσιοῦσιν,
1441 400 1597 471 ἔτυχέ
1626 417 1748 453 τινα
1785 417 1891 469 μα-

2025 397 2154 451 bant
2179 401 2571 453 monasterium
2597 440 2610 464 ,
2641 415 2766 454 cum
2800 399 2940 455 forte
2971 403 3360 472 magistrianus
3393 404 3603 471 (42-55)

313 495 626 566 γιστριανδν
668 493 1058 563 ὑπαντήσαντα
1118 492 1328 554 τούτοις
1376 493 1593 563 ἐπέχειν
1641 493 1739 562 τὴν
1785 492 1896 545 εἴσ-

311 589 449 652 οδον,
499 586 753 657 περιττὸν
809 581 947 637 εἶναι
1001 586 1228 650 λέγοντα
1269 585 1359 636 καὶ
1403 585 1502 637 ούκ
1552 583 1807 654 εὔκαιρον
1839 584 1897 636 τὸ

309 681 622 750 γινόμενον.
670 679 730 730 Εἰ
768 678 872 746 γὰρ
915 677 1006 728 καὶ
1040 679 1172 727 πᾶσι
1206 676 1407 744 Κύριος
1443 677 1607 742 ἐγγὺς
1635 679 1745 736 τοῖς
1779 677 1896 727 ἐπι-

312 771 673 840 καλουμένοις
707 769 867 825 αὐτὸν
898 769 954 818 ἐν
983 767 1233 836 ἀληθείᾳ,
1275 769 1370 818 καὶ
1419 765 1630 834 θέλημα
1665 766 1774 818 τῶν
1805 784 1898 834 φο-

312 862 594 931 ϐουμένων
647 859 808 913 αὐτὸν
856 856 963 912 οἶδε
999 861 1194 919 ποιεῖν,
1241 859 1376 911 ἀλλὰ
1416 858 1593 928 ψυχὴν
1626 859 1772 924 ἅπαξ
1802 859 1895 911 τοῦ

316 954 565 1024 σώματος
594 953 983 1020 ὲκδημήσασαν
1026 950 1368 1020 ἀναστρέψαι
1399 951 1562 1002 πάλιν
1591 951 1893 1019 ἀμήχανον.

318 1048 497 1113 Ὀπερ
525 1048 616 1099 τὸν
653 1047 792 1097 θεῖον
840 1045 1007 1113 ἄνδρα
1055 1046 1128 1114 μὴ
1173 1047 1518 1113 ἀγνοήσαντα
1558 1044 1678 1096 ὅλον
1710 1043 1899 1096 ἐαυτδν

317 1143 609 1201 συντεῖναι,
664 1140 756 1190 καὶ
801 1138 932 1207 πρὸς
962 1138 1093 1188 Θεὶν
1131 1139 1190 1190 οῦ
1220 1141 1406 1208 χεῖρας
1441 1138 1600 1206 μόνον
1643 1137 1775 1188 ἀλλὰ
1808 1137 1900 1188 καὶ

317 1234 544 1300 καρδίας
575 1232 889 1300 ὀφθαλμοὺς
910 1233 1284 1295 ἀλατείναντα,
1317 1232 1540 1302 Χριστὲ,
1567 1231 1753 1298 φάναι,
1792 1233 1900 1284 Hat-

319 1323 446 1394 τρὸς
480 1325 715 1392 ἀνάρχου
751 1321 843 1378 Υἱὲ
877 1322 1182 1390 μονογενὲς,
1214 1323 1299 1389 ἐφ’
1324 1321 1382 1373 ὃν
1412 1324 1502 1374 καὶ
1533 1321 1900 1374 πεπιστεύκαο

320 1435 418 1486 μεν
445 1416 538 1468 καὶ
576 1415 936 1482 πεποῗθαμεν,
971 1414 1254 1483 ἡδύναμις
1284 1415 1442 1483 ἡμῶν
1469 1416 1562 1466 καὶ
1589 1413 1899 1484 καταφυγὴ,

319 1509 378 1560 ού
412 1508 500 1569 σος
528 1507 760 1575 ἀψευδὴξ
793 1507 969 1572 λόγος,
1003 1507 1062 1558 ού
1106 1506 1171 1575 τὴ
1205 1506 1339 1575 πρὸς
1369 1508 1494 1568 τοῦς
1530 1507 1773 1575 μαθητάς
1802 1509 1901 1558 ἐπ.

323 1600 588 1666 αγγελία·
641 1600 784 1652 Ἐὰν
822 1598 998 1664 ἔχητε
1041 1598 1269 1662 πίστιν,
1310 1598 1492 1650 οὐδὲν
1535 1597 1903 1662 ἀδυνατήσει

319 1692 498 1761 ιῖ-μῖν;
537 1691 719 1743 Ταῦτα
754 1690 885 1755 πρὸς
918 1689 1046 1741 Θεὸν
1082 1689 1261 1760 ἡσυχῆ
1309 1690 1578 1761 διελέχθη,
1612 1694 1700 1743 καὶ
1729 1691 1788 1742 τὸ
1822 1709 1904 1743 νε·

2008 488 2232 557 quidam
2268 489 2486 541 obviam
2531 491 2730 552 factus,
2765 499 2917 542 arcet
2950 491 3072 543 illos
3124 491 3392 556 introitu,
3413 510 3603 565 supet-

2007 595 2316 633 vacaneum
2348 580 2610 634 dictitans
2653 590 2707 634 et
2743 591 2924 634 actum
2958 598 3120 651 agere
3155 602 3166 634 :
3209 586 3422 638 tametsi
3455 587 3601 640 enim

2005 687 2175 740 prope
2228 671 2300 724 sit
2361 673 2627 726 Dominus
2680 673 2940 726 omnibus
2990 673 3378 728 invoeantibus
3429 693 3486 729 se
3549 679 3600 730 in

2002 762 2256 823 veritate,
2321 772 2378 816 et
2430 765 2772 817 voluntatem
2833 763 3143 816 timentium
3195 781 3254 818 se
3309 765 3480 818 soleat
3524 768 3571 819 l'a

2003 869 2130 907 cere
2157 873 2168 906 :
2200 854 2561 907 nihilominus
2582 856 2818 907 animam
2844 871 3074 924 corpore
3103 859 3270 910 St‘lnrl
3300 873 3575 925 egressam

2001 957 2069 997 eo
2107 943 2444 1012 postliminio
2497 946 2700 998 reverti
2738 963 3019 1015 nunquam
3069 964 3252 1017 posse.
3304 948 3439 1002 Cum
3489 949 3602 1004 luce

2003 1037 2292 1106 perspicue
2327 1039 2700 1094 innotuissent
2740 1042 2862 1094 viro
2917 1043 3050 1104 Dei,
3109 1051 3282 1096 totum
3328 1058 3384 1097 se
3422 1043 3604 1097 inten-

2004 1123 2160 1192 dens,
2195 1130 2390 1184 levatis
2439 1132 2504 1183 ad
2531 1132 2730 1185 coelum
2765 1133 3026 1186 inanibus
3060 1135 3369 1201 mentis'iue
3407 1135 3603 1197 oculis,

2004 1219 2244 1283 Christe,
2278 1222 2498 1291 inquit,
2535 1222 2712 1276 l‘atris
2749 1225 3023 1293 principio
3075 1229 3318 1279 carentis
3354 1227 3606 1294 unigeni-

2007 1321 2096 1366 tus
2126 1313 2316 1383 Filius,
2356 1317 2409 1366 in
2464 1329 2627 1382 quem
2666 1323 2720 1367 et
2751 1315 3029 1368 credimus
3058 1328 3112 1368 et
3154 1331 3461 1384 Speramus,
3497 1317 3608 1368 vir-

2007 1417 2095 1460 tus
2123 1416 2178 1460 et
2210 1407 2480 1476 refugium
2518 1415 2808 1470 nostrum,
2847 1425 2956 1460 non
3022 1409 3150 1460 t‘allit
3189 1411 3416 1461 verbum
3452 1419 3624 1477 tuum,

2008 1513 2110 1550 nec
2155 1499 2449 1566 promissio
2483 1497 2771 1567 discipulis
2803 1499 2941 1552 facta
2977 1518 2988 1551 :
3020 1498 3076 1552 Si
3111 1502 3400 1553 habueritis
3424 1501 3602 1569 ﬁdem,

2008 1590 2186 1641 omnia
2217 1589 2354 1641 vobis
2385 1589 2652 1657 possibilia
2687 1597 2809 1641 sunt
2843 1589 2906 1641 ³³.
2942 1589 3068 1642 lhec
3101 1605 3224 1642 cum
3258 1591 3366 1642 Deo
3392 1600 3605 1644 secreto

2011 1681 2340 1742 collocutus,
2365 1679 2604 1748 imperat
2631 1681 2785 1747 pueri
2813 1679 3048 1732 cadaver
3070 1690 3195 1732 ante
3227 1697 3282 1734 se
3310 1682 3456 1744 poni;
3489 1691 3602 1734 tum

324 1784 455 1851 κρὸν
490 1781 582 1834 τοῦ
614 1781 798 1842 παιδος
850 1780 1008 1848 σῶμα
1045 1783 1150 1850 πρ),
1176 1781 1340 1832 αὑτοῦ
1375 1782 1602 1849 τεθῆναι
1641 1783 1902 1845 κελεύσας

2019 1771 2241 1839 genibus
2292 1772 2488 1840 positis
2519 1771 2731 1840 prolixe
2783 1771 2985 1831 oravit.
3044 1787 3387 1839 surgensquc
3431 1771 3605 1824 conii-

323 1874 525 1941 γόνατά
557 1891 612 1924 τε
651 1872 785 1930 θεὶς,
819 1873 912 1923 καὶ
954 1873 1151 1932 ἱκανῶς
1179 1872 1642 1942 προσευξάμενος,
1677 1870 1796 1926 εἶτα
1830 1873 1906 1927 δι-

323 1967 559 2028 αναστὰς
611 1965 889 2037 θαρῤαλέᾳ
947 1965 1081 2033 πρὸς
1132 1965 1220 2016 τὸν
1262 1966 1512 2032 κείμενον
1552 1965 1764 2038 γλώττῃ
1792 2009 1804 2029 ,
1850 1969 1906 2020 Ὀ

323 2059 559 2122 καλέσας
594 2060 968 2128 τετραήμερον
1008 2061 1071 2110 ἐκ
1099 2059 1269 2126 τάφου
1298 2061 1570 2130 Λάζαρονς
1603 2060 1728 2127 ἔφη,
1756 2061 1910 2114 καλεῖ

329 2168 386 2202 σε
422 2150 488 2202 δι’
522 2150 653 2219 ἐμοῦ
703 2150 796 2202 τοῦ
845 2150 1030 2201 δούλου
1077 2150 1264 2204 αὐτοῦ.
1309 2153 1415 2204 Καὶ
1460 2154 1803 2223 παραχρῆμα
1845 2153 1910 2212 (ὦ

323 2241 460 2294 Θεοῦ
485 2241 826 2302 δυκαστεὶαςῑ
856 2239 899 2292 ὣ
923 2241 1158 2292 ἀϐύσσου
1186 2243 1582 2312 χρηστότητοςέ
1620 2243 1664 2296 ὦ
1698 2245 1788 2296 καὶ
1815 2245 1910 2296 αῦ-

321 2337 435 2396 τοῖς
466 2334 763 2403 ὀρθαλμοίς
799 2335 1027 2386 ἀπίστου
1055 2335 1146 2387 καὶ
1178 2335 1440 2388 ἀπιθάνου
1467 2338 1736 2406 θεάματος
1757 2341 1792 2405 !)
1831 2338 1909 2390 δι-

324 2428 524 2493 ανέστη
572 2428 786 2476 πάντων
832 2425 1105 2493 δρώντων,
1145 2419 1237 2480 καὶ
1293 2427 1400 2484 ζῶν
1444 2432 1556 2491 τοῖς
1589 2428 1838 2482 τεκοῦσιν
1882 2431 1910 2482 ὁ

325 2518 516 2586 νεκρὸς
545 2516 869 2579 ἀποδίδοται,
900 2517 1084 2587 θαῦμα
1113 2519 1172 2570 ού
1211 2519 1370 2587 μόνον
1403 2520 1462 2572 ού
1495 2521 1742 2588 χωρῃτὸν
1772 2523 1908 2592 ἀκοῇ

332 2607 406 2678 μὴ
440 2608 678 2681 τυχούσῃ
724 2608 822 2676 τῆς
867 2609 994 2672 θέας
1027 2650 1039 2668 ,
1075 2611 1190 2662 ἀλλ’
1221 2611 1342 2662 οῦδὲ
1387 2610 1686 2683 ὁσθαλμοῖς
1743 2612 1910 2666 ἰδοῦσι

333 2701 495 2754 πιστά
530 2698 727 2770 μικροῦ
759 2699 1044 2770 τιθέμενον
1068 2703 1135 2754 τά
1157 2701 1426 2773 ὁρώμενα.

2009 1865 2159 1918 denti
2193 1879 2324 1917 voce.
2351 1873 2580 1917 mortuo
2600 1863 2738 1917 dixit
2767 1881 2777 1914 :
2802 1863 2904 1924 Oui
2930 1862 3370 1930 quadriduanum
3401 1864 3607 1917 excivit

2009 1973 2040 2010 e
2063 1956 2322 2025 sepulcro
2343 1955 2632 2017 Lazarum,
2663 1963 2857 2008 evocat
2881 1969 2930 2008 te
2953 1971 3050 2023 per
3071 1970 3157 2008 me
3177 1971 3395 2007 servum
3420 1971 3604 2009 suum.

2010 2049 2123 2102 Nec.
2153 2049 2479 2116 interposita
2509 2063 2661 2100 mora
2693 2059 2796 2105 cst.
2835 2046 3007 2114 surgit
3038 2058 3090 2100 to
3122 2047 3416 2105 potentiam
3460 2047 3602 2100 divi-

2013 2141 2172 2194 nam!
2211 2155 2244 2191 o
2281 2139 2542 2192 bonitatis
2567 2137 2855 2208 abyssum!
2893 2155 2924 2189 ο
2958 2138 3357 2205 spectacnium.
3407 2137 3604 2190 viden-

2018 2231 2164 2283 tibus
2181 2230 2346 2284 eliam
2372 2229 2544 2281 oculis
2565 2243 2825 2297 p~rsuasu
2841 2226 3166 2294 crcdiluquc
3188 2223 3608 2287 diﬂicilel),sur-

2017 2322 2092 2391 git
2123 2321 2566 2389 inspectantibus
2594 2319 2830 2380 cunctis,
2858 2326 2912 2371 et
2942 2317 3102 2370 vivus
3135 2319 3459 2385 parentibus
3490 2318 3607 2373 suis

2016 2411 2290 2465 redditur.
2324 2410 2463 2465 Illud
2499 2411 2748 2480 proiecto
2777 2410 3106 2462 miraculum
3153 2420 3256 2468 est,
3293 2410 3441 2478 quod
3491 2426 3604 2464 non

2015 2503 2244 2557 auribus
2277 2503 2442 2555 modo
2483 2517 2676 2554 eorum
2725 2501 2818 2569 qui
2856 2501 2936 2553 rei
2984 2513 3148 2570 gestae
3185 2517 3294 2554 non
3342 2502 3608 2554 interfue-

2018 2601 2182 2658 runt,
2224 2591 2320 2648 sed
2377 2591 2510 2660 ipsis
2555 2606 2776 2659 quoque
2811 2591 3160 2644 intuentibus
3197 2607 3382 2645 coram
3431 2592 3607 2646 oculis

2018 2683 2578 2755 ineomprehensibile
2605 2684 2846 2746 videtur,
2877 2693 3066 2752 utpote
3103 2683 3482 2754 magnitudine
3506 2697 3608 2737 sua

2023 2778 2189 2834 ﬁdem
2243 2778 2531 2832 oculorum
2565 2790 2856 2844 superans.

1760 2940 1988 2997 CAPUT
2026 2939 2172 2998 XXI.

1074 3048 1434 3122 Paralyticus,
1471 3053 1686 3120 surdus,
1740 3062 1939 3119 mutus,
1997 3055 2251 3125 furiosus,
2309 3056 2533 3110 claudus
2579 3065 2860 3110 curantur.

405 3159 529 3228 ρξιῗ,
567 3161 733 3216 Οὔπω
768 3162 922 3226 τέλος
949 3157 1062 3234 εἶχε
1099 3165 1158 3218 τὸ
1200 3165 1408 3219 τοιοῦτο
1445 3168 1572 3237 περὶ
1601 3167 1691 3221 τὸν
1718 3169 1911 3238 νεκρὸν
1941 3175 1983 3231 c

333 3249 516 3321 θαῦμα
542 3254 618 3323 τῷ
644 3253 888 3324 Συμεὼν,
913 3257 1004 3308 καὶ
1039 3260 1418 3328 προσήνεγκαν
1449 3259 1733 3331 ἄνθρωπον
1767 3261 1916 3332 αύτῷ

337 3344 737 3410 συγκύπτοντα,
768 3347 858 3400 καὶ
881 3349 941 3400 οὺ
977 3349 1136 3417 μόνον
1165 3350 1416 3417 οὐδαμῶς
1443 3352 1718 3420 ἀνακύψαι
1753 3352 1916 3406 δυνάρ

337 3451 514 3503 μενον,
553 3435 688 3487 ἀλλὰ
732 3437 826 3488 καὶ
863 3439 1130 3507 τράχηλον
1161 3441 1253 3492 καὶ
1288 3442 1548 3510 κεφαλὴν,
1586 3443 1678 3495 καὶ
1713 3443 1831 3496 ὅλον
1858 3444 1917 3496 τὸ

334 3526 493 3595 σῶμα
546 3527 686 3579 οῦτω
723 3530 1136 3597 πεπεδημένον,
1195 3532 1270 3593 ὡς
1321 3533 1443 3602 μηδ’
1473 3535 1579 3603 ὅτῳ
1621 3531 1714 3587 οῦν
1767 3536 1917 3604 μέλει

334 3617 587 3672 δύνασθαι
617 3620 889 3690 χρῆσθαι·
923 3621 981 3684 ὃς
1013 3622 1200 3674 τοῦτον
1237 3623 1380 3686 ἰδὼν,
1411 3625 1615 3695 ἐλεεινῇ
1664 3627 1739 3690 ὼς
1774 3622 1918 3697 εἶχεν

334 3709 462 3762 ἐϐόα
491 3717 664 3779 φωνῇ,
706 3712 956 3783 Ἐλέησον
985 3731 1072 3783 με,
1100 3713 1253 3766 δοῦλε
1275 3715 1366 3768 τοῦ
1395 3716 1528 3769 Θεοῦ
1555 3717 1645 3770 τοῦ
1670 3718 1914 3787 ὑψίστου.

344 3798 402 3853 ’0
435 3801 488 3852 δὲ
520 3805 675 3872 χεῖρα
716 3802 791 3872 τῷ
833 3805 1092 3876 τραχήλῳ
1139 3807 1232 3858 τοῦ
1283 3808 1474 3878 ἀνδρὸς
1519 3810 1746 3871 ἐπιθεὶς,
1798 3813 1918 3863 ἐπι-

334 3893 526 3959 κλήσει
558 3893 675 3963 θείᾳ
708 3895 1141 3966 δυναμουμένην,
1167 3900 1333 3968 ἀνῆκε
1365 3901 1462 3969 τῆς
1481 3900 1720 3969 ἀφύκτου
1751 3903 1918 3970 πέδης

335 3985 546 4056 ἐκείνης
572 3987 668 4056 τὴν
694 3989 956 4060 κεφαλὴν,
991 3986 1108 4043 εἶτα
1131 3994 1194 4061 τῇ
1223 3993 1359 4062 αῦτῇ
1387 3991 1575 4045 τοῦτον
1601 3994 1744 4063 χειρὶ
1775 3996 1917 4048 κατὰ

334 4074 504 4129 νώτου
533 4077 733 4140 παίσας
756 4079 890 4148 ὁμοῦ
918 4083 982 4150 τῇ
1007 4080 1186 4152 πληγῇ
1216 4083 1309 4135 καὶ
1333 4082 1428 4152 τὴν
1456 4083 1562 4136 τῶν
1589 4085 1789 4137 ὀδυνῶν
1815 4089 1919 4139 ἀπ-

335 4165 596 4237 αλλαγὴν,
656 4169 750 4221 καὶ
811 4169 909 4237 τὴν
964 4170 1071 4223 τῶν
1122 4171 1299 4241 μελῶν
1351 4173 1524 4237 λύσιν,
1565 4175 1659 4227 καὶ
1690 4176 1790 4246 τὴν
1823 4175 1917 4229 τοῦ

336 4259 537 4323 παντὸς
596 4260 850 4331 σώματος
907 4262 1220 4334 ἐλευθερέαν
1271 4265 1575 4334 χαρίζεται.
1619 4268 1726 4320 Καὶ
1775 4267 1920 4321 οὕτω

341 4349 593 4420 πέμπτου
633 4355 724 4407 ἐπὶ
767 4356 1062 4425 τριάκοντα
1110 4356 1383 4416 ἐνιαυτοῦ,
1433 4357 1610 4427 μελῶν
1659 4359 1794 4429 πέδη
1826 4361 1919 4413 καὶ

337 4437 589 4510 σώματος
619 4444 870 4513 πάρεσις,
901 4444 975 4506 ὡς
1001 4441 1096 4496 τοῦ
1131 4445 1431 4513 πάσχοντος
1461 4445 1681 4497 ἀκούειν
1709 4441 1798 4517 ἦν,
1830 4446 1920 4498 τὸν

2090 3171 2214 3224 itit.
2255 3171 2509 3225 Nondum
2544 3172 2705 3241 plane
2737 3172 3050 3226 absolutum
3093 3181 3210 3228 erat
3251 3173 3606 3239 miraculum,

2017 3265 2164 3335 quod
2207 3265 2259 3319 in
2294 3277 2511 3321 mortuo
2541 3270 2651 3338 jam
2687 3269 2836 3322 dicto
2886 3267 3137 3337 patrabat.
3189 3265 3448 3336 Symcon,
3481 3282 3608 3321 cum

2018 3357 2297 3412 hominem
2355 3360 2640 3414 adducunt
2676 3361 2870 3422 alium,
2928 3361 3300 3418 incurvatum,
3361 3375 3464 3412 nec.
3513 3373 3606 3413 so-

2017 3449 2130 3502 lum
2181 3465 2289 3502 non
2343 3451 2613 3504 valentem
2668 3467 2726 3504 se
2790 3452 2900 3503 ullo
2955 3450 3117 3502 modo
3179 3450 3398 3518 erigere
3444 3465 3458 3501 :
3512 3463 3607 3502 vc-

2020 3553 2141 3590 rmn
2191 3539 2356 3590 etiam
2391 3539 2553 3599 collo,
2589 3538 2790 3607 capite,
2838 3553 2901 3590 ae
2953 3545 3064 3588 toto
3087 3551 3320 3604 corpore
3367 3536 3440 3588 ita
3473 3550 3610 3589 con-

2021 3639 2256 3684 tractum
2312 3630 2772 3698 impeditumque,
2824 3638 2884 3680 ut
2923 3627 3154 3681 membri
3208 3627 3415 3680 nullius
3448 3641 3609 3680 usum

2018 3721 2254 3775 liberum
2312 3721 2562 3774 haberet.
2616 3719 2688 3774 Ut
2752 3719 2840 3772 hic
2888 3717 3216 3788 Symeonem
3264 3715 3422 3778 vidit,
3475 3730 3610 3771 voce

2018 3827 2183 3880 quam
2232 3811 2411 3879 potuit
2459 3810 2694 3863 tnaxime
2733 3808 3074 3862 lamentabili
3113 3806 3368 3860 clamavit
3400 3823 3414 3859 :
3452 3806 3612 3861 Mise-

2019 3917 2144 3955 rere
2187 3901 2316 3964 mei,
2363 3900 2565 3954 famulo
2614 3901 2704 3954 Dei
2741 3899 3016 3952 altissimi.
3053 3897 3144 3953 Sic
3187 3899 3472 3951 invocatus
3498 3913 3612 3951 ma-

2019 4009 2152 4048 num
2206 3994 2440 4062 imponit
2486 3992 2630 4047 collo
2673 3992 2800 4057 viri,
2851 4006 3074 4045 manum
3129 3989 3477 4044 invocatione
3525 3989 3611 4042 di-

2019 4086 2146 4140 vina
2168 4095 2473 4155 potentem.
2507 4095 2563 4139 et
2618 4085 2853 4139 nexibus
2899 4083 3095 4138 solutis
3145 4091 3310 4151 caput
3367 4081 3611 4135 restituit

2021 4176 2124 4232 sibi
2157 4193 2170 4228 :
2201 4188 2317 4230 tum
2342 4176 2537 4230 eadem
2577 4192 2740 4230 manu
2808 4175 2915 4228 viri
2981 4185 3192 4244 tergum
3262 4175 3511 4243 percutit
3552 4182 3610 4229 et

2022 4269 2139 4338 ipsa
2164 4268 2525 4338 percussione
2545 4267 2932 4337 depulsionem
2963 4259 3215 4320 dolorum
3237 4275 3294 4319 et
3329 4265 3610 4320 membro-

2023 4372 2143 4410 rum
2167 4356 2522 4418 solutionem,
2551 4367 2606 4410 et
2631 4357 2886 4426 corporis
2911 4355 3082 4410 tozius
3100 4353 3418 4424 expeditum
3447 4371 3608 4408 usum

2025 4447 2298 4502 concedit.
2316 4447 2496 4516 Atque
2528 4447 2602 4503 ita
2640 4447 3036 4518 impedimenta
3067 4446 3399 4516 vinculaque
3429 4460 3608 4500 mem-

332 4529 436 4602 τῆς
481 4512 766 4597 ἀσθενείας
821 4537 1013 4604 χρόνον
1063 4535 1501 4608 δημοσιεύοντος,
1544 4537 1654 4607 ἁφῇ
1698 4512 1800 4608 μιᾷ
1829 4538 1911 4590 καλ

2030 4537 2258 4591 brorum
2298 4553 2364 4592 ac
2393 4512 2664 4608 paralysis
2690 4512 2964 4606 corporis,
2997 4538 3250 4606 quaejam
3275 4512 3526 4605 quinque
3553 4543 3612 4588 et

335 4624 520 4697 πληγῇ
551 4627 870 4695 παραδόξως
894 4627 1100 4683 λύεται.

2033 4629 2257 4701 triginta
2289 4645 2464 4684 annos
2490 4636 2786 4685 tenuerant
2834 4626 3320 4698 (quemadmodum
3367 4641 3434 4680 ex
3491 4625 3611 4696 ipso

333 4723 696 4791 :egroaudire
722 4722 901 4786 licuit,
940 4731 1158 4793 tempus
1220 4723 1558 4780 inﬁrmitatis
1587 4738 1701 4779 suae
1756 4723 1978 4796 publice
2017 4725 2389 4796 enuntiante),
2444 4724 2685 4779 tactione
2754 4737 2863 4777 una
2928 4735 3150 4791 unaque
3211 4719 3606 4790 percussione,

338 4820 543 4880 prteter
573 4813 1041 4882 exspectationem
1071 4815 1398 4872 mirabiliter
1427 4816 1604 4870 soluta
1631 4814 1878 4869 fuerunt.

416 4903 546 4976 ρξε’.
584 4901 718 4959 Εἶτα
767 4907 1215 4978 προσηνέχθησαν
1261 4906 1413 4978 αὐτῷ
1467 4908 1707 4972 νεάνιδες
1740 4909 1853 4972 δύο,
1893 4909 1928 4978 ὴ

343 4993 441 5063 μὲν
465 4995 563 5063 τὴν
592 4995 838 5064 γλῶτταν
867 4998 1239 5069 πεπεδημένη,
1263 5001 1296 5070 ὴ
1332 4999 1390 5052 δὲ
1418 4999 1487 5053 τά
1515 4995 1629 5056 ὦτα
1652 5002 1930 5072 κωφεύου-

340 5103 442 5140 σοι’
475 5087 534 5154 ἐξ
564 5091 733 5162 αὐτῆς
766 5091 822 5145 δὲ
844 5093 992 5162 ὅμως
1017 5094 1277 5162 ἑκάτεραι
1312 5093 1412 5163 τῆς
1439 5096 1519 5158 εἰς
1550 5096 1666 5164 φῶς
1698 5096 1928 5166 προόδου

337 5177 416 5250 τῷ
453 5179 617 5233 πάθει
663 5182 1120 5255 κατειλημμέναι.
1149 5177 1249 5235 Ὦν
1279 5182 1308 5234 ὁ
1359 5182 1453 5234 τοῦ
1495 5182 1631 5235 Θεοῦ
1669 5182 1930 5254 θεράπων

414 5335 460 5369 ⁸⁸
501 5335 695 5392 Matth.
735 5354 850 5402 xxt,
881 5337 972 5392 21.

419 5497 633 5566 (42-ιὸ)
672 5496 765 5552 Gr.
798 5497 1220 5566 Μοιγιστριανός.
1247 5495 1401 5561 Quod
1415 5494 1725 5566 plerumque
1751 5497 1926 5549 inter-

344 5577 627 5639 pretantur
649 5585 816 5637 agens
851 5570 904 5620 in
931 5570 1115 5624 rebus.
1139 5569 1253 5619 idco
1278 5570 1416 5636 quod
1441 5584 1496 5639 re
1515 5569 1635 5639 ipso
1654 5568 1703 5617 in
1738 5568 1924 5627 sacris,

343 5637 435 5691 out
465 5637 678 5700 militia,
705 5647 796 5690 aut
836 5639 956 5705 aliis
989 5641 1172 5695 etiam.
1211 5654 1397 5690 nmnus
1418 5637 1636 5705 aliquod
1661 5647 1925 5688 exerceat:

344 5719 391 5762 et
413 5717 489 5765 est
513 5695 675 5779 quasi
695 5695 940 5779 ofﬁcialis
959 5709 1200 5778 magistri
1226 5695 1524 5778 officiorum
1547 5724 1567 5772 ,'
1600 5707 1662 5759 de
1685 5723 1788 5775 quo
1821 5724 1933 5759 ma-

2099 4905 2222 4962 165.
2261 4905 2422 4962 liisce
2445 4905 2518 4960 ita
2553 4903 2792 4976 peractis
2828 4902 3156 4972 prodierunt
3187 4899 3616 4957 adolescentula

2029 4998 2174 5061 duce,
2222 4999 2395 5054 altera
2460 4995 2746 5067 loquendi,
2817 4994 2991 5050 altera
3023 4991 3286 5048 audiendi
3354 4991 3615 5046 facultate

2027 5099 2299 5146 carente:
2360 5099 2416 5144 et
2460 5090 2585 5145 illos
2637 5087 2862 5158 quidem
2896 5085 3146 5142 defectus
3196 5084 3267 5138 ab
3308 5084 3429 5153 ipso
3487 5092 3614 5138 ortu

2031 5175 2222 5238 secum
2256 5184 2310 5238 in
2364 5183 2509 5238 hanc
2566 5183 2746 5236 lucem
2804 5179 3125 5235 intulerant.
3182 5177 3352 5231 Movit
3400 5175 3616 5231 illarum

2036 5497 2198 5565 οἱδιγο
2230 5503 2353 5548 ante
2373 5491 2578 5565 vitam§
2607 5491 2667 5565 78,
2696 5491 2927 5565 egimus.
2975 5489 3099 5565 Vide
3156 5487 3310 5565 pium
3339 5488 3402 5565 de
3425 5483 3617 5565 .Ma'giu

2037 5553 2244 5619 striano
2293 5566 2343 5616 in
2377 5553 2648 5616 (ilossiii'io
2681 5553 3117 5616 Crura—barbaro
3156 5553 3376 5613 'ziicttrsii
3423 5564 3470 5609 ct
3512 5553 3620 5607 Fa-

2041 5635 2067 5686 b
2084 5637 2203 5688 rotii
2229 5635 2298 5688 ad
2333 5633 2566 5688 Cectrcnu
2581 5651 2649 5684 m.
