4034 6186
415 281 560 347 3130

1629 289 1690 346 S.
1733 277 2116 344 SYMEONIS
2153 273 2520 337 JUNIORIS

3559 263 3700 332 3M!)

413 397 550 445 tetas
579 388 772 442 florida
799 398 856 444 et
881 389 1144 460 juvenilis
1189 393 1734 448 commiserationem
1787 391 1994 446 famulo

2111 381 2190 432 τοῦ
2219 379 2318 447 τῆς
2347 378 2600 446 νεότητος
2629 375 2822 436 ἄνθεος
2852 369 3036 426 οἶκτον
3070 373 3274 438 λαϐὼν,
3313 374 3390 438 ὡς
3419 375 3516 430 καὶ
3555 393 3703 444 σύμ-

415 479 538 538 Dei.
571 495 683 550 pra-
707 481 917 536 doloris
945 497 1108 536 sensu
1143 483 1198 538 in
1259 485 1496 554 gemitus
1551 486 1754 538 soluto.
1795 483 1998 538 Oculos

417 571 602 639 itaque
660 585 755 640 spe
795 573 992 640 plenus
1025 577 1078 629 in
1140 577 1342 630 coelum
1381 577 1698 638 intendens,
1749 585 1810 629 ut
1861 575 1996 629 inde

395 661 682 740 ‘auxilium
733 663 1064 730 advocaret;
1095 673 1150 719 et
1183 667 1416 734 digitum
1439 667 1686 722 alterius
1715 666 1822 728 ori,
1860 665 1998 718 alte-

419 753 536 805 rius
564 754 792 808 auribus
843 755 1190 822 immittens;
1237 759 1386 810 illius
1439 759 1707 812 continuo
1755 757 1999 826 linguam

419 844 602 906 solxit,
639 845 803 914 hujus
829 863 960 900 vero
986 863 1150 902 aures
1181 849 1422 918 aperuit,
1451 849 1524 902 ita
1563 863 1622 902 ut
1653 857 1710 902 et
1741 849 2002 918 loquere-

419 943 512 988 tur
547 945 604 990 et
633 937 850 992 audiret
881 949 1115 1009 utraque
1147 940 1268 994 sine
1315 941 1730 1009 impedimento.

495 1125 612 1180 166.
647 1125 786 1179 Illud
824 1141 1046 1196 quoque
1071 1126 1296 1180 silentio
1334 1127 1729 1181 involvendum
1759 1143 1869 1182 non
1896 1137 2000 1190 est,

420 1225 612 1284 utpote
641 1217 1025 1272 demonstrans
1055 1217 1312 1274 similiter
1335 1219 1438 1274 viri
1491 1220 1668 1274 sancti
1717 1229 1772 1274 et
1807 1227 2004 1289 poten-

423 1308 552 1361 tiam
585 1308 730 1376 apud
763 1309 958 1374 Deum,
993 1321 1048 1364 et
1083 1311 1484 1380 benignitatem
1547 1329 1672 1382 erga
1724 1313 2002 1374 homines,

421 1400 542 1470 Opis
570 1399 926 1470 imligos.Vir
949 1402 1173 1470 quidam
1215 1403 1416 1458 allatus
1463 1403 1590 1468 fuit,
1652 1413 1814 1458 relate
1871 1420 2004 1474 pro-

421 1502 613 1546 vectus
641 1492 935 1546 admodum
968 1501 1023 1546 et
1071 1493 1284 1561 capillis
1309 1509 1502 1560 canus,
1531 1495 1624 1564 qui
1674 1503 1786 1556 tua,
1819 1495 2008 1548 invide

425 1583 644 1636 humani
704 1585 924 1654 generis
969 1585 1196 1638 inimice
1237 1594 1294 1640 et
1327 1587 1526 1642 salutis
1575 1597 1778 1642 nostra:
1827 1589 2008 1642 hostis

423 1674 652 1736 infense,
689 1685 803 1738 tua,
839 1677 1088 1746 inquam,
1113 1688 1378 1746 operante
1407 1679 1462 1734 in
1487 1695 1554 1735 eo
1605 1680 1814 1734 malitia
1865 1681 2002 1734 nihil

421 1781 533 1820 non
562 1767 754 1836 agebat
780 1767 1050 1820 absonum
1079 1769 1472 1840 indeeensque.
1527 1771 1666 1825 Nam
1691 1772 1734 1826 si
1782 1771 2004 1842 quando

421 1875 452 1912 a
476 1857 786 1922 danuouiis,
815 1858 994 1928 ipsum
1029 1875 1254 1930 semper
1285 1862 1714 1932 exagitantibus,
1737 1863 2008 1932 impulsus

421 1951 1276 2019 totampererraretcivitatem,
1333 1969 1473 2022 quas
1533 1969 1642 2008 non
1715 1955 2008 2008 ell‘utiebat

421 2041 823 2110 blasphemias!
853 2058 1016 2111 quam
1039 2043 1440 2112 turpitudinem
1463 2045 1710 2100 inausam
1737 2046 2010 2115 relinque-

421 2129 543 2186 bat!
577 2129 678 2196 Qui
713 2147 844 2184 vero
869 2133 922 2186 iu
956 2133 1134 2201 ipsum
1161 2132 1368 2188 infelici
1394 2149 1627 2189 occursu
1663 2151 1758 2189 seu
1787 2135 1876 2189 die
1907 2151 2007 2190 seu

421 2230 582 2276 nocte
645 2223 982 2285 incidebant,
1043 2225 1292 2293 proxime
1339 2242 1369 2280 a
1417 2227 1668 2296 periculo
1731 2227 2004 2282 aberant:

419 2313 670 2368 violento
691 2313 838 2366 enim
870 2329 936 2367 ac
967 2314 1164 2368 insano
1185 2315 1396 2386 impetu
1449 2332 1547 2372 eos
1593 2318 1880 2382 invadens,
1911 2333 2006 2372 ve-

422 2404 682 2458 stimenta
749 2405 1028 2460 frustatim
1067 2407 1430 2472 dilacerabat,
1479 2411 1732 2480 colloque
1783 2411 2008 2479 injectis

420 2495 678 2550 manibus
733 2496 1076 2566 improvidos
1127 2500 1403 2555 sulloeare
1457 2501 1766 2556 nitebatur.
1811 2501 2006 2572 Neque

420 2580 512 2636 hic
571 2583 730 2638 furia:
779 2592 1088 2640 steterunt:
1141 2589 1424 2657 propriam
1465 2606 1624 2644 suam
1679 2606 1904 2646 carnem
1951 2591 2008 2661 (ο

419 2671 730 2743 miserum!)
759 2674 1020 2730 dentibus
1041 2676 1328 2747 abreptam
1359 2681 1620 2736 mandere
1670 2699 1735 2736 ac
1773 2683 2007 2738 commi-

417 2780 590 2818 nuere
621 2768 938 2835 spectaculo
971 2769 1274 2826 miserabili
1321 2773 1474 2828 visus
1525 2773 1654 2841 fuit,
1713 2787 1880 2846 atque
1920 2776 2006 2832 his

419 2857 582 2910 etiam
633 2875 744 2912 non
793 2859 957 2928 paulo
1033 2861 1358 2918 immaniora
1431 2875 1673 2934 patrare.
1727 2867 2008 2938 Agebatur

419 2946 538 3001 dies
563 2947 716 3003 Jovis
741 2961 932 3005 sancta
969 2967 1032 3006 ac
1061 2955 1402 3018 veneranda,
1459 2972 1568 3026 qua
1603 2957 1870 3013 Dominus
1903 2975 2007 3014 no-

2100 471 2272 533 παθὲς
2333 471 2526 532 αύταῖς
2575 465 2686 521 οἷον
2723 466 3142 530 ’ὲπιστενάξαι,
3209 469 3288 530 εἰς
3347 469 3580 540 οὐρανόν
3633 483 3696 518 τε

2101 565 2310 634 πλῆρες
2360 563 2590 625 ἐλπίδος.
2625 561 2770 624 ἰδὼν,
2819 560 2906 612 ἵνα
2947 561 3042 612 καὶ
3091 559 3192 629 τὴν
3235 560 3446 613 ἐκεῖθεν
3495 559 3700 632 ἑλκύσῃ

2104 657 2378 728 βοήθειαν,
2429 656 2525 708 καὶ
2573 655 2664 707 τὸν
2709 653 2973 707 δάκτυλον
3021 653 3298 724 ἐμϐαλὼν,
3333 657 3430 724 τῆς
3478 657 3578 723 μὲν
3617 657 3700 726 τῷ

2105 751 2359 819 στόματι,
2413 749 2513 818 τῆς
2572 747 2628 799 δὲ
2667 749 2780 808 τοῖς
2815 745 2938 810 ὠσὶ,
2971 749 3036 815 τῇ
3093 748 3192 815 μὲν
3228 747 3392 809 εὐθὺς
3435 746 3552 798 λύει
3597 748 3698 816 τὴν

2103 841 2369 910 γλῶτταν,
2412 843 2480 912 τῇ
2537 841 2592 892 δὲ
2651 837 2860 905 ἀνοίγει
2925 837 3025 894 τὰς
3077 837 3270 902 ἀκοὰς,
3322 838 3396 900 ὡς
3455 838 3554 908 τὴν
3601 840 3700 905 μὲν

2105 933 2484 1002 φθέγγεσθαι,
2525 933 2624 1003 τὴν
2683 931 2742 984 δὲ
2808 928 3063 993 ἀκούειν,
3129 927 3454 1000 ἐλευθερίαις
3505 931 3702 999 ἀμφό-

2103 1043 2259 1098 τερα.

2181 1117 2322 1188 ρξε’.
2371 1119 2494 1170 Ἐπὶ
2532 1115 2743 1180 τούτοις
2790 1119 2968 1170 ἐκεῖνο
3025 1117 3271 1185 λεγέσθω
3296 1158 3310 1182 ,
3335 1115 3436 1186 τῆς
3471 1115 3594 1186 ἴσης
3639 1115 3702 1168 ὃν

2105 1209 2200 1263 τοῦ
2232 1211 2423 1280 ἀνδρὸς
2451 1212 2546 1263 καὶ
2573 1212 2728 1281 παρὰ
2757 1209 2876 1278 Θεῷ
2907 1211 3252 1272 δυναστείας,
3287 1211 3378 1261 καὶ
3413 1211 3544 1277 περὶ
3573 1209 3702 1268 τοὺς

2107 1303 2294 1354 οἴκτου
2350 1302 2646 1372 δεομένους
2709 1301 3144 1372 φιλανθρωπίας.
3181 1301 3536 1372 Προσηνὲχτλη
3591 1301 3704 1368 γὰρ

2107 1411 2190 1458 τις
2255 1395 2393 1465 ἀνὴρ
2452 1394 2758 1464 «Grip,th
2815 1394 2915 1463 μὲν
2973 1393 3192 1464 ἡλικίαν
3237 1393 3704 1463 πρεσϐύτη;,κσὶ

2107 1485 2206 1557 τὴν
2237 1486 2406 1556 τρίχα
2435 1486 2538 1556 ἤδη
2593 1485 2810 1548 λευκὸς,
2851 1488 2918 1556 σῇ
2972 1485 3030 1538 δὲ
3059 1485 3274 1546 πάντως
3305 1483 3573 1553 ἐνεργείᾳ,
3607 1483 3706 1554 βά.-

2111 1597 2275 1634 σκανε
2329 1581 2423 1633 τοῦ
2472 1581 2584 1634 τῶν
2631 1579 2936 1649 ἀνθρώπων
2986 1579 3176 1648 γένους
3239 1579 3402 1648 ἐχθρὲ
3447 1579 3542 1630 καὶ
3603 1577 3706 1648 τῆς

2111 1673 2388 1742 ἡμετέρας
2445 1671 2654 1726 ἄνωθέν
2705 1670 2978 1740 σωτηρίας
3035 1670 3286 1738 πολέμιε,
3319 1667 3428 1722 τῶν
3479 1667 3706 1721 ἀτόπων

2111 1767 2215 1816 ἀπε
2223 1765 2448 1833 λόμενος
2478 1762 2716 1824 οὐδενός.
2771 1761 2858 1824 Ὡς
2884 1761 2992 1832 γὰρ
3040 1761 3148 1812 ὑπὸ
3176 1759 3286 1814 τῶν
3323 1761 3568 1829 ἀγόντων
3613 1759 3707 1814 ἀεὶ

2109 1855 2381 1924 δαιμόνων
2418 1854 2583 1907 αὐτὸν
2663 1853 3044 1928 ἐλαυνόμενος,
3106 1853 3286 1906 πᾶσαν
3332 1852 3552 1923 περιῄει
3601 1852 3704 1924 τὴν

2111 1947 2282 2009 πόλιν,
2313 1945 2365 1997 τί
2408 1946 2507 2016 μὲν
2563 1945 2674 1997 τῶν
2714 1945 3054 2015 βλασφήμων
3073 1945 3136 1997 οὐ
3169 1944 3344 2004 λέγων
3374 1961 3390 2010 ;
3421 1947 3474 1997 τί
3505 1945 3562 1997 δὲ
3589 1945 3702 1998 τῶν

2109 2039 2410 2109 αἰσχίστων
2437 2039 2499 2092 ού
2537 2037 2681 2110 δρῶν
2711 2055 2728 2105 ;
2761 2033 2858 2100 Οἷς
2893 2038 2958 2092 ἂν
2993 2038 3210 2107 ἡμέρας
3235 2037 3268 2100 ἢ
3301 2038 3495 2102 νυκτὸς
3531 2055 3705 2108 πονη-

2114 2135 2203 2202 ρὸν
2235 2115 2555 2202 συνάνττῗμα
2581 2133 2814 2198 γένοιτο,
2854 2131 2915 2184 οὗ
2949 2131 3086 2184 πολὺ
3115 2133 3303 2202 πόρρω
3333 2131 3556 2194 τούτους
3584 2149 3704 2184 κιν-

2107 2223 2266 2276 δύνου
2313 2225 2547 2294 καθίστη
2577 2239 2592 2253 ·
2627 2225 2808 2292 φόνιόν
2843 2240 2896 2274 τι
2924 2222 3033 2291 γὰρ
3083 2222 3265 2274 αὐτῶν
3331 2223 3428 2274 καὶ
3469 2223 3704 2291 μανικὸν

2108 2315 2488 2386 δραττόμενος,
2521 2317 2593 2370 τά
2619 2333 2678 2368 τε
2733 2315 2924 2384 ἱμάτιά
2977 2330 3132 2382 σφισι
3185 2315 3580 2385 περιερῤήγνυ,
3607 2315 3702 2368 καὶ

2109 2408 2198 2460 τὸν
2233 2407 2504 2478 τράχηλον
2534 2407 2814 2479 περιάγων
2847 2407 3038 2477 ἄγχειν
3079 2407 3276 2470 αὐτοὺς
3307 2408 3597 2476 ἐπειρᾶτο,
3637 2409 3700 2459 ού

2114 2499 2222 2569 μὴν
2255 2500 2390 2552 ἀλλὰ
2417 2501 2512 2554 καὶ
2541 2501 2648 2552 τῶν
2680 2499 2849 2563 ἰδίων,
2880 2501 3065 2568 οἵμοιι
3107 2499 3330 2570 σαρκῶν
3359 2501 3562 2569 ἥπτετο
3601 2503 3702 2553 καὶ

2108 2590 2312 2644 τούτων
2342 2590 2590 2654 ἐλεεινῶς
2623 2593 3006 2664 παρατρώγων
3037 2591 3242 2661 ὼρᾶτο,
3269 2593 3366 2644 καὶ
3411 2593 3544 2644 ἄλλα
3571 2593 3704 2644 τού·

2107 2699 2216 2736 των
2265 2683 2365 2735 οὐκ
2426 2681 2591 2754 ὀλίγῳ
2640 2681 3000 2754 χαλεπώτερα
3043 2681 3196 2752 ἕδρα.
3247 2681 3383 2734 um
3417 2681 3547 2750 γοῦν
3591 2683 3704 2754 ὄνῳ

2111 2773 2504 2846 περιτυχὼν,ή
2543 2773 2818 2845 σεϐασμία
2865 2775 2908 2828 δ’
2943 2771 3012 2846 ἦν
3043 2777 3139 2828 καὶ
3193 2776 3406 2846 μεγάλη
3439 2775 3697 2844 πέμπτη,

2111 2866 2236 2920 καθ’
2265 2868 2334 2937 ἦν
2367 2869 2394 2920 ό
2427 2867 2634 2937 Κύριος
2671 2869 2832 2939 ἡμῶν
2861 2867 2956 2920 καὶ
2983 2867 3116 2930 Θεὸς
3139 2871 3250 2932 τοῖς
3281 2869 3552 2938 μαθηταῖς
3581 2885 3704 2922 συν-

2109 2955 2430 3026 δειπνήσας,
2467 2956 2558 3026 ὑφ’
2589 2957 2708 3019 ἑνὸς
2741 2957 2924 3010 αὐτῶν
2955 2957 3409 3029 παραδέδοτο,τὴν
3451 2959 3704 3025 γλῶτταν

419 3053 533 3094 ster
563 3057 688 3096 cum
725 3043 1016 3114 discipulis
1037 3056 1312 3112 cuiuatus,
1348 3048 1418 3102 ab
1446 3049 1666 3104 illorum
1697 3067 1807 3105 uno
1834 3052 2006 3106 tradi-

2111 3049 2314 3112 ἐκεῖνος
2360 3049 2657 3116 ἐξελκύσας
2695 3051 2796 3120 τῆς
2854 3050 2975 3104 ὄνου
3001 3089 3018 3116 ,
3047 3049 3226 3104 ὁδτῦσί
3281 3067 3340 3103 τε
3379 3051 3528 3114 ἰδίοις
3557 3051 3700 3120 (φεῦ

423 3141 508 3186 lus
542 3133 678 3198 fuit,-
713 3152 836 3190 cum
869 3138 1038 3192 asiuze
1091 3139 1230 3193 forte
1282 3156 1605 3202 occursans,
1645 3144 1890 3213 linguam
1930 3137 2002 3199 ἐἰ

418 3227 676 3288 extraxit,
711 3229 1052 3298 firmiterque
1084 3232 1346 3288 dentibus
1369 3235 1484 3289 suis
1517 3236 1846 3304 prehensum
1876 3239 2002 3308 (vah

420 3319 843 3385 spectaculum!)
883 3323 1155 3389 Iit-recidit.
1183 3339 1245 3378 ac
1289 3325 1554 3380 dentibus
1605 3329 2004 3384 comminutum

389 3409 702 3475 'laeeravit,
739 3413 1063 3482 sanguinem
1101 3417 1312 3470 circum
1350 3435 1412 3472 os
1452 3419 1788 3476 defluentem
1813 3423 2008 3478 bibens

419 3515 483 3554 ac
515 3501 764 3572 liugens,
832 3505 998 3576 idque
1039 3508 1092 3561 in
1145 3510 1351 3565 canitie
1405 3521 1513 3566 tam
1559 3515 1890 3580 venerabili,
1949 3523 2006 3568 et

419 3595 892 3664 grandisenecta;
948 3609 1113 3669 atque
1161 3601 1264 3656 sub
1320 3620 1578 3660 occasura
1639 3609 1800 3662 vitae:
1857 3609 2004 3678 quod

421 3687 560 3742 adeo
593 3688 924 3744 intuentium
949 3696 1142 3749 oculos
1167 3697 1309 3750 male
1333 3697 1593 3762 habebat,
1627 3711 1686 3753 ut
1737 3701 2006 3770 lacrymas

420 3781 784 3848 exprimeret:
826 3793 882 3837 et
915 3784 1180 3840 miserum
1210 3799 1504 3856 superesse
1525 3791 1596 3842 ‘iu
1627 3791 1765 3844 vivis
1809 3791 2004 3845 dolen-

423 3877 527 3932 tes,
555 3881 790 3924 mortcm
825 3873 899 3926 illi
931 3891 1030 3944 pro
1060 3875 1334 3931 beneficio
1393 3889 1780 3948 precarentur.
1835 3879 2002 3934 Asina

423 3961 670 4026 interim,
717 3963 846 4020 licet
881 3975 988 4020 tam
1038 3968 1344 4024 crudeliter
1395 3971 1464 4024 ab
1503 3971 1634 4040 ipso.
1661 3979 1890 4024 tractata
1948 3979 2004 4048 et

2109 3141 2205 3194 τοῦ
2259 3141 2614 3212 θεάματοςί)
2649 3143 2964 3212 ἁπτόμενος
3029 3144 3238 3214 ταύτης
3295 3146 3391 3198 καὶ
3453 3147 3704 3216 παρατέ-

2112 3249 2284 3302 μνων,
2345 3231 2662 3301 διεμασᾶτο,
2715 3233 2888 3286 πίνων
2947 3233 3150 3297 ἀθλίως
3209 3237 3303 3287 καὶ
3377 3235 3702 3305 περιλείχων

2109 3325 2202 3377 τοῦ
2231 3325 2492 3394 αἵματος,
2519 3327 2613 3378 καὶ
2651 3326 2822 3378 ταῦτα
2858 3329 2914 3378 ὲν
2965 3327 3110 3380 οὓτω
3151 3330 3324 3398 σεμνῇ
3391 3328 3568 3398 πολιᾷ,
3607 3329 3702 3380 καὶ

2113 3415 2272 3485 βαθεῖ
2303 3417 2472 3486 γήρᾳ,
2510 3418 2604 3468 καὶ
2635 3415 2752 3484 βίου
2787 3417 3020 3486 δυσμαῖς
3051 3435 3066 3450 ·
3103 3417 3130 3470 ὂ
3161 3420 3254 3471 καὶ
3280 3418 3702 3488 φιλανθρώπους

2113 3508 2428 3578 ὀφθαλμοὺς
2489 3509 2657 3560 ἐκίνει
2717 3511 2854 3580 πρὸς
2899 3510 3132 3580 δάκρυα,
3171 3511 3390 3564 καὶτὸν
3437 3511 3702 3580 δύστηνον

2113 3603 2381 3672 ὠδύροντο
2426 3603 2522 3672 τῆς
2555 3601 2722 3671 ζωῆς,
2759 3603 2853 3656 καὶ
2907 3603 3138 3656 θάνατον
3193 3607 3344 3675 αύτῷ
3371 3603 3568 3674 μᾶλλον
3623 3605 3704 3667 ὡς

2112 3693 2405 3764 εὐεργέτην
2432 3695 2456 3744 ὲ
2471 3693 2755 3764 πηύχοντο.
2775 3693 2836 3748 Ἠ
2855 3697 3038 3764 μέντοι
3055 3697 3198 3760 δνος,
3227 3699 3488 3765 καίτοιγε
3509 3697 3702 3750 τοιαῦ-

2108 3801 2176 3836 τα
2208 3785 2337 3853 παρ’
2371 3785 2532 3838 αὐτοῦ
2567 3787 2854 3856 πάσχουσα
2873 3825 2888 3848 ,
2922 3789 3016 3840 καὶ
3042 3790 3141 3858 τὴν
3171 3789 3424 3857 γλῶσσαν
3451 3790 3706 3842 δαπανω-

2113 3877 2272 3947 μένη,
2302 3877 2446 3945 ὅμως
2480 3879 2784 3946 ἐνεργείαις
2815 3877 2924 3930 τῶν
2957 3881 3014 3932 ἐν
3041 3880 3191 3950 αὐτῷ
3223 3881 3492 3950 δαιμόνων
3515 3881 3706 3949 εἱστή-

2109 3983 2216 4028 κει,
2255 3965 2480 4034 μηδενὸς
2512 3965 2701 4038 ὥσπερ
2734 3967 2986 4035 ἀλγεινοῦ
3012 3971 3352 4041 πειρωμένη.

423 4057 672 4112 mutilata
705 4059 968 4130 linguam,
1000 4063 1386 4130 nihilominus,
1431 4065 1680 4121 dzemone
1743 4067 1836 4136 qui
1888 4066 2072 4120 virum
2113 4062 2390 4118 insidebat
2438 4072 2662 4132 agente,
2723 4079 2832 4118 non
2898 4065 3062 4120 aliter
3135 4066 3386 4120 substitit
3433 4083 3596 4136 quam
3650 4065 3700 4120 si

367 4213 376 4232 ³
421 4149 558 4205 nihil
583 4167 758 4222 ptume
793 4168 947 4221 passa
979 4152 1191 4210 fuisset.
1345 4223 1350 4226 _

499 4245 617 4296 t67.
671 4243 982 4297 Addueitur
1015 4261 1148 4315 ergo
1193 4263 1358 4302 senex
1389 4247 1460 4302 ad
1525 4247 1706 4304 virum
1747 4258 2025 4316 sanctum,

422 4337 717 4404 statimque
743 4335 810 4388 ab
839 4337 1209 4392 incolentibus
1230 4355 1356 4394 eum
1402 4341 1692 4395 daemoniis
1717 4359 1815 4411 per
1841 4350 2008 4412 caput

421 4427 798 4497 suslreuditur,
833 4430 1002 4483 veluti
1037 4447 1146 4485 non
1173 4431 1489 4487 ferentibus
1537 4434 1712 4488 sancti
1760 4450 2001 4504 conspe-

422 4529 741 4590 ctum:an
769 4521 890 4574 illus
945 4531 1371 4591 percunctante,
1411 4541 1512 4578 cur
1575 4525 1798 4580 tandem
1837 4525 1916 4580 ita
1952 4525 2007 4578 in

421 4628 608 4668 senem
666 4613 990 4668 debacchati
1053 4615 1323 4682 fuissent,
1395 4617 1474 4671 illi
1545 4633 1732 4673 amare
1809 4616 2006 4673 flentes

423 4705 681 4773 (dixisses
711 4706 816 4759 viri
857 4708 1154 4776 praesentia
1205 4709 1362 4779 quasi
1397 4725 1541 4764 srevo
1581 4709 1798 4780 flagello
1847 4725 2008 4766 exce-

423 4807 544 4867 ptos
575 4811 740 4862 esset,
772 4801 850 4853 Ad
874 4801 996 4860 hoc,
1037 4801 1316 4870 inquiunt,
1366 4803 1519 4857 missi
1572 4819 1784 4868 sumus,
1815 4811 1874 4856 ut
1919 4803 2004 4858 vel

421 4890 478 4942 in
501 4905 698 4960 aquam
753 4891 838 4945 vel
895 4890 950 4946 in
1003 4891 1184 4962 ignem
1239 4893 1419 4962 ipsum
1483 4895 2002 4964 prtecipitaremus:

423 4981 611 5036 talium
657 4983 804 5037 enim
845 4999 1028 5038 rerum
1062 4985 1152 5040 isti
1179 4983 1330 5056 (hem
1385 4986 1710 5056 insaniam!)
1763 4987 2004 5042 ministri

423 5073 601 5128 seduli
628 5083 684 5128 ct
731 5087 1090 5132 exsecutores
1125 5085 1274 5133 sunt.
1331 5077 1460 5132 Dies
1505 5077 1672 5149 igitur
1719 5089 1775 5133 et
1812 5088 2007 5133 noctes

423 5167 630 5236 pariter
659 5168 902 5237 quinque
947 5168 1306 5224 multifariam
1347 5169 1417 5223 ab
1462 5169 1550 5224 his
1583 5171 1780 5225 incolis
1825 5179 2006 5224 tortus

421 5259 602 5316 fuerat
622 5263 932 5332 acerbeque
961 5273 1230 5324 vexatus;
1282 5279 1410 5318 cum
1457 5265 1582 5319 illos
1625 5263 1865 5334 graviter
1911 5277 2005 5317 ca-

421 5353 650 5424 stigatos
673 5353 942 5410 facessere
965 5355 1116 5418 inde,
1139 5367 1196 5412 et
1219 5371 1504 5428 nunquam
1529 5357 1792 5426 deinceps
1817 5351 2044 5411 sedem'

423 5444 584 5500 istam
615 5456 862 5516 repetere
887 5449 1084 5519 jubet:
1115 5466 1218 5505 nec
1255 5459 1597 5520 praeceptum
1651 5457 1855 5504 eventu
1909 5465 2004 5504 ea-

421 5537 558 5593 ruit.
579 5539 722 5594 .lussi
759 5557 1021 5612 uanique,
1049 5543 1280 5597 multum
1303 5543 1676 5598 vociferantes
1697 5541 2012 5598 hominem-

422 5643 530 5699 que
558 5631 830 5699 jactantes
854 5647 884 5686 e
917 5632 1145 5704 vestigio
1175 5643 1543 5698 evanuerunt,
1573 5649 1682 5688 non
1739 5633 1857 5688 ausi
1921 5631 2008 5686 iu-

423 5729 706 5793 pusterum
741 5723 872 5778 illuc
897 5725 1102 5779 reverti
1130 5742 1143 5778 :
1177 5741 1344 5782 senex
1375 5733 1566 5780 autem
1611 5725 1860 5780 violento
1904 5723 2004 5780 illo

2188 4245 2324 4319 ρξζ¹⁸
2361 4248 2587 4314 Ἀγεται
2638 4243 2930 4316 τοιγαροῦν
2961 4247 3115 4318 παρὰ
3165 4246 3259 4300 τὶν
3292 4246 3434 4300 θεῖον
3481 4248 3706 4319 ἄνδραό

2115 4341 2365 4410 γηραιὸς,
2391 4339 2449 4400 ὃς
2477 4337 2614 4408 ὁμοῦ
2642 4355 2700 4390 τε
2730 4333 2870 4390 εἶδεν
2902 4338 3086 4398 αὑτὸν,
3125 4339 3216 4392 καὶ
3259 4338 3396 4408 ὁμοῦ
3429 4339 3531 4392 ὑπδ
3584 4341 3704 4392 τῶν

2110 4432 2464 4485 ἐνοικούντων
2521 4430 2670 4502 αὐτῷ
2701 4431 2975 4500 δαιμόνων
3011 4431 3152 4484 κατὰ
3183 4433 3428 4501 κεφαλῆς
3467 4433 3698 4503 ἤρτητο.

2111 4524 2363 4594 καθάπερ
2421 4523 2518 4576 οὐκ
2567 4523 2903 4591 ἐνεγκόντων
2974 4525 3074 4596 τὴν
3131 4523 3280 4578 θέαν.
3335 4524 3396 4576 '0
3459 4525 3556 4594 μὲν
3601 4524 3702 4578 οὖν

2110 4617 2265 4686 ἅγιος
2319 4615 2652 4670 ἐπυνθάνετο
2709 4617 2910 4680 αὐτῶν,
2973 4617 3026 4669 τί
3065 4617 3128 4688 δή
3165 4634 3294 4670 ποτε
3353 4617 3583 4670 τοιαῦτα
3617 4619 3702 4688 τῷ

2107 4711 2326 4781 γέροντι
2377 4709 2792 4778 παροινήσειαν.
2845 4709 2908 4760 0!
2939 4709 2997 4761 δὲ
3042 4709 3238 4780 πικρὸν
3275 4707 3586 4772 κλαίοντες,
3615 4703 3712 4763 οἷα.

2111 4801 2204 4854 καὶ
2234 4803 2300 4871 τῇ
2330 4801 2558 4870 μάστιγι
2593 4799 2692 4869 τῆς
2730 4799 2943 4852 ἐκείνου
2971 4799 3281 4870 παρουσίας
3339 4798 3529 4860 δεινῶς
3562 4801 3698 4852 ὲτα-

2109 4895 2348 4964 ζόμενοι,
2407 4895 2602 4964 Ἡμεῖς
2655 4894 2750 4946 ἐπὶ
2808 4891 2989 4954 τοῦτο,
3047 4894 3200 4962 φησι,
3259 4891 3646 4962 ὲπεστάλμεθα
3679 4933 3700 4958 ,

2109 4983 2250 5039 ὥστε
2309 4987 2402 5040 καὶ
2463 4983 2814 5048 καθ’·ὖδατος
2857 4981 3041 5053 βαλεῖν
3091 4981 3510 5054 αὑτὸνῆ-πυρός
3538 4999 3554 5014 ο
3587 4983 3702 5036 τῶν

2109 5077 2218 5144 γὰρ
2271 5077 2532 5130 τοιούτων
2589 5079 2788 5128 ἐκεῖνοι
2825 5073 2949 5144 (φεῦ
2999 5074 3100 5144 τῆς
3155 5075 3352 5144 μανίας
3383 5075 3422 5143 !)
3454 5075 3698 5128 διάκονοι

2111 5169 2390 5221 σπουδαῖοι
2421 5169 2514 5221 καὶ
2543 5165 2836 5238 ὑπηρέται.
2876 5166 3118 5236 Ἡμέρας
3152 5167 3250 5237 μὲν
3277 5163 3372 5220 οὖν
3401 5168 3566 5220 πέντε
3597 5169 3698 5221 καὶ

2110 5257 2311 5323 νύκτας
2367 5260 2514 5324 ἴσας,
2553 5260 2814 5322 ποικίλως
2887 5258 3317 5329 βασανιζόμενος
3367 5259 3460 5313 ὑπ’
3511 5259 3700 5312 αὐτῶν

2107 5347 2198 5422 ἦν,
2229 5352 2323 5405 καὶ
2375 5351 2600 5422 πάσχων
2655 5351 2842 5415 κακῶς
2868 5367 2882 5382 ·
2917 5347 3036 5406 εἶτα
3074 5351 3432 5422 σφοδρότερον
3463 5351 3646 5413 αὐτοῖς
3667 5353 3700 5404 ὁ

2107 5447 2202 5500 τοῦ
2233 5443 2368 5498 Θεοῦ
2385 5444 2636 5516 θεράπων
2660 5445 2991 5515 ἐπιτιμήσας
3021 5444 3254 5509 ἐξελθεῖν
3279 5461 3339 5496 τε
3363 5444 3456 5496 τοῦ
3479 5444 3696 5515 suam,

2110 5539 2206 5591 καὶ
2257 5537 2458 5608 μηκέτι
2507 5535 2669 5589 πάλιν
2723 5537 2803 5599 είς
2851 5536 3012 5590 αὺτὸν
3045 5535 3362 5589 ἐπανελθεῖν
3395 5533 3692 5588 ἐπιτάττει·

2111 5631 2206 5687 καὶ
2253 5629 2312 5684 τὸ
2356 5629 2684 5700 πρόσταγμα
2715 5629 2877 5698 ἔργον
2905 5623 2994 5700 ἦν.
3025 5627 3133 5682 Καὶ
3163 5629 3210 5682 οἱ
3239 5627 3338 5698 μὲν
3363 5627 3534 5680 πολλὰ
3563 5631 3698 5695 κρὰο

2113 5721 2301 5790 Εαντες
2349 5721 2446 5778 καὶ⁵
2485 5719 2888 5793 σπαράξαντες,
2943 5720 3146 5786 εὐθέως
3205 5719 3470 5792 ἀπῆλθον,
3505 5719 3692 5772 οὐκέτι
