4034 6186
249 297 383 367 3141

1266 296 1440 356 \‘ITA
1481 297 1526 354 A
1566 294 2006 354 NICEPIIOBO
2047 295 2530 357 CONSCRIPTA.

3388 299 3532 362 31-43

250 408 625 480 τολμήσαντες
656 401 814 470 αὖθις
847 407 925 473 είς
954 405 1116 460 αὑτὸν
1151 405 1492 475 ἀναστρέψαι
1525 422 1539 435 ·
1576 404 1604 456 ὁ
1633 403 1688 456 δὲ
1730 404 1824 456 τοῦ

1959 406 2156 461 urbinc
2196 423 2259 462 ac
2301 418 2628 476 tempestate
2660 407 2953 467 liberatus.
3002 407 3183 464 stabat
3213 408 3378 480 plane
3441 430 3530 466 re-

249 500 488 576 χαλεποῦ
515 499 788 563 κλύδωνος
815 500 1027 552 ἐκείνου
1050 500 1143 553 καὶ
1164 499 1263 565 τῆς
1296 498 1462 566 ζάλης
1481 497 1836 565 ἀπαλλαγεὶς,

253 591 613 661 καθεστηκὼς
669 593 915 661 εἱστήκει
968 593 1064 643 καὶ
1112 591 1346 659 νήφων,
1407 590 1689 656 ἀναλόγως
1741 589 1840 657 τῆς

253 686 386 759 πρὶν
417 682 811 754 ἀσχημοσύνης
849 683 943 735 καὶ
986 682 1254 750 ἀκοσμίας
1279 683 1344 750 τῇ
1379 681 1712 733 καταστάσει
1747 681 1839 733 καὶ
1871 700 1875 705 ι

252 778 546 845 σεμνότητι
580 776 877 845 χρώμενος.
917 774 994 842 Τῇ
1032 774 1214 842 μέντοι
1248 773 1378 840 ὄνῳ,
1411 773 1528 825 οὐδὲ
1555 772 1685 843 γὰρ,
1721 772 1842 824 οὐδὲ

248 869 408 920 τοῦτο
434 867 764 936 παραλιπεῖν
779 865 956 930 ἄξιον,
983 866 1110 934 χοῦς
1141 867 1206 918 ἐκ
1247 865 1340 917 τοῦ
1373 865 1595 935 Συμεὼν
1641 865 1840 931 ὀλίγος,

253 960 519 1028 Θεραπεία
550 955 650 1024 τῆς
680 954 927 1026 γλώττης
959 957 1159 1010 αὐτίκα
1187 957 1419 1022 γίνεται.

325 1045 464 1118 ρξηῆ
493 1045 650 1098 Μετὰ
681 1045 852 1097 ταῦτα
885 1044 1260 1115 προσάγονται
1288 1062 1432 1107 τινες
1469 1045 1660 1116 ἄνδρες
1691 1044 1844 1116 αὐτῷ

249 1138 365 1200 δύο,
400 1138 492 1190 τὸν
536 1137 722 1206 ἕτερον
764 1139 874 1189 τοῖν
903 1136 1084 1189 ποδοῖν
1114 1135 1375 1207 ἑκάτερος
1409 1139 1589 1191 αὐτῶν
1627 1139 1843 1210 ἰαθῆναι

250 1231 503 1300 δεόμενος
527 1247 539 1259 ο
569 1225 640 1299 ἦν
682 1227 792 1300 γὰρ
826 1230 1013 1297 ¹ἐτερος
1046 1230 1250 1298 ἀμφοῖν
1299 1229 1575 1299 σεσηπὼς,
1617 1235 1712 1283 καὶ
1755 1232 1846 1283 τέ-

251 1339 386 1391 χνης
425 1320 625 1390 ίατρῶν
653 1320 1020 1390 ἰσχυρότερος,
1054 1321 1269 1390 θατέρῳ
1293 1321 1350 1373 δὲ
1389 1324 1504 1374 τοῖν
1531 1323 1744 1391 ἀνδροῖν
1787 1321 1846 1373 τὸ

255 1410 429 1472 πάθος
459 1409 646 1478 σχεδον
693 1409 790 1461 καὶ
822 1408 1122 1478 σύντροφον
1149 1405 1238 1479 ἦν,
1269 1413 1706 1481 τεσσαρακοστὸν
1744 1414 1844 1465 αύ-

251 1505 345 1573 τδν
369 1501 644 1565 ,ἐκπιεζον
693 1501 835 1563 ἔτος.
892 1499 1054 1553 Ἀλλὰ
1081 1499 1160 1570 τῷ
1197 1501 1297 1570 μὲν
1328 1501 1461 1572 χοῦς
1492 1503 1592 1572 τῆς
1637 1503 1846 1556 ἐκείνου

254 1594 361 1664 γῆς
382 1595 607 1666 κραθεὶς
635 1592 810 1655 ὕδατι,
843 1592 920 1661 τῷ
945 1592 1002 1645 δὲ
1032 1593 1146 1662 ἁφὴ
1183 1592 1490 1664 σύμμικτος
1520 1596 1651 1664 εὐχῇ
1683 1595 1847 1665 θερα-

256 1687 389 1740 πεία
418 1686 656 1756 κατέστη
678 1702 690 1716 ο
721 1684 816 1737 καὶ
849 1682 942 1735 τὸν
977 1685 1179 1738 οίκεῖον
1212 1686 1471 1756 ἑκάτερος
1493 1685 1632 1739 πόδα
1653 1687 1848 1757 νεαρὸν

1942 497 2171 552 stitutus
2196 499 2298 551 sibi
2332 500 2644 568 mentisque
2670 514 2917 567 compos.
2953 509 3006 552 et
3045 510 3198 554 tanto
3249 502 3533 573 ferebatur

1941 598 2266 644 mansuetus
2308 591 2769 659 verecundusque
2802 632 2815 653 ,
2853 606 3018 660 quam
3078 601 3203 646 ante
3253 594 3531 650 violentus

1943 675 2446 750 atqueimpudens.
2469 682 2614 747 Quid
2669 692 2852 736 autem
2906 683 3104 736 asina?
3147 700 3325 753 neque
3376 688 3524 739 enim

1935 773 2062 841 ipsa
2087 775 2250 843 digna
2303 786 2388 828 est
2448 775 2745 843 prmteriri.
2813 775 3116 828 Pauxil‘lum
3165 778 3433 844 pulveris,
3498 796 3524 831 a

1945 874 2138 918 sancto
2158 874 2478 934 acceptum,
2509 865 2802 919 sanitatem
2851 864 3052 936 lingum
3075 868 3196 937 ejus
3230 868 3531 922 confestim

1944 957 2147 1012 attulit.
2585 953 2604 969 ⁸

2018 1049 2141 1103 168.
2167 1050 2296 1103 Post
2326 1049 2444 1104 haec
2482 1048 2796 1104 all‘eruntur
2835 1050 2936 1103 vi-ri
2969 1051 3214 1120 quipiam
3249 1052 3537 1115 duo,uter-

1945 1157 2055 1210 que
2086 1142 2211 1210 pedi
2249 1157 2352 1195 suo
2376 1143 2550 1195 altero
2575 1142 2774 1196 all‘ecto
2830 1143 3142 1197 remedium
3196 1154 3533 1212 poscentes:

1947 1233 2114 1287 unius
2143 1249 2377 1304 namque
2405 1235 2516 1303 jam
2559 1234 2921 1302 putrefactus,
2985 1244 3164 1288 artem
3230 1239 3538 1305 respuebat

1940 1326 2331 1392 medicorum;
2395 1329 2567 1381 alium
2619 1328 2855 1382 acerbus
2879 1327 3059 1391 dolor,
3121 1329 3238 1382 fere
3300 1328 3368 1382 ab
3420 1329 3540 1398 ipso

1943 1429 2072 1474 ortu
2145 1420 2523 1484 continuatus,
2592 1419 2956 1490 quadraginta
3017 1421 3131 1488 jam
3201 1437 3376 1475 annos
3437 1437 3537 1475 ex-

1941 1508 2258 1563 cruciabat.
2301 1508 2522 1561 Illorum
2549 1509 2708 1562 alteri
2747 1509 3112 1563 nihilominus
3138 1512 3324 1578 pulvis
3375 1521 3539 1568 terra:

1951 1598 2120 1661 illius,
2168 1613 2309 1666 aqua
2363 1597 2660 1662 subactus;
2695 1599 2854 1652 alteri
2924 1608 3235 1663 contactus,
3284 1602 3539 1657 oratione

1952 1688 2197 1754 adjutus,
2245 1688 2530 1743 salutifera
2573 1688 2850 1742 medicina
2907 1690 3155 1744 exstitit:
3213 1699 3270 1744 et
3313 1691 3538 1745 domum

255 1778 447 1848 ὥσπερ
479 1776 788 1844 ἀπολαϐὼν,
820 1779 918 1849 οὐχ
944 1779 1020 1842 ὼς
1048 1777 1238 1850 πρώην
1266 1776 1595 1848 οἰμώζοντες
1629 1778 1723 1832 καὶ
1749 1795 1843 1846 φε-

1955 1795 2100 1836 suam
2127 1790 2360 1850 uterque
2388 1779 2702 1849 rediit,jam
2726 1796 2836 1833 non
2865 1780 3088 1848 portati,
3115 1793 3400 1850 gementes
3422 1784 3540 1850 plo-

257 1870 499 1943 ρόμενοι,
540 1867 674 1922 ἀλλὰ
716 1868 1048 1940 σκιρτῶντες
1099 1869 1191 1921 καὶ
1221 1868 1506 1938 χαίροντες
1548 1869 1843 1937 ἐπανῆκον.

259 1963 492 2016 Ἐπειτα
524 1959 712 2030 τυφλῷ
742 1977 848 2014 τινι
880 1958 1316 2031 προσενεχθέντι,
1359 1957 1589 2028 γλυκεῖά
1616 1975 1698 2022 τις
1725 1959 1849 2028 ὄψις

256 2055 455 2122 δᾶγιος
480 2054 710 2123 γίνεται.
729 2053 884 2106 Κατά
902 2055 1011 2122 γὰρ
1040 2051 1138 2122 τὴν
1162 2049 1387 2123 πρώτην
1412 2051 1604 2114 νύκτα,
1635 2051 1759 2105 καθ’
1782 2053 1848 2123 ἣν

258 2165 399 2218 προσ
417 2145 517 2220 [εν]
535 2149 750 2217 ήνεκτο,
771 2145 946 2200 ἐδόκει
973 2145 1190 2198 νεανίαν
1216 2147 1244 2198 ὁ
1266 2144 1464 2214 τυφλὸς
1489 2145 1642 2216 ὁρᾷ-ι,
1668 2145 1847 2215 τρίχι-

258 2255 350 2293 νον
404 2239 607 2308 ἔνδυμα
654 2235 1060 2307 περικείμενον,
1103 2236 1202 2304 τὴν
1245 2235 1367 2305 ϐψιν
1415 2236 1688 2306 λαμπρὸν,
1720 2239 1848 2298 τοὺς

260 2331 428 2394 πόδας
477 2331 704 2399 γυμνὸν,
748 2329 982 2400 φέροντα
1030 2327 1221 2397 ῥάϐδον
1257 2330 1321 2398 τῇ
1364 2327 1550 2398 δεξιᾷ,
1590 2327 1746 2397 βαϊνη
1790 2327 1847 2380 δὲ

260 2417 422 2490 αὕτη,
449 2420 543 2481 Δὸς
567 2419 744 2484 δόξαν,
773 2418 1023 2485 λέγοντα,
1045 2415 1122 2485 τῷ
1145 2415 1284 2486 Θεῷ.
1315 2416 1382 2469 Ἠ
1405 2417 1505 2486 μὲν
1528 2412 1622 2470 οὖν
1640 2433 1847 2484 φαντα-

262 2513 353 2565 σία
380 2511 524 2564 οὕτω
547 2511 643 2582 τὴν
670 2510 929 2581 ἀλήθειαν
957 2511 1230 2580 ἐμιμεῖτο,
1261 2509 1337 2573 ὡς
1365 2510 1460 2562 καὶ
1481 2509 1848 2563 διυπνισθέντι

261 2608 341 2678 τῷ
362 2606 547 2678 τυφλῷ
583 2608 759 2660 δοκεῖν
781 2605 1002 2676 ἔχεσθαι
1023 2605 1124 2674 τῆς
1142 2605 1236 2656 τοῦ
1265 2601 1522 2671 φανέντος
1545 2600 1621 2653 ἔτι
1645 2598 1848 2670 χειρὸς,

264 2698 438 2764 φιλεῖν
471 2716 531 2752 τε
576 2699 743 2768 αὐτὴν
790 2697 1059 2768 ἐμφύντα,
1107 2697 1199 2750 καὶ
1250 2694 1387 2765 μηδὲ
1427 2690 1848 2757 ἀποσπασθῆναι

262 2789 465 2860 ταύτης
508 2789 573 2843 τὰ
617 2791 770 2860 χείλη
821 2789 1136 2859 βούλεσθαι·
1176 2786 1474 2856 ὑπεδήλουν
1502 2784 1612 2852 γάρ
1655 2799 1709 2834 τι
1754 2781 1851 2834 καὶ

262 2880 501 2934 τοιοῦτον
539 2881 587 2932 oi
613 2880 794 2934 ὕπνοι.
831 2880 920 2942 Ὠς
948 2879 1005 2932 δὲ
1033 2878 1168 2948 πρὸς
1204 2879 1296 2930 τὸν
1353 2875 1507 2942 ἅγιον
1533 2873 1632 2942 τῆς
1661 2870 1848 2924 ὲπιού-

266 2987 365 3039 σης
394 2973 519 3040 περὶ
548 2971 772 3040 πρώτην
812 2970 888 3022 ἒω
914 2969 1165 3038 εἰσήχθη,
1196 2965 1598 3036 σφραγίσαντος
1639 2961 1848 3015 ἐκείνου

263 3065 390 3126 τοὺς
418 3062 728 3132 ὀφθαλμοὺς
771 3062 962 3128 αὐτοῦ,
997 3059 1194 3131 βλέψας
1233 3059 1351 3130 (τῆς
1395 3056 1709 3128 ἀπορρήτου
1752 3070 1849 3105 σου

265 3123 474 3227 Χριστέ
504 3123 846 3225 καὶ-βασιλεῦ
882 3123 1250 3227 χρηστότητος
1270 3123 1321 3222 ll
1362 3123 1521 3214 εὐθὺς
1547 3123 1610 3202 *ὁ*
1629 3146 1848 3216 τυφλὸς,
1877 3123 1922 3186 C

266 3248 357 3300 τόν
387 3265 448 3299 τε
477 3247 620 3300 θεῖον
659 3248 780 3300 ἰδὼν
811 3245 1057 3317 Συμεὼν,
1088 3248 1182 3300 καὶ⁹
1210 3245 1346 3316 πρὸς
1370 3245 1468 3315 τὴν
1496 3242 1708 3295 ἐκείνου
1736 3239 1856 3309 ὄψιν

267 3339 560 3402 ὲκκαυθεὶς
611 3341 708 3410 τὴν
747 3340 992 3409 καρδίαν,
1027 3339 1190 3393 αὐτὸν
1242 3338 1430 3404 ἔλεγεν
1471 3330 1610 3388 εἶναι
1658 3335 1749 3387 τὸν
1798 3334 1856 3384 ὲν

267 3433 462 3503 ὀνείρῳ
489 3433 748 3500 φανέντα,
783 3437 876 3485 καὶ
907 3433 1006 3501 τῆς
1041 3431 1224 3503 χειρὸς
1254 3431 1437 3499 ἐζήτει
1468 3427 1754 3490 λαϐέσθαι,
1789 3421 1858 3497 ἧς

267 3522 418 3593 αὐτῷ
467 3524 659 3586 νυκτὸς
706 3522 826 3592 aet;
865 3521 1247 3593 ἐμφορηθῆναι
1280 3519 1525 3589 παρέσχε
1554 3535 1569 3548 ο
1621 3517 1716 3568 καὶ
1761 3515 1854 3567 τὸν

267 3615 477 3686 ὄνειρον
523 3615 718 3684 ἡδονῆς
766 3614 908 3676 ὅλοις
959 3613 1187 3683 χείλεσι,
1227 3613 1348 3673 ταῖς
1397 3608 1506 3662 τῶν
1563 3605 1852 3676 παρόντων

268 3709 460 3771 ἀκοαῖς
489 3707 738 3783 ἐπεξῄει.

1949 1879 2274 1941 rantesque,
2308 1880 2370 1926 ut
2405 1872 2593 1941 prius;
2623 1871 2716 1925 sed
2755 1871 3063 1940 gaudentes
3095 1881 3151 1926 et
3172 1874 3537 1937 exsultantes,

1949 1974 2174 2033 recepto
2203 1978 2306 2017 usu
2341 1962 2503 2032 pedis
2532 1962 2750 2032 qualem
2781 1963 3019 2032 juvenes
3057 1963 3391 2018 habuerant.
3411 1965 3542 2019 Per-

1950 2055 2161 2109 sanatis
2191 2054 2282 2120 iis,
2332 2055 2572 2125 Symeon
2602 2054 2768 2109 allato
2797 2054 3017 2108 cuidam
3046 2070 3192 2110 caeco
3219 2056 3533 2126 jucundum

1950 2161 2052 2216 per
2075 2161 2133 2201 se
2163 2146 2546 2216 spectaculum
2572 2147 2698 2200 fuit.
2735 2146 2952 2200 Etenim
2982 2147 3159 2216 prima
3181 2147 3251 2201 ab
3295 2149 3538 2203 adventu

1949 2248 2113 2293 nocte
2143 2239 2296 2294 visus
2327 2239 2431 2292 sibi
2464 2248 2549 2293 est
2569 2237 3057 2307 viderejuvenem,
3090 2239 3313 2292 eiliciuo
3336 2239 3541 2294 amictu

1949 2328 2376 2394 circumdatum,
2422 2329 2578 2382 vultu
2609 2328 2957 2397 splendidum
2983 2373 2996 2392 ,
3044 2329 3251 2383 nudum
3282 2331 3538 2400 pedibus,

1949 2419 2220 2475 ferentem
2295 2420 2520 2474 dextera
2585 2419 2794 2490 virgam
2846 2421 3134 2490 (palmeam
3189 2422 3338 2496 illam
3389 2426 3543 2493 puta)

1950 2514 2382 2586 dicentemque:
2420 2517 2496 2570 Da
2544 2515 2773 2585 gloriam
2823 2515 2960 2569 Deo.
3007 2516 3134 2570 Ha-c
3181 2528 3545 2586 reprtesenta-

1953 2605 2031 2660 tio
2087 2614 2194 2660 tam
2245 2605 2491 2674 perfecte
2535 2605 2861 2659 imitabatur
2896 2587 3210 2671 ueritatem,
3263 2615 3323 2660 ut
3369 2609 3545 2678 evigi-

1950 2696 2072 2751 lans
2094 2711 2273 2751 camus
2297 2695 2683 2761 arbitraretur,
2709 2681 3012 2750 etiamnum
3043 2712 3100 2750 se
3125 2713 3348 2750 manum
3375 2698 3542 2762 illius,

1953 2787 2049 2857 qui
2099 2795 2455 2856 apparuerat,
2491 2796 2706 2842 tentare
2765 2787 3028 2852 osculari,
3073 2804 3174 2842 nec
3220 2787 3365 2842 labia
3420 2789 3548 2843 inde

1954 2879 2116 2933 avelli
2150 2879 2474 2948 permittere
2497 2897 2511 2932 :
2531 2879 2738 2948 aliquid
2765 2880 2914 2933 enim
2938 2879 3247 2934 istiusmodi
3277 2889 3549 2932 monstra--

1955 2980 2073 3026 tum
2116 2971 2300 3026 fuerat
2343 2972 2398 3025 in
2440 2971 2671 3025 somnis.
2711 2969 2847 3025 Cum
2885 2985 3016 3024 vero
3046 2979 3262 3040 postera
3296 2970 3384 3024 die
3440 2969 3546 3024 sub

1954 3061 2260 3116 diluculum
2314 3061 2588 3114 adductus
2633 3066 2718 3114 est
2753 3058 2819 3112 ad
2863 3066 3136 3122 sanctum,
3178 3058 3444 3126 impresso
3479 3057 3548 3110 ab

1957 3152 2156 3207 eodem
2204 3151 2382 3206 oculis
2432 3152 2618 3206 crucis
2663 3151 2840 3221 signo,
2891 3149 3030 3202 vidit
3061 3149 3326 3202 continuo
3368 3163 3548 3202 aecus

1957 3248 2013 3313 (ο
2074 3242 2413 3297 ineffabilem
2479 3241 2684 3296 Christi
2760 3240 3141 3305 bonitatem!)
3201 3239 3547 3308 intuitusque

1956 3345 2206 3390 sanctum
2241 3323 2406 3404 atque
2438 3333 2557 3404 ipso
2589 3334 2791 3387 intuitu
2823 3348 3127 3387 succensus
3161 3340 3216 3385 et
3244 3330 3550 3385 inflamma-

1959 3439 2092 3493 tus,
2141 3428 2295 3482 illum
2341 3428 2595 3482 eumdem
2648 3442 2769 3482 esse
2833 3426 3178 3480 exclamavit.
3231 3440 3393 3493 quem
3455 3439 3549 3492 per

1957 3521 2200 3591 quietem
2265 3527 2658 3588 conspexerat,
2697 3520 2854 3586 cujus
2899 3532 3122 3570 manum
3156 3516 3394 3569 retinere
3425 3523 3545 3568 teu-

1962 3619 2194 3674 taverat,
2221 3618 2280 3663 et
2318 3608 2556 3664 osculari
2589 3617 2846 3676 potuerat
2885 3607 2950 3681 ad
2981 3608 3288 3660 satietatem
3327 3625 3338 3659 :
3370 3620 3548 3673 neque

1960 3701 2214 3755 cessabat
2245 3700 2524 3755 somnium
2555 3707 2661 3753 tam
2689 3696 2995 3769 jucundum
3027 3697 3204 3766 plenis
3251 3695 3442 3750 buccis
3490 3695 3543 3748 iu
3611 3764 3618 3769 μ

1959 3807 2125 3847 aures
2175 3791 2530 3862 praesentium
2573 3790 2896 3844 immittere.

1696 3922 1924 3979 CAPUT
1963 3923 2130 3978 XXII.

266 4054 525 4125 Iniuriosi
568 4053 622 4106 in
663 4057 908 4105 sanctum
937 4048 1153 4118 ejusque
1191 4047 1476 4117 imaginem
1523 4042 1782 4126 miraculo
1803 4051 1867 4166 ἔτ
1899 4043 2393 4125 Ῐιιάίεἱσρνιεάὶεεο
2435 4043 2609 4112 puniti
2640 4059 2658 4096 :
2695 4041 3048 4113 indulgentia,
3087 4039 3412 4093 misericordi
3460 4055 3547 4091 rm

1628 4124 1798 4166 tamen
1840 4131 1895 4166 αι
1938 4123 2201 4166 praesuta.

1626 4123 1895 4191 facienda;
1938 4123 2201 4181 praescita.

344 4262 472 4336 ρξθ’.
515 4262 606 4316 Ἑν
649 4258 826 4330 τούτῳ
869 4258 927 4312 δέ
977 4273 1122 4320 τινες
1168 4254 1360 4325 ἄνδρες
1406 4251 1508 4322 τῆς
1554 4250 1852 4321 Ἀντιόχου,

2036 4249 2156 4304 I69.
2184 4249 2397 4303 Interea
2425 4247 2528 4300 viri
2558 4246 2780 4316 quidam
2805 4245 3134 4301 Antiocheui
3163 4261 3230 4299 eo
3249 4245 3548 4314 impietatis

268 4358 512 4428 χαλεπὴν
570 4352 854 4414 νοσοῦντες
909 4349 1186 4414 ἀσέϐειαν,
1228 4347 1304 4410 ὡς
1361 4347 1497 4416 μήτε
1549 4361 1603 4397 τι
1653 4343 1851 4412 σαρκὸς

1962 4340 2331 4404 devenerunt,
2367 4348 2425 4392 ut
2455 4347 2808 4408 peccatorum
2851 4337 3037 4392 carnis
3083 4338 3350 4392 rationem
3386 4339 3549 4409 inju-

267 4447 577 4516 ἁμάρτημα
632 4446 690 4497 ὲν
738 4441 972 4511 εὐθύνης
1023 4438 1270 4492 τίθεσθαι
1326 4436 1492 4506 λόγῳ,
1550 4436 1688 4505 μήτε
1743 4432 1854 4487 τῶν

269 4535 630 4608 ἀνθρωπίνων
663 4532 932 4602 σωμάτων
956 4530 1254 4583 ἀνάστασιν
1281 4525 1636 4598 προσδοκᾷνῆ
1665 4523 1855 4589 ἐξέτα-

269 4645 378 4694 σιν,
417 4627 510 4680 καὶ
536 4626 644 4680 τῶν
684 4625 810 4696 τῇδε
846 4622 1193 4693 βεϐιωμένων
1219 4619 1486 4674 ἀντίδοσιν
1509 4634 1524 4648 ·
1566 4617 1702 4671 ἀλλὰ
1726 4616 1856 4679 τοὺς

271 4726 374 4793 μὲν
400 4722 465 4791 τῇ
501 4720 611 4773 τῶν
649 4717 895 4786 ἀστέρων
931 4715 1074 4785 φορᾷ
1108 4713 1294 4784 νέμειν
1331 4711 1394 4765 τὸ
1435 4713 1577 4776 πᾶν,
1609 4711 1703 4764 καὶ
1739 4711 1855 4773 τοῖς

268 4813 496 4866 ἐκείνων
545 4810 789 4882 σχήμασι
831 4807 928 4862 καὶ
965 4807 1230 4876 κινήμασι
1267 4805 1408 4858 κατά
1446 4803 1552 4873 τῆς
1598 4800 1855 4871 προνοίας

269 4905 515 4975 ἀνοήτως
539 4901 913 4973 παραχωρεῖν,
947 4897 1074 4961 τοὺς
1099 4896 1158 4949 δὲ
1181 4895 1354 4968 τύχην
1383 4893 1736 4964 δογματίζειν
1759 4893 1854 4944 καὶ

268 4995 330 5050 τὸ
407 4993 746 5064 αὐτόματον·
799 4989 929 5056 τοὺς
971 4989 1028 5043 δὲ
1083 4985 1504 5058 μετεμψύχωσίν
1546 5001 1670 5038 τινα
1720 4999 1856 5050 πρε-

271 5087 487 5141 σϐεύειν
517 5086 612 5138 καὶ
638 5083 1003 5155 εἱμαρμένην.
1034 5073 1194 5136 Οὗτοι
1229 5077 1359 5148 γοῦν
1400 5077 1552 5148 παρὰ
1584 5077 1677 5128 τὸν
1711 5075 1855 5128 θεῖον

267 5178 499 5248 Συμεὼν
535 5177 798 5242 ἀνιόντες,
830 5174 1063 5240 διαλέξει
1094 5172 1234 5239 πρὸς
1264 5170 1426 5224 αὐτὸν
1467 5167 1732 5239 ἐχρῶντο,
1758 5170 1855 5220 καὶ

268 5270 625 5341 ἀποδεικτικῇ
651 5270 833 5339 σοφίᾳ,
860 5262 896 5343 ᾖ
923 5268 1016 5320 καὶ
1043 5264 1244 5336 μᾶλλον
1273 5261 1553 5332 ἐφρόνουν,
1578 5259 1674 5313 καὶ
1696 5259 1856 5311 πιθα-

268 5363 388 5427 ναῖς
432 5361 790 5416 ἀντιθέοεσιν.
829 5359 969 5415 Ἀλλ’
1000 5354 1069 5431 ἦν
1112 5357 1322 5412 ἐκείνου
1364 5353 1465 5425 μὲν
1497 5353 1593 5406 καὶ
1623 5351 1744 5405 θεία
1771 5368 1856 5414 τις

268 5452 648 5526 ιπικαθημένη
678 5453 850 5509 πειθὼ
878 5455 991 5516 τοῖς
1016 5449 1273 5526 χᾴλεσιν,
1302 5442 1337 5524 ᾖ
1379 5444 1490 5500 τῶν
1521 5441 1856 5514 λογολεσχῶν

268 5547 497 5610 τούτων,
537 5545 633 5599 καὶ
664 5543 932 5618 περιττῶν
955 5541 1054 5616 τὴν
1099 5538 1298 5614 μανίαν
1337 5535 1598 5610 μᾶλλονῆ
1637 5533 1732 5606 τὴν
1767 5550 1854 5588 σου

270 5635 426 5711 ρίαν,
476 5634 650 5700 οὐδεὶς
697 5635 931 5703 ήδύνατο
985 5631 1312 5700 ἀντιλέγειν.
1349 5629 1423 5681 Τὸ
1461 5627 1518 5681 δὲ
1565 5625 1727 5680 πλέον
1759 5625 1858 5694 τῆς

268 5730 394 5788 κατ’
424 5728 605 5785 αὐτῶν
637 5728 838 5801 ἰσχύος,
877 5728 969 5782 καὶ
1004 5728 1037 5799 ή
1069 5726 1180 5781 τῶν
1227 5723 1472 5797 σημείων
1515 5721 1788 5791 ἐνέργεια,
1819 5721 1848 5774 δ

1963 4433 2112 4488 dicio
2134 4448 2244 4487 non
2293 4429 2709 4501 reposcendam,
2734 4432 3103 4494 sustinerent;
3129 4446 3229 4485 nec
3251 4446 3544 4500 corporum

1962 4534 2279 4580 nostrorum
2327 4523 2812 4580 resurrectionem.
2845 4533 2939 4577 aut
2970 4531 3248 4591 gestorum
3290 4539 3543 4589 examen,

1961 4632 2266 4686 eorumque
2302 4615 2724 4671 retributionem
2749 4615 2910 4668 ullam
2939 4623 3357 4683 exspectarent;
3381 4615 3545 4667 dicti-

1963 4716 2146 4763 tantes
2177 4707 2273 4762 alii
2299 4707 2546 4778 quidem,
2582 4715 2856 4761 astrorum
2891 4721 3054 4759 cursu
3101 4703 3394 4774 gubernari
3426 4720 3546 4757 om-

1963 4802 2076 4866 nia,
2111 4816 2418 4872 eorumque
2473 4799 2664 4868 ﬁguris
2709 4814 2772 4853 ac
2827 4798 3067 4852 motibus
3118 4805 3309 4851 contra
3365 4796 3547 4864 provi-
3611 4825 3617 4830 -

1963 4894 2204 4949 dentiam
2240 4894 2436 4948 insano
2473 4891 2639 4946 modo
2681 4904 2905 4959 parere;
2957 4889 3046 4942 alii
3079 4903 3231 4952 vero,
3269 4887 3545 4941 fortunam

1961 4996 2128 5055 atque
2163 4999 2352 5039 casum
2381 4983 2724 5044 decernere;
2759 4980 2850 5032 alii
2902 4978 3161 5047 denique,
3195 4978 3549 5046 transmigra-

1961 5076 2170 5132 tionem
2223 5074 2534 5128 animarum
2569 5071 2854 5138 fatumque
2899 5069 3103 5139 primas
3150 5067 3422 5122 obtinere.
3454 5067 3545 5120 Isti

1963 5169 2292 5241 Symeonem
2319 5165 2562 5236 aggressi
2582 5162 2939 5231 disputando,
2963 5159 3410 5223 demonstrativa,
3442 5177 3548 5229 qua

1963 5259 2319 5330 praestabant.
2351 5265 2473 5312 arte
2511 5263 2568 5310 et
2604 5253 3070 5323 persuasibiiibus
3095 5252 3552 5308 contentionibus

1963 5349 2287 5404 utebantur.
2325 5347 2526 5402 Verum
2576 5342 2853 5398 insidebat
2879 5343 3056 5397 sancti
3093 5341 3254 5395 labiis
3292 5341 3375 5394 vis
3402 5354 3525 5409 quae

1964 5441 2090 5496 dam
2139 5437 2512 5510 persuadendi
2573 5435 2781 5498 divina,
2827 5435 2918 5489 cui
2969 5435 3282 5504 loquacium
3322 5434 3551 5489 istorum

1964 5541 2023 5587 et
2082 5530 2306 5587 infamia
2359 5532 2543 5601 potius
2596 5542 2759 5599 quam
2818 5527 3092 5595 sapientia
3146 5527 3551 5583 abundantiam

1963 5623 2152 5679 nullus
2197 5632 2412 5694 poterat
2445 5621 2851 5676 contradicere.
2890 5620 3107 5688 Quanto
3153 5631 3336 5678 autem
3381 5619 3558 5690 major

1964 5717 2225 5785 potentiae
2273 5732 2336 5772 ac
2401 5715 2682 5786 signorum
2757 5723 2950 5768 contra
3001 5713 3124 5768 illos
3172 5715 3357 5770 virtus
3403 5721 3559 5779 erat,
