4034 6186
364 213 499 276 3145

1364 225 1535 286 νιΤΑ
1579 234 1623 286 Α
1664 228 2101 294 NICEPHORO
2135 234 2617 300 CONSCRIPTA.

3465 248 3600 312 31:16

361 323 456 391 τὴν
484 324 558 377 ἕω
579 325 666 378 διὰ
688 321 781 380 τοῦ
812 328 1116 400 πνεύματος
1146 331 1402 400 δίδοσθαι,
1426 340 1519 391 ναὶ
1548 340 1710 393 αὐτὸν
1737 344 1794 394 ἐν
1816 348 1887 395 τα

1986 345 2344 407 iOrientales
2386 368 2417 406 a
2473 353 2668 423 spiritu
2727 355 3092 422 tribuebatur,
3143 358 3351 427 plateas
3407 362 3601 418 Antio--

359 412 638 478 πλατείαις
669 419 937 487 περιιέναι
970 420 1070 489 τῆς
1109 423 1400 494 Ἀντιόχου,
1431 427 1522 480 τόν
1549 446 1605 481 τε
1652 429 1924 504 Ἰορδάνην

354 507 600 576 ποταμὸν
652 509 800 579 αὐτῷ
840 511 1087 591 ἔπεσθαι,
1124 517 1219 568 καὶ
1250 518 1338 571 τὸν
1365 520 1421 571 ἐν
1470 521 1631 591 Ἐδέμ
1661 523 1920 594 παράδει-

353 612 446 648 σον
474 598 664 669 ὥσπερ
710 590 1236 658 ἀποκαλύπτεσθαι·
1267 609 1358 660 καὶ
1401 609 1476 673 ὡς
1530 607 1767 683 πονηρὸν
1827 617 1922 686 θη-

352 688 467 757 ρίον
527 690 585 743 ἔν
621 709 728 744 τινι
783 694 1033 764 σπηλαίῳ
1063 698 1436 768 κρυπτόμενον
1464 703 1674 757 ἐκεῖθεν
1704 706 1917 776 ἐξενεχ-

350 779 441 832 θὲν
466 780 551 833 διὰ
588 781 758 851 μέσης
783 783 970 850 ἄγοιτο
1000 787 1098 856 τῆς
1137 788 1344 852 πόλεως
1377 791 1731 864 ὑϐριζόμενον
1771 814 1784 827 ·
1820 799 1913 850 καὶ

345 869 422 931 ὡς
487 871 696 935 πολλοῖς
752 873 860 926 τῶν
909 875 1210 946 ἀνθρώπων
1263 879 1594 936 διαταθεῖσιν
1651 888 1678 937 ό
1737 885 1918 965 άρχων

347 960 553 1025 ἐκεῖνος
598 963 812 1034 ἐπιθείη
872 966 1084 1037 πληγὰς
1138 971 1197 1022 ού
1251 972 1438 1043 πόρρω
1479 960 1916 1044 θανάτουξῶστε

348 1051 526 1120 σάρκα
551 1055 731 1107 πᾶσαν
751 1057 1008 1120 ἐπιεικῶς
1033 1061 1398 1131 καταπτῆξαν
1424 1066 1516 1118 καὶ
1537 1065 1611 1130 ὼς
1636 1067 1742 1119 τῶν
1769 1069 1917 1140 αὐτῷ

345 1143 636 1211 γνωρίμων
674 1164 756 1208 τις
811 1148 889 1217 τῷ
933 1151 1153 1220 ἄρχοντι
1199 1154 1486 1224 παρεστὼς
1529 1160 1609 1222 είς
1648 1159 1913 1227 ἐξέτασιν,

345 1234 562 1304 ἀπαθὴς
592 1239 777 1291 κακῶν
806 1241 897 1294 ὑπ’
936 1243 1101 1296 αὐτοῦ
1133 1244 1380 1316 ἀφεθείη.

423 1499 554 1562 ρογν.
589 1495 772 1549 Ταῦτα
804 1499 833 1551 ό
856 1499 957 1568 μὲν
991 1499 1134 1565 ἰδὼν,
1157 1503 1268 1567 τοῖς
1289 1505 1561 1577 μαθηταῖς
1585 1509 1909 1581 ἐξηγήσατο·

340 1583 468 1652 ἑξῆς
495 1586 551 1637 δὲ
587 1589 682 1640 καὶ
706 1589 733 1640 ὅ
773 1590 824 1640 τί
883 1609 1013 1644 ποτε
1042 1593 1108 1645 τὰ
1166 1593 1397 1662 ὀφθέντα
1437 1599 1684 1668 βούλεται
1726 1605 1912 1671 σαφῶς

339 1673 583 1746 ἐπεξῄει,
617 1677 692 1740 ὡς
722 1679 829 1748 ἄρα
868 1681 1095 1752 φοϐερὸς
1137 1685 1414 1740 ἐλεύσεται
1449 1689 1651 1760 ἄρχων,
1689 1696 1782 1746 καὶ
1813 1696 1911 1759 τὰς

343 1762 600 1826 ἀσεϐείας
622 1765 802 1818 αὐτῶν
832 1767 1062 1836 ἐλέγξει,
1093 1771 1201 1824 τῶν
1230 1773 1286 1826 δέ
1318 1776 1412 1829 καὶ
1444 1777 1671 1832 θανάτου
1706 1783 1905 1852 τρόπον

345 1855 696 1910 καταδικάσει
736 1858 1059 1930 βαρύτατον.
1097 1865 1266 1920 Τοῦτο
1311 1870 1421 1940 γὰρ
1457 1871 1721 1942 ἑπόμενος
1763 1876 1903 1930 ὐπο-

340 1946 516 2012 φαίνει
543 1949 571 2000 ὁ
609 1948 899 2022 Ἰορδάνης,
929 1954 1010 2007 ὅτι
1033 1958 1213 2011 πᾶσαν
1239 1961 1417 2013 αὐτῶν
1457 1965 1751 2020 καταδύσει
1780 1969 1900 2022 θεο-

342 2037 560 2105 μαχίαν,
592 2038 780 2112 ὥσπερ
809 2044 838 2095 ό
868 2045 1379 2119 ἀνακαλυπτόμενος
1425 2057 1755 2125 παράδεισος
1799 2063 1900 2114 πάι

333 2121 437 2189 λιν,
476 2128 572 2189 τὰς
601 2131 814 2197 ἀγαθὰς
863 2134 971 2186 τῶν
1007 2136 1234 2190 δικαίων
1282 2121 1632 2197 ὑποδείκνυσι
1675 2151 1898 2221 παρῤηει

337 2220 726 2290 σιασθήσεσθαι
781 2225 1026 2294 πράξεις.
1084 2229 1156 2280 Τὸ
1249 2231 1430 2300 μέντοι
1503 2239 1899 2308 περιαγόμενον

331 2307 541 2377 θηρίον,
567 2314 600 2378 ἡ
634 2311 724 2365 τοῦ
768 2313 1012 2369 διαϐόλου
1043 2319 1110 2371 ἂν
1140 2319 1228 2389 εἴη
1251 2322 1446 2392 πλάνη,
1474 2325 1539 2396 ἢν
1568 2329 1618 2380 ot
1677 2307 1897 2395 μάταιοι

329 2401 423 2452 ἐπὶ
455 2405 566 2464 τοῖς
600 2405 832 2470 εἰδώλοις
854 2409 1248 2480 πεπλάνηνται,
1280 2415 1313 2486 ἢ
1354 2423 1446 2470 καὶ
1474 2419 1897 2488 δημοσιευθεῖσα

327 2493 627 2560 οἰχήσεται,
662 2496 996 2554 λανθάνουσα
1030 2502 1098 2554 τὰ
1141 2505 1312 2558 πολλὰ
1341 2509 1476 2572 τέως
1520 2513 1615 2564 καὶ
1650 2531 1892 2584 κρυπτο-

332 2584 483 2654 μένη.
522 2587 874 2658 Παρεδήλωσε
915 2592 969 2644 δὲ
1005 2600 1098 2646 καὶ
1129 2596 1206 2665 τῷ
1235 2598 1314 2658 ei;
1353 2600 1597 2662 ἐξέτασιν
1646 2606 1751 2675 πρὸ
1795 2607 1891 2660 τοῦ

330 2675 586 2743 ἅρχονττς
627 2682 960 2748 παρεστάναι
1007 2686 1244 2752 φανέντι,
1277 2689 1611 2754 φυλάξασθαι
1658 2696 1756 2758 τὰς
1783 2697 1894 2751 τῶν

326 2765 542 2828 ςαύ).ων
571 2769 802 2837 ὁμιλίας,
841 2774 1018 2842 ἐαυτῷ
1050 2777 1142 2829 τοῦ
1171 2779 1365 2832 λοιποῦ
1389 2785 1478 2834 ἐπὶ
1510 2785 1671 2838 πλέον
1723 2803 1894 2858 προσ-

326 2859 537 2912 σκόντα.
576 2862 730 2930 ΙἈρτι
761 2865 858 2932 μὲν
887 2861 980 2917 οὖν
1016 2867 1187 2921 ταῦτα
1217 2873 1244 2922 ό
1277 2872 1502 2940 Συμεὼν
1530 2882 1847 2948 προειρήκει
1876 2897 1889 2911 ·

321 2947 471 2999 οὔπω
496 2948 551 3000 δὲ
578 2950 834 3019 τέταρτος
873 2955 1117 3023 παρῆλθε
1153 2958 1355 3023 μεταξὺ
1390 2959 1518 3027 μὴν,
1555 2963 1647 3014 καί
1676 2980 1758 3024 τις
1786 2982 1908 3034 με-’

321 3034 490 3105 γάλην
511 3039 589 3100 εἰς
639 3038 707 3091 τὰ
755 3041 888 3109 πρὸς
933 3042 1007 3093 ἓω
1052 3042 1229 3096 λαϐὼν
1278 3047 1754 3120 ἀρχὴν,ἐπεδήμει
1812 3058 1879 3124 τῇ
1910 3043 1951 3100 C

332 3127 623 3196 Ἀντιόχου,
691 3131 975 3200 Ἀμάντιος
1024 3135 1232 3205 ὄνομα,
1290 3139 1424 3208 ἀνὴρ
1490 3143 1878 3211 παιδευτικὺς,

316 3218 559 3285 ἀρχικὸς,
603 3219 844 3291 λογισμῴ
881 3225 1177 3293 χρώμενος,
1207 3229 1454 3300 aptant];
1497 3234 1595 3302 τὴν
1631 3236 1877 3310 γνώμην,

313 3309 595 3380 ἐλεύθερος
623 3313 720 3381 τὴν
748 3313 944 3384 ψυχὴν,
973 3315 1136 3384 ζυγοῦ
1166 3321 1292 3388 περὶ
1321 3321 1380 3372 τὸ
1413 3323 1620 3377 δίκαιον
1655 3328 1850 3398 ἀκριϐἐ

315 3416 523 3471 στερος,
563 3404 796 3457 τοσαῦτα
837 3406 1012 3476 ζηλῶν
1055 3411 1193 3480 ὑπὲρ
1218 3413 1437 3483 ἀρετῆς,
1473 3417 1572 3468 ὅσα
1613 3419 1708 3470 καὶ
1741 3422 1880 3474 κατὰ

310 3492 408 3562 τῆς
448 3496 663 3559 κακίας,
701 3495 792 3550 καὶ
821 3503 900 3560 είς
927 3502 1092 3570 ἄκρον
1124 3504 1356 3574 ἐκόιτερα
1376 3523 1388 3536 ·
1424 3506 1481 3569 ὃς
1520 3506 1748 3578 καῖ’πρὸ
1781 3513 1873 3565 τοῦ

308 3587 406 3653 τὴν
451 3586 718 3657 Ἀντιόχου
747 3592 1096 3659 καταλαϐεῖν,
1122 3597 1302 3649 πᾶσαν
1321 3597 1396 3662 ὡς
1421 3597 1532 3652 οἶόν
1556 3618 1614 3653 τε
1638 3617 1874 3675 κακουρ-

306 3675 434 3744 γίαν
479 3683 748 3751 περιεῖλεν
782 3683 884 3736 ἀνὰ
921 3685 1020 3754 τὴν
1061 3685 1174 3738 Ἕω
1199 3703 1212 3718 ·
1248 3691 1562 3760 τομωτέραν
1592 3695 1729 3748 κατὰ
1769 3697 1875 3749 τῶν

303 3767 560 3823 τοιούτων
616 3771 714 3842 τὴν
772 3774 1047 3845 μάχαιραν
1106 3778 1326 3846 ἐπάγων
1389 3782 1483 3834 τοῦ
1543 3785 1871 3856 ἀξιώματος,

305 3857 444 3908 ὥστε
485 3859 710 3913 δεδιέναι
751 3863 957 3926 πάντας
1004 3867 1098 3918 καὶ
1136 3870 1356 3938 τρέμειν
1398 3874 1534 3941 πρὸς
1571 3876 1670 3947 τὴν
1703 3879 1869 3932 αὑτοῦ

304 3949 627 4018 παρουσίαν,
675 3952 734 4004 οὐ
812 3955 1047 4020 φαύλους
1101 3958 1281 4026 μόνον,
1341 3962 1460 4015 ούδέ
1513 3967 1871 4039 κακούργους,

302 4037 435 4091 αλλὰ
467 4042 558 4093 καὶ
587 4037 663 4104 οἷς
691 4044 751 4097 τὸ
779 4047 1020 4111 ἐπιεικὲς
1045 4049 1072 4100 ὀ
1100 4049 1214 4118 βίος
1247 4053 1381 4106 πολὺ
1429 4059 1522 4110 καὶ
1563 4060 1622 4113 τὸ
1655 4037 1873 4132 μέτριον

299 4123 434 4196 εἶχε.
474 4131 722 4204 Τοσαύτη
771 4153 852 4198 τις
894 4134 961 4206 ἦν
1004 4141 1101 4209 τῆς
1138 4144 1440 4212 παρουσίας
1483 4148 1578 4201 τοῦ
1619 4123 1869 4225 ἀνδρδςὴ

298 4220 654 4289 κατάπληξις.

2025 438 2229 494 cbenas
2248 442 2424 506 obire,
2461 442 2687 497 ﬂuvium
2713 459 2846 498 vero
2869 445 3158 502 Jordanem
3180 449 3410 520 vestigia
3429 451 3598 520 ipsius

2024 526 2199 593 sequi,
2233 536 2288 580 et
2315 529 2653 597 paradisum,
2680 533 2775 602 qui
2817 533 2872 587 in
2927 535 3101 589 Edem
3158 546 3266 602 est,
3301 541 3453 594 velut
3497 544 3597 596 de-

2023 616 2131 685 tegi
2160 633 2223 672 ac
2256 621 2483 675 revelari
2512 641 2526 676 :
2552 632 2668 678 tum
2691 641 2825 680 vero
2859 625 3026 681 feram
3061 631 3377 697 pessimam.
3429 650 3595 703 specu

2021 707 2259 776 quadam
2293 710 2578 778 latentem,
2622 715 2751 770 inde
2775 717 2975 780 emitti,
3012 728 3303 790 actamque
3354 738 3452 792 per
3478 740 3588 778 me-

2022 795 2169 851 diam
2219 799 2517 866 civitatem,
2554 805 2765 859 cladem
2835 823 2948 861 non
3018 810 3291 864 modicam
3349 812 3591 877 inferre;

2020 886 2275 944 homines
2316 906 2481 960 porro
2513 895 2715 950 multos
2771 883 2940 950 feram
2982 899 3337 968 insequentes
3379 902 3449 955 ab
3497 903 3591 956 illo

2019 978 2270 1049 principe
2303 982 2479 1051 plagis
2511 985 2652 1040 male
2700 988 2949 1042 mulctari
2985 989 3100 1044 fere
3133 1006 3307 1059 usque
3347 992 3417 1045 ad
3448 1009 3594 1047 mor-

2020 1075 2314 1136 tem,'adeo
2356 1084 2419 1129 ut
2448 1079 2626 1132 omnis
2654 1096 2782 1134 caro
2802 1081 3097 1134 admodum
3120 1092 3589 1150 consternaretnr;

2021 1159 2261 1230 denique
2291 1180 2321 1218 e
2367 1167 2512 1220 notis
2572 1184 2635 1221 ac
2683 1170 3048 1224 familiaribus
3113 1173 3228 1225 suis
3276 1177 3588 1243 quempiam

2026 1250 2179 1306 dicto
2205 1255 2440 1324 principi
2473 1267 2654 1313 astare
2675 1263 3126 1322 examinandum,
3155 1263 3224 1316 ab
3257 1278 3435 1333 eoque
3469 1283 3586 1319 om-

2015 1340 2105 1394 nis
2137 1343 2469 1401 calamitatis
2521 1363 2589 1402 ac
2626 1350 2861 1418 periculi
2908 1352 3230 1417 immunem,
3293 1351 3585 1408 dimissum

2013 1446 2154 1487 esse.

2090 1525 2211 1580 173.
2247 1523 2373 1584 Haac
2404 1530 2479 1585 ita
2504 1539 2571 1584 ut
2600 1532 2818 1589 viderat
2867 1535 3156 1606 discipulis
3202 1545 3449 1598 narravit
3483 1544 3589 1616 Sy-

2012 1629 2213 1683 meon;
2265 1619 2466 1676 deinde
2517 1624 2708 1688 etiam,
2744 1626 2886 1694 quid
2938 1629 3043 1682 sibi
3082 1640 3296 1688 ostenta
3355 1635 3582 1701 vellent,

1945 1698 2326 1776 Bexplieavit.
2404 1714 2691 1778 Quomodo
2742 1733 2941 1788 nempe
3007 1723 3273 1778 terribilis
3323 1698 3583 1796 princeps

2006 1808 2299 1865 venturus,
2338 1813 2748 1876 arguturusque
2790 1809 2917 1864 illos
2980 1811 3301 1882 impietatis,
3362 1817 3580 1885 aliquos

2003 1889 2167 1944 etiam
2196 1893 2359 1947 morti
2401 1897 2712 1954 szevissima:
2741 1899 3070 1958 addictnrus
3097 1914 3262 1959 esset.
3302 1907 3436 1962 Nam
3460 1909 3582 1964 Jor-

2003 1979 2170 2034 danes
2194 1984 2290 2052 qui
2328 1988 2683 2055 sequebatur,
2724 2003 3108 2060 prmmonstrat
3142 1994 3258 2049 fore
3289 2005 3349 2051 ut
3392 1999 3576 2052 omnis

2003 2066 2219 2123 illorum
2252 2085 2441 2129 contra
2471 2078 2642 2132 Deum
2670 2080 2924 2150 impietas
2963 2099 3026 2138 ac
3072 2085 3300 2140 rebellio
3351 2089 3574 2156 penitus

2001 2158 2362 2230 obrueretur;
2396 2167 2486 2235 qui
2518 2185 2650 2224 vero
2678 2170 3038 2240 detegebatur
3062 2176 3372 2242 paradisus.
3425 2179 3570 2247 quod

1999 2247 2297 2313 proborum
2325 2261 2470 2307 recte
2496 2253 2636 2309 facta
2672 2257 2849 2325 palam
2882 2274 2946 2312 ac
2999 2259 3172 2315 libere
3223 2264 3567 2331 praedicanda

1997 2348 2205 2392 essent.
2257 2341 2389 2406 Quzn
2423 2353 2613 2399 autem
2665 2347 3158 2404 circumfereba‘tur
3207 2352 3412 2420 bellua,
3451 2356 3566 2408 dia-

1998 2434 2109 2488 boli
2143 2437 2412 2494 fallaciam
2440 2454 2610 2513 atque
2640 2447 2999 2516 imposturam
3035 2467 3161 2506 esse
3208 2453 3413 2518 aiebat,
3470 2469 3568 2524 per

1996 2538 2162 2591 quam
2187 2529 2309 2580 vani
2334 2530 2606 2597 homines,
2637 2536 2692 2589 in
2723 2537 2884 2592 idolis
2927 2555 3079 2609 spem
3111 2555 3405 2611 ponentes,
3462 2549 3568 2600 cir-

1995 2615 2488 2675 cumveniebantur
2516 2639 2783 2696 ;qua°.que
2799 2644 2865 2683 eo
2889 2647 3062 2700 usque
3091 2643 3149 2686 ut
3168 2637 3468 2703 plurimum
3489 2638 3565 2691 la-

1996 2703 2181 2770 titans,
2240 2709 2460 2765 tandem
2512 2714 2567 2767 in
2618 2717 2799 2771 lucem
2855 2721 3124 2788 producta
3179 2738 3562 2782 evaneweret.

1994 2793 2262 2850 lndieavit
2299 2801 2465 2855 etiam
2500 2820 2600 2873 per
2623 2823 2774 2873 eum,
2811 2811 2904 2879 qui
2929 2813 2995 2865 ad
3023 2817 3381 2882 quaestionem
3414 2817 3562 2873 acci—

1993 2893 2082 2938 tns
2110 2897 2289 2942 astare
2314 2893 2550 2964 principi
2587 2898 2875 2954 videbatur
2905 2908 3116 2959 moneri
3157 2923 3236 2970 se,
3272 2917 3332 2962 ut
3376 2909 3430 2963 in
3460 2925 3560 2979 po-

1985 3069 2287 3128 studiosius
2307 3081 2702 3137 attendendum
2727 3102 2850 3142 esse
2878 3091 3062 3145 sciret.
3084 3093 3150 3146 Et
3175 3103 3304 3149 tunc
3328 3096 3554 3164 quidem

1980 3158 2169 3216 isthaac
2201 3167 2641 3232 praedicebantur
2665 3190 2695 3229 a
2717 3177 3020 3248 Symeone:
3069 3199 3173 3238 nec
3223 3186 3556 3244 intercesse—

1979 3265 2112 3306 runt
2141 3271 2358 3313 menses
2383 3273 2640 3330 quatuor,
2688 3283 2812 3322 cum
2840 3273 3065 3342 quidam
3125 3278 3414 3334 Amantius
3452 3297 3554 3336 no-

1977 3341 2124 3396 mine
2160 3345 2288 3412 (45),
2325 3364 2423 3416 per
2447 3351 2728 3411 Orientem
2766 3341 2963 3431 magno
3005 3375 3274 3435 occupato
3297 3367 3549 3438 imperio,

1976 3430 2324 3492 Antiochiam
2379 3448 2632 3501 accessit.
2685 3450 2776 3504 Vir
2830 3430 2948 3508 erat
3009 3430 3332 3525 litteratus,
3390 3472 3552 3533 aptus

1983 3520 2238 3590 imperio,
2272 3531 2560 3589 ratiocinio
2583 3537 2815 3605 pollens,
2841 3553 3099 3602 constans
3138 3549 3345 3615 animo,
3365 3562 3552 3608 mente

1980 3615 2142 3685 liber,
2179 3622 2406 3690 iustitiae
2431 3627 2485 3682 in
2521 3631 2715 3698 primis
2749 3635 3064 3705 studiosus;
3107 3643 3201 3711 qui
3258 3652 3410 3699 tanto
3450 3661 3551 3715 pro

1980 3710 2206 3776 virtute,
2246 3728 2452 3786 quanto
2481 3731 2674 3779 contra
2695 3725 3048 3796 iniquitatem
3081 3735 3219 3796 zelo,
3255 3710 3548 3807 utrobique

1979 3812 2216 3864 summo,
2265 3805 2564 3873 agebatur:
2596 3812 2690 3880 qui
2736 3815 2890 3883 prius
2919 3817 3084 3871 etiam
3128 3836 3291 3888 quam
3335 3805 3551 3880 veniret

1977 3889 2348 3955 Antiochiam,
2404 3912 2622 3954 omnem
2679 3914 2946 3973 quantum
3013 3911 3194 3978 potuit
3243 3916 3546 3984 nequitiam

1972 3995 2072 4049 per
2105 3981 2384 4041 Orientem
2449 3991 2767 4059 sustulerat,
2825 3998 3063 4052 acutiori
3106 4002 3272 4056 etiam
3321 4005 3377 4058 in
3424 4008 3546 4063 illos

1971 4072 2167 4128 stricto
2188 4075 2391 4144 gladio,
2432 4079 2526 4148 qui
2577 4093 2734 4138 erant
2779 4084 2836 4140 in
2893 4086 3163 4157 dignitate
3217 4096 3540 4162 constituti;

1971 4163 2051 4217 sic
2079 4173 2138 4218 ut
2163 4168 2452 4226 universos
2493 4173 2656 4229 timor
2700 4192 2762 4232 ac
2816 4185 3026 4235 tremor
3067 4183 3376 4254 invaderet,
3422 4189 3543 4259 ipso

1969 4253 2338 4312 adventante:
2397 4276 2500 4316 nec
2532 4265 2711 4320 solum
2766 4268 2930 4324 nihili
2975 4271 3228 4330 homines
3261 4291 3326 4332 ac
3370 4280 3541 4335 male-

2400 4311 2498 4316 μ--
2533 4311 2711 4320 ---ν-κ
2766 4311 2930 4324 ..ι-οι.-
2975 4311 3228 4330 uvas-Iuba
3261 4311 3326 4332 αν
3370 4311 3540 4335 mulc-

299 4311 426 4369 voli.
459 4315 551 4368 sed
581 4318 614 4369 ii
644 4334 882 4388 quoque,
912 4338 1148 4391 quorum
1185 4327 1294 4383 vita
1334 4344 1457 4385 cum
1493 4334 1767 4402 probitate
1833 4356 1898 4396 ac
1937 4343 2097 4402 bonis
2129 4351 2376 4406 moribus
2410 4357 2702 4426 conjuncta
2764 4369 2907 4428 erat,
2939 4363 3379 4435 retormidarent,
3404 4371 3540 4425 adeo

299 4405 563 4435 .npp:'|:l;n
597 4419 710 4435 Λ-ΛΙ
748 4413 864 4435 ἀει-ι·
897 4429 1086 4435 ’λ’-ν-ιττλ
1117 4420 1175 4435 ’.ί

298 4405 567 4460 terribilis
595 4419 714 4462 erat
745 4413 866 4478 ejus
896 4420 1207 4482 praesentia.

368 4496 490 4564 ροδ’.
520 4490 686 4560 Οὗτος
714 4501 938 4564 πολλοὺς
959 4506 1060 4558 ἀνὰ
1086 4508 1184 4576 τὴν
1221 4509 1491 4581 Ἀντιόχου
1527 4517 1635 4569 τῶν
1675 4518 1865 4592 Ἐλλη-

368 4587 491 4610 ι-.,,..
521 4590 606 4610 ---Α
647 4592 732 4610 XIII
899 4595 920 4605 ⁸·
1176 4601 1186 4610 ι
1262 4601 1271 4610 ι
1390 4604 1401 4610 -
1630 4609 1650 4610 7

2037 4525 2154 4581 174.
2187 4529 2286 4586 Hic
2316 4533 2518 4589 multos
2547 4541 2835 4606 gentilium
2867 4553 2924 4598 et
2946 4546 3236 4602 atheorum
3268 4553 3539 4610 siderum-

297 4587 492 4638 νιστῶν
521 4590 613 4641 καὶ
640 4592 836 4654 ἀθέων,
855 4595 962 4646 τῶν
987 4613 1042 4647 τε
1071 4601 1195 4668 περὶ
1218 4601 1283 4652 τὰ
1309 4604 1563 4673 σχήματα
1583 4609 1692 4664 τῶν
1712 4611 1864 4666 ἀστέ-

293 4695 401 4745 ρων
432 4680 524 4732 καὶ
546 4682 642 4744 τὰς
666 4683 868 4746 πλοκὰς
891 4690 1214 4759 κεχηνότων,
1240 4692 1383 4762 άπερ
1404 4697 1586 4763 αὐτοῖς
1608 4704 1748 4755 κατὰ
1769 4706 1867 4776 τῆς

289 4775 546 4838 προνοίας
591 4777 922 4846 ἐπινενόητο,
979 4783 1303 4836 καὶτούτων
1334 4788 1444 4841 ὅσοι
1495 4791 1865 4865 διαφερόντως

285 4862 394 4914 τῶν
451 4865 626 4918 ἄλλων
679 4869 1086 4942 ἐπισημότεροι,
1140 4876 1381 4947 ἀνευρὼν
1427 4868 1738 4948 φιλοπόνως·
1765 4889 1861 4941 καὶ

288 4949 701 5023 συλλαϐόμενος,
724 4961 817 5010 καὶ
848 4961 1044 5023 αὐτοὺς
1079 4963 1176 5030 μὲν
1205 4967 1284 5026 εἰς
1313 4969 1662 5046 δεσμωτήρια
1692 4993 1860 5031 κατα-

284 5039 525 5107 κλείσας,
558 5044 734 5108 πάσας
768 5045 823 5098 δὲ
871 5049 968 5112 τὰς
996 5052 1178 5104 αὐτῶν
1211 5055 1445 5125 βίϐλους,
1487 5039 1660 5126 ἐξηῶν
1710 5069 1856 5122 ἐκεί-

355 5195 462 5263 (45’)
488 5196 538 5249 Is
565 5216 667 5292 ιιόη
699 5199 856 5266 alius,
890 5207 1064 5292 erfida,
1091 5208 1268 5290 fuerit,
1291 5228 1455 5292 quam
1475 5217 1539 5292 de
1564 5236 1664 5288 quo
1690 5220 1854 5276 Theo-

317 5266 477 5318 lumes
507 5270 605 5346 _ad
647 5288 847 5324 annum
895 5275 963 5328 ‘29
1003 5266 1456 5351 Iustiniani'imp.
1512 5266 1606 5340 ΙιοἸε
1653 5295 1803 5345 modo
1830 5308 1848 5346 :

317 5279 477 5318 mmes
536 5279 604 5320 ad
647 5288 847 5324 annum
895 5279 963 5328 '29
1003 5279 1456 5351 Justinianiiimp.
1512 5279 1606 5340 ho'c
1653 5295 1848 5346 modo:

278 5279 842 5418 f’rtecepitlaniatum,
877 5347 1084 5418 militia:
1119 5351 1472 5418 magistro,in
1509 5356 1847 5416 l’alzestinam
1906 5370 1912 5376 ’

277 5404 444 5457 ιιιὶεευ
463 5409 821 5490 de’Stepbani
850 5417 994 5467 (unde
1021 5404 1300 5490 inquirEre
1337 5404 1533 5490 (fuerat
1559 5429 1639 5479 hic
1666 5429 1864 5484 Cresa--

277 5485 380 5524 rea:
405 5478 682 5554 praefectus
717 5493 872 5548 utr/ue
909 5502 938 5536 (ι
971 5478 1410 5544 ιιιηιιὶιιιιαιιιίὺῖιδ
1436 5478 1632 5549 ludatis
1665 5510 1711 5551 et
1739 5499 1840 5554 Sa-

275 5545 503 5635 guarilris,
533 5563 638 5599 una
670 5545 794 5603 cum
826 5569 1041 5607 numero
1074 5573 1176 5635 non
1200 5576 1363 5625 parvo
1393 5561 1834 5635 Christianorum,

271 5608 620 5683 interfectust,
661 5622 752 5688 qui
777 5638 914 5691 quos
949 5608 1381 5698 reperitsbntes,
1418 5635 1553 5689 alios
1604 5613 1834 5708 suspcn:

555 5710 802 5771 Ριιτιιοι,
873 5716 988 5776 Gn.
1038 5718 1135 5776 LX
1153 5720 1380 5785 XXVI.

1950 5369 2222 5424 multavit.
2277 5376 2353 5428 Ex

1968 4633 2075 4686 que
2107 4625 2421 4691 aspectibus
2450 4637 2506 4682 et
2536 4633 3020 4702 conjunctionibus
3054 4644 3404 4708 speculandis
3440 4649 3538 4702 de-

1966 4707 2230 4777 ditorum,
2267 4731 2332 4769 ae
2369 4719 2538 4771 multa
2571 4720 2697 4775 inde
2730 4732 2921 4779 contra
2953 4707 3362 4787 Proridentiam
3391 4736 3535 4790 divi-

1911 4827 1918 4830 -
1961 4815 2086 4854 nam
2117 4809 2506 4873 astruentium,
2543 4815 2847 4880 przesertim
2896 4818 3244 4889 illustriores,
3288 4827 3530 4885 studiose

1960 4895 2298 4962 conquisitos
2349 4903 2855 4969 comprehendebat
2911 4913 3403 4986 compingebatque
3473 4921 3566 4974 in‘

1958 4999 2232 5041 carcerem
2267 5007 2280 5042 :
2314 4991 2481 5046 libros
2531 5004 2711 5050 autem
2762 4999 2978 5054 illorum
3024 5021 3235 5071 omnes,
3293 5024 3360 5063 ex
3409 5012 3532 5081 qui-

1957 5074 2060 5128 bus
2081 5077 2212 5132 falsa
2240 5083 2509 5150 sapientia
2534 5095 2589 5141 et
2612 5103 2764 5142 nova:
2791 5102 2982 5147 contra
3006 5096 3293 5152 veritatem
3315 5074 3529 5171 opinio-

1964 5226 2076 5291 dio,
2103 5231 2241 5286 alios
2258 5237 2454 5313 capitis
2484 5241 2844 5306 abscissione,
2869 5252 3212 5309 truncationc
3252 5256 3526 5313 membro-

1956 5312 2076 5383 rum
2111 5307 2426 5383 nonnullos.
2491 5313 2784 5383 plerosque
2837 5307 3154 5380 facultatum
3193 5307 3523 5382 iamissione

2407 5393 2719 5460 quometns
2775 5387 2968 5457 ingens
3007 5392 3060 5444 in
3089 5404 3272 5460 partes
3329 5413 3522 5451 omnes

1945 5434 2757 5532 Orientales.incul_ruit.__Hinc
2790 5434 2948 5525 poJrro
3001 5434 3272 5532 coli’igitur
3317 5470 3516 5525 omnia.

1941 5521 2059 5574 qua:
2083 5510 2317 5601 ab‘initio
2341 5522 2529 5586 capitis
2563 5523 2630 5601 μδ
2661 5525 2762 5577 huc
2790 5510 2976 5595 'usque
3004 5510 3017 5513 ⁷
3275 5510 3518 5589 ,ιᾶἓῆἔὲΕέ

1939 5587 2429 5673 ιιανιςίιιιειιιῖ,¹ίηιι·α
2482 5593 2636 5646 unius
2668 5605 2761 5648 aut
2809 5606 2863 5649 ut
2894 5587 3174 5654 'sumr'nmn
3213 5607 3518 5673 ερειμιὶσηηί

1934 5649 2106 5713 spatio
2131 5655 2392 5710 accidisse.

3071 5763 3147 5822 99
