4034 6186
425 239 566 305 3H?

423 443 518 496 sed
563 441 707 496 idola
735 441 988 496 similiter
1027 439 1230 500 omnia,
1267 439 1321 491 in
1353 435 1553 505 quibus
1585 445 1842 504 tanquam
1889 433 1996 487 diis

424 532 776 586 conﬁdebant
803 549 818 584 :
843 531 1131 600 Argentum
1162 529 1354 598 quippe
1371 543 1526 581 suum
1551 537 1602 583 et
1629 541 1822 580 aurum
1842 541 1994 578 suum

425 623 658 692 fecerunt
684 625 779 678 sibi
806 623 950 677 idola
975 623 1038 674 ³⁵.
1083 622 1150 675 Ει
1185 639 1196 674 :
1233 623 1600 674 Adoravcrunt
1629 635 1690 672 ea
1723 635 1840 690 qua:
1862 619 1995 688 [ece-

427 723 550 770 rant
569 717 719 786 digiti
749 718 982 786 ipsorum
1007 714 1072 780 ³⁸,
1105 721 1166 764 ut
1195 729 1320 766 cum
1345 713 1484 766 Osca
1513 721 1678 780 atque
1717 711 1852 766 Isaia
1875 726 1999 780 pro-

429 809 610 878 phetis
643 809 852 877 loquar.
891 806 958 860 Et
995 821 1062 860 ex
1106 805 1264 858 libris
1301 803 1522 874 quidem
1571 819 1682 858 non
1725 803 1994 857 modicam

424 898 686 952 excitavit
719 897 1013 960 ﬂammam,
1055 896 1239 950 medio
1269 896 1388 950 foro
1419 895 1474 948 in
1515 895 1694 964 ignem
1745 893 1994 964 injectis;

427 989 698 1042 idolorum
733 1001 865 1041 vero
897 987 1278 1056 impotentiam
1307 1002 1371 1041 ac
1401 985 1836 1040 imbecillitatem
1882 1001 1996 1039 ma—

427 1079 624 1134 nil‘este
658 1077 1076 1144 demonstravit,
1114 1077 1502 1148 suspendendo
1537 1079 1626 1132 illa
1657 1079 1710 1131 in
1739 1077 1997 1148 compitis

426 1185 487 1224 ac
529 1170 744 1240 plateis,
776 1169 1226 1238 ostendendoque
1251 1169 1388 1222 nihil
1421 1183 1540 1222 esse
1573 1167 1806 1236 amplius
1829 1183 1994 1236 quam

427 1261 572 1330 quod
601 1261 878 1324 videntur,
905 1275 1072 1330 opera
1108 1275 1370 1314 manuum
1393 1269 1450 1313 et
1473 1257 1639 1326 artis;
1674 1259 1814 1314 nihil
1845 1259 1994 1313 aliud

425 1367 588 1422 quam
614 1353 756 1422 quod
788 1367 908 1406 esse
939 1353 1052 1421 ipsa
1076 1353 1270 1406 volunt
1293 1351 1554 1414 artiﬁces,
1585 1359 1645 1404 ut
1667 1349 1848 1405 denuo
1869 1365 1997 1405 ver-

429 1441 511 1495 bis
543 1441 938 1510 prophetarum
966 1449 1110 1494 utar.
1145 1440 1334 1494 Stabat
1363 1455 1582 1509 quoque
1613 1440 1726 1504 ille,
1760 1441 1852 1510 qui
1881 1441 1994 1510 jam

429 1528 636 1597 pridem
661 1527 916 1598 Symeoni
947 1529 1000 1582 in
1023 1527 1236 1582 visione
1261 1537 1614 1596 apparuerat,
1635 1543 1820 1583 coram
1843 1530 1996 1598 prin-

427 1621 548 1688 cipe
600 1620 652 1672 in
697 1618 1052 1688 quaestionem
1085 1625 1312 1671 vocatus
1355 1635 1368 1670 :
1403 1618 1498 1672 sed
1545 1620 1846 1674 monachus
1873 1621 1995 1690 qui-

1635 233 1691 291 S.
1735 229 2110 292 SYMEONIS
2147 229 2510 292 JUNIORIS

425 367 522 408 nes
578 349 1067 421 depromebantur,
1112 347 1362 418 collegit;
1411 361 1588 416 neque
1649 347 1770 400 illos
1813 345 1996 406 modo,

2112 359 2214 406 νοις
2260 343 2292 412 ἡ
2335 341 2635 413 ψευδομένη
2679 343 2840 414 σοφία
2885 343 2977 397 καὶ
3016 345 3076 397 τὸ
3121 345 3258 396 κατὰ
3292 345 3386 410 τῇς
3421 345 3676 418 ἀληθείας

3534 235 3670 304 3148

3687 383 3695 432 ‘.

2103 433 2495 502 νεανιεύεσθαι,
2519 435 2579 487 οὐ
2615 433 2720 505 μὴν
2743 435 2880 489 ἀλλὰ
2903 435 2996 489 καί⁹
3025 435 3092 489 τὰ
3119 435 3316 502 είδωλα,
3341 437 3516 491 πάντα
3551 457 3682 494 συν-

2104 525 2346 595 αγαγὼν,
2379 523 2459 590 οἷς
2503 527 2602 578 ὅσα
2645 527 2736 581 καὶ
2783 527 2924 590 θεοῖς
2955 527 3320 582 ἐπεποίθεσαν
3363 529 3460 598 (Τὸ
3493 529 3680 600 (ipp)-

2095 637 2232 687 ριον
2260 619 2368 688 γὰρ
2401 619 2600 674 αὐτῶν
2633 620 2730 673 καὶ
2769 623 2834 673 τὸ
2865 623 3121 690 χρυσίον
3148 621 3348 676 αὐτῶν
3382 623 3681 690 ἐποίησαν

2102 709 2338 775 ἑαυτοῖς
2367 709 2608 772 albula,
2639 711 2736 762 καὶ
2767 712 3238 777 προσεκύνησαν
3265 707 3358 778 οἷς
3380 712 3678 780 ἐποίησαν

2103 803 2154 854 οἱ
2181 799 2466 853 δάκτυλοι
2495 798 2712 863 αὐτῶν,
2741 801 2830 852 ἵνα
2857 801 2950 853 καὶ
2985 799 3144 871 Ὠσηὲ
3176 803 3295 870 ἅμα
3321 803 3413 854 καὶ
3449 803 3679 856 Ἡσαΐαν

2103 891 2209 960 εχω
2248 890 2814 960 συμφθεγγομένους),
2847 891 2954 944 τῶν
3009 893 3108 962 μὲν
3163 891 3226 944 οὐ
3276 893 3480 963 μικρὰν
3529 896 3678 966 αίρει

2103 982 2296 1050 φλόγα,
2351 979 2464 1052 πῦρ
2519 981 2658 1034 κατὰ
2706 979 2878 1050 μέσην
2917 981 3123 1052 ἀγορὰν
3157 981 3343 1045 αὐτοῖς
3381 983 3636 1054 ἐμϐαλών
3659 1002 3674 1016 ⁸

2101 1077 2211 1128 τῶν
2257 1075 2314 1129 δὲ
2373 1074 2688 1145 δημοσιεύει
2735 1075 2982 1148 φανερῶς
3041 1077 3144 1145 τὴν
3191 1077 3496 1142 ἀσθένειαν,
3553 1081 3676 1134 κατ’

2101 1167 2360 1235 ἁμφόδων
2404 1167 2498 1220 καὶ
2537 1167 2808 1220 πλατειῶν
2854 1167 3138 1238 κρεμάσας
3167 1170 3326 1234 αὐτὰ,
3357 1171 3452 1224 καὶ
3493 1171 3678 1236 δείξας

2108 1253 2276 1322 μηδὲν
2331 1252 2491 1304 πλέον
2531 1251 2660 1305 ὄντα
2703 1251 2811 1305 τῶν
2847 1253 3166 1324 ὁρωμένων,
3202 1259 3339 1315 ἀλλὰ
3375 1261 3522 1316 τοῦτ’
3555 1265 3691 1320 αὐτὸ

2103 1343 2304 1414 χειρῶν
2341 1341 2480 1412 ἔργα
2507 1343 2603 1396 καὶ
2649 1344 2867 1414 τέχνης,
2899 1346 3054 1400 οὐδὲν
3089 1349 3238 1414 ἄλλο,
3275 1351 3307 1421 ἢ
3337 1353 3366 1406 δ
3405 1355 3688 1424 βούλονται

2101 1437 2150 1487 οἱ
2189 1437 2426 1504 τεχνῖται
2471 1435 2610 1489 αὐτὰ
2658 1438 2932 1504 γενέσθαι,
2980 1441 3066 1494 ἵνα
3100 1445 3212 1504 τοῖς
3257 1444 3365 1496 τῶν
3391 1447 3690 1518 προφητῶν

2103 1523 2198 1576 καὶ
2243 1523 2335 1576 νῦν
2381 1525 2675 1596 χρήσωμαι
2723 1525 2969 1602 [levate].
3011 1531 3270 1603 Είστήκει
3307 1536 3363 1590 δὲ
3417 1540 3512 1592 καὶ
3553 1543 3690 1603 ότῷ

2117 1613 2281 1682 ’Λγίῳ
2304 1617 2495 1688 πρώην
2525 1619 2611 1672 διὰ
2632 1620 2867 1692 θεωρίας
2899 1599 3105 1692 ἀρθεὶς,
3153 1599 3258 1698 -ιτρὸ
3300 1629 3392 1682 τοῦ
3425 1599 3689 1704 ἄρχοντος

427 1711 587 1774 dam,
641 1709 936 1764 admodum
992 1707 1248 1778 Symeoui
1301 1709 1534 1772 similis,
1598 1709 1776 1780 ipsum
1831 1727 1997 1765 manu

2112 1709 2183 1770 είς
2214 1705 2482 1772 ἐξέτασιν,
2516 1711 2748 1780 μοναχδς
2776 1711 2832 1764 δέ
2853 1729 2958 1778 τις,
2993 1715 3072 1784 τῷ
3110 1717 3338 1788 Συμεὼν
3386 1739 3690 1793 προσεικα-

429 1800 790 1870 apprehensa,
845 1798 1068 1853 instanti
1097 1799 1306 1869 judicio
1335 1799 1562 1869 eripuit,
1594 1799 1838 1870 principe
1887 1801 2000 1855 cle-

429 1901 641 1946 menter
681 1891 886 1946 l'actnm
919 1889 1154 1945 ferente.

503 2115 622 2170 l75.
663 2111 876 2168 Accidit
921 2121 1017 2182 per
1061 2109 1206 2166 idem
1239 2121 1471 2178 tempus,
1517 2124 1710 2162 eorum
1743 2107 1837 2178 qui
1877 2107 2004 2162 istic

431 2215 560 2262 sunt
599 2205 978 2260 mendicorum
1013 2201 1304 2272 quemdam
1371 2202 1438 2254 ad
1475 2199 1798 2271 Symeonem
1848 2215 2005 2254 acce-

431 2301 583 2362 dere,
629 2305 792 2368 atque
827 2312 892 2351 ex
927 2295 1100 2366 ipsius
1143 2303 1288 2349 terra
1330 2291 1540 2363 aliquid
1591 2301 1868 2362 petentem
1915 2308 2006 2348 ac-

433 2392 656 2460 cipere,
715 2387 1062 2444 Antiochiam
1117 2385 1315 2442 deinde
1381 2387 1436 2440 in
1499 2385 1776 2456 tugurium
1841 2399 2002 2439 suum

435 2493 742 2545 reversum,
809 2475 1093 2532 oll'endere
1151 2475 1319 2530 alium
1355 2473 2004 2556 quemdamn'icinorum

435 2587 684 2634 suorum,
733 2579 790 2625 et
839 2569 1016 2638 ipsum
1066 2568 1402 2630 mendicum,
1435 2566 1670 2636 pedibus
1723 2563 2006 2618 manibus-

435 2677 541 2732 que
583 2661 812 2732 paralysi
853 2659 1013 2714 tactis
1069 2659 1527 2721 decumbentem;
1565 2655 1682 2726 qui,
1725 2655 1794 2709 ab
1833 2655 2006 2709 altero

437 2753 530 2807 illo
575 2751 800 2822 pulvere
843 2750 955 2820 jam
1024 2747 1172 2802 dicto
1221 2761 1494 2817 aspersus,
1573 2745 1728 2798 visus
1777 2744 1882 2798 sibi
1923 2753 2008 2798 est

437 2843 626 2899 videre
687 2841 1016 2897 monachum
1069 2839 1383 2910 quemdam,
1435 2839 1592 2892 vultu
1637 2847 1801 2908 atque
1851 2853 2006 2892 coma

439 2934 692 3005 SymeOni
725 2933 1084 3004 persimilem,
1121 2932 1323 3002 jacenti
1358 2931 1462 2984 sibi
1489 2929 1862 3001 porrigentem
1893 2943 2008 2982 ma-

2105 1797 2322 1864 σμένος,
2373 1803 2490 1852 κατ’
2545 1801 2858 1872 ὀφθαλμοὺς
2911 1807 3132 1860 πάντων
3169 1809 3464 1881 λαϐόμενος
3517 1817 3690 1869 αὐτοῦ

2103 1890 2204 1956 τῆς
2249 1893 2450 1962 χειρὸς,
2483 1893 2718 1959 ἐξείλετο
2745 1899 2838 1966 τῆς
2875 1899 3172 1972 μελλούσης
3218 1905 3468 1977 εὐθύνης,
3495 1911 3690 1979 πράως

2103 1983 2196 2036 τοῦ
2231 1985 2490 2056 ἄρχοντος
2519 1987 2580 2039 τὸ
2611 1991 2833 2058 γεγονὲς
2865 1995 3202 2063 ἐνεγκόντος.

2177 2129 2298 2195 ροε’.
2345 2120 2590 2190 Ἐγένετο
2634 2119 2692 2174 δέ
2735 2137 2856 2173 τινα
2899 2120 3196 2189 τηνικαῦτα
3237 2123 3556 2192 προσαίτην,
3597 2121 3680 2191 τῷ

2105 2213 2234 2284 θείῳ
2264 2211 2486 2282 Συμεὼν
2519 2211 2904 2282 προσελθόντα,
2939 2212 3036 2281 τῆς
3065 2213 3273 2264 ἐκείνου
3303 2229 3360 2264 τε
3390 2215 3494 2280 γῆς
3525 2215 3682 2280 αίτή-

2108 2323 2274 2360 σαντα
2317 2306 2410 2358 καὶ
2446 2303 2698 2365 λαϐόντα,
2735 2303 2816 2366 εἴς
2853 2319 2910 2354 τε
2949 2304 3048 2371 τὴν
3089 2303 3361 2373 Ἀντιόχου
3411 2305 3544 2374 πρὸς
3579 2305 3682 2373 τὴν

2106 2397 2312 2452 οἰκείαν
2345 2395 2498 2458 αὖθις
2527 2394 2766 2461 καλύϐην
2797 2393 3182 2457 ἐπανελθόντα,
3213 2396 3520 2464 παράλυτόν
3555 2413 3682 2448 τινα

2107 2491 2294 2560 χεῖρας
2321 2487 2416 2540 καὶ
2447 2487 2632 2550 πόδας,
2665 2487 2964 2558 προσαίτην
2995 2489 3090 2540 καὶ
3123 2489 3306 2552 αὑτὸν,
3335 2491 3398 2542 ὲκ
3421 2497 3684 2556 γειτένων

2107 2577 2499 2646 κατακείμενον
2531 2575 2710 2644 ἔχειν·
2751 2576 2808 2629 ὃν
2851 2577 3018 2630 αὐτοῦ
3057 2577 3450 2647 φιλανθρώπως
3485 2579 3686 2648 ἐκείνῳ

2107 2669 2371 2738 χρίσαντα
2397 2666 2474 2735 τῷ
2502 2667 2606 2737 χοῒ,
2633 2667 2778 2730 ἔδοξέ
2805 2685 2927 2720 τινα
2960 2668 3037 2738 τῷ
3069 2671 3390 2740 παρειμένῳ
3419 2671 3680 2740 μοναχὸν,

2107 2759 2344 2812 τοιούτον
2388 2755 2498 2820 οἷος
2548 2759 2577 2810 δ
2633 2757 2856 2827 Συμεὼν
2913 2759 3011 2827 τὴν
3063 2760 3186 2828 ὄψιν
3228 2761 3320 2813 καὶ
3345 2759 3445 2830 τὴν
3481 2761 3686 2830 κόμην,

2112 2849 2239 2904 ἰδεῖν
2271 2846 2534 2918 όρέξαντα
2581 2851 2742 2918 χεῖρα
2785 2851 3040 2920 κειμένῳ,
3091 2851 3184 2904 καὶ
3215 2851 3406 2922 ὥσπερ
3435 2855 3544 2906 ἀπο
3587 2871 3688 2905 κε-

2107 2940 2410 3010 λεύσματος
2459 2941 2622 2995 αὑτὸν
2664 2941 3046 3013 ἀναστήσαντα
3101 2945 3196 2996 καὶ
3235 2945 3580 3014 παραχρῆμα
3619 2943 3690 3014 (ὣ

440 3043 594 3090 num,
641 3041 706 3080 ac
731 3025 900 3080 veluti
926 3039 993 3078 ex
1021 3023 1278 3077 mandato
1303 3023 1482 3094 ipsum
1508 3021 1812 3091 erigentem
1842 3029 2007 3088 atque

2112 3032 2230 3096 πῶς
2277 3049 2394 3100 σου,
2437 3033 2672 3103 Χριστὲ,
2720 3033 2938 3105 λαλήσω
2979 3035 3075 3098 τὰς
3109 3036 3492 3106 δυναστείας;)
3523 3037 3692 3107 ὑγιὴς

438 3129 564 3173 ecce
589 3115 724 3186 '(qui
755 3115 1004 3184 eloquar,
1047 3113 1302 3178 Domine,
1333 3113 1634 3184 potentiam
1665 3121 1812 3164 tuam
1833 3111 1870 3179 l)
1902 3119 2008 3164 sta-

443 3209 536 3262 tim
584 3207 914 3278 paralyticus
943 3217 1108 3260 sanus
1141 3205 1375 3268 exstitit,
1401 3219 1660 3257 manuum
1698 3201 2006 3272 pedumque

439 3297 851 3368 expeditissime
895 3309 999 3349 usu
1031 3303 1276 3364 recepto.

517 3429 639 3482 liti.
675 3427 853 3484 iudex
889 3439 1070 3483 autem
1096 3441 1192 3480 seu
1225 3425 1482 3496 princeps
1515 3424 1628 3490 ille,
1659 3425 1726 3478 de
1753 3441 1866 3494 quo
1891 3424 2010 3494 egi-

446 3535 568 3576 mus
613 3519 988 3592 (progreditur
1019 3519 1166 3574 enim
1193 3517 1260 3572 ad
1309 3517 1520 3588 reliqua
1554 3517 1730 3572 oratio
1775 3517 2006 3586 nostra),

445 3629 546 3684 pro
599 3613 827 3684 justitiaa
881 3611 1141 3665 tribunali
1181 3625 1400 3664 rursum
1439 3607 1753 3672 considens,
1811 3607 2012 3662 vinctis

444 3703 758 3775 singulatim
783 3717 848 3756 ac
879 3701 1132 3772 pluribus
1165 3701 1326 3754 simul
1355 3699 1472 3755 sisti
1499 3700 1684 3770 jussis,
1725 3699 1782 3752 in
1809 3713 2008 3752 unum-

445 3810 718 3868 quemque
745 3809 936 3848 corum
973 3791 1392 3846 convenientem
1419 3805 1520 3860 pro
1548 3789 1759 3845 meritis
1793 3797 2014 3844 semen-

447 3889 576 3944 tiam
603 3881 1084 3941 condemnationis
1117 3882 1244 3936 tulit
1275 3899 1289 3934 :
1321 3896 1490 3934 unum
1519 3895 1670 3946 vero,
1712 3879 1862 3949 quod
1887 3894 2014 3950 gra-

445 3983 600 4038 viora
657 3977 1000 4049 deliquisset,
1051 3976 1446 4044 seditionisque
1503 3973 1782 4044 pepularis
1825 3983 2016 4028 auctor

449 4077 805 4140 incentorque
851 4067 1276 4123 novissimorum
1331 4067 1664 4119 tumultuum
1703 4063 1918 4129 fuisset,
1959 4065 2016 4118 in

447 4178 668 4220 carcere
699 4160 1020 4228 reliquerat,
1049 4155 1387 4228 gravissimis
1419 4153 1705 4210 tormentis
1735 4169 2018 4209 reservan-

447 4257 598 4312 dum.
631 4255 846 4308 lnterea
889 4249 1194 4304 monachus
1239 4247 1464 4318 quidam
1520 4263 1750 4316 pauper,
1795 4246 2018 4318 Symeo-

2073 3173 2082 3180 .
2109 3125 2138 3176 ὁ
2168 3123 2478 3194 παράλυτος
2518 3118 2608 3194 ἦν,
2641 3125 2800 3178 ποσὶν
2835 3125 2974 3202 όμοῦ
3015 3126 3106 3178 καὶ
3139 3127 3326 3195 χερσὶν
3363 3127 3688 3198 ἐλευθερίως

2109 3215 2410 3286 χρώμενος.

2187 3436 2324 3501 ρος⁹.
2372 3431 2431 3484 '0
2458 3431 2636 3502 μέντοι
2675 3431 2934 3502 δικαστὴς
2975 3433 3178 3503 (ἔχεται
3204 3435 3312 3505 γὰρ
3329 3435 3406 3488 ἔτι
3437 3436 3532 3506 τῆς
3557 3437 3692 3490 ἀκο-

2112 3521 2330 3586 λουθίας
2352 3523 2380 3576 ό
2412 3523 2592 3592 λόγος)
2619 3522 2712 3575 ἐπὶ
2741 3521 3171 3592 βήματος¹αὖθις
3207 3526 3520 3580 δικαστικοῦ
3549 3545 3690 3598 προ-

2113 3615 2366 3675 καθίσας,
2413 3613 2539 3676 τούς
2589 3629 2646 3664 τε
2697 3611 2979 3682 δεσμώτας
3019 3616 3142 3668 καθ’
3182 3618 3276 3670 ἕνα
3325 3619 3418 3670 καὶ
3469 3619 3694 3682 πλείους

2117 3703 2630 3774 παραστησάμενος,
2677 3705 2771 3757 καὶ
2803 3706 2900 3776 τήν
2945 3707 3160 3776 ἑκάστῳ
3189 3709 3573 3778 προσήκουσαν
3605 3709 3696 3773 ἐξ·

2113 3791 2354 3862 ενεγκὼν
2383 3795 2702 3864 καταδίκην,
2722 3795 2819 3848 ἕνα
2844 3796 3048 3849 τούτων
3073 3797 3153 3866 (ὃς
3189 3800 3282 3851 καὶ
3314 3797 3593 3868 βαρύτατα
3623 3795 3698 3870 ἦν

2115 3885 2536 3958 ἐξημαρτηκὼς,
2567 3890 2662 3938 καὶ
2687 3888 2903 3950 στάσεις
2928 3887 3226 3956 δημοτικὰς
3257 3889 3564 3962 ἀνεγείρας,
3597 3895 3698 3944 καὶ

2117 3975 2394 4047 νεωτέρων
2451 3975 2696 4046 θορύϐων
2747 3977 3042 4046 ἁψάμενος)
3093 3979 3151 4029 ἐν
3197 3979 3275 4048 τῷ
3327 3979 3700 4050 δεσμωτηρίῳ

2118 4067 2520 4132 καταλελοίπει,
2565 4067 2897 4137 βαρυτάταις
2937 4069 3098 4121 αὐτὸν
3143 4073 3238 4123 καὶ
3271 4073 3564 4142 τιμωρίαις
3601 4092 3700 4126 τα-

2121 4157 2462 4228 μιευόμενος.
2509 4157 2598 4210 Ἐν
2629 4157 2865 4226 τοσούτῳ
2909 4158 2966 4214 δέ
3009 4175 3092 4222 τις
3126 4160 3308 4230 ἐνδεὴς
3339 4161 3572 4232 μοναχὸς
3615 4163 3700 4232 τῷ

2121 4249 2343 4318 Συμεὼν
2367 4247 2698 4318 προσελθὼν,
2732 4249 2824 4302 καί
2853 4265 2997 4312 τινος
3029 4251 3242 4303 ἐκείνου
3281 4253 3374 4304 τοῦ
3413 4253 3702 4322 δεσμώτου

451 4363 574 4404 nem
603 4342 959 4404 conveniens,
995 4340 1221 4410 injecta,
1253 4347 1315 4392 ut
1360 4339 1584 4402 assolet,
1615 4337 1818 4406 captivi
1871 4336 2008 4389 illius

2126 4341 2368 4409 μνήμης,
2415 4335 2503 4390 οἷα
2539 4339 2701 4404 φιλεῖ,
2741 4341 3063 4410 γενομένης,
3115 4342 3385 4412 ὲπηύχετο
3437 4341 3496 4396 εὖ
3545 4345 3704 4414 αὐτῷ

451 4435 748 4496 mentione,
798 4431 1163 4503 precabantur
1197 4444 1519 4498 prosperum
1549 4428 1648 4491 illi,
1686 4427 1797 4481 Deo
1829 4427 2019 4496 prepi—

449 4527 550 4592 tio,
599 4535 856 4582 eventum
893 4541 906 4577 :
939 4523 1208 4589 Quoniam
1261 4521 1506 4590 precanti
1537 4520 1692 4584 mihi,
1727 4517 1924 4587 inquit,
1961 4517 2017 4570 in

447 4621 680 4676 ecclesia
727 4619 910 4688 (cujus
961 4631 1166 4670 nomen
1193 4629 1413 4685 quoque
1469 4613 1784 4683 adjiciebat)
1825 4611 2016 4672 astitit.

451 4725 504 4764 et
531 4725 656 4766 cum
683 4708 972 4772 audiisset,
995 4705 1130 4775 quid
1157 4713 1424 4775 peterem,
1443 4711 1650 4756 vestem
1680 4701 1820 4754 hanc
1851 4699 2023 4753 cilici-

455 4789 578 4856 nam
625 4799 847 4862 coemit,
883 4798 1042 4866 cujus
1071 4810 1222 4848 erant
1269 4793 1540 4862 imprimis
1575 4799 1804 4860 urgente
1835 4803 2026 4842 ncces-

453 4893 613 4946 sitate
651 4889 888 4958 indigus.
925 4887 1080 4941 Alius
1105 4899 1332 4954 quoque
1369 4883 1674 4946 mendicus,
1705 4879 1838 4934 mihi
1871 4895 2018 4942 vero,

455 4981 652 5050 inquit,
709 4995 807 5048 per
857 4977 1000 5030 viam
1039 4988 1355 5036 occurrens,
1402 4971 1668 5040 insignem
1719 4969 1913 5038 stipem
1955 4968 2022 5021 ad

455 5071 910 5128 sustentationem
927 5067 1154 5138 largitus
1168 5073 1272 5120 est.
1293 5066 1530 5120 Rursum
1554 5063 1694 5117 alius
1709 5061 2020 5131 excipiens:

458 5165 602 5220 Idem
641 5163 754 5226 ille,
786 5161 1088 5230 inquiebat,
1129 5156 1388 5210 infantem
1433 5170 1462 5208 a
1499 5163 1672 5208 matre
1715 5153 2022 5222 expositum

458 5273 520 5310 ac
543 5256 848 5324 vagientem
885 5250 1136 5312 sustulit;
1175 5263 1237 5302 ac
1270 5247 1458 5301 sedula
1493 5245 1852 5314 inquisitione
1907 5259 2026 5294 mu-

459 5349 668 5406 lierem.
708 5361 828 5415 qua:
873 5359 1068 5399 recens
1119 5347 1430 5412 pepererat,
1493 5337 1798 5396 inveniens,
1848 5335 2026 5389 cidem

461 5439 768 5496 lactandum
807 5449 970 5506 atque
999 5432 1392 5490 enutriendum
1427 5429 1734 5492 emnmisit;
1776 5428 1916 5480 duos
1957 5426 2028 5479 si-

553 5631 564 5650 ²
614 5637 718 5684 Usu?
760 5647 870 5690 \‘ltl,
903 5635 951 5682 -ί,
1030 5629 1074 5658 ³³
1111 5629 1210 5680 lsa.
1257 5644 1313 5688 ιι,
1363 5625 1414 5676 8.

2123 4429 2375 4496 γενέσθαι
2410 4428 2561 4497 παρᾶ
2605 4427 2760 4490 Θεοῦ,
2788 4429 2908 4482 ’Ὁτι
2963 4446 3052 4496 μοι
3095 4431 3570 4503 κατακεκλιμένῳ,
3599 4451 3704 4502 φη-

2125 4523 2229 4586 σὶν,
2265 4523 2323 4574 ὲν
2356 4519 2484 4590 ἱερῷ
2517 4519 2600 4590 (τὺ
2631 4517 2725 4571 τοῦ
2773 4519 2902 4572 ναοῦ
2950 4521 3205 4590 προσθεὶς
3251 4523 3440 4592 ὄνομα)
3467 4525 3702 4588 ἐπιστὰς
3773 4543 3788 4554 ⁶

2125 4613 2216 4662 καὶ
2253 4610 2552 4680 πυθόμενος
2585 4611 2708 4663 ὅτου
2753 4609 3006 4680 δεοίμην,
3043 4613 3254 4682 ἱμάτιον
3297 4614 3548 4682 ὠνήσατο
3585 4616 3702 4686 τρί-

2127 4713 2292 4768 χινον·
2329 4697 2520 4750 τούτου
2569 4699 2676 4768 γὰρ
2729 4693 2798 4767 ἦν
2846 4715 2936 4766 μοι
2993 4700 3128 4769 πρὸς
3169 4702 3414 4770 ἀνάγκης
3449 4705 3482 4772 ή
3521 4705 3702 4772 χρεία.

2131 4789 2359 4856 Ἕτερος
2399 4787 2456 4840 δέ
2488 4803 2570 4849 τις
2597 4786 2894 4856 προσαίτης
2921 4789 3015 4840 καὶ
3045 4785 3220 4853 οὗτος,
3261 4789 3416 4860 ’ίίμοὶ
3433 4791 3512 4854 δὲ,
3545 4795 3702 4862 φησὶ,

2127 4877 2400 4947 ἐπιτυχὼν
2453 4878 2574 4930 καθ’
2599 4878 2738 4941 ὁδὸν,
2791 4879 3010 4947 δαψιλὲς
3054 4879 3134 4943 είς
3182 4881 3476 4952 διατροφὴν
3521 4886 3706 4952 κέρμα

2127 4971 2366 5024 δεδώκει.
2397 4969 2590 5033 ’Ἄλλος
2613 4971 2668 5022 δὲ
2693 4971 2788 5022 καὶ
2813 4971 2976 5023 πάλιν
3007 4971 3310 5036 ὑπολαϐὼν,
3351 4975 3590 5036 Ἐκεῖνος
3611 4977 3710 5027 καὶ

2133 5064 2328 5132 βρέφος
2371 5055 2607 5130 ὑπὸτῆς
2650 5061 2976 5132 γειναμένης
3019 5063 3262 5126 ἐκτεθὲν,
3294 5063 3417 5133 ἔφη,
3455 5063 3548 5116 καὶ
3579 5083 3706 5116 κνυ-

2133 5151 2392 5220 ζούμενον
2430 5151 2770 5222 ἀνελόμενος,
2821 5153 3018 5224 ἐρεύνῃ
3073 5169 3130 5204 τε
3179 5152 3449 5222 φιλοπόνω
3477 5157 3710 5219 γυναῖκα

2133 5243 2378 5294 νεοτόκον
2423 5239 2622 5310 εὑρὼν,
2667 5241 3027 5312 παρατίθησιν
3061 5243 3196 5312 αὐτῇ
3245 5242 3476 5311 θηλάσαι
3505 5258 3566 5294 τε
3595 5243 3712 5310 ἅμα

2137 5335 2228 5385 καὶ
2272 5333 2531 5402 ἐκθρέψαι
2575 5333 2638 5385 τὸ
2683 5331 2900 5401 βρέφος,
2925 5333 3018 5386 δύο
3043 5333 3276 5402 χρυσοῦς
3311 5333 3446 5396 τέως
3471 5333 3710 5385 καταϐα-

2138 5421 2266 5486 λὼν,
2329 5423 2424 5474 καὶ
2479 5420 2532 5472 εἰ
2583 5437 2635 5472 τι
2697 5417 2826 5473 ἄλλο
2889 5419 2986 5490 τῆς
3055 5421 3182 5492 περὶ
3243 5421 3344 5488 τὴν
3399 5417 3704 5486 ἀνατροφὴν
