4034 6186
278 314 414 380 3149

1265 311 1440 373 VITA
1479 309 1526 368 Α
1562 306 1999 368 NICEPHORO
2039 307 2530 369 CONSCRIPTA.

3393 304 3531 369 £1.30

279 428 604 502 μισθαρνίας
670 425 1094 482 ἐπικαταϐαλεῖν
1161 426 1268 512 atat,
1317 425 1477 480 τοῦτο
1542 423 1846 496 βεδαιωσάο

1957 426 2061 478 mnl
2108 425 2424 496 dependens
2459 441 2682 491 aureos,
2733 437 3034 497 sancteque
3095 427 3372 498 spondens
3413 444 3534 496 per--

279 539 455 592 μενος.

347 698 475 770 pug”.
500 699 641 770 [lp‘ag
657 698 846 762 ταῦτα,
874 697 1071 750 πλείων
1089 691 1268 759 οἶκτος
1293 695 1458 749 αὑτοῦ
1479 693 1747 763 λαμϐάνει
1763 691 1855 745 τὸν

274 790 519 862 Συμεὼν,
539 791 630 843 καὶ
647 790 745 858 τῆς
765 789 972 844 ἄνωθεν
991 789 1128 859 ὑπὲρ
1147 786 1312 840 αὐτοῦ
1337 787 1496 841 πάλιν
1516 788 1722 845 ἐκεῖνος
1739 783 1857 852 φιλ-

274 881 588 952 ανθρωπίας
619 881 803 933 ἐδεῖτο.
837 879 924 949 Τῷ
964 879 1061 950 μὲν
1087 877 1178 930 οὖν
1211 878 1438 947 δικαστῇ
1465 876 1681 929 δέδοκτο
1709 875 1809 946 ἤδη
1835 915 1852 940 ,

273 973 363 1041 νηῒ
413 975 504 1026 τὸν
545 973 713 1043 ἄνδρα
760 971 956 1042 φόρτον
1011 970 1293 1038 ἐμϐαλεῖν,
1331 970 1425 1021 καὶ
1474 967 1678 1038 ταύτην
1717 967 1852 1020 ἀνά-

275 1068 450 1133 ψαπλι
489 1065 632 1118 κατά
683 1065 951 1132 πελάγους
984 1065 1222 1132 ἀφεῖναι,
1282 1059 1422 1113 ὥστε
1477 1059 1570 1112 τὸν
1618 1058 1854 1110 δείλαιον

278 1161 508 1222 ἐκεῖνον,
542 1159 611 1210 τά
643 1156 736 1210 δύο
765 1156 963 1218 ταῦτα,
1005 1154 1116 1224 πῦρ
1148 1154 1265 1225 ἅμα
1296 1155 1392 1208 καὶ
1437 1151 1582 1222 ὕδωρ
1621 1149 1851 1220 μερίσα-

278 1250 422 1303 σθαι.
461 1249 685 1301 Δέδοκτο
719 1246 910 1310 ταῦτα,
947 1246 1042 1300 καὶ
1075 1248 1108 1316 ἠ
1143 1245 1320 1315 ψῆφος
1347 1243 1590 1314 ἐκράτει,
1636 1242 1731 1294 καὶ
1761 1241 1852 1293 τὸν

277 1342 377 1410 μὲν
433 1339 719 1408 δεσμώτην
769 1339 1029 1406 ἀνάλογον
1063 1341 1120 1390 ἐν
1160 1339 1226 1407 τῇ
1279 1335 1492 1404 φυλακῇ
1528 1333 1852 1403 τηλικούτου

277 1432 601 1503 προσδοκίας
655 1429 826 1482 κακοῦ
883 1429 1001 1492 δέος
1034 1424 1147 1499 εἶχε
1180 1445 1193 1457 ·
1231 1429 1317 1480 τὸν
1351 1423 1578 1496 Συμεὼν
1622 1425 1678 1477 δὲ
1720 1441 1856 1494 χρη-

279 1524 502 1593 στότερα
534 1521 659 1590 περὶ
682 1520 844 1573 αὑτοῦ
879 1519 1082 1589 μᾶλλον
1104 1524 1130 1574 ὁ
1163 1522 1291 1589 περ)⁴
1313 1519 1440 1580 τοὺς
1469 1517 1670 1579 ἐνδεεῖς
1704 1515 1851 1568 ἐκεῖ·

276 1629 365 1664 νου
417 1612 564 1674 ἔλεος
593 1613 833 1675 ἐλπίζειν
874 1609 1068 1673 ἐποίει,
1102 1609 1238 1678 πρὸς
1278 1608 1427 1660 ἔλεον
1453 1607 1613 1660 πάλιν
1642 1606 1852 1676 ὁρῶντα

277 1703 556 1766 Θεοῦ,τοῦ
629 1704 725 1756 καὶ
783 1703 1044 1772 ποτήριον
1097 1699 1305 1769 ψυχροῦ
1369 1700 1700 1768 δεχομένου,
1759 1701 1852 1752 καὶ

1957 516 2270 574 soluturum
2315 518 2542 588 insuper
2569 517 2841 588 quidquid
2887 535 2989 587 pro
3017 518 3346 574 educatione
3376 519 3534 587 pueri

1955 605 2386 674 expenderctur.

2030 697 2151 751 477.
2193 699 2409 753 Auditis
2435 700 2608 762 hisce,
2637 701 2844 770 majore
2872 699 3110 770 Symeon
3141 699 3359 768 capitur
3382 714 3536 753 com-

1959 788 2312 844 miseratione
2344 789 2470 851 viri,
2518 790 2872 859 divinanique
2904 806 3002 860 pro
3044 806 3111 844 eo
3142 789 3535 859 benignitatem
3574 810 3580 816 -

1958 881 2189 950 supplex
2213 881 2561 950 deprecatur.
2587 881 2814 950 Jamque
2837 882 3005 935 lixum
3028 897 3093 935 ac
3125 890 3392 935 statutum
3420 890 3550 933 erat.

1952 973 2128 1042 judici
2181 973 2464 1028 hominem
2501 973 2622 1028 navi
2678 974 2987 1042 imponere,
3035 989 3266 1041 eamque
3321 972 3536 1040 injectis

1957 1061 2191 1117 ﬂammis
2215 1077 2498 1117 accensam
2527 1063 2870 1117 committere
2900 1049 3128 1132 pelago;
3168 1070 3226 1116 ut
3273 1063 3537 1116 miserum

1956 1151 2070 1208 duo
2105 1153 2394 1217 elementa,
2429 1154 2570 1222 ignis
2596 1163 2652 1208 et
2678 1169 2838 1222 aqua,
2887 1153 3226 1222 partirentur
3269 1152 3538 1222 quodam-

1955 1243 2123 1297 modo
2154 1244 2300 1298 inter
2341 1260 2418 1298 se.
2449 1245 2548 1308 lta,
2583 1245 2828 1314 inquam,
2880 1244 3050 1297 ﬁxum
3089 1244 3263 1314 judiei
3305 1251 3427 1297 erat
3475 1258 3538 1297 ac

1957 1333 2139 1388 stabat
2168 1335 2442 1389 sententia
2463 1353 2478 1400 ;
2501 1337 2859 1406 vinctumque
2894 1336 2950 1388 in
2978 1333 3228 1390 custodia
3261 1334 3380 1403 pari
3410 1350 3540 1403 pro-

1957 1425 2213 1493 portione
2275 1436 2456 1480 metus
2519 1428 2652 1482 tanti
2699 1429 2924 1499 jamjam
2983 1425 3241 1480 instantis
3289 1424 3418 1477 mali
3445 1439 3535 1478 oc-

1956 1525 2272 1585 cupaverat.
2307 1518 2509 1576 Verum
2549 1519 2766 1573 mitiora
2806 1520 2993 1573 omnia
3044 1533 3265 1588 sperare
3311 1518 3539 1588 Symeo—

1957 1621 2086 1659 nem
2127 1605 2354 1676 iubebat
2384 1607 2786 1671 misericordia,
2819 1623 2984 1676 quam
3027 1622 3152 1676 erga
3187 1607 3402 1675 indigos
3444 1608 3535 1661 ille

1957 1707 2307 1759 exercuerat,
2336 1700 2527 1755 oculos
2572 1701 2811 1756 vicissim
2845 1701 2902 1756 in
2939 1699 3376 1756 misericordiam
3437 1701 3532 1753 Dei

277 1789 544 1852 πλουσίως
610 1792 954 1860 ἀντιμετρεῖν
1013 1788 1217 1852 εἰδότος
1286 1789 1518 1856 ἀγαθαῖς
1579 1788 1844 1858 προαιρέ-

1957 1777 2389 1855 convertentem,
2444 1790 2539 1860 qui
2595 1805 2751 1859 aqum
2806 1791 2972 1845 etiam
3027 1789 3238 1859 frigidae
3302 1787 3529 1842 calicem

279 1896 445 1935 σεσιν.

347 2057 480 2128 ροη’.
499 2057 751 2128 Γεωργοῦ
767 2060 823 2113 δέ
854 2077 996 2122 τινος
1015 2061 1072 2113 ἐν
1094 2059 1268 2131 τούτῳ
1299 2060 1407 2113 τῶν
1432 2059 1642 2112 ἐκείνου
1668 2060 1856 2130 ἀγρῶν

279 2152 426 2219 παρὰ
459 2151 550 2203 τὸν
587 2153 776 2219 ’Ἂγιον
812 2150 1150 2216 ἀνελθόντος,
1175 2154 1428 2206 κάκείιου
1461 2155 1590 2224 περὶ
1624 2153 1718 2206 τοῦ
1751 2155 1850 2206 ἀν-

276 2237 400 2310 δρὸς
453 2243 734 2312 ἐρομένου,
772 2244 891 2313 ἥτις
930 2244 1059 2296 ποτὲ
1093 2245 1125 2315 ἡ
1171 2246 1292 2296 κατ’
1317 2244 1482 2298 αὐτοῦ
1531 2245 1711 2317 ψῆφος
1744 2247 1853 2316 εἴη,

276 2331 353 2395 ὡς
385 2333 587 2396 ἐκεῖνος
616 2335 684 2386 τὰ
709 2339 837 2406 περὶ
868 2335 1032 2388 αύτοῦ
1080 2335 1378 2405 δεδογμένα
1408 2337 1606 2406 φράσοι
1650 2353 1663 2366 ·
1696 2338 1723 2389 ὁ
1753 2337 1854 2390 Συ-

281 2425 427 2497 μεὼν
461 2427 794 2489 πεποιθότως
824 2428 1130 2492 ὑπολαϐὼν,
1183 2429 1318 2481 Ούδέ
1362 2428 1483 2499 θρὶξ
1518 2430 1582 2482 ἐκ
1630 2429 1731 2498 τῆς
1761 2447 1856 2483 κε-

280 2519 451 2587 φαλῆς
477 2518 640 2571 αὐτοῦ
682 2522 950 2582 πεσεῖται,
983 2515 1158 2584 εἶπεν,
1187 2521 1294 2572 οὐδ’
1328 2521 1375 2572 εξ
1422 2519 1623 2582 πάντες
1662 2523 1710 2574 ot
1747 2523 1852 2591 γῆς

277 2611 532 2680 ἄρχοντες
557 2614 674 2664 κατ’
703 2613 866 2665 αὑτοῦ
897 2613 1255 2684 ἀθροισθεῖεν.
1275 2614 1347 2666 Ού
1377 2613 1484 2683 γὰρ
1504 2612 1540 2667 ἃ
1559 2613 1637 2683 τῷ
1665 2615 1858 2684 ἄρχον-

277 2717 330 2754 τι
363 2705 494 2773 περὶ
539 2703 633 2756 τοῦ
682 2704 892 2776 ἀνδρὸς,
925 2706 1061 2759 ἀλλὰ
1095 2709 1159 2776 τῇ
1199 2705 1406 2760 ἄνωθεν
1436 2707 1604 2776 ψήφῳ
1636 2713 1857 2776 κέκριτο

283 2791 482 2861 μᾶλλον
498 2795 688 2865 ἐκείνῳ
711 2797 836 2866 περὶ
858 2796 1020 2848 αὐτοῦ
1047 2798 1408 2868 προφητεύειν
1434 2783 1856 2869 ἐπῄει.Ἔπειτα

281 2885 463 2952 μέντοι
492 2887 584 2939 καὶ
613 2887 688 2949 ὡς
717 2889 750 2956 ἡ
782 2889 902 2958 χεὶρ
933 2889 1045 2958 ἔχει
1067 2889 1332 2942 διακονεῖν
1371 2889 1466 2942 ἐπὶ
1488 2893 1586 2962 τῆς
1610 2890 1857 2961 φυλακῆς

277 2974 426 3046 αὐτῷ
456 2979 687 3049 παρῄνει
717 2979 809 3033 τὸν
845 2981 1119 3049 γεωργόνο
1139 2979 1246 3032 ”1ν⁹
1275 2975 1336 3033 εὗ
1373 2997 1456 3033 σοι
1489 2981 1627 3051 μετά
1660 2980 1855 3051 ταῦτα,

283 3069 437 3138 φησι.
468 3069 694 3138 γένηται
717 3071 847 3140 παρ’
879 3070 1065 3124 αὑτοῦ.
1109 3070 1166 3123 '0
1197 3071 1252 3123 δὲ
1293 3072 1446 3141 παρὰ
1480 3072 1542 3125 τὸ
1568 3072 1857 3144 δεσμωτή-

1958 1892 2230 1952 acceptat,
2255 1883 2527 1952 bonisque
2571 1884 2874 1954 pr0positis
2911 1884 3118 1938 allatim
3169 1882 3308 1937 solet
3353 1898 3535 1935 remu-

1958 1976 2162 2029 nerari.

2046 2067 2170 2122 178.
2195 2067 2406 2124 Interea
2427 2067 2650 2138 quidam
2679 2066 2918 2138 agricola
2959 2082 3023 2120 ex
3057 2066 3204 2120 illius
3239 2067 3382 2137 agris
3442 2067 3533 2120 ar!-

1957 2157 2189 2212 veniens
2229 2158 2296 2212 ad
2356 2167 2631 2220 sanctum,
2691 2158 3005 2212 sciscitatur
3061 2173 3250 2226 ecquze
3313 2158 3532 2210 tandem

1958 2261 2150 2308 contra
2173 2255 2450 2323 captivum
2475 2253 2748 2320 sententia
2765 2251 3246 2321 pronuntiaretur,
3269 2259 3532 2321 rogatque

1959 2352 2021 2399 ut
2044 2345 2358 2414 eloquetur,
2397 2343 2532 2414 quid
2557 2343 2704 2398 circa
2755 2343 2936 2413 ipsum
2958 2342 3321 2397 constitutum
3354 2357 3417 2408 ac
3440 2342 3534 2396 dc-

1958 2443 2172 2491 cretum
2204 2436 2612 2504 sit.Excipiens
2636 2443 2882 2494 sanctus,
2908 2432 3251 2489 conﬁdenter
3277 2433 3491 2502 reponit
3519 2453 3530 2485 :

1958 2529 2037 2583 Ne
2071 2527 2302 2596 capillus
2352 2526 2577 2596 quidem
2605 2526 2676 2581 de
2727 2526 2905 2595 capite
2955 2525 3077 2594 ejus
3121 2523 3299 2587 cadet,
3346 2539 3456 2577 non
3485 2526 3528 2578 si

1958 2633 2152 2672 omnes
2179 2617 2348 2672 totius
2371 2628 2533 2672 terrae
2567 2615 2852 2686 principes
2911 2605 3177 2667 adversus
3214 2614 3394 2683 ipsum
3435 2630 3533 2668 co-

1958 2708 2066 2764 acti
2096 2707 2304 2762 fuerint
2331 2723 2344 2759 :
2377 2721 2488 2760 non
2513 2706 2661 2759 enim
2685 2720 2807 2773 qua:
2829 2703 3104 2773 principis
3140 2703 3376 2768 calculo,
3439 2704 3533 2758 sed

1959 2799 2145 2870 potius
2177 2813 2299 2867 quae
2338 2797 2524 2854 divino
2563 2795 2806 2866 judicata
2843 2803 3068 2863 rataque
3109 2805 3290 2855 erant,
3341 2796 3532 2850 vatici-

1958 2887 2216 2941 nabatur.
2259 2886 2468 2941 Deinde
2521 2887 2689 2940 etiam
2744 2885 3071 2947 hortabatur
3111 2885 3427 2955 agricolam,
3474 2901 3534 2940 ut

1960 2978 2061 3050 ipsi
2090 2991 2355 3048 quantum
2377 2985 2562 3047 posset
2592 2977 2649 3030 in
2674 2977 2923 3032 custodia
2973 2977 3364 3032 famularetur:
3392 2977 3534 3044 Quo.

1961 3069 2266 3139 inquiebat,
2292 3069 2530 3139 benigne
2561 3069 2664 3123 tibi
2697 3068 3066 3138 ﬁatdeinceps
3099 3069 3168 3123 ab
3191 3069 3329 3140 ipso.
3351 3069 3536 3125 Currit

279 3178 394 3229 ριον
421 3162 681 3233 δρομαῖος
710 3162 902 3226 ἐλθὼν,
934 3162 1154 3231 κομίζει
1185 3163 1262 3233 τῷ
1294 3164 1574 3236 καταδίκῳ
1614 3167 1715 3234 τῆς
1748 3184 1853 3218 σω-

1963 3161 2054 3216 ille
2084 3159 2364 3215 curriculo
2388 3160 2456 3214 ad
2477 3159 2779 3225 carcerem,
2823 3160 3225 3216 faustissimum
3275 3161 3534 3215 damnato

277 3252 466 3322 τηρίας
496 3253 562 3306 τά
614 3253 926 3321 εὐαγγέλια⁹
961 3255 1078 3326 ᾔδει
1119 3255 1251 3325 γάρ,
1301 3255 1416 3326 ᾔδει
1449 3259 1595 3327 σαφῆ
1643 3275 1858 3328 προφη-

281 3344 432 3396 τείαν
483 3340 625 3399 εἶναι
679 3345 748 3398 τὰ
799 3346 905 3399 ὑπὸ
957 3347 1050 3400 τοῦ
1105 3347 1284 3401 Ὀσίου
1319 3348 1611 3417 λεγόμενα,
1642 3350 1856 3413 πολλοῖς

280 3434 828 3504 προλαδοῦσιν,ἀλλά
888 3439 984 3492 καὶ
1042 3439 1223 3508 πολλῷ
1281 3439 1546 3509 μείζοσιν,
1582 3440 1723 3510 ἔχων
1761 3441 1855 3493 καὶ

279 3526 412 3597 περὶ
444 3527 551 3579 τῶν
586 3529 872 3598 παρόντων
917 3529 1164 3601 θαρρεῖν.
1219 3530 1331 3600 Τῆς
1367 3530 1412 3580 δ’
1469 3529 1729 3603 ἐπιούσης
1759 3532 1855 3582 ἐπὶ

279 3617 523 3686 βήματος
574 3615 729 3682 αὖθις
785 3619 878 3672 τοῦ
912 3620 1171 3690 ἄρχοντος
1232 3621 1699 3690 προκαθίσαντος,
1762 3619 1857 3673 καὶ

277 3708 387 3760 ἀπὸ
419 3709 518 3778 τῆς
545 3709 790 3779 φυλακῆς
836 3708 1347 3779 μεταστειλαμένου,
1375 3711 1424 3760 οἱ
1462 3709 1560 3778 μὲν
1592 3710 1858 3777 παρόντες

275 3799 578 3868 ἀνήρτηντο
603 3801 724 3862 ταῖς
750 3801 878 3868 περὶ
911 3799 1078 3852 αὑτοῦ
1105 3798 1322 3852 ἐλπίσιν
1354 3815 1368 3830 ο
1407 3799 1436 3850 ὁ
1476 3799 1533 3852 δὲ
1569 3799 1853 3867 συμπαθές

274 3907 330 3943 τι
364 3892 458 3944 καὶ
485 3892 696 3963 ἥμερον
728 3895 810 3954 εἰς
859 3892 1021 3945 αὑτὸν
1073 3891 1217 3956 ἰδὼν,
1249 3892 1428 3962 ἀφῆκε
1477 3892 1656 3959 πάσης
1694 3891 1856 3944 αὐτὸν

275 3982 430 4052 παρά
485 3985 668 4035 πᾶσαν
732 3982 1061 4054 προσδοκίαν
1095 3981 1329 4052 εὐθύνης
1359 3996 1374 4010 ·
1417 3981 1512 4033 καὶ
1566 3980 1720 4050 παρά
1759 3982 1853 4032 τὸν

277 4072 468 4139 Ἀγιον
493 4072 754 4135 ἀνελθὼν,
785 4075 853 4126 τά
882 4075 978 4142 τῆς
1020 4075 1165 4144 ζωῆς
1200 4073 1346 4144 αὐτῷ
1380 4075 1715 4144 χαριστήρια
1748 4090 1850 4126 πε-

279 4165 519 4234 ριφανῶς
544 4165 833 4235 ὡμολόγει,
864 4163 952 4218 οἷα
975 4167 1228 4230 θανάτου,
1262 4165 1362 4234 φεῦ
1393 4167 1406 4218 !
1443 4165 1848 4234 αἰσχίστου-καὶ

277 4257 611 4326 πικροτάτου
640 4259 826 4327 εὐχαῖς
849 4257 1058 4311 ἐκείνου
1090 4257 1185 4311 καὶ⁵
1221 4258 1544 4328 πρεσϐείαις
1572 4256 1855 4326 ἀπηλλαγ-

279 4347 462 4414 μένος.
499 4347 655 4400 Οὖτω
718 4349 818 4418 μὲν
874 4345 969 4402 οὖν
1026 4350 1178 4402 οὐδὲν
1229 4348 1338 4401 τῶν
1392 4348 1496 4400 ὑπὸ
1546 4346 1639 4400 τοῦ
1675 4347 1853 4398 ὐσίου

272 4438 694 4507 προειρημένων
732 4439 1128 4507 διαπεπτώκει,
1155 4439 1292 4494 ἀλλὰ
1344 4439 1634 4508 σύμφωνον
1685 4443 1851 4500 πᾶσιν

273 4529 459 4590 αὐτοῖς
499 4531 564 4581 ἐκ
618 4528 713 4582 τοῦ
759 4531 944 4591 τέλους
975 4532 1073 4583 καὶ
1119 4531 1181 4583 τὸ
1233 4530 1392 4600 ἔργον
1425 4531 1640 4598 ἀπήντα
1668 4547 1684 4562 ·
1722 4531 1854 4599 ἡμῖν

197 4644 200 4646 ·
271 4617 332 4670 δὲ
367 4621 459 4671 καὶ
487 4621 556 4673 τὰ
582 4622 708 4694 ἑξῆς
727 4623 835 4676 τῶν
873 4621 1038 4677 αὐτοῦ
1071 4623 1367 4691 θαυμάτων
1395 4621 1704 4684 ἀκολούθως
1730 4622 1851 4674 δια-

271 4711 524 4780 ληπτέον.

1959 3253 2153 3306 salutis
2186 3254 2441 3306 nuntium
2475 3261 2738 3322 portans:
2773 3262 3004 3308 noverat
3059 3253 3228 3318 enim,
3260 3264 3319 3308 et
3362 3253 3536 3326 probe

1959 3351 2188 3396 noverat
2242 3353 2450 3398 certam
2481 3360 2603 3400 esse
2639 3344 3018 3416 prophetiam;
3055 3360 3123 3399 ex
3181 3345 3373 3399 multis
3419 3348 3532 3416 jam

1958 3441 2086 3487 ante
2119 3435 2460 3496 memoratis,
2494 3435 2606 3489 imo
2625 3444 2680 3489 et
2713 3436 2874 3504 longe
2929 3435 3186 3504 pluribus
3237 3451 3534 3505 persuasus

1958 3524 2027 3578 de
2073 3525 2434 3594 praesentibus
2485 3525 2626 3580 bene
2659 3541 2904 3595 sperare.
2956 3527 3184 3580 Postero
3221 3526 3309 3580 die
3344 3527 3535 3595 ,prin-
3602 3588 3607 3592 _

1958 3615 2080 3686 cipe
2099 3631 2200 3685 pro
2226 3615 2487 3669 tribunali
2506 3615 2690 3671 denuo
2706 3616 2956 3681 sedente,
2988 3617 3346 3685 vincturaque
3372 3633 3403 3671 e
3434 3634 3535 3670 cu-

1956 3707 2134 3761 stodia
2188 3707 2396 3762 accersi
2450 3707 2701 3776 jubente,
2774 3707 3090 3778 pendebant
3133 3707 3352 3771 animis,
3382 3723 3534 3777 spem

1957 3799 2104 3853 inter
2135 3807 2192 3854 et
2220 3807 2431 3854 metum
2455 3798 2631 3861 dubii,
2655 3808 2928 3868 quotquot
2954 3799 3184 3852 aderant
3206 3798 3407 3869 :judex
3441 3817 3538 3854 au-

1959 3899 2066 3944 tem
2125 3891 2363 3960 benigno
2412 3890 2740 3962 placidoque
2796 3891 2953 3945 vultu
3025 3891 3201 3960 ipsum
3279 3892 3530 3957 intuitus,

1956 3989 2158 4052 praeter
2185 3982 2432 4036 omnium
2487 3985 2952 4052 exspectationem
2985 3983 3134 4036 oiuni
3181 3983 3416 4037 liberum
3437 3986 3530 4055 ju-

1957 4073 2103 4128 dicio
2128 4073 2371 4128 dimisit:
2407 4073 2502 4144 qui
2528 4073 2596 4126 ad
2645 4082 2897 4127 sanctum
2939 4088 3264 4144 properans,
3311 4090 3536 4129 conser-

1954 4177 2138 4221 vatam
2167 4167 2361 4233 vitam,
2395 4181 2595 4220 munus
2649 4165 2824 4236 ipsius
2873 4181 2997 4221 esse
3049 4166 3228 4236 palam
3275 4168 3534 4222 omnibus

1955 4255 2244 4310 confessus
2263 4265 2366 4317 est,
2391 4264 2547 4310 ratus
2580 4256 2914 4327 turpissimae
2940 4266 3106 4328 atque
3161 4259 3530 4314 acerbissinne

1956 4348 2121 4400 morti
2156 4347 2416 4417 precibus
2439 4348 2589 4403 illius
2617 4364 2681 4404 ac
2702 4349 3103 4404 intercessione
3134 4365 3192 4404 se
3215 4361 3533 4422 exemptum

1958 4451 2101 4492 esse.
2129 4438 2221 4492 Sic
2251 4438 2418 4509 igitur
2441 4439 2582 4494 nihil
2611 4455 2824 4507 eorum,
2847 4457 2970 4514 qua:
3002 4450 3230 4498 sanctus
3273 4444 3536 4512 praedice-

1962 4528 2077 4594 bat,
2114 4529 2267 4582 exitu
2296 4527 2690 4596 lrustrabatur,
2722 4533 2816 4587 sed
2852 4535 3007 4603 paria
3027 4534 3309 4590 vaticiniis
3348 4539 3530 4590 omni-

1958 4619 2063 4676 bus
2084 4618 2202 4689 ipso
2221 4628 2423 4675 eventu
2457 4623 2866 4693 respondebant
2890 4640 3078 4698 opera.
3109 4626 3311 4682 Verum
3336 4636 3533 4683 caetera

1957 4712 2132 4782 ipsius
2166 4713 2440 4778 mirabilia
2469 4715 2782 4774 successive
2813 4717 3199 4792 prosequenda
3240 4727 3390 4772 sunt.

1686 4853 1913 4910 CAPUT
1953 4853 2146 4908 XXIII.

839 4972 1091 5027 Tormina
1134 4983 1411 5036 curantur,
1444 4973 1744 5026 inobedicns
1783 4973 2000 5042 punitur
2029 4986 2046 5024 :
2077 4971 2311 5024 absentia
2363 4969 2610 5043 Symeoni
2651 4973 3005 5029 innotescunt.

350 5082 482 5152 ροθ’,
510 5083 692 5155 Γέρων
714 5102 797 5146 τις
827 5085 1238 5156 ἀμπελουργὸς,
1261 5086 1369 5137 ἀπὸ
1391 5085 1592 5155 χωρίου
1631 5085 1849 5154 Σάμϐου

271 5173 610 5240 καλουμένου
646 5177 812 5239 τινος,
841 5180 960 5238 ταῖς
992 5177 1259 5246 ἀμπέλοις
1297 5175 1639 5244 ἐγκεκυφὼς,
1674 5175 1850 5240 ἔδοξεν

265 5261 346 5326 ὡς
378 5263 484 5335 ἄρα
518 5268 822 5334 φωνήσειεν
877 5267 1100 5334 αὖτδνὴ
1150 5265 1308 5335 γυνὴ.
1347 5267 1441 5316 καὶ
1489 5265 1686 5333 ἀθρόον
1734 5268 1854 5315 ἐπι-

271 5353 538 5422 στραφεὶς
567 5355 782 5424 ἐκείνην
812 5355 910 5424 μὲν
944 5355 1042 5424 οὐχ
1071 5356 1172 5425 ὁρᾷ
1202 5356 1419 5424 (φάσμα
1447 5356 1554 5424 γάρ
1576 5371 1629 5405 τι
1659 5354 1849 5422 δαιμό-

266 5457 385 5496 νιον
415 5440 484 5514 ἦν
514 5445 615 5515 τῆς
643 5447 901 5515 γυναικὸς
928 5447 1066 5500 οἴκοι
1101 5447 1424 5517 μενούσης),
1464 5447 1623 5509 αὐτὸς
1652 5447 1708 5499 δὲ
1750 5447 1850 5500 ὑπ-

268 5535 520 5606 εσπάσθη
556 5537 627 5590 τὰ
663 5537 844 5600 ἔνδον,
887 5544 979 5591 καὶ
1020 5539 1217 5609 φόρτος
1251 5537 1400 5607 αὐτῴ
1433 5539 1646 5605 γεγόνει
1675 5537 1851 5590 ταῦτα

268 5621 524 5688 ἐλεεινὸς.
579 5627 738 5699 ἄχρις
778 5628 958 5682 αὐτῶν
1003 5627 1328 5699 καθειμένος
1357 5629 1623 5695 γονάτων.
1658 5629 1716 5678 ’0
1753 5629 1850 5697 μὲν

265 5714 334 5786 δὴ
377 5719 609 5793 καμάτῳ
656 5721 836 5792 πολλῷ
866 5723 960 5776 καὶ
1009 5721 1193 5793 μόχθῳ
1248 5723 1379 5792 πρὸς
1417 5723 1507 5775 τὸν
1547 5722 1688 5774 θεῖον
1752 5726 1847 5775 ἁν-

2032 5082 2149 5136 179.
2185 5083 2366 5138 Senex
2403 5084 2651 5153 quidam,
2699 5087 2880 5140 cultor
2926 5089 3123 5151 vineae,
3181 5107 3247 5146 ex
3284 5093 3406 5149 loco
3437 5098 3530 5166 qui

1956 5172 2190 5228 Sambus
2225 5175 2466 5238 dicitur,
2515 5177 2762 5230 colendis
2797 5177 3006 5234 vitibus
3049 5198 3260 5239 navans
3288 5198 3534 5254 operam.

1957 5265 2188 5334 putabat
2236 5266 2304 5319 ab
2362 5283 2532 5322 uxore
2595 5285 2697 5324 sua
2729 5285 2787 5323 se
2841 5272 3050 5338 vocari,
3098 5289 3160 5328 ac
3196 5287 3423 5345 repente
3470 5295 3538 5332 co

1956 5373 2278 5421 conversus,
2305 5375 2530 5414 uxorem
2557 5362 2764 5418 nullam
2788 5363 2958 5428 videt,
2981 5366 3305 5434 phantasma
3331 5371 3535 5440 quipp:-

1959 5449 2224 5504 daemonis
2245 5451 2521 5520 quoddam
2557 5461 2697 5520 erat,
2731 5457 3021 5511 mulierem
3053 5460 3200 5514 domi
3223 5470 3539 5518 manentem

1961 5540 2134 5610 probe
2162 5542 2504 5599 simulantis:
2526 5553 2582 5599 at
2602 5546 2719 5616 ipse
2739 5548 3047 5604 visceribus
3064 5553 3400 5624 distorqueri
3426 5570 3538 5609 eme

1961 5632 2062 5702 pit,
2093 5649 2215 5703 qua:
2239 5634 2589 5705 importabile
2610 5638 2748 5693 adeo
2766 5655 2830 5695 ac
2851 5640 3168 5698 miserabile
3193 5659 3338 5700 onus
3395 5645 3539 5699 facta

1961 5736 2140 5795 erant,
2179 5738 2236 5782 ut
2264 5728 2380 5798 ipsa
2409 5746 2588 5801 genua
2619 5732 2993 5789 subsiderent.
3043 5735 3216 5806 Igitur
3249 5731 3546 5794 laboribus
