4034 6186
473 327 608 392 3151

1778 313 2154 382 SYMEONIS
2191 313 2553 382 JUNIORIS

3575 301 3762 385 ‘3'152'

471 454 634 512 atque
653 437 914 494 aerumnis
940 437 1136 507 impar,
1156 435 1224 490 ad
1249 443 1500 490 sanctum
1526 435 1854 506 Symeoncm
1880 434 1982 488 add
1993 449 2049 486 u-

2175 431 2395 501 τνεχθεὶς
2427 429 2673 501 Συμεὼν,
2702 427 2807 499 πρὸ
2832 428 2929 498 τῆς
2964 427 3130 482 αὑτοῦ
3163 427 3408 492 στάσεως
3439 429 3742 483 ἐκυλινδεῖ-

472 544 612 596 ctus,
635 537 762 588 ante
798 530 1109 585 columnam
1141 528 1344 582 misere
1367 527 1760 582 volutabatur:
1794 525 1946 596 quod
1969 525 2052 581 fa-

474 641 500 674 ‹··
511 632 624 676 ιυηι
639 621 952 688 fuerat,non
965 620 1152 675 verbis
1169 620 1342 690 magis
1353 635 1517 688 quam
1532 619 1796 692 lacrymis
1809 619 2051 674 ubertim

475 721 571 774 per
586 713 786 760 terram
801 705 1170 770 ﬂuitantibus,
1198 703 1520 767 enuntians,
1541 713 1707 774 atque
1724 702 2056 758 calamitatis

475 812 586 850 suae
608 797 938 850 levationem
964 796 1319 865 precabatur.
1379 796 1480 852 Cui
1519 812 1758 867 surgens
1795 805 2052 850 sanctus:

477 886 644 950 Vade,
681 887 884 955 inquit,
907 885 1084 940 donec
1099 897 1360 955 superato
1383 887 1578 950 ﬂuvio,
1615 885 1906 940 adversum
1921 899 2056 938 con-

475 978 763 1032 scenderis
792 986 1071 1043 montem;
1098 987 1154 1032 et
1185 978 1254 1032 da
1295 979 1526 1048 gloriam
1563 979 1674 1032 Deo
1723 993 1820 1046 per
1855 991 1961 1030 me.
2006 975 2058 1031 ls

475 1078 658 1122 autem
681 1067 850 1121 verba
881 1067 1066 1122 haecin
1103 1073 1249 1120 terra
1275 1067 1440 1130 bona,
1459 1065 1633 1120 veluti
1666 1081 1854 1121 semen
1878 1066 2056 1134 quod-

477 1159 823 1222 dam,cordis
849 1158 974 1212 sinu
1010 1158 1312 1226 excipiens,
1341 1172 1468 1211 cum
1485 1158 1596 1226 jam
1627 1158 1684 1210 in
1713 1165 1954 1210 montem
1984 1171 2052 1209 ex

477 1251 728 1321 opposito
750 1251 916 1305 situm
946 1249 1144 1303 enixus
1169 1257 1336 1309 esset,
1365 1248 1433 1301 ad
1469 1249 1574 1300 viri
1606 1247 1702 1302 Dei
1743 1248 2052 1300 columnam

477 1357 800 1405 conversus,
835 1341 1111 1404 manibus,
1141 1340 1304 1394 simul
1337 1355 1460 1392 cum
1487 1353 1583 1408 spe
1603 1347 1660 1392 et
1690 1337 1928 1392 cordein
1943 1353 2058 1392 ca:-

477 1437 560 1492 los
575 1435 790 1500 levatis,
825 1435 1058 1505 genibus
1077 1449 1140 1488 ac
1151 1435 1307 1486 vultu
1328 1434 1382 1486 in
1403 1441 1602 1486 terram
1621 1429 1869 1502 dejectis,
1887 1433 2057 1486 Deum

479 1544 576 1596 per
619 1527 980 1580 mediatorem
1012 1523 1344 1595 Symeonem
1373 1540 1474 1593 pro
1507 1524 1834 1578 liberatione
1876 1521 2060 1592 depri-

479 1619 679 1674 mentis
708 1634 766 1674 se
798 1617 926 1671 mali
967 1617 1283 1682 invocabat,
1329 1627 1385 1670 et
1417 1617 1680 1670 continuo
1711 1614 1856 1684 (quis
1903 1611 2059 1667 audi-

483 1711 632 1766 tione
686 1709 820 1764 tanti
865 1709 1113 1764 miraculi
1147 1725 1256 1762 non
1288 1707 1700 1778 obstupescct?)
1751 1715 1934 1760 tumor
1965 1705 2058 1759 ille

2159 539 2239 585 το,
2273 521 2334 574 τὸ
2367 521 2591 590 γεγονὸς
2623 518 2986 590 ἀπαγγέλλων
3025 521 3085 572 οὐ
3113 519 3320 590 ῥήμασι
3355 521 3554 590 μᾶλλον
3582 521 3614 591 ἢ
3647 520 3746 575 δά·

2159 612 2431 686 κρυσιν,ἂ
2460 613 2524 680 δὴ
2556 612 2726 666 πολλὰ
2771 612 3034 681 κατέχεεν
3076 611 3171 663 τοῦ
3217 610 3471 678 ἐδάφους,
3503 613 3596 664 καὶ
3639 611 3746 681 τῆς
3783 603 3808 632 ⁸

2161 704 2454 773 συμφορᾶς
2485 702 2870 772 ἀπαλλαγῆναι
2907 702 3181 772 δεόμενος.
3225 702 3286 754 '0
3313 701 3372 754 δὲ
3417 701 3738 766 διαναστάς,

2159 797 2424 866 Πορεύου,
2469 795 2574 866 ἔφη
2605 810 2617 822 ·
2650 796 2737 848 ἐπ’
2773 795 2840 848 ἂν
2879 799 3060 864 μέντοι
3103 793 3470 862 τὸνποταμὺν
3503 810 3748 864 περαιω-

2157 886 2270 948 θεὶς
2301 885 2394 946 τοῦ
2427 885 2724 956 ἀντιπέρας
2759 885 2956 954 ἐπιϐῇς
2979 885 3170 955 ὅρους,
3195 883 3284 946 δὸς
3313 884 3474 950 δᾶξαν
3508 884 3576 936 δι’
3607 885 3744 952 ἐμοῦ

2158 976 2236 1047 τῷ
2264 977 2403 1049 Θεῷ.
2445 978 2502 1030 ’0
2535 978 2590 1031 δὲ
2615 979 2705 1030 τὸν
2736 976 2891 1046 λόγον
2912 977 3056 1030 κατά
3090 975 3188 1042 τὴν
3228 976 3446 1045 ἀγαθὴν
3483 977 3608 1044 γῆν,
3637 977 3750 1027 olo-

2158 1069 2238 1122 νεί
2270 1081 2392 1122 τινα
2441 1069 2662 1139 σπόρον,
2692 1071 2749 1122 ἐν
2778 1071 2889 1132 τοῖς
2927 1071 3026 1138 τῆς
3055 1069 3282 1138 καρδίας
3327 1069 3550 1132 κόλποις
3573 1068 3746 1140 ,δεξά-

2163 1177 2344 1229 μενος,
2375 1161 2451 1222 ὡς
2490 1161 2588 1230 ἥδη
2619 1159 2713 1213 τοῦ
2764 1159 2890 1214 κατ’
2925 1161 3155 1231 ἀντικρὺ
3187 1161 3350 1232 ὅρους
3375 1161 3572 1232 ἐπέϐη,
3605 1164 3748 1232 πρὶς

2157 1255 2250 1305 τὸν
2291 1253 2481 1306 στύλον
2523 1253 2616 1306 τοῦ
2663 1253 2856 1324 ἀνδρὸς
2899 1253 3258 1324 ἐπιστρέψας,
3295 1253 3520 1317 καὶτὰς
3547 1258 3748 1324 χεῖρας

2163 1342 2301 1411 μετὰ
2327 1343 2434 1394 τῶν
2463 1343 2695 1396 ἐλπίδων
2723 1343 2816 1396 καὶ
2846 1348 2944 1413 τῆς
2967 1345 3194 1415 καρδίας
3224 1347 3303 1407 είς
3325 1345 3591 1418 οὐρανοὺς
3617 1345 3756 1398 ἀνα-

2159 1436 2360 1500 τείνας,
2399 1435 2603 1502 γόνατά
2645 1453 2704 1488 τε
2750 1435 2844 1489 καὶ
2873 1436 3024 1506 ὂψεις
3064 1440 3134 1506 γῇ
3159 1437 3426 1502 δεδωκὼς,
3467 1439 3560 1491 τὸν
3613 1437 3754 1490 Θεδν

2159 1526 2265 1579 ὑπὸ
2296 1525 2488 1598 μεσίτῃ
2522 1527 2599 1597 τῷ
2629 1527 2858 1597 Συμεὼν
2885 1528 2966 1590 είς
2997 1528 3317 1600 ἀπαλλαγὴν
3347 1530 3450 1599 τῆς
3479 1531 3752 1600 κατεχού-

2163 1637 2263 1690 σης
2292 1620 2456 1673 αὐτὸν
2485 1619 2732 1688 ἀνάγκης
2765 1620 3103 1673 ἐπεκαλεῖτο.
3135 1622 3242 1674 Καὶ
3267 1622 3618 1694 παραχρῆμα
3643 1623 3756 1692 (τίς

2165 1711 2264 1764 οὐκ
2295 1709 2361 1764 ἂν
2391 1711 2528 1781 ἀκοῇ
2555 1709 2615 1763 τδ
2645 1710 2828 1781 θαῦμα
2869 1713 3277 1782 καταπλαγείη;
3303 1714 3322 1782 >
3369 1715 3397 1766 ὁ
3431 1713 3759 1785 τηλικοῦτος

481 1805 784 1856 immensus
813 1801 1061 1864 evanuit,
1107 1800 1366 1854 omnibus
1394 1799 1568 1868 ipsius
1621 1797 1886 1851 membris
1913 1805 2062 1850 recte

2175 1803 2442 1856 διαλέλυτο
2465 1803 2648 1870 ὄγκος,
2673 1804 2842 1871 ὑγιῶς
2864 1805 3013 1873 αὐτῷ
3039 1801 3257 1858 πάντων
3285 1806 3382 1859 καὶ
3411 1807 3552 1860 κατὰ
3585 1805 3758 1876 φύσιν

479 1911 542 1948 ac
563 1903 933 1965 congruenter
959 1903 1171 1949 naturae
1203 1907 1262 1946 se
1291 1890 1938 1958 habentibus.Quotquot
1959 1888 2061 1942 ita-

481 2003 586 2055 que
611 1987 816 2042 conscii
852 1984 1181 2040 calamitatis
1209 1984 1356 2038 illius
1379 1983 1625 2046 fuerunt,
1655 1982 1917 2061 ii'nempe
1940 1995 2062 2034 om-

481 2095 581 2134 nes
613 2078 708 2148 qui
758 2092 982 2132 manum
1017 2075 1347 2146 adjutricem
1391 2074 1750 2128 admoveutes
1775 2072 1956 2141 ipsum
2007 2070 2062 2123 in

481 2179 726 2224 montem
787 2168 1220 2230 transtulerant,
1275 2166 1500 2220 eosdem
1553 2163 1789 2234 prodigii
1844 2177 2064 2232 quoque

483 2264 734 2318 conscios
761 2262 924 2327 fecit;
955 2275 1191 2330 cumque
1219 2263 1581 2312 monstrasset
1603 2271 1712 2326 quo
1729 2263 1890 2326 pacto
1907 2254 2065 2308 malis

483 2361 771 2422 exemptus
799 2359 965 2415 esset,
989 2351 1152 2406 simul
1175 2350 1240 2403 ad
1261 2357 1510 2404 sanctum
1549 2347 1855 2412 redierunt,
1901 2343 2064 2398 simul

487 2443 814 2498 beneficium
867 2439 1104 2496 confessi
1141 2447 1506 2509 agnoverunt.

559 2646 683 2701 180.
723 2644 912 2714 Magna
936 2643 1158 2712 quidem
1183 2649 1240 2696 et
1261 2640 1549 2704 mirabilis,
1579 2639 1714 2700 scio,
1743 2635 2068 2707 acciditpiis

487 2737 716 2790 auribus
741 2737 856 2789 haec
883 2733 1148 2798 narratio,
1181 2733 1346 2788 habet
1375 2741 1556 2786 tamen
1583 2732 1748 2785 etiam
1775 2743 2066 2800 supparem

491 2831 660 2890 illam,
698 2843 819 2896 qua:
851 2826 1125 2896 sequitur.
1173 2824 1329 2879 Alius
1369 2823 1617 2894 quidam,
1645 2821 1888 2877 Cresarea
1931 2821 2069 2892 Cap-

491 2921 733 2991 padociae
760 2917 1052 2984 oriundus,
1086 2934 1117 2972 a
1142 2933 1200 2973 re
1225 2917 1482 2971 familiari
1519 2917 1726 2971 aﬂatim
1756 2931 1862 2970 nec
1887 2915 2070 2971 minus

488 3033 516 3068 ιι
547 3015 767 3086 generis
797 3013 1086 3068 nobilitate
1119 3013 1446 3074 instructus,
1469 3009 1662 3083 iisdem
1686 3009 1890 3072 quibus
1913 3023 2073 3078 supe-

493 3107 606 3158 rior
661 3105 995 3158 torminibus
1041 3104 1365 3174 ventrisque
1409 3111 1624 3160 tumore
1653 3099 2020 3154 afﬂictabatur
2049 3116 2064 3164 ;
2093 3125 2136 3186 ρ

487 3199 708 3266 jamque
732 3195 1038 3250 substantia
1064 3194 1214 3249 omni
1239 3196 1294 3248 in
1319 3193 1659 3248 medicorum
1683 3201 1856 3245 artem
1875 3205 2072 3260 expen-

493 3305 572 3354 sa,
604 3287 753 3342 aliud
786 3287 925 3359 nihil
953 3285 1314 3339 emolumenti
1342 3293 1583 3354 ceperat,
1609 3299 1770 3352 quam
1801 3283 1947 3352 quod
1987 3283 2074 3336 di-

493 3379 690 3433 dicerit
741 3377 1079 3432 curationem
1113 3377 1411 3430 humanam
1443 3391 1561 3430 esse
1585 3389 2071 3445 supervacaneam,

493 3470 730 3538 ideoque
761 3469 826 3522 ad
855 3467 1099 3522 divinam
1134 3467 1306 3521 divini
1343 3466 1576 3537 hujusce
1612 3466 1716 3519 viri
1749 3480 1908 3534 opem
1945 3479 2076 3517 con-

492 3561 714 3634 fugerit.
745 3561 824 3615 Eo
855 3561 1042 3630 itaque
1065 3575 1189 3614 cum
1222 3559 1555 3622 advenisset,
1577 3571 1792 3628 preces,
1815 3557 2072 3627 gemitus,

493 3657 780 3724 lacrymas,
817 3662 874 3706 ct
912 3653 958 3706 si
988 3651 1120 3720 quid
1159 3659 1420 3720 praeterea
1467 3659 1554 3704 est
1585 3648 1734 3718 quod
1783 3647 2076 3702 commise-

497 3745 766 3798 rationem
819 3743 964 3796 ciere
1017 3742 1124 3811 piis
1169 3740 1457 3794 animabus
1501 3739 1694 3809 possit,
1729 3752 1828 3807 pro
1863 3737 2075 3791 incolu-

499 3837 686 3888 mitate
717 3845 772 3887 et
812 3834 1062 3887 dolorum
1102 3832 1428 3900 depulsione
1460 3830 1778 3884 exhibebat.
1807 3829 1904 3882 His
1945 3841 2076 3880 vero

499 3929 736 3998 Symeon
768 3925 837 3979 ad
887 3925 1267 3980 miserandum
1321 3933 1532 3982 motus.
1561 3936 1756 3976 versus
1801 3921 1949 3974 illam
1977 3920 2079 3972 mi-

500 4015 855 4070 sericordiam
890 4015 1081 4068 oculos
1107 4015 1356 4075 sustulit,
1391 4029 1513 4082 quae
1540 4011 1808 4081 quidquid
1841 4009 2080 4079 petimus

500 4123 718 4176 semper
741 4107 938 4161 tribuit
970 4124 983 4158 :
1025 4106 1382 4174 sentiensque
1415 4103 1744 4158 diviniorem
1780 4099 2076 4170 quamdam

503 4200 554 4253 in
579 4215 636 4254 se
658 4199 884 4269 gratiam
905 4215 917 4250 :
935 4197 1271 4262 Ascendens,
1294 4197 1494 4266 inquit,
1519 4195 1897 4265 appropinqua
1919 4193 2075 4246 mihi.

502 4290 604 4354 Qui
633 4303 758 4342 cum
781 4288 928 4357 jussa
955 4303 1079 4341 mox
1102 4303 1419 4356 capesccns,
1443 4287 1666 4355 jamque
1689 4284 1934 4352 proxime
1961 4298 2080 4336 san-

504 4391 650 4434 ctum
683 4381 914 4434 veniens
936 4379 1080 4450 (quis
1103 4379 1318 4432 Domini
1343 4375 1755 4430 misericordias
1779 4373 2075 4444 cantabit?)

2163 1895 2415 1963 ἐχόντων.
2445 1893 2585 1958 Τοὺς
2619 1896 2908 1958 κοινωνοὺς
2949 1896 3127 1950 τοίνυν
3157 1897 3256 1967 τῆς
3287 1900 3590 1968 συμφορᾶς.
3635 1901 3760 1953 ὅσοι

2163 1983 2362 2054 δηλαδὴ
2401 1985 2496 2038 καὶ
2537 1986 3056 2056 συνεπιϐοηθοδντες
3103 1987 3250 2058 αὐτῷ
3298 1989 3762 2054 διαδαστάζοντες

2162 2070 2302 2144 ἦσαν
2331 2074 2470 2145 πρὸς
2497 2073 2594 2144 τὴν
2623 2077 2869 2146 πορείαν,
2897 2081 3190 2143 κοινωνοὺς
3222 2082 3315 2134 καὶ
3343 2081 3437 2134 τοῦ
3467 2081 3762 2151 θαύματος

2165 2168 2431 2220 ἐποιεῖτοο
2469 2167 2563 2221 καὶ
2599 2167 2749 2232 ὅπως
2795 2169 2890 2222 τοῦ
2937 2171 3144 2235 πάθους
3187 2171 3505 2244 ἀπήλλακτο
3544 2175 3758 2241 δείξας,

2165 2259 2318 2328 κοινῇ
2347 2259 2480 2328 πρὸς
2509 2258 2600 2312 τὸν
2621 2260 2813 2326 Ἀγιον
2859 2263 3166 2334 ἐπανῄεσαν
3196 2263 3372 2330 αὖθις,
3390 2268 3538 2336 κοινῇ
3560 2269 3632 2321 τὰ
3651 2267 3760 2336 τῆς

2167 2351 2487 2422 εὐεργεσίας
2514 2353 2917 2424 ἀνωμολόγουν.

2241 2647 2349 2713 ρπθ.
2383 2641 2542 2710 Μέγα
2597 2639 2695 2710 μὲν
2743 2637 2835 2694 οὖν
2867 2633 2985 2694 οῖδα
3029 2639 3297 2708 φιλοθέοις
3339 2641 3523 2704 ἀκοαῖς
3557 2639 3624 2694 τὸ
3671 2639 3764 2694 δι-

2171 2731 2383 2806 ήγημα,
2435 2734 2661 2803 ἀδελφὸν
2699 2734 2755 2787 δέ
2800 2735 2950 2804 ὅμως
2995 2734 3091 2786 καὶ
3129 2734 3191 2786 τὸ
3239 2735 3574 2803 ἐπαγόμενον
3615 2733 3762 2804 ἔχει.

2171 2825 2399 2898 Ἕτερος
2429 2829 2538 2897 γάρ
2557 2845 2659 2892 τις,
2701 2829 2766 2882 ἐκ
2787 2827 3124 2898 Καισαρείας
3153 2827 3209 2879 δέ
3233 2827 3620 2880 Καππαδοκῶν
3645 2826 3768 2896 ὡρο

2175 2919 2436 2987 μημένος,
2478 2915 2592 2985 βίου
2641 2915 2740 2985 μὲν
2785 2915 2986 2979 ἱκανῶς
3026 2917 3129 2968 οὐκ
3172 2917 3402 2987 ἀσήμως
3443 2917 3500 2970 δὲ
3535 2916 3636 2971 καὶ
3665 2917 3768 2984 γέ-

2172 3027 2294 3070 νους
2321 3009 2480 3080 ἔχων,
2511 3007 2673 3061 πάθει
2699 3009 2792 3062 καὶ
2819 3008 2974 3080 βάρει
2997 3009 3072 3078 τῷ
3105 3009 3253 3078 αύτῷ
3283 3009 3630 3080 πιεζόμενος,
3661 3013 3768 3064 καὶ

2171 3102 2269 3170 τὴν
2303 3101 2401 3171 μὲν
2427 3101 2615 3153 οὐσίαν
2655 3101 2874 3171 τέχναις
2905 3101 3106 3172 ἰατρῶν
3152 3101 3569 3170 ἐκδαπανηθεὶς,
3603 3102 3766 3156 οἰδὲν

2171 3195 2227 3248 δὲ
2267 3194 2393 3250 ἄλλο
2429 3194 2632 3248 τούτων
2684 3193 2944 3264 ὀνάμενος
2985 3195 3068 3248 ὅτι
3109 3195 3186 3266 μὴ
3223 3194 3322 3266 τὴν
3361 3194 3422 3260 ἐξ
3450 3194 3764 3264 ἀνθρώπιον

2173 3287 2272 3354 τῆς
2318 3284 2616 3354 θεραπείας
2651 3285 2985 3353 ἀπόγνωσιν,
3034 3286 3127 3338 καὶ
3170 3285 3258 3339 διὰ
3286 3285 3444 3338 τοῦτο
3491 3285 3630 3355 πρὸς
3665 3287 3766 3338 τὸν

2175 3375 2315 3429 θεῖον
2363 3376 2530 3446 ἄνδρα
2560 3375 2750 3429 τοῦτον
2813 3377 2910 3430 καὶ
2957 3377 3056 3448 τὴν
3106 3376 3164 3443 ἐξ
3211 3376 3376 3430 αὐτοῦ
3423 3375 3766 3444 καταφυγὼν

2175 3469 2325 3522 θείαν
2361 3468 2639 3539 ἐνέργειαν
2693 3482 2709 3499 ⁸
2746 3462 2900 3531 οὗτος
2937 3467 3090 3536 παρὰ
3127 3469 3218 3522 τὸν
3259 3467 3482 3538 Συμεὼν
3517 3467 3766 3522 ἀνελθὼν

2174 3561 2406 3630 δεήσεις,
2439 3559 2702 3630 οἰμωγὰς,
2731 3559 2960 3629 δάκρυα,
2989 3562 3100 3613 πᾶν
3141 3560 3195 3612 εί
3220 3577 3272 3614 τι
3301 3561 3430 3614 ἄλλο
3457 3561 3768 3630 δυνάμενον

2175 3655 2255 3714 είς
2279 3647 2458 3705 οἶκτον
2492 3651 2718 3704 ἑλκύσαι
2754 3651 2950 3722 ψυχὴν,
2987 3653 3123 3724 ὑπὲρ
3156 3653 3253 3720 τῆς
3289 3653 3383 3705 τοῦ
3413 3653 3620 3715 πάθους
3649 3655 3764 3706 ἀπ-

2177 3743 2418 3814 αλλαγῆς
2451 3743 2731 3796 ἐπεδείκνυ
2752 3758 2768 3774 ο
2801 3744 2937 3813 πρὸς
2967 3743 3112 3813 ἅπερ
3142 3746 3350 3807 ἐκεῖνος
3370 3743 3442 3796 τὰ
3475 3744 3767 3814 σπλάγχνα

2177 3834 2386 3896 παθὼν,
2442 3837 2521 3897 εἰς
2570 3835 2884 3905 οίκτιρμοὺς
2955 3833 3150 3902 ἔϐλεψε
3200 3833 3384 3896 πάλιν,
3453 3837 3580 3899 τοὺς
3637 3836 3768 3888 ὅσον

2177 3925 2436 3994 αἰτοῦμεν
2462 3925 2548 3978 ἀεὶ
2575 3925 2840 3990 διδόντας,
2865 3925 2960 3978 καί
2989 3941 3132 3986 τινος
3155 3923 3480 3994 αἰσθόμενος
3503 3927 3560 3977 ἐν
3582 3926 3768 3994 ἐαυτῷ

2178 4019 2396 4086 χάριτος
2428 4015 2726 4084 θειοτέρας,
2761 4014 3011 4079 Ἀναϐὰς,
3033 4017 3219 4085 φησὶν,
3255 4016 3472 4084 ἐγγισόν
3507 4035 3620 4086 μοι.
3651 4017 3765 4070 Τοῦ

2177 4107 2233 4160 δὲ
2275 4107 2350 4190 ὡς
2383 4107 2704 4160 κεκέλευστο
2731 4107 3052 4177 δράσαντος,
3097 4099 3330 4178 ἐπείπερ
3381 4109 3611 4176 ἔγγιστα
3657 4110 3764 4180 ήδη

2177 4198 2270 4252 τοῦ
2305 4199 2486 4266 Ἀγίου
2519 4199 2660 4252 ἔλθοι
2691 4199 2796 4268 (τίς
2829 4198 3040 4270 ᾄσεται,
3065 4200 3292 4272 Χριστέ,
3318 4201 3386 4252 τὰ
3426 4201 3552 4268 ἐλὲη
3584 4219 3680 4254 σου
3707 4201 3768 4271 ;)

2178 4291 2271 4344 τοῦ
2298 4289 2503 4352 πάθους
2537 4290 2737 4354 εὐθέως
2763 4289 3218 4361 θεραπευθέντος,
3263 4295 3292 4345 ό
3339 4291 3566 4361 Συμεὼν
3603 4293 3768 4362 ίλαρᾷ

2181 4383 2275 4436 καὶ
2301 4383 2529 4452 δψεικαὶ
2555 4383 2789 4453 γλώττῃ,
2825 4383 3136 4453 Ἄνθρωπε,
3165 4384 3333 4448 ἴασαι,
3363 4385 3594 4452 53:13.12;
3621 4385 3678 4438 δὲ
3707 4383 3768 4436 τὸ

505 4474 652 4527 illico
679 4479 974 4542 persanato
1006 4471 1196 4525 morbo
1236 4469 1528 4524 incolumis
1555 4477 1786 4532 astaret;
1817 4468 2072 4538 Symeon,

2182 4475 2376 4545 ἀθρόον
2414 4476 2590 4526 ἐκεῖνο
2623 4476 2718 4543 τῆς
2749 4475 3067 4542 θεραπείας,
3095 4475 3190 4526 καὶ
3219 4474 3390 4544 αὐτὴν
3439 4471 3640 4539 ἔϐλαψε
3663 4475 3766 4542 τὴν

503 4565 902 4619 animadversis
937 4565 1048 4634 jam
1079 4571 1136 4617 et
1165 4562 1454 4631 repentina
1489 4559 1733 4614 hominis
1773 4559 2078 4621 sanatione,

504 4667 560 4711 et
587 4657 736 4728 gravi
766 4656 923 4725 quasi
949 4655 1131 4709 adhuc
1163 4653 1426 4724 patientis
1454 4668 1641 4714 sensu,
1674 4652 1751 4705 ait
1792 4651 1893 4712 illi,
1928 4651 2082 4704 vultu

505 4757 669 4817 atque
700 4763 794 4802 ore
837 4747 1111 4801 renidenti
1142 4764 1154 4798 :
1187 4747 1256 4798 Mi
1293 4746 1476 4808 homo,
1511 4751 1735 4798 sanatus
1757 4757 1836 4796 es.
1869 4741 2085 4809 Nequa-

503 4855 690 4908 quam,
720 4848 908 4894 sancte
933 4839 1048 4902 Dei,
1075 4839 1148 4892 ait
1176 4838 1316 4890 alter
1341 4836 1479 4889 ﬂens
1508 4843 1672 4903 atque
1695 4833 2084 4904 ingemiscens.

504 4931 600 4986 sed
619 4939 862 4984 extrema
890 4929 1138 4998 qiizedam
1163 4927 1465 4980 necessitas
1489 4940 1574 4978 me
1601 4923 1825 4994 premit,
1847 4921 2086 4991 facitque

508 5033 568 5078 ut
599 5039 748 5077 mors
781 5023 914 5076 mihi
950 5023 1109 5091 longe
1147 5019 1354 5090 gratior
1381 5017 1472 5071 tali
1509 5017 1620 5070 vita
1649 5018 1739 5070 sit.
1775 5015 1930 5069 Tunc
1958 5031 2086 5070 san-

506 5126 629 5172 ctus
667 5115 834 5170 tacite
865 5113 1204 5184 subjiciens:
1237 5109 1518 5170 Scrutare,
1555 5109 2084 5180 inquit,temelipsc,

503 5207 957 5277 etcomperiesex
974 5215 1086 5260 toto
1100 5204 1466 5259 convaluisse.
1485 5201 1621 5256 Cum
1655 5209 1838 5256 autem
1857 5201 1903 5255 is
1924 5197 2087 5254 manu

507 5301 813 5371 periculum
849 5299 967 5370 ejus
1000 5298 1078 5352 rci
1113 5297 1354 5362 fecisset,
1388 5310 1446 5349 se
1487 5294 1820 5348 incolumem
1859 5293 2085 5362 reperit.

507 5391 700 5445 tubere
715 5391 865 5444 omni
893 5389 1120 5443 omnino
1137 5388 1383 5441 emollito
1413 5396 1470 5440 et
1490 5384 1741 5454 depulso.
1771 5383 1905 5438 Cum
1927 5383 2091 5453 igitur

506 5483 640 5537 nihil
659 5483 980 5554 quidquam,
1005 5481 1152 5552 quod
1171 5497 1200 5535 a
1229 5488 1424 5533 natura
1445 5478 1686 5532 alienum
1709 5487 1872 5538 esset,
1893 5477 2090 5546 depre-

507 5575 796 5641 henderet,
820 5582 954 5627 mstu
979 5573 1146 5626 animi
1169 5572 1411 5642 repletus
1429 5585 1493 5624 ac
1511 5569 1781 5638 vertigine
1797 5567 1962 5637 (quod
1983 5584 2090 5620 non

510 5669 674 5720 modo
691 5667 966 5738 repentini
989 5667 1194 5730 luctus,
1217 5679 1412 5718 verum
1437 5663 1602 5718 etiam
1628 5662 1812 5734 gaudii
1835 5677 2094 5717 excessus

511 5773 618 5811 non
650 5773 775 5811 raro
806 5758 1096 5813 consuevit
1125 5757 1361 5818 efﬁcere,
1396 5773 1520 5809 cum
1553 5771 1610 5810 re
1641 5755 1893 5826 quapiam
1937 5755 2087 5810 inex-

2183 4565 2278 4617 τοῦ
2328 4564 2626 4632 πάσχοντος
2659 4563 2934 4633 αἴσθησιν,
2991 4563 3276 4632 Οὐδαμῶς,
3325 4563 3448 4630 ἆγιε
3485 4562 3578 4614 τοῦ
3607 4562 3762 4625 Θεοῦ,

2185 4655 2433 4726 δακρύων
2466 4655 2560 4708 καὶ
2595 4654 2796 4707 στένων
2823 4649 2996 4714 εἶπεν,
3029 4654 3163 4706 ἀλλὰ
3201 4653 3408 4722 χαλεπή
3437 4669 3520 4714 τις
3551 4654 3762 4718 ἀνάγκη

2188 4747 2363 4808 πιέζει
2413 4761 2502 4814 με,
2533 4745 2682 4814 ἥδιον
2714 4743 2894 4813 πολλῷ
2940 4743 3034 4796 τοῦ
3067 4743 3165 4813 ζῇν
3207 4741 3380 4804 οὕτως
3423 4741 3762 4811 ἐργαζομένη

2179 4823 2280 4906 ’μοι
2333 4837 2392 4889 τὸ
2425 4835 2624 4889 θανεῖν.
2670 4835 2727 4888 Ὀ
2766 4836 2822 4888 δὲ
2874 4835 3057 4905 ἠρέμα
3110 4835 3390 4904 προσθεὶς,
3442 4833 3762 4903 Ἑρεύνησον

2189 4929 2401 4994 ἐαυτὸν,
2434 4929 2560 4998 ἔφη,
2593 4927 2687 4980 καὶ
2705 4928 2826 5000 είσῃ
2850 4927 3036 4995 σαφῶς
3065 4928 3146 4980 ὅτι
3177 4926 3270 4978 τοῦ
3295 4926 3498 4987 πάθους
3527 4925 3763 4993 armilla-

2191 5020 2298 5085 ξαι.
2353 5019 2442 5082 Ὣς
2491 5019 2547 5071 δέ
2583 5021 2648 5089 τῇ
2689 5021 2832 5090 χειρὶ
2869 5021 2966 5088 τὴν
3013 5019 3236 5088 ἔρευναν
3271 5016 3592 5087 ἐπιτρέψας,
3630 5015 3762 5081 ἔγνω

2192 5114 2384 5166 ἐαυτὸν
2433 5113 2642 5178 ἀπαθῆ,
2675 5112 2770 5164 τοῦ
2806 5112 2971 5180 ὄγκου
3016 5113 3364 5166 παντάπασιν
3412 5108 3762 5161 ύπολεανθέν-

2190 5223 2301 5269 τος,
2345 5204 2421 5267 ὡς
2465 5203 2629 5274 μηδὲν
2659 5221 2712 5256 τι
2751 5200 2843 5256 οὖν
2879 5201 3382 5272 ὲπισημαίνειν,τοῦ
3411 5201 3554 5254 κατὰ
3587 5201 3738 5269 φύσιν

2195 5296 2402 5363 ἰλίγγου
2431 5293 2732 5363 πληροῦται
2776 5294 2870 5346 καὶ
2897 5293 3044 5363 δίνης
3071 5308 3084 5322 ⁶
3117 5295 3254 5363 ὅπερ
3281 5293 3342 5344 ού
3377 5291 3554 5360 λύπης
3597 5291 3758 5358 αἰφνιο

2192 5390 2302 5440 δίου
2345 5387 2525 5456 μόνον,
2561 5385 2697 5439 ἀλλὰ
2730 5387 2822 5438 καὶ
2855 5386 3029 5455 χαρᾶς
3059 5383 3334 5455 ὑπερϐολὴ
3379 5384 3640 5444 πολλάκις
3671 5381 3753 5434 πέ-

2196 5497 2330 5544 φυκε
2357 5479 2512 5549 δρᾷν,
2540 5477 2618 5549 τῷ
2646 5477 2892 5547 ἀδοκήτῳ
2927 5477 3020 5529 τοῦ
3061 5477 3385 5546 πράγματος
3415 5475 3474 5528 τὸ
3503 5475 3602 5544 τῆς
3633 5487 3752 5540 καρο

2194 5571 2309 5634 δίας
2366 5571 2568 5642 θερμὸν
2625 5570 2983 5632 συστείλασα,
3037 5569 3132 5621 καὶ
3191 5567 3388 5638 νεκρὰς
3443 5567 3628 5636 ὥσπερ
3673 5559 3748 5612 to?

2199 5662 2446 5732 σώματος
2493 5661 2592 5724 τὰς
2633 5660 2912 5729 ἐνεργείας
2946 5656 3311 5710 ἀπολιποῦσα.
3353 5657 3412 5710 Ὀ
3442 5657 3539 5726 μὲν
3579 5651 3660 5706 οὖν
3687 5651 3748 5718 τᾷ

2201 5753 2294 5808 τοῦ
2345 5755 2669 5824 πράγματος
2703 5747 2995 5822 παραδόξῳ
3026 5748 3422 5817 καταπλαγεὶς,
3461 5749 3636 5816 ὀλίγον
3661 5745 3742 5798 δίει
