4034 6186
362 273 498 338 3153
1368 279 1545 336 VITA
1584 279 1631 342 Α
1665 277 2100 337 NICEPHORO
2137 278 2620 338 CONSCBIPTA.
3070 317 3073 320 -
3475 271 3613 334 31M

355 381 542 452 ἔμελλε
592 381 968 453 περιτρέπειν,
1011 383 1060 434 εί
1109 383 1184 454 μὴ
1221 385 1407 455 χεῖρας
1446 383 1595 454 αὺτῷ
1641 401 1785 448 τινες
1832 386 1934 437 τῶν

2041 393 2284 454 spectata
2315 385 2467 440 calor
2487 382 2672 439 cordis
2693 382 3063 445 contrahitur,
3087 389 3141 436 et
3158 382 3407 452 corporis
3423 396 3616 452 opera-

353 473 641 542 παρόντων
672 473 773 525 ὑπέ
783 490 929 541 σχον,

2041 477 2220 531 tiones
2247 477 2400 529 velut
2428 483 2693 530 emortua:
2726 473 3036 537 desinunt),
3079 474 3344 542 repletus,
3370 473 3616 542 inquam,

352 577 580 636 stupore
603 568 681 622 ob
707 568 784 620 rei
815 583 926 621 non
955 569 1190 637 Opinatae
1222 569 1728 635 admirabilitatem,
1797 586 1965 640 prope
2005 569 2108 624 fuit
2153 581 2213 625 ut
2243 578 2546 633 eorrueret,
2583 569 2689 622 nisi
2726 559 2953 638 quidam
3018 569 3370 636 praesentium
3407 567 3618 638 injectis

351 664 612 717 manibus
647 664 1084 732 prohibuissent.

428 761 578 824 ρπα’.
602 757 976 826 Καταπεπληγ
983 757 1157 826 μένων
1176 758 1232 812 δέ
1252 776 1315 812 κο
1323 759 1448 830 μιδῇ
1471 758 1566 812 καὶ
1585 759 1801 812 πάντων
1821 759 1938 812 ὅσοι

282 853 295 929 ς
345 844 443 898 τοῦ
473 844 691 900 τοσοῦδε
728 843 1004 914 θαύματος
1035 845 1332 914 ἐτύγχανον
1373 849 1582 913 θεαταὶ,
1610 851 1671 902 τὸ
1705 847 1930 903 παλαιὸν

2111 753 2234 808 l8l.
2278 754 2388 809 Nec
2407 755 2590 809 minor
2619 769 2833 816 omnes,
2857 753 2952 822 qui
2980 753 3116 808 tanti
3143 752 3380 822 prodigii
3407 761 3622 823 specta-

2040 855 2189 900 tores
2213 845 2486 911 astabant,
2517 855 2710 915 stupor
2748 845 2993 899 incessit.
3022 845 3176 900 Unus
3211 845 3474 916 Angulas.
3507 845 3619 914 jam

348 936 446 990 τοῦ
478 936 716 1006 πονηροῦ
745 936 881 1006 πρὸς
913 936 1112 989 κακίαν
1163 940 1395 1006 ὄργανον
1422 940 1449 991 6
1497 941 1814 1010 ’Λγγουλᾶς,
1865 943 1932 994 ἐκ

359 1029 524 1082 ιιέσου
549 1029 751 1082 τούτων
786 1028 1095 1092 ὑπολαϐὼν,
1138 1031 1195 1084 '0
1226 1032 1322 1100 μὲν
1349 1028 1442 1086 οὖν
1476 1035 1660 1102 δγκος,
1691 1034 1766 1094 ὡς
1793 1032 1935 1103 ὁρῶ-

359 1137 482 1191 μεν,
513 1121 704 1192 ᾤχετο,
743 1121 846 1192 ἔφη
871 1136 886 1151 ’
915 1122 969 1175 τί
1003 1121 1062 1175 δὲ
1092 1124 1186 1176 καὶ
1209 1125 1238 1176 6
1257 1124 1509 1188 τοσοῦτος
1549 1126 1642 1178 τοῦ
1671 1125 1939 1195 δέρματος

359 1209 578 1276 κόλπος,
604 1209 704 1263 εἴτ’
729 1209 820 1266 οὖν
845 1211 904 1264 τὸ
931 1213 1421 1285 ὑποπεπλησμένον
1451 1212 1543 1266 τοῦ
1571 1213 1737 1280 ὄγκου
1764 1212 1940 1282 δέρμα

359 1303 608 1370 γεγόνει;
669 1305 768 1372 ἐμὲ
821 1305 930 1376 γὰρ
985 1307 1045 1358 οὐ
1080 1307 1316 1377 μετρίως
1366 1306 1435 1359 τά
1460 1305 1686 1359 τοιαῦτα
1728 1303 1940 1372 πέφυκε

361 1394 758 1459 σκανδαλίζειν.
815 1397 983 1461 Εἰδὼς
1044 1399 1222 1450 τοίνυν
1256 1401 1283 1452 6
1337 1399 1524 1464 Μέγας
1567 1399 1762 1466 πεῖραν
1801 1390 1938 1446 εἶναι

359 1486 519 1540 τοῦτο
546 1488 639 1540 τοῦ
670 1489 938 1559 βασκάνου
967 1492 1058 1543 καὶ
1089 1491 1272 1551 πάλιν,
1295 1492 1468 1545 ὁπόσα
1495 1490 1590 1544 καὶ
1616 1487 1832 1561 γλώττῃ
1863 1484 1939 1556 τῷ

2039 938 2252 1008 pridem
2290 937 2557 992 daemonis
2603 937 2671 992 ad
2704 939 2846 991 mala
2884 937 3250 1006 perpetranda
3274 936 3620 992 instrumen-

2042 1039 2178 1094 tum,
2210 1043 2252 1085 e‘
2271 1030 2452 1084 media
2487 1029 2645 1083 turba
2687 1029 3034 1099 proclamans
3081 1047 3094 1082 :
3137 1028 3344 1104 Tumor
3375 1027 3621 1098 quidem,

2045 1122 2246 1192 inquit,
2281 1122 2444 1188 abiit,
2484 1131 2545 1176 ut
2587 1121 2840 1176 videmus
2871 1139 2886 1175 :
2914 1122 3272 1191 verumquid
3310 1129 3494 1176 tantus
3521 1120 3624 1175 istc

2043 1211 2204 1280 pellis
2232 1212 2427 1266 sinus?
2451 1211 2594 1280 quid
2621 1211 2666 1266 si
2690 1220 2908 1265 tumore
2933 1211 3116 1265 denuo
3141 1211 3517 1280 compleatur?
3543 1210 3624 1264 Me

2043 1305 2327 1358 enimvero
2351 1321 2462 1359 non
2486 1302 2844 1358 mediocriter
2868 1303 3055 1358 solent-
3075 1303 3203 1358 talia
3225 1303 3622 1359 scandalizare.

2039 1395 2144 1449 Pro
2175 1404 2460 1464 comperto
2482 1405 2666 1450 autem
2691 1395 2904 1450 habens
2943 1410 3174 1465 magnus
3201 1395 3440 1466 Symeon
3500 1403 3589 1448 ten
3610 1425 3623 1432 -

2045 1486 2311 1541 tationem
2345 1503 2465 1542 esse
2513 1487 2684 1542 invidi
2743 1489 2915 1543 hostis
2947 1489 3146 1554 nostri,
3192 1504 3290 1558 per
3328 1505 3394 1542 os
3435 1487 3624 1543 miseri

357 1577 532 1648 ἀθλίῳ
563 1580 733 1650 τούτῳ
763 1581 1068 1652 χρωμένου,
1101 1583 1424 1652 ἐμφυσὴσας
1462 1583 1541 1653 τῷ
1571 1580 1933 1650 ἀναισχύντῳ,

2047 1578 2208 1632 istius
2241 1579 2542 1648 loquentis,
2581 1580 2880 1634 insuﬂlavit
2918 1581 2972 1633 in
3012 1580 3410 1650 impudentem,
3459 1590 3626 1652 utque

362 1670 448 1720 ἵνα
474 1671 569 1722 καὶ
589 1670 688 1740 τὴν
715 1673 963 1727 ἐναντίαν
997 1674 1244 1745 ἀπελάσῃ
1269 1675 1518 1744 δύναμιν,
1555 1675 1613 1726 '0
1644 1672 1736 1726 τὸν
1759 1671 1944 1724 τοσοῦ-

360 1779 474 1827 τον,
499 1762 630 1833 ἔφη,
653 1763 845 1827 λεάνας
864 1765 1026 1833 ὄγκον
1053 1767 1146 1818 καὶ
1165 1767 1440 1829 διαλύσας,
1465 1767 1565 1819 οὐκ
1591 1766 1698 1834 ἀρα
1719 1763 1944 1827 δυνατὸς

358 1847 516 1914 οὗτος
545 1856 639 1907 καὶ
667 1855 728 1908 τὸ
760 1856 938 1926 δέρμα
973 1859 1197 1924 συνάξαι
1225 1857 1386 1911 πάλιν
1427 1859 1522 1911 καὶ
1551 1857 1938 1920 καταστεῖλαι;

375 1943 514 1995 Ἀλλ’
565 1948 592 1998 6
643 1946 743 2016 μὲν
796 1948 892 2018 τὴν
941 1950 1035 2002 τοῦ
1079 1951 1310 2004 παλαιοῦ
1338 1951 1598 2020 πολεμίου
1634 1950 1942 2020 προσϐολὴν

359 2035 532 2108 ταύτῃ
553 2039 646 2090 καὶ
675 2038 767 2092 νῦν
790 2039 1161 2112 διεκρούσατο,
1184 2046 1344 2114 ἡμεῖς
1364 2043 1422 2095 δέ
1447 2043 1581 2115 πρὸς
1606 2043 1674 2096 τὰ
1694 2041 1821 2113 ἑξῆς
1844 2040 1939 2094 τοῦ

359 2125 518 2194 λόγου
547 2128 876 2200 τρεψόμεθα.

436 2216 576 2286 ρπβ’.
617 2219 867 2290 Μοναχός
920 2239 1003 2283 τις
1057 2223 1200 2277 κατὰ
1241 2224 1560 2280 Λαοδίκειαν
1601 2224 1701 2293 τῆς
1737 2223 1940 2295 Συρίας

359 2308 836 2379 ἐγκεκλεισμένος,
874 2313 1010 2384 πρός
1040 2331 1100 2366 τε
1132 2315 1229 2385 τὴν
1275 2317 1494 2386 χρονίαν
1537 2316 1815 2385 κάθειρξιν
1844 2317 1939 2369 καὶ

359 2400 460 2470 τὴν
524 2402 722 2473 συχνήν
777 2406 1012 2478 ἐρημίαν
1067 2394 1392 2476 ἀκηδιάσας,
1431 2407 1688 2478 ἀφορμὴν
1749 2407 1938 2479 ὥσπερ

356 2494 460 2545 οὐκ
488 2494 694 2548 ἐλάττω
717 2499 814 2566 τῆς
832 2498 1062 2566 ἡσυχίας
1080 2501 1176 2570 τὴν
1199 2501 1279 2562 είς
1315 2500 1406 2553 τὸν
1427 2499 1569 2553 θεῖον
1595 2501 1820 2571 Συμεὼν
1839 2503 1935 2556 άν-

357 2585 477 2638 οδον
505 2585 750 2655 θέμενος,
785 2589 1059 2658 ἐμήνυσεν
1087 2591 1233 2661 αὐτῷ
1265 2592 1465 2662 θερμὸν
1495 2593 1676 2661 ἔρωτα
1709 2593 1808 2664 τῆς
1839 2595 1935 2648 αὐ-

360 2674 454 2727 τοῦ
479 2678 902 2748 προσκυνήσεως
937 2675 1104 2750 ἔχειν,
1141 2682 1234 2734 καὶ
1265 2682 1362 2752 ἤδη
1394 2682 1678 2752 βούλεσθαι
1701 2684 1932 2738 ἀνιέναι.

369 2769 431 2820 Ὅ
460 2769 518 2821 δὲ
553 2769 615 2822 τδ
648 2771 1002 2842 μικροψύχως
1037 2774 1128 2827 ὑπ’
1153 2775 1320 2828 αὑτοῦ
1363 2775 1648 2846 γινόμενον
1678 2775 1782 2828 οὐκ
1829 2779 1934 2844 ἀγ-

2046 1671 2253 1726 inimiei
2300 1680 2630 1741 potestatem
2660 1673 2729 1726 ab
2767 1688 2836 1727 eo
2883 1674 3216 1742 repelleret:
3253 1674 3379 1740 Qui,
3422 1675 3623 1744 inquit.

2048 1763 2374 1817 mollescere
2398 1770 2562 1832 atque
2579 1779 2908 1819 evanescere
2932 1765 3064 1819 fecit
3092 1773 3360 1819 tumorem
3391 1773 3627 1831 tantum,

2043 1870 2226 1909 nonne
2253 1855 2399 1910 idem
2434 1857 2610 1925 possit
2644 1873 2864 1926 quoque
2896 1859 3094 1926 pellem
3123 1858 3382 1928 colligere
3413 1873 3477 1912 ac
3495 1873 3626 1912 eon-

2044 1945 2264 2000 trahere
2289 1945 2472 2000 denuo
2488 1947 2510 1999 ?
2526 1946 2704 2016 Atque
2731 1947 2822 2002 ille
2845 1949 3068 2017 quidem
3090 1949 3171 2003 sic
3195 1951 3458 2018 impetum
3485 1950 3628 2003 anti-

2042 2037 2138 2106 qui
2160 2037 2335 2091 hostis
2356 2038 2522 2092 etiam
2549 2047 2680 2092 tunc
2709 2041 2974 2109 repressit
2997 2058 3010 2093 :
3039 2057 3139 2096 nos
3166 2057 3300 2097 vero
3321 2042 3388 2096 ad
3415 2041 3625 2111 reliqua

2041 2129 2378 2198 pertexenda
2410 2131 2807 2186 convertimur.

2114 2243 2234 2298 182.
2261 2244 2492 2311 Quidam
2524 2248 2827 2303 monachus
2853 2248 3136 2304 Laodicea:
3158 2250 3325 2322 Syria:
3357 2252 3623 2313 inclusus.

2040 2334 2406 2391 diuturnioris
2457 2337 2726 2393 clausura:
2761 2355 2824 2395 ac
2858 2341 3173 2418 solitudinis
3224 2352 3504 2412 perpetua:
3536 2353 3625 2398 tae-

2041 2429 2156 2494 dio,
2207 2430 2578 2485 meditabatur
2626 2432 2838 2487 aditum
2883 2435 2951 2489 ad
2991 2446 3244 2490 sanctum
3277 2436 3624 2508 Symeonem,

2039 2521 2208 2575 veluti
2257 2523 2602 2578 occasionem
2643 2541 2753 2580 non
2790 2527 2974 2583 minus
2999 2528 3171 2598 quieti
3212 2539 3576 2598 opportunam
3609 2548 3623 2583 ι

2037 2613 2261 2683 jamque
2287 2613 2695 2682 significaverat
2725 2631 2888 2685 quam
2924 2616 3138 2671 ardenti
3171 2615 3448 2671 desiderio
3475 2625 3628 2670 tene-

2040 2707 2410 2775 retur,ipsum
2430 2707 2718 2770 adorandi,
2746 2708 3006 2778 quodque
3037 2709 3091 2763 in
3120 2709 3408 2778 procinctu
3437 2707 3506 2763 ad
3526 2709 3627 2762 iter

2039 2804 2228 2851 staret.
2263 2797 2367 2852 Sed
2393 2799 2483 2852 ille
2545 2799 2600 2852 in
2647 2799 3161 2868 pusillanimitatcm
3210 2799 3472 2853 incidisse
3500 2815 3623 2852 eun'

359 2863 561 2931 νοήσας
583 2904 597 2927 ,
631 2865 740 2933 υύχ
790 2866 937 2918 ὅσιον
974 2868 1098 2920 οὐδὲ
1129 2869 1360 2939 πρέπον,
1403 2870 1528 2940 ἔφη,
1564 2870 1933 2923 καταλιπόντα

2042 2888 2365 2956 neutiquam
2402 2891 2679 2971 ignorans,
2713 2889 3040 2958 respondit:
3077 2888 3189 2944 Nec
3221 2891 3372 2960 pium
3413 2899 3498 2944 est
3528 2906 3624 2942 nec

361 2955 422 3006 τδ
458 2959 783 3025 προσκυνεῖν
809 2958 928 3030 Θεῷ
969 2961 1028 3012 ἐν
1057 2961 1192 3032 αύλῇ
1231 2961 1366 3032 ἁγίᾳ
1413 2961 1599 3028 αὑτοῦ,
1629 2962 1755 3032 ἥτις
1792 2963 1939 3014 ἐστὶν

360 3045 390 3096 6
419 3047 511 3099 τοῦ
553 3048 787 3119 μοναχοῦ
819 3051 1057 3113 οίκίσκος
1088 3053 1312 3122 ἀρεταῖς
1364 3053 1603 3117 ἀπάσαις
1655 3053 1939 3124 καταλαμ-

363 3138 597 3206 πόμενός
629 3157 687 3192 τε
724 3143 817 3194 καὶ
854 3143 1281 3215 πλατυνόμενος,
1310 3147 1390 3207 είς
1439 3145 1728 3216 ἀνθρώπου
1772 3163 1944 3216 προσ-

362 3231 588 3299 κύνησιν
608 3234 784 3303 ἥκειν·
833 3235 1188 3306 ’Υπόμεινον
1215 3238 1346 3309 γὰρ,
1377 3240 1530 3308 φησὶ,
1559 3239 1666 3293 τὸν
1697 3239 1939 3307 Κύριον,

361 3328 392 3378 6
425 3324 566 3388 θεῖος
618 3325 818 3390 Δαυῒδ,
872 3329 969 3381 καὶ
1027 3330 1304 3398 φύλαξον
1361 3331 1476 3398 τὴν
1538 3330 1684 3385 ὁδὸν
1731 3330 1940 3384 αὑτοῦ.

363 3415 548 3468 Ταῦτα
574 3411 874 3486 τηνικαῦτα
907 3418 1004 3488 μὲν
1039 3421 1237 3490 ἐπέσχε
1278 3420 1370 3472 τὸν
1401 3423 1635 3490 μοναχόν
1662 3437 1675 3452 ·
1711 3421 1804 3474 τοῦ
1837 3423 1943 3476 πά-

364 3505 491 3569 θους
523 3507 580 3559 δέ
611 3509 752 3577 μετὰ
781 3511 976 3580 μικρὸν
1002 3510 1487 3577 δυναστεύσαντος,
1516 3514 1736 3578 ἔξεισιν,
1756 3516 1818 3566 ού
1841 3515 1942 3583 τὴν

362 3598 597 3669 ἡσυχίαν
636 3600 765 3668 παρ’
793 3601 946 3653 οὐδὲν
976 3601 1136 3670 μόνον
1165 3601 1286 3653 ούδέ
1333 3601 1432 3672 τὴν
1467 3602 1745 3674 κάθειρξιν
1781 3603 1944 3672 θέμε-

365 3707 475 3752 νος,
517 3690 655 3744 ἀλλά
708 3693 802 3744 καὶ
850 3694 930 3756 είς
998 3694 1276 3762 πορνείαν,
1328 3696 1517 3764 οῖμοιῐ
1575 3696 1942 3766 κατενεχθεὶς,

366 3780 568 3851 πτῶμα
629 3782 790 3836 τίνων
856 3785 917 3836 ού
973 3785 1264 3856 δακρύων,
1312 3790 1483 3840 ποίων
1541 3789 1641 3840 οὑκ
1695 3789 1946 3860 ὀδυρμῶν

363 3874 513 3938 ἀξιον
534 3877 547 3928 !

436 3972 583 4034 ρπγ’.
621 3967 850 4021 Ἔπειτα
904 3971 1088 4038 μέντοι
1148 3971 1424 4041 παρέϐαλε
1482 3972 1561 4044 τῷ
1627 3974 1814 4046 ’Δγίῳ,
1847 3977 1947 4044 τῆς

364 4056 466 4123 μὲν
496 4056 769 4127 ἁμαρτίας
807 4059 927 4113 οὐδὲ
993 4061 1154 4132 ψιλὴν
1195 4063 1333 4127 ὅλως
1378 4064 1702 4136 ποιούμενος
1728 4067 1947 4137 μνήμην

362 4143 474 4217 (οἷα
507 4150 576 4202 τὰ
622 4149 716 4202 τοῦ
768 4153 1012 4224 πονηροῦ
1064 4155 1438 4226 τεχνάσματα,
1485 4159 1631 4227 καὶὴ
1664 4158 1801 4227 πρὸς
1853 4158 1946 4226 τὴν

362 4239 752 4314 ἐξομολόγησιν
785 4245 879 4298 τοῦ
910 4248 1083 4301 κακοῦ
1119 4251 1240 4313 ταῖς
1270 4249 1378 4303 τῶν
1410 4249 1721 4320 ἀνθρώπων
1745 4251 1944 4321 ψυχαῖς

362 4336 693 4404 ἐγγινομένη
743 4336 906 4400 αἰδώς
931 4339 998 4406 ί),
1027 4339 1125 4410 τὴν
1157 4341 1214 4393 δὲ
1241 4340 1342 4410 τῆς
1397 4341 1662 4410 συνήθους
1711 4343 1938 4414 ἡσυχίας

361 4425 637 4480 ἔκπτωσιν
715 4429 927 4497 πικρῶς
984 4431 1328 4502 ὀδυρόμενος.
1396 4433 1457 4487 ’0
1521 4435 1576 4487 δὲ
1641 4435 1942 4505 ὀφθαλμοῖς

360 4514 610 4579 ἀθεάτοις
672 4519 736 4570 τά
797 4523 1155 4590 κεκρυμμένα
1189 4524 1353 4594 ὁρῶν,
1405 4526 1498 4576 καὶ
1547 4525 1641 4578 τοῦ
1701 4527 1939 4596 χαλεποῦ

365 4603 566 4669 μύσους
602 4606 812 4659 ἐκείνου
860 4609 952 4661 τὸν
989 4611 1222 4681 μοναχὸν
1272 4614 1625 4683 άποκαθᾶραι
1679 4615 1939 4686 βουλόμε-

360 4705 467 4751 νος,
496 4691 570 4742 Οὐ
612 4694 938 4764 συναλγήσω
977 4714 1078 4764 σοι,
1116 4701 1300 4769 φησὶν,
1331 4703 1412 4754 ὅτι
1455 4704 1544 4756 τὸν
1571 4704 1664 4756 τοῦ
1692 4708 1937 4762 οίκίσκου

361 4777 657 4852 διέῤῥηξαξ
709 4790 906 4857 τοῖχον,
937 4791 1056 4843 ἐπεί
1119 4809 1201 4845 σοι
1237 4795 1333 4846 καὶ
1365 4796 1628 4850 εἰσελθεῖν
1680 4797 1838 4861 αὖθις
1870 4801 1939 4854 δι’

361 4874 527 4928 αὐτοῦ
561 4879 714 4950 ῥᾷον,
746 4883 840 4934 καὶ
891 4885 1020 4936 είσω
1068 4885 1322 4952 γενέσθαι
1355 4889 1517 4945 πάλιν
1560 4891 1935 4948 ἐπανελθόντι·

358 4968 474 5022 ἀλλ’
503 4971 583 5024 ὅτι
610 4974 701 5026 τὸν
733 4975 834 5044 τῆς
874 4976 1054 5048 ψυχῆς
1080 4980 1405 5044 κατέσεισας
1448 4983 1677 5054 πύργον,
1715 4987 1810 5039 κα)⁸
1863 4987 1938 5058 τῷ

356 5062 559 5135 ἐχθρῷ,
617 5067 749 5134 ipsi}!
780 5070 1126 5139 αἰχμάλωτος
1154 5073 1498 5146 ἀπηνέχθης,
1543 5081 1624 5142 είς
1679 5081 1936 5151 πορνείαν

356 5158 777 5228 κατολισθήσας.
809 5163 996 5216 Ταῦτα
1057 5165 1150 5218 τὸν
1205 5169 1439 5238 μοναχὸν
1502 5171 1845 5241 καταπλῆξαι
1876 5191 1935 5225 τε

355 5248 470 5318 ἃμα
505 5250 600 5331 κα).
635 5255 972 5319 καταιδέσαι,
1001 5258 1062 5310 τὸ
1101 5259 1201 5326 μὲν
1246 5263 1310 5330 τῇ
1358 5263 1465 5313 τῶν
1499 5262 1736 5332 ἐλέγχων
1781 5265 1936 5317 slsu-

356 5340 512 5414 θερίᾳ
546 5346 639 5398 ἐπὶ
673 5351 782 5410 τοῖς
813 5350 1046 5419 ἀδήλως,
1081 5351 1156 5414 ὡς
1213 5353 1375 5418 αὐτὸς
1426 5352 1584 5424 ᾤετο,
1626 5356 1934 5429 διαπεπρα-

352 5439 596 5508 γμένοις,
646 5440 708 5494 τὸ
759 5442 814 5495 δὲ
846 5445 924 5514 τῷ
966 5447 1186 5514 μεγέθει
1237 5449 1335 5520 τῆς
1384 5449 1615 5521 ὕϐρεως,
1664 5452 1732 5522 ἢν
1771 5453 1934 5517 αὐτὸς

352 5529 434 5595 εἰς
495 5530 690 5586 ἑαυτὸν
751 5533 952 5599 ἀθλίως
1012 5537 1307 5610 ἐνύϐρισε·
1373 5543 1468 5596 καὶ
1508 5543 1690 5616 πρηνῆ
1738 5546 1931 5600 ἑαυτὸν

420 5712 467 5745 ⁸⁵
499 5711 641 5768 Psal.
687 5730 865 5781 xxxvt,
898 5715 985 5769 51.

2043 2979 2222 3044 decet,
2260 2980 2303 3033 si
2325 2979 2539 3034 desinat
2569 2983 2694 3050 quis
2728 2983 2899 3035 Deum
2919 2982 3153 3034 adorare
3193 2983 3246 3034 in
3290 2982 3413 3034 aula
3440 2992 3624 3034 sancta

2045 3087 2164 3135 sua,
2219 3072 2398 3141 qualis
2449 3080 2533 3126 est
2581 3072 2715 3126 cella
2760 3072 3038 3135 monachi,
3079 3072 3346 3125 virtutum
3379 3071 3624 3125 omnium

2045 3161 2336 3230 splendore
2365 3161 2645 3232 refulgens
2681 3177 2746 3216 ac
2769 3160 2991 3225 referta,
3025 3162 3326 3230 veniatquc
3353 3161 3420 3215 ad
3447 3160 3626 3213 homi-

2043 3266 2170 3304 nem
2195 3247 2556 3305 adorandum.
2583 3251 2849 3320 Exspecta
2874 3251 3180 3315 Dominum,
3205 3251 3428 3305 divinus
3451 3251 3628 3320 inquit

2043 3342 2236 3405 David,
2264 3351 2312 3395 et
2331 3343 2531 3396 custodi
2560 3344 2700 3396 viam
2724 3344 2838 3412 ejus
2862 3342 2929 3395 “.
2954 3340 3078 3397 Haec
3098 3352 3210 3395 tum
3234 3343 3458 3412 quidem
3488 3341 3631 3395 inhi-

2045 3433 2297 3488 buerunt
2325 3435 2656 3489 monachum
2684 3453 2698 3501 ;
2732 3451 2928 3492 verum
2966 3436 3130 3504 paulo
3165 3444 3308 3504 post,
3331 3434 3626 3503 ιη·αάοωί-

2046 3535 2210 3580 nante
2239 3527 2432 3581 eadem
2451 3528 2620 3580 animi
2651 3527 3097 3596 perturbatione,
3116 3526 3272 3588 exiit,
3312 3527 3632 3596 relinquens

2046 3633 2159 3670 non
2193 3618 2367 3671 solum
2403 3618 2647 3686 quietem
2672 3634 2826 3672 suam
2855 3629 3028 3688 atque
3063 3620 3392 3679 clauStrnm,
3444 3619 3624 3672 sed’iu

2047 3706 2470 3761 fornicationem
2505 3723 2750 3777 quoque,
2815 3710 2925 3764 heu
2979 3711 3100 3763 mel
3166 3709 3443 3769 incidens,
3495 3725 3624 3762 casu

2047 3797 2253 3867 quibus
2279 3814 2388 3852 non
2424 3798 2706 3870 lacrymis,
2756 3800 2959 3870 quibus
3015 3817 3126 3854 non
3180 3800 3498 3870 planctibus
3546 3802 3631 3856 di-

2048 3903 2155 3958 gno
2180 3889 2209 3941 l'

2122 3980 2244 4034 185.
2275 3981 2481 4035 Deinde
2519 3991 2699 4035 tamen
2742 3984 2913 4036 sancti
2946 3995 3231 4055 aspectum
3268 3988 3462 4054 subiit,
3496 3989 3622 4043 nul-

2048 4071 2155 4125 lam
2183 4072 2268 4126 vel
2312 4074 2694 4128 tenuissimam
2745 4074 2948 4142 (qualia
2979 4079 3199 4150 maligni
3228 4080 3461 4149 spiritus
3505 4081 3632 4134 arti—

2050 4162 2206 4217 licia!
2239 4166 2418 4234 qualis
2448 4168 2782 4223 verecundia
2817 4169 2882 4222 ad
2940 4169 3317 4230 confitendum
3360 4171 3627 4226 malitiam

1983 4254 2230 4320 Dsuam,
2279 4256 2537 4313 humanis
2578 4261 2858 4315 mentibus
2919 4261 3225 4337 ingenilul)
3278 4263 3493 4334 peccati
3545 4265 3630 4320 sui

2045 4344 2253 4400 faciens
2307 4350 2680 4416 mentionem,
2748 4353 2860 4412 sed
2915 4353 3297 4410 indesinenter
3371 4356 3630 4426 plorans,

2043 4439 2191 4507 quod
2233 4441 2461 4508 pristina
2523 4445 2708 4514 quiete
2759 4447 3072 4502 excidisset.
3132 4448 3334 4504 Verum
3384 4463 3628 4514 sanctus,

2045 4532 2406 4588 interioribus
2426 4537 2603 4592 oculis
2634 4541 2959 4594 abscondita
2989 4541 3353 4609 perspiciens.
3378 4558 3442 4596 ac
3469 4543 3628 4595 tertia

2043 4625 2254 4692 peccati
2305 4628 2517 4681 macula
2574 4631 2907 4684 monachum
2962 4631 3304 4686 cmundandi
3352 4633 3626 4702 cupidus:

2044 4714 2167 4769 Non
2195 4731 2299 4786 ego
2327 4717 2428 4770 tibi
2463 4721 2793 4789 compatior,
2838 4722 3039 4791 inquit,
3064 4723 3211 4792 quod
3260 4722 3485 4777 claustri
3547 4724 3626 4777 tui

2041 4822 2234 4862 muros
2276 4809 2592 4880 perfregisti
2656 4813 2940 4882 (quoniam
2995 4815 3157 4870 facile
3192 4815 3290 4870 tibi
3351 4826 3436 4871 est
3473 4825 3628 4886 post-

2042 4898 2256 4954 liminio
2329 4905 2555 4967 reverti,
2605 4921 2670 4959 ac
2737 4921 2964 4962 reverso
3027 4909 3283 4977 intrare),
3327 4909 3421 4964 scd
3477 4908 3623 4979 quod

2040 4991 2370 5049 animaetua:
2416 4999 2836 5067 propugnaculo
2883 4999 3190 5065 destructo,
3249 5002 3502 5071 captivus
3547 5001 3618 5056 ab

2041 5082 2198 5138 hoste
2223 5085 2495 5142 abductus
2521 5089 2780 5163 (pudor-1)
2806 5091 2861 5146 in
2879 5091 3300 5149 fornicationem
3335 5096 3621 5164 prolapsus

2040 5175 2136 5229 sis.
2169 5177 2535 5234 Perculernnt
2556 5181 2673 5236 haec
2702 5185 3032 5240 monachum
3066 5186 3275 5256 pariter
3323 5202 3387 5240 ac
3421 5185 3621 5241 confu-

2042 5267 2286 5334 derunt;
2341 5279 2458 5325 lum
2521 5283 2749 5344 propter
2796 5277 3114 5332 libertatem
3170 5278 3619 5347 reprehendendi

2041 5359 2131 5414 illa
2185 5377 2309 5430 qua“:
2361 5363 2477 5432 ipse
2506 5367 2735 5435 putabat
2792 5369 2933 5423 clam
2992 5370 3165 5436 facta;
3214 5382 3328 5425 tum
3396 5379 3622 5440 propter

2041 5461 2240 5508 tetram
2271 5445 2589 5525 ignominiae
2616 5465 2796 5514 nolam
2819 5477 2984 5531 quam
3028 5461 3132 5516 sibi
3187 5461 3303 5533 ipse
3349 5463 3622 5518 inusserat

2038 5544 2260 5600 infelix:
2301 5551 2706 5624 prostravitque
2730 5569 2791 5608 se
2820 5568 3049 5623 pronus,
3089 5563 3358 5622 quantum
3419 5553 3622 5624 potuit.
