4034 6186
469 264 608 328 2155

1681 275 1742 336 S.
1785 277 2161 338 SYMEON.b
2199 281 2559 342 JUNIORIS

3579 287 3716 354 3156

475 393 539 434 ιε
573 379 777 450 calenti
803 381 1092 436 Oculorum
1117 381 1295 438 imbre
1327 391 1530 438 terram
1579 383 1864 453 irrigavit;
1902 391 2042 439 tem-

2149 389 2223 450 ὡς
2255 385 2366 458 εἶχε
2396 389 2740 456 καταϐαλὼν,
2774 391 2867 444 καὶ
2899 391 3075 462 θερμὰ
3109 390 3320 460 δάκρυα
3360 389 3454 446 τοῦ
3489 393 3720 466 ἐδάφους

477 483 580 537 pus
607 483 829 540 quoque
859 485 970 540 quo
991 471 1178 542 lapsus
1201 471 1378 526 fuerat
1427 472 1700 536 indicans,
1727 474 2036 540 dictitabat,

473 559 724 628 quint-am
751 559 898 616 illam
927 571 1054 632 post
1079 547 1264 616 casum
1291 561 1375 632 agi
1399 561 1577 626 diem;
1603 561 2040 632 obseerabatque

475 651 702 706 liberari
737 667 766 706 a
787 661 998 719 sancto,
1029 655 1142 724 jam
1165 653 1349 722 praeda
1387 653 1532 707 hosti
1563 653 1763 707 factus.
1791 651 1894 717 Qui
1918 669 2042 718 ora-

473 744 622 800 tione
639 751 702 799 et
731 745 915 800 crucis
940 747 1098 814 signo
1135 744 1316 815 ipsum
1373 745 1652 808 muniens,
1689 743 2040 812 insuperabi-

477 839 585 892 lem
605 838 872 910 deinceps
904 839 1058 894 hosti
1105 837 1280 905 fecit;
1313 839 1446 894 fecit
1496 838 1662 893 etiam
1701 839 2042 906 circumspe-

473 928 680 983 ctiores
703 929 1006 998 discipulos
1043 943 1196 994 suos,
1241 930 1348 985 hoc
1395 929 1648 998 exemplo
1699 927 2037 992 admonitos,

473 1017 637 1084 nihil,
663 1021 795 1076 licet
821 1022 877 1076 in
895 1023 1117 1078 occulto
1149 1021 1378 1086 factum,
1407 1037 1518 1076 non
1539 1019 1886 1092 exploratum
1913 1035 2034 1075 esse

471 1108 752 1180 Symeoni.

540 1201 664 1257 184.
699 1203 767 1257 Ει
796 1202 902 1258 hoc
943 1203 1168 1273 quidem
1217 1203 1580 1266 demonstrat,
1636 1202 1784 1271 quod
1847 1201 2038 1271 procul

471 1301 681 1348 remota
713 1293 969 1364 Symeoni
997 1295 1148 1350 velut
1175 1301 1302 1348 ante
1317 1293 1508 1348 oculos
1529 1303 1680 1364 gesta
1705 1303 1868 1362 atque
1899 1307 2038 1361 prm-

470 1386 650 1440 sentia
685 1385 1124 1450 exhiberentur;
1159 1385 1256 1440 sed
1297 1385 1476 1440 oratio
1525 1393 1715 1439 nostra
1767 1383 1884 1436 vult
1931 1383 2038 1436 alia

467 1493 710 1548 quoque,
742 1478 987 1546 eiusdem
1027 1493 1154 1532 cum
1183 1478 1294 1548 jam
1327 1477 1476 1532 dicto
1509 1477 1731 1530 virtutis
1751 1483 1807 1529 et
1857 1473 2038 1528 ellica-

469 1568 570 1622 ciae
591 1569 836 1639 adjungi.
873 1567 1110 1632 Accidit,
1143 1577 1390 1636 tempore
1421 1583 1531 1636 quo
1583 1565 1768 1636 fruges
1811 1573 2040 1618 matura:

2155 481 2576 550 καταχεόμενος,
2609 481 2687 534 ἔτι
2717 483 2810 536 καὶ
2833 482 2926 534 τὸν
2956 483 3146 551 χρόνον
3176 481 3267 534 τοῦ
3311 483 3600 552 πτώματος
3633 487 3720 552 ἐξ·

2149 564 2482 632 ομολογεῖτο,
2511 568 2766 638 πέμπτην
2789 566 2938 636 αὐτῷ
2965 567 3172 638 ταύτην
3201 565 3340 621 εἶναι
3371 570 3546 638 λέγων
3581 577 3718 643 μετὰ

2149 655 2211 706 τὸ
2251 655 2423 717 πάθος
2453 657 2688 726 ἡμέραν,
2717 659 2810 710 καὶ
2841 659 3106 728 ρυσθῆναι
3139 659 3232 711 ὑπ’
3258 661 3422 714 αὐτοῦ
3449 663 3588 732 ⁴ᾔτει,
3621 667 3722 736 ἀρε

2150 755 2346 808 παγμα
2399 741 2497 811 ήδη
2552 743 2630 812 τῷ
2687 743 2951 816 ἀλλοτρίῳ
3001 749 3387 817 γεγενημένος.
3425 751 3585 804 Ἀλλὰ
3628 755 3720 807 τὸν

2151 833 2250 900 μὲν
2281 833 2412 902 εὐχῇ
2437 835 2532 886 καὶ
2569 837 2824 905 σφραγῖδι
2867 837 3118 902 ὁπλίσας,
3153 841 3598 910 ἀκαταγὼνιστον
3625 846 3718 898 τοῦ

2146 925 2338 978 λοιποῦ
2379 925 2456 996 τῷ
2488 925 2668 997 ἐχθρῷ
2701 930 2996 998 πεποιήκει
3029 945 3042 958 ·
3071 929 3514 1004 ἀσφαλεστέρους
3541 935 3596 986 δὲ
3623 937 3722 990 καὶ

2146 1017 2274 1078 τοὺς
2303 1015 2573 1086 μαθητὰς,
2613 1017 2824 1080 εἰδότας
2853 1019 3000 1082 ὅπως
3044 1021 3196 1073 οὐδὲν
3233 1022 3400 1076 αὑτὸν
3449 1025 3570 1076 οὐδὲ
3609 1025 3721 1078 τῶν

2149 1109 2206 1158 ἐν
2243 1111 2426 1178 κρυφῇ
2459 1110 2761 1180 γινομένων
2789 1109 3150 1165 διαλανθάνει.

2221 1197 2362 1266 ρπδ’.
2395 1200 2506 1252 Καὶ
2558 1199 2716 1252 τοῦτο
2779 1201 2876 1270 μὲν
2926 1201 2990 1270 δὴ
3039 1201 3270 1266 τοιοῦτο,
3303 1203 3399 1254 καί
3459 1203 3600 1256 οὕτω
3649 1204 3722 1257 τά

2151 1289 2369 1359 μακρὰν
2423 1290 2518 1346 καὶ
2563 1291 2752 1362 πόρρω
2781 1291 2862 1362 τῷ
2915 1291 3142 1362 Συμεὼν
3191 1295 3250 1344 ἐν
3295 1293 3722 1363 όφθαλμοῖς,ὡς

2148 1382 2393 1450 παρόντα
2437 1381 2683 1436 δεικνύον
2709 1397 2723 1412 ⁸
2757 1381 2786 1434 ὁ
2817 1384 2872 1437 δὲ
2903 1383 3061 1451 λόγος
3107 1385 3200 1437 καὶ
3241 1385 3376 1439 ἄλλα
3407 1389 3510 1456 τῆς
3549 1388 3720 1456 αὐτῆς

2145 1471 2222 1542 τῷ
2249 1472 2526 1543 εἰρημένῳ
2543 1473 2823 1545 δυνάμεως
2847 1476 3161 1546 προσθεῖναι
3191 1476 3720 1549 βούλεται⁶“Ανθρὼ-

2145 1580 2233 1632 πῳ
2289 1563 2489 1634 συνέϐη
2541 1565 2650 1617 τινὶ
2705 1566 2833 1636 περὶ
2883 1565 3030 1618 σίτου
3077 1567 3264 1636 ἀκμὴν
3299 1567 3360 1618 τὸ
3408 1567 3722 1638 θαυμαστὸν

465 1669 618 1721 sunt,
643 1659 934 1728 quemdam
959 1658 1240 1712 hominem
1275 1673 1334 1714 se
1359 1657 1424 1712 ad
1457 1666 1700 1712 montem
1727 1657 2038 1710 mirabilem

2145 1655 2348 1710 ἀνιόντι
2377 1656 2504 1728 ὅρος
2565 1657 2658 1710 καὶ
2685 1657 2764 1726 τῷ
2809 1674 2868 1710 τε
2919 1658 3162 1712 καύσωνι
3211 1662 3310 1730 τῆς
3349 1662 3520 1735 ὧρας,
3548 1663 3628 1732 τῷ
3659 1680 3722 1716 τε

467 1750 746 1812 conferre,
781 1751 1232 1820 tempestatisque
1261 1749 1458 1804 ardore
1479 1759 1536 1803 et
1577 1748 1888 1802 acclivitate
1935 1747 2038 1802 viae

2145 1749 2239 1818 τῆς
2271 1749 2391 1803 ὁδοῦ
2425 1749 2660 1812 ἀνάντει,
2699 1750 2834 1820 πρὸς
2877 1751 2980 1820 τὴν
3025 1752 3118 1805 τοῦ
3173 1753 3360 1822 δίψους
3401 1755 3725 1824 ἀπαγορεύ-

464 1842 702 1897 excitata
733 1842 856 1897 sitis
875 1841 1228 1896 vehementia
1281 1839 1653 1904 deﬁcientem,
1705 1840 1860 1894 humi
1905 1853 2040 1893 con-

465 1934 654 1990 cidere
681 1945 740 1990 et
763 1943 974 1998 tantum
1013 1949 1124 1988 non
1157 1933 1344 1988 animo
1389 1933 1588 2002 linqui.
1623 1933 1854 2002 Jamque
1899 1941 2038 1986 tem-

464 2040 570 2094 pus
591 2031 712 2080 erat
737 2039 849 2095 quo
907 2025 1241 2094 vespertinae
1289 2033 1566 2078 canuntur
1617 2037 1834 2092 preces,
1902 2037 2040 2092 quas

466 2127 692 2174 sanctus
713 2133 814 2188 pro
841 2131 999 2171 more
1039 2132 1139 2171 suo
1175 2131 1300 2170 cum
1339 2115 1632 2186 discipulis
1691 2116 1804 2169 Deo
1826 2114 2039 2183 persol-

465 2210 662 2276 vebat;
711 2224 840 2264 cum
897 2209 1036 2264 duos
1081 2207 1303 2262 illormn
1343 2206 1412 2260 ad
1461 2222 1520 2262 se
1577 2215 1803 2260 vocatos
1857 2204 2036 2276 jubet,

467 2308 692 2370 accepto
716 2314 858 2370 pane
879 2307 936 2354 et
967 2313 1132 2368 aqua,
1153 2297 1243 2350 via
1275 2297 1480 2352 montis
1512 2305 1780 2352 consueta
1810 2295 2042 2348 descen-

467 2391 625 2456 dere,
659 2393 988 2446 inventuros
1017 2387 1312 2458 quemdam
1355 2387 1412 2442 in
1433 2395 1638 2441 terram
1671 2393 2037 2456 prostratum,

465 2487 556 2538 vix
594 2484 900 2555 spirantem
929 2484 1116 2538 animo
1141 2482 1474 2536 deﬁciente:
1505 2481 1658 2536 hisce
1676 2479 1880 2534 fractas
1933 2479 2036 2548 ipsi

465 2577 614 2631 vires
649 2575 1044 2631 restituendas.
1075 2575 1280 2628 Verum
1316 2572 1577 2626 festinato
1631 2587 1771 2641 opus
1802 2581 1906 2634 est,
1961 2569 2040 2623 in-

467 2666 606 2734 quit,
635 2680 704 2720 nc
731 2680 882 2720 mors
911 2675 1250 2734 praeverteris
1277 2663 1492 2716 auferat
1535 2661 1859 2731 pauxillum,
1890 2660 2038 2729 quod

467 2765 738 2825 superest,
785 2755 1032 2826 spiritus.
1095 2753 1177 2808 Illi
1229 2761 1414 2808 autem
1475 2761 1766 2808 currentes
1821 2759 1886 2804 ut
1931 2750 2038 2804 sibi

469 2847 785 2902 mandatum
813 2855 954 2910 erat,
1013 2844 1300 2914 reperiunt
1343 2845 1614 2914 jacentem
1649 2843 1702 2897 in
1736 2843 1824 2898 via
1861 2842 2040 2896 homi-

467 2953 614 3002 nem,
641 2937 752 3008 jam
776 2945 986 2991 tantum
1017 2951 1126 2990 non
1159 2945 1462 2990 mortuum.
1487 2935 1714 2990 Tollunt
1737 2949 1866 3005 ergo
1885 2948 2035 3000 eum,

469 3041 635 3098 atque
675 3029 732 3083 in
761 3036 976 3098 partem
1001 3025 1327 3081 monasterii
1383 3025 1708 3080 inferiorem
1779 3033 2036 3094 portant:

469 3121 564 3176 ubi
593 3121 682 3176 vix
732 3120 950 3174 tandem
1007 3119 1400 3174 abiturientem
1462 3119 1722 3194 spiritum
1775 3117 2037 3183 retinere,

471 3213 724 3282 viresque
755 3225 1018 3266 revocare
1041 3218 1368 3279 potuerunt.

545 3302 660 3356 185.
689 3300 1037 3357 Carbonibus
1058 3299 1355 3369 aliquando
1382 3299 1772 3356 deﬁcientibus
1809 3302 1864 3354 in
1923 3314 2044 3355 mo-

474 3395 742 3460 nasterio,
771 3393 1132 3450 contulerunt
1156 3393 1376 3462 vesperi
1399 3391 1546 3448 inter
1565 3409 1624 3448 se
1649 3393 1826 3464 capita
1845 3403 1900 3447 et
1927 3407 2042 3448 ser-

475 3501 668 3540 mones
692 3483 990 3540 admodum
1041 3483 1187 3538 anxii
1227 3483 1466 3538 fratres:
1513 3484 1716 3552 quibus
1763 3483 2038 3554 Symeon:

471 3578 671 3643 Nolite,
703 3577 902 3646 inquit,
945 3575 1166 3630 solliciti
1188 3591 1346 3642 esse;
1391 3574 1649 3630 adveniet
1677 3575 1884 3644 quippe
1919 3575 2043 3629 luce

469 3669 712 3726 crastina
743 3675 932 3723 tantus
958 3668 1258 3734 carbonum
1279 3682 1566 3728 numerus.
1589 3677 1828 3736 quantus
1851 3666 2043 3720 usibus

471 3757 794 3813 monasterii
825 3755 1058 3812 suﬂiciat
1081 3774 1095 3810 :
1117 3771 1244 3810 nam
1279 3757 1458 3810 virum
1485 3755 1776 3826 quemdam
1820 3755 2040 3826 prospi-

469 3850 558 3903 cio
583 3849 947 3912 rusticanum,
975 3847 1114 3901 duos
1143 3847 1322 3900 mulos
1339 3847 1448 3900 huc
1471 3855 1742 3917 agentem,
1769 3845 2040 3916 ejusmodi

473 3954 614 4010 quos
657 3938 825 3992 vultis
879 3938 1152 3994 carbones
1201 3939 1532 4008 bajulantes.
1589 3937 1742 3992 Talia
1793 3939 1883 3991 ille
1939 3937 2041 3991 sub

473 4028 656 4084 noctis
677 4025 968 4082 exordium
1001 4027 1332 4097 discipulis:
1363 4034 1582 4096 postera
1629 4041 1763 4080 vero
1809 4025 1932 4080 luce
1957 4025 2044 4078 vir

472 4123 562 4176 ille
591 4120 810 4175 advexit
830 4133 952 4189 qum
965 4118 1292 4188 praedixerat
1311 4124 1554 4172 sanctus.
1581 4117 1922 4186 Praeceperat
1943 4115 2046 4170 ali-

473 4212 695 4285 quando
711 4211 847 4274 suis,
871 4227 942 4265 ne
960 4225 1124 4280 quem
1155 4209 1385 4263 omnino
1425 4209 1740 4264 saecularem
1765 4207 2042 4262 hominem

471 4305 852 4366 convenirent,
899 4315 1078 4370 neque
1130 4299 1400 4368 colloquia
1465 4299 1574 4352 ulla
1619 4306 1716 4352 aut
1761 4312 2044 4352 sermones

2149 1853 2304 1890 σαντι
2341 1837 2460 1906 βίαν
2485 1839 2579 1891 ἐπὶ
2613 1839 2716 1910 τὴν
2744 1839 2848 1908 γῆν
2889 1839 3287 1912 καταρῤεὖσαι,
3321 1841 3414 1895 καὶ
3453 1845 3574 1894 κατ’
3605 1843 3724 1894 ὀλί-

2140 1945 2236 1998 γον
2293 1929 2712 1998 ὑπολιμπάνειν.
2734 1925 2844 1984 Ἤν
2879 1931 2980 2002 μὲν
3013 1927 3106 1986 οὖν
3137 1933 3238 2003 ήδη
3293 1933 3421 2003 περὶ
3453 1933 3553 1996 τὰς
3595 1935 3722 1986 ὲπι-

2141 2019 2390 2090 λυχνίους
2441 2019 2608 2092 ᾠδὰς,
2635 2023 2732 2076 καὶ
2777 2021 3002 2088 ταύτας,
3031 2023 3106 2086 ὡς
3137 2023 3391 2094 σύνηθες,
3423 2026 3454 2077 ό
3491 2025 3724 2092 Συμεὼν

2141 2111 2258 2180 Θεῷ
2311 2112 2448 2180 μετὰ
2491 2111 2598 2166 τῶν
2631 2113 2887 2183 μαθητῶν
2911 2114 3166 2167 ἀπεδίδου
3195 2132 3209 2145 ·
3245 2118 3302 2168 ὲν
3333 2117 3508 2186 τούτῳ
3531 2117 3588 2169 δὲ
3623 2115 3724 2169 δύο

2141 2201 2294 2262 τινὰς
2348 2201 2582 2266 καλέσας
2633 2203 2812 2256 αὐτῶν
2853 2202 3200 2274 ἐπισκήπτει,
3243 2205 3508 2269 λαϐόντας
3546 2207 3720 2276 ἄρτου

2141 2292 2236 2344 καὶ
2266 2289 2478 2354 ὕδατος,
2513 2291 2614 2362 τήν
2643 2308 2703 2344 τε
2731 2291 2825 2345 τοῦ
2855 2293 3016 2363 ὅρους
3041 2293 3158 2348 ὁδὸν
3185 2296 3482 2366 παριόντας
3533 2298 3724 2368 εὑρεῖν

2139 2399 2260 2436 τινα
2287 2383 2430 2436 κατά
2457 2383 2562 2453 γῆς
2591 2385 2944 2457 ἐρριμμένον,
2983 2387 3222 2440 πνέοντα
3257 2388 3432 2458 μικρά
3485 2390 3580 2441 καὶ
3625 2391 3724 2442 ἐκ·

2139 2475 2448 2541 λελοιπότα,
2487 2475 2700 2539 τούτοις
2744 2478 2896 2548 αὐτῷ
2927 2478 3024 2547 τὴν
3075 2478 3308 2544 δύναμιν
3347 2481 3722 2550 ἀπειρηκυῖαν

2141 2565 2460 2620 ἀναλαϐεῖν.
2504 2565 2666 2620 Ἀλλὰ
2713 2566 2914 2636 τάχους
2939 2566 3016 2638 τῷ
3067 2569 3353 2638 πράγματι
3399 2570 3558 2640 χρεία
3587 2611 3602 2634 ,
3645 2574 3726 2642 μὴ

2141 2655 2391 2720 θάνατος,
2420 2657 2576 2728 φησὶ,
2609 2657 2900 2728 προλαϐὼν
2953 2660 3046 2712 καὶ
3109 2660 3208 2730 τὴν
3255 2661 3443 2730 ὀλίγην
3497 2663 3726 2734 εκείνην

2142 2749 2312 2818 πνοὴν
2343 2749 2632 2819 ἀφέληται.
2665 2751 2730 2802 Οί
2755 2750 2814 2802 δὲ
2845 2751 3142 2821 δράσαντες
3173 2751 3314 2806 κατά
3365 2755 3434 2804 τὰ
3478 2771 3726 2823 προστε-
3789 2751 3810 2769 ⁹

2139 2839 2406 2907 ταγμὲνα,
2441 2839 2758 2909 εὑρίσκουσι
2811 2841 3062 2911 κείμενον
3105 2843 3268 2896 αὑτὸν
3295 2845 3400 2896 ἀνὰ
3449 2845 3546 2914 τὴν
3573 2846 3722 2909 ὁδὸν,

2143 2929 2283 3000 πλὴν
2311 2929 2406 2982 τοῦ
2437 2932 2699 2984 ἀναπνεῖν
2721 2934 2912 3001 νεκρόν
2939 2948 2952 2962 '
2985 2933 3296 3004 ἀνελόμενοι
3325 2935 3506 2988 τοίνυν
3531 2937 3723 3004 αὑτὸν,

2143 3023 2240 3074 καὶ
2297 3023 2377 3085 είς
2429 3022 2528 3090 τὴν
2578 3023 2874 3093 κατωτέρω
2923 3025 3092 3094 μονὴν
3143 3026 3460 3094 ἀγαγόντες,
3495 3029 3594 3097 ὀψὲ
3625 3032 3726 3084 καὶ

2147 3113 2298 3184 μόλις
2342 3115 2711 3183 ἐπαναγαγεῖν
2758 3115 2914 3179 αὖθις
2953 3116 3104 3188 αύτῷ
3155 3118 3254 3189 τὴν
3299 3119 3531 3191 δύναμιν
3565 3122 3726 3193 ἴσχυ-

2145 3223 2264 3260 σαν.

2216 3307 2356 3372 ρπεθ.
2399 3300 2712 3370 Ἀνθράκων
2755 3300 2982 3372 ἀπύρων
3031 3302 3162 3355 ποτὲ
3201 3303 3298 3374 τὴν
3329 3309 3494 3374 μονὴν
3537 3306 3726 3358 ἐπιλε-

2142 3389 2428 3451 λοιπότων,
2463 3393 2576 3453 τοῖς
2609 3391 2706 3460 μὲν
2731 3391 2978 3460 ἀδελφοῖς
3011 3393 3167 3460 λόγος
3193 3395 3432 3465 ἑσπέρας
3456 3395 3592 3466 πρὸς
3627 3398 3726 3449 ἀλ-

2143 3481 2336 3552 λήλους
2383 3484 2483 3536 οὐκ
2529 3484 2705 3551 ὀλίγος
2751 3479 2853 3554 ἦν’
2901 3487 2930 3537 ό
2965 3485 3042 3548 δὲ,
3077 3485 3168 3554 Μὴ
3199 3487 3542 3556 φροντίσητε,
3589 3489 3720 3556 ἔφη·

2143 3574 2394 3642 ἀφίξεται
2438 3575 2547 3644 γάρ
2577 3573 2764 3646 αὔριον
2807 3575 3010 3644 πλῆθος
3057 3577 3258 3643 αὐτῶν,
3307 3579 3428 3630 ὅσον
3471 3583 3536 3648 τῇ
3581 3585 3720 3650 μονῇ

2144 3667 2282 3720 κατὰ
2301 3666 2509 3737 χρείαν
2545 3667 2657 3736 όρῶ
2685 3667 2794 3736 γὰρ
2817 3666 2986 3735 ἄνδρα
3009 3667 3130 3720 τινὰ
3157 3667 3262 3719 τῶν
3291 3669 3724 3740 ἀγροικοτέριυν,

2143 3759 2296 3811 δυσὶν
2323 3757 2508 3828 ὥσπερ
2528 3759 2773 3828 ἡμιόνοις
2798 3759 3160 3829 προσάγοντα,
3187 3760 3415 3814 τοιοῦτοι
3441 3761 3498 3814 δὲ
3523 3763 3728 3830 ἄνθρα-

2141 3867 2238 3912 κες
2285 3850 2393 3920 ἄρα
2443 3849 2651 3902 τούτοιν
2695 3849 2977 3920 ἑκατέροιν
3015 3853 3042 3902 ὁ
3075 3851 3291 3918 φόρτος,
3325 3852 3510 3904 Ταῦτα
3551 3857 3582 3905 ό
3617 3855 3726 3924 μὲν

2143 3943 2256 4003 τοῖς
2287 3939 2554 4010 μαθηταῖς
2589 3941 2718 4008 περὶ
2760 3939 2952 4002 νυκτὸς
2977 3941 3154 4011 ἀρχὰς
3185 3938 3356 4004 εἶπεν,
3383 3943 3510 4012 ἣκει
3551 3944 3610 3996 δὲ
3641 3948 3726 4006 εἰς

2144 4031 2242 4102 τὴν
2265 4031 2390 4100 ἑξῆς
2431 4033 2458 4084 ό
2487 4030 2745 4096 τοιοῦτος,
2773 4031 3014 4102 κομίξων
3047 4035 3112 4102 τῇ
3147 4035 3280 4102 μονῇ
3315 4035 3556 4096 τούτους,
3589 4035 3666 4096 ὡς
3695 4039 3728 4088 ὁ

2109 4101 2372 4194 ’Συμεὼν
2403 4125 2749 4194 προειρήκει.
2791 4125 3108 4178 Ἐντέταλτο
3135 4126 3266 4194 παρ’
3287 4125 3450 4178 αὑτοῦ
3475 4129 3588 4188 τοῖς
3619 4144 3730 4194 μα-

2146 4215 2334 4286 θηταῖς
2369 4215 2556 4286 μηδενὶ
2595 4215 2846 4284 μηδαμοῦ
2877 4216 3128 4285 κοσμικῷ
3156 4217 3470 4287 παρρησίαν
3498 4216 3728 4284 διδόναι,

2150 4308 2272 4378 μηδ’
2315 4309 2394 4369 είς
2424 4307 2639 4376 ὁμιλίαν
2672 4308 2854 4368 αὐτοῖς
2897 4308 2964 4360 τά
2989 4307 3160 4359 πολλά
3187 4308 3280 4360 καὶ
3311 4309 3504 4375 λόγους
3537 4309 3726 4378 ἥκειν,

470 4412 598 4452 cum
633 4395 701 4450 iis
731 4394 1049 4459 miscerent,
1103 4391 1210 4446 nisi
1250 4391 1306 4444 in
1337 4390 1658 4461 gravissima
1681 4393 2040 4456 necessitate;

2151 4401 2200 4452 el.
2233 4399 2308 4468 μὴ
2350 4399 2492 4451 κατὰ
2521 4397 2657 4450 πολύ
2685 4414 2737 4449 τι
2769 4399 2832 4450 τὸ
2861 4400 3182 4464 ἀναγκαῖον·
3231 4399 3322 4451 καὶ
3369 4399 3528 4452 τοῦτο
3555 4400 3615 4452 δὲ
3647 4403 3728 4470 μὴ

475 4497 606 4541 tunc
625 4500 757 4539 vero
780 4484 948 4539 etiam
979 4497 1089 4538 non
1116 4481 1521 4536 immorandum
1545 4481 1662 4545 diu,
1693 4481 1788 4535 sed
1817 4481 2046 4550 praeciso

429 4641 434 4646 ,
473 4593 730 4633 sermone
759 4573 1152 4630 discedendum
1183 4589 1347 4643 quam
1378 4588 1534 4636 mox;
1567 4581 1626 4628 ut
1663 4579 1854 4628 noctes
1885 4583 2050 4642 atque

474 4666 594 4722 dies
633 4665 836 4720 divinis
861 4663 1090 4734 psalmis
1130 4680 1194 4718 ac
1219 4664 1437 4734 legibus
1475 4661 1806 4716 meditandis
1845 4663 2048 4718 transi-

473 4771 686 4832 gentes,
716 4759 894 4814 seduli
921 4757 1362 4829 pnescriptarum
1397 4756 1704 4826 regularum
1727 4755 2048 4810 observato-

473 4868 562 4906 res
583 4853 788 4906 forent.
809 4849 1119 4920 Aliquando
1141 4849 1327 4919 igitur,
1347 4863 1470 4902 cum
1493 4855 1715 4902 sanctus
1735 4847 1802 4900 ad
1821 4847 2051 4902 inferius

477 4943 874 4998 monasterium
929 4943 1254 4996 accessisset
1307 4941 1554 5009 propius,
1607 4939 1760 4994 visus
1808 4940 1912 4994 sibi
1967 4951 2052 4996 est

476 5033 669 5088 audire
690 5033 903 5104 aliquos
930 5031 1056 5086 talia
1072 5047 1194 5084 cum
1219 5029 1574 5084 saecularibus
1589 5029 1897 5098 loquentes.
1919 5046 2054 5100 qua-

475 5127 546 5180 ?ia
581 5141 691 5179 non
723 5124 922 5178 licebat
949 5139 1046 5192 per
1073 5123 1196 5176 data
1229 5132 1521 5190 praecepta.
1555 5121 1858 5176 Accersens
1885 5121 2053 5192 igitur

479 5213 1066 5283 illos,cxaminansque
1096 5221 1152 5266 et
1182 5225 1296 5266 rem
1323 5221 1376 5266 et
1400 5219 1636 5282 tempus,
1671 5213 1874 5267 factum
1899 5229 2052 5267 com-

482 5307 641 5374 gerit,
674 5307 817 5360 sicut
846 5305 1228 5374 spiritualibus
1260 5303 1436 5358 oculis
1465 5319 1498 5360 a
1533 5319 1592 5358 se
1619 5303 1796 5358 visum
1829 5303 2012 5362 fuerat
2038 5322 2048 5356 :

481 5395 531 5449 ni
555 5397 700 5466 quod
723 5413 832 5452 non
859 5399 1034 5454 levem
1059 5397 1292 5450 incussit
1327 5395 1613 5466 discipulis
1638 5397 1910 5462 timorem,
1949 5393 2052 5450 ﬁde

480 5491 704 5558 dignum
731 5492 952 5560 majoris
983 5491 1032 5543 in
1069 5489 1316 5544 futurum
1352 5489 1580 5544 cautelae
1611 5489 1824 5543 vadem.

553 5580 674 5635 186.
717 5581 908 5636 Frater
937 5583 1186 5652 quidam,
1227 5581 1484 5635 virtutem
1513 5581 1812 5650 professus,
1853 5581 2052 5634 missus

485 5673 621 5732 little
655 5673 722 5730 ad
751 5674 1160 5732 divenu’endum
1187 5676 1378 5736 salem,
1415 5673 1628 5728 insidiis
1657 5673 1886 5736 diaboli,
1923 5671 2050 5728 talia

2151 4488 2584 4560 ἐνδιατρίϐοντας
2633 4492 2754 4550 ταῖς
2809 4487 2945 4558 πρὸς
2987 4491 3184 4551 αὐτοὺς
3227 4489 3546 4554 διαλέξεσιν,
3589 4493 3734 4544 una:

2148 4579 2286 4648 ταχὺ
2335 4577 2864 4648 ἀπαλλαττομένους,
2919 4581 3086 4632 νύκτα
3143 4579 3326 4648 μέντοι
3373 4581 3464 4632 καὶ
3509 4581 3730 4650 ἡμέραν

2148 4669 2260 4728 τοῖς
2299 4667 2464 4729 θείοις
2491 4666 2726 4737 ψαλμοῖς
2761 4667 2854 4720 καὶ
2881 4667 3065 4736 νόμοις
3108 4667 3414 4738 ἐμμελετᾷν
3453 4668 3546 4722 τοῦ
3581 4671 3734 4723 δεδο-

2151 4760 2314 4830 μένου
2337 4761 2559 4822 κανόνος
2589 4760 2860 4828 ἐπιμελῶς
2889 4759 3198 4829 ἐχομένους.
3231 4760 3368 4812 ﬂore
3391 4759 3522 4828 γοῦν
3551 4764 3730 4816 ἐδόκει

2149 4853 2226 4924 τῷ
2255 4852 2497 4924 Συμεὼν,
2535 4851 2760 4922 πλησίον
2801 4850 2989 4920 ὥσπερ
3039 4850 3200 4903 αὑτὸν
3237 4851 3296 4904 ἐν
3337 4855 3404 4922 τῇ
3441 4856 3728 4924 κατωτέρξι

2155 4947 2287 5014 μονῇ
2343 4945 2658 5012 γενόμενον,
2705 4943 2888 4996 ἐκεῖνα
2923 4943 3062 5012 πρός
3109 4959 3260 5006 τινας
3295 4943 3408 4996 τῶν
3447 4947 3737 5012 κοσμικῶν

2149 5034 2370 5086 ἀκούειν
2403 5031 2728 5098 λαλούντων,
2763 5033 2904 5099 ειπερ
2935 5031 3082 5100 αύτῷ
3112 5035 3168 5086 αἱ
3191 5034 3404 5086 ἐντολαὶ
3431 5037 3529 5087 οὐκ
3571 5037 3732 5088 ἐϐού-

2151 5125 2324 5179 λοντο.
2397 5123 2649 5210 Καλέφς
2701 5123 2880 5176 τοίνυν
2947 5125 3174 5188 αὐτοὺς,
3235 5124 3487 5194 ὲρεύναις
3549 5143 3612 5176 τε
3673 5131 3736 5176 τέω

2151 5217 2383 5286 πρᾶγμα
2407 5214 2502 5267 καὶ
2527 5213 2616 5268 τὸν
2641 5215 2829 5284 καιρὸν
2851 5213 3116 5279 δεδωκὼς,
3147 5211 3306 5284 εὗρεν
3341 5215 3416 5278 ὡς
3449 5216 3599 5284 αὐτῷ
3621 5221 3734 5270 τοῖς

2149 5305 2242 5358 τοῦ
2275 5306 2594 5376 Πνεύματος
2615 5306 2910 5376 ὀφθαλμοῖς
2937 5305 3132 5376 ἐθεάθη
3155 5321 3167 5335 ·
3191 5305 3220 5358 ὂ
3247 5307 3338 5360 καὶ
3365 5305 3528 5376 φόϐον
3549 5309 3734 5368 αὐτοῖς

2152 5399 2252 5452 ούκ
2306 5399 2484 5468 ὀλίγον
2537 5397 2720 5468 ἐνῆκε,
2763 5397 3062 5468 μελλούσης
3109 5397 3408 5468 ἀξιόχρεων
3454 5401 3734 5470 innati}.-

2154 5491 2469 5558 ἀσφαλείας.

2231 5590 2380 5648 ρπς¹.
2430 5583 2680 5650 Ἀδελφός
2739 5599 2822 5646 τις
2869 5581 3068 5652 ἀρετὴν
3133 5583 3600 5652 μαρτυρούμενος.
3649 5587 3730 5636 ei;

2156 5675 2348 5738 ἂλατος
2381 5675 2476 5726 ἐπέ
2489 5675 2634 5750 μφθη
2659 5675 2954 5740 διακονίαν,
2977 5677 3094 5736 ταῖς
3122 5673 3176 5726 δὲ
3205 5675 3298 5726 τοῦ
3328 5675 3564 5746 πονηροῦ
3590 5673 3726 5726 κιτά
