4034 6186
325 266 466 334 διδ-ι

1351 278 1528 340 VlTA
1563 279 1612 337 A
1649 278 2087 340 NICEPHORO
2125 248 2607 340 conscmpm.

3445 271 3580 336 3158

324 379 711 435 τῶντοιούτων
744 381 1060 448 ἐπιϐουλαῖς
1107 384 1201 438 καὶ
1247 389 1358 451 τοῖς
1405 387 1616 440 ἐκείνου
1662 388 1943 450 πιθανοῖς,

2048 389 2340 444 urantibus
2363 387 2688 451 infestioris,
2714 384 2977 454 falsisque
2991 382 3444 454 persuasionibus
3468 398 3584 452 spe

326 472 644 543 δελεάμασι,
687 475 1110 544 παρακερδαίνει
1166 494 1219 529 τι
1271 478 1368 548 τῆς
1412 481 1602 531 τούτου
1648 481 1900 550 τιμῆς,ῆ

330 563 622 633 ζημιοῦται
657 563 860 634 μᾶλλον
891 566 1153 635 ἐσχάτως,
1182 569 1280 621 ὅσα
1318 570 1411 622 καὶ
1440 570 1618 640 ψυχῆς
1648 572 1680 639 ἡ
1712 570 1904 639 ζημία.

328 653 500 707 Τοῦτο
555 653 735 707 τοίνυν
789 657 816 707 ὁ
874 655 1098 722 Συμεὼν
1143 659 1253 710 ἀπὸ
1289 659 1563 730 μακρόθεν
1593 661 1770 727 εἰδὼς,
1800 663 1912 724 τοῖς

333 744 604 814 μαθηταῖς
636 745 1003 814 ἀπαγγέλλει·
1037 745 1154 801 εἶτα
1184 751 1603 819 μεταστέλλεται
1631 752 1766 823 πρὸς
1789 753 1915 806 ἐαυ-

331 833 425 888 τὸν
469 835 830 890 ἐπανελθόντα
877 836 969 889 τὸν
1008 837 1257 908 ἀδελφὸν,
1306 841 1516 909 ἐλέγχει
1555 841 1617 894 τὸ
1669 843 1914 910 γεγονὸς,

335 924 567 996 ἐπιτιμᾷ
600 926 702 994 τῆς
730 925 935 996 κλοπῆς
954 943 967 958 ·
994 926 1185 982 ἔπειτα
1217 929 1399 998 μέντοι
1443 930 1660 1000 δέχεται
1706 931 1804 1002 τὴν
1832 930 1917 995 ἐξ·

331 1016 680 1087 ομολόγησιν,
701 1017 884 1070 δίδωσι
905 1017 1002 1088 τὴν
1021 1018 1235 1085 ἄφεσιν,
1257 1020 1450 1088 ἐπάγει
1472 1020 1570 1092 τὴν
1596 1022 1920 1093 θεραπείαν.

350 1107 605 1178 ’Λνῆλθόν
634 1111 777 1171 τινές
805 1127 936 1162 ποτε
976 1110 1084 1162 τῶν
1122 1110 1472 1180 Ἰσραηλιτῶν
1502 1113 1643 1166 κατά
1678 1113 1919 1184 προσκύ-

339 1217 494 1267 νησιν
541 1200 635 1252 τοῦ
693 1199 878 1268 Ἀγίου
904 1220 918 1233 ο
953 1203 1150 1273 συνέϐη
1191 1205 1246 1256 δὲ
1291 1203 1388 1274 τὴν
1451 1205 1654 1258 τούτων
1698 1207 1918 1276 ἡμίονον

340 1289 722 1352 ἀπολυθεῖσαν,
758 1293 850 1344 καὶ
875 1294 1013 1362 πρός
1038 1309 1160 1346 τινα
1202 1293 1296 1347 τοῦ
1329 1294 1488 1364 ὅρους
1517 1298 1763 1365 κρημνὸν
1793 1298 1922 1350 ὑπο-

342 1382 682 1447 καταϐᾶσαν,
710 1383 997 1452 προσδέσει
1038 1383 1131 1436 τοῦ
1180 1386 1412 1454 ῥυτῆρος
1443 1388 1570 1457 περί
1603 1403 1730 1441 τινα
1764 1386 1919 1458 ὕλην,

340 1466 430 1523 οἷα
479 1470 625 1538 φιλεῖ
674 1470 933 1534 πολλάκις
973 1473 1296 1541 αὐτομάτως
1338 1475 1605 1541 γίνεσθαι,
1638 1476 1762 1546 τῇδε
1790 1479 1924 1530 ἁπο-

343 1562 630 1632 ληφθῆναι.
681 1562 770 1626 Ὧς
825 1561 917 1616 οὖν
964 1563 1164 1634 πολλὴν
1205 1566 1376 1634 αὐτῆς
1423 1568 1640 1636 Οέμενοι
1673 1567 1921 1637 ζήτησιν,

344 1651 480 1705 ἀλλὰ
516 1651 610 1704 καὶ
645 1653 723 1712 εἰς
751 1653 942 1723 τρίτην
975 1653 1105 1724 ἑξῆς
1128 1656 1340 1725 ἡμέραν
1363 1657 1460 1726 οὐχ
1487 1652 1589 1710 οἷοί
1612 1675 1670 1711 τε
1695 1659 1924 1726 γεγόνα-

348 1759 431 1794 σιν
475 1742 745 1812 ἀνευρεῖν,
794 1744 1049 1814 προσίασι
1086 1745 1164 1815 τῷ
1209 1747 1485 1818 Μεγάλῳ,
1530 1749 1785 1812 ἀλύοντες
1828 1751 1921 1803 καὶ
1953 1727 2000 1784 Β

343 1834 442 1896 τάς
488 1833 666 1904 ψυχάς
713 1835 917 1907 σφόδρα
961 1836 1393 1908 διαπονούμενοι.
1461 1841 1521 1893 Ὀ
1566 1839 1642 1904 δὲ,
1673 1841 1925 1912 καθάπερ

347 1925 489 1996 ὀρῶν
537 1920 596 1979 οἵ
615 1927 936 1996 προσδέδετο
972 1928 1134 2000 αὕτη,
1169 1931 1404 1995 καλέσας
1450 1931 1544 1986 δύο
1590 1933 1700 1986 τῶν
1746 1933 1925 2004 μαθη-

348 2017 475 2082 τῶν,
537 2018 790 2072 ἐκέλευσε
858 2023 975 2074 ἐκεῖ
1021 2023 1368 2092 γενομένους,
1409 2026 1506 2078 καὶ
1559 2026 1657 2096 τὴν
1703 2025 1925 2096 ἡμίονον

347 2107 614 2173 λύσαντας
666 2111 1053 2166 ἀνασώσασθαι
1093 2116 1208 2178 τοῖς
1255 2115 1560 2180 δεσπόταις.
1612 2117 1788 2189 Ὅπερ
1836 2113 1927 2171 οὖν

349 2199 521 2273 ταύτῃ
584 2203 676 2255 καὶ
737 2203 980 2272 γεγονὸς,
1049 2205 1416 2271 ἀπολαϐόντες
1473 2208 1643 2278 αὐτὴν
1707 2197 1926 2273 ἐκείνοι,

353 2289 489 2360 πρὸς
511 2291 607 2362 τὴν
632 2293 841 2346 ἑαυτῶν
868 2294 1198 2366 ἐπανῄεσαν,
1225 2296 1412 2368 θαῦμα
1439 2297 1530 2352 τὸν
1557 2299 1724 2369 ἄνδρα
1748 2299 1926 2368 ποιούς

354 2397 525 2452 μενοι.

2012 479 2153 532 ciem
2178 478 2430 532 veritatis
2454 475 2878 547 pmferentibus
2901 475 3180 541 inductus,
3211 473 3422 544 aliquid
3440 473 3588 544 justo

1959 605 1965 610 -
2013 570 2252 639 amplius
2292 569 2454 635 lucri,
2505 577 2601 623 aut
2631 568 2816 637 potius
2853 567 3087 621 multum
3137 566 3321 620 damni
3359 565 3507 632 fecit,
3545 564 3588 619 si

2012 662 2252 716 animam
2283 670 2517 731 spectes.
2542 660 2697 723 Quod
2713 675 2838 715 cum
2869 669 3092 714 sanctus
3115 658 3347 729 Symcon
3375 657 3590 711 eminus

2015 762 2393 824 cognosceret,
2417 752 2705 821 discipulis
2724 765 2942 821 quoque
2969 749 3342 805 manifestavit
3361 766 3374 801 :
3395 747 3591 802 deinde

2016 844 2251 899 accersit
2280 843 2505 897 fratrem
2539 843 2694 897 illum
2733 843 2845 912 jam
2875 842 3157 906 reducem,
3190 841 3254 895 ad
3289 856 3346 895 se
3379 837 3594 908 :arguit

2017 935 2244 1000 factum,
2283 934 2637 1004 reprehendit
2675 934 2944 996 fraudem.
2997 943 3112 988 tum
3145 933 3352 1002 excipit
3383 931 3594 988 confes-

2018 1028 2253 1091 sionem,
2317 1026 2548 1081 remittit
2606 1037 2930 1096 peccatum,
2986 1026 3230 1080 restituit
3279 1026 3591 1080 sanitatem.

2019 1118 2385 1173 Advenerunt
2423 1118 2719 1188 aliquando
2740 1119 3028 1174 Ismaelitre
3066 1119 3288 1189 quidam
3317 1117 3598 1172 adoraturi

2021 1221 2310 1276 sanctum;
2346 1227 2471 1266 cum
2507 1212 2730 1276 accidit,
2763 1212 2996 1266 solutam
3025 1225 3218 1263 eorum
3245 1210 3447 1263 mulam
3502 1223 3600 1278 per

2017 1305 2299 1375 quoddam
2358 1305 2562 1359 montis
2617 1303 2985 1374 prmcipitium
3029 1302 3388 1362 descendere,
3437 1311 3599 1370 atque

2022 1398 2430 1451 adliaerescente
2478 1396 2634 1450 freno
2664 1395 2747 1466 (ut
2780 1393 2899 1447 fieri
2937 1409 3046 1446 non
3075 1406 3199 1446 raro
3226 1401 3420 1462 sponte
3450 1405 3602 1444 asso-

2023 1488 2120 1554 let)
2167 1487 2234 1540 ad
2284 1485 2503 1540 arboris
2553 1495 2834 1550 truncum,
2883 1484 3090 1538 ibidem
3142 1483 3394 1538 retineri.
3428 1480 3602 1547 Quam

2025 1595 2149 1634 cum
2178 1580 2426 1649 diligenti
2451 1595 2514 1633 ac
2539 1578 2797 1633 triduana
2821 1578 2988 1632 etiam
3018 1577 3379 1647 inquisitione
3411 1574 3606 1644 depre-

2030 1671 2275 1726 hendere
2307 1686 2418 1724 non
2449 1678 2706 1741 possent;
2752 1669 2960 1724 adeunt
2989 1677 3265 1731 sanctum,
3308 1672 3605 1721 maerentes

2029 1762 2447 1832 pendentesque
2485 1761 2704 1816 animis.
2745 1761 2796 1814 ls
2831 1769 3036 1825 autem,
3077 1758 3233 1829 quasi
3265 1757 3480 1812 videret
3510 1755 3607 1810 ubi

2029 1854 2248 1922 alligata
2276 1860 2422 1907 esset
2446 1853 2617 1917 mula,
2650 1853 2860 1907 vocatis
2889 1852 3106 1906 duobus
3125 1850 3412 1920 discipulis
3438 1849 3606 1918 impe-

2033 1945 2192 2007 ravit,
2220 1959 2286 1998 eo
2319 1955 2377 1996 ut
2415 1942 2835 2007 contenderent,
2876 1943 3228 2012 solutumque
3269 1939 3470 1996 animal
3506 1937 3631 1992 (10--

2033 2035 2199 2089 minis
2233 2034 2588 2088 restituerent
2631 2033 2930 2088 incolume.
2964 2031 3121 2099 Quod
3151 2032 3224 2088 ita
3267 2031 3470 2087 factum
3503 2039 3606 2084 est.
3678 2053 3692 2104 -ἑ

2034 2128 2116 2184 Illi
2155 2137 2336 2182 autem
2369 2143 2494 2182 cum
2538 2135 2759 2196 recepta
2785 2126 2933 2180 mula
2988 2126 3055 2180 ad
3090 2141 3189 2180 sua
3221 2124 3427 2180 reversi
3457 2132 3609 2187 sunt,

2036 2220 2410 2292 prodigiosum
2446 2220 2600 2274 illum
2637 2233 2760 2276 esse
2796 2219 3074 2274 hominem
3121 2217 3530 2288 praedicantes.

1770 2527 1993 2586 CAPUT
2033 2527 2222 2583 XXIV.

1437 2638 1597 2695 Varia
1633 2643 1882 2712 praevidet
1919 2660 1981 2697 ac
2029 2644 2268 2714 praedicit
2304 2641 2551 2713 Symeon.

431 2746 573 2816 ptrC'.
604 2748 966 2817 Σχολαστικός
997 2769 1102 2819 τις,
1134 2751 1306 2824 δνομα
1355 2754 1627 2826 Ἰωάννης,
1670 2757 1810 2827 ἀνὴρ
1851 2757 1939 2809 εύ-

360 2839 544 2910 σεϐὴς,
587 2838 681 2892 καὶ
713 2842 780 2910 τῇ
822 2841 916 2910 τῆς
968 2842 1111 2912 ζωῆς
1140 2847 1288 2914 πηγῇ
1327 2843 1406 2914 τῷ
1432 2846 1526 2898 τοῦ
1559 2844 1696 2898 Θεοῦ
1737 2845 1938 2916 δηλαδὴ

361 2929 509 2999 φόϐῳ
535 2930 776 3000 τρυφῶν,
812 2929 876 2984 ἐκ
917 2948 1062 2995 τινος
1097 2933 1193 3001 μέν
1221 2933 1543 3004 ὁρμώμενος
1581 2934 1798 3005 κώμης,
1830 2934 1940 2988 τῶν

361 3019 465 3072 ὑπὸ
497 3019 596 3089 τὴν
628 3021 904 3089 Ἀντιόχου
932 3023 1222 3092 κειμένων,
1253 3025 1375 3078 κατ’
1404 3025 1574 3097 αὐτὴν
1600 3025 1656 3078 δὲ
1685 3025 1942 3095 τηνικαῦ-

363 3129 430 3165 τα
452 3113 550 3182 τὴν
585 3112 740 3166 πόλιν
773 3113 996 3180 διάγων,
1023 3115 1174 3184 παρά
1202 3115 1293 3168 τὸν
1319 3117 1546 3188 Συμεὼν
1576 3117 1834 3183 ἀνελθὼν,
1875 3117 1943 3171 τὰ

363 3203 484 3256 καθ’
513 3205 702 3257 ἐαυτὸν
749 3205 1056 3259 ἐκοινοῦτο·
1101 3207 1176 3270 ὡς
1223 3208 1332 3278 ἄρα
1382 3208 1567 3279 μέλλοι
1613 3212 1870 3278 Δομνῖνος
1917 3212 1944 3262 ό

366 3295 656 3365 ἱερώτατος
697 3298 1036 3369 πατριάρχης
1067 3300 1232 3352 αὺτὸν
1262 3299 1366 3368 τῆς
1406 3300 1517 3354 τῶν
1552 3299 1942 3372 πρεσϐυτέρων

367 3386 595 3451 ἀξιῶσαι
637 3389 988 3459 χειροτονίας,
1037 3389 1132 3443 καὶ
1173 3392 1325 3460 παρὰ
1371 3393 1470 3461 τὴν
1511 3391 1758 3462 βασιλίδα
1793 3391 1946 3444 πόλιν

367 3475 508 3528 κατὰ
542 3476 605 3544 δή
632 3492 753 3528 τινα
776 3477 963 3548 χρείαν
989 3478 1098 3530 τῶν
1122 3479 1438 3547 ἀναγκαίων
1466 3480 1768 3550 ἐκπέμψαι,
1796 3479 1948 3533 ταῦτ’

369 3565 542 3632 ἔλεγε,
578 3565 714 3618 καὶὸ
738 3584 789 3620 τι
829 3567 892 3621 τὸ
920 3567 1042 3639 Θεῷ
1068 3569 1258 3624 δοκοῦν
1286 3571 1406 3641 ᾔτει
1438 3571 1652 3641 μαθεῖν.
1693 3569 1750 3624 Ὀ
1783 3571 1840 3624 δὲ
1873 3569 1951 3641 τῷ

380 3657 653 3727 πνεύματι
686 3659 1024 3724 πεποιθότως
1050 3661 1356 3726 ὑπολαϐὼν,
1382 3663 1411 3714 ὃ
1443 3665 1538 3716 καὶ
1564 3663 1703 3731 δῆλα
1731 3665 1840 3726 τοῖς
1862 3663 1952 3714 αὐ-

371 3748 461 3800 τού
503 3747 800 3818 ὀφθαλμοῖς
829 3751 1059 3821 καθίστη
1089 3753 1160 3806 τά
1192 3750 1534 3822 ἔμπροσθεν,
1574 3753 1788 3814 Ἄπιθι,
1821 3754 1948 3822 ἔφη·

371 3838 682 3906 άφιέρωσαι
735 3840 844 3910 γὰρ
881 3842 984 3912 ἤδη
1029 3844 1108 3912 τῷ
1168 3843 1368 3915 ὑψηλῷ.
1399 3844 1551 3916 παρὰ
1592 3844 1726 3904 Θεοῦ
1779 3846 1953 3915 θρόνῳ

370 3930 470 3998 τῆς
495 3929 1499 4012 ΚωνσταντινουπολιτῷνἘκκλησίας,
1531 3935 1560 3989 ὃ
1589 3937 1742 4006 παρὰ
1771 3935 1954 4005 σαυτῷ

371 4020 576 4074 κείσθω
635 4021 801 4092 μόνῳ,
862 4022 1022 4092 ἄχρις
1078 4022 1146 4076 ἂν
1207 4026 1302 4078 καὶ
1357 4027 1471 4089 τοῖς
1527 4027 1708 4090 ἄλλοις
1759 4027 1823 4079 ἐκ
1859 4027 1952 4080 τοῦ

373 4111 562 4176 τέλους
617 4112 891 4183 γνώριμον
938 4114 1203 4184 γένηταιο
1256 4111 1373 4169 εἶτα
1421 4119 1517 4172 καὶ
1560 4120 1743 4172 ὁποῖον
1796 4118 1956 4171 αὑτὸν

375 4200 512 4259 εῖναι
536 4205 654 4260 δέον
685 4204 938 4276 παρῄνει,
971 4207 1062 4260 καὶ
1096 4207 1198 4261 ὅσα
1241 4206 1482 4279 τοσούτῳ
1521 4208 1792 4279 ἀξιώματι
1826 4209 1958 4279 πρέ-

377 4316 550 4354 ποντα
579 4300 687 4370 εῑη.

455 4477 598 4549 ρπη⁸.
647 4478 704 4532 Ὀ
751 4478 809 4532 δὲ
860 4479 1032 4550 ταύτῃ
1101 4479 1190 4533 τὸν
1251 4481 1443 4550 Ἀγιον
1517 4481 1945 4549 συγκαταϐάντα
1992 4497 2033 4550 ι)

384 4566 528 4633 ἰδὼν,
583 4569 679 4623 καὶ
736 4570 884 4632 ὅστις
935 4571 1300 4642 Ίουστινιανῷ
1347 4571 1593 4642 διάδοχος
1649 4572 1801 4624 ἔσται
1859 4575 1957 4639 τῆς

385 4659 662 4731 βασιλείας
715 4656 922 4732 (οὗτος
974 4663 1086 4735 γὰρ
1157 4664 1228 4717 τὰ
1307 4664 1600 4734 Ῥωμαίων
1657 4664 1962 4734 τηνικαῦτα

384 4753 638 4825 σκῆπτρα
685 4754 956 4821 διεῖπεν),
993 4756 1146 4827 ἠξίου
1203 4755 1420 4827 μαθεῖν.
1456 4757 1565 4810 Καὶ
1593 4756 1676 4822 ὃς,
1713 4756 1962 4826 φυλακὴν

384 4846 534 4917 αὐτῷ
564 4847 664 4901 ’τοῦ
700 4848 1000 4918 μυστηρίου
1031 4849 1298 4921 πρότερον
1327 4849 1528 4913 ἱκανῶς
1564 4848 1959 4921 παραγγείλας,

398 4939 700 5003 Ἰουστῖνος,
735 4937 858 5009 ἔφη.
895 4942 949 4992 '0
980 4939 1078 5010 μὲν
1110 4939 1202 4994 οὖν
1228 4939 1382 5011 παρὰ
1420 4939 1516 4994 τοῦ
1551 4939 1698 4994 θείου
1740 4938 1964 5010 Συμεὼν

383 5029 559 5082 ταῦτα
591 5028 798 5099 μαθὼν,
831 5031 922 5085 καὶ
975 5035 1094 5094 ταῖς
1152 5030 1318 5085 αὑτοῦ
1381 5032 1568 5102 εὐχαῖς
1625 5031 1966 5100 ἐφοδιασθεὶς

385 5119 855 5190 ἥκαθοπλισθεὶς,
885 5123 1140 5192 ἀσμένως
1174 5140 1234 5176 τε
1282 5124 1380 5194 τὴν
1436 5124 1528 5177 τοῦ
1590 5123 1963 5196 πρεσϐυτέρου

388 5213 722 5281 χειροτονίαν
777 5213 1108 5285 δεξάμενος,
1168 5216 1437 5287 προθύμῳ
1484 5218 1607 5271 ποδὶ
1657 5217 1807 5286 παρὰ
1867 5219 1971 5286 τὴν

391 5304 639 5374 βασιλίδα
659 5305 814 5360 πόλιν
843 5305 1060 5379 ἐχώρει.
1116 5310 1202 5362 Ἐν
1229 5309 1366 5380 αὐτῇ
1400 5309 1456 5363 δὲ
1486 5311 1791 5380 γενομένῳ,
1825 5311 1964 5377 πρὸς

392 5397 491 5468 μὲν
517 5398 644 5460 τοὺς
663 5397 856 5461 ἄλλους
883 5399 1170 5471 ἀπόρρητα
1199 5397 1267 5470 ἦν
1298 5400 1441 5472 άπερ
1467 5402 1495 5452 ό
1525 5400 1618 5454 τοῦ
1649 5399 1783 5454 Θεοῦ
1809 5401 1971 5472 θερά-

391 5504 509 5540 πων
571 5487 794 5558 Συμεὼν
851 5491 1197 5561 προειρήκει,
1234 5491 1370 5562 πρὸς
1431 5491 1487 5544 δὲ
1533 5493 1624 5545 τὸν
1687 5492 1969 5545 Ἰουστῖνον

389 5573 501 5646 (οἷα
527 5579 596 5632 τά
623 5581 720 5651 τῆς
750 5580 1098 5653 ἀνθρωπίνης
1131 5584 1498 5655 μικροψυχίας
1538 5584 1572 5656 ἢ
1597 5584 1886 5655 φιλαυτίας
1908 5586 1970 5654 !),

395 5667 463 5726 ἵν’
491 5670 706 5726 εὖνοιαν
751 5674 931 5744 ἑαυτῷ
965 5678 1095 5745 παρ’
1128 5677 1341 5731 ἐκείνου
1378 5677 1593 5741 πάντως
1632 5677 1972 5748 μνηστεύση-

2113 2757 2238 2813 187.
2274 2756 2590 2812 Advocatus
2645 2753 2894 2824 quidam,
2960 2753 3201 2808 Joannes
3247 2759 3617 2823 nuncupatus,

2040 2847 2125 2901 vir
2153 2847 2299 2916 pius,
2327 2853 2383 2900 et
2410 2843 2562 2899 fonte
2601 2844 2748 2909 vitaz,
2780 2843 2876 2897 Dei
2917 2843 3128 2897 scilicet
3163 2842 3382 2906 timore,
3427 2840 3621 2895 admo-

2043 2938 2174 2992 dum
2202 2936 2538 3000 delectatus;
2571 2952 2637 2990 ex
2675 2950 2813 3005 pago
2840 2933 3086 3003 quidem,
3113 2933 3238 2988 urbi
3269 2932 3624 2987 Antiochena:

2044 3030 2316 3100 subjecto,
2349 3027 2647 3090 oriundus,
2685 3037 2816 3081 tunc
2849 3041 2980 3080 vero
3035 3025 3092 3079 in
3147 3025 3264 3094 ipsa
3302 3024 3440 3078 urbe
3472 3037 3623 3078 eom-

2045 3134 2290 3180 morans,
2329 3118 2396 3173 ad
2433 3127 2686 3176 sanctum
2719 3116 2892 3180 venit,
2933 3131 3060 3170 cum
3097 3130 3278 3184 eoque
3312 3109 3625 3168 communi-

2047 3211 2192 3266 cavit
2231 3209 2481 3280 quaedaru
2533 3208 2603 3264 ad
2650 3224 2708 3263 se
2759 3207 3062 3278 spectantia
3110 3225 3123 3260 :
3190 3221 3387 3275 nempe
3436 3213 3625 3258 utrum

2047 3303 2226 3372 ipsum
2276 3301 2655 3356 sanctissimus
2715 3299 3027 3370 patriarcha
3083 3298 3390 3353 Domninus
3455 3296 3628 3352 sacris

2047 3393 2498 3463 presbyterorum
2550 3391 2843 3445 ordinibus
2883 3390 3231 3460 dignaturus,
3268 3397 3324 3442 et
3371 3403 3630 3458 quarum-

2051 3483 2174 3536 dam
2209 3482 2391 3552 magni
2435 3480 2698 3535 momenti
2736 3495 2920 3534 rerum
2961 3477 3427 3548 cxpediendarum
3466 3492 3630 3532 causa

2052 3573 2109 3628 in
2143 3575 2347 3642 regiam
2375 3571 2568 3625 urbem
2595 3571 2864 3625 missurus
2891 3579 3056 3625 esset.
3081 3569 3178 3624 His
3197 3569 3479 3639 expositis,
3507 3584 3634 3624 ave-

2053 3665 2166 3729 bat,
2203 3680 2327 3735 qua:
2378 3665 2477 3719 Dei
2525 3663 2782 3718 voluntas
2813 3672 2981 3727 esset,
3022 3662 3346 3732 intelligere.
3399 3661 3636 3716 Sanetus

2054 3757 2119 3810 ad
2138 3757 2254 3810 haec
2285 3753 2471 3808 animo
2496 3754 2816 3819 conﬁdenti,
2841 3771 2948 3807 non
2968 3769 3129 3808 secus
3146 3769 3208 3807 ac
3226 3753 3269 3807 si
3299 3767 3483 3807 coram
3508 3764 3634 3806 ante

2055 3846 2247 3911 oculos
2272 3845 2455 3899 omnia
2507 3843 2743 3899 fuissent
2803 3845 3003 3914 posita,
3066 3843 3408 3912 respondens
3461 3842 3632 3904 :Abi,

2059 3938 2264 4008 inquit;
2294 3939 2419 4008 .jam
2460 3952 2608 3991 nunc
2648 3937 2795 3989 enim
2845 3944 3201 3989 consecratus
3230 3951 3259 3988 a
3309 3933 3420 3988 Deo
3449 3950 3530 3992 es.
3577 3942 3637 3987 ut

2059 4033 2115 4085 in
2177 4045 2394 4084 summo
2436 4027 2698 4083 Ecclesia:
2754 4027 3378 4096 Constantinopolitana:
3437 4027 3638 4080 throno

2059 4121 2394 4191 przesideas;
2424 4119 2571 4189 quod
2601 4118 2764 4173 velim
2795 4117 2894 4171 tibi
2917 4117 3017 4171 soli
3046 4117 3209 4181 scias,
3231 4116 3411 4170 donec
3435 4121 3658 4170 eventu

2063 4212 2180 4281 ipso
2237 4211 2546 4265 innotescat
2595 4210 2736 4264 aliis.
2817 4207 3028 4262 Deinde
3094 4206 3354 4261 mouebat
3419 4221 3643 4276 quoque

2061 4311 2266 4371 quanta
2307 4300 2397 4354 illa
2438 4300 2677 4370 dignitas
2728 4307 2894 4360 esset,
2942 4313 3007 4353 ac
3057 4299 3248 4370 quales
3298 4312 3419 4374 eam
3460 4310 3642 4350 mores

2062 4394 2340 4448 decerent.

2137 4481 2260 4536 188.
2314 4481 2573 4543 Joannes,
2638 4476 3046 4540 animadverso,
3100 4492 3265 4546 quam
3325 4476 3538 4530 facilem
3589 4476 3639 4529 in

2065 4581 2190 4626 veta
2215 4587 2313 4624 sua
2338 4570 2625 4624 habuisset
2646 4580 2918 4635 sanctum,
2943 4569 3168 4638 rogabat
3191 4585 3380 4640 porro,
3403 4578 3464 4622 ut
3485 4569 3644 4638 signi-

2067 4664 2258 4718 ﬁcaret
2291 4661 2417 4732 quis
2455 4661 2774 4718 Justiniano
2825 4676 3116 4717 successor
3150 4660 3204 4714 in
3238 4660 3468 4729 imperio
3496 4659 3645 4713 futu-

2067 4773 2165 4812 rus
2191 4763 2339 4811 esset
2373 4773 2386 4809 :
2423 4755 2511 4809 ille
2543 4755 2692 4809 enim
2730 4762 2861 4808 tunc
2914 4753 3306 4809 moderabatur
3351 4751 3644 4822 imperium

2068 4850 2400 4905 Romanum.
2434 4847 2536 4902 Cui
2567 4855 2813 4909 sanctus,
2839 4845 3058 4901 .indicto
3105 4845 3260 4915 prius
3312 4860 3528 4899 arcana:
3565 4845 3644 4900 rei

2069 4941 2326 4996 silentio:
2355 4939 2626 5002 Justinus,
2659 4938 2856 5008 inquit.
2889 4937 3048 4993 Hisce
3106 4937 3274 5007 igitur
3326 4936 3644 4999 intellectis,

2070 5031 2355 5101 sanctique
2416 5028 2674 5099 precibus
2705 5028 2862 5098 quasi
2912 5027 3116 5082 viatico
3153 5027 3294 5080 bene
3347 5026 3649 5079 instructus

2071 5133 2236 5192 atque
2267 5129 2538 5183 armatus,
2573 5121 2785 5176 lubenti
2815 5121 3002 5174 animo
3056 5119 3348 5190 presbyter
3397 5117 3650 5171 initiatus

2073 5225 2184 5279 est,
2218 5225 2274 5268 et
2309 5213 2449 5283 pede
2479 5210 2646 5266 alacri
2698 5212 2764 5265 ad
2814 5211 3019 5282 regiam
3044 5211 3245 5266 urbem
3299 5226 3356 5265 se
3392 5207 3647 5263 contulit.

2074 5309 2173 5364 Hic
2207 5322 2331 5362 cum
2359 5315 2527 5371 esset,
2570 5304 2810 5359 habebat
2857 5305 3080 5375 quidem
3117 5301 3380 5358 omnibus
3432 5301 3650 5356 occulta

2073 5399 2356 5460 vaticinia,
2387 5397 2492 5452 sibi
2523 5413 2552 5451 a
2583 5397 2793 5451 tantulo
2828 5397 2922 5452 Dei
2958 5397 3230 5467 Symeone
3275 5393 3492 5450 reddita
3518 5408 3534 5456 ;
3562 5408 3650 5446 sa-

2074 5491 2298 5562 tagebat
2326 5499 2509 5543 autem
2545 5488 2794 5544 studiose
2825 5489 3055 5558 (quanta
3102 5489 3156 5542 in
3186 5485 3444 5541 humanis
3501 5499 3654 5537 mcu-

2075 5583 2224 5638 tibus
2249 5589 2348 5636 aut
2377 5579 2826 5650 pusillanimitas.
2859 5587 2956 5634 aut
2977 5593 3074 5633 sua
3113 5573 3652 5648 promovendicupi-

2077 5675 2221 5729 ditas
2247 5674 2434 5744 inest!)
2469 5681 2528 5726 ut
2578 5673 2633 5726 in
2694 5672 2946 5727 notitiam
3017 5670 3219 5726 Justiui
3259 5672 3491 5727 veniens
3541 5669 3660 5733 eius
