  <div class='ocr_page' id='page_1' title='image "/cluster/home/n/w/nwhite01/storage/ocr_20150623/86:2/hvd.32044054112354/707.png"; bbox 0 0 4034 6186; ppageno 0'>
   <div class='ocr_carea' id='block_1_1' title="bbox 470 279 3696 388">
    <p class='ocr_par' dir='ltr' id='par_1_1' title="bbox 470 279 3696 388">
     <span class='ocr_line' id='line_1_1' title="bbox 470 279 3696 388; baseline 0.008 -28"><span class='ocrx_word' id='word_1_1' title='bbox 470 279 612 362; x_wconf 80' lang='lat'><strong>3159</strong></span> <span class='ocrx_word' id='word_1_2' title='bbox 1678 315 1739 376; x_wconf 93' lang='lat' dir='ltr'><strong>s.</strong></span> <span class='ocrx_word' id='word_1_3' title='bbox 1782 313 2156 380; x_wconf 87' lang='lat' dir='ltr'><strong>SYMEONIS</strong></span> <span class='ocrx_word' id='word_1_4' title='bbox 2191 321 2548 384; x_wconf 86' lang='lat' dir='ltr'><strong>JUNIORIS</strong></span> <span class='ocrx_word' id='word_1_5' title='bbox 3561 321 3696 388; x_wconf 69' lang='grc' dir='ltr'>εισι</span> 
     </span>
    </p>
   </div>
   <div class='ocr_carea' id='block_1_2' title="bbox 471 405 2041 504">
    <p class='ocr_par' dir='ltr' id='par_1_2' title="bbox 471 405 2035 494">
     <span class='ocr_line' id='line_1_2' title="bbox 471 405 2035 494; baseline 0.012 -33"><span class='ocrx_word' id='word_1_6' title='bbox 471 405 914 468; x_wconf 74' lang='lat' dir='ltr'><strong>benevolentiam</strong></span> <span class='ocrx_word' id='word_1_7' title='bbox 935 415 1038 470; x_wconf 83' lang='lat' dir='ltr'><strong>sibi</strong></span> <span class='ocrx_word' id='word_1_8' title='bbox 1060 427 1440 488; x_wconf 82' lang='lat' dir='ltr'><strong>compararet:</strong></span> <span class='ocrx_word' id='word_1_9' title='bbox 1470 437 1709 492; x_wconf 91' lang='lat' dir='ltr'><strong>cumque</strong></span> <span class='ocrx_word' id='word_1_10' title='bbox 1739 425 2035 494; x_wconf 84' lang='lat' dir='ltr'><strong>aliquando</strong></span> 
     </span>
    </p>
   </div>
   <div class='ocr_carea' id='block_1_3' title="bbox 2147 405 3702 504">
    <p class='ocr_par' dir='ltr' id='par_1_3' title="bbox 2147 429 3702 504">
     <span class='ocr_line' id='line_1_3' title="bbox 2147 429 3702 504; baseline 0.001 -21"><span class='ocrx_word' id='word_1_11' title='bbox 2147 447 2244 494; x_wconf 78' lang='grc' dir='ltr'>ται,</span> <span class='ocrx_word' id='word_1_12' title='bbox 2273 433 2506 504; x_wconf 79' lang='grc' dir='ltr'>σπουδὴν</span> <span class='ocrx_word' id='word_1_13' title='bbox 2557 433 2710 486; x_wconf 74' lang='grc' dir='ltr'>ἔθετο</span> <span class='ocrx_word' id='word_1_14' title='bbox 2757 429 3157 502; x_wconf 82' lang='grc' dir='ltr'>γνωρισθῆναι.</span> <span class='ocrx_word' id='word_1_15' title='bbox 3197 432 3294 485; x_wconf 78' lang='grc' dir='ltr'>καὶ</span> <span class='ocrx_word' id='word_1_16' title='bbox 3345 430 3504 500; x_wconf 85' lang='grc' dir='ltr'>μόνος</span> <span class='ocrx_word' id='word_1_17' title='bbox 3553 434 3702 504; x_wconf 79' lang='grc' dir='ltr'>μόνῳ</span> 
     </span>
    </p>
   </div>
   <div class='ocr_carea' id='block_1_4' title="bbox 471 507 2041 594">
    <p class='ocr_par' dir='ltr' id='par_1_4' title="bbox 471 507 2030 584">
     <span class='ocr_line' id='line_1_4' title="bbox 471 507 2030 584; baseline 0.011 -25"><span class='ocrx_word' id='word_1_18' title='bbox 471 507 618 563; x_wconf 85' lang='lat' dir='ltr'><strong>solus</strong></span> <span class='ocrx_word' id='word_1_19' title='bbox 651 525 774 563; x_wconf 90' lang='lat' dir='ltr'><strong>cum</strong></span> <span class='ocrx_word' id='word_1_20' title='bbox 807 513 924 565; x_wconf 92' lang='lat' dir='ltr'><strong>solo</strong></span> <span class='ocrx_word' id='word_1_21' title='bbox 957 523 1166 584; x_wconf 86' lang='lat' dir='ltr'><strong>ageret,</strong></span> <span class='ocrx_word' id='word_1_22' title='bbox 1195 516 1573 584; x_wconf 69' lang='lat' dir='ltr'><strong>praedictionis</strong></span> <span class='ocrx_word' id='word_1_23' title='bbox 1629 535 1830 574; x_wconf 83' lang='lat' dir='ltr'><strong>arcana</strong></span> <span class='ocrx_word' id='word_1_24' title='bbox 1852 521 1906 575; x_wconf 88' lang='lat' dir='ltr'><strong>ei</strong></span> <span class='ocrx_word' id='word_1_25' title='bbox 1930 521 2030 576; x_wconf 92' lang='lat' dir='ltr'><strong>de-</strong></span> 
     </span>
    </p>
   </div>
   <div class='ocr_carea' id='block_1_5' title="bbox 2147 507 3700 594">
    <p class='ocr_par' dir='ltr' id='par_1_5' title="bbox 2147 521 3700 594">
     <span class='ocr_line' id='line_1_5' title="bbox 2147 521 3700 594; baseline 0 -20"><span class='ocrx_word' id='word_1_26' title='bbox 2147 522 2475 590; x_wconf 73' lang='grc' dir='ltr'>ςυγγεγονὼς</span> <span class='ocrx_word' id='word_1_27' title='bbox 2515 523 2583 576; x_wconf 84' lang='grc' dir='ltr'><strong>τὰ</strong></span> <span class='ocrx_word' id='word_1_28' title='bbox 2631 523 2730 591; x_wconf 82' lang='grc' dir='ltr'>τῆς</span> <span class='ocrx_word' id='word_1_29' title='bbox 2775 523 3130 594; x_wconf 63' lang='grc' dir='ltr'>προρρήσεως</span> <span class='ocrx_word' id='word_1_30' title='bbox 3168 521 3568 576; x_wconf 79' lang='grc' dir='ltr'>ἀποκαλύπτει.</span> <span class='ocrx_word' id='word_1_31' title='bbox 3611 523 3700 586; x_wconf 78' lang='grc' dir='ltr'><strong>Ἐξ</strong></span> 
     </span>
    </p>
   </div>
   <div class='ocr_carea' id='block_1_6' title="bbox 473 597 2030 674">
    <p class='ocr_par' dir='ltr' id='par_1_6' title="bbox 473 597 2030 674">
     <span class='ocr_line' id='line_1_6' title="bbox 473 597 2030 674; baseline 0.012 -26"><span class='ocrx_word' id='word_1_32' title='bbox 473 597 716 664; x_wconf 83' lang='lat' dir='ltr'><strong>texit;et</strong></span> <span class='ocrx_word' id='word_1_33' title='bbox 740 616 807 654; x_wconf 85' lang='lat' dir='ltr'><strong>ex</strong></span> <span class='ocrx_word' id='word_1_34' title='bbox 839 601 932 657; x_wconf 92' lang='lat' dir='ltr'><strong>illo</strong></span> <span class='ocrx_word' id='word_1_35' title='bbox 985 617 1231 674; x_wconf 84' lang='lat' dir='ltr'><strong>tempore</strong></span> <span class='ocrx_word' id='word_1_36' title='bbox 1293 605 1438 660; x_wconf 87' lang='lat' dir='ltr'><strong>inter</strong></span> <span class='ocrx_word' id='word_1_37' title='bbox 1484 607 1786 664; x_wconf 81' lang='lat' dir='ltr'><strong>familiares</strong></span> <span class='ocrx_word' id='word_1_38' title='bbox 1829 611 2030 666; x_wconf 87' lang='lat' dir='ltr'><strong>Justini</strong></span> 
     </span>
    </p>
   </div>
   <div class='ocr_carea' id='block_1_7' title="bbox 473 685 2032 771">
    <p class='ocr_par' dir='ltr' id='par_1_7' title="bbox 473 685 2032 771">
     <span class='ocr_line' id='line_1_7' title="bbox 473 685 2032 771; baseline 0.012 -33"><span class='ocrx_word' id='word_1_39' title='bbox 473 699 814 755; x_wconf 81' lang='lat' dir='ltr'><strong>numeratus,</strong></span> <span class='ocrx_word' id='word_1_40' title='bbox 865 701 1054 761; x_wconf 91' lang='lat' dir='ltr'><strong>utpote</strong></span> <span class='ocrx_word' id='word_1_41' title='bbox 1107 694 1202 764; x_wconf 88' lang='lat' dir='ltr'><strong>qui</strong></span> <span class='ocrx_word' id='word_1_42' title='bbox 1263 685 1523 750; x_wconf 86' lang='lat' dir='ltr'><strong>nuntium</strong></span> <span class='ocrx_word' id='word_1_43' title='bbox 1568 715 1691 753; x_wconf 91' lang='lat' dir='ltr'><strong>cum</strong></span> <span class='ocrx_word' id='word_1_44' title='bbox 1750 692 2032 771; x_wconf 76' lang='lat' dir='ltr'><strong>voluptate</strong></span> 
     </span>
    </p>
   </div>
   <div class='ocr_carea' id='block_1_8' title="bbox 469 780 2034 858">
    <p class='ocr_par' dir='ltr' id='par_1_8' title="bbox 469 780 2034 858">
     <span class='ocr_line' id='line_1_8' title="bbox 469 780 2034 858; baseline 0.01 -27"><span class='ocrx_word' id='word_1_45' title='bbox 469 780 824 848; x_wconf 89' lang='lat' dir='ltr'><strong>conjunetum</strong></span> <span class='ocrx_word' id='word_1_46' title='bbox 843 784 1138 848; x_wconf 84' lang='lat' dir='ltr'><strong>attulisset,</strong></span> <span class='ocrx_word' id='word_1_47' title='bbox 1161 784 1407 856; x_wconf 90' lang='lat' dir='ltr'><strong>ejusdem</strong></span> <span class='ocrx_word' id='word_1_48' title='bbox 1435 797 1493 842; x_wconf 91' lang='lat' dir='ltr'><strong>ut</strong></span> <span class='ocrx_word' id='word_1_49' title='bbox 1525 789 1822 858; x_wconf 83' lang='lat' dir='ltr'><strong>plurimum</strong></span> <span class='ocrx_word' id='word_1_50' title='bbox 1845 808 2034 846; x_wconf 90' lang='lat' dir='ltr'><strong>mensa</strong></span> 
     </span>
    </p>
   </div>
   <div class='ocr_carea' id='block_1_9' title="bbox 473 871 2036 950">
    <p class='ocr_par' dir='ltr' id='par_1_9' title="bbox 473 871 2036 950">
     <span class='ocr_line' id='line_1_9' title="bbox 473 871 2036 950; baseline 0.01 -27"><span class='ocrx_word' id='word_1_51' title='bbox 473 871 750 927; x_wconf 80' lang='lat' dir='ltr'><strong>utebatur.</strong></span> <span class='ocrx_word' id='word_1_52' title='bbox 787 874 908 928; x_wconf 86' lang='lat' dir='ltr'><strong>Non</strong></span> <span class='ocrx_word' id='word_1_53' title='bbox 945 877 1119 930; x_wconf 90' lang='lat' dir='ltr'><strong>multo</strong></span> <span class='ocrx_word' id='word_1_54' title='bbox 1149 885 1276 948; x_wconf 91' lang='lat' dir='ltr'><strong>post</strong></span> <span class='ocrx_word' id='word_1_55' title='bbox 1311 879 1531 950; x_wconf 87' lang='lat' dir='ltr'><strong>ejieitur</strong></span> <span class='ocrx_word' id='word_1_56' title='bbox 1555 896 1585 934; x_wconf 92' lang='lat' dir='ltr'><strong>e</strong></span> <span class='ocrx_word' id='word_1_57' title='bbox 1619 881 1748 937; x_wconf 89' lang='lat' dir='ltr'><strong>sede</strong></span> <span class='ocrx_word' id='word_1_58' title='bbox 1770 882 2036 937; x_wconf 88' lang='lat' dir='ltr'><strong>Constan-</strong></span> 
     </span>
    </p>
   </div>
   <div class='ocr_carea' id='block_1_10' title="bbox 473 961 2035 1042">
    <p class='ocr_par' dir='ltr' id='par_1_10' title="bbox 473 961 2035 1042">
     <span class='ocr_line' id='line_1_10' title="bbox 473 961 2035 1042; baseline 0.011 -30"><span class='ocrx_word' id='word_1_59' title='bbox 473 961 820 1030; x_wconf 87' lang='lat' dir='ltr'><strong>tinopolitana</strong></span> <span class='ocrx_word' id='word_1_60' title='bbox 871 967 1178 1038; x_wconf 88' lang='lat' dir='ltr'><strong>Eutychius</strong></span> <span class='ocrx_word' id='word_1_61' title='bbox 1210 969 1344 1040; x_wconf 69' lang='lat'><strong>(46),</strong></span> <span class='ocrx_word' id='word_1_62' title='bbox 1381 973 1777 1042; x_wconf 89' lang='lat' dir='ltr'><strong>reponiturque</strong></span> <span class='ocrx_word' id='word_1_63' title='bbox 1837 975 1890 1028; x_wconf 89' lang='lat' dir='ltr'><strong>in</strong></span> <span class='ocrx_word' id='word_1_64' title='bbox 1939 991 2035 1031; x_wconf 89' lang='lat' dir='ltr'><strong>ea-</strong></span> 
     </span>
    </p>
   </div>
   <div class='ocr_carea' id='block_1_11' title="bbox 469 1052 2037 1130">
    <p class='ocr_par' dir='ltr' id='par_1_11' title="bbox 469 1052 2037 1130">
     <span class='ocr_line' id='line_1_11' title="bbox 469 1052 2037 1130; baseline 0.011 -26"><span class='ocrx_word' id='word_1_65' title='bbox 469 1052 593 1106; x_wconf 92' lang='lat' dir='ltr'><strong>dem</strong></span> <span class='ocrx_word' id='word_1_66' title='bbox 621 1055 708 1108; x_wconf 89' lang='lat' dir='ltr'><strong>hic</strong></span> <span class='ocrx_word' id='word_1_67' title='bbox 737 1055 854 1126; x_wconf 91' lang='lat' dir='ltr'><strong>ipse</strong></span> <span class='ocrx_word' id='word_1_68' title='bbox 891 1058 1131 1114; x_wconf 78' lang='lat' dir='ltr'><strong>Joannes</strong></span> <span class='ocrx_word' id='word_1_69' title='bbox 1169 1061 1577 1130; x_wconf 76' lang='lat' dir='ltr'><strong>Scholasticus;</strong></span> <span class='ocrx_word' id='word_1_70' title='bbox 1608 1063 1662 1118; x_wconf 91' lang='lat' dir='ltr'><strong>in</strong></span> <span class='ocrx_word' id='word_1_71' title='bbox 1693 1066 1854 1118; x_wconf 85' lang='lat' dir='ltr'><strong>talem</strong></span> <span class='ocrx_word' id='word_1_72' title='bbox 1912 1083 2037 1121; x_wconf 85' lang='lat' dir='ltr'><strong>sen-</strong></span> 
     </span>
    </p>
   </div>
   <div class='ocr_carea' id='block_1_12' title="bbox 471 1145 2038 1227">
    <p class='ocr_par' dir='ltr' id='par_1_12' title="bbox 471 1145 2038 1227">
     <span class='ocr_line' id='line_1_12' title="bbox 471 1145 2038 1227; baseline 0.01 -30"><span class='ocrx_word' id='word_1_73' title='bbox 471 1145 722 1212; x_wconf 88' lang='lat' dir='ltr'><strong>tentiam,</strong></span> <span class='ocrx_word' id='word_1_74' title='bbox 781 1149 1083 1205; x_wconf 89' lang='lat' dir='ltr'><strong>inclinante</strong></span> <span class='ocrx_word' id='word_1_75' title='bbox 1133 1153 1246 1207; x_wconf 90' lang='lat' dir='ltr'><strong>Deo</strong></span> <span class='ocrx_word' id='word_1_76' title='bbox 1277 1152 1669 1218; x_wconf 89' lang='lat' dir='ltr'><strong>Justinianum,</strong></span> <span class='ocrx_word' id='word_1_77' title='bbox 1698 1156 1792 1225; x_wconf 88' lang='lat' dir='ltr'><strong>qui</strong></span> <span class='ocrx_word' id='word_1_78' title='bbox 1841 1167 1896 1211; x_wconf 90' lang='lat' dir='ltr'><strong>et</strong></span> <span class='ocrx_word' id='word_1_79' title='bbox 1923 1158 2038 1227; x_wconf 89' lang='lat' dir='ltr'><strong>ipse</strong></span> 
     </span>
    </p>
   </div>
   <div class='ocr_carea' id='block_1_13' title="bbox 473 1235 2039 1318">
    <p class='ocr_par' dir='ltr' id='par_1_13' title="bbox 473 1235 2039 1318">
     <span class='ocr_line' id='line_1_13' title="bbox 473 1235 2039 1318; baseline 0.011 -31"><span class='ocrx_word' id='word_1_80' title='bbox 473 1250 580 1288; x_wconf 85' lang='lat' dir='ltr'><strong>non</strong></span> <span class='ocrx_word' id='word_1_81' title='bbox 614 1235 706 1290; x_wconf 90' lang='lat' dir='ltr'><strong>diu</strong></span> <span class='ocrx_word' id='word_1_82' title='bbox 732 1239 904 1292; x_wconf 89' lang='lat' dir='ltr'><strong>vitam</strong></span> <span class='ocrx_word' id='word_1_83' title='bbox 933 1241 1132 1296; x_wconf 81' lang='lat' dir='ltr'><strong>exinde</strong></span> <span class='ocrx_word' id='word_1_84' title='bbox 1187 1244 1482 1312; x_wconf 82' lang='lat' dir='ltr'><strong>produxit;</strong></span> <span class='ocrx_word' id='word_1_85' title='bbox 1522 1247 1801 1317; x_wconf 82' lang='lat' dir='ltr'><strong>cessitque</strong></span> <span class='ocrx_word' id='word_1_86' title='bbox 1867 1248 2039 1318; x_wconf 89' lang='lat' dir='ltr'><strong>impe-</strong></span> 
     </span>
    </p>
   </div>
   <div class='ocr_carea' id='block_1_14' title="bbox 471 1326 2038 1408">
    <p class='ocr_par' dir='ltr' id='par_1_14' title="bbox 471 1326 2038 1408">
     <span class='ocr_line' id='line_1_14' title="bbox 471 1326 2038 1408; baseline 0.01 -29"><span class='ocrx_word' id='word_1_87' title='bbox 471 1326 616 1380; x_wconf 90' lang='lat' dir='ltr'><strong>rium</strong></span> <span class='ocrx_word' id='word_1_88' title='bbox 651 1328 1404 1408; x_wconf 51' lang='lat' dir='ltr'><strong>Justinorquemadmodum</strong></span> <span class='ocrx_word' id='word_1_89' title='bbox 1445 1336 1657 1408; x_wconf 82' lang='lat' dir='ltr'><strong>singula</strong></span> <span class='ocrx_word' id='word_1_90' title='bbox 1689 1339 1799 1408; x_wconf 90' lang='lat' dir='ltr'><strong>jam</strong></span> <span class='ocrx_word' id='word_1_91' title='bbox 1823 1339 2038 1407; x_wconf 82' lang='lat' dir='ltr'><strong>pridem</strong></span> 
     </span>
    </p>
   </div>
   <div class='ocr_carea' id='block_1_15' title="bbox 472 1407 1818 1494">
    <p class='ocr_par' dir='ltr' id='par_1_15' title="bbox 472 1407 1818 1494">
     <span class='ocr_line' id='line_1_15' title="bbox 472 1407 1818 1494; baseline 0.011 -23"><span class='ocrx_word' id='word_1_92' title='bbox 472 1427 738 1473; x_wconf 90' lang='lat' dir='ltr'><strong>eventura</strong></span> <span class='ocrx_word' id='word_1_93' title='bbox 769 1407 1077 1478; x_wconf 80' lang='lat' dir='ltr'><strong>clarissime</strong></span> <span class='ocrx_word' id='word_1_94' title='bbox 1103 1427 1818 1494; x_wconf 82' lang='lat' dir='ltr'><strong>pronunti‘averatsanctus.</strong></span> 
     </span>
    </p>
   </div>
   <div class='ocr_carea' id='block_1_16' title="bbox 545 1509 2034 1592">
    <p class='ocr_par' dir='ltr' id='par_1_16' title="bbox 545 1509 2034 1592">
     <span class='ocr_line' id='line_1_16' title="bbox 545 1509 2034 1592; baseline 0.011 -32"><span class='ocrx_word' id='word_1_95' title='bbox 545 1509 666 1563; x_wconf 77' lang='grc'>189.</span> <span class='ocrx_word' id='word_1_96' title='bbox 696 1511 948 1566; x_wconf 80' lang='lat' dir='ltr'><strong>Justinus</strong></span> <span class='ocrx_word' id='word_1_97' title='bbox 1001 1514 1209 1586; x_wconf 85' lang='lat' dir='ltr'><strong>itaque,</strong></span> <span class='ocrx_word' id='word_1_98' title='bbox 1244 1518 1374 1586; x_wconf 87' lang='lat' dir='ltr'><strong>quia</strong></span> <span class='ocrx_word' id='word_1_99' title='bbox 1416 1535 1446 1572; x_wconf 92' lang='lat' dir='ltr'><strong>a</strong></span> <span class='ocrx_word' id='word_1_100' title='bbox 1489 1519 1761 1592; x_wconf 87' lang='lat' dir='ltr'><strong>Symeone</strong></span> <span class='ocrx_word' id='word_1_101' title='bbox 1811 1539 1918 1577; x_wconf 91' lang='lat' dir='ltr'><strong>non</strong></span> <span class='ocrx_word' id='word_1_102' title='bbox 1949 1538 2034 1578; x_wconf 91' lang='lat' dir='ltr'><strong>so-</strong></span> 
     </span>
    </p>
   </div>
   <div class='ocr_carea' id='block_1_17' title="bbox 2131 607 3697 684">
    <p class='ocr_par' dir='ltr' id='par_1_17' title="bbox 2131 607 3697 684">
     <span class='ocr_line' id='line_1_17' title="bbox 2131 607 3697 684; baseline -0.001 -19"><span class='ocrx_word' id='word_1_103' title='bbox 2131 614 2342 668; x_wconf 87' lang='grc' dir='ltr'>ἐκείνου</span> <span class='ocrx_word' id='word_1_104' title='bbox 2393 615 2592 678; x_wconf 84' lang='grc' dir='ltr'><strong>τοίνυν,</strong></span> <span class='ocrx_word' id='word_1_105' title='bbox 2626 616 2653 666; x_wconf 86' lang='grc' dir='ltr'>ὁ</span> <span class='ocrx_word' id='word_1_106' title='bbox 2689 616 2787 682; x_wconf 81' lang='grc' dir='ltr'>μὲν</span> <span class='ocrx_word' id='word_1_107' title='bbox 2830 614 3097 684; x_wconf 79' lang='grc' dir='ltr'>Ἰουστίνῳ</span> <span class='ocrx_word' id='word_1_108' title='bbox 3129 613 3425 682; x_wconf 77' lang='grc' dir='ltr'>φιλιωθεὶς,</span> <span class='ocrx_word' id='word_1_109' title='bbox 3463 607 3552 666; x_wconf 78' lang='grc' dir='ltr'><strong>οἷα</strong></span> <span class='ocrx_word' id='word_1_110' title='bbox 3601 615 3697 666; x_wconf 81' lang='grc' dir='ltr'>καὶ</span> 
     </span>
    </p>
   </div>
   <div class='ocr_carea' id='block_1_18' title="bbox 2130 705 3700 776">
    <p class='ocr_par' dir='ltr' id='par_1_18' title="bbox 2130 705 3700 776">
     <span class='ocr_line' id='line_1_18' title="bbox 2130 705 3700 776; baseline 0 -18"><span class='ocrx_word' id='word_1_111' title='bbox 2130 707 2199 759; x_wconf 81' lang='grc' dir='ltr'><strong>τά</strong></span> <span class='ocrx_word' id='word_1_112' title='bbox 2249 707 2391 775; x_wconf 72' lang='grc' dir='ltr'>’πρὸς</span> <span class='ocrx_word' id='word_1_113' title='bbox 2441 707 2634 776; x_wconf 81' lang='grc' dir='ltr'>ἡδονὴν</span> <span class='ocrx_word' id='word_1_114' title='bbox 2679 705 3210 773; x_wconf 81' lang='grc' dir='ltr'>εὐαγγελισάμενος,</span> <span class='ocrx_word' id='word_1_115' title='bbox 3243 705 3373 774; x_wconf 80' lang='grc' dir='ltr'>παρ’</span> <span class='ocrx_word' id='word_1_116' title='bbox 3429 705 3578 774; x_wconf 81' lang='grc' dir='ltr'>αὑτῷ</span> <span class='ocrx_word' id='word_1_117' title='bbox 3631 707 3700 758; x_wconf 84' lang='grc' dir='ltr'>τὰ</span> 
     </span>
    </p>
   </div>
   <div class='ocr_carea' id='block_1_19' title="bbox 2135 795 3699 867">
    <p class='ocr_par' dir='ltr' id='par_1_19' title="bbox 2135 795 3699 867">
     <span class='ocr_line' id='line_1_19' title="bbox 2135 795 3699 867; baseline -0.002 -18"><span class='ocrx_word' id='word_1_118' title='bbox 2135 797 2307 850; x_wconf 83' lang='grc' dir='ltr'>πολλά</span> <span class='ocrx_word' id='word_1_119' title='bbox 2330 797 2549 867; x_wconf 77' lang='grc' dir='ltr'><strong>διῃτᾶτο</strong></span> <span class='ocrx_word' id='word_1_120' title='bbox 2577 813 2590 826; x_wconf 97' lang='grc'><strong>·</strong></span> <span class='ocrx_word' id='word_1_121' title='bbox 2631 797 2692 849; x_wconf 82' lang='grc' dir='ltr'>οὺ</span> <span class='ocrx_word' id='word_1_122' title='bbox 2717 795 2894 864; x_wconf 89' lang='grc' dir='ltr'>πολλῴ</span> <span class='ocrx_word' id='word_1_123' title='bbox 2914 795 2969 847; x_wconf 83' lang='grc' dir='ltr'><strong>δέ</strong></span> <span class='ocrx_word' id='word_1_124' title='bbox 3000 795 3246 864; x_wconf 77' lang='grc' dir='ltr'>ὕστερον,</span> <span class='ocrx_word' id='word_1_125' title='bbox 3283 795 3564 858; x_wconf 78' lang='grc' dir='ltr'><strong>ἐξωθεῖται</strong></span> <span class='ocrx_word' id='word_1_126' title='bbox 3600 795 3699 864; x_wconf 78' lang='grc' dir='ltr'>μὲν</span> 
     </span>
    </p>
   </div>
   <div class='ocr_carea' id='block_1_20' title="bbox 2131 884 3705 956">
    <p class='ocr_par' dir='ltr' id='par_1_20' title="bbox 2131 884 3705 956">
     <span class='ocr_line' id='line_1_20' title="bbox 2131 884 3705 956; baseline -0.002 -15"><span class='ocrx_word' id='word_1_127' title='bbox 2131 887 2224 941; x_wconf 84' lang='grc' dir='ltr'><strong>τοῦ</strong></span> <span class='ocrx_word' id='word_1_128' title='bbox 2253 887 2352 950; x_wconf 77' lang='grc' dir='ltr'>τῆς</span> <span class='ocrx_word' id='word_1_129' title='bbox 2375 886 2988 948; x_wconf 85' lang='grc' dir='ltr'>Κωνσταντινουπόλεως</span> <span class='ocrx_word' id='word_1_130' title='bbox 3015 885 3206 956; x_wconf 83' lang='grc' dir='ltr'>θρόνου</span> <span class='ocrx_word' id='word_1_131' title='bbox 3233 884 3511 952; x_wconf 83' lang='grc' dir='ltr'>Εὑτύχιος,</span> <span class='ocrx_word' id='word_1_132' title='bbox 3529 887 3705 938; x_wconf 85' lang='grc' dir='ltr'>ἀντει-</span> 
     </span>
    </p>
   </div>
   <div class='ocr_carea' id='block_1_21' title="bbox 2138 977 3704 1047">
    <p class='ocr_par' dir='ltr' id='par_1_21' title="bbox 2138 977 3704 1047">
     <span class='ocr_line' id='line_1_21' title="bbox 2138 977 3704 1047; baseline -0.003 -14"><span class='ocrx_word' id='word_1_133' title='bbox 2138 981 2362 1047; x_wconf 79' lang='grc' dir='ltr'>σάγεται</span> <span class='ocrx_word' id='word_1_134' title='bbox 2379 980 2434 1033; x_wconf 78' lang='grc' dir='ltr'>δὲ</span> <span class='ocrx_word' id='word_1_135' title='bbox 2461 980 2621 1041; x_wconf 78' lang='grc' dir='ltr'>αὐτὸς</span> <span class='ocrx_word' id='word_1_136' title='bbox 2647 981 2674 1031; x_wconf 88' lang='grc' dir='ltr'>ὁ</span> <span class='ocrx_word' id='word_1_137' title='bbox 2701 977 3058 1047; x_wconf 82' lang='grc' dir='ltr'>Σχολαστικὺς</span> <span class='ocrx_word' id='word_1_138' title='bbox 3093 977 3366 1047; x_wconf 76' lang='grc' dir='ltr'><strong>Ἰωάννης,</strong></span> <span class='ocrx_word' id='word_1_139' title='bbox 3383 979 3704 1030; x_wconf 83' lang='grc' dir='ltr'>Ἰουστινια-</span> 
     </span>
    </p>
   </div>
   <div class='ocr_carea' id='block_1_22' title="bbox 2137 1069 3703 1140">
    <p class='ocr_par' dir='ltr' id='par_1_22' title="bbox 2137 1069 3703 1140">
     <span class='ocr_line' id='line_1_22' title="bbox 2137 1069 3703 1140; baseline -0.002 -15"><span class='ocrx_word' id='word_1_140' title='bbox 2137 1073 2227 1126; x_wconf 80' lang='grc' dir='ltr'>νὸν</span> <span class='ocrx_word' id='word_1_141' title='bbox 2255 1073 2348 1124; x_wconf 80' lang='grc' dir='ltr'><strong>τοῦ</strong></span> <span class='ocrx_word' id='word_1_142' title='bbox 2379 1071 2513 1125; x_wconf 93' lang='grc' dir='ltr'>Θεοῦ</span> <span class='ocrx_word' id='word_1_143' title='bbox 2567 1071 2786 1134; x_wconf 85' lang='grc' dir='ltr'>πάντως</span> <span class='ocrx_word' id='word_1_144' title='bbox 2837 1071 2929 1122; x_wconf 71' lang='grc' dir='ltr'>ἐπὶ</span> <span class='ocrx_word' id='word_1_145' title='bbox 2965 1071 3065 1138; x_wconf 82' lang='grc' dir='ltr'>τὴν</span> <span class='ocrx_word' id='word_1_146' title='bbox 3120 1069 3298 1139; x_wconf 76' lang='grc' dir='ltr'>ψῆφον</span> <span class='ocrx_word' id='word_1_147' title='bbox 3359 1071 3703 1140; x_wconf 79' lang='grc' dir='ltr'><strong>κινήσαντος.</strong></span> 
     </span>
    </p>
   </div>
   <div class='ocr_carea' id='block_1_23' title="bbox 2149 1159 3706 1232">
    <p class='ocr_par' dir='ltr' id='par_1_23' title="bbox 2149 1159 3706 1232">
     <span class='ocr_line' id='line_1_23' title="bbox 2149 1159 3706 1232; baseline -0.003 -15"><span class='ocrx_word' id='word_1_148' title='bbox 2149 1163 2528 1217; x_wconf 84' lang='grc' dir='ltr'>Ἰουστινιανοῦ</span> <span class='ocrx_word' id='word_1_149' title='bbox 2561 1164 2617 1216; x_wconf 86' lang='grc' dir='ltr'><strong>δέ</strong></span> <span class='ocrx_word' id='word_1_150' title='bbox 2645 1161 2804 1232; x_wconf 64' lang='grc' dir='ltr'>’μετὰ</span> <span class='ocrx_word' id='word_1_151' title='bbox 2850 1162 3023 1214; x_wconf 89' lang='grc' dir='ltr'>ταῦτα</span> <span class='ocrx_word' id='word_1_152' title='bbox 3057 1161 3147 1213; x_wconf 73' lang='grc' dir='ltr'><strong>τὸν</strong></span> <span class='ocrx_word' id='word_1_153' title='bbox 3180 1160 3294 1230; x_wconf 83' lang='grc' dir='ltr'>βίον</span> <span class='ocrx_word' id='word_1_154' title='bbox 3326 1159 3706 1223; x_wconf 85' lang='grc' dir='ltr'>ἀπολιπόντος,</span> 
     </span>
    </p>
   </div>
   <div class='ocr_carea' id='block_1_24' title="bbox 2138 1253 3709 1326">
    <p class='ocr_par' dir='ltr' id='par_1_24' title="bbox 2138 1253 3709 1326">
     <span class='ocr_line' id='line_1_24' title="bbox 2138 1253 3709 1326; baseline -0.004 -16"><span class='ocrx_word' id='word_1_155' title='bbox 2138 1259 2217 1320; x_wconf 88' lang='grc' dir='ltr'><strong>εἱς</strong></span> <span class='ocrx_word' id='word_1_156' title='bbox 2258 1258 2539 1309; x_wconf 85' lang='grc' dir='ltr'>Ἰουστῖνον</span> <span class='ocrx_word' id='word_1_157' title='bbox 2568 1255 2636 1308; x_wconf 86' lang='grc' dir='ltr'><strong>τὰ</strong></span> <span class='ocrx_word' id='word_1_158' title='bbox 2667 1256 2767 1326; x_wconf 84' lang='grc' dir='ltr'>τῆς</span> <span class='ocrx_word' id='word_1_159' title='bbox 2795 1256 2972 1324; x_wconf 80' lang='grc' dir='ltr'>ἀρχῆς</span> <span class='ocrx_word' id='word_1_160' title='bbox 3007 1253 3361 1324; x_wconf 84' lang='grc' dir='ltr'><strong>μεταπίπτει,</strong></span> <span class='ocrx_word' id='word_1_161' title='bbox 3390 1253 3467 1317; x_wconf 82' lang='grc' dir='ltr'><strong>ὡς</strong></span> <span class='ocrx_word' id='word_1_162' title='bbox 3495 1253 3709 1306; x_wconf 76' lang='grc' dir='ltr'>ἕκαστα</span> 
     </span>
    </p>
   </div>
   <div class='ocr_carea' id='block_1_25' title="bbox 2140 1344 3419 1418">
    <p class='ocr_par' dir='ltr' id='par_1_25' title="bbox 2140 1344 3419 1418">
     <span class='ocr_line' id='line_1_25' title="bbox 2140 1344 3419 1418; baseline -0.003 -18"><span class='ocrx_word' id='word_1_163' title='bbox 2140 1347 2421 1418; x_wconf 78' lang='grc' dir='ltr'>πόρρωθεν</span> <span class='ocrx_word' id='word_1_164' title='bbox 2443 1345 2520 1417; x_wconf 81' lang='grc' dir='ltr'><strong>τῷ</strong></span> <span class='ocrx_word' id='word_1_165' title='bbox 2549 1345 2777 1416; x_wconf 79' lang='grc' dir='ltr'>Συμεὼν</span> <span class='ocrx_word' id='word_1_166' title='bbox 2803 1345 2990 1414; x_wconf 83' lang='grc' dir='ltr'>σαφῶς</span> <span class='ocrx_word' id='word_1_167' title='bbox 3021 1344 3419 1416; x_wconf 83' lang='grc' dir='ltr'><strong>προηγόρευτο.</strong></span> 
     </span>
    </p>
   </div>
   <div class='ocr_carea' id='block_1_26' title="bbox 2215 1519 3712 1598">
    <p class='ocr_par' dir='ltr' id='par_1_26' title="bbox 2215 1519 3712 1598">
     <span class='ocr_line' id='line_1_26' title="bbox 2215 1519 3712 1598; baseline -0.005 -18"><span class='ocrx_word' id='word_1_168' title='bbox 2215 1525 2356 1598; x_wconf 83' lang='grc' dir='ltr'>ρπθ’.</span> <span class='ocrx_word' id='word_1_169' title='bbox 2375 1527 2656 1588; x_wconf 87' lang='grc' dir='ltr'>Ἰουστῖνος</span> <span class='ocrx_word' id='word_1_170' title='bbox 2684 1525 2782 1594; x_wconf 85' lang='grc' dir='ltr'>μὲν</span> <span class='ocrx_word' id='word_1_171' title='bbox 2807 1519 2920 1588; x_wconf 82' lang='grc' dir='ltr'>οῦν,</span> <span class='ocrx_word' id='word_1_172' title='bbox 2946 1520 3033 1576; x_wconf 80' lang='grc' dir='ltr'><strong>οἷα</strong></span> <span class='ocrx_word' id='word_1_173' title='bbox 3059 1519 3453 1592; x_wconf 85' lang='grc' dir='ltr'>προειρημένον</span> <span class='ocrx_word' id='word_1_174' title='bbox 3479 1519 3584 1574; x_wconf 74' lang='grc' dir='ltr'><strong>ὑπὸ</strong></span> <span class='ocrx_word' id='word_1_175' title='bbox 3613 1519 3712 1572; x_wconf 83' lang='grc' dir='ltr'><strong>τοῦ</strong></span> 
     </span>
    </p>
   </div>
   <div class='ocr_carea' id='block_1_27' title="bbox 471 1601 2041 1690">
    <p class='ocr_par' dir='ltr' id='par_1_27' title="bbox 471 1601 2041 1684">
     <span class='ocr_line' id='line_1_27' title="bbox 471 1601 2041 1684; baseline 0.011 -30"><span class='ocrx_word' id='word_1_176' title='bbox 471 1601 584 1656; x_wconf 89' lang='lat' dir='ltr'><strong>lum</strong></span> <span class='ocrx_word' id='word_1_177' title='bbox 615 1603 936 1671; x_wconf 66' lang='lat' dir='ltr'><strong>praedictum</strong></span> <span class='ocrx_word' id='word_1_178' title='bbox 958 1615 1098 1671; x_wconf 87' lang='lat' dir='ltr'><strong>erat,</strong></span> <span class='ocrx_word' id='word_1_179' title='bbox 1129 1609 1308 1684; x_wconf 88' lang='lat' dir='ltr'><strong>ipsum</strong></span> <span class='ocrx_word' id='word_1_180' title='bbox 1327 1610 1544 1682; x_wconf 90' lang='lat' dir='ltr'><strong>imperii</strong></span> <span class='ocrx_word' id='word_1_181' title='bbox 1573 1614 1714 1668; x_wconf 90' lang='lat' dir='ltr'><strong>solio</strong></span> <span class='ocrx_word' id='word_1_182' title='bbox 1737 1615 2041 1670; x_wconf 90' lang='lat' dir='ltr'><strong>subliman-</strong></span> 
     </span>
    </p>
   </div>
   <div class='ocr_carea' id='block_1_28' title="bbox 2147 1601 3714 1690">
    <p class='ocr_par' dir='ltr' id='par_1_28' title="bbox 2147 1613 3714 1690">
     <span class='ocr_line' id='line_1_28' title="bbox 2147 1613 3714 1690; baseline -0.006 -17"><span class='ocrx_word' id='word_1_183' title='bbox 2147 1619 2365 1690; x_wconf 86' lang='grc' dir='ltr'>Συμεὼν</span> <span class='ocrx_word' id='word_1_184' title='bbox 2409 1617 2767 1689; x_wconf 83' lang='grc' dir='ltr'>ἐπιϐήσεσθαι</span> <span class='ocrx_word' id='word_1_185' title='bbox 2815 1617 2916 1686; x_wconf 81' lang='grc' dir='ltr'>τῆς</span> <span class='ocrx_word' id='word_1_186' title='bbox 2969 1613 3240 1684; x_wconf 82' lang='grc' dir='ltr'><strong>βασιλείας</strong></span> <span class='ocrx_word' id='word_1_187' title='bbox 3287 1613 3470 1676; x_wconf 74' lang='grc' dir='ltr'>αὐτὸν,</span> <span class='ocrx_word' id='word_1_188' title='bbox 3499 1613 3558 1665; x_wconf 82' lang='grc' dir='ltr'>οὐ</span> <span class='ocrx_word' id='word_1_189' title='bbox 3603 1615 3714 1684; x_wconf 75' lang='grc' dir='ltr'>μὴν</span> 
     </span>
    </p>
   </div>
   <div class='ocr_carea' id='block_1_29' title="bbox 473 1694 2041 1776">
    <p class='ocr_par' dir='ltr' id='par_1_29' title="bbox 473 1694 2041 1776">
     <span class='ocr_line' id='line_1_29' title="bbox 473 1694 2041 1776; baseline 0.01 -30"><span class='ocrx_word' id='word_1_190' title='bbox 473 1694 628 1758; x_wconf 90' lang='lat' dir='ltr'><strong>dum,</strong></span> <span class='ocrx_word' id='word_1_191' title='bbox 659 1694 756 1749; x_wconf 92' lang='lat' dir='ltr'><strong>sed</strong></span> <span class='ocrx_word' id='word_1_192' title='bbox 789 1697 970 1766; x_wconf 90' lang='lat' dir='ltr'><strong>reipsa</strong></span> <span class='ocrx_word' id='word_1_193' title='bbox 997 1698 1237 1767; x_wconf 81' lang='lat' dir='ltr'><strong>factum;</strong></span> <span class='ocrx_word' id='word_1_194' title='bbox 1264 1711 1412 1758; x_wconf 87' lang='lat' dir='ltr'><strong>tanta</strong></span> <span class='ocrx_word' id='word_1_195' title='bbox 1439 1705 1493 1758; x_wconf 92' lang='lat' dir='ltr'><strong>in</strong></span> <span class='ocrx_word' id='word_1_196' title='bbox 1529 1705 1712 1776; x_wconf 88' lang='lat' dir='ltr'><strong>ipsum</strong></span> <span class='ocrx_word' id='word_1_197' title='bbox 1760 1707 2041 1762; x_wconf 79' lang='lat' dir='ltr'><strong>ferebatur</strong></span> 
     </span>
    </p>
   </div>
   <div class='ocr_carea' id='block_1_30' title="bbox 2147 1694 3718 1776">
    <p class='ocr_par' dir='ltr' id='par_1_30' title="bbox 2147 1699 3718 1774">
     <span class='ocr_line' id='line_1_30' title="bbox 2147 1699 3718 1774; baseline -0.008 -10"><span class='ocrx_word' id='word_1_198' title='bbox 2147 1711 2279 1764; x_wconf 83' lang='grc' dir='ltr'>ἀλλὰ</span> <span class='ocrx_word' id='word_1_199' title='bbox 2307 1710 2402 1763; x_wconf 78' lang='grc' dir='ltr'>καὶ</span> <span class='ocrx_word' id='word_1_200' title='bbox 2433 1711 2514 1771; x_wconf 78' lang='grc' dir='ltr'>εἰς</span> <span class='ocrx_word' id='word_1_201' title='bbox 2545 1709 2696 1772; x_wconf 85' lang='grc' dir='ltr'>τέλος</span> <span class='ocrx_word' id='word_1_202' title='bbox 2724 1705 3044 1774; x_wconf 76' lang='grc' dir='ltr'>ἐκϐεϐηκὸς,</span> <span class='ocrx_word' id='word_1_203' title='bbox 3076 1703 3310 1772; x_wconf 76' lang='grc' dir='ltr'><strong>τοσαύτῃ</strong></span> <span class='ocrx_word' id='word_1_204' title='bbox 3357 1699 3491 1769; x_wconf 73' lang='grc' dir='ltr'>πρὸς</span> <span class='ocrx_word' id='word_1_205' title='bbox 3547 1701 3718 1754; x_wconf 76' lang='grc' dir='ltr'>αὑτὸν</span> 
     </span>
    </p>
   </div>
   <div class='ocr_carea' id='block_1_31' title="bbox 475 1771 2041 1874">
    <p class='ocr_par' dir='ltr' id='par_1_31' title="bbox 475 1771 2036 1868">
     <span class='ocr_line' id='line_1_31' title="bbox 475 1771 2036 1868; baseline 0.01 -28"><span class='ocrx_word' id='word_1_206' title='bbox 475 1787 675 1842; x_wconf 80' lang='lat' dir='ltr'><strong>fiducia</strong></span> <span class='ocrx_word' id='word_1_207' title='bbox 689 1799 852 1860; x_wconf 89' lang='lat' dir='ltr'><strong>atque</strong></span> <span class='ocrx_word' id='word_1_208' title='bbox 868 1791 1090 1858; x_wconf 74' lang='lat' dir='ltr'><strong>affectu,</strong></span> <span class='ocrx_word' id='word_1_209' title='bbox 1107 1804 1367 1864; x_wconf 90' lang='lat' dir='ltr'><strong>quantam</strong></span> <span class='ocrx_word' id='word_1_210' title='bbox 1387 1814 1484 1867; x_wconf 85' lang='lat' dir='ltr'><strong>par</strong></span> <span class='ocrx_word' id='word_1_211' title='bbox 1501 1771 1623 1854; x_wconf 69' lang='lat' dir='ltr'><strong>erat</strong></span> <span class='ocrx_word' id='word_1_212' title='bbox 1640 1800 1842 1856; x_wconf 87' lang='lat' dir='ltr'><strong>habere</strong></span> <span class='ocrx_word' id='word_1_213' title='bbox 1862 1801 2036 1868; x_wconf 91' lang='lat' dir='ltr'><strong>illum,</strong></span> 
     </span>
    </p>
   </div>
   <div class='ocr_carea' id='block_1_32' title="bbox 2147 1771 3718 1874">
    <p class='ocr_par' dir='ltr' id='par_1_32' title="bbox 2147 1771 3718 1874">
     <span class='ocr_line' id='line_1_32' title="bbox 2147 1771 3718 1874; baseline -0.01 -18"><span class='ocrx_word' id='word_1_214' title='bbox 2147 1805 2342 1874; x_wconf 81' lang='grc' dir='ltr'>ἐχρῆτο</span> <span class='ocrx_word' id='word_1_215' title='bbox 2374 1801 2555 1858; x_wconf 78' lang='grc' dir='ltr'>πίστει</span> <span class='ocrx_word' id='word_1_216' title='bbox 2579 1771 2685 1853; x_wconf 67' lang='grc' dir='ltr'><strong>και</strong></span> <span class='ocrx_word' id='word_1_217' title='bbox 2703 1799 2882 1868; x_wconf 74' lang='grc' dir='ltr'>ψυχῆς</span> <span class='ocrx_word' id='word_1_218' title='bbox 2899 1771 3158 1856; x_wconf 82' lang='grc' dir='ltr'>διαθέσει,</span> <span class='ocrx_word' id='word_1_219' title='bbox 3184 1771 3315 1862; x_wconf 84' lang='grc' dir='ltr'><strong>ὅσην</strong></span> <span class='ocrx_word' id='word_1_220' title='bbox 3333 1792 3424 1844; x_wconf 71' lang='grc' dir='ltr'><strong>τὸν</strong></span> <span class='ocrx_word' id='word_1_221' title='bbox 3455 1791 3718 1861; x_wconf 77' lang='grc' dir='ltr'>τηλικαύ-</span> 
     </span>
    </p>
   </div>
   <div class='ocr_carea' id='block_1_33' title="bbox 473 1880 2036 1964">
    <p class='ocr_par' dir='ltr' id='par_1_33' title="bbox 473 1880 2036 1964">
     <span class='ocr_line' id='line_1_33' title="bbox 473 1880 2036 1964; baseline 0.011 -31"><span class='ocrx_word' id='word_1_222' title='bbox 473 1880 567 1949; x_wconf 84' lang='grc' dir='ltr'><strong>(ιυί</strong></span> <span class='ocrx_word' id='word_1_223' title='bbox 597 1881 905 1937; x_wconf 84' lang='lat' dir='ltr'><strong>istiusmodi</strong></span> <span class='ocrx_word' id='word_1_224' title='bbox 947 1887 1365 1954; x_wconf 59' lang='lat' dir='ltr'><strong>praedictionem</strong></span> <span class='ocrx_word' id='word_1_225' title='bbox 1417 1891 1485 1944; x_wconf 91' lang='lat' dir='ltr'><strong>ab</strong></span> <span class='ocrx_word' id='word_1_226' title='bbox 1544 1892 1664 1960; x_wconf 93' lang='lat' dir='ltr'><strong>ipso</strong></span> <span class='ocrx_word' id='word_1_227' title='bbox 1727 1887 2036 1964; x_wconf 74' lang='lat' dir='ltr'><strong>acoeperat.</strong></span> 
     </span>
    </p>
   </div>
   <div class='ocr_carea' id='block_1_34' title="bbox 472 1974 2040 2054">
    <p class='ocr_par' dir='ltr' id='par_1_34' title="bbox 472 1974 2040 2054">
     <span class='ocr_line' id='line_1_34' title="bbox 472 1974 2040 2054; baseline 0.008 -27"><span class='ocrx_word' id='word_1_228' title='bbox 472 1974 674 2040; x_wconf 84' lang='lat' dir='ltr'><strong>Quare,</strong></span> <span class='ocrx_word' id='word_1_229' title='bbox 710 1991 834 2031; x_wconf 92' lang='lat' dir='ltr'><strong>cum</strong></span> <span class='ocrx_word' id='word_1_230' title='bbox 861 1975 967 2030; x_wconf 85' lang='lat' dir='ltr'><strong>lilia</strong></span> <span class='ocrx_word' id='word_1_231' title='bbox 993 1979 1112 2047; x_wconf 88' lang='lat' dir='ltr'><strong>ejus</strong></span> <span class='ocrx_word' id='word_1_232' title='bbox 1133 1995 1162 2032; x_wconf 91' lang='lat' dir='ltr'><strong>a</strong></span> <span class='ocrx_word' id='word_1_233' title='bbox 1189 1979 1434 2034; x_wconf 72' lang='lat' dir='ltr'><strong>daemone</strong></span> <span class='ocrx_word' id='word_1_234' title='bbox 1463 1981 1693 2042; x_wconf 82' lang='lat' dir='ltr'><strong>insessa,</strong></span> <span class='ocrx_word' id='word_1_235' title='bbox 1719 1984 2040 2054; x_wconf 80' lang='lat' dir='ltr'><strong>gravissime</strong></span> 
     </span>
    </p>
   </div>
   <div class='ocr_carea' id='block_1_35' title="bbox 476 2055 2040 2143">
    <p class='ocr_par' dir='ltr' id='par_1_35' title="bbox 476 2055 2040 2143">
     <span class='ocr_line' id='line_1_35' title="bbox 476 2055 2040 2143; baseline 0.006 -23"><span class='ocrx_word' id='word_1_236' title='bbox 476 2055 861 2137; x_wconf 85' lang='lat' dir='ltr'><strong>torqueretur;</strong></span> <span class='ocrx_word' id='word_1_237' title='bbox 894 2069 1017 2124; x_wconf 87' lang='lat' dir='ltr'><strong>aliis</strong></span> <span class='ocrx_word' id='word_1_238' title='bbox 1043 2071 1266 2140; x_wconf 87' lang='lat' dir='ltr'><strong>quidem</strong></span> <span class='ocrx_word' id='word_1_239' title='bbox 1294 2081 1586 2142; x_wconf 88' lang='lat' dir='ltr'><strong>propterea</strong></span> <span class='ocrx_word' id='word_1_240' title='bbox 1632 2075 1776 2143; x_wconf 86' lang='lat' dir='ltr'><strong>quod</strong></span> <span class='ocrx_word' id='word_1_241' title='bbox 1810 2075 1878 2130; x_wconf 91' lang='lat' dir='ltr'><strong>ad</strong></span> <span class='ocrx_word' id='word_1_242' title='bbox 1933 2075 2040 2129; x_wconf 93' lang='lat' dir='ltr'><strong>im-</strong></span> 
     </span>
    </p>
   </div>
   <div class='ocr_carea' id='block_1_36' title="bbox 473 2159 2052 2236">
    <p class='ocr_par' dir='ltr' id='par_1_36' title="bbox 473 2159 2052 2236">
     <span class='ocr_line' id='line_1_36' title="bbox 473 2159 2052 2236; baseline 0.006 -25"><span class='ocrx_word' id='word_1_243' title='bbox 473 2159 745 2226; x_wconf 87' lang='lat' dir='ltr'><strong>peratoris</strong></span> <span class='ocrx_word' id='word_1_244' title='bbox 801 2160 1160 2232; x_wconf 78' lang='lat' dir='ltr'><strong>ignominiam</strong></span> <span class='ocrx_word' id='word_1_245' title='bbox 1236 2162 1418 2217; x_wconf 84' lang='lat' dir='ltr'><strong>facere</strong></span> <span class='ocrx_word' id='word_1_246' title='bbox 1489 2164 1805 2234; x_wconf 72' lang='lat' dir='ltr'><strong>huiusmodi</strong></span> <span class='ocrx_word' id='word_1_247' title='bbox 1859 2167 2052 2236; x_wconf 87' lang='lat' dir='ltr'><strong>passio</strong></span> 
     </span>
    </p>
   </div>
   <div class='ocr_carea' id='block_1_37' title="bbox 473 2251 2042 2322">
    <p class='ocr_par' dir='ltr' id='par_1_37' title="bbox 473 2251 2042 2322">
     <span class='ocr_line' id='line_1_37' title="bbox 473 2251 2042 2322; baseline 0.006 -19"><span class='ocrx_word' id='word_1_248' title='bbox 473 2251 670 2318; x_wconf 74' lang='lat' dir='ltr'><strong>puella:</strong></span> <span class='ocrx_word' id='word_1_249' title='bbox 710 2251 1016 2318; x_wconf 72' lang='lat' dir='ltr'><strong>videretur,</strong></span> <span class='ocrx_word' id='word_1_250' title='bbox 1069 2269 1184 2308; x_wconf 90' lang='lat' dir='ltr'><strong>rem</strong></span> <span class='ocrx_word' id='word_1_251' title='bbox 1228 2257 1502 2310; x_wconf 90' lang='lat' dir='ltr'><strong>occultam</strong></span> <span class='ocrx_word' id='word_1_252' title='bbox 1563 2255 1784 2322; x_wconf 85' lang='lat' dir='ltr'><strong>habuit;</strong></span> <span class='ocrx_word' id='word_1_253' title='bbox 1840 2258 2042 2313; x_wconf 85' lang='lat' dir='ltr'><strong>litteris</strong></span> 
     </span>
    </p>
   </div>
   <div class='ocr_carea' id='block_1_38' title="bbox 473 2341 2039 2416">
    <p class='ocr_par' dir='ltr' id='par_1_38' title="bbox 473 2341 2039 2416">
     <span class='ocr_line' id='line_1_38' title="bbox 473 2341 2039 2416; baseline 0.006 -26"><span class='ocrx_word' id='word_1_254' title='bbox 473 2354 604 2392; x_wconf 85' lang='lat' dir='ltr'><strong>vero</strong></span> <span class='ocrx_word' id='word_1_255' title='bbox 644 2341 856 2397; x_wconf 89' lang='lat' dir='ltr'><strong>arcanis</strong></span> <span class='ocrx_word' id='word_1_256' title='bbox 903 2357 932 2396; x_wconf 86' lang='lat' dir='ltr'><strong>a</strong></span> <span class='ocrx_word' id='word_1_257' title='bbox 989 2352 1178 2396; x_wconf 79' lang='lat' dir='ltr'><strong>saneto</strong></span> <span class='ocrx_word' id='word_1_258' title='bbox 1231 2344 1410 2412; x_wconf 87' lang='lat' dir='ltr'><strong>petiit,</strong></span> <span class='ocrx_word' id='word_1_259' title='bbox 1477 2361 1596 2399; x_wconf 90' lang='lat' dir='ltr'><strong>eam</strong></span> <span class='ocrx_word' id='word_1_260' title='bbox 1647 2346 1750 2400; x_wconf 88' lang='lat' dir='ltr'><strong>sibi</strong></span> <span class='ocrx_word' id='word_1_261' title='bbox 1807 2347 2039 2416; x_wconf 79' lang='lat' dir='ltr'><strong>gratiam</strong></span> 
     </span>
    </p>
   </div>
   <div class='ocr_carea' id='block_1_39' title="bbox 473 2431 2036 2507">
    <p class='ocr_par' dir='ltr' id='par_1_39' title="bbox 473 2431 2036 2507">
     <span class='ocr_line' id='line_1_39' title="bbox 473 2431 2036 2507; baseline 0.005 -23"><span class='ocrx_word' id='word_1_262' title='bbox 473 2431 699 2497; x_wconf 82' lang='lat' dir='ltr'><strong>faceret,</strong></span> <span class='ocrx_word' id='word_1_263' title='bbox 729 2441 788 2486; x_wconf 93' lang='lat' dir='ltr'><strong>ut</strong></span> <span class='ocrx_word' id='word_1_264' title='bbox 813 2442 1098 2502; x_wconf 85' lang='lat' dir='ltr'><strong>pateretur</strong></span> <span class='ocrx_word' id='word_1_265' title='bbox 1153 2434 1320 2488; x_wconf 80' lang='lat' dir='ltr'><strong>tiliam</strong></span> <span class='ocrx_word' id='word_1_266' title='bbox 1371 2436 1438 2490; x_wconf 90' lang='lat' dir='ltr'><strong>ad</strong></span> <span class='ocrx_word' id='word_1_267' title='bbox 1509 2437 1688 2506; x_wconf 88' lang='lat' dir='ltr'><strong>ipsum</strong></span> <span class='ocrx_word' id='word_1_268' title='bbox 1737 2437 2036 2507; x_wconf 79' lang='lat' dir='ltr'><strong>deportari,</strong></span> 
     </span>
    </p>
   </div>
   <div class='ocr_carea' id='block_1_40' title="bbox 471 2521 2040 2598">
    <p class='ocr_par' dir='ltr' id='par_1_40' title="bbox 471 2521 2040 2598">
     <span class='ocr_line' id='line_1_40' title="bbox 471 2521 2040 2598; baseline 0.005 -23"><span class='ocrx_word' id='word_1_269' title='bbox 471 2521 618 2590; x_wconf 91' lang='lat' dir='ltr'><strong>quod</strong></span> <span class='ocrx_word' id='word_1_270' title='bbox 651 2522 945 2578; x_wconf 83' lang='lat' dir='ltr'><strong>videbatur</strong></span> <span class='ocrx_word' id='word_1_271' title='bbox 979 2523 1300 2592; x_wconf 83' lang='lat' dir='ltr'><strong>imperatori</strong></span> <span class='ocrx_word' id='word_1_272' title='bbox 1361 2526 1800 2582; x_wconf 86' lang='lat' dir='ltr'><strong>incolumitatem</strong></span> <span class='ocrx_word' id='word_1_273' title='bbox 1845 2531 2040 2598; x_wconf 68' lang='lat' dir='ltr'><strong>puellm</strong></span> 
     </span>
    </p>
   </div>
   <div class='ocr_carea' id='block_1_41' title="bbox 471 2611 2040 2682">
    <p class='ocr_par' dir='ltr' id='par_1_41' title="bbox 471 2611 2040 2682">
     <span class='ocr_line' id='line_1_41' title="bbox 471 2611 2040 2682; baseline 0.002 -18"><span class='ocrx_word' id='word_1_274' title='bbox 471 2611 768 2664; x_wconf 84' lang='lat' dir='ltr'><strong>allaturum</strong></span> <span class='ocrx_word' id='word_1_275' title='bbox 798 2631 810 2665; x_wconf 92' lang='lat'>:</span> <span class='ocrx_word' id='word_1_276' title='bbox 841 2623 1072 2666; x_wconf 88' lang='lat' dir='ltr'><strong>noverat</strong></span> <span class='ocrx_word' id='word_1_277' title='bbox 1107 2613 1335 2682; x_wconf 87' lang='lat' dir='ltr'><strong>quippe,</strong></span> <span class='ocrx_word' id='word_1_278' title='bbox 1379 2631 1448 2669; x_wconf 82' lang='lat' dir='ltr'><strong>ex</strong></span> <span class='ocrx_word' id='word_1_279' title='bbox 1505 2617 1829 2670; x_wconf 83' lang='lat' dir='ltr'><strong>collaturum</strong></span> <span class='ocrx_word' id='word_1_280' title='bbox 1870 2617 1938 2670; x_wconf 87' lang='lat' dir='ltr'><strong>ab</strong></span> <span class='ocrx_word' id='word_1_281' title='bbox 1975 2636 2040 2670; x_wconf 72' lang='lat' dir='ltr'><strong>eo</strong></span> 
     </span>
    </p>
   </div>
   <div class='ocr_carea' id='block_1_42' title="bbox 471 2700 2034 2776">
    <p class='ocr_par' dir='ltr' id='par_1_42' title="bbox 471 2700 2034 2776">
     <span class='ocr_line' id='line_1_42' title="bbox 471 2700 2034 2776; baseline 0.004 -22"><span class='ocrx_word' id='word_1_282' title='bbox 471 2700 528 2754; x_wconf 89' lang='lat' dir='ltr'><strong>in</strong></span> <span class='ocrx_word' id='word_1_283' title='bbox 553 2701 690 2756; x_wconf 89' lang='lat' dir='ltr'><strong>alios</strong></span> <span class='ocrx_word' id='word_1_284' title='bbox 715 2701 1108 2774; x_wconf 73' lang='lat' dir='ltr'><strong>per-miracula</strong></span> <span class='ocrx_word' id='word_1_285' title='bbox 1143 2703 1542 2758; x_wconf 83' lang='lat' dir='ltr'><strong>beneﬁciorum</strong></span> <span class='ocrx_word' id='word_1_286' title='bbox 1575 2706 1849 2776; x_wconf 80' lang='lat' dir='ltr'><strong>largitate,</strong></span> <span class='ocrx_word' id='word_1_287' title='bbox 1883 2721 2034 2760; x_wconf 89' lang='lat' dir='ltr'><strong>suam</strong></span> 
     </span>
    </p>
   </div>
   <div class='ocr_carea' id='block_1_43' title="bbox 471 2791 2036 2870">
    <p class='ocr_par' dir='ltr' id='par_1_43' title="bbox 471 2791 2036 2870">
     <span class='ocr_line' id='line_1_43' title="bbox 471 2791 2036 2870; baseline 0.006 -24"><span class='ocrx_word' id='word_1_288' title='bbox 471 2791 574 2846; x_wconf 84' lang='lat' dir='ltr'><strong>sibi</strong></span> <span class='ocrx_word' id='word_1_289' title='bbox 603 2793 766 2846; x_wconf 79' lang='lat' dir='ltr'><strong>tiliam</strong></span> <span class='ocrx_word' id='word_1_290' title='bbox 802 2809 912 2852; x_wconf 86' lang='lat' dir='ltr'><strong>non</strong></span> <span class='ocrx_word' id='word_1_291' title='bbox 943 2794 1150 2864; x_wconf 88' lang='lat' dir='ltr'><strong>absque</strong></span> <span class='ocrx_word' id='word_1_292' title='bbox 1177 2796 1384 2850; x_wconf 86' lang='lat' dir='ltr'><strong>auxilio</strong></span> <span class='ocrx_word' id='word_1_293' title='bbox 1409 2811 1775 2852; x_wconf 85' lang='lat' dir='ltr'><strong>reversuram.</strong></span> <span class='ocrx_word' id='word_1_294' title='bbox 1800 2798 2036 2870; x_wconf 84' lang='lat' dir='ltr'><strong>Symeon</strong></span> 
     </span>
    </p>
   </div>
   <div class='ocr_carea' id='block_1_44' title="bbox 469 2887 2038 2964">
    <p class='ocr_par' dir='ltr' id='par_1_44' title="bbox 469 2887 2038 2964">
     <span class='ocr_line' id='line_1_44' title="bbox 469 2887 2038 2964; baseline 0.008 -25"><span class='ocrx_word' id='word_1_295' title='bbox 469 2895 652 2940; x_wconf 89' lang='lat' dir='ltr'><strong>autem</strong></span> <span class='ocrx_word' id='word_1_296' title='bbox 681 2887 820 2946; x_wconf 85' lang='lat' dir='ltr'><strong>nihil</strong></span> <span class='ocrx_word' id='word_1_297' title='bbox 855 2897 1100 2944; x_wconf 88' lang='lat' dir='ltr'><strong>moratus</strong></span> <span class='ocrx_word' id='word_1_298' title='bbox 1125 2889 1589 2958; x_wconf 89' lang='lat' dir='ltr'><strong>(consideremus,</strong></span> <span class='ocrx_word' id='word_1_299' title='bbox 1624 2893 1840 2958; x_wconf 89' lang='lat' dir='ltr'><strong>amabo,</strong></span> <span class='ocrx_word' id='word_1_300' title='bbox 1862 2895 2038 2964; x_wconf 81' lang='lat' dir='ltr'><strong>gratia</strong></span> 
     </span>
    </p>
   </div>
   <div class='ocr_carea' id='block_1_45' title="bbox 468 2979 2033 3050">
    <p class='ocr_par' dir='ltr' id='par_1_45' title="bbox 468 2979 2033 3050">
     <span class='ocr_line' id='line_1_45' title="bbox 468 2979 2033 3050; baseline 0.008 -20"><span class='ocrx_word' id='word_1_301' title='bbox 468 2979 589 3048; x_wconf 85' lang='lat' dir='ltr'><strong>ejus</strong></span> <span class='ocrx_word' id='word_1_302' title='bbox 644 2989 848 3050; x_wconf 85' lang='lat' dir='ltr'><strong>quanta</strong></span> <span class='ocrx_word' id='word_1_303' title='bbox 901 2981 1090 3048; x_wconf 78' lang='lat' dir='ltr'><strong>fuerit)</strong></span> <span class='ocrx_word' id='word_1_304' title='bbox 1149 2983 1407 3040; x_wconf 88' lang='lat' dir='ltr'><strong>rescribit</strong></span> <span class='ocrx_word' id='word_1_305' title='bbox 1457 2984 1512 3038; x_wconf 88' lang='lat' dir='ltr'><strong>in</strong></span> <span class='ocrx_word' id='word_1_306' title='bbox 1569 2984 1716 3040; x_wconf 89' lang='lat' dir='ltr'><strong>hunc</strong></span> <span class='ocrx_word' id='word_1_307' title='bbox 1771 2986 2033 3042; x_wconf 91' lang='lat' dir='ltr'><strong>modum:</strong></span> 
     </span>
    </p>
   </div>
   <div class='ocr_carea' id='block_1_46' title="bbox 2142 1881 3718 1968">
    <p class='ocr_par' dir='ltr' id='par_1_46' title="bbox 2142 1881 3718 1968">
     <span class='ocr_line' id='line_1_46' title="bbox 2142 1881 3718 1968; baseline -0.01 -16"><span class='ocrx_word' id='word_1_308' title='bbox 2142 1915 2242 1968; x_wconf 88' lang='grc' dir='ltr'><strong>της</strong></span> <span class='ocrx_word' id='word_1_309' title='bbox 2277 1895 2406 1964; x_wconf 85' lang='grc' dir='ltr'>παρ’</span> <span class='ocrx_word' id='word_1_310' title='bbox 2437 1893 2602 1948; x_wconf 82' lang='grc' dir='ltr'>αὐτοῦ</span> <span class='ocrx_word' id='word_1_311' title='bbox 2636 1891 2866 1961; x_wconf 79' lang='grc' dir='ltr'><strong>τυχόντα</strong></span> <span class='ocrx_word' id='word_1_312' title='bbox 2890 1887 3227 1957; x_wconf 75' lang='grc' dir='ltr'><strong>προφητείας</strong></span> <span class='ocrx_word' id='word_1_313' title='bbox 3250 1885 3416 1946; x_wconf 70' lang='grc' dir='ltr'>εἰκὸς,</span> <span class='ocrx_word' id='word_1_314' title='bbox 3441 1881 3580 1935; x_wconf 82' lang='grc' dir='ltr'>ὥστε</span> <span class='ocrx_word' id='word_1_315' title='bbox 3619 1883 3718 1936; x_wconf 81' lang='grc' dir='ltr'>καὶ</span> 
     </span>
    </p>
   </div>
   <div class='ocr_carea' id='block_1_47' title="bbox 2145 1975 3718 2060">
    <p class='ocr_par' dir='ltr' id='par_1_47' title="bbox 2145 1975 3718 2060">
     <span class='ocr_line' id='line_1_47' title="bbox 2145 1975 3718 2060; baseline -0.011 -17"><span class='ocrx_word' id='word_1_316' title='bbox 2145 1990 2416 2060; x_wconf 77' lang='grc' dir='ltr'>θυγατρὸς</span> <span class='ocrx_word' id='word_1_317' title='bbox 2449 1987 2554 2040; x_wconf 80' lang='grc' dir='ltr'><strong>ὑπὸ</strong></span> <span class='ocrx_word' id='word_1_318' title='bbox 2575 1985 2826 2054; x_wconf 86' lang='grc' dir='ltr'>δαίμονος</span> <span class='ocrx_word' id='word_1_319' title='bbox 2858 1983 3006 2050; x_wconf 77' lang='grc' dir='ltr'>αὐτῷ</span> <span class='ocrx_word' id='word_1_320' title='bbox 3036 1979 3222 2041; x_wconf 86' lang='grc' dir='ltr'>δεινῶς</span> <span class='ocrx_word' id='word_1_321' title='bbox 3259 1975 3718 2046; x_wconf 78' lang='grc' dir='ltr'>βασανιζομένης,</span> 
     </span>
    </p>
   </div>
   <div class='ocr_carea' id='block_1_48' title="bbox 2143 2067 3718 2152">
    <p class='ocr_par' dir='ltr' id='par_1_48' title="bbox 2143 2067 3718 2152">
     <span class='ocr_line' id='line_1_48' title="bbox 2143 2067 3718 2152; baseline -0.01 -17"><span class='ocrx_word' id='word_1_322' title='bbox 2143 2083 2280 2152; x_wconf 82' lang='grc' dir='ltr'>πρὸς</span> <span class='ocrx_word' id='word_1_323' title='bbox 2329 2077 2429 2150; x_wconf 80' lang='grc' dir='ltr'>μὲν</span> <span class='ocrx_word' id='word_1_324' title='bbox 2488 2079 2612 2141; x_wconf 77' lang='grc' dir='ltr'>τοὺς</span> <span class='ocrx_word' id='word_1_325' title='bbox 2653 2077 2843 2139; x_wconf 79' lang='grc' dir='ltr'>ἄλλους</span> <span class='ocrx_word' id='word_1_326' title='bbox 2875 2074 2940 2127; x_wconf 86' lang='grc' dir='ltr'><strong>δι’</strong></span> <span class='ocrx_word' id='word_1_327' title='bbox 2975 2071 3235 2141; x_wconf 79' lang='grc' dir='ltr'>αἰσχύνης</span> <span class='ocrx_word' id='word_1_328' title='bbox 3279 2070 3356 2138; x_wconf 86' lang='grc' dir='ltr'>τῷ</span> <span class='ocrx_word' id='word_1_329' title='bbox 3405 2067 3616 2138; x_wconf 84' lang='grc' dir='ltr'>βασιλεῖ</span> <span class='ocrx_word' id='word_1_330' title='bbox 3653 2067 3718 2120; x_wconf 77' lang='grc' dir='ltr'>τὸ</span> 
     </span>
    </p>
   </div>
   <div class='ocr_carea' id='block_1_49' title="bbox 2143 2162 3718 2242">
    <p class='ocr_par' dir='ltr' id='par_1_49' title="bbox 2143 2162 3718 2242">
     <span class='ocr_line' id='line_1_49' title="bbox 2143 2162 3718 2242; baseline -0.011 -15"><span class='ocrx_word' id='word_1_331' title='bbox 2143 2173 2246 2242; x_wconf 82' lang='grc' dir='ltr'>τῆς</span> <span class='ocrx_word' id='word_1_332' title='bbox 2281 2172 2470 2234; x_wconf 83' lang='grc' dir='ltr'>παιδὸς</span> <span class='ocrx_word' id='word_1_333' title='bbox 2501 2165 2640 2222; x_wconf 82' lang='grc' dir='ltr'>εἶναι</span> <span class='ocrx_word' id='word_1_334' title='bbox 2671 2167 2866 2230; x_wconf 81' lang='grc' dir='ltr'>πάθος,</span> <span class='ocrx_word' id='word_1_335' title='bbox 2897 2165 3185 2235; x_wconf 80' lang='grc' dir='ltr'>γράμμασι</span> <span class='ocrx_word' id='word_1_336' title='bbox 3211 2163 3266 2214; x_wconf 83' lang='grc' dir='ltr'>δὲ</span> <span class='ocrx_word' id='word_1_337' title='bbox 3297 2162 3486 2214; x_wconf 82' lang='grc' dir='ltr'>τούτου</span> <span class='ocrx_word' id='word_1_338' title='bbox 3521 2175 3718 2228; x_wconf 80' lang='grc' dir='ltr'>μυστι·</span> 
     </span>
    </p>
   </div>
   <div class='ocr_carea' id='block_1_50' title="bbox 2143 2250 3720 2337">
    <p class='ocr_par' dir='ltr' id='par_1_50' title="bbox 2143 2250 3720 2337">
     <span class='ocr_line' id='line_1_50' title="bbox 2143 2250 3720 2337; baseline -0.013 -15"><span class='ocrx_word' id='word_1_339' title='bbox 2143 2271 2260 2332; x_wconf 83' lang='grc' dir='ltr'>κοῖς</span> <span class='ocrx_word' id='word_1_340' title='bbox 2307 2266 2599 2337; x_wconf 82' lang='grc' dir='ltr'>δεηθῆναι,</span> <span class='ocrx_word' id='word_1_341' title='bbox 2630 2263 2762 2316; x_wconf 83' lang='grc' dir='ltr'><strong>ὥστ’</strong></span> <span class='ocrx_word' id='word_1_342' title='bbox 2805 2258 3086 2314; x_wconf 76' lang='grc' dir='ltr'>ἐπινεῦσαι</span> <span class='ocrx_word' id='word_1_343' title='bbox 3131 2258 3336 2324; x_wconf 85' lang='grc' dir='ltr'>ταύτην</span> <span class='ocrx_word' id='word_1_344' title='bbox 3387 2253 3518 2322; x_wconf 81' lang='grc' dir='ltr'>παρ’</span> <span class='ocrx_word' id='word_1_345' title='bbox 3549 2250 3720 2305; x_wconf 75' lang='grc' dir='ltr'>αὐτὸν</span> 
     </span>
    </p>
   </div>
   <div class='ocr_carea' id='block_1_51' title="bbox 2143 2341 3718 2429">
    <p class='ocr_par' dir='ltr' id='par_1_51' title="bbox 2143 2341 3718 2429">
     <span class='ocr_line' id='line_1_51' title="bbox 2143 2341 3718 2429; baseline -0.013 -16"><span class='ocrx_word' id='word_1_346' title='bbox 2143 2358 2492 2429; x_wconf 83' lang='grc' dir='ltr'>κομισθῆναι,</span> <span class='ocrx_word' id='word_1_347' title='bbox 2525 2357 2661 2425; x_wconf 85' lang='grc' dir='ltr'>ὅπερ</span> <span class='ocrx_word' id='word_1_348' title='bbox 2689 2352 2888 2406; x_wconf 86' lang='grc' dir='ltr'>ταυτδν</span> <span class='ocrx_word' id='word_1_349' title='bbox 2910 2349 2987 2416; x_wconf 81' lang='grc' dir='ltr'><strong>τῷ</strong></span> <span class='ocrx_word' id='word_1_350' title='bbox 3029 2347 3239 2418; x_wconf 85' lang='grc' dir='ltr'>βασιλεί</span> <span class='ocrx_word' id='word_1_351' title='bbox 3280 2346 3374 2398; x_wconf 79' lang='grc' dir='ltr'>καὶ</span> <span class='ocrx_word' id='word_1_352' title='bbox 3414 2343 3513 2412; x_wconf 74' lang='grc' dir='ltr'>τῆς</span> <span class='ocrx_word' id='word_1_353' title='bbox 3548 2341 3718 2412; x_wconf 84' lang='grc' dir='ltr'>θερα-</span> 
     </span>
    </p>
   </div>
   <div class='ocr_carea' id='block_1_52' title="bbox 2143 2434 3716 2518">
    <p class='ocr_par' dir='ltr' id='par_1_52' title="bbox 2143 2434 3716 2518">
     <span class='ocr_line' id='line_1_52' title="bbox 2143 2434 3716 2518; baseline -0.011 -16"><span class='ocrx_word' id='word_1_354' title='bbox 2143 2449 2303 2512; x_wconf 85' lang='grc' dir='ltr'>πείας</span> <span class='ocrx_word' id='word_1_355' title='bbox 2331 2447 2432 2518; x_wconf 83' lang='grc' dir='ltr'><strong>τὴν</strong></span> <span class='ocrx_word' id='word_1_356' title='bbox 2465 2445 2630 2500; x_wconf 79' lang='grc' dir='ltr'>παῖδα</span> <span class='ocrx_word' id='word_1_357' title='bbox 2668 2444 2855 2513; x_wconf 82' lang='grc' dir='ltr'>τυχεῖν</span> <span class='ocrx_word' id='word_1_358' title='bbox 2882 2439 3160 2510; x_wconf 74' lang='grc' dir='ltr'>ἐνομίζετο</span> <span class='ocrx_word' id='word_1_359' title='bbox 3189 2453 3203 2466; x_wconf 85' lang='grc'><strong>·</strong></span> <span class='ocrx_word' id='word_1_360' title='bbox 3234 2434 3350 2506; x_wconf 74' lang='grc' dir='ltr'>ᾔδει</span> <span class='ocrx_word' id='word_1_361' title='bbox 3378 2435 3486 2504; x_wconf 79' lang='grc' dir='ltr'><strong>γάρ</strong></span> <span class='ocrx_word' id='word_1_362' title='bbox 3527 2434 3590 2486; x_wconf 78' lang='grc' dir='ltr'><strong>ἐκ</strong></span> <span class='ocrx_word' id='word_1_363' title='bbox 3614 2434 3716 2501; x_wconf 86' lang='grc' dir='ltr'>τῆς</span> 
     </span>
    </p>
   </div>
   <div class='ocr_carea' id='block_1_53' title="bbox 2141 2523 3714 2611">
    <p class='ocr_par' dir='ltr' id='par_1_53' title="bbox 2141 2523 3714 2611">
     <span class='ocr_line' id='line_1_53' title="bbox 2141 2523 3714 2611; baseline -0.012 -17"><span class='ocrx_word' id='word_1_364' title='bbox 2141 2541 2270 2611; x_wconf 81' lang='grc' dir='ltr'>περὶ</span> <span class='ocrx_word' id='word_1_365' title='bbox 2299 2539 2426 2602; x_wconf 81' lang='grc' dir='ltr'>τοὺς</span> <span class='ocrx_word' id='word_1_366' title='bbox 2461 2537 2652 2599; x_wconf 83' lang='grc' dir='ltr'>ἄλλους</span> <span class='ocrx_word' id='word_1_367' title='bbox 2677 2535 2785 2587; x_wconf 89' lang='grc' dir='ltr'><strong>τῶν</strong></span> <span class='ocrx_word' id='word_1_368' title='bbox 2809 2531 2904 2586; x_wconf 92' lang='grc' dir='ltr'><strong>τοῦ</strong></span> <span class='ocrx_word' id='word_1_369' title='bbox 2934 2529 3129 2599; x_wconf 81' lang='grc' dir='ltr'>ἀνδρὸς</span> <span class='ocrx_word' id='word_1_370' title='bbox 3165 2527 3457 2594; x_wconf 81' lang='grc' dir='ltr'><strong>θαυμάτων</strong></span> <span class='ocrx_word' id='word_1_371' title='bbox 3501 2523 3714 2592; x_wconf 82' lang='grc' dir='ltr'>φιλοτι-</span> 
     </span>
    </p>
   </div>
   <div class='ocr_carea' id='block_1_54' title="bbox 2145 2616 3716 2699">
    <p class='ocr_par' dir='ltr' id='par_1_54' title="bbox 2145 2616 3716 2699">
     <span class='ocr_line' id='line_1_54' title="bbox 2145 2616 3716 2699; baseline -0.006 -19"><span class='ocrx_word' id='word_1_372' title='bbox 2145 2633 2291 2699; x_wconf 76' lang='grc' dir='ltr'>μίας,</span> <span class='ocrx_word' id='word_1_373' title='bbox 2325 2629 2400 2690; x_wconf 84' lang='grc' dir='ltr'>ὼς</span> <span class='ocrx_word' id='word_1_374' title='bbox 2425 2629 2546 2682; x_wconf 74' lang='grc' dir='ltr'>οὐδὲ</span> <span class='ocrx_word' id='word_1_375' title='bbox 2577 2626 2717 2694; x_wconf 82' lang='grc' dir='ltr'>αῦτη</span> <span class='ocrx_word' id='word_1_376' title='bbox 2767 2623 3022 2692; x_wconf 85' lang='grc' dir='ltr'>διακενῆς</span> <span class='ocrx_word' id='word_1_377' title='bbox 3073 2619 3423 2689; x_wconf 74' lang='grc' dir='ltr'>ἀναστρέψει.</span> <span class='ocrx_word' id='word_1_378' title='bbox 3477 2617 3580 2668; x_wconf 85' lang='grc' dir='ltr'>Τδν</span> <span class='ocrx_word' id='word_1_379' title='bbox 3633 2616 3716 2680; x_wconf 77' lang='grc' dir='ltr'>δὲ,</span> 
     </span>
    </p>
   </div>
   <div class='ocr_carea' id='block_1_55' title="bbox 2147 2705 3718 2794">
    <p class='ocr_par' dir='ltr' id='par_1_55' title="bbox 2147 2705 3718 2794">
     <span class='ocr_line' id='line_1_55' title="bbox 2147 2705 3718 2794; baseline -0.011 -20"><span class='ocrx_word' id='word_1_380' title='bbox 2147 2721 2280 2794; x_wconf 81' lang='grc' dir='ltr'><strong>μηδέ</strong></span> <span class='ocrx_word' id='word_1_381' title='bbox 2315 2719 2512 2790; x_wconf 77' lang='grc' dir='ltr'>μικρὸν</span> <span class='ocrx_word' id='word_1_382' title='bbox 2546 2715 2843 2786; x_wconf 75' lang='grc' dir='ltr'>ἐπισχόντα</span> <span class='ocrx_word' id='word_1_383' title='bbox 2867 2713 2981 2784; x_wconf 70' lang='grc' dir='ltr'><strong>(καὶ</strong></span> <span class='ocrx_word' id='word_1_384' title='bbox 3010 2711 3302 2780; x_wconf 84' lang='grc' dir='ltr'>σκοπῶμεν</span> <span class='ocrx_word' id='word_1_385' title='bbox 3327 2709 3426 2778; x_wconf 80' lang='grc' dir='ltr'><strong>τὴν</strong></span> <span class='ocrx_word' id='word_1_386' title='bbox 3471 2709 3528 2760; x_wconf 86' lang='grc' dir='ltr'><strong>ἐν</strong></span> <span class='ocrx_word' id='word_1_387' title='bbox 3555 2705 3718 2774; x_wconf 77' lang='grc' dir='ltr'><strong>αὖτῷ</strong></span> 
     </span>
    </p>
   </div>
   <div class='ocr_carea' id='block_1_56' title="bbox 2139 2797 3724 2887">
    <p class='ocr_par' dir='ltr' id='par_1_56' title="bbox 2139 2797 3724 2887">
     <span class='ocr_line' id='line_1_56' title="bbox 2139 2797 3724 2887; baseline -0.013 -16"><span class='ocrx_word' id='word_1_388' title='bbox 2139 2816 2301 2887; x_wconf 82' lang='grc' dir='ltr'>χάριν</span> <span class='ocrx_word' id='word_1_389' title='bbox 2334 2811 2478 2882; x_wconf 82' lang='grc' dir='ltr'>ὅση),</span> <span class='ocrx_word' id='word_1_390' title='bbox 2501 2810 2704 2878; x_wconf 82' lang='grc' dir='ltr'>Θάρσει</span> <span class='ocrx_word' id='word_1_391' title='bbox 2727 2848 2744 2872; x_wconf 95' lang='grc'><strong>,</strong></span> <span class='ocrx_word' id='word_1_392' title='bbox 2772 2802 2990 2876; x_wconf 85' lang='grc' dir='ltr'>βασιλεῦ</span> <span class='ocrx_word' id='word_1_393' title='bbox 3017 2843 3032 2864; x_wconf 89' lang='grc'><strong>,</strong></span> <span class='ocrx_word' id='word_1_394' title='bbox 3055 2802 3214 2864; x_wconf 77' lang='grc' dir='ltr'>εὐθὺς</span> <span class='ocrx_word' id='word_1_395' title='bbox 3241 2797 3588 2868; x_wconf 72' lang='grc' dir='ltr'>ἀντιγράψαι,</span> <span class='ocrx_word' id='word_1_396' title='bbox 3621 2797 3724 2851; x_wconf 78' lang='grc' dir='ltr'>καὶ</span> 
     </span>
    </p>
   </div>
   <div class='ocr_carea' id='block_1_57' title="bbox 2139 2889 3722 2979">
    <p class='ocr_par' dir='ltr' id='par_1_57' title="bbox 2139 2889 3722 2979">
     <span class='ocr_line' id='line_1_57' title="bbox 2139 2889 3722 2979; baseline -0.015 -16"><span class='ocrx_word' id='word_1_397' title='bbox 2139 2908 2258 2979; x_wconf 82' lang='grc' dir='ltr'>Θεῷ</span> <span class='ocrx_word' id='word_1_398' title='bbox 2293 2907 2522 2978; x_wconf 87' lang='grc' dir='ltr'>χάριτας</span> <span class='ocrx_word' id='word_1_399' title='bbox 2569 2901 2823 2972; x_wconf 83' lang='grc' dir='ltr'>ὁμολόγει</span> <span class='ocrx_word' id='word_1_400' title='bbox 2867 2894 3231 2966; x_wconf 65' lang='grc' dir='ltr'>τῷτεύεργέτῃ</span> <span class='ocrx_word' id='word_1_401' title='bbox 3255 2909 3270 2924; x_wconf 77' lang='grc' dir='ltr'><strong><em>ο</em></strong></span> <span class='ocrx_word' id='word_1_402' title='bbox 3296 2893 3442 2945; x_wconf 88' lang='grc' dir='ltr'>ῐαται</span> <span class='ocrx_word' id='word_1_403' title='bbox 3468 2891 3573 2958; x_wconf 85' lang='grc' dir='ltr'>γὰρ</span> <span class='ocrx_word' id='word_1_404' title='bbox 3603 2889 3722 2979; x_wconf 57' lang='grc' dir='ltr'><strong>ἀπο</strong></span> 
     </span>
    </p>
   </div>
   <div class='ocr_carea' id='block_1_58' title="bbox 2138 2978 3720 3066">
    <p class='ocr_par' dir='ltr' id='par_1_58' title="bbox 2138 2978 3720 3066">
     <span class='ocr_line' id='line_1_58' title="bbox 2138 2978 3720 3066; baseline -0.014 -13"><span class='ocrx_word' id='word_1_405' title='bbox 2138 2978 2239 3066; x_wconf 81' lang='grc' dir='ltr'>τῆς</span> <span class='ocrx_word' id='word_1_406' title='bbox 2288 2995 2502 3065; x_wconf 77' lang='grc' dir='ltr'>πληγῆς</span> <span class='ocrx_word' id='word_1_407' title='bbox 2525 2995 2558 3062; x_wconf 78' lang='grc' dir='ltr'><strong>ἡ</strong></span> <span class='ocrx_word' id='word_1_408' title='bbox 2601 2991 2868 3060; x_wconf 83' lang='grc' dir='ltr'>θυγάτηρ.</span> <span class='ocrx_word' id='word_1_409' title='bbox 2899 2987 3090 3060; x_wconf 39' lang='lat' dir='ltr'><strong>&quot;Oa-rep;</strong></span> <span class='ocrx_word' id='word_1_410' title='bbox 3129 2982 3426 3053; x_wconf 78' lang='grc' dir='ltr'>συμϐαῖνον</span> <span class='ocrx_word' id='word_1_411' title='bbox 3461 2981 3568 3034; x_wconf 78' lang='grc' dir='ltr'>ἀπὸ</span> <span class='ocrx_word' id='word_1_412' title='bbox 3617 2978 3720 3032; x_wconf 84' lang='grc' dir='ltr'><strong>τοῦ</strong></span> 
     </span>
    </p>
   </div>
   <div class='ocr_carea' id='block_1_59' title="bbox 466 3070 2041 3174">
    <p class='ocr_par' dir='ltr' id='par_1_59' title="bbox 466 3073 2040 3151">
     <span class='ocr_line' id='line_1_59' title="bbox 466 3073 2040 3151; baseline 0.007 -25"><span class='ocrx_word' id='word_1_413' title='bbox 466 3073 716 3139; x_wconf 80' lang='lat' dir='ltr'><strong>Conﬁde,</strong></span> <span class='ocrx_word' id='word_1_414' title='bbox 750 3073 1070 3146; x_wconf 87' lang='lat' dir='ltr'><strong>imperator,</strong></span> <span class='ocrx_word' id='word_1_415' title='bbox 1103 3085 1158 3130; x_wconf 94' lang='lat' dir='ltr'><strong>et</strong></span> <span class='ocrx_word' id='word_1_416' title='bbox 1181 3077 1293 3130; x_wconf 90' lang='lat' dir='ltr'><strong>Deo</strong></span> <span class='ocrx_word' id='word_1_417' title='bbox 1319 3077 1656 3134; x_wconf 83' lang='lat' dir='ltr'><strong>benefactori</strong></span> <span class='ocrx_word' id='word_1_418' title='bbox 1677 3081 1882 3150; x_wconf 78' lang='lat' dir='ltr'><strong>gratias</strong></span> <span class='ocrx_word' id='word_1_419' title='bbox 1914 3098 2040 3151; x_wconf 89' lang='lat' dir='ltr'><strong>per-</strong></span> 
     </span>
    </p>
   </div>
   <div class='ocr_carea' id='block_1_60' title="bbox 2147 3070 3722 3174">
    <p class='ocr_par' dir='ltr' id='par_1_60' title="bbox 2147 3070 3722 3174">
     <span class='ocr_line' id='line_1_60' title="bbox 2147 3070 3722 3174; baseline -0.013 -32"><span class='ocrx_word' id='word_1_420' title='bbox 2147 3087 2330 3150; x_wconf 83' lang='grc' dir='ltr'>τέλους</span> <span class='ocrx_word' id='word_1_421' title='bbox 2379 3081 2492 3155; x_wconf 77' lang='grc' dir='ltr'>εἶχε</span> <span class='ocrx_word' id='word_1_422' title='bbox 2537 3083 2614 3154; x_wconf 86' lang='grc' dir='ltr'><strong>τῷ</strong></span> <span class='ocrx_word' id='word_1_423' title='bbox 2645 3081 2942 3153; x_wconf 78' lang='grc' dir='ltr'>’γράμματι</span> <span class='ocrx_word' id='word_1_424' title='bbox 2973 3078 3067 3130; x_wconf 77' lang='grc' dir='ltr'>καὶ</span> <span class='ocrx_word' id='word_1_425' title='bbox 3091 3076 3175 3174; x_wconf 42' lang='grc' dir='ltr'>το-</span> <span class='ocrx_word' id='word_1_426' title='bbox 3205 3075 3461 3174; x_wconf 57' lang='grc' dir='ltr'>πρᾶγμα,</span> <span class='ocrx_word' id='word_1_427' title='bbox 3485 3070 3618 3174; x_wconf 69' lang='grc' dir='ltr'>ὁμοῦ</span> <span class='ocrx_word' id='word_1_428' title='bbox 3651 3087 3722 3174; x_wconf 57' lang='grc' dir='ltr'><strong>τε</strong></span> 
     </span>
    </p>
   </div>
   <div class='ocr_carea' id='block_1_61' title="bbox 467 3165 2041 3251">
    <p class='ocr_par' dir='ltr' id='par_1_61' title="bbox 467 3167 2038 3244">
     <span class='ocr_line' id='line_1_61' title="bbox 467 3167 2038 3244; baseline 0.005 -24"><span class='ocrx_word' id='word_1_429' title='bbox 467 3167 658 3234; x_wconf 89' lang='lat' dir='ltr'><strong>solve;</strong></span> <span class='ocrx_word' id='word_1_430' title='bbox 712 3177 901 3222; x_wconf 88' lang='lat' dir='ltr'><strong>sanata</strong></span> <span class='ocrx_word' id='word_1_431' title='bbox 951 3185 1190 3239; x_wconf 89' lang='lat' dir='ltr'><strong>namque</strong></span> <span class='ocrx_word' id='word_1_432' title='bbox 1239 3179 1324 3225; x_wconf 89' lang='lat' dir='ltr'><strong>est</strong></span> <span class='ocrx_word' id='word_1_433' title='bbox 1381 3171 1452 3225; x_wconf 90' lang='lat' dir='ltr'><strong>ab</strong></span> <span class='ocrx_word' id='word_1_434' title='bbox 1483 3171 1694 3227; x_wconf 84' lang='lat' dir='ltr'><strong>inﬂicta</strong></span> <span class='ocrx_word' id='word_1_435' title='bbox 1735 3176 1892 3244; x_wconf 81' lang='lat' dir='ltr'><strong>plaga</strong></span> <span class='ocrx_word' id='word_1_436' title='bbox 1924 3173 2038 3228; x_wconf 78' lang='lat' dir='ltr'><strong>lilia</strong></span> 
     </span>
    </p>
   </div>
   <div class='ocr_carea' id='block_1_62' title="bbox 2147 3165 3718 3251">
    <p class='ocr_par' dir='ltr' id='par_1_62' title="bbox 2147 3165 3718 3251">
     <span class='ocr_line' id='line_1_62' title="bbox 2147 3165 3718 3251; baseline -0.011 -17"><span class='ocrx_word' id='word_1_437' title='bbox 2147 3181 2251 3251; x_wconf 83' lang='grc' dir='ltr'><strong>γὰρ</strong></span> <span class='ocrx_word' id='word_1_438' title='bbox 2279 3180 2378 3248; x_wconf 81' lang='grc' dir='ltr'>τὴν</span> <span class='ocrx_word' id='word_1_439' title='bbox 2411 3177 2700 3246; x_wconf 88' lang='grc' dir='ltr'>ἐπιστολὴν</span> <span class='ocrx_word' id='word_1_440' title='bbox 2733 3175 2762 3228; x_wconf 83' lang='grc' dir='ltr'>ὁ</span> <span class='ocrx_word' id='word_1_441' title='bbox 2807 3171 3057 3242; x_wconf 78' lang='grc' dir='ltr'>βασιλεὺς</span> <span class='ocrx_word' id='word_1_442' title='bbox 3090 3169 3327 3233; x_wconf 82' lang='grc' dir='ltr'>δέδεκτο,</span> <span class='ocrx_word' id='word_1_443' title='bbox 3365 3165 3462 3220; x_wconf 71' lang='grc' dir='ltr'>καὶ</span> <span class='ocrx_word' id='word_1_444' title='bbox 3486 3165 3586 3235; x_wconf 84' lang='grc' dir='ltr'><strong>τῆς</strong></span> <span class='ocrx_word' id='word_1_445' title='bbox 3613 3165 3718 3217; x_wconf 82' lang='grc' dir='ltr'><strong>τοῦ</strong></span> 
     </span>
    </p>
   </div>
   <div class='ocr_carea' id='block_1_63' title="bbox 472 3255 2042 3334">
    <p class='ocr_par' dir='ltr' id='par_1_63' title="bbox 472 3255 2042 3334">
     <span class='ocr_line' id='line_1_63' title="bbox 472 3255 2042 3334; baseline 0.007 -26"><span class='ocrx_word' id='word_1_446' title='bbox 472 3263 583 3310; x_wconf 89' lang='lat' dir='ltr'><strong>tua.</strong></span> <span class='ocrx_word' id='word_1_447' title='bbox 614 3255 730 3312; x_wconf 89' lang='lat' dir='ltr'><strong>Nec</strong></span> <span class='ocrx_word' id='word_1_448' title='bbox 762 3274 850 3312; x_wconf 91' lang='lat' dir='ltr'><strong>res</strong></span> <span class='ocrx_word' id='word_1_449' title='bbox 872 3260 1128 3314; x_wconf 89' lang='lat' dir='ltr'><strong>alitteris</strong></span> <span class='ocrx_word' id='word_1_450' title='bbox 1152 3261 1507 3332; x_wconf 91' lang='lat' dir='ltr'><strong>discrepavit,</strong></span> <span class='ocrx_word' id='word_1_451' title='bbox 1554 3264 1632 3318; x_wconf 90' lang='lat' dir='ltr'><strong>uti</strong></span> <span class='ocrx_word' id='word_1_452' title='bbox 1663 3265 1844 3334; x_wconf 89' lang='lat' dir='ltr'><strong>patuit</strong></span> <span class='ocrx_word' id='word_1_453' title='bbox 1876 3280 2042 3319; x_wconf 89' lang='lat' dir='ltr'><strong>even-</strong></span> 
     </span>
    </p>
   </div>
   <div class='ocr_carea' id='block_1_64' title="bbox 469 3350 2042 3426">
    <p class='ocr_par' dir='ltr' id='par_1_64' title="bbox 469 3350 2042 3426">
     <span class='ocr_line' id='line_1_64' title="bbox 469 3350 2042 3426; baseline 0.006 -25"><span class='ocrx_word' id='word_1_454' title='bbox 469 3359 560 3402; x_wconf 90' lang='lat' dir='ltr'><strong>tu:</strong></span> <span class='ocrx_word' id='word_1_455' title='bbox 595 3364 722 3403; x_wconf 85' lang='lat' dir='ltr'><strong>nam</strong></span> <span class='ocrx_word' id='word_1_456' title='bbox 748 3350 912 3406; x_wconf 89' lang='lat' dir='ltr'><strong>simul</strong></span> <span class='ocrx_word' id='word_1_457' title='bbox 968 3359 1131 3422; x_wconf 92' lang='lat' dir='ltr'><strong>atque</strong></span> <span class='ocrx_word' id='word_1_458' title='bbox 1187 3353 1387 3409; x_wconf 71' lang='lat' dir='ltr'><strong>littera:</strong></span> <span class='ocrx_word' id='word_1_459' title='bbox 1448 3354 1770 3426; x_wconf 82' lang='lat' dir='ltr'><strong>imperatori</strong></span> <span class='ocrx_word' id='word_1_460' title='bbox 1825 3355 2042 3411; x_wconf 61' lang='lat' dir='ltr'><strong>traditae</strong></span> 
     </span>
    </p>
   </div>
   <div class='ocr_carea' id='block_1_65' title="bbox 467 3439 1824 3515">
    <p class='ocr_par' dir='ltr' id='par_1_65' title="bbox 467 3439 1824 3515">
     <span class='ocr_line' id='line_1_65' title="bbox 467 3439 1824 3515; baseline 0.005 -19"><span class='ocrx_word' id='word_1_461' title='bbox 467 3439 716 3500; x_wconf 86' lang='lat' dir='ltr'><strong>fuerunt.</strong></span> <span class='ocrx_word' id='word_1_462' title='bbox 743 3443 962 3499; x_wconf 84' lang='lat' dir='ltr'><strong>vexatio</strong></span> <span class='ocrx_word' id='word_1_463' title='bbox 986 3460 1206 3515; x_wconf 90' lang='lat' dir='ltr'><strong>quoque</strong></span> <span class='ocrx_word' id='word_1_464' title='bbox 1264 3446 1531 3502; x_wconf 64' lang='lat' dir='ltr'><strong>daemonis</strong></span> <span class='ocrx_word' id='word_1_465' title='bbox 1565 3449 1824 3504; x_wconf 83' lang='lat' dir='ltr'><strong>cessavit.</strong></span> 
     </span>
    </p>
   </div>
   <div class='ocr_carea' id='block_1_66' title="bbox 541 3531 2038 3610">
    <p class='ocr_par' dir='ltr' id='par_1_66' title="bbox 541 3531 2038 3610">
     <span class='ocr_line' id='line_1_66' title="bbox 541 3531 2038 3610; baseline 0.009 -27"><span class='ocrx_word' id='word_1_466' title='bbox 541 3531 664 3586; x_wconf 78' lang='grc'><strong>190.</strong></span> <span class='ocrx_word' id='word_1_467' title='bbox 690 3532 965 3590; x_wconf 88' lang='lat' dir='ltr'><strong>luciderat</strong></span> <span class='ocrx_word' id='word_1_468' title='bbox 999 3536 1199 3592; x_wconf 88' lang='lat' dir='ltr'><strong>deinde</strong></span> <span class='ocrx_word' id='word_1_469' title='bbox 1234 3537 1538 3608; x_wconf 89' lang='lat' dir='ltr'><strong>imperator</strong></span> <span class='ocrx_word' id='word_1_470' title='bbox 1565 3540 1682 3610; x_wconf 89' lang='lat' dir='ltr'><strong>ipse</strong></span> <span class='ocrx_word' id='word_1_471' title='bbox 1707 3541 2038 3598; x_wconf 87' lang='lat' dir='ltr'><strong>Justinusin</strong></span> 
     </span>
    </p>
   </div>
   <div class='ocr_carea' id='block_1_67' title="bbox 469 3619 2044 3700">
    <p class='ocr_par' dir='ltr' id='par_1_67' title="bbox 469 3619 2044 3700">
     <span class='ocr_line' id='line_1_67' title="bbox 469 3619 2044 3700; baseline 0.01 -28"><span class='ocrx_word' id='word_1_472' title='bbox 469 3619 870 3686; x_wconf 82' lang='lat' dir='ltr'><strong>inﬁrmitatem,</strong></span> <span class='ocrx_word' id='word_1_473' title='bbox 930 3641 1054 3684; x_wconf 90' lang='lat' dir='ltr'><strong>cum</strong></span> <span class='ocrx_word' id='word_1_474' title='bbox 1099 3627 1362 3692; x_wconf 85' lang='lat' dir='ltr'><strong>Joannes,</strong></span> <span class='ocrx_word' id='word_1_475' title='bbox 1416 3644 1578 3698; x_wconf 87' lang='lat' dir='ltr'><strong>quem</strong></span> <span class='ocrx_word' id='word_1_476' title='bbox 1628 3631 1740 3700; x_wconf 88' lang='lat' dir='ltr'><strong>jam</strong></span> <span class='ocrx_word' id='word_1_477' title='bbox 1799 3633 2044 3688; x_wconf 86' lang='lat' dir='ltr'><strong>ostendit</strong></span> 
     </span>
    </p>
   </div>
   <div class='ocr_carea' id='block_1_68' title="bbox 468 3713 2042 3792">
    <p class='ocr_par' dir='ltr' id='par_1_68' title="bbox 468 3713 2042 3792">
     <span class='ocr_line' id='line_1_68' title="bbox 468 3713 2042 3792; baseline 0.008 -26"><span class='ocrx_word' id='word_1_478' title='bbox 468 3713 648 3767; x_wconf 89' lang='lat' dir='ltr'><strong>oratio</strong></span> <span class='ocrx_word' id='word_1_479' title='bbox 698 3721 889 3774; x_wconf 89' lang='lat' dir='ltr'><strong>nostra</strong></span> <span class='ocrx_word' id='word_1_480' title='bbox 941 3717 1568 3789; x_wconf 66' lang='lat' dir='ltr'><strong>Constatttinopolitanm</strong></span> <span class='ocrx_word' id='word_1_481' title='bbox 1621 3721 1769 3776; x_wconf 90' lang='lat' dir='ltr'><strong>sedis</strong></span> <span class='ocrx_word' id='word_1_482' title='bbox 1805 3724 2042 3792; x_wconf 89' lang='lat' dir='ltr'><strong>patriar-</strong></span> 
     </span>
    </p>
   </div>
   <div class='ocr_carea' id='block_1_69' title="bbox 469 3804 2044 3886">
    <p class='ocr_par' dir='ltr' id='par_1_69' title="bbox 469 3804 2044 3886">
     <span class='ocr_line' id='line_1_69' title="bbox 469 3804 2044 3886; baseline 0.009 -28"><span class='ocrx_word' id='word_1_483' title='bbox 469 3804 800 3869; x_wconf 77' lang='lat' dir='ltr'><strong>cham,tutn</strong></span> <span class='ocrx_word' id='word_1_484' title='bbox 826 3817 1057 3882; x_wconf 88' lang='lat' dir='ltr'><strong>propter</strong></span> <span class='ocrx_word' id='word_1_485' title='bbox 1121 3826 1390 3866; x_wconf 90' lang='lat' dir='ltr'><strong>summam</strong></span> <span class='ocrx_word' id='word_1_486' title='bbox 1439 3812 1872 3870; x_wconf 81' lang='lat' dir='ltr'><strong>familiaritatem</strong></span> <span class='ocrx_word' id='word_1_487' title='bbox 1921 3831 2044 3886; x_wconf 63' lang='lat' dir='ltr'><strong>quae</strong></span> 
     </span>
    </p>
   </div>
   <div class='ocr_carea' id='block_1_70' title="bbox 468 3893 2043 3974">
    <p class='ocr_par' dir='ltr' id='par_1_70' title="bbox 468 3893 2043 3974">
     <span class='ocr_line' id='line_1_70' title="bbox 468 3893 2043 3974; baseline 0.007 -26"><span class='ocrx_word' id='word_1_488' title='bbox 468 3893 574 3963; x_wconf 87' lang='lat' dir='ltr'><strong>ipsi</strong></span> <span class='ocrx_word' id='word_1_489' title='bbox 607 3896 986 3956; x_wconf 84' lang='lat' dir='ltr'><strong>intercedebat</strong></span> <span class='ocrx_word' id='word_1_490' title='bbox 1009 3913 1132 3954; x_wconf 92' lang='lat' dir='ltr'><strong>cum</strong></span> <span class='ocrx_word' id='word_1_491' title='bbox 1161 3899 1401 3965; x_wconf 83' lang='lat' dir='ltr'><strong>Justino.</strong></span> <span class='ocrx_word' id='word_1_492' title='bbox 1434 3911 1550 3958; x_wconf 86' lang='lat' dir='ltr'><strong>tum</strong></span> <span class='ocrx_word' id='word_1_493' title='bbox 1609 3915 1838 3974; x_wconf 87' lang='lat' dir='ltr'><strong>propter</strong></span> <span class='ocrx_word' id='word_1_494' title='bbox 1898 3904 2043 3959; x_wconf 83' lang='lat' dir='ltr'><strong>ﬁdu-</strong></span> 
     </span>
    </p>
   </div>
   <div class='ocr_carea' id='block_1_71' title="bbox 462 3975 2044 4068">
    <p class='ocr_par' dir='ltr' id='par_1_71' title="bbox 462 3975 2044 4068">
     <span class='ocr_line' id='line_1_71' title="bbox 462 3975 2044 4068; baseline 0.007 -26"><span class='ocrx_word' id='word_1_495' title='bbox 462 3975 608 4043; x_wconf 80' lang='lat' dir='ltr'><strong>ciam</strong></span> <span class='ocrx_word' id='word_1_496' title='bbox 664 4005 832 4060; x_wconf 87' lang='lat' dir='ltr'><strong>quam</strong></span> <span class='ocrx_word' id='word_1_497' title='bbox 877 4002 1140 4061; x_wconf 86' lang='lat' dir='ltr'><strong>posuerat</strong></span> <span class='ocrx_word' id='word_1_498' title='bbox 1171 3994 1228 4048; x_wconf 92' lang='lat' dir='ltr'><strong>in</strong></span> <span class='ocrx_word' id='word_1_499' title='bbox 1285 3992 1594 4066; x_wconf 83' lang='lat' dir='ltr'><strong>Symeone;</strong></span> <span class='ocrx_word' id='word_1_500' title='bbox 1659 4005 1774 4051; x_wconf 92' lang='lat' dir='ltr'><strong>tum</strong></span> <span class='ocrx_word' id='word_1_501' title='bbox 1806 3997 2044 4068; x_wconf 91' lang='lat' dir='ltr'><strong>denique</strong></span> 
     </span>
    </p>
   </div>
   <div class='ocr_carea' id='block_1_72' title="bbox 465 4081 2040 4159">
    <p class='ocr_par' dir='ltr' id='par_1_72' title="bbox 465 4081 2040 4159">
     <span class='ocr_line' id='line_1_72' title="bbox 465 4081 2040 4159; baseline 0.006 -24"><span class='ocrx_word' id='word_1_502' title='bbox 465 4081 612 4151; x_wconf 92' lang='lat' dir='ltr'><strong>quod</strong></span> <span class='ocrx_word' id='word_1_503' title='bbox 647 4081 876 4141; x_wconf 78' lang='lat' dir='ltr'><strong>ﬁrmiter</strong></span> <span class='ocrx_word' id='word_1_504' title='bbox 896 4100 1220 4154; x_wconf 85' lang='lat' dir='ltr'><strong>persuasum</strong></span> <span class='ocrx_word' id='word_1_505' title='bbox 1253 4087 1492 4142; x_wconf 88' lang='lat' dir='ltr'><strong>habebat</strong></span> <span class='ocrx_word' id='word_1_506' title='bbox 1531 4087 1648 4142; x_wconf 77' lang='lat' dir='ltr'><strong>fieri</strong></span> <span class='ocrx_word' id='word_1_507' title='bbox 1701 4105 1810 4143; x_wconf 91' lang='lat' dir='ltr'><strong>non</strong></span> <span class='ocrx_word' id='word_1_508' title='bbox 1859 4105 2040 4159; x_wconf 90' lang='lat' dir='ltr'><strong>posse,</strong></span> 
     </span>
    </p>
   </div>
   <div class='ocr_carea' id='block_1_73' title="bbox 469 4174 2046 4248">
    <p class='ocr_par' dir='ltr' id='par_1_73' title="bbox 469 4174 2046 4248">
     <span class='ocr_line' id='line_1_73' title="bbox 469 4174 2046 4248; baseline 0.006 -21"><span class='ocrx_word' id='word_1_509' title='bbox 469 4181 530 4228; x_wconf 90' lang='lat' dir='ltr'><strong>ut</strong></span> <span class='ocrx_word' id='word_1_510' title='bbox 559 4174 782 4230; x_wconf 88' lang='lat' dir='ltr'><strong>aliunde</strong></span> <span class='ocrx_word' id='word_1_511' title='bbox 813 4184 1023 4231; x_wconf 89' lang='lat' dir='ltr'><strong>tantum</strong></span> <span class='ocrx_word' id='word_1_512' title='bbox 1048 4187 1244 4232; x_wconf 90' lang='lat' dir='ltr'><strong>actam</strong></span> <span class='ocrx_word' id='word_1_513' title='bbox 1279 4189 1599 4248; x_wconf 89' lang='lat' dir='ltr'><strong>promptum</strong></span> <span class='ocrx_word' id='word_1_514' title='bbox 1631 4180 1849 4235; x_wconf 89' lang='lat' dir='ltr'><strong>adesset</strong></span> <span class='ocrx_word' id='word_1_515' title='bbox 1887 4183 2046 4236; x_wconf 80' lang='lat' dir='ltr'><strong>auxi-</strong></span> 
     </span>
    </p>
   </div>
   <div class='ocr_carea' id='block_1_74' title="bbox 467 4265 2044 4342">
    <p class='ocr_par' dir='ltr' id='par_1_74' title="bbox 467 4265 2044 4342">
     <span class='ocr_line' id='line_1_74' title="bbox 467 4265 2044 4342; baseline 0.006 -24"><span class='ocrx_word' id='word_1_516' title='bbox 467 4265 646 4331; x_wconf 80' lang='lat' dir='ltr'><strong>lium;</strong></span> <span class='ocrx_word' id='word_1_517' title='bbox 681 4266 832 4326; x_wconf 85' lang='lat' dir='ltr'><strong>misit</strong></span> <span class='ocrx_word' id='word_1_518' title='bbox 875 4267 942 4321; x_wconf 90' lang='lat' dir='ltr'><strong>ad</strong></span> <span class='ocrx_word' id='word_1_519' title='bbox 989 4268 1342 4339; x_wconf 80' lang='lat' dir='ltr'><strong>Symeonem,</strong></span> <span class='ocrx_word' id='word_1_520' title='bbox 1402 4271 1742 4340; x_wconf 83' lang='lat' dir='ltr'><strong>supplicans,</strong></span> <span class='ocrx_word' id='word_1_521' title='bbox 1795 4280 1854 4326; x_wconf 90' lang='lat' dir='ltr'><strong>ut</strong></span> <span class='ocrx_word' id='word_1_522' title='bbox 1899 4273 2044 4342; x_wconf 89' lang='lat' dir='ltr'><strong>apud</strong></span> 
     </span>
    </p>
   </div>
   <div class='ocr_carea' id='block_1_75' title="bbox 467 4356 2046 4431">
    <p class='ocr_par' dir='ltr' id='par_1_75' title="bbox 467 4356 2046 4431">
     <span class='ocr_line' id='line_1_75' title="bbox 467 4356 2046 4431; baseline 0.006 -21"><span class='ocrx_word' id='word_1_523' title='bbox 467 4356 642 4412; x_wconf 88' lang='lat' dir='ltr'><strong>Deum</strong></span> <span class='ocrx_word' id='word_1_524' title='bbox 701 4373 896 4412; x_wconf 88' lang='lat' dir='ltr'><strong>rursus</strong></span> <span class='ocrx_word' id='word_1_525' title='bbox 947 4359 1340 4423; x_wconf 86' lang='lat' dir='ltr'><strong>intercederet,</strong></span> <span class='ocrx_word' id='word_1_526' title='bbox 1425 4371 1700 4431; x_wconf 88' lang='lat' dir='ltr'><strong>quatenus</strong></span> <span class='ocrx_word' id='word_1_527' title='bbox 1755 4381 1786 4420; x_wconf 90' lang='lat' dir='ltr'><strong>a</strong></span> <span class='ocrx_word' id='word_1_528' title='bbox 1849 4365 2046 4420; x_wconf 89' lang='lat' dir='ltr'><strong>morbo</strong></span> 
     </span>
    </p>
   </div>
   <div class='ocr_carea' id='block_1_76' title="bbox 2141 3261 3262 3343">
    <p class='ocr_par' dir='ltr' id='par_1_76' title="bbox 2141 3261 3262 3343">
     <span class='ocr_line' id='line_1_76' title="bbox 2141 3261 3262 3343; baseline -0.01 -16"><span class='ocrx_word' id='word_1_529' title='bbox 2141 3272 2394 3343; x_wconf 86' lang='grc' dir='ltr'>δαίμονος</span> <span class='ocrx_word' id='word_1_530' title='bbox 2428 3267 2691 3340; x_wconf 80' lang='grc' dir='ltr'>ἐπηρείας</span> <span class='ocrx_word' id='word_1_531' title='bbox 2715 3269 2751 3338; x_wconf 86' lang='grc' dir='ltr'>ἡ</span> <span class='ocrx_word' id='word_1_532' title='bbox 2773 3268 2900 3328; x_wconf 84' lang='grc' dir='ltr'>παῖς</span> <span class='ocrx_word' id='word_1_533' title='bbox 2923 3261 3262 3335; x_wconf 76' lang='grc' dir='ltr'>ἀπήλλακτο..</span> 
     </span>
    </p>
   </div>
   <div class='ocr_carea' id='block_1_77' title="bbox 2217 3512 3730 3606">
    <p class='ocr_par' dir='ltr' id='par_1_77' title="bbox 2217 3512 3730 3606">
     <span class='ocr_line' id='line_1_77' title="bbox 2217 3512 3730 3606; baseline -0.018 -13"><span class='ocrx_word' id='word_1_534' title='bbox 2217 3540 2325 3606; x_wconf 57' lang='lat' dir='ltr'><strong>pL}.</strong></span> <span class='ocrx_word' id='word_1_535' title='bbox 2357 3532 2464 3588; x_wconf 84' lang='grc' dir='ltr'>Τοῦ</span> <span class='ocrx_word' id='word_1_536' title='bbox 2529 3529 2586 3584; x_wconf 88' lang='grc' dir='ltr'><strong>δέ</strong></span> <span class='ocrx_word' id='word_1_537' title='bbox 2638 3525 2803 3583; x_wconf 78' lang='grc' dir='ltr'>αὐτοῦ</span> <span class='ocrx_word' id='word_1_538' title='bbox 2864 3523 3056 3578; x_wconf 82' lang='grc' dir='ltr'>τούτου</span> <span class='ocrx_word' id='word_1_539' title='bbox 3111 3517 3378 3590; x_wconf 84' lang='grc' dir='ltr'>βασιλέως</span> <span class='ocrx_word' id='word_1_540' title='bbox 3431 3512 3730 3568; x_wconf 76' lang='grc' dir='ltr'>Ἰουστίνου</span> 
     </span>
    </p>
   </div>
   <div class='ocr_carea' id='block_1_78' title="bbox 2143 3611 3732 3698">
    <p class='ocr_par' dir='ltr' id='par_1_78' title="bbox 2143 3611 3732 3698">
     <span class='ocr_line' id='line_1_78' title="bbox 2143 3611 3732 3698; baseline -0.017 -15"><span class='ocrx_word' id='word_1_541' title='bbox 2143 3629 2283 3698; x_wconf 86' lang='grc' dir='ltr'>νόσῳ</span> <span class='ocrx_word' id='word_1_542' title='bbox 2310 3623 2715 3698; x_wconf 76' lang='grc' dir='ltr'>περιπεσόντος,</span> <span class='ocrx_word' id='word_1_543' title='bbox 2753 3618 2996 3684; x_wconf 82' lang='grc' dir='ltr'>Ἰωάννης</span> <span class='ocrx_word' id='word_1_544' title='bbox 3011 3614 3070 3667; x_wconf 83' lang='grc' dir='ltr'>ὃν</span> <span class='ocrx_word' id='word_1_545' title='bbox 3087 3613 3184 3681; x_wconf 88' lang='grc' dir='ltr'><strong>τῆς</strong></span> <span class='ocrx_word' id='word_1_546' title='bbox 3204 3613 3261 3664; x_wconf 87' lang='grc' dir='ltr'><strong>ἐν</strong></span> <span class='ocrx_word' id='word_1_547' title='bbox 3283 3611 3732 3698; x_wconf 12' lang='grc' dir='ltr'>Κωνσταντῗινου-</span> 
     </span>
    </p>
   </div>
   <div class='ocr_carea' id='block_1_79' title="bbox 2145 3696 3728 3787">
    <p class='ocr_par' dir='ltr' id='par_1_79' title="bbox 2145 3696 3728 3787">
     <span class='ocr_line' id='line_1_79' title="bbox 2145 3696 3728 3787; baseline -0.017 -14"><span class='ocrx_word' id='word_1_548' title='bbox 2145 3696 2300 3773; x_wconf 83' lang='grc' dir='ltr'>πόλει</span> <span class='ocrx_word' id='word_1_549' title='bbox 2378 3696 2639 3787; x_wconf 82' lang='grc' dir='ltr'>πρόεδρον</span> <span class='ocrx_word' id='word_1_550' title='bbox 2702 3706 2984 3771; x_wconf 80' lang='grc' dir='ltr'>ἀπέδειξεν</span> <span class='ocrx_word' id='word_1_551' title='bbox 3052 3699 3375 3770; x_wconf 84' lang='grc' dir='ltr'>Ἐκκλησίας</span> <span class='ocrx_word' id='word_1_552' title='bbox 3443 3698 3472 3750; x_wconf 81' lang='grc' dir='ltr'><strong>ὁ</strong></span> <span class='ocrx_word' id='word_1_553' title='bbox 3525 3696 3686 3762; x_wconf 81' lang='grc' dir='ltr'>λόγος</span> <span class='ocrx_word' id='word_1_554' title='bbox 3706 3734 3728 3759; x_wconf 85' lang='grc'><strong>,</strong></span> 
     </span>
    </p>
   </div>
   <div class='ocr_carea' id='block_1_80' title="bbox 2148 3787 3726 3880">
    <p class='ocr_par' dir='ltr' id='par_1_80' title="bbox 2148 3787 3726 3880">
     <span class='ocr_line' id='line_1_80' title="bbox 2148 3787 3726 3880; baseline -0.023 -9"><span class='ocrx_word' id='word_1_555' title='bbox 2148 3811 2314 3880; x_wconf 81' lang='grc' dir='ltr'>πολλῇ</span> <span class='ocrx_word' id='word_1_556' title='bbox 2365 3808 2461 3877; x_wconf 83' lang='grc' dir='ltr'>μὲν</span> <span class='ocrx_word' id='word_1_557' title='bbox 2494 3808 2560 3876; x_wconf 75' lang='grc' dir='ltr'><strong>τῇ</strong></span> <span class='ocrx_word' id='word_1_558' title='bbox 2619 3801 2756 3875; x_wconf 80' lang='grc' dir='ltr'>πρὸς</span> <span class='ocrx_word' id='word_1_559' title='bbox 2795 3800 3082 3853; x_wconf 84' lang='grc' dir='ltr'>Ἰουστῖνον</span> <span class='ocrx_word' id='word_1_560' title='bbox 3113 3793 3317 3863; x_wconf 84' lang='grc' dir='ltr'>σχέσει,</span> <span class='ocrx_word' id='word_1_561' title='bbox 3359 3789 3532 3858; x_wconf 79' lang='grc' dir='ltr'>πολλῇ</span> <span class='ocrx_word' id='word_1_562' title='bbox 3570 3787 3630 3840; x_wconf 76' lang='grc' dir='ltr'>δὲ</span> <span class='ocrx_word' id='word_1_563' title='bbox 3655 3789 3726 3855; x_wconf 81' lang='grc' dir='ltr'>τῇ</span> 
     </span>
    </p>
   </div>
   <div class='ocr_carea' id='block_1_81' title="bbox 2147 3881 3728 3974">
    <p class='ocr_par' dir='ltr' id='par_1_81' title="bbox 2147 3881 3728 3974">
     <span class='ocr_line' id='line_1_81' title="bbox 2147 3881 3728 3974; baseline -0.018 -17"><span class='ocrx_word' id='word_1_564' title='bbox 2147 3903 2283 3974; x_wconf 82' lang='grc' dir='ltr'>πρὸς</span> <span class='ocrx_word' id='word_1_565' title='bbox 2313 3901 2403 3955; x_wconf 78' lang='grc' dir='ltr'>τὸν</span> <span class='ocrx_word' id='word_1_566' title='bbox 2433 3895 2658 3968; x_wconf 87' lang='grc' dir='ltr'>Συμεὼν</span> <span class='ocrx_word' id='word_1_567' title='bbox 2686 3895 2886 3956; x_wconf 83' lang='grc' dir='ltr'>πίστει,</span> <span class='ocrx_word' id='word_1_568' title='bbox 2923 3889 3021 3974; x_wconf 77' lang='grc' dir='ltr'>καὶ</span> <span class='ocrx_word' id='word_1_569' title='bbox 3049 3888 3125 3958; x_wconf 83' lang='grc' dir='ltr'><strong>τῷ</strong></span> <span class='ocrx_word' id='word_1_570' title='bbox 3172 3881 3483 3974; x_wconf 70' lang='grc' dir='ltr'>μηδαμόθεν</span> <span class='ocrx_word' id='word_1_571' title='bbox 3527 3881 3728 3974; x_wconf 66' lang='grc' dir='ltr'>πεπεῖ-</span> 
     </span>
    </p>
   </div>
   <div class='ocr_carea' id='block_1_82' title="bbox 2147 3969 3730 4070">
    <p class='ocr_par' dir='ltr' id='par_1_82' title="bbox 2147 3969 3730 4070">
     <span class='ocr_line' id='line_1_82' title="bbox 2147 3969 3730 4070; baseline -0.021 -20"><span class='ocrx_word' id='word_1_572' title='bbox 2147 3969 2270 4050; x_wconf 82' lang='grc' dir='ltr'>σθαι</span> <span class='ocrx_word' id='word_1_573' title='bbox 2315 3993 2498 4060; x_wconf 81' lang='grc' dir='ltr'>σαφῶς</span> <span class='ocrx_word' id='word_1_574' title='bbox 2525 3986 2748 4044; x_wconf 75' lang='grc' dir='ltr'>ἄλλοθεν</span> <span class='ocrx_word' id='word_1_575' title='bbox 2777 3969 3114 4056; x_wconf 70' lang='grc' dir='ltr'>τηλικαύτης</span> <span class='ocrx_word' id='word_1_576' title='bbox 3145 3973 3348 4070; x_wconf 44' lang='grc' dir='ltr'>οἶόνῌτε</span> <span class='ocrx_word' id='word_1_577' title='bbox 3401 3969 3544 4070; x_wconf 78' lang='grc' dir='ltr'>εἶναι</span> <span class='ocrx_word' id='word_1_578' title='bbox 3571 3970 3730 4070; x_wconf 52' lang='lat' dir='ltr'><strong>Eoi]-</strong></span> 
     </span>
    </p>
   </div>
   <div class='ocr_carea' id='block_1_83' title="bbox 2147 4059 3733 4164">
    <p class='ocr_par' dir='ltr' id='par_1_83' title="bbox 2147 4059 3733 4164">
     <span class='ocr_line' id='line_1_83' title="bbox 2147 4059 3733 4164; baseline -0.021 -23"><span class='ocrx_word' id='word_1_579' title='bbox 2147 4087 2294 4149; x_wconf 88' lang='grc' dir='ltr'>θείας</span> <span class='ocrx_word' id='word_1_580' title='bbox 2329 4059 2518 4137; x_wconf 80' lang='grc' dir='ltr'>τοῦτον</span> <span class='ocrx_word' id='word_1_581' title='bbox 2565 4079 2778 4150; x_wconf 80' lang='grc' dir='ltr'>τυχεῖν,</span> <span class='ocrx_word' id='word_1_582' title='bbox 2822 4071 3124 4128; x_wconf 81' lang='grc' dir='ltr'>ἐπιστέλλει</span> <span class='ocrx_word' id='word_1_583' title='bbox 3153 4067 3231 4136; x_wconf 84' lang='grc' dir='ltr'><strong>τῷ</strong></span> <span class='ocrx_word' id='word_1_584' title='bbox 3255 4063 3526 4164; x_wconf 41' lang='grc' dir='ltr'>Συμεῶν,</span> <span class='ocrx_word' id='word_1_585' title='bbox 3555 4059 3733 4164; x_wconf 64' lang='grc' dir='ltr'>ἀξιῶν</span> 
     </span>
    </p>
   </div>
   <div class='ocr_carea' id='block_1_84' title="bbox 2147 4150 3734 4258">
    <p class='ocr_par' dir='ltr' id='par_1_84' title="bbox 2147 4150 3734 4258">
     <span class='ocr_line' id='line_1_84' title="bbox 2147 4150 3734 4258; baseline -0.018 -26"><span class='ocrx_word' id='word_1_586' title='bbox 2147 4178 2407 4249; x_wconf 83' lang='grc' dir='ltr'>δεηθῆναι</span> <span class='ocrx_word' id='word_1_587' title='bbox 2447 4175 2610 4228; x_wconf 88' lang='grc' dir='ltr'>πάλιν</span> <span class='ocrx_word' id='word_1_588' title='bbox 2643 4171 2850 4225; x_wconf 86' lang='grc' dir='ltr'>ἐκεῖνον</span> <span class='ocrx_word' id='word_1_589' title='bbox 2891 4163 3048 4226; x_wconf 84' lang='grc' dir='ltr'>Θεοῦ,</span> <span class='ocrx_word' id='word_1_590' title='bbox 3073 4159 3334 4258; x_wconf 60' lang='grc' dir='ltr'>ἀνεθῆναι</span> <span class='ocrx_word' id='word_1_591' title='bbox 3372 4156 3462 4258; x_wconf 52' lang='lat' dir='ltr'><strong>eb-v</strong></span> <span class='ocrx_word' id='word_1_592' title='bbox 3499 4150 3734 4258; x_wconf 67' lang='grc' dir='ltr'>βασιλέα</span> 
     </span>
    </p>
   </div>
   <div class='ocr_carea' id='block_1_85' title="bbox 2147 4246 3734 4348">
    <p class='ocr_par' dir='ltr' id='par_1_85' title="bbox 2147 4246 3734 4348">
     <span class='ocr_line' id='line_1_85' title="bbox 2147 4246 3734 4348; baseline -0.022 -21"><span class='ocrx_word' id='word_1_593' title='bbox 2147 4246 2248 4341; x_wconf 80' lang='grc' dir='ltr'><strong>τῆς</strong></span> <span class='ocrx_word' id='word_1_594' title='bbox 2299 4246 2479 4323; x_wconf 82' lang='grc' dir='ltr'>νόσου.</span> <span class='ocrx_word' id='word_1_595' title='bbox 2534 4267 2590 4320; x_wconf 92' lang='grc' dir='ltr'>Ὁ</span> <span class='ocrx_word' id='word_1_596' title='bbox 2621 4265 2678 4318; x_wconf 86' lang='grc' dir='ltr'><strong>δέ</strong></span> <span class='ocrx_word' id='word_1_597' title='bbox 2730 4278 2854 4315; x_wconf 89' lang='grc' dir='ltr'>τινα</span> <span class='ocrx_word' id='word_1_598' title='bbox 2901 4257 2969 4310; x_wconf 84' lang='grc' dir='ltr'>τὰ</span> <span class='ocrx_word' id='word_1_599' title='bbox 3020 4250 3347 4348; x_wconf 51' lang='grc' dir='ltr'>περὶ-αὑτὸν</span> <span class='ocrx_word' id='word_1_600' title='bbox 3397 4246 3592 4348; x_wconf 68' lang='grc' dir='ltr'>ὥσπερ</span> <span class='ocrx_word' id='word_1_601' title='bbox 3627 4246 3734 4348; x_wconf 47' lang='grc' dir='ltr'><strong>οῦκ</strong></span> 
     </span>
    </p>
   </div>
   <div class='ocr_carea' id='block_1_86' title="bbox 2148 4333 3734 4428">
    <p class='ocr_par' dir='ltr' id='par_1_86' title="bbox 2148 4333 3734 4428">
     <span class='ocr_line' id='line_1_86' title="bbox 2148 4333 3734 4428; baseline -0.02 -14"><span class='ocrx_word' id='word_1_602' title='bbox 2148 4333 2380 4428; x_wconf 78' lang='grc' dir='ltr'>ἀγνοῶν,</span> <span class='ocrx_word' id='word_1_603' title='bbox 2411 4351 2837 4410; x_wconf 84' lang='grc' dir='ltr'>ἀντεπιστέλλει,</span> <span class='ocrx_word' id='word_1_604' title='bbox 2880 4345 3001 4418; x_wconf 84' lang='grc' dir='ltr'>μηδ’</span> <span class='ocrx_word' id='word_1_605' title='bbox 3027 4341 3201 4396; x_wconf 78' lang='grc' dir='ltr'>ὁτιοῦν</span> <span class='ocrx_word' id='word_1_606' title='bbox 3231 4338 3392 4392; x_wconf 72' lang='grc' dir='ltr'>αὐτὸν</span> <span class='ocrx_word' id='word_1_607' title='bbox 3421 4333 3734 4428; x_wconf 66' lang='grc' dir='ltr'>προσέσθαι</span> 
     </span>
    </p>
   </div>
   <div class='ocr_carea' id='block_1_87' title="bbox 467 4424 2041 4525">
    <p class='ocr_par' dir='ltr' id='par_1_87' title="bbox 467 4449 2041 4525">
     <span class='ocr_line' id='line_1_87' title="bbox 467 4449 2041 4525; baseline 0.008 -25"><span class='ocrx_word' id='word_1_608' title='bbox 467 4457 786 4518; x_wconf 79' lang='lat' dir='ltr'><strong>resurgeret</strong></span> <span class='ocrx_word' id='word_1_609' title='bbox 820 4449 1146 4520; x_wconf 89' lang='lat' dir='ltr'><strong>imperator.</strong></span> <span class='ocrx_word' id='word_1_610' title='bbox 1173 4452 1412 4524; x_wconf 81' lang='lat' dir='ltr'><strong>Symeon</strong></span> <span class='ocrx_word' id='word_1_611' title='bbox 1436 4469 1592 4520; x_wconf 89' lang='lat' dir='ltr'><strong>vero,</strong></span> <span class='ocrx_word' id='word_1_612' title='bbox 1629 4471 1742 4525; x_wconf 90' lang='lat' dir='ltr'><strong>quo</strong></span> <span class='ocrx_word' id='word_1_613' title='bbox 1781 4464 1924 4511; x_wconf 90' lang='lat' dir='ltr'><strong>statu</strong></span> <span class='ocrx_word' id='word_1_614' title='bbox 1955 4473 2041 4513; x_wconf 84' lang='lat' dir='ltr'><strong>res</strong></span> 
     </span>
    </p>
   </div>
   <div class='ocr_carea' id='block_1_88' title="bbox 2147 4424 3734 4525">
    <p class='ocr_par' dir='ltr' id='par_1_88' title="bbox 2147 4424 3734 4525">
     <span class='ocr_line' id='line_1_88' title="bbox 2147 4424 3734 4525; baseline -0.022 -17"><span class='ocrx_word' id='word_1_615' title='bbox 2147 4424 2255 4508; x_wconf 88' lang='grc' dir='ltr'><strong>τῶν</strong></span> <span class='ocrx_word' id='word_1_616' title='bbox 2313 4446 2780 4522; x_wconf 83' lang='grc' dir='ltr'>ἀπηγορευμένων</span> <span class='ocrx_word' id='word_1_617' title='bbox 2824 4438 2965 4508; x_wconf 79' lang='grc' dir='ltr'>Θεῷ,</span> <span class='ocrx_word' id='word_1_618' title='bbox 2999 4435 3094 4490; x_wconf 76' lang='grc' dir='ltr'>καὶ</span> <span class='ocrx_word' id='word_1_619' title='bbox 3137 4433 3360 4525; x_wconf 56' lang='grc' dir='ltr'>ταχεῖαν</span> <span class='ocrx_word' id='word_1_620' title='bbox 3595 4424 3734 4525; x_wconf 64' lang='grc' dir='ltr'><strong>Δτὴν</strong></span> 
     </span>
    </p>
   </div>
   <div class='ocr_carea' id='block_1_89' title="bbox 469 4541 2042 4618">
    <p class='ocr_par' dir='ltr' id='par_1_89' title="bbox 469 4541 2042 4618">
     <span class='ocr_line' id='line_1_89' title="bbox 469 4541 2042 4618; baseline 0.005 -24"><span class='ocrx_word' id='word_1_621' title='bbox 469 4541 618 4597; x_wconf 85' lang='lat' dir='ltr'><strong>illius</strong></span> <span class='ocrx_word' id='word_1_622' title='bbox 641 4549 828 4598; x_wconf 88' lang='lat' dir='ltr'><strong>essent</strong></span> <span class='ocrx_word' id='word_1_623' title='bbox 851 4559 961 4597; x_wconf 86' lang='lat' dir='ltr'><strong>non</strong></span> <span class='ocrx_word' id='word_1_624' title='bbox 985 4545 1267 4615; x_wconf 76' lang='lat' dir='ltr'><strong>ignorans,</strong></span> <span class='ocrx_word' id='word_1_625' title='bbox 1310 4547 1621 4602; x_wconf 87' lang='lat' dir='ltr'><strong>renuntiari</strong></span> <span class='ocrx_word' id='word_1_626' title='bbox 1667 4547 1846 4618; x_wconf 87' lang='lat' dir='ltr'><strong>jubet,</strong></span> <span class='ocrx_word' id='word_1_627' title='bbox 1905 4549 2042 4603; x_wconf 91' lang='lat' dir='ltr'><strong>nihil</strong></span> 
     </span>
    </p>
   </div>
   <div class='ocr_carea' id='block_1_90' title="bbox 466 4631 2044 4709">
    <p class='ocr_par' dir='ltr' id='par_1_90' title="bbox 466 4631 2044 4709">
     <span class='ocr_line' id='line_1_90' title="bbox 466 4631 2044 4709; baseline 0.006 -23"><span class='ocrx_word' id='word_1_628' title='bbox 466 4631 772 4702; x_wconf 86' lang='lat' dir='ltr'><strong>quidquam</strong></span> <span class='ocrx_word' id='word_1_629' title='bbox 797 4643 857 4688; x_wconf 92' lang='lat' dir='ltr'><strong>ut</strong></span> <span class='ocrx_word' id='word_1_630' title='bbox 877 4635 1131 4692; x_wconf 82' lang='lat' dir='ltr'><strong>admittat</strong></span> <span class='ocrx_word' id='word_1_631' title='bbox 1155 4639 1462 4696; x_wconf 86' lang='lat' dir='ltr'><strong>curationis</strong></span> <span class='ocrx_word' id='word_1_632' title='bbox 1483 4639 1552 4694; x_wconf 89' lang='lat' dir='ltr'><strong>ab</strong></span> <span class='ocrx_word' id='word_1_633' title='bbox 1579 4639 1708 4704; x_wconf 90' lang='lat' dir='ltr'><strong>illis,</strong></span> <span class='ocrx_word' id='word_1_634' title='bbox 1737 4640 1832 4709; x_wconf 91' lang='lat' dir='ltr'><strong>qui</strong></span> <span class='ocrx_word' id='word_1_635' title='bbox 1871 4641 2044 4695; x_wconf 88' lang='lat' dir='ltr'><strong>Deum</strong></span> 
     </span>
    </p>
   </div>
   <div class='ocr_carea' id='block_1_91' title="bbox 469 4729 2048 4798">
    <p class='ocr_par' dir='ltr' id='par_1_91' title="bbox 469 4729 2048 4798">
     <span class='ocr_line' id='line_1_91' title="bbox 469 4729 2048 4798; baseline 0.006 -20"><span class='ocrx_word' id='word_1_636' title='bbox 469 4735 762 4796; x_wconf 79' lang='lat' dir='ltr'><strong>negarunt,</strong></span> <span class='ocrx_word' id='word_1_637' title='bbox 803 4735 1118 4798; x_wconf 81' lang='lat' dir='ltr'><strong>etproperc</strong></span> <span class='ocrx_word' id='word_1_638' title='bbox 1149 4729 1516 4790; x_wconf 88' lang='lat' dir='ltr'><strong>adventuram</strong></span> <span class='ocrx_word' id='word_1_639' title='bbox 1567 4731 1885 4794; x_wconf 82' lang='lat' dir='ltr'><strong>sanitatem.</strong></span> <span class='ocrx_word' id='word_1_640' title='bbox 1938 4732 2048 4786; x_wconf 87' lang='lat' dir='ltr'><strong>lm-</strong></span> 
     </span>
    </p>
   </div>
   <div class='ocr_carea' id='block_1_92' title="bbox 471 4821 2044 4892">
    <p class='ocr_par' dir='ltr' id='par_1_92' title="bbox 471 4821 2044 4892">
     <span class='ocr_line' id='line_1_92' title="bbox 471 4821 2044 4892; baseline 0.004 -20"><span class='ocrx_word' id='word_1_641' title='bbox 471 4827 694 4885; x_wconf 81' lang='lat' dir='ltr'><strong>perator</strong></span> <span class='ocrx_word' id='word_1_642' title='bbox 725 4821 902 4874; x_wconf 89' lang='lat' dir='ltr'><strong>sancti</strong></span> <span class='ocrx_word' id='word_1_643' title='bbox 931 4831 1204 4891; x_wconf 75' lang='lat' dir='ltr'><strong>prmeepta</strong></span> <span class='ocrx_word' id='word_1_644' title='bbox 1241 4839 1438 4892; x_wconf 85' lang='lat' dir='ltr'><strong>parum</strong></span> <span class='ocrx_word' id='word_1_645' title='bbox 1471 4823 1662 4878; x_wconf 82' lang='lat' dir='ltr'><strong>sedulo</strong></span> <span class='ocrx_word' id='word_1_646' title='bbox 1721 4825 2044 4890; x_wconf 87' lang='lat' dir='ltr'><strong>observans,</strong></span> 
     </span>
    </p>
   </div>
   <div class='ocr_carea' id='block_1_93' title="bbox 469 4912 2044 4980">
    <p class='ocr_par' dir='ltr' id='par_1_93' title="bbox 469 4912 2044 4980">
     <span class='ocr_line' id='line_1_93' title="bbox 469 4912 2044 4980; baseline 0.005 -18"><span class='ocrx_word' id='word_1_647' title='bbox 469 4924 595 4964; x_wconf 85' lang='lat' dir='ltr'><strong>cum</strong></span> <span class='ocrx_word' id='word_1_648' title='bbox 662 4927 720 4966; x_wconf 83' lang='lat' dir='ltr'><strong>se</strong></span> <span class='ocrx_word' id='word_1_649' title='bbox 783 4912 1099 4968; x_wconf 81' lang='lat' dir='ltr'><strong>tradidisset</strong></span> <span class='ocrx_word' id='word_1_650' title='bbox 1152 4914 1394 4978; x_wconf 87' lang='lat' dir='ltr'><strong>cuidam,</strong></span> <span class='ocrx_word' id='word_1_651' title='bbox 1452 4915 1744 4970; x_wconf 86' lang='lat' dir='ltr'><strong>Timotheo</strong></span> <span class='ocrx_word' id='word_1_652' title='bbox 1801 4917 2044 4980; x_wconf 90' lang='lat' dir='ltr'><strong>nomine,</strong></span> 
     </span>
    </p>
   </div>
   <div class='ocr_carea' id='block_1_94' title="bbox 473 5000 2047 5073">
    <p class='ocr_par' dir='ltr' id='par_1_94' title="bbox 473 5000 2047 5073">
     <span class='ocr_line' id='line_1_94' title="bbox 473 5000 2047 5073; baseline 0.005 -21"><span class='ocrx_word' id='word_1_653' title='bbox 473 5000 745 5070; x_wconf 83' lang='lat' dir='ltr'><strong>religione</strong></span> <span class='ocrx_word' id='word_1_654' title='bbox 783 5002 1044 5068; x_wconf 65' lang='lat' dir='ltr'><strong>llcbrmo,</strong></span> <span class='ocrx_word' id='word_1_655' title='bbox 1091 5003 1188 5073; x_wconf 90' lang='lat' dir='ltr'><strong>qui</strong></span> <span class='ocrx_word' id='word_1_656' title='bbox 1239 5004 1294 5057; x_wconf 89' lang='lat' dir='ltr'><strong>in</strong></span> <span class='ocrx_word' id='word_1_657' title='bbox 1346 5003 1506 5058; x_wconf 88' lang='lat' dir='ltr'><strong>libris</strong></span> <span class='ocrx_word' id='word_1_658' title='bbox 1549 5004 1774 5073; x_wconf 89' lang='lat' dir='ltr'><strong>quidem</strong></span> <span class='ocrx_word' id='word_1_659' title='bbox 1819 5019 1884 5058; x_wconf 89' lang='lat' dir='ltr'><strong>ac</strong></span> <span class='ocrx_word' id='word_1_660' title='bbox 1929 5013 2047 5060; x_wconf 83' lang='lat' dir='ltr'><strong>arte</strong></span> 
     </span>
    </p>
   </div>
   <div class='ocr_carea' id='block_1_95' title="bbox 471 5093 2048 5160">
    <p class='ocr_par' dir='ltr' id='par_1_95' title="bbox 471 5093 2048 5160">
     <span class='ocr_line' id='line_1_95' title="bbox 471 5093 2048 5160; baseline 0.001 -13"><span class='ocrx_word' id='word_1_661' title='bbox 471 5093 684 5148; x_wconf 85' lang='lat' dir='ltr'><strong>medica</strong></span> <span class='ocrx_word' id='word_1_662' title='bbox 727 5095 1021 5150; x_wconf 83' lang='lat' dir='ltr'><strong>videbatur</strong></span> <span class='ocrx_word' id='word_1_663' title='bbox 1057 5107 1330 5160; x_wconf 85' lang='lat' dir='ltr'><strong>versatus,</strong></span> <span class='ocrx_word' id='word_1_664' title='bbox 1385 5113 1606 5160; x_wconf 83' lang='lat' dir='ltr'><strong>revera</strong></span> <span class='ocrx_word' id='word_1_665' title='bbox 1660 5105 1844 5152; x_wconf 89' lang='lat' dir='ltr'><strong>autem</strong></span> <span class='ocrx_word' id='word_1_666' title='bbox 1893 5097 2048 5156; x_wconf 88' lang='lat' dir='ltr'><strong>addi-</strong></span> 
     </span>
    </p>
   </div>
   <div class='ocr_carea' id='block_1_96' title="bbox 469 5183 2048 5260">
    <p class='ocr_par' dir='ltr' id='par_1_96' title="bbox 469 5183 2048 5260">
     <span class='ocr_line' id='line_1_96' title="bbox 469 5183 2048 5260; baseline 0.001 -19"><span class='ocrx_word' id='word_1_667' title='bbox 469 5183 752 5241; x_wconf 90' lang='lat' dir='ltr'><strong>ctissimus</strong></span> <span class='ocrx_word' id='word_1_668' title='bbox 774 5195 892 5242; x_wconf 88' lang='lat' dir='ltr'><strong>erat</strong></span> <span class='ocrx_word' id='word_1_669' title='bbox 917 5186 1391 5248; x_wconf 79' lang='lat' dir='ltr'><strong>incantationibus</strong></span> <span class='ocrx_word' id='word_1_670' title='bbox 1439 5185 1550 5260; x_wconf 88' lang='lat' dir='ltr'><strong>(his</strong></span> <span class='ocrx_word' id='word_1_671' title='bbox 1605 5187 1753 5242; x_wconf 90' lang='lat' dir='ltr'><strong>enim</strong></span> <span class='ocrx_word' id='word_1_672' title='bbox 1791 5187 2048 5244; x_wconf 89' lang='lat' dir='ltr'><strong>studebat</strong></span> 
     </span>
    </p>
   </div>
   <div class='ocr_carea' id='block_1_97' title="bbox 467 5323 2047 5394">
    <p class='ocr_par' dir='ltr' id='par_1_97' title="bbox 467 5323 2047 5394">
     <span class='ocr_line' id='line_1_97' title="bbox 467 5323 2047 5394; baseline -0.003 -12"><span class='ocrx_word' id='word_1_673' title='bbox 467 5335 472 5340; x_wconf 88' lang='lat'><strong><em>&#39;</em></strong></span> <span class='ocrx_word' id='word_1_674' title='bbox 545 5327 656 5394; x_wconf 62' lang='grc'>(46)</span> <span class='ocrx_word' id='word_1_675' title='bbox 701 5323 998 5379; x_wconf 79' lang='lat' dir='ltr'><strong>Bellissime</strong></span> <span class='ocrx_word' id='word_1_676' title='bbox 1049 5327 1158 5380; x_wconf 63' lang='lat' dir='ltr'><strong>hac</strong></span> <span class='ocrx_word' id='word_1_677' title='bbox 1198 5324 1516 5380; x_wconf 75' lang='lat' dir='ltr'><strong>concordant</strong></span> <span class='ocrx_word' id='word_1_678' title='bbox 1551 5343 1670 5379; x_wconf 85' lang='lat' dir='ltr'><strong>cum</strong></span> <span class='ocrx_word' id='word_1_679' title='bbox 1719 5325 2047 5394; x_wconf 61' lang='lat' dir='ltr'><strong>Neap/iane,</strong></span> 
     </span>
    </p>
   </div>
   <div class='ocr_carea' id='block_1_98' title="bbox 472 5389 2052 5468">
    <p class='ocr_par' dir='ltr' id='par_1_98' title="bbox 472 5389 2052 5468">
     <span class='ocr_line' id='line_1_98' title="bbox 472 5389 2052 5468; baseline -0.001 -17"><span class='ocrx_word' id='word_1_680' title='bbox 472 5389 782 5468; x_wconf 46' lang='lat' dir='ltr'><strong>ad&#39;annum</strong></span> <span class='ocrx_word' id='word_1_681' title='bbox 839 5397 962 5454; x_wconf 75' lang='lat'><strong>565.</strong></span> <span class='ocrx_word' id='word_1_682' title='bbox 1005 5398 1080 5451; x_wconf 77' lang='lat' dir='ltr'><strong>sic</strong></span> <span class='ocrx_word' id='word_1_683' title='bbox 1135 5395 1411 5468; x_wconf 60' lang='lat' dir='ltr'><strong>loquente:</strong></span> <span class='ocrx_word' id='word_1_684' title='bbox 1472 5395 1586 5468; x_wconf 59' lang='lat' dir='ltr'><strong>[ioc</strong></span> <span class='ocrx_word' id='word_1_685' title='bbox 1632 5411 1799 5468; x_wconf 80' lang='lat' dir='ltr'><strong>anno,</strong></span> <span class='ocrx_word' id='word_1_686' title='bbox 1845 5389 2052 5468; x_wconf 79' lang='lat' dir='ltr'><strong>mensis</strong></span> 
     </span>
    </p>
   </div>
   <div class='ocr_carea' id='block_1_99' title="bbox 473 5465 2048 5536">
    <p class='ocr_par' dir='ltr' id='par_1_99' title="bbox 473 5465 2048 5536">
     <span class='ocr_line' id='line_1_99' title="bbox 473 5465 2048 5536; baseline -0.001 -15"><span class='ocrx_word' id='word_1_687' title='bbox 473 5468 678 5536; x_wconf 78' lang='lat' dir='ltr'><strong>Aprilis</strong></span> <span class='ocrx_word' id='word_1_688' title='bbox 729 5467 1080 5534; x_wconf 78' lang='lat' dir='ltr'><strong>duodecinm,</strong></span> <span class='ocrx_word' id='word_1_689' title='bbox 1127 5465 1440 5536; x_wconf 77' lang='lat' dir='ltr'><strong>patriarcha</strong></span> <span class='ocrx_word' id='word_1_690' title='bbox 1485 5465 2048 5533; x_wconf 77' lang='lat' dir='ltr'><strong>Constantinopolita-</strong></span> 
     </span>
    </p>
   </div>
   <div class='ocr_carea' id='block_1_100' title="bbox 473 5537 2050 5609">
    <p class='ocr_par' dir='ltr' id='par_1_100' title="bbox 473 5537 2050 5609">
     <span class='ocr_line' id='line_1_100' title="bbox 473 5537 2050 5609; baseline -0.003 -17"><span class='ocrx_word' id='word_1_691' title='bbox 473 5553 579 5609; x_wconf 79' lang='lat' dir='ltr'><strong>uus</strong></span> <span class='ocrx_word' id='word_1_692' title='bbox 619 5537 924 5609; x_wconf 78' lang='lat' dir='ltr'><strong>Eutychius</strong></span> <span class='ocrx_word' id='word_1_693' title='bbox 951 5555 980 5592; x_wconf 92' lang='lat' dir='ltr'><strong>a</strong></span> <span class='ocrx_word' id='word_1_694' title='bbox 1014 5539 1324 5593; x_wconf 88' lang='lat' dir='ltr'><strong>Justiniano</strong></span> <span class='ocrx_word' id='word_1_695' title='bbox 1349 5537 1613 5607; x_wconf 83' lang='lat' dir='ltr'><strong>dignitate</strong></span> <span class='ocrx_word' id='word_1_696' title='bbox 1645 5545 1826 5609; x_wconf 81' lang='lat' dir='ltr'><strong>motus</strong></span> <span class='ocrx_word' id='word_1_697' title='bbox 1858 5545 1942 5609; x_wconf 75' lang='lat' dir='ltr'><strong>est</strong></span> <span class='ocrx_word' id='word_1_698' title='bbox 1993 5543 2050 5589; x_wconf 90' lang='lat' dir='ltr'><strong>et</strong></span> 
     </span>
    </p>
   </div>
   <div class='ocr_carea' id='block_1_101' title="bbox 472 5607 2045 5674">
    <p class='ocr_par' dir='ltr' id='par_1_101' title="bbox 472 5607 2045 5674">
     <span class='ocr_line' id='line_1_101' title="bbox 472 5607 2045 5674; baseline -0.002 -12"><span class='ocrx_word' id='word_1_699' title='bbox 472 5607 758 5662; x_wconf 76' lang='lat' dir='ltr'><strong>Amaseam</strong></span> <span class='ocrx_word' id='word_1_700' title='bbox 807 5609 1101 5674; x_wconf 54' lang='lat' dir='ltr'><strong>relegantis.</strong></span> <span class='ocrx_word' id='word_1_701' title='bbox 1147 5609 1388 5663; x_wconf 69' lang='lat' dir='ltr'><strong>Joannes</strong></span> <span class='ocrx_word' id='word_1_702' title='bbox 1429 5623 1559 5662; x_wconf 85' lang='lat' dir='ltr'><strong>vero</strong></span> <span class='ocrx_word' id='word_1_703' title='bbox 1592 5607 2045 5666; x_wconf 73' lang='lat' dir='ltr'><strong>esscholasticus.</strong></span> 
     </span>
    </p>
   </div>
   <div class='ocr_carea' id='block_1_102' title="bbox 475 5677 2046 5748">
    <p class='ocr_par' dir='ltr' id='par_1_102' title="bbox 475 5677 2046 5748">
     <span class='ocr_line' id='line_1_102' title="bbox 475 5677 2046 5748; baseline -0.005 -14"><span class='ocrx_word' id='word_1_704' title='bbox 475 5692 684 5746; x_wconf 73' lang='lat' dir='ltr'><strong>magna:</strong></span> <span class='ocrx_word' id='word_1_705' title='bbox 728 5678 1030 5748; x_wconf 69' lang='lat' dir='ltr'><strong>Antiochiae</strong></span> <span class='ocrx_word' id='word_1_706' title='bbox 1059 5679 1409 5748; x_wconf 81' lang='lat' dir='ltr'><strong>responsalis,</strong></span> <span class='ocrx_word' id='word_1_707' title='bbox 1453 5679 1508 5731; x_wconf 91' lang='lat' dir='ltr'><strong>in</strong></span> <span class='ocrx_word' id='word_1_708' title='bbox 1555 5679 1680 5746; x_wconf 85' lang='lat' dir='ltr'><strong>ejus</strong></span> <span class='ocrx_word' id='word_1_709' title='bbox 1706 5678 1892 5731; x_wconf 72' lang='lat' dir='ltr'><strong>lorum-</strong></span> <span class='ocrx_word' id='word_1_710' title='bbox 1921 5677 2046 5730; x_wconf 66' lang='lat' dir='ltr'><strong>sul)—</strong></span> 
     </span>
    </p>
   </div>
   <div class='ocr_carea' id='block_1_103' title="bbox 1799 5755 2046 5802">
    <p class='ocr_par' dir='ltr' id='par_1_103' title="bbox 1799 5755 2046 5802">
     <span class='ocr_line' id='line_1_103' title="bbox 1799 5755 2046 5802; baseline 0 -2"><span class='ocrx_word' id='word_1_711' title='bbox 1799 5755 2046 5802; x_wconf 83' lang='lat' dir='ltr'><strong>mortuus</strong></span> 
     </span>
    </p>
   </div>
   <div class='ocr_carea' id='block_1_104' title="bbox 477 5747 1714 5818">
    <p class='ocr_par' dir='ltr' id='par_1_104' title="bbox 477 5747 1714 5818">
     <span class='ocr_line' id='line_1_104' title="bbox 477 5747 1714 5818; baseline 0.001 -19"><span class='ocrx_word' id='word_1_712' title='bbox 477 5757 719 5818; x_wconf 74' lang='lat' dir='ltr'><strong>rogatus.</strong></span> <span class='ocrx_word' id='word_1_713' title='bbox 783 5747 988 5803; x_wconf 83' lang='lat' dir='ltr'><strong>Eodem</strong></span> <span class='ocrx_word' id='word_1_714' title='bbox 1041 5747 1184 5802; x_wconf 82' lang='lat' dir='ltr'><strong>anno</strong></span> <span class='ocrx_word' id='word_1_715' title='bbox 1230 5749 1714 5804; x_wconf 69' lang='lat' dir='ltr'><strong>.luslinianus......</strong></span> 
     </span>
    </p>
   </div>
   <div class='ocr_carea' id='block_1_105' title="bbox 2154 4515 3736 4612">
    <p class='ocr_par' dir='ltr' id='par_1_105' title="bbox 2154 4515 3736 4612">
     <span class='ocr_line' id='line_1_105' title="bbox 2154 4515 3736 4612; baseline -0.02 -14"><span class='ocrx_word' id='word_1_716' title='bbox 2154 4545 2298 4598; x_wconf 72' lang='grc' dir='ltr'>ἴασιν</span> <span class='ocrx_word' id='word_1_717' title='bbox 2343 4515 2516 4612; x_wconf 66' lang='grc' dir='ltr'>ἥξειν.</span> <span class='ocrx_word' id='word_1_718' title='bbox 2539 4515 2646 4590; x_wconf 85' lang='grc' dir='ltr'>Τοῦ</span> <span class='ocrx_word' id='word_1_719' title='bbox 2689 4533 2746 4586; x_wconf 84' lang='grc' dir='ltr'>δὲ</span> <span class='ocrx_word' id='word_1_720' title='bbox 2771 4531 2878 4585; x_wconf 86' lang='grc' dir='ltr'><strong>τῶν</strong></span> <span class='ocrx_word' id='word_1_721' title='bbox 2910 4527 3120 4582; x_wconf 83' lang='grc' dir='ltr'>ἐκείνου</span> <span class='ocrx_word' id='word_1_722' title='bbox 3148 4519 3378 4577; x_wconf 77' lang='grc' dir='ltr'>ἐντολῶν</span> <span class='ocrx_word' id='word_1_723' title='bbox 3424 4517 3546 4612; x_wconf 66' lang='grc' dir='ltr'><strong>οῦδέ</strong></span> <span class='ocrx_word' id='word_1_724' title='bbox 3595 4515 3736 4612; x_wconf 53' lang='lat' dir='ltr'><strong>ppu..-</strong></span> 
     </span>
    </p>
   </div>
   <div class='ocr_carea' id='block_1_106' title="bbox 2151 4610 3732 4707">
    <p class='ocr_par' dir='ltr' id='par_1_106' title="bbox 2151 4610 3732 4707">
     <span class='ocr_line' id='line_1_106' title="bbox 2151 4610 3732 4707; baseline -0.02 -18"><span class='ocrx_word' id='word_1_725' title='bbox 2151 4637 2217 4707; x_wconf 78' lang='grc' dir='ltr'>χὺ</span> <span class='ocrx_word' id='word_1_726' title='bbox 2277 4610 2684 4704; x_wconf 79' lang='grc' dir='ltr'>φροντίσαντος,</span> <span class='ocrx_word' id='word_1_727' title='bbox 2727 4623 2866 4678; x_wconf 85' lang='grc' dir='ltr'>ἀλλά</span> <span class='ocrx_word' id='word_1_728' title='bbox 2915 4637 3023 4673; x_wconf 88' lang='grc' dir='ltr'>τινι</span> <span class='ocrx_word' id='word_1_729' title='bbox 3081 4615 3275 4707; x_wconf 67' lang='grc' dir='ltr'>ἑαυτὸν</span> <span class='ocrx_word' id='word_1_730' title='bbox 3321 4610 3732 4707; x_wconf 70' lang='grc' dir='ltr'>ἐκδεδωκότος,</span> 
     </span>
    </p>
   </div>
   <div class='ocr_carea' id='block_1_107' title="bbox 2153 4699 3734 4796">
    <p class='ocr_par' dir='ltr' id='par_1_107' title="bbox 2153 4699 3734 4796">
     <span class='ocr_line' id='line_1_107' title="bbox 2153 4699 3734 4796; baseline -0.021 -15"><span class='ocrx_word' id='word_1_731' title='bbox 2153 4699 2402 4796; x_wconf 15' lang='grc' dir='ltr'>ἱ¹ιμοήθῡέῳ</span> <span class='ocrx_word' id='word_1_732' title='bbox 2441 4722 2538 4794; x_wconf 81' lang='grc' dir='ltr'>μὲν</span> <span class='ocrx_word' id='word_1_733' title='bbox 2564 4720 2664 4790; x_wconf 84' lang='grc' dir='ltr'>τὴν</span> <span class='ocrx_word' id='word_1_734' title='bbox 2693 4711 3090 4786; x_wconf 81' lang='grc' dir='ltr'>κλῆσιν,Ἑ6ρα</span> <span class='ocrx_word' id='word_1_735' title='bbox 3103 4709 3165 4778; x_wconf 85' lang='grc' dir='ltr'>ίῳ</span> <span class='ocrx_word' id='word_1_736' title='bbox 3192 4706 3247 4759; x_wconf 88' lang='grc' dir='ltr'>δὲ</span> <span class='ocrx_word' id='word_1_737' title='bbox 3285 4704 3389 4796; x_wconf 65' lang='grc' dir='ltr'>τὴν</span> <span class='ocrx_word' id='word_1_738' title='bbox 3407 4699 3734 4796; x_wconf 71' lang='grc' dir='ltr'>θρησκείαν,</span> 
     </span>
    </p>
   </div>
   <div class='ocr_carea' id='block_1_108' title="bbox 2152 4789 3728 4887">
    <p class='ocr_par' dir='ltr' id='par_1_108' title="bbox 2152 4789 3728 4887">
     <span class='ocr_line' id='line_1_108' title="bbox 2152 4789 3728 4887; baseline -0.02 -15"><span class='ocrx_word' id='word_1_739' title='bbox 2152 4789 2304 4887; x_wconf 71' lang='grc' dir='ltr'>ἀνδρὶ</span> <span class='ocrx_word' id='word_1_740' title='bbox 2330 4789 2408 4886; x_wconf 76' lang='grc' dir='ltr'><strong>τῶ</strong></span> <span class='ocrx_word' id='word_1_741' title='bbox 2442 4789 2546 4884; x_wconf 75' lang='grc' dir='ltr'>μὲν</span> <span class='ocrx_word' id='word_1_742' title='bbox 2579 4789 2756 4864; x_wconf 88' lang='grc' dir='ltr'>δοκεῖν</span> <span class='ocrx_word' id='word_1_743' title='bbox 2789 4807 2917 4872; x_wconf 81' lang='grc' dir='ltr'>περὶ</span> <span class='ocrx_word' id='word_1_744' title='bbox 2963 4803 3179 4874; x_wconf 76' lang='grc' dir='ltr'>βίϐλους</span> <span class='ocrx_word' id='word_1_745' title='bbox 3230 4793 3430 4866; x_wconf 77' lang='grc' dir='ltr'>ἰατρῶν</span> <span class='ocrx_word' id='word_1_746' title='bbox 3497 4789 3728 4887; x_wconf 33' lang='lat' dir='ltr'><strong>ttat-2i</strong></span> 
     </span>
    </p>
   </div>
   <div class='ocr_carea' id='block_1_109' title="bbox 2153 4881 3742 4980">
    <p class='ocr_par' dir='ltr' id='par_1_109' title="bbox 2153 4881 3742 4980">
     <span class='ocr_line' id='line_1_109' title="bbox 2153 4881 3742 4980; baseline -0.02 -17"><span class='ocrx_word' id='word_1_747' title='bbox 2153 4881 2306 4980; x_wconf 75' lang='grc' dir='ltr'>χνην,</span> <span class='ocrx_word' id='word_1_748' title='bbox 2335 4881 2395 4965; x_wconf 60' lang='grc' dir='ltr'>τό</span> <span class='ocrx_word' id='word_1_749' title='bbox 2413 4881 2468 4960; x_wconf 80' lang='grc' dir='ltr'><strong>δέ</strong></span> <span class='ocrx_word' id='word_1_750' title='bbox 2496 4896 3009 4973; x_wconf 80' lang='grc' dir='ltr'>ἀ).ηθές,γοητείαις</span> <span class='ocrx_word' id='word_1_751' title='bbox 3039 4887 3397 4980; x_wconf 66' lang='grc' dir='ltr'>ἠσχολημένω</span> <span class='ocrx_word' id='word_1_752' title='bbox 3419 4882 3652 4980; x_wconf 71' lang='grc' dir='ltr'>(σπουδὴ</span> <span class='ocrx_word' id='word_1_753' title='bbox 3679 4881 3742 4980; x_wconf 55' lang='grc' dir='ltr'><strong>δέ</strong></span> 
     </span>
    </p>
   </div>
   <div class='ocr_carea' id='block_1_110' title="bbox 2151 4970 3744 5066">
    <p class='ocr_par' dir='ltr' id='par_1_110' title="bbox 2151 4970 3744 5066">
     <span class='ocr_line' id='line_1_110' title="bbox 2151 4970 3744 5066; baseline -0.021 -12"><span class='ocrx_word' id='word_1_754' title='bbox 2151 4970 2308 5054; x_wconf 64' lang='grc' dir='ltr'>τοῦτο</span> <span class='ocrx_word' id='word_1_755' title='bbox 2355 4997 2456 5066; x_wconf 84' lang='grc' dir='ltr'><strong>τῆς</strong></span> <span class='ocrx_word' id='word_1_756' title='bbox 2519 4970 2772 5048; x_wconf 77' lang='grc' dir='ltr'>συνοίκου</span> <span class='ocrx_word' id='word_1_757' title='bbox 2803 4987 3024 5058; x_wconf 83' lang='grc' dir='ltr'>Σοφίας,</span> <span class='ocrx_word' id='word_1_758' title='bbox 3055 4984 3116 5038; x_wconf 82' lang='grc' dir='ltr'>οὐ</span> <span class='ocrx_word' id='word_1_759' title='bbox 3145 4975 3432 5049; x_wconf 80' lang='grc' dir='ltr'>φιλανδρίᾳ</span> <span class='ocrx_word' id='word_1_760' title='bbox 3476 4972 3682 5042; x_wconf 81' lang='grc' dir='ltr'>μᾶλλον</span> <span class='ocrx_word' id='word_1_761' title='bbox 3705 4970 3744 5038; x_wconf 80' lang='grc' dir='ltr'>ἢ</span> 
     </span>
    </p>
   </div>
   <div class='ocr_carea' id='block_1_111' title="bbox 2156 5068 3748 5168">
    <p class='ocr_par' dir='ltr' id='par_1_111' title="bbox 2156 5068 3748 5168">
     <span class='ocr_line' id='line_1_111' title="bbox 2156 5068 3748 5168; baseline -0.021 -22"><span class='ocrx_word' id='word_1_762' title='bbox 2156 5087 2516 5163; x_wconf 75' lang='grc' dir='ltr'>μικροψυχίᾳ,</span> <span class='ocrx_word' id='word_1_763' title='bbox 2547 5085 2637 5140; x_wconf 82' lang='grc' dir='ltr'><strong>διὰ</strong></span> <span class='ocrx_word' id='word_1_764' title='bbox 2669 5080 2989 5154; x_wconf 83' lang='grc' dir='ltr'>φιλανδρίαν</span> <span class='ocrx_word' id='word_1_765' title='bbox 3018 5077 3074 5130; x_wconf 83' lang='grc' dir='ltr'><strong>δέ</strong></span> <span class='ocrx_word' id='word_1_766' title='bbox 3108 5073 3249 5168; x_wconf 84' lang='grc' dir='ltr'>τάχα</span> <span class='ocrx_word' id='word_1_767' title='bbox 3278 5068 3390 5168; x_wconf 55' lang='grc' dir='ltr'>οιαὶ</span> <span class='ocrx_word' id='word_1_768' title='bbox 3431 5068 3748 5168; x_wconf 51' lang='grc' dir='ltr'>τῇ“μικεῖοο</span> 
     </span>
    </p>
   </div>
   <div class='ocr_carea' id='block_1_112' title="bbox 2149 5157 3747 5256">
    <p class='ocr_par' dir='ltr' id='par_1_112' title="bbox 2149 5157 3747 5256">
     <span class='ocr_line' id='line_1_112' title="bbox 2149 5157 3747 5256; baseline -0.022 -17"><span class='ocrx_word' id='word_1_769' title='bbox 2149 5157 2320 5256; x_wconf 49' lang='lat' dir='ltr'><strong>ttulit;</strong></span> <span class='ocrx_word' id='word_1_770' title='bbox 2340 5157 2680 5255; x_wconf 76' lang='grc' dir='ltr'>χρωμένης),</span> <span class='ocrx_word' id='word_1_771' title='bbox 2709 5176 2812 5248; x_wconf 81' lang='grc' dir='ltr'>ὁρᾷ</span> <span class='ocrx_word' id='word_1_772' title='bbox 2856 5169 3130 5243; x_wconf 83' lang='grc' dir='ltr'>μεσούσης</span> <span class='ocrx_word' id='word_1_773' title='bbox 3183 5163 3395 5236; x_wconf 80' lang='grc' dir='ltr'>ἡμέρας</span> <span class='ocrx_word' id='word_1_774' title='bbox 3423 5161 3452 5212; x_wconf 84' lang='grc' dir='ltr'><strong>ὁ</strong></span> <span class='ocrx_word' id='word_1_775' title='bbox 3506 5157 3747 5226; x_wconf 84' lang='grc' dir='ltr'>Συμεὼν</span> 
     </span>
    </p>
   </div>
   <div class='ocr_carea' id='block_1_113' title="bbox 2158 5299 3750 5385">
    <p class='ocr_par' dir='ltr' id='par_1_113' title="bbox 2158 5299 3750 5385">
     <span class='ocr_line' id='line_1_113' title="bbox 2158 5299 3750 5385; baseline -0.017 -7"><span class='ocrx_word' id='word_1_776' title='bbox 2158 5331 2262 5385; x_wconf 88' lang='lat' dir='ltr'><strong>cst,</strong></span> <span class='ocrx_word' id='word_1_777' title='bbox 2307 5321 2397 5376; x_wconf 90' lang='lat' dir='ltr'><strong>die</strong></span> <span class='ocrx_word' id='word_1_778' title='bbox 2451 5316 2748 5372; x_wconf 86' lang='lat' dir='ltr'><strong>undecimo</strong></span> <span class='ocrx_word' id='word_1_779' title='bbox 2801 5311 3009 5366; x_wconf 89' lang='lat' dir='ltr'><strong>mensis</strong></span> <span class='ocrx_word' id='word_1_780' title='bbox 3040 5303 3389 5366; x_wconf 80' lang='lat' dir='ltr'><strong>Novembris,</strong></span> <span class='ocrx_word' id='word_1_781' title='bbox 3431 5299 3750 5385; x_wconf 73' lang='lat' dir='ltr'><strong>indictione</strong></span> 
     </span>
    </p>
   </div>
   <div class='ocr_carea' id='block_1_114' title="bbox 2162 5379 3748 5462">
    <p class='ocr_par' dir='ltr' id='par_1_114' title="bbox 2162 5379 3748 5462">
     <span class='ocr_line' id='line_1_114' title="bbox 2162 5379 3748 5462; baseline -0.02 -14"><span class='ocrx_word' id='word_1_782' title='bbox 2162 5395 2228 5448; x_wconf 71' lang='grc' dir='ltr'>Η</span> <span class='ocrx_word' id='word_1_783' title='bbox 2251 5379 2362 5461; x_wconf 78' lang='lat' dir='ltr'><strong>jam</strong></span> <span class='ocrx_word' id='word_1_784' title='bbox 2415 5399 2853 5462; x_wconf 70' lang='lat' dir='ltr'><strong>eurrente._curn</strong></span> <span class='ocrx_word' id='word_1_785' title='bbox 2893 5385 3171 5462; x_wconf 58' lang='lat' dir='ltr'><strong>regliasset</strong></span> <span class='ocrx_word' id='word_1_786' title='bbox 3209 5387 3386 5462; x_wconf 68' lang='lat' dir='ltr'><strong>annos</strong></span> 
     </span>
    </p>
   </div>
   <div class='ocr_carea' id='block_1_115' title="bbox 2157 5449 3748 5534">
    <p class='ocr_par' dir='ltr' id='par_1_115' title="bbox 2157 5449 3748 5534">
     <span class='ocr_line' id='line_1_115' title="bbox 2157 5449 3748 5534; baseline -0.011 -16"><span class='ocrx_word' id='word_1_787' title='bbox 2157 5449 2405 5534; x_wconf 52' lang='lat' dir='ltr'><strong>triginta,</strong></span> <span class='ocrx_word' id='word_1_788' title='bbox 2445 5457 2746 5534; x_wconf 79' lang='lat' dir='ltr'><strong>menses&#39;l,</strong></span> <span class='ocrx_word' id='word_1_789' title='bbox 2792 5452 2912 5534; x_wconf 76' lang='lat' dir='ltr'><strong>dies</strong></span> <span class='ocrx_word' id='word_1_790' title='bbox 2939 5450 3033 5532; x_wconf 26' lang='lat'><strong>:15.</strong></span> <span class='ocrx_word' id='word_1_791' title='bbox 3069 5449 3534 5534; x_wconf 40' lang='lat' dir='ltr'><strong>‘Successeffjlts</strong></span> 
     </span>
    </p>
   </div>
   <div class='ocr_carea' id='block_1_116' title="bbox 2155 5511 3742 5598">
    <p class='ocr_par' dir='ltr' id='par_1_116' title="bbox 2155 5511 3742 5598">
     <span class='ocr_line' id='line_1_116' title="bbox 2155 5511 3742 5598; baseline -0.019 -9"><span class='ocrx_word' id='word_1_792' title='bbox 2155 5511 2405 5589; x_wconf 62' lang='grc' dir='ltr'><strong>,ἱὶιέἴῖιὶὶἷὲ</strong></span> <span class='ocrx_word' id='word_1_793' title='bbox 2439 5511 2798 5598; x_wconf 57' lang='grc' dir='ltr'>Θυτορειιειοε</span> <span class='ocrx_word' id='word_1_794' title='bbox 2836 5522 3176 5590; x_wconf 79' lang='lat' dir='ltr'><strong>designatur.</strong></span> <span class='ocrx_word' id='word_1_795' title='bbox 3221 5511 3742 5598; x_wconf 13' lang='lat' dir='ltr'><strong>Diceblatrur‘nutea:</strong></span> 
     </span>
    </p>
   </div>
   <div class='ocr_carea' id='block_1_117' title="bbox 2157 5577 3746 5662">
    <p class='ocr_par' dir='ltr' id='par_1_117' title="bbox 2157 5577 3746 5662">
     <span class='ocr_line' id='line_1_117' title="bbox 2157 5577 3746 5662; baseline -0.017 -6"><span class='ocrx_word' id='word_1_796' title='bbox 2560 5577 2842 5653; x_wconf 52' lang='lat' dir='ltr'><strong>celius—arum</strong></span> <span class='ocrx_word' id='word_1_797' title='bbox 2882 5577 3135 5662; x_wconf 55' lang='lat' dir='ltr'><strong>patronus</strong></span> <span class='ocrx_word' id='word_1_798' title='bbox 3185 5602 3283 5662; x_wconf 62' lang='lat' dir='ltr'><strong>seu</strong></span> <span class='ocrx_word' id='word_1_799' title='bbox 3313 5583 3623 5662; x_wconf 44' lang='lat' dir='ltr'><strong>adligatus,</strong></span> <span class='ocrx_word' id='word_1_800' title='bbox 3661 5577 3746 5630; x_wconf 72' lang='lat' dir='ltr'><strong>uti</strong></span> 
     </span>
    </p>
   </div>
   <div class='ocr_carea' id='block_1_118' title="bbox 2156 5650 3741 5744">
    <p class='ocr_par' dir='ltr' id='par_1_118' title="bbox 2156 5650 3741 5744">
     <span class='ocr_line' id='line_1_118' title="bbox 2156 5650 3741 5744; baseline -0.015 -20"><span class='ocrx_word' id='word_1_801' title='bbox 2648 5668 2766 5721; x_wconf 78' lang='lat' dir='ltr'><strong>licet</strong></span> <span class='ocrx_word' id='word_1_802' title='bbox 2816 5650 2960 5733; x_wconf 68' lang='lat' dir='ltr'><strong>apud</strong></span> <span class='ocrx_word' id='word_1_803' title='bbox 3001 5659 3290 5716; x_wconf 72' lang='lat' dir='ltr'><strong>Meursium</strong></span> <span class='ocrx_word' id='word_1_804' title='bbox 3329 5661 3380 5708; x_wconf 82' lang='lat' dir='ltr'><strong>et</strong></span> <span class='ocrx_word' id='word_1_805' title='bbox 3427 5650 3741 5707; x_wconf 69' lang='lat' dir='ltr'><strong>Fabrotum.</strong></span> 
     </span>
    </p>
   </div>
  </div>
