4034 6186
325 325 457 390 3161

1336 320 1541 377 .VITA
1583 318 1629 375 A
1669 316 2101 376 NICEPIIORO
2140 318 2626 383 CONSCRIPTA.

3446 313 3590 379 3162

324 439 516 495 ἐαυτὸν
543 436 641 506 τὴν
672 433 922 506 βασιλίδα
958 433 1111 486 πόλιν
1150 432 1527 486 καταλαϐόντα
1578 434 1670 484 καὶ
1711 432 1900 497 ὥσπερ

2014 431 2119 499 :jus
2142 447 2280 485 uxor
2302 432 2505 501 Sophia
2524 432 2657 499 (47),
2685 444 2797 483 non
2826 436 2930 482 tam
2958 428 3058 482 viri
3090 444 3275 484 amore
3296 445 3458 500 quam
3483 446 3587 500 puo

321 534 377 585 ἐν
398 530 473 600 τῷ
497 528 745 595 παλατίῳ
780 525 1064 594 γεγονότα,
1095 522 1188 576 καὶ
1235 524 1303 576 τὰ
1334 526 1485 591 παρὰ
1514 522 1609 575 τοῦ
1650 523 1900 576 Ἰουδαίου

320 621 666 693 γεγενημένα
712 618 1010 687 θεώμενον,
1067 616 1367 685 ἀχθόμενόν
1412 633 1471 668 τε
1527 616 1663 685 πρὸς
1704 616 1899 681 ταῦτα,

321 716 412 768 καὶ
440 710 550 767 οἷον
592 714 692 765 οὐκ
718 711 919 763 ἀνεκτά
958 708 1215 763 ποιοῦντα
1254 725 1267 738 ·
1313 706 1348 761 ἃ
1376 708 1469 761 καὶ
1502 709 1635 777 δῆλα
1676 709 1754 778 τῷ
1794 727 1903 763 πα-

319 810 558 878 τριάρχῃ
610 805 865 873 καθίστη,
897 805 989 856 καὶ
1029 803 1106 872 τῷ
1148 801 1377 871 βασιλεῖ,
1407 801 1483 865 ὡς
1519 806 1651 871 παρ’
1692 804 1901 856 ἐκείνου

318 896 837 968 διαμαρτύρεσθαι,
891 894 987 948 καὶ
1041 895 1364 965 παρεγγυᾷν
1404 894 1742 966 ἀποσχέσθαι
1794 895 1903 947 τῶν

320 988 577 1042 τοιούτων
604 986 783 1057 ἠξίου.

395 1252 537 1320 ριια’.
567 1246 678 1301 Kal.
708 1247 736 1298 ὁ
778 1247 876 1316 μὲν
908 1245 1271 1315 ἀπήγγελλεν,
1295 1246 1355 1299 ού
1389 1245 1467 1316 τῷ
1498 1246 1711 1316 βασιλεῖ
1731 1248 1905 1301 ταῦτα

308 1343 505 1411 μόνον,
538 1339 673 1392 ἀλλά
712 1340 807 1392 καὶ
832 1341 897 1409 τῇ
932 1338 1173 1407 συζύγῳ,
1275 1340 1372 1392 καὶ
1406 1340 1608 1408 μᾶλλον
1641 1340 1907 1393 ἐσπουδά-

323 1433 446 1499 ζετο
464 1434 531 1486 τὰ
549 1430 775 1485 τοιαῦτα
795 1447 809 1460 ·
843 1431 893 1482 οἱ
918 1429 973 1482 δὲ
1002 1429 1256 1482 τοσοῦτον
1283 1429 1510 1502 ἐδέησαν
1540 1430 1901 1501 ἀποσχέσθαι,

323 1530 433 1599 ὅσῳ
472 1528 563 1580 καὶ
607 1524 841 1594 γυναῖκά
873 1542 994 1577 τινα
1032 1522 1140 1576 τῶν
1175 1525 1653 1594 ἐγγαστριμύθων,
1701 1526 1757 1579 αἳ
1799 1526 1906 1579 ἀπὸ

324 1619 531 1681 κοιλίας
598 1617 839 1687 φωνοῦσι
905 1616 1321 1684 κενολογοῦσαι,

334 1711 591 1781 Ἑϐραίῳ,
622 1702 774 1777 ἐφ’ᾧ
814 1708 1148 1778 σαφέστερον
1200 1709 1329 1779 παρ’
1368 1710 1581 1777 ἐκείνης
1626 1710 1795 1777 αὐτῆς
1841 1710 1906 1763 τὰ

323 1801 423 1869 τῆς
467 1800 623 1854 νόσου
665 1800 864 1868 δηλαδὴ
914 1799 1301 1869 γνωρισθῆναι.
1354 1794 1449 1861 Ai;
1482 1800 1671 1852 σκοτία
1709 1800 1905 1869 μᾶλλον

323 1890 390 1941 ἐκ
423 1890 679 1958 μαντείας
712 1888 885 1949 ἔσται,
918 1887 1014 1939 καί
1048 1887 1293 1939 δύσεται
1320 1889 1353 1939 ὁ
1386 1887 1557 1953 ἥλιος
1584 1886 1677 1938 ἐπ’
1697 1886 1903 1951 αὑτὰς.

325 1979 425 2034 καὶ
455 1980 830 2033 συσκοτάσει
854 1978 947 2029 ἐπ’
977 1976 1166 2042 αὐτὰς
1194 1978 1232 2044 ἠ
1262 1976 1469 2045 ἡμέρα,
1506 1978 1744 2045 Μιχαίας
1780 1977 1908 2043 περὶ

325 2073 505 2126 αὐτῶν
552 2075 580 2125 ό
619 2070 759 2133 θεῖος
790 2069 970 2129 καλῶς
1006 2069 1432 2139 προηγόρευσεν.
1471 2070 1559 2122 Ἑν
1588 2069 1824 2139 τοσούτῳ
1851 2069 1907 2120 δὲ

323 2166 447 2235 ὄψις
490 2165 743 2233 φαίνεται
793 2163 955 2215 πάλιν
1006 2163 1166 2231 ἐτέρα
1210 2161 1289 2231 τῷ
1325 2160 1578 2232 Συμεών·
1631 2164 1664 2231 ή
1713 2162 1770 2214 δὲ
1816 2158 1905 2232 ἦν’

324 2257 495 2319 Αὐτὸς
544 2256 642 2325 μὲν
681 2257 793 2317 τοῖς
837 2254 1129 2323 βασιλείοις
1167 2253 1325 2316 αὖθις
1356 2253 1662 2322 ἐπιδημῶν,
1695 2252 1908 2307 καὶτὸν

325 2347 553 2416 βασιλέα
583 2346 746 2417 ὁρῶν,
777 2348 831 2398 ἐν
858 2340 1009 2415 ᾧπερ
1041 2344 1221 2397 εἰώθει
1248 2345 1399 2413 τόπῳ
1433 2347 1557 2407 τοὺς
1585 2346 1909 2415 προσιόντας

323 2438 636 2506 δεχόμενον.
689 2436 1066 2504 Διανοιγέντας
1113 2436 1168 2486 δέ
1216 2435 1410 2487 αὐτίκα
1459 2436 1585 2498 τοὺς
1624 2436 1906 2504 οὐρανοὺς,

323 2527 419 2580 καί
443 2546 567 2581 τινα
593 2527 742 2580 θείαν
770 2528 981 2580 ἐκεῖθεν
1010 2527 1239 2594 δύναμιν
1264 2526 1651 2593 κατελθοῦσαν,
1690 2529 1910 2597 περιδύ-

324 2619 493 2672 σασάν
513 2637 569 2671 τε
602 2616 764 2672 αὐτὸν
805 2619 902 2687 τὴν
930 2617 1218 2689 βασιλικὴν
1249 2617 1475 2687 ἐσθῆτα,
1504 2620 1563 2672 τό
1587 2637 1644 2671 τε
1672 2618 1908 2691 διάδημα

319 2711 418 2780 τῆς
450 2710 692 2780 κεφαλῆς
718 2700 1041 2776 ἀφελοῦσαν,
1079 2708 1373 2777 Ἔσο,πρδς
1398 2710 1563 2763 αὑτὸν
1585 2712 1909 2779 φάναι,τέως

321 2801 557 2854 ἐνταῦθα
590 2800 737 2869 πάσῃ
781 2799 999 2869 γλώσσῃ
1038 2801 1304 2869 διήγημα,
1334 2800 1528 2868 ψεῦδος
1576 2802 1673 2871 τὴν
1718 2803 1909 2857 ἐλπίδα

321 2893 567 2962 θέμενος,
611 2893 705 2945 καὶ
759 2891 834 2961 μὴ
882 2890 1001 2959 Θεῷ
1048 2891 1118 2944 τὰ
1176 2890 1299 2942 καθ’
1346 2891 1538 2943 ἐαυτὸν
1588 2894 1906 2963 ἐπιτρέψας,

322 2983 460 3036 ἀλλά
480 2983 697 3053 δαίμοσι
728 2982 928 3051 μᾶλλον
970 2981 1065 3034 καὶ
1096 2981 1365 3050 δαιμόνων
1403 2982 1705 3051 ἐνεργείαις
1741 3001 1909 3054 προσ-

1400 1617 1767 1686 ἐπεισήγαγον
1829 1617 1906 1687 τῷ
1930 1646 1937 1653 ι

2008 521 2405 584 sillanimitate,
2444 529 2631 589 utpote
2662 520 2715 574 in
2744 520 2884 573 hanc
2922 536 2989 573 ex
3021 520 3109 573 illa
3139 520 3399 587 deducta)
3450 536 3587 574 con-

2006 612 2249 680 spicitse
2273 613 2387 681 ipse
2418 612 2659 682 Symeon
2690 611 2869 665 media
2893 612 2981 665 die
3021 612 3076 664 in
3130 614 3341 680 regiam
3393 614 3590 667 urbem

2007 702 2276 764 delatum,
2315 703 2370 755 in
2431 704 2550 771 ipso
2594 703 2766 755 veluti
2819 702 3022 770 palatio
3073 712 3276 766 astare,
3314 710 3477 770 alque
3507 703 3591 756 in-

2008 794 2219 863 spicere
2254 794 2383 863 quae
2426 811 2454 847 a
2504 795 2693 850 Judazo
2729 796 2970 860 ﬁebant;
3022 796 3274 849 indolerc
3321 798 3484 849 etiam
3522 798 3591 850 ad

2007 888 2143 949 visa,
2183 896 2237 940 et
2298 902 2410 939 non
2459 886 2683 940 ferenda
2733 888 2985 956 judicare
3035 905 3047 940 :
3103 904 3224 956 quae
3267 888 3593 957 patriarchae

2006 979 2172 1032 etiam
2198 978 2483 1032 manifesta
2509 994 2629 1033 esse
2650 980 2844 1040 voluit,
2877 978 3195 1049 rogavitque
3217 989 3276 1033 ut
3298 980 3594 1048 imperato-

2008 1084 2123 1123 rem
2150 1086 2179 1122 a
2215 1085 2273 1122 se
2308 1068 2679 1122 obtestaretur
2711 1079 2874 1138 atque
2905 1070 3245 1133 hortaretur,
3282 1067 3591 1123 istiusmodi

2008 1157 2341 1227 impietatem
2366 1157 2586 1211 missam
2609 1158 2830 1211 faceret.

2079 1246 2202 1299 191.
2258 1244 2408 1298 Tulit
2486 1246 2801 1313 patriarcha
2865 1263 2973 1299 non
3037 1247 3213 1300 solum
3270 1245 3590 1315 imperatori

2005 1337 2278 1407 ejusmodi
2324 1338 2602 1401 nuntium,
2637 1353 2827 1391 verum
2854 1339 3017 1391 etiam
3067 1340 3285 1408 conjugi
3317 1340 3456 1407 ejus,
3494 1338 3595 1391 ini-
3638 1323 3652 1335 Δ

2006 1428 2232 1497 pensius
2290 1426 2600 1481 istiusmodi
2655 1426 2815 1496 nugis
2872 1427 3091 1481 dedite.
3158 1427 3261 1481 Sed
3336 1428 3412 1480 illi
3477 1435 3595 1479 tan»

2008 1526 2121 1571 tum
2187 1519 2344 1573 abest
2402 1528 2461 1571 ut
2518 1518 2912 1579 abstinuerint,
2964 1527 3024 1571 ut
3082 1519 3245 1571 etiam
3306 1519 3592 1572 mulierem

2007 1611 2302 1681 quamdam
2346 1625 2413 1664 ex
2462 1625 2651 1663 earum
2703 1624 2934 1662 numero
2982 1625 3104 1676 qua:
3135 1609 3202 1662 de
3234 1619 3424 1663 ventre
3473 1609 3590 1662 ina-

2011 1720 2135 1758 nem
2164 1719 2477 1758 sermonem
2505 1702 2743 1756 reddunt
2772 1702 2909 1770 (48),
2955 1701 3021 1755 ad
3070 1701 3356 1755 Hebraeum
3388 1702 3590 1771 allega—

2012 1796 2143 1859 rint,
2174 1804 2235 1848 ut
2267 1812 2365 1864 per
2405 1810 2525 1847 eam
2578 1788 2817 1847 certiora
2865 1793 2933 1847 de
2977 1794 3169 1847 morbo
3199 1808 3595 1862 cognosceren-

2017 1896 2126 1940 tur.
2178 1887 2381 1939 Verum
2430 1883 2498 1937 de
2565 1882 2766 1935 talibus
2835 1890 2982 1935 recte
3026 1880 3275 1949 praedixit
3322 1879 3595 1936 Micbmas.

2010 1976 2155 2045 quod
2222 1975 2461 2029 tenebrae
2515 1975 2598 2029 eis
2650 1990 2718 2028 ex
2768 1973 3106 2027 divinatione
3150 1981 3348 2033 erunt,
3409 1979 3458 2023 et
3511 1988 3597 2023 oc-

2009 2069 2210 2122 cumbet
2260 2068 2340 2123 sol
2394 2085 2553 2137 super
2584 2084 2694 2130 eas,
2748 2075 2797 2118 et
2854 2064 3265 2118 contenebrescet
3306 2080 3464 2133 super
3506 2078 3595 2116 eas

2009 2165 2117 2216 dies
2140 2164 2206 2217 ³⁸.
2237 2164 2449 2218 Interea
2475 2160 2735 2231 Symeoni
2759 2160 2863 2213 alia
2896 2173 3118 2211 rursum
3143 2157 3283 2210 visio
3307 2156 3595 2227 objicitur,

2010 2264 2242 2325 eratque
2271 2255 2416 2309 talis.
2448 2255 2569 2323 Ipse
2602 2254 2803 2307 iterum
2837 2252 2903 2305 ad
2935 2250 3201 2321 palatium
3244 2249 3597 2317 imperatoris

2010 2348 2248 2410 delatus,
2276 2347 2537 2402 cernebat
2560 2346 2759 2414 ipsum,
2788 2360 2897 2415 quo
2918 2350 3281 2398 consueverat
3303 2342 3442 2401 loco.
3467 2340 3599 2394 alfa-

2012 2448 2126 2493 tum
2148 2448 2399 2508 petentes
2427 2438 2681 2507 excipere
2708 2455 2719 2489 :
2757 2436 3019 2491 cernebat
3047 2434 3213 2487 etiam
3239 2448 3363 2485 mox
3395 2432 3598 2500 apertis

2011 2526 2167 2585 caelis
2211 2529 2492 2598 delapsam
2538 2528 2666 2581 inde
2712 2525 3003 2595 quamdam
3041 2525 3301 2577 virtutem
3332 2523 3596 2583 divinam,

2011 2636 2134 2689 quae
2172 2635 2382 2674 exuens
2421 2619 2810 2688 imperatorem
2855 2626 3007 2670 veste
3039 2615 3228 2685 regali.
3259 2622 3314 2668 et
3344 2614 3599 2668 auferens

2011 2710 2208 2780 capitis
2239 2710 2515 2773 diadema,
2565 2709 2785 2763 dicebat
2828 2708 2951 2761 illi:
3002 2708 3133 2762 Esto
3186 2708 3369 2762 fabula
3413 2708 3467 2761 in
3503 2723 3599 2761 ore

2012 2803 2195 2857 omnis
2218 2804 2429 2871 populi,
2462 2803 2592 2873 quia
2616 2802 2847 2870 posuisti
2878 2801 3223 2855 mendacium
3251 2816 3402 2861 spem
3429 2788 3597 2865 tuam,

2011 2901 2067 2947 et
2098 2904 2149 2946 te
2182 2901 2385 2962 tuaque
2425 2910 2532 2947 non
2565 2894 2889 2946 commisisti
2926 2894 3058 2957 Deo,
3097 2893 3192 2945 sed
3232 2892 3467 2945 daamoni
3505 2908 3600 2961 po—

2019 2984 2130 3038 tius
2160 2986 2391 3053 ejusque
2434 2985 2647 3038 artibus
2673 2984 2957 3053 praebuisti
2998 2999 3176 3037 aures.
3214 2983 3345 3049 Qua:
3379 2992 3602 3038 sanctus

319 3074 567 3145 ἐσχηκώς
588 3091 603 3105 ·
633 3074 662 3127 δ
697 3073 834 3144 πρός
864 3091 925 3126 τε
960 3073 1084 3136 τοὺς
1107 3073 1389 3141 παρόντας
1426 3073 1454 3125 ὁ
1483 3074 1708 3141 Συμεὼν
1737 3078 1793 3127 ἐν
1817 3076 1900 3127 δάο

2014 3095 2135 3133 cum
2175 3078 2432 3149 lacrymis
2456 3087 2511 3132 et
2537 3077 2726 3131 dolore
2759 3092 2882 3130 cum
2911 3076 3275 3145 praesentibus
3295 3077 3601 3131 communi-

323 3183 515 3236 κρυσιν
545 3167 757 3238 εἰρήκει
788 3168 883 3219 καὶ
908 3166 1137 3236 καρδίας
1166 3165 1329 3236 ὀδύνῃ
1355 3181 1368 3196 ·
1408 3166 1485 3236 τῷ
1508 3184 1565 3218 τε
1598 3170 1908 3239 πατριάρχῃ

320 3259 411 3312 τὸν
444 3257 604 3311 αὑτὸν
634 3258 897 3328 ἐγνώρισε
919 3258 1143 3328 τρόπον,
1174 3260 1268 3311 καὶ
1299 3260 1394 3312 τοῦ
1426 3260 1622 3331 μηκέτι
1658 3260 1791 3329 πρὸς
1814 3262 1913 3313 αύ-

318 3350 412 3403 τὸν
450 3350 579 3420 περὶ
616 3349 711 3402 τοῦ
747 3348 1009 3418 βασιλέως
1048 3351 1384 3418 προσθεῖναι.
1431 3352 1505 3405 Οὐ
1561 3351 1696 3405 πολὺ
1754 3353 1813 3406 τὸ
1852 3354 1910 3407 ἐν

324 3439 496 3511 μέσῳ,
528 3440 621 3492 καὶ
658 3442 813 3511 φήμη
847 3441 986 3494 κατά
1028 3443 1209 3512 πάσης
1244 3442 1471 3511 ἠπείρου
1506 3442 1602 3495 καὶ
1634 3443 1911 3513 θαλάσσης

320 3530 535 3602 ἐχώρει,
563 3532 887 3602 διεφθάρθαι
915 3532 1005 3585 τὸν
1040 3533 1267 3603 βασιλέα
1296 3534 1393 3597 τὰς
1427 3534 1651 3605 φρένας,
1680 3534 1910 3587 κατόπιν

320 3618 378 3672 δὲ
404 3619 500 3673 καὶ
532 3620 762 3683 θάνατος
786 3622 991 3677 εἵπετο.

394 3708 533 3778 ριιβν.
587 3710 893 3780 Εὐξώμεθα
940 3710 1070 3781 περὶ
1120 3710 1220 3781 τῆς
1260 3710 1403 3766 κατὰ
1448 3712 1545 3783 τὴν
1580 3713 1912 3783 ’Δντιόχειαν

336 3801 687 3871 Ἐκκλησίας.
721 3802 961 3872 ἀδελφοὶ,
995 3802 1130 3873 φησί
1162 3821 1291 3857 ποτε
1325 3804 1463 3877 πρὸς
1503 3807 1627 3868 τοὺς
1661 3806 1913 3877 μαθητὰς

320 3894 350 3946 ὁ
395 3892 539 3964 ἱερὸς
578 3892 822 3962 Συμεών.
866 3894 1115 3947 Ἐδόκουν
1161 3895 1270 3966 γὰρ
1308 3897 1401 3948 τὸν
1436 3897 1713 3967 πρόεδρονΙ
1739 3898 1911 3967 αὐτῆς

323 3986 580 4053 Δομνῖνον
625 3986 756 4055 ὁρᾷν
807 3986 900 4038 ἐπὶ
946 3988 1007 4039 τὸ
1042 3985 1428 4058 θυσιαστήριον
1472 3988 1771 4056 ἀναϐάντα,
1814 3990 1910 4044 καὶ

323 4075 449 4146 τῇδε
495 4076 780 4129 τεθεικὸτα
834 4078 1046 4142 ἐαυτὸν,
1095 4080 1189 4131 καὶ
1231 4081 1393 4132 οίονεὶ
1454 4080 1741 4150 ρέγχοντα,
1790 4078 1911 4136 εἶτα

325 4161 538 4219 ἐκεῖθεν
582 4168 1021 4239 καταῆεόηκότα.
1057 4170 1154 4224 καὶ
1197 4171 1347 4240 δεξιᾷ
1388 4172 1481 4224 τοῦ
1520 4171 1909 4243 θυσιαστηρίου

324 4259 633 4329 ἱστάμενον.
658 4260 731 4312 Τὸ
761 4261 861 4331 μὲν
896 4256 989 4313 οὖν
1021 4262 1242 4333 πλῆθος,
1272 4263 1367 4317 καὶ
1393 4264 1506 4316 ὅσοι
1539 4264 1632 4317 τοῦ
1670 4264 1911 4335 βήματος

319 4351 683 4427 ἀναμένρντες
718 4348 880 4422 ἦσαν,
915 4354 1081 4424 εὐχὴν
1105 4355 1374 4409 ἐπιτελεῖν
1405 4356 1494 4410 τὸν
1525 4357 1694 4428 ἄνδρα
1720 4359 1907 4427 οἰόμε-

316 4456 424 4494 νοι.
462 4443 571 4494 Καὶ
600 4442 690 4495 τὸν
724 4444 844 4511 μὲν,
875 4446 939 4513 τῇ
970 4444 1147 4514 τοιᾷδε
1182 4447 1369 4499 στάσει
1408 4448 1569 4517 μέχρι
1609 4449 1754 4511 τινὸς
1788 4450 1906 4502 ἐπι-

2015 4452 2329 4507 Concedam
2381 4452 2447 4505 ad
2500 4453 2763 4506 lectulum
2802 4468 2982 4505 meum

321 4533 602 4602 μείναντα,
629 4536 965 4604 Οίχήσομαι,
993 4536 1185 4603 φάναι,
1221 4537 1357 4607 πρὸς
1399 4540 1491 4591 τὸν
1521 4539 1758 4609 ἐμαυτοῦ
1791 4558 1907 4594 κοι-

318 4623 585 4679 τωνίσκον
609 4641 625 4658 ο
654 4627 1050 4691 Παλαιστινοὺς
1080 4629 1136 4681 δέ
1170 4648 1324 4693 τινας
1346 4632 1611 4701 μοναχοὺς
1636 4634 1735 4701 τὴν
1759 4632 1907 4686 θείαν

317 4713 629 4797 ἐπι-τελέσαι
656 4720 1067 4787 μυσταγωγίαν.
1106 4721 1265 4790 Ἑξῆς
1292 4722 1348 4775 δέ
1380 4724 1476 4776 καὶ
1505 4723 1601 4795 τὴν
1624 4724 1777 4778 λύσιν
1807 4727 1907 4778 ἐπ-

318 4806 473 4874 ῆγεν,
534 4807 610 4872 ὡς
662 4809 772 4880 ἄρα
825 4812 1140 4883 τελευτήσει
1198 4815 1297 4885 μὲν
1346 4818 1601 4887 Δομνῖνος
1643 4819 1733 4871 τὸν
1771 4818 1904 4889 βίον,

320 4900 553 4970 μοναχδς
600 4902 657 4955 δέ
710 4920 794 4967 τις
850 4904 912 4958 τὸ
964 4906 1119 4974 γένος
1178 4909 1243 4960 ἐκ
1292 4910 1656 4981 Παλαιστίνης
1708 4912 1903 4977 ἕλκων,

391 5084 436 5117 ³³
475 5084 639 5141 Mich.
688 5102 768 5151 ιιι,
810 5086 865 5142 6.

391 5243 503 5316 (47)
563 5244 645 5298 Ea:
703 5244 908 5312 Sophia
942 5246 1165 5315 conjuge
1209 5246 1409 5300 Justini
1450 5247 1623 5316 ﬁliam
1681 5250 1894 5303 unicam

316 5313 911 5388 Artﬂviamﬂagnoscunt
945 5313 1174 5369 (India—us
1209 5318 1427 5386 aliique,
1451 5313 1610 5387 apud
1634 5317 1897 5388 Cangium

317 5385 373 5459 in
402 5382 1013 5459 Eamiliiszyzantinis,
1064 5382 1444 5459 conjectanttzm
1486 5382 1620 5440 hanc
1648 5382 1899 5459 essevqure

319 5451 590 5526 Baduario
619 5451 811 5526 juncta
847 5466 1111 5510 eratcum
1156 5451 1229 5510 ad
1272 5459 1553 5526 imperium
1595 5451 1901 5511 cvvhcrétur

316 5521 806 5599 [ustinugiquare
852 5529 933 5581 hic
966 5528 1132 5599 illum;
1160 5529 1258 5581 sibi
1305 5521 1425 5581 mea:
1470 5530 1523 5582 in
1560 5527 1903 5599 Curopalataz

320 5593 493 5669 locum
524 5598 831 5669 substituit:
867 5598 958 5651 sed
984 5601 1078 5651 hoc
1114 5597 1223 5651 loco
1252 5599 1454 5652 videtur
1498 5600 1585 5668 agi
1627 5593 1905 5669 ite'puella

320 5662 490 5716 adhuc
540 5667 791 5736 innupta,
829 5669 979 5737 cujus
1030 5671 1281 5721 memoria
1334 5670 1387 5721 in
1429 5662 1743 5723 Imc'soluin
1794 5670 1905 5723 Vita

321 5737 569 5804 supersit,
628 5755 813 5792 nomen
865 5749 1037 5795 autent
1077 5738 1262 5794 oblivio
1310 5740 1576 5806 sepelivit;
1625 5742 1726 5794 nisi
1754 5740 1906 5795 mulis

2014 3169 2194 3233 cavit;
2226 3177 2282 3223 et
2307 3168 2673 3238 patriarcham
2698 3167 2767 3222 de
2797 3168 2965 3221 totius
2989 3168 3068 3221 rei
3098 3167 3295 3221 ordine
3320 3167 3598 3233 instruxit,

2017 3268 2075 3313 ut
2127 3274 2197 3313 ne
2241 3259 2375 3328 quid
2433 3258 2794 3327 imposterum
2856 3258 2911 3311 in
2966 3258 3210 3311 favorem
3251 3257 3603 3326 imperatoris

2013 3359 2347 3421 proponeret
2374 3351 2502 3405 sibi.
2539 3351 2813 3421 Exiguum
2857 3365 3025 3420 porro
3066 3350 3332 3420 temporis
3365 3350 3603 3420 spatium

2012 3444 2365 3514 interjectum
2395 3444 2521 3510 fuit,
2570 3460 2696 3497 cum
2746 3444 2887 3497 fama
2920 3460 3017 3512 per
3049 3452 3218 3496 totam
3255 3444 3481 3512 Epirum
3546 3451 3602 3496 et

2013 3551 2165 3589 mare
2218 3537 2518 3599 emanavit,
2554 3536 2943 3603 imperatorem
2970 3544 3154 3588 mente
3186 3544 3406 3603 captum
3438 3549 3599 3589 esse:

2011 3626 2158 3695 quod
2194 3626 2393 3679 deinde
2432 3634 2729 3679 consecuta
2777 3640 2928 3677 mors
2977 3633 3063 3677 est
3096 3625 3230 3691 (49).

2089 3716 2207 3771 192.
2248 3716 2481 3770 Oremus
2515 3731 2616 3784 pro
2668 3714 2921 3768 Ecclesia
2973 3714 3342 3776 Antiochena,
3393 3713 3604 3781 inquie—

2012 3807 2104 3861 bat
2139 3806 2435 3876 aliquando
2467 3804 2756 3874 discipulis
2787 3803 2903 3858 suis
2936 3812 3159 3858 sanctus
3187 3803 3420 3874 Symeon
3454 3820 3465 3856 :
3520 3804 3604 3857 vi-

2012 3899 2183 3953 debar
2209 3898 2356 3952 enim
2381 3897 2519 3950 mihi
2543 3897 2753 3953 videre.
2782 3896 3084 3950 antistitem
3106 3895 3253 3949 illius
3272 3895 3617 3948 Domninum.

2012 3990 2184 4044 altare
2222 3989 2617 4051 conscendere,
2668 3989 2871 4042 ibidem
2925 4004 2982 4041 se
3020 3987 3314 4047 collocare.
3350 3996 3406 4041 et
3433 3988 3604 4041 veluti

2014 4082 2255 4136 ronchos
2295 4082 2541 4147 ducere;
2575 4089 2764 4150 postea
2813 4096 2946 4134 vero
2971 4078 3098 4131 inde
3147 4077 3506 4141 descendere,
3544 4088 3603 4133 et

2013 4172 2237 4228 dextera
2274 4173 2464 4228 altaris
2505 4181 2661 4242 parte
2688 4170 3016 4234 consistere,
3052 4169 3404 4223 existimante
3460 4168 3604 4224 inte-

2015 4265 2122 4318 rim
2154 4266 2453 4319 astantium
2489 4264 2647 4319 turba
2677 4264 2830 4317 illum
2863 4262 3114 4333 precari;
3160 4261 3354 4315 eodem
3390 4261 3443 4313 in
3483 4261 3605 4314 loco

2015 4372 2183 4427 porro
2237 4357 2415 4427 ipsum
2468 4357 2786 4426 aliquandiu
2843 4363 3310 4425 perseverantem,
3366 4353 3601 4407 dicere:

3032 4469 3045 4503 :
3088 4451 3389 4505 monachos
3421 4460 3604 4504 autem

2017 4541 2286 4611 quosdam
2334 4557 2401 4596 ex
2452 4542 2740 4596 Palaestina
2800 4549 3214 4594 sacrosanctum
3275 4540 3607 4594 sacriﬁcium

2018 4624 2367 4703 persolvisse.
2389 4633 2595 4688 Deinde
2613 4640 2669 4687 et
2689 4632 3111 4701 explicationem
3134 4630 3364 4684 visionis
3384 4632 3605 4700 adjecit,

2017 4726 2293 4798 quomodo
2314 4742 2514 4795 nempe
2545 4725 2802 4778 [initurus
2829 4724 2997 4776 vitam
3049 4723 3374 4785 Domninus,
3403 4730 3459 4774 et
3495 4737 3609 4772 mo-

2017 4823 2228 4876 nachus
2259 4820 2507 4891 quidam,
2534 4836 2562 4873 c
2589 4816 2877 4872 Palzcstina
2907 4832 3080 4887 genus
3113 4815 3341 4873 ducens,
3375 4815 3427 4866 in
3456 4814 3609 4866 thro-

2017 4929 2148 4967 num
2194 4913 2346 4968 illius
2394 4910 2741 4967 inducendus
2785 4920 2950 4964 esset.
2984 4906 3139 4974 Quod
3190 4921 3299 4960 non
3350 4905 3444 4959 diu
3488 4912 3611 4973 post

2002 5249 2263 5305 Baduarii
2304 5266 2521 5304 uxorem
2565 5266 2889 5318 anonymam
2950 5248 3265 5318 relinquere,
3300 5254 3348 5296 et
3398 5244 3607 5318 Ambit:

2007 5322 2176 5374 adhuc
2200 5323 2435 5389 innupta:
2466 5315 2904 5387 statuamvfuisse,
2935 5336 3049 5388 qua:
3075 5320 3120 5371 ci
3148 5315 3605 5389 Constantinopoli

2010 5408 2116 5445 una
2158 5410 2275 5445 cum
2308 5387 2589 5459 parentum
2630 5392 2819 5443 statuis
2864 5387 3031 5456 posita
3072 5404 3184 5459 esse
3219 5387 3487 5459 scribitur.

2081 5461 2193 5529 (48)
2225 5456 2687 5532 Ἐγγαστρίμυθοι
2731 5462 2786 5532 in
2831 5460 3049 5512 decretis
3098 5458 3349 5532 gratiani
3391 5456 3603 5510 ventri-

2015 5528 2187 5601 loqui.
2248 5532 2301 5584 in
2343 5528 2631 5602 Scripturis
2672 5531 2949 5602 Pythones
2995 5547 3056 5584 ac
3098 5528 3454 5650 Pj'tlionissre,
3517 5541 3608 5595 per

2016 5619 2239 5650 (morum
2288 5611 2521 5650 ventrem
2558 5603 2764 5650 dmmon
2811 5618 3059 5650 resnonsa
3092 5616 3117 5650 θ
3157 5600 3218 5650 it.

2016 5600 2521 5673 quorumiventr’em
2558 5600 2764 5655 (human
2811 5618 3059 5673 responsa
3092 5600 3218 5651 edit.
3284 5666 3309 5673 Δ
3409 5668 3418 5673 _
3470 5666 3478 5672 ι

2090 5674 2197 5743 (49)
2232 5672 2369 5729 Obiit
2409 5672 2653 5727 Justinus
2700 5688 2840 5726 anno
2877 5671 3000 5735 578,
3054 5684 3227 5723 mense
3270 5666 3505 5723 Octobri.
