4034 6186
331 297 472 368 3165

1331 305 1502 362 VlTA
1542 304 1592 360 Α
1628 303 2067 364 NICEPHOBO
2106 305 2594 367 CONSCRII’TA.

3397 295 3410 308 ’
3444 310 3582 373 3165

327 413 496 468 ἑῗεῖτο
520 411 688 466 αὐτοῦ
715 411 1024 482 θερμότατα
1063 411 1198 481 πρὸς
1241 410 1340 481 τὴν
1391 411 1552 465 ἴασιν.
1585 411 1694 464 Τοῦ
1745 413 1804 466 δὲ
1831 413 1896 464 oi-

2016 419 2360 480 accessissct,
2395 415 2590 469 orabat
2623 429 2786 482 quam
2815 412 3226 469 ferventissime
3277 433 3376 486 pro
3427 435 3584 473 sana-

327 503 455 554 καδε
473 503 700 569 πορείαν
719 499 868 569 αὐτῷ
889 499 1376 569 παραγγείλαντος,
1397 499 1544 552 Ἐκεῖ
1563 501 1694 569 γάρ,
1713 503 1900 570 φησὶν,

327 597 476 664 ἡμᾶς
504 595 594 646 ἐπὶ
623 594 725 663 τῆς
776 591 970 644 ἑαυτοῦ
1019 592 1210 662 κλίνης
1265 592 1722 660 ἀναπαυσάμενος
1755 593 1897 662 ὕψει,

323 685 476 737 οὐδὲν
511 683 674 736 πλέον
707 683 914 745 ἐκεῖνος
944 681 1203 752 προσθεὶς
1226 723 1240 746 ,
1296 682 1372 745 ὡς
1421 677 1568 752 εἶχεν
1611 683 1772 745 εὐθὺς
1816 686 1904 736 ἐπ-

323 773 498 844 ανῄει.
541 773 668 826 Ὅτε
697 771 878 826 τοίνυν
907 771 1050 824 κατὰ
1075 771 1163 824 τὸν
1187 771 1430 840 ποταμὸν
1462 773 1726 840 ἐγεγόνει,
1757 772 1902 824 ὑετοὶ

328 868 429 937 μὲν
455 868 698 938 ῥαγδαῖοι
720 865 1168 936 καταρῥαγέντες
1203 865 1278 936 τῷ
1305 867 1543 919 Μέλαντι
1579 867 1759 936 (τοῦτο
1791 868 1900 939 γάρ

323 960 352 1010 ὁ
371 957 612 1027 ποταμὸς
637 957 927 1026 ἐκαλεῖτο),
953 958 1014 1010 τὸ
1035 957 1247 1026 ῥεῖθρον
1269 957 1535 1027 ηὔξησαν.
1557 958 1614 1011 Ὀ
1636 959 1692 1012 δὲ
1707 960 1900 1013 τοσαῦ-

326 1067 395 1104 τα
433 1050 512 1120 τῷ
546 1052 752 1120 ῥήματι
795 1049 889 1103 τοῦ
942 1051 1166 1118 Συμεὼν
1206 1049 1429 1122 θαρῥεῖν
1478 1051 1638 1122 ἔχων,
1673 1053 1706 1123 ἢ
1759 1053 1900 1107 οὕτω

327 1141 528 1211 μᾶλλον
559 1142 690 1194 αὐτὸ
736 1139 980 1210 πληροῦν
1027 1141 1400 1210 ἐπειγόμενος,
1433 1141 1494 1194 τὸ
1561 1143 1661 1211 μέν
1709 1162 1762 1196 τι
1811 1145 1900 1198 διὰ

325 1231 424 1300 τὴν
479 1230 698 1301 ἐντολὴν
755 1231 988 1296 ἐκείνου,
1017 1231 1078 1282 τὸ
1129 1230 1186 1284 δὲ
1235 1231 1484 1286 πλεῖστον
1509 1233 1773 1305 ἐπιθυμίᾳ
1801 1236 1900 1303 τῆς

325 1321 644 1390 θεραπείας,
679 1321 756 1384 ὡς
791 1321 926 1390 μηδὲ
962 1321 1053 1374 τοῦ
1085 1322 1334 1390 ποταμοῦ
1371 1324 1610 1392 μεγάλου
1637 1323 1856 1392 ῥυέντος
1882 1365 1897 1386 ,

329 1413 464 1484 μηδὲ
491 1413 601 1479 ὀξεῖ
627 1413 928 1482 φερομένου
973 1412 1050 1484 τῷ
1103 1413 1303 1484 ῥείθρῳ
1343 1414 1654 1482 φείσασθαι,
1688 1416 1900 1470 διαϐαίο

323 1521 437 1559 νειν
457 1505 620 1558 αὐτὸν
652 1506 928 1576 ἐπειρᾶτο.

398 1600 548 1667 ριις’.
579 1595 688 1648 Καὶ
715 1597 743 1646 ὁ
772 1595 871 1664 μὲν
903 1593 1006 1647 ὑπὸ
1037 1592 1130 1646 τοῦ
1167 1594 1416 1662 ποταμοῦ
1445 1597 1806 1666 παρασυρε“ις,
1831 1600 1890 1650 ὲν

325 1687 536 1757 ἐσχάτῳ
591 1687 945 1754 καθειστήκει
1011 1685 1288 1756 κινδύνῳ·
1347 1687 1404 1738 ὲν
1465 1687 1639 1755 τούτῳ
1691 1687 1749 1739 δὲ
1799 1692 1898 1754 τὴν

325 1777 464 1848 πρὸς
519 1780 648 1841 τοὺς
716 1777 965 1847 μαθητὰς
1019 1775 1238 1846 ὁμιλίαν
1269 1781 1296 1829 ὁ
1347 1777 1574 1846 Συμεὼν
1629 1779 1899 1848 ὲπικάῲας
1929 1757 1972 1812 Β

327 1869 616 1938 (ἐτύγχανε
639 1869 748 1939 γὰρ
777 1869 846 1921 τὰ
879 1867 1018 1938 πρὸς
1047 1869 1320 1940 σωτηρίαν
1363 1870 1548 1932 αὐτοῖς
1593 1873 1900 1939 τηνικαῦτα

321 1958 746 2028 διαλεγόμενος),
781 1959 946 2028 εὐχῆς
974 1958 1154 2028 εἴχετο
1176 1958 1396 2027 μᾶλλον,
1422 1955 1540 2012 εἶτα
1571 1960 1902 2033 φαιδροτέρᾳ

321 2049 460 2119 πρὸς
487 2050 682 2112 αὐτοὺς
711 2047 831 2118 ὄψει
853 2048 920 2102 τὰ
954 2047 1082 2117 περὶ¹
1113 2047 1207 2100 τοῦ
1243 2049 1436 2120 ἀνδρὸς
1482 2049 1720 2120 διεξῄει,
1753 2053 1900 2115 ὅπως

321 2157 383 2192 τε
436 2139 530 2193 τοῦ
579 2139 826 2210 ποταμοῦ
871 2139 1071 2192 πολλοῦ
1098 2139 1312 2208 ῥέοντος
1336 2140 1630 2210 τολμήσειε
1657 2144 1756 2211 τὴν
1789 2143 1902 2196 διά-

321 2231 503 2295 ϐασιν,
537 2233 632 2284 κού¹
688 2231 838 2293 ὅπως
883 2231 1045 2302 ἔργον
1085 2230 1184 2300 ἤδη
1224 2231 1323 2299 τῆς
1353 2232 1562 2284 ἐκείνου
1596 2235 1770 2302 φορᾶς
1817 2251 1900 2301 γι-

319 2323 582 2391 νόμενον,
623 2321 798 2386 ἔδοξεν
855 2321 1016 2384 αὐτὸς
1071 2321 1368 2391 λαϐόμενος
1419 2324 1521 2390 τῆς
1577 2324 1760 2392 χειρὸς
1815 2325 1900 2391 ἐξ-

321 2413 569 2467 ελκῦσαι.
611 2413 668 2466 Ὁ
726 2412 826 2482 μὲν
883 2412 975 2465 οῦν
1007 2411 1043 2466 ἃ.
1092 2415 1212 2465 κατ’
1261 2415 1438 2480 ἐκεῖνο
1495 2415 1596 2484 τῆς
1627 2414 1776 2484 ὥρας
1821 2413 1900 2483 τῷ

316 2507 472 2573 ἀνδρὶ
521 2505 761 2576 συμϐαίη
807 2509 918 2568 τοῖς
965 2505 1260 2576 μαθηταῖς,
1289 2506 1392 2558 ὅσα
1443 2505 1536 2558 καὶ
1578 2505 1770 2577 παρὼν
1804 2509 1899 2560 καὶ

319 2598 509 2666 σαφῶς
571 2600 779 2653 ἕκαστα
807 2599 970 2669 ὁρῶν,
1027 2597 1275 2667 ἐξηγεῖτο
1301 2614 1316 2628 ·
1349 2600 1378 2650 ὁ
1404 2598 1460 2650 δὲ
1511 2600 1640 2667 περὶ
1691 2600 1900 2668 λύχνων

317 2690 462 2758 ἁφὰς
495 2690 794 2754 ἀνασωθεὶς
826 2693 906 2752 εἰς
938 2689 1030 2742 τὺν
1053 2685 1224 2754 οἷκον,
1251 2691 1314 2759 τῇ
1345 2689 1501 2762 κλίνῃ
1529 2707 1586 2742 τε
1617 2707 1900 2759 προσανα-

318 2781 548 2845 κλιθεὶς,
577 2784 682 2852 ὁρᾷ
733 2782 1074 2851 παραχρῆμα
1122 2781 1212 2834 τὸν
1259 2779 1506 2849 Συμεὼν,
1533 2782 1762 2852 φοϐερὸν
1788 2777 1898 2835 οἷον

315 2872 396 2942 τῷ
423 2872 636 2942 δαίμονι
671 2871 986 2942 προσιόντα,
1009 2871 1104 2922 καὶ
1136 2871 1378 2938 χαλεπὰς
1407 2870 1560 2941 αύτῷ
1624 2871 1894 2939 βασάνους

318 2965 616 3032 ἐπάγοντα.
663 2965 728 3015 Ἦ
789 2963 886 3032 μὲν
935 2961 1026 3014 οῦν
1056 2961 1153 3025 νὺξ
1183 2949 1560 3030 ἐκείνηπᾶσα
1615 2964 1819 3032 πικρόν
1845 2981 1898 3016 τι

321 3055 416 3108 καὶ
463 3054 658 3123 γοερὸν
708 3053 1031 3117 ὀλολύζοντα
1085 3051 1176 3104 τὸν
1207 3052 1390 3104 ἄθλιον
1420 3049 1555 3120 εἶχε,
1587 3054 1716 3117 καὶ,
1757 3055 1896 3122 Ἤδη

317 3143 516 3213 ἔξειμι,
533 3143 779 3212 λέγοντα,
813 3145 888 3206 ὡς
905 3144 961 3197 δὲ
984 3145 1078 3196 καὶ
1095 3146 1276 3198 τέλεον
1290 3144 1616 3214 ἀπελήλατο,
1651 3145 1899 3196 ἐπάνεισι

317 3233 454 3302 πρὸς
505 3233 598 3286 τὸν
624 3234 812 3300 ’Λγιον
839 3235 866 3286 ὁ
922 3234 1082 3305 ἀνὴρ,
1115 3236 1182 3287 τά
1210 3233 1334 3286 καθ’
1377 3235 1570 3288 ἑαυτὸν
1611 3235 1896 3302 ἀπαγγέλ-

317 3323 449 3389 λων,
473 3327 622 3389 ὅπως
646 3327 747 3379 οὐκ
779 3327 872 3379 ἐπὶ
902 3326 1002 3395 τῆς
1031 3327 1223 3395 κλίνης
1260 3327 1420 3396 μόνον
1457 3327 1607 3396 αὐτῷ
1649 3328 1894 3396 παράδο-

317 3415 409 3482 ξος
449 3417 663 3488 ὀφθείη,
720 3418 858 3471 ἀλλὰ
913 3419 1015 3470 κάν
1050 3419 1128 3487 τῷ
1169 3419 1397 3486 ποταμῷ
1441 3420 1744 3488 πρότερον·
1807 3422 1894 3472 ὲν-

315 3505 492 3560 ταῦθα
551 3507 648 3578 μὲν
693 3508 934 3579 χαλεποῦ
989 3510 1242 3578 δαίμονος
1293 3509 1785 3574 άπαλ).άξας,ὲκεί
1839 3511 1896 3563 δὲ

317 3599 698 3670 χαλεπωτέρου
727 3601 977 3655 κινδύνου
1019 3601 1345 3671 ῥυσάμενος,
1373 3603 1468 3655 καὶ
1523 3603 1645 3664 δοὺς
1684 3601 1778 3654 τοῦ
1814 3604 1898 3654 αἰ-

315 3691 573 3759 τηθέντος
601 3691 754 3745 οὐδὲν
783 3687 968 3764 ἧττον,
1005 3693 1088 3745 ὅτι
1111 3695 1185 3762 μὴ
1216 3693 1310 3746 καὶ
1347 3692 1550 3762 μᾶλλον
1594 3693 1656 3746 τὸ
1685 3693 1896 3761 dapes»

313 3781 563 3854 δόκητον.

2009 511 2182 564 tione.
2247 510 2518 578 Praicepit
2575 510 2626 563 ei
2677 517 2900 564 sanctus
2959 510 3196 564 reditum
3251 513 3307 566 in
3361 513 3582 568 domum

2005 615 2191 664 suam;
2225 599 2300 652 ibi
2325 599 2494 663 enim,
2529 599 2728 668 inquit,
2757 599 2971 652 videbis
3007 617 3126 664 nos,
3163 601 3216 654 in
3263 611 3434 656 strato
3489 613 3582 656 tuo

2003 692 2314 760 quiescens.
2345 689 2457 743 Nec
2476 689 2646 743 verbo
2665 699 2865 758 praeter
2886 705 2948 744 ea
2971 691 3182 754 addito,
3216 693 3586 748 daamoniacus

2003 783 2176 852 gradu
2216 797 2380 850 quam
2435 789 2651 850 poterat
2697 782 2966 836 citissime
3028 783 3426 836 revertebatur.
3476 783 3582 838 Sed

2005 874 2226 942 quando
2259 873 2324 928 ad
2353 873 2579 927 ﬂuvium
2615 883 2838 926 ventum
2863 883 3000 937 erat,
3037 871 3242 928 imbres
3269 875 3494 929 violenti
3529 875 3584 928 in

2001 965 2290 1020 Melantem
2349 964 2528 1033 illapsi
2555 963 2632 1034 (id
2693 966 2840 1018 enim
2887 964 3051 1020 ﬂuvio
3093 967 3317 1033 nomen)
3369 967 3582 1020 alveum

2001 1063 2264 1110 auxerant
2288 1055 2424 1124 (55).
2449 1054 2589 1119 Quid
2609 1054 2700 1108 hic
2726 1055 2848 1108 ille?
2883 1063 3086 1108 tantam
3117 1057 3171 1108 in
3198 1057 3382 1110 verbis
3409 1055 3582 1110 sancti

2003 1147 2200 1200 habuit
2236 1145 2515 1210 ﬁduciam,
2550 1152 2646 1198 aut
2680 1145 2866 1213 potius
2905 1152 3195 1214 tantopere
3251 1145 3585 1198 acceleravit

2001 1237 2224 1304 exsequi
2257 1236 2405 1289 illius
2447 1234 2724 1299 mandata,
2774 1245 2889 1289 tum
2918 1235 3046 1304 quia
3073 1235 3188 1304 ipse
3225 1243 3581 1304 prmeeperat,

2003 1338 2118 1380 tum
2145 1327 2310 1380 etiam
2337 1327 2510 1395 magis
2530 1325 2683 1396 quod
2713 1327 2962 1395 impense
2997 1335 3226 1394 cuperet
3255 1325 3432 1378 sanari
3457 1342 3472 1390 ;
3503 1335 3585 1391 ut,

2003 1417 2150 1470 nulla
2179 1416 2391 1480 liuenti,
2420 1417 2550 1470 licet
2601 1425 2734 1470 tunc
2787 1415 2970 1486 magni
3031 1414 3340 1485 rapidique,
3401 1415 3586 1469 habita

2003 1508 2216 1564 ratione
2240 1549 2256 1572 ,
2293 1509 2428 1562 illud
2452 1523 2714 1578 superare
2737 1509 3052 1562 tentaverit.

2074 1599 2201 1653 196.
2234 1599 2303 1652 Et
2335 1599 2426 1652 ille
2469 1599 2696 1668 quidem
2737 1599 2982 1652 ﬂuminis
3012 1600 3222 1667 impetu
3253 1599 3495 1662 ablatus,
3527 1599 3583 1652 in

2003 1702 2316 1746 extremum
2345 1692 2475 1746 vitae
2505 1691 2806 1745 devenerat
2827 1691 3164 1758 periculum;
3189 1690 3426 1760 Symeon
3455 1706 3587 1744 vero

2002 1782 2196 1836 eodem
2231 1791 2482 1851 tempore
2515 1779 2710 1834 incidit
2741 1779 2982 1833 instituti
3018 1779 3163 1848 apud
3207 1780 3408 1834 fratres
3457 1795 3588 1834 scr—

2003 1875 2184 1929 monis
2211 1874 2362 1928 filum
2393 1872 2736 1940 (conferebat
2765 1870 2912 1926 enim
2948 1879 3080 1925 tunc
3103 1887 3228 1924 cum
3266 1873 3381 1926 suis
3423 1887 3590 1940 super

2003 1966 2206 2022 salutis
2255 1965 2511 2034 negotiis)
2555 1971 2612 2018 et
2664 1961 2898 2016 orationi
2945 1977 3004 2016 se
3035 1961 3210 2016 dedit.
3261 1963 3588 2031 Postquam

2001 2060 2162 2112 vultu
2188 2057 2384 2112 laetiori
2417 2056 2486 2110 ad
2511 2057 2634 2110 illos
2667 2068 2988 2116 conversus,
3013 2053 3147 2122 quid
3193 2052 3314 2120 viro
3362 2054 3454 2108 illo
3479 2053 3590 2108 da:-

2001 2151 2262 2205 moniaco
2289 2149 2492 2202 factum
2525 2155 2692 2210 esset,
2729 2146 2786 2200 in
2817 2143 3062 2200 medium
3105 2145 3394 2213 produxit;
3445 2160 3588 2214 quo-

2003 2240 2167 2294 modo
2191 2239 2404 2294 scilicet
2427 2237 2579 2292 ﬂuvii
2601 2237 2814 2305 rapacis
2831 2235 3124 2288 transitum
3145 2245 3586 2296 tentareausum,

1997 2331 2220 2400 jamque
2247 2329 2508 2384 violentia
2537 2343 2804 2397 aquarum
2827 2327 3144 2395 abreptum,
3178 2326 3293 2394 ipse
3319 2325 3588 2394 prehensa

2001 2437 2166 2474 manu
2190 2435 2330 2489 pene
2349 2419 2628 2488 perditura
2649 2417 2937 2472 extrahere
2953 2415 3058 2472 sibi
3096 2415 3248 2470 visus
3277 2415 3494 2470 fuisset.
3521 2416 3588 2469 Et

2001 2510 2082 2564 sic
2106 2510 2196 2563 ille
2215 2508 2438 2578 quidem
2472 2508 2664 2562 eadem
2688 2507 2849 2572 hora,
2875 2522 2998 2576 quae
3025 2505 3238 2560 homini
3269 2519 3564 2560 evenerant

1999 2599 2158 2669 quasi
2189 2613 2376 2654 coram
2397 2608 2454 2652 et
2475 2598 2766 2668 perspicue
2793 2596 3046 2660 vidisset,
3079 2596 3382 2652 enarrabat
3418 2595 3589 2649 disci-

1999 2691 2183 2760 pulis:
2233 2689 2398 2744 homo
2439 2703 2572 2744 vero
2606 2689 2721 2758 ipse
2765 2687 2871 2742 sub
2927 2688 3156 2756 tempus!
3200 2702 3312 2756 quo
3361 2685 3588 2739 accendi

2001 2783 2244 2837 lucerna:
2269 2782 2470 2844 solent,
2507 2781 2736 2835 domum
2767 2795 2922 2834 suam
2955 2777 3144 2834 salvus
3165 2787 3332 2848 atque
3377 2779 3591 2832 incolu-

2002 2875 2108 2928 mis
2131 2874 2418 2942 pertingit,
2466 2872 2877 2940 reelinatusque
2939 2871 2996 2924 in
3056 2871 3262 2926 lectum
3318 2871 3592 2938 conspicit

2003 2981 2126 3020 mox
2147 2974 2398 3019 sanctum
2421 2963 2772 3035 Symeoncm,
2791 2962 3022 3016 daemoni
3043 2962 3342 3016 admodum
3371 2961 3591 3016 terribi-

2003 3057 2133 3118 lem,
2165 3053 2426 3109 advenire
2451 3065 2508 3107 et
2528 3053 2926 3108 acerbissimos
2948 3053 3025 3106 illi
3053 3052 3586 3115 cruciatusinferre;

2007 3148 2193 3216 itaque
2233 3154 2404 3200 totam
2439 3144 2614 3208 illam,
2647 3151 2852 3213 quanta
2879 3151 2984 3206 est,
3022 3151 3244 3197 noctem
3271 3142 3479 3198 acerbo
3523 3157 3590 3198 ac

2003 3237 2172 3293 ﬂebili
2198 3253 2321 3291 cum
2355 3237 2565 3306 eiulatu
2594 3235 2906 3304 transigens
2935 3234 3145 3296 infelix,
3173 3233 3586 3304 Jamegredior.

2003 3327 2300 3382 clamabat.
2354 3326 2614 3379 Daemone
2667 3333 2853 3376 autem
2901 3323 3146 3392 perfecte
3205 3323 3383 3392 ejecto
3444 3323 3590 3376 redit

2003 3418 2170 3471 boum
2220 3419 2334 3486 jam
2365 3416 2606 3470 libenter
2647 3412 2716 3466 ad
2775 3422 3051 3473 sanctum,
3097 3414 3424 3466 renuntians
3468 3427 3590 3480 quas

2005 3511 2112 3565 sibi
2134 3509 2479 3573 acciderant;
2517 3506 2799 3575 quomodo
2827 3506 3040 3560 scilicet
3073 3505 3178 3560 sibi
3219 3517 3443 3558 sancrus
3487 3519 3588 3572 ap-

2003 3607 2282 3670 paruerat,
2347 3613 2458 3652 non
2490 3596 2656 3652 modo
2705 3594 3060 3650 decumbenti
3095 3593 3150 3646 in
3199 3593 3366 3656 lecto,
3395 3605 3588 3670 verum

1967 3703 2160 3770 Iantea
2187 3691 2356 3745 etiam
2401 3687 2732 3758 periclitanti
2774 3687 2828 3740 in
2879 3685 3076 3750 ﬂuvio;
3123 3683 3402 3752 quomodo
3459 3682 3585 3735 istic

2002 3799 2224 3853 gravem
2291 3781 2688 3835 exterminant
2761 3778 3066 3832 dmmonem
3097 3817 3109 3838 ,
3175 3773 3266 3828 bic
3345 3770 3584 3842 graviori

319 3872 483 3927 etiam
525 3873 880 3930 subduxisset
907 3873 1212 3930 discrimini
1242 3875 1676 3944 contulissetque
1712 3873 2043 3930 beneﬁcium
2077 3889 2187 3928 non
2229 3871 2484 3936 inferius,
2531 3885 2696 3939 quam
2747 3867 2892 3938 quod
2929 3866 3182 3936 petierat.
3225 3873 3587 3933 praeterquam

317 3963 460 4033 quod
497 3965 670 4034 magis
693 3974 842 4019 esset
879 3965 1335 4034 inexspectatum.

387 4057 526 4126 ρκ’·
570 4059 942 4129 Κοιμωμένων
996 4059 1240 4126 ἀδελφῶν
1294 4060 1353 4111 έν
1409 4057 1568 4128 ἀγρῷ
1622 4075 1754 4111 ποτε
1786 4058 1888 4127 τῆς

320 4149 620 4218 κατωτέρω
658 4151 846 4219 μονῆς,
879 4149 1081 4219 ἑτέρων
1107 4149 1162 4201 δὲ
1193 4150 1366 4218 μέσας
1397 4147 1602 4212 νύκτας
1626 4147 1886 4218 ἐξομολο-

317 4239 590 4309 γήσασθαι
641 4239 759 4309 Θεῷ
815 4241 944 4310 περὶ
997 4241 1086 4292 τὸν
1155 4240 1379 4311 Συμεὼν
1437 4240 1884 4310 ἀθροισθέντων,

326 4333 508 4400 Ὀρᾷν,
541 4333 722 4401 φησὶν,
757 4331 998 4396 ἐδόκουν,
1020 4329 1243 4393 ἐκεῖνος,
1269 4329 1628 4402 λεοπάρδαλιν
1652 4331 1888 4403 ἐξορμη-

313 4421 496 4476 θεῖσαν
525 4421 618 4474 τοῦ
653 4420 898 4490 φωλεοῦ,
930 4423 1025 4474 καὶ
1070 4422 1204 4491 πρὸς
1252 4421 1496 4492 κεφαλῆς
1539 4423 1660 4485 ἐνὸς
1695 4423 1804 4474 τῶν
1832 4425 1889 4474 ἐν

313 4513 468 4582 ἀγρῷ
497 4512 740 4579 ἀδελφῶν
765 4512 1101 4581 ἐφεστῶσαν,
1129 4511 1272 4565 ὥστε
1299 4513 1754 4583 διασπασαμένην
1789 4513 1889 4566 αύ-

312 4601 426 4664 τὸν,
451 4601 546 4654 τοῦ
575 4603 808 4672 αἵματος
854 4601 1235 4672 ἐμφορηθῆναι
1265 4603 1360 4655 καὶ
1377 4602 1487 4656 τῶν
1513 4603 1756 4672 σαρκῶν,
1798 4605 1892 4656 καὶ

309 4691 386 4754 ὡς
413 4692 522 4761 ἐγὼ
549 4693 621 4746 δι’
647 4693 816 4764 εὐχῆς
857 4695 999 4763 εἰήν,
1025 4693 1314 4747 ἀποσοϐῶν
1351 4694 1412 4747 τὸ
1465 4695 1674 4764 θηρίον.
1707 4695 1892 4747 Ταῦτα

309 4783 388 4854 τῷ
437 4786 534 4854 μὲν
577 4785 808 4856 Συμεὼν
857 4786 1106 4856 διήγημα
1139 4787 1274 4856 πρὸς
1323 4787 1448 4849 τοὺς
1487 4785 1737 4856 μαθητάς
1767 4781 1835 4855 ἦν
1873 4802 1887 4818 ·

307 4877 544 4928 ἐτελεῖτο
614 4877 672 4930 δὲ
718 4879 797 4941 είς
831 4877 991 4947 ἔργον
1034 4877 1112 4948 τῷ
1149 4879 1501 4948 κοιμωμένῳ,
1535 4879 1627 4931 καὶ
1682 4878 1892 4932 διυπνι-

311 4965 480 5032 σθεὶς,
506 4968 609 5038 ὁρᾷ
631 4969 768 5036 πρὸς
794 4969 1040 5039 κεφαλῆς
1076 4970 1137 5020 τὸ
1166 4969 1372 5038 θηρίον.
1398 4970 1513 5022 Οὐκ
1539 4969 1678 5038 ἔχων
1703 4969 1885 5022 τοίνυν

309 5054 336 5106 ὃ
369 5072 419 5109 τι
463 5059 555 5108 καὶ
584 5058 772 5128 δράσει
801 5059 877 5130 τῷ
908 5059 1088 5130 ἀθρόῳ
1119 5060 1212 5112 τοῦ
1248 5061 1500 5114 κινδύνου
1525 5061 1621 5115 καὶ
1650 5061 1890 5133 παρ“.ὲλ-

309 5145 457 5212 πίδα,
487 5148 586 5218 τὴν
635 5150 851 5219 ἕτοιμον
905 5152 1105 5204 αὐτίκα
1149 5153 1242 5204 καὶ
1297 5151 1507 5222 ἄμαχον
1547 5153 1801 5222 δύναμιν,
1828 5155 1890 5207 τὸ

305 5233 399 5288 τοῦ
447 5235 592 5290 θείου
643 5239 868 5309 Συμεὼν
917 5241 1107 5310 ὄνομα,
1141 5243 1236 5296 καὶ
1278 5241 1375 5311 τὴν
1404 5242 1614 5296 ἐκεῖθεν
1666 5260 1888 5312 συμμα-

309 5326 430 5396 χίαν
471 5331 790 5386 ἐπεκαλεῖτο
819 5351 832 5364 ·
869 5333 928 5398 ὃς
983 5333 1134 5402 αύτῴ
1176 5337 1270 5386 καὶ
1301 5337 1644 5405 παραχρῆμα
1674 5337 1882 5402 ὀφθεὶς,

309 5421 606 5477 ἀπελαύνει
647 5425 736 5478 τὸν
786 5426 952 5498 θῆρα.
995 5425 1053 5479 '0
1087 5427 1186 5495 μὲν
1209 5423 1303 5479 οὖν
1349 5426 1572 5495 ἁδελφὸς
1611 5427 1714 5497 ἤδη
1753 5431 1882 5497 περὶ

375 5551 488 5630 ί55)
525 5553 877 5630 Nonpidetur
901 5559 997 5611 iste
1035 5557 1200 5612 Melas
1225 5558 1449 5629 intelligi
1485 5561 1740 5630 posseﬂde
1783 5579 1884 5630 quo

308 5623 378 5674 od
411 5639 530 5693 cap.
565 5625 618 5690 9,
643 5627 698 5678 in
733 5637 917 5681 annot.
947 5639 1126 5698 utpote
1159 5631 1315 5683 nimis
1353 5623 1600 5683 remotus.
1638 5623 1885 5686 Fuerunt

307 5709 374 5750 ac
419 5707 756 5750 recementur
789 5699 966 5768 plures
1011 5701 1159 5754 istius
1205 5701 1428 5755 nominis
1473 5703 1656 5776 [im-ii;
1719 5711 1883 5772 potest

2071 4055 2196 4110 197.
2233 4051 2647 4108 Dormientibus
2685 4050 2984 4119 aliquando
3025 4047 3294 4102 fratribus
3355 4046 3592 4101 inferio-

1997 4148 2072 4202 ris
2105 4143 2420 4200 monasterii
2437 4145 2490 4198 in
2505 4141 2776 4213 agrodum
2799 4140 2984 4194 cancri
2998 4139 3099 4193 sub
3115 4148 3330 4192 noctem
3348 4137 3584 4190 mediam

1995 4245 2334 4294 cumsancto
2358 4236 2630 4306 Symeone
2662 4233 2730 4288 ad
2767 4229 3140 4286 conﬁtendum
3189 4228 3421 4284 Domino
3449 4243 3584 4282 con-

1995 4329 2305 4384 venissent:
2321 4327 2579 4391 Videbar,
2603 4323 2783 4394 inquit
2800 4335 3041 4386 sanctus,
3063 4321 3248 4376 videre
3261 4319 3584 4388 Jeepardum

1997 4435 2027 4472 e
2061 4417 2263 4487 spelan
2305 4430 2406 4470 suo
2436 4428 2816 4484 prorumpere,
2861 4423 2918 4466 ct
2942 4410 3106 4480 capiti
3147 4411 3309 4464 unius
3338 4425 3368 4463 e
3395 4408 3582 4462 fratri-

1995 4509 2100 4580 bus
2141 4507 2196 4560 in
2223 4522 2355 4577 agro
2381 4505 2578 4560 infeste
2607 4504 2929 4568 imminere;
2969 4511 3081 4556 tum
3127 4501 3294 4554 veluti
3317 4499 3584 4553 dilaniare

1997 4581 2318 4655 ac‘saturari
2335 4597 2936 4669 sanguineetcarnibus
2953 4594 3099 4648 illius
3119 4611 3134 4658 ;
3151 4593 3388 4661 denique
3413 4591 3584 4659 preci-

1987 4693 2092 4748 bus
2111 4692 2248 4746 meis
2263 4692 2438 4745 arceri
2469 4689 2730 4744 belluam.
2765 4687 2912 4740 Talis
2934 4693 3054 4739 erat
3079 4683 3321 4736 narratio
3355 4682 3582 4751 Symeo-

1987 4786 2095 4848 nis,
2123 4783 2266 4854 apud
2296 4782 2600 4852 discipulos
2619 4780 2868 4834 instituta
2891 4795 2904 4830 :
2938 4792 3025 4830 res
3053 4777 3166 4845 ipsa
3195 4791 3324 4828 vero
3351 4775 3428 4828 sic
3447 4789 3578 4842 age-

1988 4877 2151 4930 batur
2177 4891 2302 4930 eum
2321 4873 2650 4936 dormiente,
2679 4871 2772 4940 qui
2803 4869 3242 4940 expergefactus,
3268 4866 3577 4936 deprellen-

1991 4971 2073 5024 dit
2101 4968 2168 5022 ad
2199 4976 2542 5037 caputsuum
2561 4965 2756 5020 feram.
2779 4964 3006 5035 Ignarus
3029 4970 3210 5016 autem
3243 4960 3576 5028 quidrerum

1993 5061 2247 5132 ageretin
2269 5069 2378 5114 tam
2397 5059 2684 5129 repentino
2701 5057 3004 5126 desperatae
3045 5055 3243 5110 salutis
3281 5052 3532 5122 periculo
3557 5069 3572 5114 ;

2000 5153 2259 5207 inclamat
2291 5159 2536 5220 paratam
2569 5150 2720 5203 illico
2764 5157 2819 5202 et
2861 5146 3342 5217 inexpugnabilem
3385 5154 3572 5213 poten-

1997 5245 2126 5297 tiam
2149 5243 2321 5297 sancti
2343 5241 2635 5313 Symeonis
2659 5248 2950 5303 nomen,ct
2975 5238 3120 5307 quod
3163 5235 3424 5304 consequi
3449 5233 3576 5286 inde

1993 5338 2134 5391 solet
2180 5335 2486 5390 subsidium
2507 5352 2520 5387 :
2539 5333 2634 5403 qui
2661 5332 2926 5386 continuo
2953 5330 3207 5400 apparuit
3228 5325 3571 5386 inclamanti,

1989 5438 2046 5483 et
2075 5427 2312 5482 bclluam
2343 5427 2545 5497 abegit.
2571 5425 2760 5479 Frater
2783 5424 2946 5494 igitur
2971 5423 3074 5477 iste
3111 5419 3356 5474 diluculo
3381 5431 3575 5472 versus

1995 5563 2154 5615 etiam
2184 5561 2460 5632 ignobiiior
2502 5561 2714 5630 quidam
2749 5575 2849 5611 non
2881 5557 3063 5628 procul
3087 5576 3116 5609 [ι
3153 5565 3323 5608 monte
3347 5552 3576 5608 Minoe-li

1995 5633 2236 5702 abfuisse.
