4034 6186
519 316 653 381 ΒΞΘἸ

1718 314 1779 377 S.
1818 313 2196 377 SYMEONIS
2230 312 2605 375 JUNIORIS'

3629 304 3755 369 3168

517 427 828 482 columnam
875 424 1144 489 ascendit,
1190 424 1555 478 admiratione
1608 424 1824 493 plenus,
1869 438 2095 477 narrans

2201 421 2397 491 ὄρθρον
2431 418 2601 487 ἀνέϐη
2654 414 2806 485 παρᾶ
2847 407 2939 467 τὸν
2987 414 3201 475 στύλον.
3236 412 3516 483 θαύματος
3561 413 3759 482 γέμων,

516 531 644 571 eum
678 524 926 587 stupore,
951 532 1073 585 quae
1094 517 1361 570 vidisset:
1389 513 1488 571 sed
1521 515 1726 584 reperit
1744 515 1882 569 alios
1902 514 2093 582 majori

516 615 744 676 stupore
802 607 1131 676 completos,
1172 605 1332 675 quod
1386 605 1515 675 ipsi,
1564 619 1687 674 qua:
1744 604 1892 659 circa
1942 602 2095 657 illum

516 713 566 768 go
586 705 669 751 sta
700 696 940 758 fuerant,
962 696 1075 766 jam
1103 703 1421 749 narrassent
1456 694 1602 749 inter
1629 708 1710 758 se,
1740 693 1969 747 alterius
2000 691 2098 745 ad-

517 799 743 843 ventum
772 795 1185 857 przcvertentes.
1222 786 1299 840 Ita
1344 786 1566 839 divinus
1609 784 1865 855 Symeon,
1897 783 2098 840 crassi-

519 878 647 931 tiem
686 892 904 930 omnem
935 877 1395 944 all'ectionemque
1421 875 1756 928 materialem
1790 885 2096 944 transgres-

517 983 631 1029 sus,
666 967 960 1036 beatisque
985 966 1093 1019 illis
1128 967 1408 1019 mentibus
1437 980 1497 1019 se
1528 966 1756 1035 propius
1792 964 2096 1034 adiungens

514 1071 678 1131 atque
702 1071 866 1117 utens
898 1061 1266 1127 familiariter,
1320 1062 1488 1114 multa
1530 1069 1643 1114 tum
1682 1058 1867 1112 futura
1897 1058 2095 1128 praevi-

515 1153 617 1213 dit,
648 1162 760 1205 tum
779 1153 939 1221 longe
964 1167 994 1205 a
1014 1166 1071 1205 se
1101 1160 1309 1205 remota
1331 1151 1498 1205 veluti
1524 1149 1814 1219 praesentia
1834 1149 2092 1218 inspexit.

514 1242 621 1298 Sed
653 1251 870 1310 tempus
906 1250 991 1296 est
1022 1241 1090 1295 ad
1138 1243 1245 1296 alia
1288 1242 1628 1296 transeundi.

595 1332 710 1385 I98.
752 1333 848 1385 Vir
880 1332 1104 1402 quidam
1131 1346 1163 1386 e
1186 1347 1418 1387 numero
1454 1331 1671 1386 illorum
1710 1331 1806 1401 qui
1837 1346 1939 1401 pro
1965 1330 2097 1387 adi-

516 1420 661 1475 ﬁciis
705 1420 948 1474 civitatis
976 1420 1189 1488 lapides
1230 1420 1468 1483 caedunt,
1510 1420 1650 1473 mala
1684 1420 1951 1474 damonis
1976 1431 2094 1472 arte

513 1513 802 1565 mutilatus
829 1510 1056 1565 sinistro
1084 1510 1268 1574 oculo,
1303 1509 1560 1564 mercede
1584 1524 1748 1578 quam
1782 1524 1884 1578 pro
1907 1508 2093 1561 labore

512 1618 773 1657 manuum
790 1602 1089 1670 accepisset
1118 1600 1437 1670 privabatur
1460 1618 1473 1653 :
1493 1610 1807 1655 eratantem
1828 1601 2091 1670 singulari

513 1694 567 1749 in
606 1703 855 1749 sanctum
885 1694 1083 1748 ﬁducia
1110 1694 1519 1757 corroboratus,
1553 1704 1747 1749 caetera
1781 1694 1970 1765 pingui
2004 1695 2092 1748 in-

512 1786 677 1857 genio
708 1794 765 1840 et
792 1785 1016 1839 rusticis
1038 1786 1308 1840 moribus.
1334 1785 1494 1839 Venit
1523 1785 1611 1839 ille
1641 1785 1709 1838 ad
1741 1783 2091 1855 Symeonem,

511 1887 569 1932 et
606 1885 755 1932 totus
779 1877 933 1931 humi
964 1878 1279 1947 procidens,
1309 1879 1558 1946 pecuniae
1590 1879 1860 1947 jacturam
1889 1878 2095 1933 lamen-

513 1968 755 2022 tabatur.
786 1967 1023 2023 Sanctus
1047 1984 1181 2023 vero
1221 1968 1454 2040 Symeon
1480 1970 1569 2023 vix
1602 1971 1820 2024 tandem
1853 1971 2093 2025 levatum

513 2059 795 2114 hominem
839 2060 1283 2129 appropinquare
1331 2061 1525 2130 jussit,
1573 2077 1809 2130 cumque
1860 2062 2094 2131 inexpu-

510 2152 731 2222 gnabile
766 2152 946 2207 crucis
970 2151 1269 2206 Dominicaz
1299 2151 1517 2222 signum
1559 2152 1663 2222 ipsi
1694 2153 2092 2222 impressisset;

509 2242 717 2312 ejulare
762 2243 1029 2296 continuo
1058 2241 1333 2311 malignus
1375 2241 1626 2310 spiritus,
1670 2242 1948 2296 hominem
1979 2241 2095 2296 fere

509 2331 800 2395 dilaniare,
856 2346 921 2385 ac
962 2331 1247 2401 postulare
1292 2330 1633 2385 missionem.
1682 2331 1876 2387 Statim
1927 2331 2094 2400 igitur

509 2436 637 2476 cum
662 2421 1033 2491 increpatione
1058 2420 1378 2491 expellitur,
1403 2430 1459 2475 et
1490 2437 1634 2492 aegro
1666 2422 1908 2476 hominis
1936 2423 2095 2477 oculo

508 2511 885 2583 perspicacius
919 2526 1082 2581 quam
1114 2522 1434 2580 speraverat
1477 2513 1666 2567 lumen
1702 2512 1984 2578 redditur;
2033 2524 2096 2569 ut

510 2602 686 2656 multo
715 2601 1075 2656 excellentius
1111 2601 1319 2657 donum
1368 2610 1515 2657 esset
1544 2618 1707 2671 quam
1733 2604 1985 2673 petierat,
2026 2618 2093 2663 eo

509 2694 629 2747 fere
656 2709 767 2762 quo
791 2693 941 2746 Sauli
965 2693 1196 2765 contigit
1222 2693 1410 2758 modo,
1435 2694 1566 2748 licet
1598 2695 1689 2750 ille
1715 2694 1921 2767 [asinas
1946 2715 2096 2769 qum-

510 2780 661 2853 rens]
703 2797 932 2852 regnum
975 2781 1313 2849 obtinuerit;
1343 2784 1598 2853 quamvis
1623 2794 1681 2839 et
1708 2785 1857 2840 oculi
1907 2787 2095 2843 lumen

511 2876 632 2946 ipso
680 2889 852 2945 regno
902 2875 1062 2945 longe
1116 2875 1473 2945 praestantius
1509 2875 1601 2930 sit.
1646 2874 1762 2931 Hoc
1806 2878 1898 2933 ille
1932 2879 2095 2934 modo

509 2968 799 3023 sanitatem
822 2977 1178 3031 consecutus,
1204 2976 1353 3022 tanta
1374 2968 1741 3025 admiratione
1759 2956 2094 3041 stuporeque

510 3060 800 3130 perculsus
829 3060 954 3123 fuit,
982 3067 1044 3113 ut
1077 3058 1369 3115 deﬁciente
1395 3076 1530 3115 voce
1561 3061 1971 3118 obmutesceret
1995 3082 2007 3116 :
2041 3072 2096 3117 at

509 3152 745 3223 Symeon
771 3161 986 3207 secreto
1019 3152 1094 3206 ita
1120 3152 1272 3205 illum
1303 3153 1575 3207 allocutus
1605 3162 1718 3208 est:
1750 3154 1976 3208 Multum
2009 3152 2094 3207 in-

511 3249 683 3295 terest
714 3240 1061 3295 discriminis
1083 3240 1270 3294 lumen
1303 3241 1448 3295 inter
1476 3250 1531 3295 et
1552 3243 1865 3311 pecuniam,
1894 3243 2097 3312 gratias

509 3347 609 3402 age
631 3332 764 3394 Deo,
790 3332 885 3401 qui
912 3330 1060 3401 quod
1085 3332 1281 3387 melius
1305 3333 1534 3403 largitus
1561 3332 1658 3386 tibi
1680 3338 1783 3395 est,
1806 3341 2096 3402 potestque

512 3423 679 3478 etiam
706 3423 854 3494 quod
877 3424 1042 3479 vilius
1065 3424 1273 3479 donare
1297 3443 1311 3479 :
1340 3424 1478 3479 vade
1506 3424 1692 3494 igitur,
1720 3432 1775 3478 et
1805 3425 2095 3493 pristinam

518 3524 673 3571 recte
702 3516 924 3570 vivendi
965 3532 1215 3571 normam
1263 3525 1390 3572 tene
1427 3533 1440 3570 :
1478 3516 1559 3571 sic
1596 3530 1876 3584 nunquam
1908 3515 2097 3585 despi-

511 3608 624 3663 ciet
664 3614 719 3662 te
763 3606 930 3670 Deus,
973 3607 1069 3663 sed
1104 3607 1290 3662 subito
1327 3622 1522 3661 aurum
1571 3621 1793 3676 quoque
1824 3606 2093 3661 invenies.

510 3699 727 3767 Quibus
756 3698 941 3761 dictis,
964 3698 1191 3753 revertit
1216 3698 1308 3753 ille
1334 3697 1598 3768 gaudens.
1626 3712 1734 3751 non
1762 3696 1927 3751 modo
1949 3696 2096 3766 quod

511 3792 710 3847 melius
743 3806 801 3846 se
831 3791 1081 3855 haberet,
1110 3790 1286 3860 eiecto
1308 3789 1557 3844 daemone
1580 3798 1745 3859 atque
1773 3790 1934 3846 oculo
1959 3805 2099 3858 prae-

512 3891 599 3938 ter
629 3898 781 3952 spem
824 3881 1151 3945 illuminato,
1181 3897 1372 3937 verum
1412 3881 1578 3936 etiam
1618 3890 1843 3950 propter
1886 3879 2098 3949 pollici-

514 3975 775 4030 tationem
827 3972 1171 4029 inveniendae
1219 3972 1469 4044 pecuniae
1510 3988 1524 4026 :
1559 3986 1723 4042 quam
1761 3970 1956 4041 ipsam,
1999 3970 2094 4025 ubi

512 4062 741 4120 domum
774 4066 1054 4133 attigerat,
1093 4064 1149 4118 in
1193 4063 1338 4119 lecto
1384 4062 1614 4132 reperit,
1664 4062 1818 4116 velut
1861 4062 2093 4116 alterum

511 4155 798 4209 oculorum
843 4154 1030 4209 lumen
1088 4170 1104 4207 :
1160 4151 1610 4222 quandoquidem
1658 4151 1807 4206 illius
1847 4150 2097 4206 defectus

513 4255 742 4318 prepter
785 4245 1045 4314 inopiam,
1086 4244 1263 4315 ipsum
1309 4260 1421 4299 non
1454 4243 1639 4299 minus
1683 4259 1846 4314 quam
1880 4245 2097 4300 caecitas

514 4338 738 4392 anxium
780 4336 1043 4391 habebat.

2198 512 2294 565 καὶ
2326 514 2424 565 σὺν
2466 508 2728 578 ἐκπλήξει
2765 506 3154 577 ἀφηγούμενος
3182 505 3327 577 ἅπερ
3360 505 3494 558 ἴδοιο
3524 505 3759 575 εὑρίσκει
3811 548 3827 559 .

2195 603 2252 656 δὲ
2273 604 2400 665 τοὺς
2427 602 2648 664 λοιποὺς
2678 600 2884 670 μείζονι
2914 598 3116 667 θάμῦει
3138 596 3631 667 κατειλημμένους,
3653 598 3761 666 ὅσῳ

2195 695 2263 746 τὰ
2296 695 2375 757 είς
2402 694 2564 747 αὑτὸν
2592 691 2856 761 γεγονότα
2889 690 3186 758 φθάνοντες
3230 688 3432 759 μᾶλλον
3493 688 3647 740 αὐτοὶ
3678 688 3761 741 δι-

2205 786 2455 857 εξῄεσαν.
2480 783 2667 846 Οὕτως
2685 786 2715 837 ὀ
2737 784 2879 846 θεῖος
2902 780 3129 851 Συμεὼν
3157 780 3445 849 παχύτητα
3474 781 3650 833 πᾶσαν
3673 780 3760 833 καὶ

2198 879 2382 945 σχέσιν
2443 875 2632 946 ὑλικὴν
2675 875 3047 944 ὑπεραναῶς,
3078 875 3147 942 τῇ
3195 889 3258 924 τε
3314 872 3567 942 μακαρίᾳ
3608 872 3760 940 φύσει

2196 966 2391 1018 ἑαυτὸν
2429 966 2506 1028 ὡς
2539 966 2667 1035 ἐνῆν
2707 965 2950 1032 συνάψας
2980 964 3087 1016 καὶ
3116 962 3406 1025 οἰκειώσας
3426 1000 3442 1024 ,
3476 961 3643 1014 πολλὰ
3673 963 3763 1015 καὶ

2196 1056 2303 1109 τῶν
2357 1056 2658 1125 μελλόντων
2712 1055 3064 1125 προὸλέπειν,
3092 1053 3203 1106 τῶν
3259 1070 3320 1105 τε
3359 1052 3469 1106 ἀπὸ
3500 1051 3762 1123 μακρόθεν

2193 1148 2379 1218 διορᾷν
2402 1147 2479 1209 ὡς
2504 1147 2748 1216 παρόντα
2778 1146 2997 1215 ἠξίωτο.
3027 1145 3168 1213 Ὦρα
3192 1144 3250 1197 δέ
3280 1144 3380 1214 ἠδη
3412 1143 3510 1203 καὶ
3541 1144 3675 1214 πρὸς
3696 1145 3763 1196 τὰ

2195 1237 2323 1307 ἐξῆς
2357 1237 2679 1306 μεταϐῆναι.

2268 1328 2413 1400 ριιηκ
2453 1329 2616 1397 ’Δνήρ
2664 1345 2749 1391 τις
2798 1326 2907 1379 τῶν
2940 1327 2997 1377 ἐν
3019 1328 3140 1389 ταῖς
3167 1325 3476 1393 οἰκοδομαῖς
3520 1326 3621 1395 τῆς
3666 1326 3764 1380 πό-

2193 1421 2331 1483 λεως
2358 1417 2754 1488 λατομούντων,
2785 1419 2878 1471 τὸν
2907 1416 3186 1487 εὐώνυμον
3213 1416 3491 1487 ὀφθαλμὸν
3517 1417 3768 1487 δαίμονος

2194 1513 2431 1584 ἐπηρείᾳ
2462 1513 2885 1585 πεπηρωμένος,
2914 1513 2975 1565 τὸ
3009 1511 3270 1584 μίσθωμα
3313 1512 3407 1566 τοῦ
3433 1513 3543 1566 τῶν
3570 1514 3767 1584 χειρῶν

2195 1606 2357 1659 πόνου
2381 1605 2737 1677 διασεσύλητο
2759 1622 2774 1638 ·
2805 1605 2863 1669 ὀς
2889 1604 2960 1659 τὰ
2992 1604 3091 1675 μὲν
3111 1605 3250 1660 ἄλλα
3272 1609 3449 1676 παχὺς
3468 1603 3536 1675 ἦν
3562 1624 3648 1669 τις
3672 1608 3767 1659 καὶ

2194 1698 2502 1768 ἀγροικίας,
2527 1699 2626 1769 τὴν
2675 1697 2732 1750 δὲ
2767 1698 2903 1768 πρὸς
2937 1697 3028 1751 τὸν
3055 1698 3250 1765 ’Δγιον
3275 1700 3462 1752 πίστιν
3491 1701 3587 1751 καὶ
3626 1700 3769 1768 μάλα

2199 1791 2427 1862 ἔρρωτο.
2462 1783 2632 1853 Οὗτος
2677 1790 2755 1859 τῷ
2813 1784 3043 1860 Συμεὼν
3100 1790 3441 1863 προσελθὼν,
3492 1791 3661 1852 πολὺς
3700 1785 3769 1859 ’ἦν

2202 1882 2412 1950 ῥίπτων
2471 1881 2617 1934 κατά
2661 1881 2767 1949 γῆς
2811 1882 3023 1945 ἑαυτὸν,
3056 1883 3152 1935 καὶ
3204 1882 3304 1951 τὴν
3345 1881 3440 1934 τοῦ
3484 1884 3769 1951 χρήματος

2197 1971 2472 2026 ἀπώλειαν
2507 1972 2853 2041 ὀδυρόμενος.
2890 1972 2949 2024 ὐ
2974 1972 3031 2025 δὲ
3065 1972 3217 2041 μόλις
3241 1973 3403 2025 αὑτὸν
3433 1973 3769 2040 ἀναστήσας,

2197 2064 2434 2132 ἐγγίζειν
2464 2063 2773 2118 ἐκέλευσενο
2810 2062 2885 2127 ὡς
2908 2064 2966 2117 δὲ
2996 2065 3093 2118 καὶ
3118 2065 3211 2117 τὸν
3251 2065 3466 2133 ἄμαχον
3494 2064 3644 2132 αύτῷ
3676 2064 3774 2117 καὶ

2196 2155 2524 2208 Δεσποτικδν
2571 2154 2820 2209 ἐπιϐάλοι
2877 2153 2973 2208 τοῦ
3022 2155 3257 2221 σταυροῦ
3292 2156 3484 2218 τύπον,
3510 2151 3774 2222 ὠλόλυξεν

2195 2245 2391 2300 αὐτίκα
2418 2247 2479 2299 τὸ
2512 2246 2752 2316 πνεῦμα,
2773 2248 2869 2299 καὶ
2889 2245 2980 2300 τὸν
3003 2246 3289 2316 ἄνθρωπον
3323 2247 3520 2317 μικροῦ
3549 2248 3774 2319 διερῤή-

2195 2353 2319 2403 γνυ,
2346 2337 2438 2390 καὶ
2460 2338 2794 2407 ἀπολυθῆναι
2821 2338 3010 2392 τούτου
3046 2341 3234 2395 ἐδεῖτο.
3263 2342 3369 2395 Καὶ
3394 2341 3454 2394 τὸ
3486 2343 3587 2412 μὲν
3612 2343 3773 2406 εὐθὺς

2197 2428 2518 2498 ἐπιτιμηθέν
2560 2430 2924 2483 ἀπελαύνεται
2951 2446 2966 2460 ·
2998 2431 3076 2499 τῷ
3109 2432 3166 2484 δὲ
3213 2433 3309 2485 τοῦ
3340 2433 3644 2503 πάσχοντος
3674 2436 3772 2502 ὀφ-

2196 2521 2385 2592 θαλμῷ
2402 2520 2739 2593 κρεῖττον
2764 2523 2883 2575 κατ’
2911 2524 3103 2577 ἐλπίδα
3126 2525 3187 2577 τὸ
3208 2526 3325 2594 φῶς
3348 2526 3679 2590 ἀποδίδοται,
3699 2528 3774 2589 ὡς

2196 2607 2335 2663 εἶναι
2360 2609 2457 2665 τοῦ
2484 2611 2799 2679 αἰτηθέντος
2827 2612 3011 2681 μεῖζον
3042 2614 3192 2684 παρὰ
3214 2616 3349 2669 πολὺ
3373 2618 3434 2671 τὺ
3459 2619 3636 2682 δοθὲν,
3656 2636 3783 2675 κατ’

2197 2700 2362 2753 αὑτὸν
2391 2700 2484 2753 τὸν
2515 2701 2711 2766 Σαοὺλ,
2747 2703 2795 2755 εί
2822 2704 2915 2756 καὶ
2943 2705 3243 2775 πάρεργον,
3277 2707 3552 2777 βασιλείαν
3574 2714 3781 2785 εὑρεῖν,

2197 2792 2314 2848 ἀλλ’
2346 2794 2447 2847 οὐκ
2475 2792 2755 2864 ὀφθαλμοῦ
2790 2796 2925 2862 φῶς,
2957 2796 2986 2850 6
3023 2797 3120 2851 καὶ
3149 2798 3426 2868 βασιλείας
3478 2803 3661 2873 πολλῴ
3700 2823 3786 2860 τι..

2204 2885 2491 2958 μιώτερον.
2553 2887 2612 2941 '0
2654 2890 2753 2958 μὲν
2800 2885 2895 2944 οὖν
2933 2891 3232 2961 θεραπείας
3270 2893 3529 2962 τοιαύτης
3578 2896 3785 2965 τυχὼν,

2194 2974 2366 3038 οὑτως
2396 2975 2500 3028 ὑπὸ
2531 2976 2623 3027 τοῦ
2651 2974 2928 3044 θαύματος
2950 2976 3399 3046 καταπέπληκτο,
3429 2975 3505 3038 ὡς
3529 2975 3628 3028 καὶ
3658 2993 3779 3042 φω-

2199 3067 2296 3135 νὴν
2325 3066 2488 3118 αὑτὸν
2512 3065 2942 3119 ἐπιλελοιπέναι·
2973 3067 3156 3136 ἠρέμα
3174 3066 3231 3119 δέ
3261 3066 3399 3137 πρὸς
3420 3066 3589 3119 αὑτὸν
3612 3068 3642 3120 6
3672 3067 3780 3119 Συ-

2201 3156 2368 3227 μεὼν,
2397 3157 2471 3210 Τὸ
2507 3157 2644 3224 φῶς,
2671 3156 2795 3226 ἔφη,
2824 3156 2918 3210 τοῦ
2943 3158 3164 3228 χρυσίου
3201 3158 3335 3211 πολὺ
3365 3158 3616 3229 διαφέρει
3639 3175 3653 3189 ·
3689 3160 3781 3212 εύ-

2197 3249 2444 3318 χαρίστει
2476 3247 2654 3301 τοίνυν
2686 3248 2805 3317 Θεῷ
2844 3248 2922 3317 τῷ
2967 3248 3034 3301 τὰ
3068 3249 3240 3316 μείζω
3271 3251 3650 3320 χαρισαμένῳ,
3682 3251 3782 3304 καὶ

2195 3338 2421 3401 δυνατὸς
2451 3338 2613 3402 αὑτὸς
2654 3337 2987 3407 παρέξεσθαι
3028 3340 3123 3391 καὶ
3167 3339 3231 3391 τὸ
3259 3340 3501 3394 ἔλαττον.
3531 3340 3779 3409 Πορεύου

2195 3426 2483 3496 τοιγαροῦν
2506 3427 2760 3497 ἐχόμενος
2781 3426 2882 3495 τῆς
2910 3428 3100 3495 πρώην
3135 3425 3448 3496 εὐθύτητος,
3472 3427 3567 3479 καὶ
3591 3427 3781 3479 οὐκέτι

2198 3517 2499 3588 παρόψεταί
2549 3535 2630 3581 σε,
2664 3517 2800 3570 ἀλλὰ
2834 3518 2971 3587 ταχὺ
3010 3518 3109 3571 καὶ
3149 3517 3211 3570 τὸ
3237 3518 3460 3588 χρυσίον
3497 3518 3783 3588 εὑρήσεις.

2195 3610 2307 3663 Καὶ
2332 3612 2360 3663 6
2386 3612 2484 3680 μὲν
2519 3610 2744 3680 ἐπανῄει
2769 3609 2995 3680 χαίρων,
3032 3608 3131 3679 οὑχ
3161 3602 3244 3671 οἷς
3266 3607 3329 3661 εὖ
3349 3608 3654 3677 τηνικαῦτα
3683 3626 3787 3661 πε-

2199 3693 2384 3753 πόνθοι
2446 3698 2625 3767 μόνον,
2657 3702 2723 3769 τῇ
2748 3715 2807 3751 τε
2834 3698 2928 3751 τοῦ
2962 3697 3216 3767 δαίμονος
3239 3698 3526 3770 ἀπαλλαγῇ
3551 3699 3785 3769 δηλαδὴ,

2195 3789 2292 3843 καὶ
2316 3790 2382 3859 τῇ
2405 3787 2498 3841 τοῦ
2522 3787 2803 3870 ὀφθαλμοῦ
2832 3790 2961 3859 παρ’
2985 3776 3176 3842 ἐλπίδα
3205 3788 3394 3860 ρὡει,
3423 3789 3560 3842 ἀλλὰ
3584 3790 3683 3843 καὶ
3704 3783 3791 3852 οἷς

2195 3878 2527 3946 ἐπαγγελίας
2559 3878 2656 3947 τῆς
2689 3877 2782 3932 τοῦ
2820 3878 3104 3948 χρήματος
3141 3878 3414 3951 εὑρέσεως
3461 3879 3616 3948 τύχοι
3637 3890 3667 3909 ’“
3691 3882 3793 3933 καὶ

2196 3970 2293 4038 τὴν
2325 3969 2498 4023 οὶκίαν
2524 3968 2864 4033 καταλαϐὼν,
2895 3969 3010 4038 φῶς
3031 3968 3222 4041 ὥσπερ
3245 3969 3411 4023 αὐτοῦ
3439 3973 3553 4034 τοῖς
3582 3971 3795 4040 ὀφθαλ-

2200 4064 2321 4133 μοῖς
2366 4060 2524 4114 τοῦτο
2569 4060 2842 4130 δεύτερον,
2872 4061 2963 4112 ἐπὶ
2994 4060 3096 4129 τῆς
3128 4062 3317 4132 κλίνης
3358 4063 3626 4134 εὑρίσκει,
3659 4064 3795 4117 ἐπεὶ

2197 4154 2293 4208 καὶ
2324 4153 2423 4222 τῆς
2447 4151 2772 4223 τυφλώσεως
2792 4153 2952 4206 αὑτὸν
2984 4154 3134 4207 οὐδὲν
3168 4150 3331 4225 ἧττον
3372 4156 3409 4224 ἠ
3437 4153 3534 4207 τοῦ
3554 4157 3793 4226 χρυσίου

2200 4246 2455 4316 στέρησις
2480 4244 2568 4299 διὰ
2588 4243 2786 4299 πενίαν
2810 4243 3019 4300 ἐλύπει.

586 4438 710 4495 199.
752 4438 947 4493 Mulier
967 4437 1217 4509 quazdam
1248 4437 1611 4505 Antiochena,
1639 4440 1820 4495 ablata
1846 4440 1991 4495 furto
2029 4456 2087 4495 re

2270 4424 2406 4494 ριιθκ
2437 4424 2577 4494 Γυνή
2610 4442 2695 4488 τις
2742 4426 2807 4479 ἐκ
2831 4425 2933 4494 τῆς
2975 4424 3250 4497 Ἀντιόχου
3295 4428 3396 4498 τὴν
3425 4429 3618 4484 οὐσίαν
3642 4433 3794 4509 ἁπο-

514 4531 792 4599 familiari,
824 4531 984 4586 Ocius
1017 4529 1083 4585 ad
1119 4530 1431 4586 columnam
1473 4530 1788 4595 festinabat,
1826 4547 2088 4603 persuasa

514 4624 845 4679 calamitatis
874 4640 986 4679 sum
1007 4639 1066 4679 se
1094 4623 1219 4678 istic
1240 4623 1542 4678 remedium
1570 4623 1940 4687 inventuram,
1958 4639 2093 4693 quo-

514 4718 663 4773 niam
690 4718 949 4787 prmclara
970 4716 1023 4771 in
1045 4725 1294 4771 sanctum
1315 4716 1513 4770 ﬁducia
1537 4714 1847 4780 ferebatur;
1866 4726 1921 4771 et
1946 4716 2091 4785 quod

514 4808 719 4866 factum
747 4818 865 4863 crat
883 4824 1007 4863 cum
1028 4809 1240 4877 ploratu
1261 4807 1590 4878 explicabat.
1614 4806 1715 4861 Cui
1733 4807 1818 4861 vir
1838 4817 2090 4862 sanctus:

515 4900 813 4965 Maleficus,
851 4900 1050 4970 inquit,
1086 4900 1177 4954 illa
1208 4900 1425 4955 furatus
1457 4910 1542 4955 cst
1573 4916 1587 4952 :
1616 4899 1712 4953 sed
1757 4899 1916 4964 vade,
1958 4900 2094 4955 nihil

517 4994 760 5050 animum
789 4994 1163 5064 despondens,
1194 4992 1304 5047 imo
1329 4993 1494 5047 etiam
1527 4991 1699 5061 magis
1728 4991 1955 5053 conlisa.
1976 4991 2096 5045 vel-

518 5086 596 5141 uti
640 5086 684 5141 si
712 5086 779 5141 de
803 5085 1222 5155 recuperatione
1251 5093 1401 5139 certa
1426 5084 1591 5140 fores.
1621 5084 1818 5139 Audita
1842 5084 1944 5139 hac
1969 5099 2100 5153 pro-

517 5175 727 5246 plietia,
747 5175 843 5229 illo
865 5190 959 5230 ore
986 5176 1217 5245 prolata,
1236 5175 1379 5244 quod
1404 5174 1575 5245 gratia
1598 5183 1751 5229 certo
1768 5172 2098 5245 praedicendi

518 5268 705 5323 futura
749 5267 1011 5323 donatum
1046 5277 1185 5331 erat,
1232 5282 1331 5337 pro
1363 5267 1648 5336 explorato
1690 5266 1802 5336 jam
1864 5265 2100 5320 habebat

518 5377 608 5418 res
632 5377 759 5417 suas
804 5361 1121 5432 deperditas
1183 5361 1461 5415 restitutas
1493 5376 1651 5426 esse;
1697 5369 1860 5428 atque
1903 5358 1976 5413 ita
2008 5374 2099 5413 re-

525 5452 727 5505 meavit
748 5451 1011 5521 gaudens,
1044 5450 1338 5520 animoque
1378 5464 1409 5503 a
1439 5448 1587 5503 curis
1630 5448 1830 5502 libero.
1859 5447 2103 5501 Interro-

524 5542 782 5611 gantibus
801 5552 1169 5599 revertentem
1196 5541 1413 5608 vicinis,
1430 5540 1561 5611 quid
1586 5539 1803 5594 tandem
1824 5538 2104 5593 enuntias-

529 5644 613 5687 set
638 5641 860 5689 sanctus
884 5634 950 5689 de
983 5633 1149 5689 rebus
1175 5633 1393 5697 ablatis,
1425 5647 1487 5687 ac
1514 5632 1788 5703 praecipue
1818 5630 1936 5700 ipso
1970 5626 2102 5682 furti

527 5731 775 5789 auctore,
803 5725 888 5778 cui
920 5724 971 5779 id
1010 5724 1279 5794 imprimis
1304 5740 1450 5779 curae
1475 5730 1593 5778 erat
1624 5722 1768 5793 (nam
1793 5730 1846 5776 et
1875 5721 1989 5791 ipse
2019 5720 2102 5774 vi-

2198 4519 2494 4588 σεσύλητο·
2524 4516 2662 4587 αὑτη
2703 4516 2938 4587 δρομαία
2986 4518 3138 4589 παρὰ
3178 4520 3271 4574 τὸν
3301 4523 3494 4577 στύλον
3522 4526 3792 4591 ἐλθοῦσα,

2196 4618 2331 4671 ὅπου
2375 4622 2470 4671 καὶ
2510 4619 2611 4689 τῆς
2649 4621 2938 4689 συμφορᾶς
2981 4618 3159 4690 εὑρεῖν
3188 4618 3406 4688 ἐνόμιζε
3447 4616 3626 4685 λύσιν,
3664 4618 3793 4671 ἐπεὶ

2204 4710 2298 4763 καὶ
2318 4711 2551 4773 πίστεως
2566 4678 2659 4773 ἐίς
2681 4678 2787 4762 τδν
2800 4678 2992 4777 ’Ᾰγίον
3008 4678 3121 4780 εἷχε
3136 4678 3519 4780 διαφερόντως,
3547 4678 3795 4778 τδσγεγοο

2201 4804 2289 4864 νὸς
2340 4800 2685 4854 ἀπεκλαίετο.
2718 4801 2859 4869 Πρὸς
2891 4801 2958 4871 ἢν
3002 4803 3030 4854 6
3071 4800 3213 4864 θεῖος
3244 4802 3415 4870 ἀνὴρ,
3455 4802 3794 4871 Κακοῦργος

2205 4894 2301 4964 μὲν
2331 4893 2579 4962 ὑφείλετο
2606 4892 2799 4959 ταῦτα,
2836 4892 2961 4961 ἔφη,
3005 4892 3142 4946 ἀλλὰ
3171 4893 3403 4962 πορεύου
3443 4893 3612 4962 μηδὲν
3650 4893 3792 4944 ἀθυ-

2206 4985 2406 5056 μοῦσα,
2432 4983 2739 5037 τούναντίον
2765 4984 2862 5053 μὲν
2891 4977 2985 5035 οὖν
3013 4982 3107 5035 καὶ
3131 4981 3423 5035 πεποιθυῖα
3454 4980 3687 5051 μᾶλλον,
3714 4980 3793 5040 ὡς

2202 5079 2263 5131 οὑ
2286 5079 2384 5145 τῆς
2409 5076 2675 5148 εὑρέσεως
2699 5076 2877 5129 αὐτῶν
2904 5076 3249 5146 ἀστοχήσεις.
3284 5074 3348 5127 Ἦ
3374 5074 3432 5127 δὲ
3453 5074 3534 5144 τῷ
3558 5073 3792 5127 τοιαῦτα

2204 5171 2302 5241 τῆς
2333 5169 2672 5240 προφητικῆς
2696 5168 2908 5239 ἐκείνης
2936 5168 3167 5222 ἀκοῦσαι
3189 5166 3457 5236 γλώττης,
3480 5166 3577 5218 καὶ
3604 5166 3791 5234 λέγειν

2206 5258 2464 5329 ἀσφαλῶς
2515 5256 2576 5310 τὸ
2629 5256 2820 5326 μέλλον
2853 5255 3196 5325 ὴξιωμένης,
3230 5255 3525 5326 εὑρηκέναι
3570 5254 3675 5324 ἠδη
3720 5253 3791 5304 τὰ

2206 5350 2542 5414 ἀπολωλότα,
2574 5349 2669 5402 καὶ
2707 5348 2836 5420 παρ’
2875 5350 3040 5418 ἑαυτῇ
3093 5346 3365 5417 νομίσασα
3404 5347 3573 5417 ἔχειν,
3612 5346 3789 5403 οὕτως

2208 5441 2433 5514 ἐπανῄει
2464 5440 2749 5512 χαίρουσα,
2787 5441 2882 5492 καὶ
2916 5438 3187 5508 μερίμνης
3217 5438 3303 5490 ἐπ’
3334 5437 3522 5498 αὐτοῖς
3546 5434 3650 5505 τὴν
3680 5434 3786 5504 dm.

2207 5536 2309 5605 χὴν
2341 5533 2621 5604 ἐλευθέρα.
2651 5531 2774 5585 Τῶν
2811 5525 2903 5584 οὖν
2930 5529 3206 5599 γειτόνων,
3231 5529 3259 5581 ὅ
3280 5528 3332 5580 τί
3356 5543 3487 5580 ποτε
3516 5526 3625 5598 ἄρα
3658 5522 3786 5591 περὶ

2212 5626 2388 5681 αὐτῶν
2409 5628 2436 5678 6
2465 5626 2655 5693 Ἀγιος
2684 5624 2917 5694 εἰρήκει,
2954 5618 3391 5690 πυνθανομένων,
3422 5619 3517 5671 καὶ
3549 5616 3780 5687 μάλιστα

2212 5717 2304 5770 τοῦ
2340 5716 2437 5786 τῆς
2466 5715 2671 5785 κλοπῆς
2707 5712 3029 5784 αὐτουργοῦ,
3139 5708 3449 5780 καὶμᾶλλον
3691 5694 3785 5762 μέ·
