4034 6186
341 293 475 359 3169

1331 295 1510 364 νΙΤΑ
1551 301 1596 358 Α
1633 293 2069 361 NICEPHORO
2109 299 2591 364 CONSCRIPTA.

3452 303 3598 366 3170

337 417 426 462 λον
452 403 521 479 ἦν
546 407 866 479 (γειτόνημα
891 409 1000 477 γὰρ
1021 412 1086 481 τῇ
1117 410 1336 478 γυναικὶ
1378 409 1473 462 καὶ
1493 399 1648 470 οὗτος
1685 408 1746 458 οὐ
1777 423 1911 476 χρη-

2027 409 2182 466 cinus
2204 421 2324 467 erat
2349 411 2566 466 mulieri
2599 426 2708 466 non
2737 411 2934 476 bonus)
2965 412 3054 466 illa
3081 412 3363 481 promissis
3399 413 3596 475 sancti.

339 502 462 554 στὸν
488 500 784 569 ἐτύγχανεν
813 499 934 570 ὢν),
970 501 1148 571 ἐκείνη
1179 504 1297 564 ταῖς
1319 501 1412 554 τοῦ
1433 499 1658 567 Συμεὼν
1679 500 1912 564 ἐπαγγε-

335 592 480 656 λίαις
541 591 616 653 ὡς
660 591 758 662 ήδη
806 594 1200 662 γεγενημέναις
1231 591 1620 664 ἐπιθαρῥοῦσα,
1667 587 1912 659 Εὖρηκα,

337 683 512 752 ἔλεγε,
547 683 640 736 καὶ
671 683 738 736 τά
767 683 896 751 ἐμὰ,
927 685 1028 736 κάν
1048 684 1126 754 τῷ
1153 683 1269 753 ἐμῷ
1299 683 1474 738 πάντα
1501 684 1594 735 νῦν
1623 682 1914 734 ἀπόκειται

333 776 591 846 ταμιείῳ.
631 774 690 827 '0
733 775 914 844 μέντοι
955 775 1024 828 τὰ
1061 776 1354 846 κλέμματα
1383 776 1542 846 ἔχων.
1581 765 1916 844 ποῖρ”ἐαυτῷ

335 865 553 916 κεῖσθαι
604 865 778 916 ταῦτα
839 863 1042 933 μᾶλλον
1091 865 1276 929 εἰδὼς,
1335 866 1444 934 ὅσῳ
1493 863 1914 935 περιεργότερον

336 956 686 1018 ἐπυνθάνετο,
717 955 956 1026 τοσούτῳ
981 957 1143 1010 πλέον
1163 952 1230 1026 ἦν
1256 954 1621 1024 διαχλευάςων
1645 953 1765 1006 καθ’
1791 951 1917 1003 ἐαυ-

335 1048 426 1100 τὸν
457 1049 515 1100 τὸ
545 1051 776 1118 πρᾶγμα
817 1049 910 1101 καὶ
941 1049 1311 1119 μυκτηρίςων,
1345 1049 1437 1102 καὶ
1465 1047 1610 1118 σαφῆ
1637 1048 1917 1116 τιθέμενος

336 1138 550 1205 γέλωτα
568 1155 580 1167 '
603 1139 718 1191 ἀλλ’
743 1141 822 1202 εἰς
849 1141 1046 1208 μανίαν
1076 1141 1237 1203 εὐθὺς
1265 1141 1292 1192 6
1335 1139 1551 1210 μυκτὴρ
1587 1142 1913 1210 μετεϐάλλε-

335 1249 416 1292 το,
446 1231 540 1284 καὶ
561 1233 831 1284 διαπετῶν
854 1229 920 1304 ἦν
949 1235 976 1286 ὁ
1002 1231 1186 1295 ἄθλιος
1209 1234 1301 1296 τὰς
1327 1236 1536 1303 χεῖρας,
1570 1235 1662 1286 καὶ
1684 1235 1913 1300 δάκνων,

335 1325 427 1376 καὶ
468 1321 752 1388 ὀλολύςων,
789 1327 889 1395 τήν
919 1341 978 1376 τε
1010 1325 1215 1392 κλοπὴν
1245 1323 1754 1394 ἐξομολογούμενος,
1781 1327 1914 1378 ὅπου

335 1431 392 1467 τε
419 1415 484 1466 τὰ
515 1415 692 1484 φώρια
737 1415 822 1486 εἰη
860 1415 1099 1486 μηνύων,
1131 1417 1225 1469 καί
1257 1417 1356 1468 ὅσα
1395 1417 1504 1470 τῶν
1537 1415 1918 1485 δαιμονώντων

335 1508 544 1570 οὐδενὸς
583 1509 945 1577 ἀπεχόμενος.
989 1508 1069 1560 Τά
1119 1507 1218 1578 μὲν
1259 1505 1351 1561 οὖν
1391 1508 1680 1577 κλέμματα
1715 1509 1916 1579 ἠνέχθη

335 1601 513 1654 πάντα
540 1603 602 1672 τῇ
638 1601 874 1668 γυναικὶ,
917 1600 1015 1669 οὺχ
1047 1599 1082 1652 ἃ
1115 1600 1416 1670 τηνικαῦτα
1452 1602 1632 1670 μόνον,
1669 1601 1784 1653 ἀλλ’
1817 1602 1917 1654 ὅσα

335 1694 426 1745 καὶ
449 1693 641 1763 πρώην
666 1691 1018 1744 ἀπολωλέκει.
1059 1693 1116 1743 Ὀ
1141 1691 1196 1744 δὲ
1217 1690 1390 1744 ταῦτα
1413 1692 1651 1760 συλήσας
1677 1692 1917 1759 ὑπέμενε

333 1779 624 1850 δαιμονῶν,
666 1782 759 1833 καὶ
791 1780 944 1842 δίκας
977 1779 1168 1851 ὥσπερ
1197 1781 1466 1851 τοσαύτης
1504 1781 1719 1844 ἀδικίας
1767 1780 1914 1834 ἐκτί-
1951 1763 1989 1818 Β

335 1891 472 1925 νων·
525 1871 630 1934 ἓως
679 1871 824 1924 ἔλεον
855 1871 1018 1924 αὑτοῦ
1061 1871 1336 1935 λαϐόντες,
1369 1873 1468 1943 οὐχ
1511 1873 1622 1924 ὅσοι
1649 1872 1916 1942 παρόντες

335 1959 497 2034 ἦσαν,
527 1961 664 2015 ἀλλὰ
701 1963 796 2015 καὶ
820 1963 957 2033 αὐτὴ
989 1965 1086 2016 σὺν
1113 1963 1340 2028 ἐκείνοις
1370 1966 1402 2034 ή
1433 1965 1530 2033 τὴν
1554 1963 1761 2034 κλοπὴν
1788 1964 1918 2016 ὑπο-

341 2056 536 2115 στᾶσα,
561 2056 765 2117 κοιναῖς
793 2055 928 2124 πρὸς
959 2055 1090 2107 Θεὸν
1123 2054 1217 2107 καὶ
1249 2054 1339 2106 τὸν
1369 2053 1588 2124 ἔλεγχον
1618 2053 1712 2107 τοῦ
1743 2053 1914 2108 κακοῦ

339 2146 566 2215 Συμεὼν
597 2147 834 2216 ἐχρῶντο
851 2147 1042 2210 λιταῖς,
1067 2148 1263 2210 κοινοῖς
1283 2147 1542 2216 δάκρυσιν
1565 2163 1579 2176 ·
1609 2141 1690 2210 οἷς
1719 2147 1916 2198 αὐτίκα

338 2235 434 2288 καὶ
459 2235 520 2287 τὸ
545 2235 766 2306 αἰτηθὲν
789 2237 1091 2306 ἠκολούθει,
1126 2237 1221 2291 καὶ
1247 2237 1340 2291 τοῦ
1361 2239 1610 2308 δαίμονος
1637 2241 1664 2291 6
1691 2237 1916 2306 πάσχων

335 2335 669 2406 ἀπήλλακτο,
707 2337 883 2390 κοινὸν
943 2337 1214 2407 παίδευμα
1263 2339 1398 2390 πᾶσι
1451 2338 1586 2409 πρὸς
1628 2335 1916 2406 ἀποφυγήν

333 2427 540 2488 κακίας
570 2428 956 2497 γεγενημένος.

409 2515 474 2571 σ’.
519 2519 866 2588 Ἐλυμαίνετό
910 2537 993 2583 τις
1040 2520 1136 2582 σῦς
1169 2523 1232 2574 ἐκ
1277 2519 1484 2592 δρυμοῦ
1520 2522 1646 2583 τοὺς
1687 2521 1896 2592 ἀγροὺς

333 2609 437 2679 τῆς
498 2611 648 2663 κάτω
688 2611 878 2680 μονῆς,
911 2612 1004 2665 καὶ
1049 2615 1128 2676 εἰς
1172 2613 1486 2683 ἀμηχανίαν
1534 2613 1731 2684 κομιδῇ
1777 2615 1908 2677 τοὺς

343 2703 608 2770 μοναχοὺς
652 2703 944 2773 περιίστη·
987 2703 1378 2773 προσελθόντες
1432 2705 1612 2758 τοίνυν
1654 2705 1731 2773 τῷ
1784 2703 1914 2773 ἱερῷ

333 2791 581 2860 Συμεὼν,
625 2792 834 2846 ἐδέοντο
884 2793 1072 2847 τοῦτον
1115 2797 1180 2848 ἐκ
1207 2795 1302 2848 τοῦ
1342 2796 1506 2866 μέσου
1539 2796 1816 2864 γενέσθαι.
1855 2795 1914 2847 '0

333 2884 571 2966 66,106;
623 2886 682 2952 ἐξ
743 2885 868 2954 ὅλης
908 2885 1109 2956 ἰσχύος,
1152 2885 1278 2956 ἔφη,
1309 2888 1400 2939 τὸν
1455 2888 1586 2940 Θεὸν
1628 2887 1914 2955 ἀγαπῶσιν

339 2973 710 3026 ὑποτέτακται
762 2973 960 3037 πάντα,
989 2975 1060 3038 ὡς
1098 2975 1192 3026 καὶ
1223 2977 1328 3046 πρὸ
1355 2977 1453 3045 τῆς
1495 2978 1783 3046 παρακοῆς
1815 2977 1912 3029 τοῦ

354 3065 543 3134 Ἀδάμ
575 3065 772 3128 -Οὓτως
817 3061 910 3119 οὖν
957 3067 1140 3137 ἔχουσι
1181 3067 1276 3121 καὶ
1315 3067 1442 3137 ὑμῖν
1498 3067 1783 3136 δοθήσεται
1833 3071 1912 3130 εἰς
1939 3094 1980 3152 G

339 3153 513 3224 θήραν
567 3155 749 3208 ὀδοῦσι
798 3155 964 3228 θηρὸς
1004 3159 1194 3227 ἐτέρου
1255 3160 1414 3212 πάλιν
1457 3161 1484 3212 6
1527 3159 1726 3231 κείρων
1785 3159 1912 3222 τοὺς

341 3245 639 3312 ὑμετέρους
666 3245 895 3316 ἀγροὺς,
923 3247 1018 3300 καὶ
1057 3249 1252 3301 θᾶττον
1279 3249 1376 3318 τῆς
1411 3248 1470 3313 ἐξ
1501 3248 1666 3301 αὐτοῦ
1707 3248 1914 3319 βλάϐης

341 3335 815 3404 ἀπαλλαγήσεσθε.
844 3337 1031 3392 Ταῦτα
1070 3340 1168 3392 τοῦ
1205 3341 1431 3409 Συμεὼν
1475 3339 1779 3410 εἰρηκότος.
1813 3341 1915 3410 ὁρᾷ

339 3425 450 3479 τῶν
514 3426 758 3495 ἀδελφῶν
828 3445 912 3492 τις
959 3429 1178 3500 ἐκείνην
1240 3429 1340 3500 τὴν
1386 3429 1558 3483 νύκτα
1613 3429 1758 3482 κατὰ
1790 3432 1912 3493 τοὺς

339 3517 562 3582 ὕπνους,
589 3518 822 3587 ἀχθέντα
874 3523 997 3574 τινὰ
1044 3521 1232 3574 λέοντα
1279 3522 1383 3574 ὑπὸ
1422 3521 1516 3574 τοῦ
1575 3521 1780 3590 Ἀγίου,
1820 3523 1914 3574 καὶ

341 3608 433 3660 τὸν
472 3609 647 3677 μέγαν
675 3609 881 3662 ἐκεῖνον
911 3609 1010 3662 σῦν
1041 3612 1118 3673 εἰς
1145 3612 1316 3681 θήραν
1347 3611 1494 3682 αὑτῷ
1531 3613 1635 3665 ὑπὸ
1665 3615 1778 3675 τοῖς
1805 3613 1914 3665 τῶν

340 3700 583 3769 ἀδελφῶν
617 3702 774 3754 ποσὶν
803 3701 1113 3757 ἐκδοθέντα.
1145 3703 1250 3755 T06
1285 3703 1454 3756 ὕπνου
1503 3704 1681 3756 τοίνυν
1733 3705 1914 3757 διανα-

342 3793 493 3856 στὰς,
525 3791 686 3862 ἔργον
726 3791 825 3863 τὴν
869 3793 970 3862 τῆς
1029 3795 1219 3855 νυκτὸς
1270 3793 1391 3862 δψιν
1441 3793 1704 3864 εὑρίσκει,
1761 3795 1854 3846 καὶ
1887 3796 1915 3847 6

340 3882 478 3934 λέων
511 3883 604 3935 τὸν
641 3883 738 3934 σῦν
766 3883 1157 3952 κατεδηδοκὼς,
1190 3885 1442 3954 ἐχόμενος
1488 3889 1584 3955 τῆς
1615 3885 1736 3938 6606
1786 3887 1912 3938 ἀνα-

341 3971 642 4026 πεπτώκει.
675 3975 736 4026 Οἱ
771 3974 870 4042 μὲν
899 3969 990 4027 οὖν
1017 3974 1184 4044 ὄχλοι,
1215 3976 1284 4028 τά
1314 3991 1370 4026 τε
1401 3975 1494 4027 τοῦ
1527 3975 1738 4038 λέοντος
1768 3975 1909 4044 ἴχνη,

338 4061 400 4114 τό
449 4079 509 4115 τε
554 4063 646 4114 τοῦ
677 4063 798 4126 συὸς
833 4063 938 4118 ἀνὰ
959 4064 1056 4134 τὴν
1091 4066 1208 4118 ὁδὸν
1238 4060 1376 4135 αἷμα
1420 4066 1642 4128 ἰδόντες,
1673 4067 1912 4135 προσέρ-

339 4169 524 4222 χονται
554 4154 855 4222 κατάφοόοι
877 4155 954 4224 τῷ
1001 4156 1168 4224 ’Λγίῳ
1202 4156 1443 4224 δεόμενοι
1469 4157 1660 4208 τοῦτον
1701 4157 1912 4208 ἐκεῖθεν

339 4240 698 4310 ἀπελαθῆναι.
745 4243 802 4296 '0
826 4244 881 4296 δὲ
911 4244 1019 4296 τῶν
1055 4245 1310 4316 μαθητῶν
1346 4245 1441 4299 ἕνα
1475 4247 1730 4311 καλέσας,
1768 4247 1906 4314 Πορσ-

2021 515 2276 574 tanquam
2309 505 2692 574 cli'ectumjam
2715 510 2828 556 tum
2849 504 3080 568 sortitis,
3114 504 3316 558 conlisa
3339 501 3596 572 :Reperi,

2018 597 2216 666 inquit,
2241 610 2382 658 mea,
2413 603 2468 648 et
2496 594 2549 646 in
2576 594 2812 648 armario
2832 595 2940 663 jam
2965 609 3111 646 nunc
3139 593 3374 660 reposita
3399 592 3596 645 habeo.

2017 689 2135 757 Ipse
2153 701 2282 740 vero
2304 687 2396 754 qui
2421 685 2602 738 ablata
2623 684 2884 748 habebat,
2903 693 2958 737 et
2979 699 3147 752 penes
3163 699 3220 737 se
3243 684 3412 736 latere
3430 681 3600 749 probe

2017 777 2262 840 sciebat,
2305 785 2511 844 quanto
2545 775 2742 846 majori
2797 783 2908 828 tum
2955 773 3302 826 affectatione
3353 770 3600 824 sciscita—

2019 871 2202 931 batur,
2249 875 2400 922 tanto
2425 869 2566 922 intra
2589 883 2648 920 se
2677 866 3016 936 petulantius
3047 863 3365 918 ludificabat
3399 861 3597 915 mulie-

2019 979 2133 1017 rem
2159 978 2222 1016 ac
2251 959 2536 1022 irridebat,
2563 960 2671 1013 imo
2699 959 2870 1011 risum
2899 971 3118 1026 quoque
3142 955 3319 1024 palam
3352 951 3598 1007 tollebat.

2019 1057 2222 1109 Verum
2250 1055 2406 1108 ocius
2437 1053 2490 1106 in
2524 1050 2790 1104 insaniam
2824 1050 3018 1102 irrisor
3049 1063 3240 1101 versus
3269 1055 3381 1110 est;
3417 1053 3472 1099 et
3501 1059 3600 1098 ex-

2021 1147 2281 1200 tendebat
2309 1161 2503 1198 manus
2535 1143 2721 1196 infelix
2755 1141 3180 1207 arrodebatque.
3210 1148 3264 1192 et
3287 1136 3602 1192 clamitabat

2019 1222 2283 1294 miserum
2307 1237 2360 1290 in
2387 1235 2643 1298 modum;
2664 1235 2729 1287 ad
2756 1234 2870 1286 hinc
2895 1232 3169 1292 fatebatur
3191 1230 3415 1290 furtum,
3439 1237 3494 1282 et
3519 1228 3602 1280 in-

2018 1331 2238 1384 dicabat
2265 1331 2356 1384 ubi
2389 1328 2724 1390 abdidisset;
2759 1325 2998 1394 denique
3027 1324 3166 1376 nihil
3205 1337 3310 1374 non
3341 1321 3601 1376 actitabat

2019 1439 2209 1478 eorum
2268 1437 2390 1491 qua:
2457 1417 2776 1474 daemoniaci
2844 1417 3044 1471 solent.
3111 1413 3374 1469 Universa
3433 1413 3601 1482 igitur

2021 1513 2242 1567 mulieri
2285 1513 2456 1566 relata
2489 1521 2638 1572 sunt,
2665 1521 2772 1564 tam
2817 1524 2938 1577 quae
2973 1507 3182 1560 recenti
3225 1507 3371 1559 furto
3420 1505 3599 1559 ablata

2020 1616 2182 1669 quam
2200 1616 2320 1668 qum
2335 1601 2468 1653 alias
2497 1597 3008 1652 desiderata‘erant.
3029 1595 3229 1650 Verum
3259 1593 3351 1662 qui
3388 1591 3597 1646 furtum

2021 1691 2394 1752 commiserat,
2423 1689 2689 1760 pergebat
2719 1687 2952 1742 insideri
2989 1701 3018 1739 a
3045 1687 3314 1746 daemone,
3349 1685 3600 1737 meritam

2021 1781 2302 1852 iniustitiae
2329 1796 2440 1835 suae
2462 1794 2678 1850 pu—znam
2714 1777 3034 1848 persolvens
3061 1793 3076 1842 ;
3104 1776 3282 1830 donec
3306 1773 3600 1829 commise-

2021 1872 2232 1926 ratione
2271 1873 2401 1924 tacti
2460 1875 2730 1940 quotquot
2778 1868 3032 1928 aderant,
3070 1875 3234 1935 atque
3299 1864 3436 1924 adeo
3497 1863 3596 1916 illa

2019 1963 2136 2030 ipsa
2163 1961 2366 2014 mulier
2391 1975 2513 2029 qum
2563 1959 2768 2013 furtum
2825 1973 2983 2028 passa
3043 1957 3240 2020 fuerat,
3287 1953 3598 2010 communi-

2019 2057 2122 2110 bus
2151 2055 2295 2124 apud
2323 2055 2495 2108 Deum
2560 2063 2616 2108 et
2657 2054 2889 2108 malefici
2935 2053 3318 2122 castigatorem
3373 2049 3599 2120 Symeo—

2017 2163 2142 2202 nem
2167 2149 2306 2202 votis
2326 2157 2382 2203 et
2405 2147 2684 2218 lacrymis,
2711 2148 3146 2201 intercesserunt
3171 2163 3182 2198 :
3209 2159 3348 2213 quas
3377 2159 3407 2197 e
3439 2140 3599 2196 vesti-

2016 2241 2105 2312 gio
2133 2241 2184 2294 id
2213 2243 2358 2311 quod
2395 2241 2684 2310 petebatur
2712 2247 3068 2294 consecutum
3099 2247 3218 2302 est;
3256 2249 3313 2290 et
3360 2250 3596 2304 energu-

2017 2348 2210 2386 menus
2241 2333 2477 2402 maligno
2504 2332 2699 2401 spiritu
2749 2333 3036 2391 liberatus,
3085 2329 3400 2383 universale
3425 2327 3594 2381 docu-

2017 2437 2262 2480 mentum
2287 2425 2391 2478 fuit
2423 2425 2680 2478 omnibus
2702 2423 2766 2478 ad
2804 2423 3011 2476 scelera
3043 2421 3394 2476 declinanda.

2099 2513 2224 2568 200.
2257 2515 2517 2570 Vastabat
2546 2515 2768 2582 quidam
2801 2529 2931 2582 aper
2985 2513 3264 2566 inferioris
3314 2516 3596 2564 monaste-

2021 2607 2085 2660 rii
2121 2621 2300 2676 agros,
2341 2606 2614 2675 tantisque
2651 2605 2926 2676 aﬂligebat
2955 2604 3256 2658 monachos
3285 2603 3591 2656 incommo-

2017 2695 2122 2758 dis,
2155 2705 2214 2749 ut
2239 2695 2370 2764 quid
2397 2695 2611 2750 consilii
2643 2704 2923 2763 caperent,
2955 2693 3288 2762 ignorarent.
3317 2690 3600 2744 Adeuntes

2017 2787 2186 2857 igitur
2211 2786 2536 2856 Symeonem
2583 2795 2797 2856 rogant,
2853 2787 2968 2854 ipse
3013 2796 3075 2838 ut
3140 2783 3410 2838 facessere
3467 2781 3596 2836 inde

2017 2877 2188 2932 feram
2215 2879 2425 2946 jubeat.
2459 2879 2552 2930 Ille
2579 2891 2708 2930 vero
2760 2895 2774 2930 :
2809 2877 2886 2930 Ex
2946 2877 3096 2941 totis,
3151 2877 3350 2944 inquit,
3381 2873 3598 2927 viribus

2017 2969 2379 3039 diligentibus
2414 2970 2586 3022 Deum
2613 2969 2796 3022 omnia
2834 2969 3078 3038 subjecta
3130 2979 3278 3031 sunt,
3328 2965 3596 3036 quemad-

2019 3063 2242 3118 modum
2272 3071 2399 3116 ante
2423 3061 2640 3131 lapsum
2669 3062 2863 3116 Adami
2895 3062 3161 3116 fuerunt:
3215 3059 3363 3129 quod
3417 3059 3462 3112 si
3500 3073 3598 3113 vos

2015 3169 2236 3224 quoque
2264 3154 2342 3208 sic
2374 3154 2638 3224 diligatis,
2680 3153 2904 3207 dabitur
2928 3154 3016 3206 illa
3054 3153 3106 3205 in
3157 3151 3396 3222 praedam
3445 3150 3583 3204 den-

2020 3245 2168 3299 tibus
2223 3244 2450 3298 alterius
2495 3245 2625 3299 ferae
2675 3259 2798 3314 quae
2853 3259 3016 3312 εδει-οδ
3067 3252 3282 3296 vestros
3347 3239 3600 3294 innoxios

2017 3337 2336 3406 relinquet,
2392 3344 2448 3390 et
2507 3335 2621 3391 cito
2674 3335 2860 3389 damni
2913 3335 3186 3387 immunes
3269 3332 3448 3387 eritis.
3502 3332 3599 3386 His

2017 3428 2201 3494 dictis,
2225 3429 2376 3482 videt
2404 3414 2604 3496 aliquis
2662 3425 2894 3479 fratrum
2931 3434 3089 3478 nocte
3143 3440 3241 3493 per
3297 3423 3594 3484 somnium,

2016 3524 2102 3592 agi
2157 3539 2186 3577 a
2246 3523 2514 3592 Symeone
2545 3522 2760 3574 leonem
2808 3519 3123 3588 quemdam,
3172 3519 3261 3572 cui
3307 3533 3441 3586 aper
3506 3517 3598 3570 ille

2016 3613 2238 3684 grandis
2262 3613 2365 3666 sub
2393 3611 2626 3665 fratrum
2663 3609 2897 3679 pedibus
2947 3610 3002 3661 in
3047 3608 3284 3677 praedam
3335 3606 3586 3660 cedebat.

2015 3703 2384 3772 Experrectus
2447 3698 2670 3760 deinde,
2720 3696 2882 3766 quod'
2911 3705 3078 3750 noctu
3111 3695 3346 3759 viderat,
3391 3693 3596 3772 factum

2015 3791 2286 3860 comperit
2312 3808 2324 3843 :
2357 3790 2444 3844 leo
2470 3803 2708 3857 namque
2732 3793 2927 3841 vorato
2952 3801 3088 3855 apro
3120 3786 3174 3839 in
3209 3785 3326 3854 ipsa
3373 3769 3464 3838 via.
3494 3769 3596 3838 de-

1956 3885 1959 3888 ’
2015 3883 2303 3936 cubuerat.
2335 3881 2534 3934 Turbae
2559 3880 2742 3948 itaque
2767 3888 2822 3933 et
2844 3879 3023 3932 leonis
3049 3877 3302 3947 vestigia,
3355 3885 3413 3930 et
3465 3891 3596 3930 san-

2015 3974 2238 4045 guinem
2291 3972 2410 4042 apri
2463 3988 2562 4042 per
2614 3975 2756 4025 viam
2798 3969 3316 4039 deprehendentes,
3367 3968 3596 4022 veniunt

2015 4066 2222 4120 turbati
2279 4065 2346 4119 ad
2407 4071 2681 4128 sanctum,
2730 4072 3032 4132 rogantque
3093 4068 3156 4113 ut
3204 4057 3330 4112 inde
3379 4059 3594 4111 leonem

2015 4158 2216 4228 abigat.
2269 4156 2372 4221 Qui
2429 4155 2828 4225 discipulorum
2893 4152 3206 4222 quempiam
3270 4163 3590 4204 accersens:

2020 4251 2189 4312 Vade,
2211 4248 2414 4316 inquit,
2437 4247 2502 4301 ad
2529 4247 2746 4300 leonem
2768 4255 2821 4299 et
2843 4245 2934 4299 dic
2955 4245 3090 4313 ipsi:
3123 4243 3249 4297 Haec
3281 4240 3590 4296 renuntiari

340 4331 516 4396 ευθείς
549 4335 701 4403 παρὰ
749 4335 840 4387 τὸν
887 4336 1097 4398 λέοντα,
1135 4336 1237 4407 ἔφη
1265 4377 1279 4400 ,
1313 4339 1451 4392 Τάδε
1485 4339 1630 4407 λέγει
1664 4337 1908 4407 Συμεὼν,

2016 4341 2170 4412 jubet
2198 4339 2460 4410 Symeon:
2498 4340 2666 4393 flecte
2689 4337 2930 4392 officium
2985 4345 3136 4390 tuum
3193 4333 3406 4398 fecisti;
3443 4347 3593 4386 nunc

340 4423 460 4475 εἰπὲ
497 4425 629 4496 πρὸς
660 4413 842 4478 αὐτόνλ
873 4428 1068 4489 Καλῶς
1097 4428 1578 4498 διακονησάμενος,
1603 4429 1758 4483 ἄπιθι
1785 4431 1910 4498 τόγε

337 4515 435 4569 νῦν
485 4515 753 4586 ἐχον,’έώς
801 4519 869 4572 ἂν
900 4519 1054 4583 αὖθις
1102 4520 1261 4590 χρεία
1293 4538 1386 4573 σου
1433 4522 1680 4592 γένηται.
1712 4522 1818 4575 Τοῦ
1853 4523 1911 4576 δὲ

337 4608 416 4677 τῷ
471 4608 644 4662 λέοντι
695 4609 867 4664 ταῦτα
913 4612 1180 4674 εἰπόντος,
1222 4613 1460 4676 ἀναστὰς
1512 4615 1570 4665 ἐν
1617 4613 1912 4682 ὀφθαλμοῖς

340 4701 596 4755 ἁπάντων
635 4693 836 4767 εὐθέως
868 4707 1072 4766 ἐκεῖνος
1103 4705 1196 4757 ἐπὶ
1225 4705 1293 4758 τὰ
1321 4707 1420 4774 τῆς
1452 4705 1776 4769 Λαοδικείας
1801 4707 1899 4776 ὅρη

339 4789 534 4860 ἐχώρει
558 4807 572 4822 ⁸
599 4793 806 4845 ἐκεῖθεν
831 4794 940 4864 γὰρ
969 4793 1232 4864 ἐτύγχανε
1265 4797 1358 4848 καὶ
1389 4795 1630 4865 κληθεὶς,
1670 4797 1911 4866 παραδο-

342 4879 565 4950 ξοτέραν
622 4885 722 4952 τῆς
781 4884 1027 4954 κλήσεως
1072 4889 1171 4956 τὴν
1214 4887 1564 4959 ἀναχώρησιν
1599 4887 1906 4961 θέμενος,ἢ

339 4969 436 5021 καί
463 4970 527 5023 δι’
551 4972 754 5042 ἀμφοῖν
787 4973 1009 5042 μᾶλλον.

2020 4434 2189 4504 igitur
2212 4432 2528 4496 abitolicet,
2555 4431 2731 4486 donec
2761 4431 2960 4485 iterum
2993 4445 3128 4484 usus
3151 4429 3228 4484 tui
3266 4427 3453 4481 fuerit.
3510 4427 3592 4480 Eo

2017 4525 2098 4580 sic
2125 4525 2339 4578 leonem
2371 4525 2630 4586 allocuto,
2659 4531 2975 4591 surgentem
3011 4521 3160 4574 illico
3174 4519 3359 4573 videre
3381 4517 3590 4579 cuncti.

2017 4623 2180 4684 atque
2203 4614 2496 4669 abeuntem
2524 4615 2577 4667 in
2608 4623 2823 4667 montes
2855 4611 3144 4666 Laodiceae
3175 4610 3324 4678 (inde
3354 4622 3589 4674 namque

2015 4714 2276 4760 evocatus
2303 4705 2501 4776 fuerat)
2561 4705 2802 4772 fecitque
2858 4717 3138 4757 recessum
3203 4699 3588 4754 admirabilio-

2017 4812 2156 4860 rem,
2215 4813 2378 4866 quam
2420 4797 2602 4850 fuerat
2653 4808 2932 4858 accessus.
3000 4805 3314 4862 quanquam
3357 4798 3592 4857 uterque

2018 4891 2380 4946 admirandus
2407 4905 2572 4958 quam
2603 4887 2858 4942 maxime.

1750 5095 1977 5151 CAPUT
2015 5097 2180 5151 XXV.

1113 5203 1380 5257 lncreduli
1411 5205 1710 5273 puniuntur
1738 5221 1756 5260 :
1787 5209 2020 5261 conversi
2059 5218 2316 5260 curantur
2358 5224 2375 5261 :
2416 5209 2524 5262 alia
2552 5208 2822 5276 beneﬁcia.

415 5317 517 5372 ea".
555 5317 844 5387 Θαύματος
889 5315 1129 5380 ἐξαισίου
1186 5319 1310 5380 τοὺς
1349 5318 1589 5389 ὁρῶντας
1629 5319 1914 5390 πληρῶσαι

342 5413 570 5482 πλησίον
627 5413 726 5482 τῆς
784 5413 1080 5482 ’Δντιόχου,
1141 5414 1200 5464 ἐν
1255 5416 1320 5483 τῇ
1364 5413 1632 5484 λεγομένῃ
1684 5415 1913 5486 Ἀπάτη.

358 5505 614 5575 ’ἰσαύρων
647 5505 1010 5575 ἐργαστήριον
1043 5499 1132 5574 ἦν,
1164 5503 1648 5574 χειροτεχνούντων
1691 5507 1748 5558 ἐν
1796 5508 1916 5567 ταῖς

340 5596 673 5666 οἰκοδομίαις
715 5597 812 5649 καὶ
839 5596 1124 5665 λατομίαις
1158 5597 1263 5649 τῶν
1289 5599 1386 5667 τῆς
1428 5597 1637 5660 πόλεως
1671 5596 1912 5667 τειχέων.

341 5687 560 5743 Τούτων
603 5683 705 5754 εἷς,
745 5687 867 5757 ἄρτι
902 5687 1000 5758 τὴν
1035 5689 1250 5758 ἡλικίαν
1297 5689 1494 5756 ἀνθῶν,
1545 5687 1610 5740 τὰ
1649 5688 1915 5758 Ἑλλήνων

2089 5324 2214 5377 201.
2249 5323 2344 5377 Est
2371 5339 2481 5378 non
2515 5324 2704 5392 procul
2737 5322 3047 5386 Antiochia,
3077 5321 3130 5374 in
3163 5321 3284 5376 loco
3309 5320 3480 5391 Apate
3503 5322 3593 5376 dio

2020 5424 2130 5480 cto,
2193 5417 2504 5471 lsaurorum
2564 5414 2814 5478 ofﬁcina,
2873 5412 3140 5467 mirabilis
3196 5413 3260 5466 ad
3313 5423 3592 5482 stuporem

2019 5507 2410 5575 spectantium,
2475 5506 2530 5560 in
2565 5521 2670 5574 qua
2735 5503 3009 5558 cmdendis
3061 5503 3336 5572 lapidibus
3383 5503 3448 5557 ad
3489 5503 3590 5558 do-
3631 5485 3636 5496 ’

2019 5613 2208 5651 mnum
2239 5611 2636 5666 murorumque
2665 5595 3084 5651 civitatisusum
3109 5595 3368 5649 insudant
3400 5609 3594 5664 opera-

2021 5687 2109 5741 rii.
2142 5687 2348 5742 llorum
2381 5701 2546 5752 unus,
2582 5695 2739 5740 :etate
2772 5686 2996 5748 florens,
3031 5685 3252 5755 gentilis
3307 5687 3598 5756 religione,
