4034 6186
461 275 592 340 3171

1665 279 1724 338 S.
1765 276 2144 338 SYMEONIS
2181 275 2538 336 JUNIOBIS

3571 272 3714 338 3172

460 395 514 448 iu
547 395 766 460 silvam,
789 411 910 464 quae
929 403 984 450 et
1003 393 1117 464 ipsa
1150 392 1360 448 domini
1381 391 1602 462 gentilis
1615 399 1755 456 erat,
1779 391 2046 460 lignatum

2150 388 2490 458 θρησκεύων,
2513 387 2667 458 παρὰ
2689 405 2742 440 τι
2767 387 2948 452 ἄλσος,
2972 387 3232 454 Ἕλληνος
3265 386 3356 440 καὶ
3385 385 3516 440 αὐτὸ
3549 387 3744 442 δεσπο-

459 483 689 548 abieral,
738 483 1110 553 impositoque
1141 496 1310 536 onere
1343 497 1510 550 supra
1563 481 1710 534 vires
1744 479 1918 550 gravi,
1969 480 2042 532 ita

459 571 642 624 subito
669 581 844 626 tactus
875 571 1114 642 paralysi
1139 579 1244 634 est,
1271 579 1332 624 ut
1352 569 1503 622 nullo
1525 568 1774 638 corporis
1797 566 2044 620 membro

461 661 538 712 uti
563 670 766 729 posset.
793 663 1028 716 Tollitur
1049 679 1078 716 a
1105 661 1408 722 sodalibus,
1448 659 1518 712 ad
1539 667 1904 726 sanctumque
1925 673 2052 726 por-

463 758 627 814 tatus,
670 753 974 806 collocatur
1013 759 1140 804 ante
1191 751 1382 804 oculos
1429 750 1604 818 ipsius
1637 749 1906 818 benignos
1939 748 2047 810 ille,

466 849 522 894 ut
551 856 680 894 vere
711 841 910 902 dicam,
946 839 1296 893 miserabilis.
1336 839 1537 908 Tetigit
1583 839 1866 892 hominem
1897 853 2050 892 more

463 943 563 982 suo
588 939 814 982 sanctus
838 937 894 982 et
925 930 1162 998 signavit
1191 947 1203 980 ε
1232 927 1326 982 sed
1358 945 1480 982 cum
1505 929 1840 1000 paralyticus
1867 943 2052 981 mane-

465 1029 568 1080 rct,
619 1019 756 1071 nihil
790 1019 910 1087 opis
964 1017 1230 1080 sentiens,
1273 1019 1532 1086 cognovit
1573 1019 1760 1072 statim
1807 1033 2049 1083 causam,

461 1109 706 1178 dixitque
737 1129 749 1162 :
785 1109 926 1174 Quid
969 1119 1052 1162 est
1085 1109 1232 1178 quod
1261 1111 1448 1179 gratiae
1475 1111 1674 1164 divina:
1708 1111 1964 1164 effectum
1996 1112 2052 1165 in

463 1209 514 1254 te
548 1201 874 1268 impediens,
901 1200 1244 1264 sanationem
1267 1199 1492 1253 diﬂ'ert?
1521 1201 1778 1270 Nunquid
1813 1201 1864 1254 in
1889 1201 2052 1256 idolis

461 1306 609 1360 spem
637 1293 818 1361 ponis,
845 1306 951 1344 non
979 1291 1033 1344 in
1059 1293 1169 1344 Deo
1186 1291 1208 1344 ?
1225 1291 1398 1361 Negat
1420 1291 1512 1344 ille
1537 1307 1595 1344 se
1619 1291 1900 1346 conscium
1927 1293 2052 1346 talis

461 1385 538 1438 rei
561 1383 684 1438 :scd
711 1399 838 1436 eum
871 1383 1160 1436 mentitum
1185 1393 1240 1437 ct
1263 1385 1316 1436 in
1341 1385 1598 1454 prmsenti
1633 1385 1774 1438 malo
1805 1385 2049 1453 perlina-

459 1475 598 1528 citcr
616 1475 852 1528 animam
877 1475 1199 1528 obﬁrmasse
1226 1475 1409 1530 sciens
1436 1493 1448 1526 :
1471 1475 1629 1530 Nunc
1649 1475 1806 1540 vade,
1836 1477 2046 1544 inquit;

459 1564 662 1620 inviset
696 1575 746 1620 te
777 1566 924 1620 domi
963 1575 1070 1619 tuae
1101 1565 1326 1620 humani
1379 1565 1598 1635 generis
1633 1575 1847 1620 amator
1884 1565 2046 1620 Chri-

459 1664 598 1722 stus,
631 1673 756 1712 cum
793 1657 862 1710 ad
895 1657 1066 1726 ipsius
1095 1657 1304 1710 cultum
1333 1665 1383 1710 te
1409 1656 1780 1710 transtuleris.

2149 481 2322 542 τείας,
2355 479 2496 531 κατά
2525 480 2587 548 δή
2614 495 2732 532 τινα
2761 479 2976 546 ξυλείαν
3011 477 3203 543 ἐλθὼν,
3231 477 3402 530 πλείω
3433 496 3486 530 τε
3513 479 3606 530 τοῦ
3642 498 3740 548 p.2—

2151 571 2304 634 τρίου
2343 568 2728 638 διαναθέμενος
2779 570 2994 638 φόρτον,
3030 565 3204 629 οὕτως
3245 565 3440 636 ἀθρόον
3475 567 3734 636 παρεθη,

2153 659 2227 720 ὡς
2277 657 2398 728 μηδ’
2435 659 2541 728 ὅτῳ
2573 655 2666 710 οὖν
2696 659 2804 712 τῶν
2835 659 2929 712 τοῦ
2965 657 3216 728 σώματος
3260 657 3440 726 μελῶν
3473 656 3736 710 δύνασθαι

2155 749 2432 818 χρῆσθαιτ
2460 751 2796 820 Ἀνελὸμειιοι
2823 751 3000 802 τοίνυν
3065 749 3227 802 αὑτὸν
3281 751 3328 802 οἱ
3368 751 3592 816 ἑταῖροι,
3639 751 3738 804 καὶ

2153 844 2288 912 προς
2339 845 2431 894 τὸν
2479 845 2666 910 ’Ἆγι-ἰν
2713 843 3098 910 ἀναγαγόντες.
3151 841 3362 894 τιθέασι
3401 841 3504 912 προ
3538 841 3732 904 αὑτοῦ,

2154 932 2556 1002 φιλανθρώποις
2609 933 2904 1002 ὀφθαλμοῖς
2950 933 3272 1000 αὐτόχρημα
3301 927 3499 984 οἶκτον.
3528 931 3635 982 Τοῦ
3677 931 3736 982 δὲ

2153 1019 2294 1072 κατὰ
2329 1019 2388 1072 τὸ
2417 1020 2646 1090 σύνηθες
2675 1021 2953 1090 ἁψαμένου
2985 1039 3042 1072 τε
3077 1023 3170 1073 καὶ
3203 1021 3626 1090 σφραγίσαντος,
3653 1020 3730 1080 ὡς

2150 1105 2218 1180 ἦν
2260 1109 2340 1160 ἔτι
2387 1111 2734 1178 παρειμένως
2793 1114 2997 1173 ἐκεῖνος
3037 1111 3208 1180 ἔχων,
3258 1111 3518 1178 οὐδεμιᾶς
3553 1109 3736 1164 αἰσθέ-

2155 1218 2312 1270 μενος
2337 1201 2654 1272 θεραπείας,
2696 1203 2874 1265 συνεὶς
2899 1203 3095 1254 αὐτίκα
3119 1203 3216 1272 τὴν
3243 1203 3418 1256 αἰτίαν
3437 1205 3464 1254 ὁ
3487 1203 3731 1270 Συμεών*

2153 1292 2216 1344 Τί
2275 1295 2356 1345 ὅτι
2407 1293 2484 1346 τὰ

2151 1383 2355 1438 ἄνωθεν
2387 1389 2484 1451 τὴν
2507 1387 2648 1440 ἴασιν
2675 1387 2968 1438 ἀνεϐάλετο
2997 1403 3009 1450 ;
3059 1381 3222 1456 ἦπου.
3263 1390 3448 1454 φησιν,
3477 1379 3520 1436 ὦ
3554 1378 3734 1450 οὗτος,

2151 1475 2389 1538 εἰδώλοις
2413 1473 2464 1528 εἴ
2485 1477 2752 1530 πιστεύων
2772 1479 2866 1530 καὶ
2897 1478 2954 1530 οὐ
2987 1476 3131 1544 Θειῖη
3167 1477 3270 1529 Τοῦ
3290 1477 3343 1528 δὲ
3373 1477 3580 1528 τοιοῦτο
3607 1493 3736 1528 συν-

2567 1297 2663 1362 τῆς
2721 1295 2870 1356 θείας
2921 1295 3012 1346 ἐπὶ
3045 1294 3128 1348 σοὶ
3159 1295 3307 1362 παρὰ
3333 1293 3467 1346 Θεοῦ
3511 1294 3736 1362 χάριτος

2152 1568 2346 1622 ειδέναι
2372 1567 2537 1638 μηδὲν
2554 1569 2978 1638 διατεινομένου,
3003 1569 3296 1637 ψεύδεσθαι
3319 1567 3506 1620 τοῦτον
3525 1571 3760 1628 ἐκεῖνος,

2151 1661 2284 1712 ἀλλὰ
2307 1663 2399 1712 καὶ
2427 1661 2776 1728 ἀμεταθέτως
2798 1661 2858 1714 τό
2879 1662 2932 1728 γ’
2951 1659 3042 1712 οὖν
3065 1659 3237 1730 παρὸν
3255 1659 3400 1728 ἔχειν
3423 1659 3600 1722 εἰδὼς,
3619 1657 3736 1710 Νῦν

460 1749 842 1826 μὲνὶπορεύου,
888 1753 1015 1822 ἔφη,
1053 1749 1410 1822 ἐπισκέψεται
1437 1751 1494 1804 δέ
1529 1769 1586 1804 σε
1607 1752 1698 1804 καὶ
1729 1753 1865 1806 οἴκοι
1889 1753 2124 1824 Χριστὸς
2155 1755 2533 1826 φιλάνθρωπος
2563 1754 2658 1818 ὢν,
2690 1755 2752 1806 τὸ
2787 1753 2950 1816 σέϐας
2983 1756 3062 1816 εἰς
3103 1751 3264 1804 αὑτὸν
3303 1751 3694 1820 μεταθέμενον.

479 1875 488 1884 '
529 1867 654 1921 209..
692 1867 986 1922 Sublatum
1023 1867 1206 1934 itaque
1251 1867 1388 1922 socii
1423 1867 1738 1922 retulerunt
1785 1867 2010 1922 domum
2035 1909 2049 1932 ,
2085 1881 2126 1932 Β

459 1959 554 2014 ubi
586 1961 876 2014 sanitatem
945 1959 1247 2028 desperans
1298 1959 1548 2029 jacebat‘,
1605 1975 1816 2024 sorore,
1873 1977 2042 2030 quam

461 2052 696 2106 habebat
711 2051 1136 2118 mendicantem,
1153 2052 1278 2106 vita:
1291 2051 1602 2106 necessaria
1619 2051 2046 2105 subministran-

461 2151 534 2198 te.
557 2145 748 2198 Annus
765 2144 878 2212 jam
903 2145 1098 2197 tertius
1119 2143 1359 2198 instabat
1379 2142 1752 2204 decumbeuti,
1777 2157 1902 2196 cum
1925 2143 2043 2211 ipse

459 2245 678 2299 quoque
724 2230 1004 2284 diutinum
1061 2231 1316 2285 morbum
1363 2247 1586 2294 exosus,
1633 2246 2044 2300 agnoscensque

459 2321 598 2374 nihil
631 2321 686 2374 in
721 2322 1070 2376 idololatrico
1099 2337 1288 2377 errore
1316 2323 1438 2391 opis
1468 2338 1611 2386 esse,
1641 2323 1912 2376 intellexit
1934 2323 2044 2378 alio

460 2412 668 2466 cultum
709 2413 1040 2466 vertendum
1082 2431 1096 2466 :
1135 2415 1208 2490 ita
1249 2414 1580 2482 disponente
1620 2415 1898 2484 sapienter
1931 2414 2043 2468 Deo

460 2505 665 2572 (qualia
701 2505 849 2558 illius
898 2505 1164 2576 judicia!)
1201 2513 1258 2558 ut
1311 2506 1678 2560 diuturnitate
1733 2505 2043 2560 alTectionis

461 2596 640 2664 ipsum
673 2597 916 2650 traheret
946 2597 1012 2649 ad
1053 2612 1130 2650 se.
1167 2597 1316 2650 Totis
1341 2597 1507 2665 igitur
1533 2596 1745 2650 viribus
1780 2595 1834 2650 in
1870 2591 2040 2650 Usum

461 2687 715 2751 credens,
749 2687 1038 2740 nocturnis
1059 2687 1384 2756 diurnisque
1405 2688 1662 2754 precibus
1685 2687 1904 2756 institit,
1931 2703 2045 2742 me-

461 2774 672 2828 diatore
709 2791 839 2829 usus
867 2776 1159 2846 Symeone,
1193 2783 1252 2828 ut
1289 2775 1508 2830 tandem
1555 2777 1790 2846 paralysi
1837 2777 2041 2830 libera-

463 2875 634 2920 retur.
665 2866 906 2937 Contigit
937 2869 1144 2921 interea
1165 2867 1458 2935 quemdam
1489 2868 1638 2922 illius
1661 2869 1897 2936 regionis
1937 2885 2041 2922 (333-

464 2972 586 3012 cum
635 2957 788 3012 adire
822 2967 1093 3021 sanctum,
1127 2967 1386 3026 tactuque
1424 2960 1544 3026 ejus
1573 2965 1628 3010 et
1663 2959 1818 3028 signo
1861 2958 2042 3014 crucis

463 3051 714 3106 obtinere
759 3050 940 3104 visum
981 3069 992 3103 :
1025 3051 1119 3118 qui
1159 3051 1228 3104 de
1263 3050 1562 3120 gratiarum
1605 3051 1768 3120 digna
1801 3051 2040 3106 retribu-

465 3143 612 3196 tione
647 3143 936 3212 ambiguus
973 3141 1124 3211 (quid
1181 3142 1328 3194 enim
1378 3139 1554 3194 oculis
1611 3140 2040 3209 :equiparetur?)

2227 1871 2327 1942 οβ’.
2373 1869 2663 1936 ’Δρὰμενοι
2695 1867 2984 1938 τοιγαροῦν
3015 1863 3172 1929 αὖθις
3219 1866 3380 1918 αὐτὸν
3411 1867 3462 1918 οἱ
3501 1867 3734 1932 ἑταῖροι,

2155 1961 2467 2031 κομίζουσιν
2515 1959 2700 2014 οἴκαδε
2725 1976 2740 1990 ·
2765 1962 2794 2012 ὁ
2823 1961 2880 2012 δὲ
2913 1960 3092 2029 πάσης
3117 1958 3386 2024 ἀπογνοὺς
3413 1955 3736 2026 θεραπείας,

2151 2047 2352 2110 ἔκειτο,
2392 2050 2790 2119 προσαιτοῦσαν
2819 2049 2958 2119 ἔχων
2995 2051 3094 2118 τὴν
3137 2049 3394 2118 ἀδελφὴν,
3435 2045 3736 2100 κάντεῦθεν

2151 2138 2298 2208 αὑτῷ
2325 2139 2394 2194 τὰ
2419 2140 2554 2208 πρὸς
2583 2141 2643 2192 τὸ
2671 2143 2770 2210 ζῇν
2795 2139 3164 2210 ὲπαρκοῦσαν.
3195 2142 3352 2202 Ἔτος
3383 2139 3481 2208 μὲν
3510 2137 3602 2190 οὖν
3631 2138 3734 2206 ἤδη

2150 2229 2334 2298 τρίτον
2376 2230 2562 2298 ἐνέστη
2613 2231 2884 2300 κειμένῳ·
2927 2230 3314 2298 ἀπαγορεύσας
3357 2231 3414 2280 δὲ
3455 2230 3555 2299 ἤδη
3593 2229 3738 2298 πρὸς

2150 2323 2252 2390 τὴν
2285 2322 2502 2390 χρονίαν
2532 2321 2672 2374 οὕτω
2705 2323 2935 2392 πάρεσιν
2974 2324 3070 2374 καὶ
3097 2324 3282 2386 αὐτὸς,
3319 2324 3414 2374 καὶ
3443 2323 3604 2387 γνοὺς
3631 2321 3734 2388 τῆς

2152 2413 2244 2464 ἐπὶ
2282 2413 2352 2463 τὰ
2397 2411 2589 2464 εἴδωλα
2621 2413 2830 2480 πλάνης
2880 2414 3047 2481 μηδὲν
3079 2413 3414 2482 ὠφελῆσθαι,
3448 2414 3556 2466 δεῖν
3589 2415 3734 2479 ἔγνω

2152 2503 2211 2556 τὸ
2257 2504 2420 2566 σέϐας
2471 2505 2814 2574 μεταϐαλεῖν,
2870 2509 3188 2576 κινήσαντος
3245 2507 3368 2569 ἴσως
3430 2507 3588 2558 αὐτὸν
3636 2509 3736 2558 καὶ

2151 2593 2283 2648 Θεοῦ
2315 2590 2422 2664 (οἷα
2453 2597 2520 2648 τὰ
2549 2597 2758 2649 ἐκείνου
2793 2597 3128 2666 κρίματαί),
3163 2597 3250 2648 ἵνα
3289 2597 3364 2665 τῷ
3407 2597 3606 2666 χρονίῳ
3631 2596 3736 2662 τῆς

2155 2687 2418 2754 μάστιγος
2461 2687 2663 2768 ὲλδεύσῃ
2699 2687 2836 2756 πρὸς
2869 2689 3080 2740 ἑαυτὸν.
3117 2687 3278 2750 Ὄλος
3321 2688 3612 2755 τοιγαροῖιν
3633 2687 3736 2754 ὅλῃ

2151 2775 2376 2846 δυνάμει
2423 2777 2720 2838 πιστεύσας
2771 2778 2912 2847 Θεῷ,
2970 2780 3136 2830 ἐδεῖτο
3193 2778 3408 2848 νύκτωρ
3463 2777 3558 2830 καὶ
3611 2775 3740 2846 μεθ’

2151 2869 2366 2938 ἡμέραν
2413 2868 2600 2930 αὑτοῦ,
2640 2869 2834 2938 μεσίτῃ
2885 2867 2961 2936 τῷ
3014 2867 3240 2936 Συμεὼν
3287 2867 3590 2937 χρώμενος,
3633 2867 3738 2934 τῆς

2153 2961 2438 3029 παρέσεως
2483 2961 2760 3030 ἀνεθῆναι.
2811 2961 3014 3030 Συνέϐη
3056 2961 3100 3010 δ’
3135 2963 3192 3012 ἐν
3229 2959 3424 3029 τούτῳ,
3469 2960 3589 3012 τινὰ
3617 2959 3736 3011 τῶν

2151 3052 2252 3104 ἀνὰ
2275 3051 2371 3118 τὴν
2394 3051 2574 3121 χώραν
2597 3051 2808 3118 ἐκείνην
2837 3050 3052 3120 τυφλῶν
3070 3051 3432 3118 προσελθόντα
3461 3048 3538 3118 τῷ
3564 3051 3736 3118 Ἀγίῳ

2151 3145 2380 3208 πιστῶς,
2435 3146 2541 3214 ἀφῇ
2593 3143 2785 3196 τούτου
2849 3143 2940 3194 καὶ
2992 3143 3248 3212 σφραγῖδι
3306 3141 3517 3210 βλέψαι.
3558 3135 3731 3203 Οὖτίς

465 3234 608 3286 hanc
637 3233 742 3286 sibi
772 3233 948 3300 legem
981 3231 1197 3289 statuit.
1243 3239 1302 3284 ut
1343 3231 1438 3286 illo
1463 3231 1552 3284 die
1583 3231 1898 3300 quotannis,
1937 3247 2047 3299 quo

2150 3235 2308 3299 ἀξίας
2370 3235 2604 3304 ἀμοιϐῆς
2663 3233 2884 3304 ἀπορῶν
2963 3234 3036 3304 (τί
3107 3233 3216 3302 γὰρ
3265 3232 3558 3302 ὀφθαλμῶν
3615 3233 3730 3284 ισο-

465 3333 576 3376 tam
603 3323 838 3376 mirandi
871 3321 1120 3376 beneﬁcii
1148 3337 1374 3390 compos
1403 3321 1584 3376 factus
1607 3331 1744 3382 erat,
1775 3322 2044 3391 quidquid

465 3415 710 3468 lucratus
734 3413 930 3466 [uisset
961 3427 1128 3482 opera
1159 3427 1421 3466 manuum
1461 3427 1708 3474 suarum,
1743 3412 2045 3466 distribue-

467 3516 552 3560 ret
589 3506 644 3560 in
685 3519 911 3574 egenos.

532 3709 658 3764 203.
697 3708 834 3763 Cum
865 3707 1034 3777 igitur
1059 3715 1249 3760 votum
1295 3706 1645 3776 impleturus,
1687 3711 1874 3776 panes,
1902 3725 2043 3778 quo-

465 3815 590 3853 rum
613 3809 742 3853 tunc
769 3798 980 3866 cepiam
1004 3797 1108 3850 sibi
1137 3807 1576 3866 comparaverat,
1608 3801 2046 3870 erugaret,'iam-

465 3905 574 3959 que
617 3897 974 3958 porrecturus
1023 3888 1322 3958 paralytico
1367 3903 1588 3956 quoque
1627 3897 1812 3950 esset;
1854 3897 2046 3942 exten-

465 3981 630 4036 dente
647 3980 712 4034 ad
735 3979 1118 4048 accipiendum
1139 3993 1362 4031 manum
1383 3995 1538 4032 suam
1565 3995 1780 4044 sorore,
1803 3981 2046 4036 inhibuit

467 4090 546 4132 se.
583 4071 850 4126 mandans
875 4079 936 4124 ut
965 4085 1108 4140 aeger
1149 4069 1265 4138 ipse
1299 4070 1758 4138 apprehenderet.
1795 4069 2046 4124 Claman-

469 4165 615 4218 tibus
645 4173 826 4217 autem
864 4161 956 4230 qui
1006 4161 1234 4213 aderant
1274 4176 1288 4210 :
1323 4160 1514 4214 Nonne
1556 4161 1724 4220 vides,
1765 4160 2047 4214 dissolutis

469 4261 644 4328 iacere
685 4254 889 4318 nervis,
921 4253 1278 4320 impotentem
1315 4251 1408 4320 qui
1443 4251 1528 4304 vel
1565 4251 1872 4304 membrum
1919 4266 2045 4304 cor-

469 4347 620 4415 poris
661 4345 830 4398 ulium
867 4344 950 4396 vel
981 4343 1308 4412 particulam
1338 4343 1592 4394 moveat?
1619 4341 1900 4394 conﬁdens
1929 4341 2047 4410 ipse

469 4439 674 4492 virtute
723 4437 959 4505 Spiritus
1035 4437 1209 4490 sancti
1275 4435 1600 4504 Symeonem
1657 4433 2046 4496 inhabitantis,

469 4537 582 4592 aut,
624 4527 770 4596 quod
813 4526 1138 4580 credibilius
1175 4535 1281 4584 est,
1319 4525 1491 4592 ipsius
1527 4524 1758 4592 spiritus
1785 4523 2044 4592 impulsu,

467 4637 630 4690 quam
671 4619 848 4690 potuit
886 4619 1189 4674 clarissima
1233 4631 1418 4670 voce-:
1459 4616 1515 4669 lu
1555 4616 1799 4676 nomine,
1843 4615 2042 4684 inquit,

470 4712 616 4766 servi
643 4712 736 4764 Dei
763 4710 1070 4780 Symeonis,
1097 4708 1190 4776 qui
1217 4708 1272 4760 in
1299 4705 1536 4760 mirabili
1563 4713 1808 4758 moratur
1827 4715 2042 4768 monte;

469 4813 524 4856 et
559 4803 653 4870 qui
682 4817 767 4856 me
791 4817 996 4856 caecum
1027 4799 1216 4853 videre
1247 4799 1396 4858 fecit.
1429 4796 1664 4850 extende
1695 4811 1888 4850 manus
1925 4804 2047 4850 tuas

471 4902 526 4948 et
575 4893 761 4962 accipe
817 4889 1284 4946 benedictionem.
1331 4887 1466 4943 Cum
1527 4888 1676 4941 illico
1725 4887 2044 4956 (quomodo,

473 4984 796 5040 immortalis
837 4981 1100 5046 Domine,
1135 4978 1366 5033 cantabo
1391 4977 1822 5032 misericordiam
1839 4987 1984 5030 tuam
2005 4978 2044 5044 ί)

473 5093 581 5132 non
639 5086 852 5130 tantttm
900 5073 1270 5128 corroborattc
1303 5087 1498 5124 manus
1549 5077 1847 5139 potuerunt
1881 5084 2048 5138 panes

474 5167 911 5239 apprehendere,
945 5179 1135 5218 verum
1166 5161 1534 5232 quodcunque
1559 5163 1724 5214 etiam
1747 5159 1894 5213 aliud
1923 5174 2048 5212 cor-

473 5261 623 5330 poris
654 5257 962 5312 membrum
997 5256 1209 5324 integre
1235 5263 1483 5307 sanatum
1517 5267 1617 5321 pro
1649 5251 1920 5320 exigentia
1955 5265 2052 5302 na-

475 5363 606 5406 tura:
638 5349 986 5404 movebatur.
1014 5347 1298 5416 Quotquot
1329 5347 1496 5415 igitur
1525 5354 1826 5414 prmsentcs
1869 5351 2050 5404 erant,

473 5445 876 5512 obstupuerunt
897 5441 1112 5496 insolita
1137 5439 1369 5510 prodigii
1395 5436 1769 5507 magnitudine
1794 5455 1805 5488 :
1827 5436 1900 5488 illi
1923 5451 2052 5488 vero

473 5531 563 5602 qui
595 5541 816 5586 sanatus
847 5531 1024 5585 fuerat
1051 5529 1312 5584 invisibili
1341 5529 1576 5598 quodam
1603 5529 1765 5580 modo
1794 5525 2048 5595 apparuit

475 5635 712 5682 Etlllt'lllS,
757 5625 982 5676 hortans
1025 5639 1149 5675 cum
1201 5629 1262 5674 ut
1314 5621 1536 5674 domum
1589 5617 1936 5676 com-ederet,
1991 5625 2046 5668 et

489 5727 592 5774 tua:
628 5713 698 5764 ibi
735 5711 968 5764 habebat
999 5711 1141 5763 idola
1167 5711 1586 5764 comminueret.
1623 5710 1718 5762 llic
1753 5723 1901 5772 vero,
1937 5722 2044 5758 non

2147 3329 2396 3392 στάσιονς
2417 3327 2458 3392 ),
2481 3325 2720 3378 τοιοῦτον
2749 3325 2924 3394 ἑαυτῷ
2961 3325 3144 3393 τίθησι
3174 3325 3361 3392 νόμον.
3383 3324 3482 3392 τὴν
3512 3323 3730 3392 ἡμέραν

2146 3419 2298 3480 ἔτους
2327 3419 2582 3476 ἑκάστου,
2611 3416 2731 3469 καθ’
2765 3417 2832 3486 ἢν
2871 3417 2970 3484 τῆς
3000 3415 3306 3482 παραδόξου
3336 3416 3535 3484 ταύτης
3567 3413 3732 3482 θερα-

2147 3509 2304 3570 πείας
2341 3509 2517 3576 τύχοι.
2555 3509 2699 3578 ειπερ
2749 3507 2816 3561 ἂν
2857 3509 2890 3576 ἡ
2935 3507 3057 3584 χεὶρ
3089 3507 3290 3576 ἔχουσα
3327 3505 3412 3573 εἴη
3445 3504 3728 3570 διανέμειν

2145 3601 2260 3662 τοῖς
2291 3600 2516 3652 ὲνδεέσι.

2219 3691 2320 3758 στ’.
2354 3693 2490 3744 [locs
2510 3690 2636 3757 γοῦν
2655 3691 2798 3760 ὁμὲν
2825 3691 2914 3744 τὸν
2929 3691 3170 3744 τοιοῦτον
3189 3688 3498 3759 ὲπεπλὴρου
3526 3689 3720 3756 νόμον,

2147 3783 2234 3834 καὶ
2271 3781 2470 3852 ἄρτους
2507 3782 2677 3836 ἐδίδου
2707 3777 2781 3834 ὧν
2809 3780 3116 3852 τηνικαῦτα
3141 3781 3394 3852 ηὐπόρει,
3421 3781 3636 3852 ὀρέγειν
3669 3780 3730 3834 δὲ

2147 3875 2248 3944 ἤδη
2287 3875 2382 3926 καὶ
2423 3873 2500 3944 τῷ
2531 3874 2826 3944 παραλύτῳ
2876 3873 3105 3942 μέλλων,
3153 3874 3250 3942 τὴν
3285 3875 3444 3942 χεῖρα
3479 3873 3620 3940 πρὸς
3669 3875 3734 3924 τὸ

2146 3966 2330 4020 λαϐεῖν
2355 3966 2454 4034 τῆς
2479 3967 2712 4036 ἀδελφῆς
2735 3965 3074 4036 ἐκτεινάσης,
3101 3963 3362 4034 ἐπισχὼν,
3391 3965 3554 4016 αὐτὸν
3587 3965 3734 4015 ἐκεῖ·

2147 4076 2235 4110 νον
2266 4059 2482 4114 ἐκέλευε
2515 4059 2766 4128 δέχεσθαι
2804 4061 2993 4130 χεῖρας
3019 4057 3326 4127 ὑποσχόντα
3349 4057 3438 4108 τὸν
3461 4059 3732 4125 παρειμέ-

2147 4167 2253 4202 νον.
2286 4149 2407 4202 Τῶν
2439 4148 2496 4202 δὲ
2539 4149 2844 4221 παρόντων,
2899 4149 3012 4217 Οὐχ
3065 4148 3200 4217 ὁρᾷς
3247 4147 3392 4208 ὅπως
3441 4147 3734 4214 παρέσεως

2147 4241 2282 4309 ἔχει.
2311 4239 2596 4306 λεγόντων,
2625 4241 2699 4301 ὡς
2731 4239 2864 4308 μηδὲ
2895 4239 3048 4308 μέλει
3077 4238 3170 4292 τοῦ
3197 4235 3446 4304 σώματός
3479 4251 3588 4286 τινι
3627 4253 3738 4302 μγ,-

2150 4333 2206 4384 δὲ
2249 4333 2404 4404 μέρει
2449 4329 2684 4400 χρῆσθαι
2717 4330 2941 4392 δυνατὸς
2975 4325 3150 4392 sint;
3199 4327 3480 4397 θαρρήσας
3523 4325 3736 4386 ὲκεῖψς

2147 4427 2212 4493 τῇ
2249 4422 2534 4493 ἐνοικούσῃ
2565 4423 2660 4474 τοῦ
2693 4423 3004 4491 Πνεύματος
3035 4419 3260 4488 δυνάμιει
3311 4417 3388 4486 τῷ
3417 4415 3662 4486 milia”.
3701 4419 3732 4486 ἦ

2151 4513 2246 4566 καὶ
2279 4512 2520 4582 κινηθεὶς
2555 4514 2647 4564 ὑπ’
2679 4513 2870 4582 αὐτῆς,
2897 4512 2926 4564 ὅ
2973 4512 3067 4564 καὶ
3119 4511 3340 4580 μᾶλλον,
3379 4510 3608 4578 λαμπρᾷ
3655 4511 3700 4560 ὼ

2149 4602 2292 4674 εἶχεν
2326 4605 2611 4658 ὑπολαϐὼν
2635 4607 2700 4674 τῇ
2733 4609 2906 4674 φωνῇ.
2941 4605 3028 4660 Ἐν
3055 4603 3279 4670 ὀνόματι
3305 4601 3399 4653 τοῦ
3419 4601 3608 4656 δούλου
3637 4601 3732 4651 τοῦ

2151 4695 2284 4748 Θεοῦ
2313 4694 2536 4763 Συμεὼν
2567 4694 2660 4746 τοῦ
2685 4694 2826 4747 κατὰ
2855 4693 2916 4746 τὸ
2948 4691 3259 4761 θαυμαστὸν
3289 4691 3435 4760 ὅρος,
3471 4691 3600 4757 ἔφη,
3633 4689 3732 4740 τοῦ

2153 4787 2296 4854 κάμὲ
2319 4785 2517 4852 τυφλὸν
2541 4785 2672 4838 ὅντα
2701 4785 3024 4854 ποιήσαντος
3048 4781 3370 4850 ἁναῦλέψαι,
3399 4783 3500 4842 τὰς
3529 4779 3732 4830 ἑαυτοῦ

2153 4879 2338 4945 χεῖρας
2395 4875 2662 4936 ἐκτείνας,
2701 4873 2849 4936 δέξαι
2915 4873 3016 4941 τὴν
3073 4871 3362 4938 εὐλογίαν·
3413 4871 3508 4921 καὶ
3543 4883 3734 4936 παρα-

2153 4971 2345 5042 χρῆμα
2374 4969 2438 5030 (ὦ
2477 4967 2613 5028 πῶς,
2637 4965 2871 5018 ἁθὰνατε
2911 4965 3113 5034 Χριστὲ
3147 4961 3390 5031 βασιλεῦ.
3413 4961 3620 5031 ᾄσομαι
3665 4959 3736 5009 τὰ.

2145 5062 2269 5132 mn
2308 5060 2431 5112 σουί
2457 5065 2470 5126 )
2507 5057 2568 5108 οὐ
2603 5059 2784 5124 χεῖρες
2816 5053 3056 5124 ἔρρωντο
3088 5051 3248 5120 μόνον
3275 5050 3402 5112 τοὺς
3427 5049 3628 5116 ἄρτους
3649 5045 3728 5096 δε.

2148 5155 2394 5224 χόμεναι,
2442 5148 2576 5202 ἀλλὰ
2629 5147 2723 5199 καὶ
2769 5145 2820 5196 εἴ
2873 5163 2924 5196 τι
2963 5142 3090 5196 ἄλλο
3121 5141 3215 5192 τοῦ
3253 5137 3502 5206 σώματος
3539 5137 3728 5205 μέλος,

2151 5244 2316 5312 ὑγιῶς
2347 5243 2578 5294 ἐκινεῖτο
2611 5239 2705 5290 καὶ
2736 5237 2874 5288 κατὰ
2912 5234 3094 5304 φύσιν.
3123 5233 3186 5283 Οἱ
3217 5231 3315 5300 μὲν
3341 5227 3435 5283 οὖν
3465 5229 3734 5298 παρέντες

2151 5337 2226 5406 τῷ
2263 5333 2356 5387 τοῦ
2391 5331 2664 5400 θαύματος
2719 5327 2936 5397 μεγέθει
2987 5323 3506 5392 καταπεπλήγεσαν,
3551 5317 3632 5386 τῷ
3677 5317 3732 5367 ἑὲ

2151 5425 2365 5494 τυχόντι
2405 5422 2502 5490 τῆς
2545 5419 2842 5490 Θεραπείας
2871 5417 2900 5467 ὁ
2930 5417 3120 5482 ’Ἄγιος
3151 5413 3394 5474 ἀθεάτως
3419 5407 3730 5476 ἐπιφανεὶς,

2151 5517 2330 5572 οἴκαδε
2364 5516 2608 5577 ἀπιέναι,
2649 5513 2715 5564 τὰ
2759 5528 2816 5562 τε
2865 5505 3176 5576 παρ’-αύτῷ
3205 5503 3400 5558 εἴδωλα
3421 5495 3730 5566 συντρίϐειν

2157 5609 2358 5679 σπουδῇ
2385 5605 2700 5678 παρηγγύα.
2735 5601 2795 5654 '0
2825 5601 2882 5654 δὲ
2911 5603 2972 5653 οὐ
3001 5601 3098 5668 τὴν
3123 5595 3342 5664 ἐντολὴν
3377 5593 3536 5662 μόνον
3567 5587 3730 5654 ὀξέως

2156 5703 2414 5773 ἐπλήρου,
2439 5699 2574 5752 ἀλλὰ
2599 5714 2650 5748 τι
2675 5695 2766 5748 καὶ
2785 5692 2915 5764 παρ’
2945 5688 3136 5746 ἑαυτοῦ
3164 5682 3472 5754 προσετίθει
3511 5679 3728 5750 1:439:5-
