4034 6186
315 260 444 327 3l73

1325 273 1501 336 VITA
1538 276 1584 334 Α
1619 274 2057 339 NICEPHORO
2095 283 2584 350 CONSCRIPTA.

3441 303 3581 370 3175

313 403 424 463 τοῖς
455 401 594 470 μετά
624 402 722 472 τῆς
750 373 1056 477 συντριϐἦςψ
1080 406 1351 474 ἐμϐαλὼν,
1377 411 1472 464 καὶ
1500 410 1599 481 τήν
1629 413 1873 482 προτέρα

2007 399 2168 451 modo
2220 403 2367 470 quod
2404 405 2594 474 jussus
2631 420 2749 462 erat
2778 411 3103 482 :idimplevit
3151 433 3444 490 accurate;
3484 429 3582 484 sed

314 493 531 562 ἀπάτην
594 493 982 563 δημοσιεύσας,
1028 498 1278 570 καθάπερ
1341 501 1487 572 αὐτῷ
1541 504 1745 574 ταύτης
1793 505 1893 558 ούκ

312 583 467 652 ὀλίγα
500 585 913 655 μεταμελῆσαν.

385 760 479 813 38'.
511 754 677 824 Οὗτος
715 761 774 814 ἐν
822 761 974 831 ἀκμῇ
1015 762 1115 832 τῆς
1157 764 1477 836 ήλικίας,ὼς
1531 767 1762 839 ἔφημεν,
1794 769 1889 835 ὢν,

317 850 683 920 μνηστεύεταί
713 867 857 914 τινος
887 851 1150 921 Ἕλληνος
1191 854 1486 925 θυγατέρα,
1524 857 1780 920 τοιαύτας
1808 857 1888 911 θέ-

315 957 474 1009 μενος
503 939 717 1010 πρῶτον
746 939 864 1010 Θεῷ
901 943 992 994 καὶ
1020 942 1098 1013 τῷ
1131 942 1356 1014 Συμεὼν
1380 945 1726 1016 ὑποσχέσεις,
1747 948 1888 1002 ὥστε

315 1036 389 1104 μὴ
451 1039 717 1104 πρότερον
782 1035 1046 1106 ὁμιλῆσαι
1098 1038 1296 1108 γάμοις
1351 1039 1486 1110 πρὶν
1524 1039 1590 1094 ἂν
1620 1042 1771 1110 παρὰ
1804 1043 1891 1095 τὸν

311 1126 501 1178 στύλον
531 1123 845 1196 γενόμενος,
879 1128 1072 1202 ὑψώσῃ
1113 1145 1169 1181 σε
1201 1131 1229 1181 ὁ
1270 1131 1402 1194 Θεός
1439 1149 1539 1202 μου
1568 1135 1595 1186 ὁ
1631 1133 1893 1197 Βασιλεύς

311 1233 434 1283 μου,
472 1219 565 1270 καὶ
595 1217 670 1286 τῷ
719 1217 796 1287 σῷ
825 1219 1118 1290 θεράποντι
1153 1219 1405 1293 Συμεὼν’
1429 1225 1612 1295 ἀποδῴ
1661 1226 1761 1290 τάς
1798 1228 1890 1280 εὑ-

312 1309 618 1378 χαριστίας.
655 1309 762 1362 Τοῦ
796 1310 853 1363 δὲ
883 1311 983 1380 τῆς
1013 1315 1181 1384 κόρης
1216 1315 1442 1386 πατρὸς,
1479 1319 1531 1370 εί
1564 1317 1643 1388 μὴ
1689 1318 1785 1372 νῦν
1837 1321 1885 1372 oi

309 1399 477 1468 γάμοι
511 1401 933 1466 συντελεσθείεν,
978 1404 1078 1456 οὐκ
1108 1406 1309 1459 ἀνεκτά
1337 1409 1686 1477 ποιουμένου,
1719 1411 1891 1464 ἐκδῶ-

313 1489 498 1543 σεσθαι
550 1491 604 1544 δὲ
632 1492 726 1545 καὶ
757 1493 918 1545 αὑτὸν
941 1495 1111 1566 ἐτέρῳ
1153 1497 1357 1566 μᾶλλον
1390 1501 1544 1569 ἀνδρὶ
1602 1501 1892 1555 ἀπειλοῦν-

309 1598 424 1648 τος,
476 1583 733 1654 δευτέρας
775 1588 980 1649 ἐκεῖνος
1010 1589 1118 1640 τῶν
1148 1590 1212 1642 ἐκ
1243 1591 1336 1646 τοῦ
1369 1592 1632 1663 πενθεροῦ
1666 1594 1889 1663 θέμενος

313 1673 570 1742 ἀναγκῶν
601 1677 720 1738 τὰς’
751 1677 888 1746 πρὸς
937 1678 1026 1732 τὸν
1065 1681 1254 1748 ’Δγιον
1304 1682 1602 1753 συνθήκας,
1650 1687 1889 1739 ἐπινεύει

312 1764 407 1816 καὶ
433 1765 604 1830 ἄκων,
638 1766 734 1819 καὶ
768 1768 903 1838 δῆτα
929 1771 1152 1823 πάντων
1182 1772 1290 1824 τῶν
1330 1775 1393 1827 ἐκ
1416 1775 1519 1844 τῆς
1577 1776 1888 1846 περιχώρου

309 1855 498 1926 σχεδὸν
512 1857 1196 1938 ἀθροισθέντων,⁹Ἐλληνες
1209 1862 1262 1914 δὲ
1279 1858 1417 1933 ἦσαν
1433 1864 1539 1936 ἄρα
1555 1866 1765 1938 καὶτῆς
1781 1867 1896 1920 Ἐλ-

298 1933 478 2002 λήνων
509 1934 827 2004 θρησκείας,
857 1936 934 1999 ῶς
965 1940 1063 2011 ἥδη
1095 1940 1191 1993 καὶ
1213 1944 1262 1994 oi
1286 1945 1455 2014 γάμοι
1475 1933 1876 2016 συνετελοῦντο,

299 2025 398 2078 καὶ
427 2025 495 2077 τά
523 2026 770 2096 γαμήλια
801 2029 1098 2094 εἱστιῶντο,
1153 2033 1408 2102 δαίμονες
1453 2039 1636 2103 αὐτοῖς
1684 2041 1879 2112 ἀθρόον

309 2117 661 2189 ἐπιπηδῶσιν,
691 2123 752 2175 ού
804 2125 879 2194 τῷ
921 2127 1157 2198 γαμϐρῷ
1182 2131 1277 2184 καὶ
1311 2131 1385 2202 τῷ
1416 2135 1663 2206 πενθερῷ
1697 2138 1878 2206 μόνον,

305 2209 437 2263 ἁλλά
460 2211 553 2263 καὶ
583 2216 645 2282 τῇ
678 2213 862 2286 νύμφῃ
895 2215 1116 2289 δηλαδὴ,
1149 2222 1240 2273 καὶ
1267 2226 1333 2292 τῇ
1390 2227 1578 2296 μητρὶ,
1624 2229 1720 2281 καὶ
1766 2233 1878 2293 τοὶς

306 2301 573 2371 ἀδελφοῖς,
603 2307 698 2358 καὶ
731 2309 846 2359 ὅσοι
875 2307 1024 2363 ἄλλοι
1066 2313 1175 2364 τῶν
1206 2316 1401 2382 γάμων
1433 2312 1572 2386 ἦσαν
1609 2319 1878 2389 ὑπηρέται

305 2395 400 2446 καὶ
432 2397 761 2450 σπουδασταί
783 2414 796 2428 '
827 2401 925 2470 οὐχ
953 2401 1092 2456 οὕτω
1114 2405 1215 2475 τὴν
1233 2406 1342 2458 τῶν
1374 2408 1658 2477 συνθηκῶν
1687 2412 1880 2482 ἀθέτη-

306 2501 410 2547 σιν,
436 2481 610 2555 οἴμαι,
634 2488 735 2557 τῆς
769 2489 915 2554 θείας
942 2493 1097 2565 δίκης
1127 2495 1605 2570 δυσχεραινούσης,
1625 2503 1746 2556 ὅσον
1769 2504 1876 2558 ἀπὸ

305 2575 403 2645 τῆς
436 2578 526 2628 ἐπὶ
545 2579 612 2630 τὰ
636 2579 829 2633 εἴδωλα
861 2583 1068 2654 πλάνης
1098 2588 1422 2658 ἐπιστρέψαι
1452 2591 1627 2661 ψυχάς
1646 2596 1723 2656 είς
1756 2593 1878 2647 ἐπί-

309 2683 506 2733 γνωσιν
563 2669 698 2722 Θεοῦ
745 2671 1096 2746 βουλομένης.
1160 2679 1225 2729 Ὀ
1269 2679 1331 2750 δή
1381 2683 1472 2733 καὶ
1523 2685 1662 2736 κατὰ
1711 2685 1878 2748 πόδας

303 2759 538 2829 ἀπήντα.
574 2760 855 2830 Ῥίψαντες
875 2767 983 2834 γάρ
1008 2767 1072 2818 τά
1104 2770 1160 2819 ἐν
1187 2774 1340 2839 χερσὶ
1369 2773 1586 2836 πάντες,
1604 2774 1878 2845 δρομαίως

303 2851 456 2918 παρὰ
497 2851 588 2903 τὸν
631 2853 820 2921 ’Ἃγιον
858 2857 1233 2924 ἀφικνοῦνται,
1283 2865 1342 2914 οὐ
1387 2864 1679 2933 θεραπείας
1715 2868 1877 2935 μόνον

301 2943 486 3009 τυχεῖν
505 2941 800 3008 ἀξιοῦντες,
833 2947 970 3000 ἀλλά
1000 2949 1095 3002 καὶ
1123 2950 1222 3021 τὴν
1247 2953 1374 3022 περὶ
1404 2955 1470 3008 τά
1499 2955 1693 3009 εἴδωλα
1725 2957 1874 3025 σφῶν

1999 489 2206 558 aliquid
2244 494 2410 548 etiam
2461 501 2859 566 superaddcns,
2893 506 3004 575 jam
3037 514 3274 568 contrita
3305 516 3494 585 injecit
3523 522 3578 575 in

2000 579 2208 647 ignem;
2274 600 2337 638 ac
2389 588 2681 656 pristinum
2740 609 2988 650 errorem
3049 614 3208 655 suum
3273 609 3578 675 publicans,
3613 594 3628 604 ’

1997 673 2240 728 ostendit
2279 691 2337 731 se
2367 693 2482 733 non
2533 697 2670 736 vana
2709 686 3036 754 pmuitcutia
3076 693 3224 747 duci.

2065 762 2190 819 204.
2220 764 2552 825 Versabatur
2576 773 2685 839 ille,
2723 786 2779 830 ut
2802 778 3010 834 dictum
3037 791 3142 842 est,
3177 785 3231 839 in
3263 787 3399 843 ﬂore
3445 802 3578 846 teta-

1997 855 2083 922 tis,
2149 861 2521 932 poscebatque
2571 881 2796 921 uxorem
2841 871 2945 926 sibi
3005 877 3230 943 gentilis
3287 882 3576 949 cujusdam

1995 946 2186 1010 ﬁliam,
2245 948 2347 1003 hac
2379 952 2532 1018 prius
2583 957 2982 1023 pollicitatione
3029 965 3144 1019 Deo
3199 983 3262 1022 ac
3319 946 3578 1042 Svmeoui

1996 1035 2156 1102 facta,
2189 1055 2296 1093 non
2326 1041 2582 1098 daturum
2614 1061 2671 1101 se
2692 1050 2847 1117 prius
2871 1067 3098 1121 operam
3118 1061 3575 1134 conjugio,quam

1995 1127 2261 1182 accedens
2285 1131 2351 1183 ad
2387 1132 2722 1200 columnam,
2745 1149 2797 1192 te
2819 1141 2988 1196 Deum
3018 1162 3084 1201 ac
3115 1127 3308 1219 regem
3325 1163 3574 1209 nostrum

1993 1219 2283 1294 extulisset
2342 1224 2557 1278 meritis
2615 1228 2892 1298 laudibus,
2953 1251 3166 1308 suoque
3213 1245 3427 1299 medico
3475 1245 3576 1314 Sy-

1994 1311 2173 1362 meoni
2198 1312 2403 1381 gratias
2423 1316 2804 1384 persolvisset.
2841 1322 2946 1376 Sed
2988 1341 3113 1379 cum
3163 1332 3360 1398 puella:
3393 1311 3572 1400 pater.

1994 1399 2100 1454 nisi
2125 1403 2310 1456 statim
2366 1405 2562 1460 tierent
2617 1411 2842 1478 nuptiae,
2897 1430 3006 1468 non
3060 1421 3460 1486 permissurum
3515 1443 3573 1481 se

1993 1490 2213 1554 deinde,
2241 1492 2350 1545 imo
2373 1494 2530 1548 alteri
2585 1500 2704 1550 viro
2745 1502 3142 1561 collocaturum
3203 1511 3367 1564 tiliam
3417 1529 3570 1568 suam

1993 1581 2368 1651 minitaretur;
2389 1594 2544 1653 pacta
2563 1587 2651 1639 ille
2676 1605 2800 1643 cum
2825 1605 3018 1648 sancto
3044 1596 3176 1652 inita
3203 1611 3567 1670 postponens,

1991 1673 2305 1726 necessitati
2331 1690 2360 1727 a
2391 1690 2586 1730 socero
2617 1677 2722 1732 sibi
2769 1680 2924 1736 facta:
2955 1687 3147 1738 annuit
3182 1689 3308 1742 licet
3341 1692 3568 1758 invitus;

1994 1763 2159 1832 idque
2184 1768 2526 1836 congregatis
2549 1769 2664 1824 fere
2691 1772 2887 1827 vicinis
2917 1777 3198 1852 omnibus,
3218 1781 3312 1848 qui
3336 1785 3571 1851 gentiles

1991 1863 2148 1908 erant
2181 1865 2236 1909 et
2263 1859 2550 1927 gentilitiis
2604 1864 3095 1931 superstitionibus
3154 1870 3347 1927 dediti.
3398 1875 3570 1928 Porro

1989 1947 2286 2001 celebratis
2337 1950 2447 2018 jam
2497 1954 2707 2020 nuptiis
2766 1957 3059 2027 soluteque
3093 1965 3366 2026 convivio,
3429 1967 3565 2021 insi-

1989 2037 2129 2091 liunt
2184 2050 2408 2108 repente
2458 2041 2756 2108 dcemoues,
2822 2063 2932 2102 non
2983 2052 3157 2106 solum
3205 2055 3259 2109 in
3299 2073 3561 2127 generum

1956 2136 2151 2196 ~atque
2186 2144 2459 2195 socerum,
2487 2133 2582 2186 sed
2611 2144 2667 2188 et
2698 2136 2750 2188 in
2783 2152 3063 2206 sponsam,
3114 2143 3167 2196 in
3221 2158 3472 2212 matrem,
3509 2149 3560 2202 in

1989 2219 2204 2281 fratres,
2239 2232 2294 2276 et
2328 2233 2596 2294 quotquot
2619 2229 2856 2283 ministri
2899 2231 3208 2308 fautoresve
3247 2241 3563 2309 nuptiarum

1988 2309 2246 2378 fuerant;
2278 2315 2465 2370 divina
2501 2318 2716 2386 justitia
2761 2337 2869 2374 non
2908 2333 3014 2377 tam
3063 2343 3229 2396 :egre,
3294 2340 3355 2384 ut
3408 2341 3564 2401 puto,

1985 2398 2195 2455 ferente
2253 2403 2562 2472 neglectum
2624 2419 2931 2476 pactorum,
2981 2430 3147 2483 quam
3208 2420 3429 2475 volente
3492 2425 3563 2476 ab

1985 2490 2256 2546 idolorum
2291 2510 2481 2550 errore
2517 2498 2784 2555 abductas
2811 2505 3024 2561 animas
3073 2509 3139 2562 ad
3185 2512 3304 2564 veri
3337 2514 3430 2567 Dei
3465 2529 3562 2569 co-

1983 2583 2283 2652 gnitionem
2316 2591 2564 2642 converti
2596 2606 2609 2642 :
2649 2595 2795 2660 quod
2829 2596 2995 2650 etiam
3044 2603 3310 2657 continuo
3354 2605 3560 2661 laetum

1983 2679 2088 2725 est.
2121 2673 2364 2743 Abjectis
2385 2677 2529 2732 enim
2554 2680 2622 2733 iis
2665 2697 2786 2751 quae
2812 2701 2923 2753 prae
2975 2691 3230 2746 manibus
3258 2706 3435 2762 erant,
3467 2712 3559 2751 ce-

1983 2765 2083 2818 leri
2118 2781 2283 2820 cursu
2311 2768 2378 2822 ad
2407 2780 2659 2825 sanctum
2693 2778 3001 2843 pervadunt
3046 2796 3258 2848 omnes,
3299 2800 3408 2840 non
3438 2797 3560 2842 tan-

1983 2865 2095 2909 tum
2126 2869 2383 2927 rogantes
2413 2862 2705 2927 medelam,
2741 2867 2834 2920 sed
2861 2878 2917 2922 et
2950 2871 3169 2938 publice
3211 2878 3556 2943 proclaman~

1983 2956 2065 3001 tes
2098 2949 2305 3016 cultum
2338 2951 2612 3007 idolorum
2674 2971 2899 3012 suorum
2961 2978 3082 3016 esse
3128 2980 3446 3032 erroneum,
3501 2980 3557 3024 et

302 3033 517 3104 ἀπάτην
541 3035 977 3106 δημοσιεύοντες,
1028 3041 1121 3095 καὶ
1173 3045 1364 3114 μισθὸν
1391 3046 1577 3118 ὥσπερ
1604 3045 1670 3121 ἧς
1711 3050 1873 3121 ᾔτουν

1981 3039 2138 3106 quasi
2172 3041 2481 3094 mercedem
2528 3048 2788 3112 postulati
2835 3049 3087 3105 benelicii
3133 3058 3554 3112 conversionem

304 3123 642 3194 εὐεργεσίας,
673 3128 770 3200 τὴν
799 3132 880 3194 είς
906 3131 1039 3186 Θεὸν
1061 3135 1396 3209 ἐπιστροφήν
1427 3141 1875 3206 καταϐάλλοντες.

305 3209 410 3272 0i),-
445 3211 474 3264 ὁ
519 3216 686 3284 ταχὺς
718 3217 797 3279 είς
821 3213 1006 3271 οἶκτον
1036 3219 1219 3286 εὐθὺς,
1247 3223 1344 3290 τῆς
1379 3223 1443 3275 ἐκ
1481 3223 1576 3276 τοῦ
1627 3223 1879 3294 δαίμονος

305 3302 567 3371 ἐπηρείας
597 3304 998 3376 ἐλευθερώσας,
1031 3311 1126 3362 καὶ
1165 3312 1268 3365 ὅσα
1294 3313 1430 3384 πρὸς
1469 3316 1744 3385 σωτηρίαν
1797 3315 1877 3368 δι-

303 3390 468 3456 δάξας
500 3397 597 3448 καὶ
632 3399 992 3467 παραινέσας,
1023 3402 1198 3469 ὑγιεῖς
1225 3404 1409 3458 οἴκαδε
1458 3405 1709 3468 ἀπολύει,
1740 3407 1880 3478 λαμ-

305 3483 577 3555 προτέραν
609 3487 718 3539 τῶν
748 3489 952 3560 γάμων
992 3493 1168 3562 πολλῷ
1205 3496 1305 3565 τὴν
1343 3495 1554 3549 ἐαυτῶν
1600 3501 1876 3568 σωτηρίαν

303 3577 790 3646 πανηγυρίζοντας.

373 3673 468 3722 σε’.
502 3669 820 3740 Παρέϐαλόν
873 3691 1018 3737 τινες
1074 3676 1226 3746 αὑτῷ
1267 3677 1367 3746 τῆς
1434 3679 1862 3743 Καππαδοκῶν,

301 3758 566 3822 ποικίλοις
590 3763 784 3815 πάθεσι
810 3765 1122 3836 πιεζόμενοι
1149 3783 1164 3797 ⁸
1205 3767 1410 3820 τούτων
1449 3763 1528 3831 εἷς
1559 3769 1753 3833 ἄλαλος
1778 3768 1868 3840 ἦν.

299 3848 418 3902 Τῶν
449 3850 578 3917 γοῦν
623 3853 798 3906 ἄλλων
828 3855 1124 3925 θεραπείας
1166 3858 1271 3911 ὑπὸ
1303 3858 1398 3911 τοῦ
1444 3860 1626 3928 Ἀγίου
1676 3863 1873 3932 τυχόν-

295 3959 420 4006 των,
457 3945 614 4014 μόνος
643 3948 802 4018 ἕμενε
834 3952 1098 4020 κωφεύων
1129 3955 1357 4018 ἐκεῖνος,
1395 3954 1518 4024 μηδ’
1546 3955 1726 4011 ὁτιοῦν
1771 3958 1869 4027 τῆς

293 4035 372 4096 είς
399 4037 561 4089 αὑτὸν
594 4041 818 4109 πορείας
859 4043 1143 4112 ὀνάμενος.
1175 4045 1378 4115 Τρίτην
1420 4047 1712 4117 τοιγαροῦν
1746 4066 1856 4101 πα-

295 4128 662 4194 ραμείναντες
699 4131 906 4201 ἡμέραν
940 4137 1074 4197 ἐκεῖ,
1104 4135 1180 4197 ὡς
1223 4136 1320 4206 ήδη
1365 4138 1460 4207 τὴν
1493 4139 1618 4207 ἐξῆς
1643 4138 1869 4209 ἔμελλον

292 4217 536 4281 ἀπιέναι,
569 4220 947 4292 διαναθέμενοι
995 4225 1063 4278 τά
1094 4228 1308 4297 φορτία,
1345 4229 1543 4282 είσίασι
1585 4231 1722 4302 πρὸς
1763 4232 1866 4285 αὐ-

289 4305 401 4367 τὸν,
430 4308 525 4361 τοῦ
564 4311 662 4373 τὰς
717 4313 883 4367 αὐτοῦ
915 4316 1081 4385 εὐχάς
1126 4318 1532 4389 ἐφοδιασθῆναι.
1585 4322 1644 4376 '0
1677 4323 1862 4393 μέντοι

1979 3129 2046 3182 ad
2071 3129 2241 3184 Deum
2269 3135 2653 3202 rependentes.
2680 3139 2787 3193 Eos
2807 3157 2938 3211 ergo
2977 3145 3125 3199 celer
3173 3147 3240 3200 ad
3284 3150 3554 3205 miseran-

1979 3217 2111 3273 dum
2170 3219 2426 3292 Symeon,
2465 3234 2521 3280 et
2552 3227 2819 3284 daemonis
2880 3236 3169 3292 vexatione
3228 3238 3454 3304 liberos,
3498 3252 3554 3296 et
3595 3305 3598 3308 ,

1979 3314 2286 3368 necessaria
2321 3315 2388 3370 ad
2415 3317 2650 3374 salutem
2677 3322 2924 3388 edoctos,
2966 3329 3300 3399 monitisque
3332 3332 3551 3388 institu-

1979 3411 2084 3467 tos,
2123 3419 2286 3460 sanos
2327 3415 2491 3477 atque
2543 3412 2850 3468 incolumes
2901 3415 3094 3473 domos
3148 3435 3275 3476 suas
3310 3424 3539 3487 remisit,

1975 3491 2324 3559 splendidius
2345 3501 2724 3554 conversionis
2744 3518 2854 3557 sum
2878 3521 3040 3573 quam
3065 3509 3377 3577 nuptiarum
3402 3511 3548 3566 diem

1974 3582 2370 3638 celebraturos.

2042 3673 2166 3726 205.
2202 3675 2575 3731 Pervenerant
2609 3680 2830 3746 quidam
2891 3673 3242 3751 Cappadoces
3299 3689 3366 3741 ad
3425 3705 3550 3744 san-

1973 3764 2338 3824 ctum,variis
2389 3765 2806 3822 infirmitatibus
2845 3772 3050 3834 allecti,
3115 3791 3351 3844 quorum
3402 3795 3547 3834 unus

1971 3863 2088 3906 erat
2115 3864 2320 3910 mutus.
2362 3854 2500 3910 Cum
2557 3867 2740 3912 autem
2773 3876 2840 3913 ex
2891 3862 2977 3917 his
3019 3865 3109 3918 alii
3168 3867 3545 3927 incolumitate

1971 3942 2331 4006 donarentur,
2368 3945 2519 3999 solus
2548 3946 2641 4000 hic
2697 3948 2937 4019 elinguis
2970 3958 3287 4021 permansit,
3333 3961 3542 4018 nullum

1969 4035 2132 4088 abeo
2191 4035 2388 4090 itinere
2443 4036 2694 4092 levamen
2753 4049 2968 4097 nactus.
3017 4044 3283 4101 Triduum
3341 4051 3543 4106 ibidem

1970 4125 2322 4192 perstiterant
2350 4134 2407 4181 et
2439 4136 2658 4195 postera
2691 4131 2815 4186 luce
2857 4133 3064 4188 abituri
3111 4148 3288 4201 erant,
3323 4142 3544 4208 quando

1965 4215 2214 4270 collectis
2243 4217 2476 4272 sarcinis
2521 4220 2590 4273 ad
2640 4233 2889 4277 sanctum
2943 4226 3220 4294 adierunt,
3275 4231 3545 4288 interces-

1968 4306 2174 4360 sionem
2201 4323 2266 4362 ac
2289 4325 2482 4378 preces
2511 4312 2684 4380 ipsius
2713 4331 2812 4383 pro
2846 4317 3050 4373 viatico
3069 4325 3370 4392 accepturi.
3397 4325 3545 4380 luter

291 4398 491 4466 κωφὸς,
521 4403 788 4457 οἴκτιστόν
811 4423 864 4457 τι
896 4409 1033 4477 πρδς
1060 4410 1222 4464 αὐτὸν
1261 4411 1480 4482 βλέψας,
1507 4415 1766 4469 διανεύων
1792 4412 1862 4488 ἦν

1981 4399 2104 4452 alios
2157 4408 2344 4454 mutus
2393 4402 2481 4456 hic
2525 4417 2781 4458 sanctum
2831 4407 3075 4473 intuens,
3124 4413 3280 4468 triste
3316 4416 3446 4485 quid
3480 4433 3543 4470 ac

286 4488 424 4554 ἄγαν
451 4489 716 4556 ἐλεεινῶς.
763 4495 820 4548 Ὁ
853 4496 908 4548 δὲ
940 4498 1128 4551 παθὼν
1151 4500 1238 4553 ἐπ’
1266 4503 1413 4572 αὐτῷ
1436 4505 1534 4574 τὴν
1561 4505 1756 4576 ψυχὴν,
1782 4509 1865 4571 είς

285 4579 604 4650 οἰκτιρμοὺς
654 4585 848 4655 ἔϐλεψε
908 4588 1071 4641 πάλιν
1149 4593 1276 4654 τοὺς
1337 4591 1716 4665 ἀδαπανήτους
1767 4600 1862 4653 καὶ

281 4670 589 4736 ἀκενὼτους
611 4715 626 4736 ,
658 4677 754 4728 καὶ
785 4679 845 4730 τὸ
877 4681 1172 4750 πρόσωπον
1225 4685 1594 4755 ἀποστρέψας,
1625 4690 1716 4741 καὶ
1767 4693 1858 4744 τὸν

280 4759 541 4815 δάκτυλον
572 4764 650 4834 τῷ
685 4768 913 4835 στόματι
938 4771 1211 4838 ἐμϐαλὼν,
1249 4775 1343 4826 καὶ
1373 4777 1550 4845 ἡσυχῆ
1597 4782 1707 4842 τοῖς
1739 4782 1855 4850 χεί-

277 4852 425 4906 λεσιν
475 4856 759 4920 ἐκπιέσας,
796 4862 958 4931 ἐνῆκε
989 4863 1066 4934 τῷ
1101 4865 1328 4933 στόματι
1373 4868 1465 4920 τοῦ
1496 4869 1708 4939 ἀνδρὸς,
1737 4873 1764 4924 ὁ
1795 4871 1850 4924 δὲ

275 4941 375 4994 ὃσα
409 4945 504 4998 καὶ
565 4947 734 5020 θηλὴν
783 4952 1119 5022 ἐκμυζήσας,
1176 4959 1389 5026 τρανῶς
1444 4960 1643 5014 αὐτίκα
1694 4961 1847 5033 ὤφθη

273 5029 470 5100 λαλῶν,
509 5037 604 5089 καὶ
643 5039 784 5092 κατὰ
814 5042 977 5110 φύσιν
1007 5046 1071 5115 τῇ
1089 5041 1303 5118 γλώττῂ
1331 5048 1634 5120 χρώμενος.

347 5133 457 5192 σις’.
496 5128 713 5199 ’Ἑτεροι
741 5132 906 5186 πάλιν
933 5135 1040 5187 ἀπὸ
1074 5136 1397 5203 Σελευκείας
1428 5141 1526 5212 τῆς
1559 5145 1617 5196 ἐν
1638 5145 1845 5199 Καισα-

276 5220 399 5291 ρείᾳ.
459 5219 770 5289 προσῆλθον
819 5221 898 5291 τῷ
956 5224 1182 5294 Συμεὼν
1230 5226 1428 5281 πάθεσι
1487 5233 1846 5299 παντοδαποῖς

271 5313 602 5382 ἀνεχόμενοι.
632 5313 862 5368 Πάντων
883 5316 1061 5369 τοίνυν
1089 5319 1316 5374 ἐκείνων
1347 5321 1446 5393 τήν
1467 5324 1523 5388 ἐξ
1554 5325 1719 5378 αὑτοῦ
1748 5328 1848 5398 χά-

273 5419 360 5475 ριν
383 5404 788 5476 κομισαμένων,
819 5407 1046 5461 ἑκάστου
1076 5426 1133 5462 τε
1161 5410 1220 5462 τὸ
1252 5411 1441 5475 πάθος,
1466 5415 1571 5483 ὅτῳ
1597 5415 1658 5486 δή
1717 5436 1845 5471 ποτε

273 5493 584 5563 κατείχετο,
619 5494 826 5560 εὐθέως
873 5498 1208 5569 ἀποθεμένου
1269 5502 1361 5553 καί
1418 5519 1570 5565 τινας
1633 5507 1844 5577 ἡμέρας

1968 4490 2282 4544 miserabile
2343 4492 2642 4556 innuebat;
2701 4497 2842 4551 adeo
2897 4509 2957 4552 ut
3022 4501 3134 4562 ille,
3187 4506 3544 4562 miseratione

1968 4583 2382 4644 tactus,oculos
2433 4583 2631 4638 levarit
2675 4586 2743 4639 ad
2802 4586 3258 4644 inexhauribilem
3319 4594 3541 4649 miseri-

1956 4673 2220 4735 cordiam,
2245 4689 2549 4744 aversoque
2582 4679 2758 4741 vultu,
2793 4679 3028 4748 digitum
3068 4681 3151 4735 ori
3185 4681 3536 4752 imposuerit,

1955 4764 2114 4819 labiis
2143 4765 2341 4820 leniter
2370 4767 2595 4835 pressis,
2632 4776 2745 4822 tum
2775 4769 2977 4826 deinde
3023 4772 3080 4827 in
3105 4789 3168 4827 os
3206 4773 3310 4828 viri
3359 4775 3537 4830 immi-

1959 4857 2126 4910 serit:
2158 4858 2250 4927 qui
2279 4858 2448 4913 veluti
2481 4860 2619 4912 uber
2645 4877 2866 4931 sugeus,
2900 4865 3048 4919 illico
3089 4865 3243 4921 visus
3277 4878 3361 4935 est
3396 4869 3533 4922 arti-

1955 4949 2135 5003 culate
2160 4950 2306 5019 loqui
2335 4957 2391 5004 et
2423 4952 2748 5007 naturaliter
2779 4954 2964 5023 lingua
3005 4957 3106 5009 uti.

1989 5135 2149 5193 -206.
2179 5141 2416 5195 Rursum
2445 5141 2561 5205 alii,
2581 5142 2834 5198 Seleucia
2892 5144 3252 5214 Cappadociae
3295 5147 3533 5203 advene—

1956 5241 2085 5286 runt
2117 5233 2226 5302 (54)
2273 5233 2616 5288 multimodis
2669 5236 2912 5304 correpti
2961 5238 3201 5292 morbis:
3253 5239 3346 5308 qui
3401 5255 3528 5293 cum

1952 5339 2145 5378 omnes
2170 5325 2397 5394 gratiam
2423 5326 2704 5379 consecuti
2729 5335 2918 5381 essent
2951 5343 2980 5382 a
3011 5328 3302 5399 Symeone,
3329 5346 3525 5401 quem-

1950 5414 2087 5470 libet
2115 5418 2258 5470 malo
2285 5432 2386 5470 suo
2433 5433 2544 5486 quo
2597 5419 2931 5473 tenebantur
2981 5422 3280 5486 eximente,
3324 5434 3381 5478 et
3412 5439 3522 5476 ma-

1952 5524 2120 5562 nuum
2156 5524 2376 5564 suarum
2410 5525 2633 5579 operam
2687 5513 3005 5566 monasterii
3053 5515 3245 5570 usibus
3277 5515 3522 5580 aliquan-

341 5669 454 5742 (56)
497 5669 632 5734 Qui“
688 5672 933 5728 Czcsarca
978 5677 1281 5746 metmpolis
1343 5678 1692 5750 Cappadocia:
1738 5693 1836 5748 est,
1880 5683 2126 5740 Seleucia
2155 5689 2413 5742 Caesarem
2439 5692 2490 5742 in
2525 5691 2704 5745 Grreco
2743 5692 2951 5745 dicitur.
