4034 6186
477 267 618 334 3175

1696 255 1756 314 S.
1797 251 2176 314 SYMEONIS
2208 250 2570 312 JU‘NIORIS

3593 231 3744 298 3176

479 383 576 438 diu
618 377 1036 450 impenderent;
1115 372 1297 443 puella
1356 367 1606 440 quaedam
1659 368 1780 422 viro
1843 373 2092 426 matura,

2195 365 2292 434 περὶ
2315 362 2384 416 τὰ
2409 363 2507 432 τῆς
2537 360 2702 432 μονῆς
2737 357 2872 427 ἔργα
2907 350 3374 427 χειρουργούντων
3413 347 3510 402 xci.
3551 365 3714 402 πονε-
3733 375 3752 388 ν

481 474 693 538 aderat,
726 471 793 537 ab
821 469 938 539 ipsa
975 465 1264 520 nativitate
1295 463 1540 533 linguam
1569 457 1857 528 impedita,
1891 455 2056 510 vitia-

483 564 664 632 tisque
714 559 945 614 auribus
974 565 1127 610 muta
1159 563 1216 609 et
1245 539 1434 614 surda,
1493 565 1614 619 quae
1673 549 1814 603 nihil
1867 545 2060 601 auxilii

483 662 712 724 experta
739 651 942 705 fuerat.
968 649 1142 718 Hujus
1175 652 1333 715 pater
1364 641 1735 706 incommodo,
1755 639 1884 708 quia
1907 646 2062 708 pater

485 755 623 806 erat,
651 744 979 814 tangebatur
999 740 1261 810 gravius;
1310 737 1583 803 metisque
1617 749 1730 803 prie
1767 730 2062 785 commise-

486 838 700 892 ratione
727 835 1052 900 visceribus.
1073 829 1344 900 processit
1367 829 1629 897 plangens
1653 833 1818 892 atque
1839 823 2065 891 plorans

488 927 556 979 ad
577 927 924 996 Symeonem,
939 920 1236 976 ostendens
1257 928 1521 987 quantum
1549 915 1716 968 maris
1733 920 2070 968 essetemen—

489 1035 602 1082 sus,
639 1029 696 1070 et
738 1030 952 1069 summa
1001 1011 1357 1066 contentione
1396 1007 1716 1064 obsecrans,
1749 1018 1819 1056 ne
1855 1009 2070 1054 tantum

491 1111 710 1166 itineris
743 1115 1032 1179 cogeretur
1066 1106 1311 1172 relegere
1341 1115 1539 1170 expers
1583 1095 1786 1150 solatii.
1813 1093 1914 1149 Cui
1942 1110 2070 1148 san-

492 1213 618 1256 ctus
643 1219 656 1252 :
684 1201 1006 1258 Revertere,
1043 1194 1244 1261 inquit,
1277 1198 1556 1258 assumpta
1595 1187 1700 1240 ﬁlia
1735 1203 1748 1238 :
1779 1201 1889 1238 non
1923 1185 2072 1238 enim

495 1292 714 1346 dillicile
739 1289 976 1343 critDeo
993 1285 1160 1339 etiam
1201 1283 1327 1335 navi
1375 1281 1644 1334 vehentes
1677 1293 1775 1330 vos
1817 1265 2071 1330 'visitare.

495 1383 760 1450 Repletus
787 1387 892 1442 est,
925 1377 1111 1430 audita
1145 1375 1248 1428 hac
1281 1373 1553 1436 oratione,
1591 1379 1746 1438 pater
1771 1367 1920 1421 dulci
1949 1381 2068 1434 spe,

497 1483 830 1542 acceptaque
865 1470 974 1522 ﬁlia
1006 1466 1144 1520 mari
1175 1481 1234 1519 se
1259 1462 1560 1518 commisit.
1599 1459 1854 1513 Nondum
1889 1471 2076 1512 emen-

499 1580 595 1618 sus
627 1572 746 1618 erat
772 1560 1066 1614 dimidium
1125 1557 1250 1620 iter,
1305 1570 1454 1616 cum,
1491 1551 1764 1605 allabente
1797 1561 1853 1603 et
1888 1548 1990 1617 ipsi
2022 1553 2079 1601 et

499 1656 662 1711 simul
725 1651 1054 1707 vehentibus
1117 1657 1274 1718 grato
1343 1644 1582 1715 quodam
1642 1641 1850 1703 odore,
1899 1639 2078 1708 qualis

499 1747 764 1803 indicium
795 1759 918 1798 esse
942 1743 1081 1796 solet
1115 1739 1466 1794 adventantis
1499 1734 1692 1805 gratim
1721 1733 1942 1788 divinas.
1987 1745 2072 1784 so-

499 1839 616 1893 luta
636 1848 718 1892 est
740 1836 936 1906 puella:
961 1834 1168 1903 lingua,
1229 1829 1588 1900 perfectaque
1635 1824 1969 1894 loquebatur
2023 1830 2079 1875 et

500 1931 780 1984 audiebat.
815 1926 1058 1982 Perculit
1087 1939 1152 1977 ea
1181 1936 1295 1976 res
1325 1927 1599 1989 quotquot
1656 1918 1710 1970 in
1757 1914 1882 1968 navi
1920 1920 2081 1967 erant

501 2036 730 2094 stupore
763 2033 924 2089 atque
954 2027 1224 2080 tremore;
1256 2013 1350 2068 sed
1383 2023 1562 2082 pater,
1613 2009 1864 2078 iniquum
1910 2015 2079 2068 ratus,

503 2119 550 2174 si
577 2133 676 2188 pro
715 2123 866 2169 tanto
895 2109 1188 2173 benelicio,
1225 2107 1375 2161 nulla
1401 2105 1542 2176 grati
1593 2101 1762 2156 animi
1818 2098 2081 2154 memoria

505 2211 720 2270 relicta,
747 2212 1120 2260 reverteretur
1161 2201 1430 2264 domum;
1477 2198 1707 2251 alteram
1763 2190 2086 2248 conscendit

505 2300 686 2354 navim
749 2297 1048 2352 comitante
1097 2293 1226 2358 ﬁlia,
1283 2301 1648 2359 revectusque
1688 2287 1757 2342 ad
1811 2293 2084 2349 sanctum,

506 2391 696 2460 quales
727 2399 854 2443 ante
885 2401 984 2456 pro
1009 2386 1116 2439 lilia
1139 2385 1378 2447 fuderat,
1429 2397 1579 2436 nunc
1626 2395 1726 2450 pro
1781 2379 2084 2450 gratiarum

507 2482 723 2536 actione
754 2479 919 2533 oﬁert
953 2478 1247 2546 lacrymas.

580 2657 704 2711 207.
742 2655 898 2710 Alius
943 2653 1144 2706 iterum
1207 2665 1275 2702 ex
1330 2647 1578 2716 Daphne,
1634 2645 1799 2698 ﬁliam
1857 2644 2092 2698 habebat

511 2749 708 2804 iisdem
744 2743 1110 2800 incommodis
1139 2742 1482 2794 laborantem
1519 2739 1662 2808 (55);
1700 2737 1788 2790 cui
1825 2751 1962 2790 uxor
1994 2751 2090 2790 sua

512 2851 678 2911 atque
725 2839 886 2894 amici
939 2837 1112 2906 magis
1159 2833 1475 2895 familiares,
1509 2847 1618 2883 non
1647 2830 1936 2884 cessabant
1963 2843 2092 2882 sua-

513 2935 668 2994 dere,
707 2939 767 2985 ut
791 2929 956 2982 ﬁliam
989 2925 1056 2980 ad
1086 2938 1436 2978 communem
1472 2920 1774 2974 adduceret
1820 2919 2094 2974 medicum

2164 453 2361 523 μένων,
2385 455 2525 524 κόρη
2551 469 2637 514 τις
2659 449 2791 520 παρ’
2819 447 3001 509 αὐτοῖς
3025 444 3204 515 ὡραία
3233 442 3455 510 γάμοις,
3485 439 3545 504 ἐξ
3575 439 3752 508 αὐτῆς

2161 546 2325 616 γονῆς
2358 547 2458 616 τὴν
2496 545 2744 612 γλῶτταν
2775 537 3151 608 πεπεδημένη,
3177 535 3248 586 τά
3277 550 3337 584 τε
3371 525 3488 584 ὦτα
3523 529 3750 597 armasti-

2163 655 2342 702 ουσα,
2405 636 2582 707 ταύτῃ
2645 635 2880 704 μένουσα
2939 627 3009 701 ἦν
3043 669 3058 696 ,
3131 624 3432 698 θεραπείας
3493 619 3756 690 οὐδεμιᾶς

2167 729 2486 800 αἰσθομένη.
2551 728 2610 779 '0
2663 725 2792 794 γοῦν
2841 723 3026 792 πατὴρ
3077 720 3248 788 αὐτῆς
3293 717 3356 770 τὸ
3415 715 3516 784 τῆς
3563 713 3756 775 παιδὸς

2167 819 2536 887 οἰκειούμενος
2595 817 2791 878 πάθος,
2827 813 2952 866 ἐπεὶ
2987 812 3081 865 καὶ
3129 807 3334 879 πατὴρ,
3380 807 3449 858 τά
3487 823 3546 858 τε
3579 803 3756 857 σπλά-

2168 928 2308 981 γχνα
2361 909 2550 971 δεινῶς
2611 909 2697 960 ἐπ’
2742 908 2880 976 αὐτῇ
2943 901 3341 974 στρεφόμενος,
3389 895 3619 968 προσῄει
3661 912 3760 947 κοο

2171 999 2444 1068 πτόμενος
2503 998 2597 1050 καὶ
2647 995 2850 1048 κλαίων
2893 992 2970 1062 τῷ
3013 989 3260 1060 Συμεὼν,
3297 989 3401 1058 τήν
3456 1004 3517 1039 τε
3557 986 3760 1038 θάλασ-

2175 1107 2274 1144 σαν
2305 1089 2594 1159 προτρέρων
2629 1089 2760 1155 ὅσην
2811 1084 3073 1152 πελάγιος
3129 1077 3315 1152 ἦλθεν,
3347 1077 3446 1132 καὶ
3499 1077 3640 1129 ὥστε
3681 1074 3761 1146 μὴ

2175 1185 2334 1248 κενὸς
2360 1184 2514 1247 αὖθις
2548 1182 2806 1236 τοσοῦτον
2847 1180 3016 1233 πλοῦν
3055 1175 3415 1244 ἀναστρέψαι,
3446 1172 3592 1226 πάνυ
3629 1170 3764 1238 σφό-

2175 1278 2277 1349 δρα
2323 1277 2597 1354 δεόμενος.
2632 1275 2689 1328 '0
2747 1273 2826 1337 δὲ,
2857 1271 2971 1325 Νῦν
3011 1271 3110 1340 μὲν
3156 1268 3402 1335 ἐπάνηκε
3443 1265 3540 1332 τὴν
3595 1262 3768 1314 παῖδα

2179 1367 2387 1432 λαϐὼν,
2419 1353 2548 1435 ἔφη,
2575 1367 2676 1418 οὐκ
2708 1363 3034 1432 ἀδυνατήσει
3057 1360 3114 1413 δὲ
3141 1359 3218 1427 τῷ
3237 1358 3355 1426 Θεῷ
3377 1355 3472 1409 καὶ
3501 1353 3768 1414 πλέοντας

2177 1459 2325 1529 ὑμᾶς
2377 1456 2800 1527 ἐπισκέψασθαι.
2847 1455 2907 1507 '0
2959 1453 3060 1523 μὲν
3109 1447 3202 1503 οὖν
3245 1449 3508 1516 γλυκείας
3551 1446 3650 1499 ἐπὶ
3687 1443 3770 1513 τῷ

2155 1552 2324 1622 -λόγῳ
2369 1555 2469 1622 τὴν
2506 1550 2686 1622 ψυχήν
2745 1547 2960 1610 ἐλπίδος
3017 1543 3408 1612 ὑποπλησθεὶς,
3443 1540 3542 1610 τήν
3599 1537 3774 1590 παῖδα

2179 1643 2395 1708 λαϐὼν,
2430 1643 2686 1696 ἀπέπλει.
2722 1642 2854 1694 Ὅτε
2889 1639 3070 1710 μέντοι
3105 1635 3248 1689 κατά
3284 1634 3448 1704 μέσον
3475 1631 3566 1684 τὸν
3601 1627 3776 1682 πλοῦν

2179 1736 2448 1806 ἐγεγόνει,
2494 1734 2724 1796 εὐωδίας
2777 1730 2929 1804 αὐτῷ
2990 1745 3050 1782 τε
3109 1727 3204 1780 καὶ
3248 1729 3360 1788 τοῖς
3421 1722 3776 1794 συμπλέουσι

2181 1825 2618 1898 προσϐαλούσης,
2647 1823 2675 1876 ὃ
2704 1823 2916 1890 πέφυκε
2945 1822 3172 1891 χάριτος
3204 1817 3294 1870 ἀεὶ
3325 1816 3477 1878 θείας
3538 1811 3778 1884 μηνύειν

2183 1918 2498 1988 ἐπιδημίαν,
2524 1915 2712 1984 ἀνείθη
2771 1917 2838 1984 τῇ
2876 1911 3112 1982 θυγατρὶ
3136 1910 3207 1962 τά
3232 1913 3331 1976 τῆς
3373 1905 3645 1976 γλώττης,
3677 1905 3778 1957 καὶ

2184 2010 2353 2079 ὑγιῶς
2377 2009 2578 2062 αὐτίκα
2597 2007 2832 2074 λέγουσά
2855 2022 2914 2057 τε
2937 2005 3031 2056 καὶ
3054 1991 3335 2055 ἀκούουσα
3361 1997 3446 2072 ἦν.
3463 2001 3532 2079 .οἰ
3557 1999 3658 2068 μὲν
3680 1996 3777 2050 οὖν

2189 2073 2560 2170 σύμπλέοντες
2594 2099 2650 2150 ὲν
2672 2073 2946 2164 ἐκπλήξει
2976 2093 3072 2147 καὶ⁹
3103 2091 3252 2164 φόϐῳ
3287 2073 3472 2162 ἦσανέ
3505 2091 3532 2141 ὁ
3567 2089 3624 2141 δὲ
3669 2104 3780 2142 πα-

2185 2195 2289 2264 τὴρ
2345 2193 2552 2246 ἀδικεῖν
2601 2189 2852 2259 νομίσας,
2891 2189 2940 2240 εί
2993 2187 3068 2256 μή
3121 2183 3392 2252 τοσαύτης
3448 2179 3784 2251 εὐεργεσίας

2187 2287 2330 2340 ἔλθοι
2394 2283 2556 2336 πάλιν
2609 2281 2940 2352 χαριστήρια
2968 2279 3172 2348 νέμων,
3205 2279 3284 2339 εἰς
3332 2275 3524 2344 ἕτερον
3547 2275 3670 2342 ἅμα
3707 2273 3775 2340 τῇ

2191 2377 2422 2446 θυγατρὶ
2453 2375 2636 2428 πλοῖον
2687 2373 2882 2442 ἐμϐὰς,
2925 2371 3076 2439 παρά
3131 2368 3222 2422 τὸν
3249 2368 3439 2434 ’Δγιον
3477 2365 3774 2434 ἐπανήκει,

2190 2469 2484 2534 ἀναλόγους
2514 2465 2622 2517 τῶν
2675 2463 2866 2534 πρώην
2905 2462 3045 2532 ὑπὲρ
3089 2460 3262 2528 αὐτῆς
3309 2455 3560 2527 δακρύων
3585 2453 3782 2508 ἀποδι-

2191 2559 2316 2620 δούς
2343 2557 2438 2620 τὰς
2472 2555 2847 2624 εὐχαριστίας.

2265 2647 2365 2714 σεῖ’.
2424 2649 2627 2719 Ἐτέρῳ
2670 2647 2831 2700 πάλιν
2875 2644 2981 2698 ἀπὸ
3013 2644 3111 2714 τῆς
3151 2643 3367 2712 Δάφνης
3395 2638 3643 2708 θυγάτηρ
3686 2631 3778 2707 ἦν,

2195 2739 2295 2809 ἴσῳ
2328 2738 2488 2792 πάθει
2526 2736 2860 2805 πιεζομένη·
2893 2729 3049 2796 οὗτος
3091 2728 3204 2802 εἶχε
3245 2731 3342 2800 μὲν
3376 2726 3783 2798 συμϐουλεύου-

2197 2847 2294 2884 σαν
2323 2831 2408 2883 ἀεὶ
2435 2831 2534 2900 τὴν
2574 2831 2828 2898 γυναῖκα,
2861 2825 2920 2880 οὐ
2962 2827 3068 2896 μὴν
3101 2809 3235 2880 ἀλλὰ
3267 2823 3361 2876 καὶ
3387 2824 3512 2886 τοὺς
3537 2837 3785 2888 γνησιω-

2195 2925 2389 2996 τέρους
2416 2921 2524 2974 τῶν
2559 2919 2747 2990 φίλων,
2776 2920 3073 2990 ἀναγαγεῖν
3106 2918 3198 2969 ἐπὶ
3223 2916 3282 2968 τὸ
3313 2911 3627 2982 θαυμαστὸν
3655 2911 3786 2982 δρος

516 3024 570 3078 ἰη
630 3021 932 3075 Mirabilem
977 3025 1238 3078 montem,
1273 3029 1382 3084 quo
1417 3023 1474 3067 et
1517 3013 1633 3080 ipsa
1668 3027 1793 3090 cum
1847 3009 2092 3080 pluribus

2201 3014 2352 3086 παρά
2394 3015 2484 3067 τὸν
2529 3013 2708 3066 κοινὺν
2747 3012 2916 3081 αὐτὴν
2955 3010 3159 3082 ἰατρὸν,
3189 3008 3328 3062 ὥστε
3361 3005 3660 3076 θεραπείας
3691 3003 3788 3056 καὶ

515 3115 639 3168 aliis
672 3112 949 3181 particeps
992 3107 1150 3162 ﬁeret
1196 3105 1519 3160 curationis.
1553 3104 1751 3158 Verum
1803 3103 1893 3156 ille
1923 3103 2097 3156 obsti-

519 3205 740 3258 natione
791 3199 1027 3269 quadam
1074 3197 1387 3258 induratus,
1419 3209 1611 3264 parum
1648 3193 1936 3246 credibilia
1979 3208 2100 3248 esse

518 3311 640 3363 quae
684 3293 752 3346 de
793 3299 987 3345 sancto
1030 3288 1355 3342 ferebantur
1386 3285 1714 3350 sustinebat,
1750 3295 1805 3340 et
1833 3293 1894 3339 ut
1926 3285 2101 3355 pluri-

520 3399 671 3438 mum
704 3397 806 3437 nec
850 3381 1180 3450 dignabatur
1213 3378 1437 3448 quidem
1469 3393 1534 3431 ea
1581 3377 1937 3432 narrantibus
1963 3393 2100 3446 prat-

521 3476 654 3531 bere
703 3489 914 3528 aurem.
953 3471 1195 3526 Tandem
1236 3479 1418 3524 tamen
1471 3469 1768 3522 multorum
1807 3468 2106 3537 exprobra-

521 3569 766 3623 tionibus
816 3565 870 3619 id
931 3564 1110 3633 ipsum
1163 3561 1493 3631 suscipiens,
1545 3576 1668 3615 cum
1705 3571 1880 3614 matre
1933 3559 2103 3614 ﬁliam

521 3661 748 3716 adduxit
774 3658 841 3711 ad
863 3657 1208 3720 columnam;
1247 3664 1506 3723 stansque
1529 3662 1658 3708 ante
1683 3661 1954 3718 sanctum,
1978 3669 2104 3706 cum

522 3761 679 3824 gestu
723 3762 780 3806 et
821 3758 1004 3804 mente
1045 3748 1322 3818 arroganti
1383 3746 1631 3800 narravit.
1659 3745 1728 3799 de
1763 3745 1872 3798 illa.
1903 3743 2106 3799 Contra

525 3855 748 3900 sanctus
767 3857 900 3896 voce
921 3841 1194 3895 submissa
1219 3838 1560 3908 respondens
1581 3856 1594 3890 :
1616 3837 1774 3901 Redi,
1798 3836 2103 3906 inquiebat,

526 3952 652 3992 cum
691 3935 800 3987 lilia
847 3942 937 3986 tua
973 3931 1220 3992 domum,
1273 3929 1398 3982 istic
1437 3928 1608 3997 ipsam
1651 3927 1966 3981 visitatione
2007 3941 2108 3980 sua

526 4026 842 4099 dignabitur
865 4021 1137 4078 Christus.
1171 4019 1386 4073 Exhinc
1413 4018 1625 4071 homini
1665 4015 1742 4071 illi
1767 4017 1918 4086 gravi
1942 4015 2108 4070 corde

528 4117 890 4189 cogitationes
920 4112 1262 4180 obrepebant
1293 4111 1480 4174 variae,
1522 4108 1798 4178 cespitque
1841 4107 2109 4176 paenitere

529 4209 679 4280 quod
723 4207 1036 4261 columnam
1069 4202 1352 4264 adivisset,
1393 4217 1496 4254 nec
1527 4215 1636 4253 non
1664 4199 1917 4253 convicia
1945 4207 2108 4266 atque

531 4297 817 4354 irrisiones
849 4293 1070 4348 effutire
1101 4291 1366 4344 adversus
1397 4288 1628 4352 amicos,
1653 4285 1798 4356 quod
1827 4285 1950 4339 talis
1979 4300 2110 4338 con-

2201 3105 2404 3172 ταύτην
2456 3104 2594 3172 μετά
2637 3101 2746 3156 τῶν
2795 3100 2970 3155 ἄλλων
3001 3101 3204 3170 τυχεῖν.
3237 3097 3306 3172 ,⁸0
3335 3097 3391 3149 δὲ
3419 3097 3518 3162 τὴν
3557 3092 3790 3163 καρδίαν

2202 3195 2340 3266 ἔχων
2378 3194 2605 3264 ἀπιστίᾳ
2635 3191 3099 3262 σκληρυνομένην,
3141 3191 3269 3260 ἄχρι
3301 3187 3398 3258 μὲν
3431 3183 3626 3238 πολλοῦ
3657 3181 3792 3234 ἀπί-

2203 3287 2340 3341 θανά
2368 3303 2426 3340 τε
2459 3287 2527 3340 τὰ
2557 3286 2683 3356 περὶ
2716 3283 2884 3337 αὐτοῦ
2934 3285 3139 3352 ήγεῖτο,
3183 3281 3281 3333 καὶ
3325 3278 3444 3331 οὐδὲ
3489 3275 3548 3328 τὸ
3591 3269 3686 3334 οὖς
3723 3273 3792 3324 τὰ

2205 3378 2376 3431 πολλά
2403 3377 2659 3447 προσέχει
2718 3377 2893 3447 ἠξίου.
2929 3373 3057 3442 Ὀψὲ
3103 3373 3158 3426 δὲ
3199 3371 3294 3425 καὶ
3329 3369 3571 3441 βραδέως
3605 3367 3702 3419 διὰ
3723 3365 3792 3417 τὰ

2205 3470 2314 3524 τῶν
2359 3469 2570 3522 πολλῶν
2611 3469 2786 3538 ὀνείδη
2821 3466 3102 3522 καὶτοῦτο
3133 3465 3334 3524 λαϐὼν,
3373 3461 3510 3532 μετά
3549 3459 3650 3528 τῆς
3681 3473 3794 3528 μη-

2206 3561 2336 3633 τρὸς
2367 3561 2536 3630 αὐτὴν
2581 3559 2765 3630 ἀνίησι
2819 3558 2970 3624 παρὰ
3023 3558 3114 3610 τὸν
3159 3554 3371 3619 στύλον,
3423 3554 3518 3605 καὶ
3559 3551 3669 3618 πρὸ
3695 3547 3794 3602 τοῦ

2218 3653 2402 3720 Ἀγίου
2445 3652 2597 3718 στὰς,
2634 3649 2851 3720 σοϐαρῷ
2901 3651 2996 3703 καὶ
3043 3649 3286 3718 σχήματι
3339 3645 3435 3696 καὶ
3479 3642 3796 3712 φρονήματι

2205 3746 2274 3799 τά
2323 3745 2451 3815 περὶ
2496 3745 2664 3814 αὐτῆς
2709 3743 3002 3814 διεξῆλθεν.
3044 3741 3102 3794 '0
3147 3741 3203 3793 δὲ
3251 3739 3434 3808 ἠρέμα
3481 3734 3794 3794 ὑπολαϐὼν,

2221 3836 2494 3904 Ἐπάνηκε
2561 3837 2699 3905 μετὰ
2760 3835 2856 3905 τῆς
2911 3833 3099 3896 παιδὺς
3160 3831 3368 3892 οἶκαδε,
3427 3824 3572 3890 εἷπε,
3636 3826 3802 3878 κάκεῖ

2210 3928 2497 3998 ποιήσεται
2541 3927 2745 3992 ταύτης
2771 3925 3076 3993 ἐπισκοπὴν
3107 3926 3134 3975 ὁ
3159 3923 3413 3993 Χριστός,
3437 3919 3528 3982 Τῷ
3569 3918 3670 3983 μὲν
3705 3915 3806 3968 οῦν

2213 4017 2558 4088 βαρυκαρδίῳ
2582 4017 2774 4086 ἐκείνῳ
2806 4015 3056 4084 λογισμοὶ
3083 4015 3143 4066 τὸ
3167 4013 3294 4082 ἑξῆς
3317 4008 3480 4083 ἦσαν,
3511 4009 3608 4062 καὶ
3631 4025 3804 4076 μετα-

2216 4110 2403 4180 μέλεια
2429 4109 2528 4178 τῆς
2563 4109 2657 4161 ἐπὶ
2678 4108 2768 4160 τὸν
2799 4107 2991 4160 στύλον
3024 4107 3236 4167 ἀνόδου,
3265 4101 3578 4172 σκώμματὰ
3613 4116 3670 4150 τε
3707 4102 3800 4152 καὶ

2210 4203 2476 4272 λοιδορίαν
2510 4203 2650 4256 κατά
2680 4201 2786 4254 τῶν
2809 4201 2998 4270 φίλων,
3033 4203 3146 4254 ὅσοι
3181 4199 3387 4266 ταύτην
3417 4195 3568 4262 αὐτῷ
3599 4194 3802 4264 δηλαδή

2217 4295 2665 4349 συνεϐούλευσαν.
2725 4293 2790 4346 Ἦ
2838 4294 2894 4346 δὲ
2941 4293 3040 4362 τῆς
3099 4291 3287 4352 παιδὸς
3350 4289 3532 4357 μήτηρ
3601 4285 3804 4352 συνετὴ

532 4393 640 4447 silli
681 4391 916 4444 fuissent
946 4395 1220 4440 auctores.
1258 4384 1364 4439 Sed
1391 4391 1565 4437 mater
1597 4382 1810 4453 puellae,
1844 4397 1968 4434 cum
1998 4379 2092 4434 cir-

2215 4381 2371 4444 οὐσα.
2419 4385 2514 4436 καὶ
2560 4385 2619 4436 οὐ
2665 4382 2871 4451 ταύτης
2911 4383 3068 4452 μόνον
3109 4379 3294 4454 [ἀλλὰ]
3333 4379 3429 4432 καὶ
3481 4376 3576 4429 τοῦ
3605 4375 3806 4445 ἀνδρὸς

531 4491 846 4551 cumspecla
875 4485 1042 4542 esset,
1073 4493 1176 4532 nec
1207 4477 1370 4546 hujus
1419 4475 1638 4529 miseria
1678 4473 1919 4544 gravius,
1948 4487 2111 4540 quam

533 4573 840 4645 pervicacia
861 4569 1043 4624 mariti
1066 4569 1398 4628 alliceretur,
1428 4574 1680 4619 metuens
1703 4581 1772 4618 ne
1802 4564 1934 4633 quid
1963 4579 2115 4618 novae

533 4663 856 4719 calamitatis
884 4660 1160 4715 obstinata
1185 4656 1366 4710 mariti
1403 4656 1548 4709 circa
1579 4663 1828 4707 sanctum
1862 4654 2116 4707 incredu-

531 4757 659 4810 litas
690 4761 1029 4822 apportaret,
1067 4749 1234 4804 rediit
1267 4745 1412 4799 unde
1437 4752 1698 4798 venerat:
1729 4759 1898 4812 seque
1924 4758 2116 4797 rursus

535 4846 590 4896 in
641 4849 940 4909 conspectu
976 4839 1148 4892 sancti
1187 4847 1348 4890 terra:
1377 4833 1644 4903 afﬂigens,
1677 4833 2022 4901 fundensque
2043 4833 2120 4887 la-

535 4947 770 5003 crymas,
801 4931 1056 4984 llltDl'Ul‘lS
1081 4927 1246 4982 simul
1275 4933 1330 4978 et
1365 4925 1578 4978 ﬁduciae
1607 4923 1834 4986 indices,
1860 4922 2120 4992 poscebat

535 5025 752 5078 veniam
775 5021 971 5075 marito
994 5017 1303 5080 incredulo,
1342 5023 1505 5084 atque
1531 5031 1599 5070 ne
1617 5015 1751 5084 quid
1775 5015 1926 5068 illius
1946 5015 2121 5068 obsti-

536 5118 688 5172 natio
719 5116 846 5170 ﬁliae
889 5111 1256 5169 incolumitati
1297 5109 1560 5163 alliceret.
1599 5107 1828 5177 Excepit
1877 5115 2120 5170 sanctus,

537 5223 649 5266 tam
689 5211 844 5264 vultu
899 5223 1062 5278 quam
1115 5221 1250 5261 voce
1303 5206 1550 5260 blanda:
1598 5204 1768 5267 Vade,
1825 5204 2116 5274 inquiens;

537 5321 689 5368 nam,
741 5319 864 5373 quas
896 5301 1030 5364 dixi,
1064 5299 1323 5355 evenient
1349 5299 1509 5354 vobis
1542 5315 1572 5354 a
1613 5299 1745 5354 Deo.

608 5397 736 5451 208.
755 5396 1102 5450 Adventante
1128 5393 1238 5463 jam
1265 5391 1637 5446 miserationis
1663 5399 1932 5460 tempore,
1967 5389 2119 5444 solu-

575 5684 589 5697 ⁴
616 5619 728 5686 (ὅὸ)
759 5617 982 5686 Daphne
1013 5613 1332 5697 Suburbium
1362 5616 1763 5697 Antias/tentent,
1797 5611 2108 5694 lautiusla-

545 5682 770 5742 ricorum
826 5682 984 5758 uuam
1019 5693 1296 5754 poetarum
1348 5687 1558 5756 scriptis
1615 5682 2106 5745 celebratissimum,

2212 4476 2632 4548 περικαιομένη,
2655 4475 2878 4527 δείσασα
2903 4475 2977 4543 μή
2999 4491 3051 4526 τι
3069 4474 3237 4526 κακον
3267 4471 3366 4539 τῆς
3385 4472 3464 4531 είς
3485 4469 3576 4519 τὸν
3611 4468 3803 4534 Ἀγιον

2213 4567 2471 4628 ἀπιστίας
2514 4567 2934 4637 παραπολαύσῃ,
2985 4564 3374 4633 ἀναστρέψασα
3429 4561 3568 4630 πρὸς
3615 4559 3800 4616 αὐτὸν.

2213 4657 2368 4724 αὖθις
2395 4661 2601 4731 ῥίψασά
2647 4677 2706 4712 τε
2763 4659 2904 4712 κατά
2957 4658 3058 4726 γῆς
3104 4656 3325 4723 ἑαυτήν,
3361 4653 3454 4706 καὶ
3491 4652 3708 4721 δάκρυα
3739 4647 3800 4699 τὶ

2213 4752 2389 4822 λύπης
2451 4752 2568 4822 ἅμα
2629 4752 2722 4803 καὶ
2786 4749 3023 4811 πίστεως
3077 4745 3321 4815 σύμϐολα
3359 4745 3585 4812 χέουσα,
3637 4740 3802 4792 ἐδεῖτο

2217 4840 2639 4910 συγχωρηθῆναι
2670 4839 2747 4910 τῷ
2773 4837 2990 4908 συζύγῳ
3011 4837 3108 4906 τὴν
3130 4833 3410 4896 ἀπιστίαν,
3443 4833 3538 4884 καὶ
3567 4831 3640 4900 μή
3675 4827 3800 4882 ταύ-

2215 4951 2316 5004 την
2350 4937 2414 5003 τῇ
2450 4932 2682 5002 θυγατρὶ
2723 4931 2856 5001 πρὸς
2883 4930 2978 4998 τὴν
3007 4927 3304 4997 θεραπείαν
3349 4923 3606 4993 ἐμποδὼν
3637 4935 3803 4974 κατα-

2221 5025 2432 5094 στῆναι.
2492 5023 2548 5074 ’0
2577 5022 2634 5073 δὲ
2671 5021 2832 5091 ἱλαρᾷ
2863 5021 2956 5072 καὶ
2981 5018 3103 5086 ὄψει
3141 5017 3234 5069 καὶ
3269 5013 3507 5082 γλώττῃ,
3542 5007 3800 5080 Πορεύου,

2221 5115 2350 5185 ἔφη,
2381 5117 2498 5180 καὶ,
2529 5115 2604 5177 ὡς
2631 5115 2828 5184 εἴρηκα
2862 5113 3010 5181 ὑμῖν,
3035 5108 3187 5160 ἔσται
3221 5105 3372 5176 παρά
3401 5103 3557 5156 Θεοῦ.

2300 5393 2406 5458 κη’.
2451 5387 2590 5458 Ἤδη
2619 5387 2676 5440 δὲ
2715 5385 2806 5440 τὸν
2844 5379 2992 5438 οἷκον
3023 5379 3458 5446 καταλαϐόντων,
3489 5377 3680 5430 λέλυτο
3707 5372 3796 5440 μὲν

2224 5605 2332 5660 Nos
2376 5608 2446 5661 Ἡ
2472 5607 2726 5660 Januarii
2771 5607 2826 5659 in
2877 5605 3109 5660 historia
3163 5599 3540 5656 translationis
3595 5597 3652 5658 S.
3697 5588 3789 5642 8³·

2217 5677 2355 5748 bylre
2381 5679 2479 5748 Ep.
2506 5679 2712 5747 capiose
2739 5677 2802 5730 de
2831 5675 2926 5730 illo
2957 5690 3024 5729 ex
3050 5675 3336 5731 Sozomeno
3369 5672 3590 5742 egimus.
