4034 6186
346 221 479 285 3177

1377 227 1543 290 VITA
1584 227 1632 285 Α
1671 225 2109 287 NICEPHORO
2145 224 2637 287 CONSCRIPTA.

3471 230 3611 296 3l78

341 342 439 414 τὴν
469 340 720 410 γλῶτταν
759 340 962 404 εὐθέως
1006 340 1038 411 ἡ
1072 342 1220 405 παῖς,
1252 340 1513 411 ἐλευθέρᾳ
1554 340 1611 393 δὲ
1651 340 1745 393 καὶ
1786 340 1917 410 ἀκοῇ

2033 349 2085 393 ta
2113 340 2298 394 subito
2330 350 2414 394 est
2441 340 2625 409 lingua
2652 338 2870 409 puellae,
2900 349 2955 395 et
2983 342 3243 399 audiendi
3267 345 3611 416 appellandi—

341 435 435 488 καὶ
452 435 602 503 φωνῇ
625 432 763 502 πρὸς
780 433 909 495 τοὺς
930 433 1188 496 τεκόντας
1211 434 1426 505 ἐχρῆτο
1452 432 1529 502 τῷ
1547 433 1727 502 μέντοι
1752 432 1921 501 πατρὶ

345 524 478 591 πρὸς
506 521 568 576 τὸ
595 522 790 593 ἀθρόον
819 524 994 576 έκεῖνο
1040 524 1135 577 τοῦ
1164 524 1441 596 θαύματος
1475 527 1792 596 τηλικοῦτον
1833 527 1920 579 ὲν-

342 614 547 682 έσκηψε
580 612 718 677 δέος,
765 610 853 667 οἷα
886 614 1075 685 πόρρω
1111 616 1245 669 πολὺ
1276 617 1374 686 τῆς
1423 618 1553 687 περὶ
1598 618 1664 671 τὰ
1694 616 1922 670 τοιαῦτα

341 708 578 771 πίστεως
623 706 770 771 δντι,
821 706 853 777 ἢ
901 708 994 758 καὶ
1030 706 1129 774 τῆς
1166 709 1293 777 περὶ
1335 708 1429 761 τὸν
1472 709 1627 777 ἆγιον
1660 708 1920 771 ἀπιστίας

340 798 606 852 ὲκτίνοντι
634 798 809 862 δίκας,
844 797 986 851 ῶστε
1026 798 1169 869 ῥίγει
1198 801 1292 853 καὶ
1329 800 1550 871 πυρετῷ
1590 799 1924 869 συγχεθέντα

341 891 529 960 μέλεσι
575 894 710 944 πᾶσι
758 890 1081 945 κλονεῖσθαι.
1122 889 1179 944 '0
1204 892 1259 944 δὲ
1297 892 1617 947 διδάσκαλον
1650 893 1788 962 ἔχων
1821 891 1921 964 τὴν

337 985 534 1053 πεῖραν
574 980 925 1044 (πεπαίδευτο
965 984 1073 1054 γάρ
1113 982 1311 1047 ἱκανῶς
1357 980 1440 1047 οἷς
1488 984 1777 1050 πέπονθεν)
1821 985 1923 1037 οὐκ

338 1073 539 1143 ὀψίζων
587 1068 656 1143 ἦν
697 1073 773 1135 ώς
807 1072 999 1143 πρώην
1047 1073 1142 1126 καὶ
1188 1074 1490 1143 διαμέλλων
1515 1090 1528 1106 ⁸
1564 1074 1679 1127 ἀλλ’
1702 1073 1777 1138 ὡς
1807 1069 1920 1144 εἶχε

339 1166 490 1235 παρά
529 1164 620 1218 τὸν
657 1166 816 1232 ἅγιον
855 1165 1017 1228 εὐθὺς
1049 1165 1239 1232 ἐλθὼν,
1292 1164 1528 1238 τοσαύτῃ
1571 1166 1709 1236 πρὸς
1759 1166 1922 1220 αὐτὸν

335 1256 516 1327 δεήσει
560 1258 654 1308 καὶ
698 1255 1025 1308 ταπεινώσει
1059 1258 1289 1328 καρδίας
1335 1257 1555 1328 ἐχρῆτο,
1592 1258 1702 1327 ὅσῳ
1730 1256 1922 1329 πρώην

335 1347 487 1415 ὄγκῳ
517 1364 577 1399 τε
621 1348 715 1401 καὶ
744 1348 1074 1417 φρονήματι,
1105 1350 1202 1418 οὐχ
1231 1347 1374 1401 οὕτω
1413 1351 1479 1420 τῇ
1530 1349 1670 1417 νόσῳ
1710 1348 1779 1401 τὰ
1825 1348 1918 1401 τοῦ

338 1437 587 1508 σώματος
621 1437 756 1508 μέλη
786 1438 1083 1508 σειόμενος,
1109 1439 1185 1502 ὡς
1212 1441 1310 1508 τὴν
1332 1439 1508 1511 ψυχὴν
1531 1440 1609 1507 τῷ
1635 1440 1923 1511 παραδόξῳ

336 1531 429 1585 τοῦ
461 1531 739 1601 θαύματος
762 1549 775 1562 ·
811 1531 905 1605 καὶ
936 1533 996 1584 τὸ
1032 1533 1131 1600 μὲν
1153 1532 1273 1585 οὐδὲ
1294 1533 1525 1603 χάριτας
1549 1528 1660 1595 οἷός
1687 1549 1744 1586 τε
1779 1530 1920 1586 εἶναι

335 1622 508 1690 λέγων
538 1623 634 1675 ἐπὶ
654 1626 721 1694 τῇ
751 1622 979 1695 θυγατρὶ
1001 1624 1153 1690 ἀξίας
1178 1624 1479 1694 ὁμολογεῖν,
1505 1624 1564 1676 τὸ
1587 1624 1643 1676 δὲ
1674 1624 1803 1694 περὶ
1826 1625 1921 1677 τοῦ

338 1715 703 1784 κατασχόντος
737 1715 900 1766 αὑτὸν
930 1714 1121 1768 κλόνου
1154 1715 1429 1783 δεόμενος.
1471 1716 1531 1768 Ὀ
1553 1714 1609 1767 δὲ
1644 1717 1784 1785 μετὰ
1820 1715 1921 1785 τῆς

338 1806 597 1877 συνήθους
646 1805 1010 1874 συμπαθείας,
1060 1806 1147 1858 Ἐν
1175 1807 1400 1877 ὀνόματι
1441 1805 1535 1859 τοῦ
1578 1806 1782 1876 Κυρίου
1816 1789 1919 1877 ’Ῐη-

338 1897 456 1963 σοῦ,
516 1898 676 1966 γενοῦ
719 1897 812 1951 καὶ
864 1899 927 1951 σὺ
982 1898 1159 1967 ὑγιὴς,
1207 1898 1351 1969 ἔφη·
1402 1899 1498 1952 καὶ
1550 1898 1628 1967 τῷ
1678 1897 1917 1968 θαύματι

335 1987 520 2058 θαῦμα
571 1988 844 2059 συνήφθη,
901 1986 981 2057 τῷ
1026 1988 1153 2057 περὶ
1196 1988 1293 2058 τὴν
1326 1987 1493 2041 παῖδά
1539 2004 1682 2057 φημι
1717 1986 1779 2040 τὸ
1822 1986 1915 2039 τοῦ

335 2079 581 2149 πατρός·
644 2080 738 2132 καὶ
801 2078 971 2147 ὑγιῶς
1026 2077 1227 2131 αὐτίκα
1276 2077 1416 2148 ἔχων
1468 2080 1734 2147 εἱστήκει,
1797 2078 1917 2141 ὅλος

332 2170 587 2234 ἔκστασις
640 2170 737 2237 ῶν,
793 2172 913 2233 ὅλος
971 2170 1201 2241 θάμϐος,
1260 2171 1377 2232 ὅλος
1441 2167 1800 2238 κατάπληξις,
1855 2170 1916 2221 οὐ

333 2261 602 2332 χείλεσιν,
645 2263 770 2316 οὐδὲ
817 2264 1096 2334 ῥήμασιν,
1156 2262 1276 2315 οὐδὲ
1338 2264 1570 2332 μακροῖς
1638 2261 1918 2331 διηγήμα-

334 2368 443 2419 σιν,
476 2355 610 2409 ἀλλά
647 2358 827 2426 σιωπῇ
863 2354 1062 2425 μᾶλλον
1092 2355 1185 2408 καὶ
1218 2354 1459 2424 σχήματι
1500 2354 1591 2406 καὶ
1624 2351 1916 2423 προσώπου

335 2445 615 2511 συστάσει,
643 2447 704 2500 τὸ
731 2446 840 2500 τῶν
879 2446 1175 2518 θαυμάτων
1209 2445 1437 2516 μέγεθος
1466 2446 1578 2508 τοῖς
1613 2443 1780 2514 ὁρῶσι
1817 2460 1919 2513 κη-

337 2550 561 2603 ρυττων.

2029 447 2135 501 que
2165 440 2421 501 parentes
2462 430 2722 485 facultate
2767 434 3019 501 expedite
3045 452 3141 490 usa
3169 446 3273 491 est.
3307 438 3376 491 At
3400 445 3611 507 patrem

2028 521 2095 575 ad
2129 521 2403 591 repentini
2435 521 2687 575 miraculi
2713 526 3087 591 spectaculum
3122 536 3306 583 tantus
3333 529 3497 583 timor
3530 529 3613 585 in-

2031 614 2216 678 cessit,
2252 624 2312 668 ut
2330 613 2532 685 frigore
2567 614 2792 669 horrido
2821 626 2986 686 atque
3011 618 3149 673 febri
3173 629 3464 690 correptus
3484 622 3614 677 totis

2025 703 2256 758 artubus
2298 705 2783 772 contremisceret;
2849 708 3053 778 quippe
3097 710 3191 781 qui
3228 712 3297 766 ab
3343 714 3613 783 ejusmodi

2028 796 2198 851 rebus
2247 795 2540 851 credendis
2570 796 2886 869 longissime
2916 800 3127 865 aberat,
3155 812 3251 856 aut
3289 819 3481 873 poenas
3507 805 3615 860 sol-

2025 887 2192 941 vebat
2216 902 2329 941 suae
2353 886 2756 943 incredulitatis
2784 905 2915 961 erga
2958 904 3232 949 sanctum.
3268 895 3475 950 Doctus
3505 896 3612 950 ita-

2026 991 2136 1046 que
2171 976 2511 1045 experientia
2540 977 2751 1047 (utpote
2778 994 2877 1049 per
2901 996 2965 1035 ea
2992 998 3112 1051 qua:
3153 984 3465 1053 patiebatur
3493 986 3610 1041 suf-

2028 1065 2279 1119 ficienter
2310 1066 2631 1136 castigatus)
2679 1084 2790 1123 non
2832 1071 3341 1144 diﬂ‘erebat,neque
3387 1092 3612 1145 procra-

2026 1156 2286 1221 stinabat,
2314 1158 2391 1211 uti
2418 1159 2603 1227 prius;
2636 1160 2731 1213 sed
2764 1171 2968 1230 quanta
2990 1170 3206 1231 poterat
3236 1166 3517 1223 celeritate
3543 1169 3611 1224 ad

2027 1258 2277 1303 sanctum
2309 1249 2594 1315 advolans,
2628 1260 2737 1305 tam
2770 1254 3008 1323 supplici
3042 1271 3166 1310 cum
3194 1259 3509 1327 precatione
3533 1272 3615 1315 at—

2026 1357 2132 1410 que
2150 1342 2482 1398 demissione
2517 1344 2687 1398 animi
2721 1346 2865 1415 apud
2891 1346 3068 1415 ipsum
3086 1350 3219 1421 egit,
3242 1367 3405 1421 quam
3434 1368 3614 1423 nuper

2030 1435 2242 1489 tumido
2263 1450 2387 1490 cum
2413 1436 2554 1491 fastu
2586 1446 2752 1507 atque
2780 1440 3041 1509 superbia
3071 1459 3083 1495 :
3116 1458 3297 1513 neque
3319 1446 3615 1501 vehemen-

2031 1526 2140 1580 tius
2194 1527 2617 1582 coneutiebatur
2669 1530 2863 1585 morbo
2913 1541 3065 1587 artus
3126 1537 3394 1604 corporis,
3449 1554 3613 1607 quam

2030 1618 2279 1673 miraculi
2305 1620 2574 1689 stupenda
2606 1622 2846 1677 novitate
2880 1623 2998 1692 ipsa
3034 1625 3236 1681 anima.
3272 1628 3476 1682 Partim
3510 1631 3613 1683 ita-

1956 1697 1997 1751 Β
2028 1724 2136 1778 quo
2155 1709 2432 1764 fatebatur
2477 1709 2596 1765 fieri
2626 1727 2732 1766 non
2758 1727 2920 1781 posse
2952 1721 3012 1767 ut
3036 1716 3239 1784 gratias
3263 1718 3488 1773 meritas
3512 1732 3612 1789 pro

2028 1798 2141 1853 filia
2176 1800 2552 1869 persolveret;
2585 1802 2783 1871 partim
2817 1802 3241 1872 deprecabatur,
3280 1815 3337 1861 ut
3375 1820 3613 1863 cessaret

2030 1898 2237 1943 tremor
2294 1905 2405 1959 quo
2453 1891 2897 1947 concutiebatur.
2944 1894 3025 1948 Ad
3078 1894 3194 1950 hazc
3237 1895 3471 1968 Symeon
3513 1913 3614 1968 pro

2022 1991 2285 2035 consueta
2304 1996 2401 2035 sua
2433 1982 2849 2039 misericordia:
2882 1986 2941 2040 lu
2966 1986 3194 2042 nomine
3215 1988 3431 2044 Domini
3457 1990 3608 2053 Jesu.

2022 2069 2220 2139 inquit,
2251 2079 2306 2126 tu
2333 2088 2553 2143 quoque
2577 2084 2699 2129 esto
2722 2091 2908 2131 sanus.
2938 2076 3138 2149 Sicque
3161 2080 3312 2135 aliud
3333 2082 3427 2135 alii
3449 2081 3611 2139 mira-

2021 2162 2208 2217 culmn
2251 2180 2563 2220 connexum
2607 2176 2724 2233 est;
2759 2169 2858 2233 illi,
2894 2169 3140 2241 inquam,
3175 2172 3320 2242 quod
3369 2174 3424 2227 in
3479 2174 3610 2241 filia,

2022 2255 2168 2310 istud
2201 2257 2349 2327 quod
2382 2259 2434 2313 in
2472 2271 2625 2329 patre
2658 2270 2931 2330 patratum
2956 2262 3062 2317 fuit
3090 2279 3103 2316 :
3131 2272 3187 2319 et
3210 2263 3394 2319 statim
3426 2264 3607 2322 bellis-

2021 2349 2158 2404 sime
2184 2350 2394 2406 habens
2420 2353 2593 2418 stetit,
2638 2364 2784 2408 totus
2819 2356 3116 2420 extaticus,
3161 2365 3311 2412 totus
3362 2366 3611 2427 stupens,

2022 2447 2171 2495 totus
2213 2442 2533 2510 perculsus;
2592 2442 2761 2497 nullis
2810 2444 2993 2509 labiis,
3039 2445 3207 2500 nullis
3247 2446 3455 2512 verbis,
3509 2462 3611 2502 nec

2020 2530 2201 2603 longis
2248 2532 2694 2599 narrationibus;
2721 2534 2815 2589 sed
2848 2535 2960 2590 alto
2986 2536 3229 2601 silentio,
3263 2536 3455 2591 habitu
3484 2551 3610 2592 cor-

2021 2623 2193 2692 poris,
2224 2630 2278 2677 et
2318 2624 2713 2678 constitutione
2753 2626 2941 2681 vultus
2971 2627 3405 2698 magnitudinem
3438 2630 3605 2684 mira-

2022 2716 2131 2770 culi
2164 2716 2474 2785 praedicaus
2515 2718 2882 2774 intuentibus.

1753 2856 1978 2914 CAPUT
2020 2856 2209 2911 XXVI.

862 2966 963 3023 Alii
1006 2966 1283 3022 insolentis
1322 2969 1377 3021 in
1412 2977 1656 3024 sanctum
1698 2969 1895 3040 lingua!
1929 2972 2265 3041 castigantur
2301 2985 2364 3023 ac
2410 2971 2717 3040 pa'nilcnlcs
2762 2970 3075 3026 liberantur.

408 3086 508 3141 σθ’.
545 3084 699 3140 Μετά
728 3083 785 3138 δὲ
812 3085 1006 3155 χρόνον
1036 3086 1251 3155 συχνὸν,
1287 3088 1483 3160 συνέϐη
1517 3089 1762 3145 διάκονόν
1796 3108 1912 3145 τινα
1942 3098 1985 3156 C

334 3179 437 3247 τῆς
472 3176 667 3247 κώμης
700 3175 962 3229 Εύθαλίου
995 3177 1317 3248 λεγομένης,
1350 3180 1668 3249 Ἐπιφάνιον
1722 3182 1917 3254 ὄνομα,

334 3266 428 3320 τοῦ
459 3267 605 3320 θείου
642 3265 867 3337 Συμεὼν
899 3268 956 3320 ὲν
999 3267 1191 3339 ἀγνοίᾳ
1235 3270 1581 3339 καταλαλεῖν,
1613 3271 1919 3343 ἐνυϐρίζειν

338 3373 396 3410 τε
450 3358 544 3410 καὶ
604 3360 882 3429 παροινεῖν
910 3360 993 3422 εἰς
1049 3360 1232 3424 αὑτὸν,
1267 3360 1361 3413 καὶ
1415 3360 1562 3428 σαιρῆ
1612 3362 1720 3414 τῶν
1768 3362 1919 3431 αὐτῷ

337 3450 671 3519 προσιόντων
691 3448 908 3519 ἀπάτην
939 3451 1393 3517 καταγινώσκειν.
1433 3452 1569 3504 Ποτὲ
1614 3451 1746 3519 γοῦν
1781 3453 1921 3505 θειο-

333 3544 497 3609 τέρας
524 3542 551 3594 ὁ
584 3542 902 3609 Ἐπιφάνιος
930 3543 1135 3597 ἀνωθεν
1160 3544 1474 3612 ἐπισκοπῆς
1501 3544 1753 3609 ἀξιωθεὶς
1778 3544 1919 3598 κατά

334 3633 567 3697 Παῦλον,
597 3634 792 3686 ἔπεσεν
823 3633 958 3686 ὡσεὶ
987 3634 1178 3705 νεκρὸς
1207 3635 1347 3688 κατά
1380 3638 1502 3706 γῆς,
1536 3636 1631 3689 καὶ
1664 3636 1731 3689 τά
1766 3638 1918 3699 ἐντὸς

336 3724 682 3796 συνεστράφη
720 3740 735 3756 ⁸
766 3726 1141 3797 προστέτακτο
1168 3725 1225 3779 δὲ
1255 3726 1346 3779 διὰ
1393 3729 1714 3799 νυκτερινῆς
1744 3727 1919 3798 ὅψεως

334 3818 430 3871 καὶ
468 3810 645 3883 οὗτος,
673 3817 772 3870 ούκ
802 3818 882 3880 είς
912 3819 1204 3888 Δαμασκὸν
1239 3817 1313 3881 ώς
1343 3820 1567 3885 ἐκεῖνος,
1600 3821 1734 3873 ἀλλά
1765 3822 1917 3890 παρά

333 3909 423 3960 τὸν
469 3907 560 3961 τοῦ
612 3906 749 3972 Θεοῦ
791 3908 1101 3979 θεράποντα
1150 3908 1376 3978 Συμεὼν
1421 3910 1684 3977 ἀνελθεῖν,
1716 3912 1790 3975 ὡς
1821 3913 1916 3967 καὶ

333 3999 465 4069 παρ’
503 3999 670 4052 αὐτοῦ
711 3999 915 4070 δηλαδὴ
946 4000 1246 4069 θεραπείαν
1276 4002 1337 4054 οὐ
1384 4000 1637 4073 σώματος
1690 4005 1916 4075 κομιού-

334 4108 494 4161 μενος
562 4091 741 4160 μόνον,
777 4091 912 4144 ἀλλά
974 4092 1069 4144 καὶ
1108 4092 1306 4162 ψυχῆς.
1366 4093 1476 4147 Kal.
1528 4094 1660 4165 δῆτα
1718 4098 1915 4167 φόρτος

331 4182 489 4234 οὐδὲν
508 4180 733 4251 ἀψύχων
787 4181 1063 4245 ἀπεοικὼς
1105 4183 1385 4254 ὑποζυγίῳ
1435 4184 1728 4249 ἐπιτεθεὶς,
1756 4186 1913 4239 ἀθλία

329 4288 387 4325 τε
420 4273 526 4343 πρὸ
558 4273 651 4325 τοῦ
693 4272 888 4325 στύλον
919 4272 1097 4337 τεθεὶς
1118 4274 1259 4344 ὄψις,
1287 4278 1469 4345 φωνῆς
1498 4276 1704 4331 ἄνωθεν
1726 4278 1913 4331 ἀκούει

331 4362 483 4433 παρά
516 4362 611 4415 τοῦ
665 4361 823 4429 ἁγίου
866 4361 1156 4433 λεγούσης,
1197 4365 1326 4418 Ἰδοὺ
1380 4366 1581 4439 ἀφείθη
1622 4385 1704 4421 σοι
1765 4369 1915 4439 παρά

2087 3090 2213 3145 209.
2246 3090 2415 3145 Multo
2445 3102 2571 3160 post
2600 3100 2845 3162 tempore
2876 3092 3077 3146 accidit
3126 3091 3445 3158 diaconum,
3502 3111 3606 3151 no-

2021 3184 2171 3238 mine
2206 3183 2603 3254 Epiphanium,
2628 3200 2692 3240 ex
2726 3199 2863 3254 pago
2892 3186 3131 3254 quodam
3164 3186 3255 3255 qui
3312 3202 3602 3258 mmeupa-

2022 3284 2113 3331 tur
2139 3276 2405 3341 Euthalii,
2425 3275 2494 3331 de
2519 3277 2692 3331 sancti
2712 3276 3002 3347 Symeonis
3026 3277 3169 3331 fama
3208 3292 3309 3346 per
3351 3277 3606 3348 ignoran-

2022 3371 2151 3423 tiam
2174 3370 2491 3434 detrahere,
2509 3370 2812 3440 incumquc
2835 3369 3233 3425 contumeliose
3251 3369 3578 3425 debacchari
3592 3416 3605 3435 ,

2018 3470 2073 3515 et
2097 3477 2347 3517 errorem
2383 3461 2560 3530 ipsum
2593 3462 2917 3515 adeuntium
2955 3464 3133 3531 palam
3170 3462 3609 3532 reprehendere.

2020 3557 2331 3626 Aliquando
2368 3556 2534 3626 igitur
2576 3556 2763 3617 divina
2807 3557 3029 3611 caelitus
3075 3556 3287 3611 visione
3346 3557 3602 3629 dignatus

2018 3648 2365 3717 Epiphanius
2402 3647 2513 3709 ille,
2551 3647 2691 3701 sicut
2735 3646 3013 3716 quondam
3072 3646 3292 3710 Paulus,
3359 3648 3603 3704 concidit

2017 3741 2173 3811 quasi
2225 3751 2477 3795 mortuus
2526 3740 2580 3793 in
2630 3749 2855 3805 terram,
2904 3748 2960 3795 ct
3018 3739 3332 3795 visceribus
3390 3739 3603 3794 intimis

2017 3843 2330 3889 commotus
2350 3845 2434 3888 est
2458 3852 2468 3886 :
2492 3833 2683 3904 jussus
2711 3847 2931 3900 quoque
2964 3842 3048 3887 est
3093 3847 3203 3887 non
3236 3842 3294 3886 ut
3344 3832 3447 3887 istc
3493 3832 3600 3888 Da-

1962 3974 1965 3977 ,
2015 3937 2261 3977 mascum
2284 3922 2610 3988 concedere,
2630 3920 2723 3976 sed
2743 3917 2807 3971 ad
2840 3920 3101 3976 fan'mlum
3131 3923 3224 3978 Dei
3246 3922 3595 3995 Symeoncm.

2016 4024 2077 4070 ut
2107 4031 2203 4086 per
2230 4015 2382 4069 illum
2417 4015 2708 4069 sanitatem
2749 4028 2858 4067 non
2884 4014 3061 4068 solum
3090 4018 3362 4085 corporis,
3394 4016 3490 4071 sed
3545 4027 3601 4071 ct

2017 4108 2214 4163 anima:
2241 4108 2405 4163 etiam
2434 4114 2764 4177 reportaret.
2798 4106 2943 4177 Ergo
2962 4124 3070 4161 non
3106 4108 3338 4162 multum
3382 4108 3450 4162 ab
3485 4109 3600 4163 ina-

2015 4200 2150 4254 nimi
2184 4198 2528 4270 disCrepans,
2562 4199 2813 4269 iumento
2842 4200 3136 4270 impositus
3164 4210 3249 4256 est
3304 4216 3445 4256 onus
3493 4202 3597 4255 mi-

2016 4292 2289 4351 serabile;
2324 4290 2721 4361 depositusque
2751 4300 2879 4345 ante
2907 4291 3220 4347 columnam
3280 4293 3597 4350 luctuosum

2015 4384 2410 4453 spectaculum,
2462 4399 2653 4437 vocem
2728 4385 2947 4439 caelitus
2994 4401 3022 4438 a
3062 4394 3252 4440 sancto
3323 4386 3594 4461 Sytneonc

333 4452 536 4522 Κυρίου
571 4453 637 4506 τὰ
665 4454 724 4504 ἐν
759 4452 953 4522 ἀγνοίᾳ
978 4470 991 4483 ·
1028 4454 1239 4525 ἕγειραι
1298 4457 1589 4527 τοιγαροῦν
1623 4459 1907 4513 ἀναλαϐὼν

2018 4449 2307 4530 demissam
2343 4475 2539 4540 sensit,
2592 4491 2715 4545 qua:
2754 4476 3007 4531 dicebat:
3064 4478 3205 4532 Ecce
3239 4456 3599 4536 dimittuntur

330 4544 542 4607 ἑαυτὸν,
584 4548 783 4616 μηκέτι
834 4548 1054 4600 διώκειν
1114 4549 1278 4600 αὐτὸν
1338 4550 1662 4620 ἀνεχόμενος
1726 4554 1784 4605 ἐν
1830 4554 1907 4625 τῷ

328 4637 533 4692 τιθέναι
562 4638 623 4690 τὸ
648 4639 819 4709 στόμα
846 4656 938 4693 σου
963 4644 1042 4703 είς
1066 4641 1231 4710 ἡμᾶς,
1266 4641 1362 4694 καὶ
1384 4642 1563 4695 λαλεῖν
1597 4642 1720 4696 καθ’
1750 4647 1908 4716 ἡμῶν

337 4732 570 4786 ἀδικίαν.
594 4734 815 4797 Τούτοις
849 4738 961 4798 τοῖς
996 4739 1234 4807 ῥήμασιν
1281 4737 1405 4815 [εἰς]
1454 4742 1646 4795 ἑαυτὸν
1676 4744 1912 4814 παραδό-

335 4822 439 4890 ξως
470 4824 813 4891 ἐπανελθὼν,
843 4828 1103 4882 τάναντία
1131 4830 1330 4903 διεξῄει
1363 4833 1469 4887 τῶν
1504 4835 1906 4905 προλαϐόντων,

334 4918 427 4969 καὶ
453 4917 739 4985 κηρύττων
782 4913 850 4987 ἦν
891 4919 996 4986 ὅλῳ
1027 4922 1257 4990 στόματι
1296 4925 1497 4992 μᾶλλον
1522 4926 1619 4989 τὰς
1648 4927 1743 4979 τοῦ
1773 4927 1906 4981 Θεοῦ

332 5008 421 5061 διὰ
445 5008 538 5060 τοῦ
574 5008 903 5074 θεράποντος
932 5012 1095 5065 αὐτοῦ
1121 5014 1460 5079 δυναστείας.

398 5190 484 5237 σι’.
512 5181 644 5239 Εἶτα
676 5188 770 5241 καὶ
798 5189 923 5251 τοὺς
944 5191 1092 5253 υἱοὺς
1120 5193 1492 5261 προσαγαγὼν
1514 5195 1905 5267 δαιμονῶντας,

325 5274 495 5341 ὑγιεῖς
524 5277 819 5349 ἑκατέρους
842 5282 1241 5350 ἀπολαμϐάνει.
1277 5278 1447 5348 υῦτος
1484 5290 1623 5357 μετά
1678 5290 1906 5363 θατέρου

322 5364 432 5415 τῶν
488 5367 691 5419 παίδων
754 5368 981 5441 ὕστερον
1030 5372 1106 5441 τῷ
1166 5372 1307 5442 ἁγίῳ
1357 5368 1693 5446 παραϐαλὼν
1748 5385 1907 5453 (ἐπεὶ

323 5457 417 5507 καὶ
453 5458 692 5527 συνεχῶς
721 5460 869 5529 αὖτῴ
913 5463 1053 5531 μετά
1090 5467 1285 5534 πεῖραν
1326 5470 1538 5534 ἐφοίτα,
1572 5472 1668 5524 καὶ
1712 5476 1902 5529 τοσοῦ-

320 5562 414 5600 τον
441 5548 551 5620 ὅσῳ
598 5554 724 5615 τοὺς
781 5555 955 5625 ταύτῃ
1006 5556 1247 5626 δρῶντας
1304 5562 1494 5630 πρώην
1529 5566 1824 5639 ἐμέμφετο)
1845 5569 1900 5620 ἓν

322 5650 431 5695 τινι
460 5639 568 5693 τῶν
604 5641 891 5710 ἁνωγαίων
922 5647 1021 5713 τῆς
1045 5646 1215 5716 μονῆς
1249 5650 1525 5706 καταλύει.
1563 5656 1663 5709 Τὸν
1691 5660 1787 5727 μὴν
1808 5658 1899 5713 οῦν

683 5746 952 5807 ΡΑτιιοι..
998 5751 1091 5806 Gn
1162 5747 1497 5811 LXXXVI.

2014 4567 2110 4621 tibi
2156 4583 2185 4620 a
2249 4567 2483 4621 Domino
2564 4584 2685 4639 qua:
2740 4584 2806 4622 ex
2869 4568 3177 4638 ignorantia
3231 4572 3596 4639 commisisti;

2010 4660 2130 4715 leva
2182 4670 2233 4715 te
2282 4660 2450 4733 igitur
2508 4670 2563 4715 ct
2624 4661 2733 4717 noli
2779 4663 3033 4732 persequi
3074 4662 3252 4732 ipsum
3310 4663 3593 4736 deinceps,

2010 4750 2311 4823 aperiendo
2338 4767 2402 4806 os
2429 4760 2584 4806 tuum
2609 4760 2665 4806 et
2696 4752 2975 4822 loquendo
3007 4754 3353 4823 iniquitatem
3396 4766 3595 4811 contra

2010 4858 2130 4898 nos.
2152 4841 2359 4899 Horum
2382 4847 2681 4899 verborum
2714 4844 2922 4899 virtute
2960 4845 3288 4901 mirabiliter
3331 4846 3436 4900 sibi
3464 4847 3594 4901 red-

2011 4933 2180 4995 ditus,
2213 4934 2494 4990 contraria
2537 4933 2786 4998 omnino,
2835 4952 2999 5007 quam
3044 4946 3169 4991 ante
3214 4946 3335 4992 erat
3374 4938 3590 5003 solitus.

2010 5023 2359 5095 loquebatur,
2384 5024 2660 5096 plenoque
2710 5042 2806 5081 ore
2868 5027 3204 5095 praedicabat
3253 5029 3347 5083 Dei
3397 5040 3592 5101 poten-

2011 5116 2141 5169 tiam
2168 5132 2266 5186 per
2287 5116 2553 5171 famulum
2592 5132 2775 5172 suum.

2098 5207 2223 5262 2H).
2264 5208 2777 5265 Adducensdeinde
2835 5210 2976 5266 filios
3008 5211 3149 5266 duos
3201 5211 3592 5279 dzemoniacos.

2010 5300 2318 5355 incolumes
2343 5303 2537 5356 ambos
2568 5304 2815 5372 recepit:
2852 5320 3091 5374 quorum
3135 5322 3244 5359 uno
3290 5306 3591 5361 comitante

2008 5401 2196 5461 postea
2225 5394 2523 5464 aliquando
2575 5395 2640 5447 ad
2684 5406 2937 5449 sanctum
2995 5412 3054 5450 se
3105 5396 3400 5450 conferens
3440 5398 3591 5466 (quia

2002 5480 2113 5549 jam
2150 5490 2410 5550 expertus
2442 5482 2725 5549 virtutem,
2762 5484 2962 5538 creber
2993 5503 3059 5539 eo
3093 5485 3286 5549 itabat,
3332 5496 3593 5554 tantoque,

2006 5571 2352 5641 frequentius
2395 5588 2649 5645 ,quauto
2713 5578 2911 5646 Str-pius
2970 5588 3095 5631 ante
3157 5578 3210 5633 id
3277 5578 3593 5636 incitantes

2004 5665 2461 5739 reprehenderat)
2517 5670 2571 5722 in
2631 5669 2917 5725 cmziaculo
2992 5671 3234 5741 quedam
3302 5671 3612 5743 augurium,

3118 5769 3246 5850 100.
