4034 6186
347 293 493 361 3131⁷

1347 299 1521 361 VITA
1556 298 1603 356 A
1642 295 2083 357 NICEPHORO
2121 294 2607 358 CONSCRIPTA.

3485 302 3623 363 BER?

343 410 540 482 μᾶλλον
570 408 603 478 ἢ
640 406 821 461 πίστει
847 407 937 461 καὶ
965 405 1114 470 ζέσει
1145 406 1392 478 καρδίας.
1418 408 1625 478 τυφλήν
1665 425 1731 477 με
1770 409 1917 477 δεχό-

2031 406 2245 463 fervore
2292 407 2477 462 cordis
2514 426 2526 459 :
2556 406 2753 461 Sancte
2790 406 3047 478 Symeon,
3099 423 3131 463 ο
3161 409 3256 479 qui
3292 424 3377 463 me
3407 409 3618 477 excipis

342 517 519 573 μενος,
552 497 823 554 ἀπόλυσον
853 498 1174 569 βλέπουσαν.
1204 499 1311 551 Τοῦ
1342 500 1398 553 δὲ
1427 499 1922 570 σπλαγχνισθέντος

337 594 423 645 ἐπ’
456 590 617 661 αὑτῇ,
650 591 841 660 χεῖράς
876 607 936 642 τε
962 593 1074 655 τοῖς
1108 590 1408 660 ὀφθαλμοῖς
1433 590 1734 655 ἐπιθέντος,
1764 591 1920 644 ἔϐλε-

340 683 434 751 ψεν
459 682 621 745 εὐθὺς
643 681 832 747 ὑγιῶς.
860 677 993 734 Εἶτα
1020 683 1288 753 προσάγει
1314 683 1413 753 τὴν
1443 683 1720 754 θυγατέρα
1754 684 1924 747 πάθος

338 774 565 845 ἔχουσαν
596 775 723 844 περὶ
752 774 849 844 τὴν
875 776 1046 845 γυνήν
1072 790 1085 803 ·
1110 774 1315 839 ἐπιθεὶς
1342 776 1524 829 τοίνυν
1549 776 1643 831 καὶ
1668 780 1734 848 τῇ
1770 776 1922 831 παιδὶ

337 869 437 937 τὴν
463 871 637 939 χεῖρα,
664 867 779 920 Νῦν
809 867 907 937 μὲν
938 868 1179 937 ἐπάνηκε
1204 870 1300 923 σὺν
1334 870 1493 941 αὐτῇ,
1517 869 1653 940 πρὸς
1685 872 1784 940 τὴν
1817 888 1921 941 μη-

335 958 470 1029 τέρα
528 957 656 1026 ἔφη,
710 958 831 1027 ὄψει
884 957 941 1011 δὲ
997 957 1135 1013 οἴκοι
1166 959 1264 1030 τὴν
1302 960 1457 1025 δόξαν
1496 960 1590 1015 τοῦ
1630 960 1785 1015 Θεοῦ.
1833 961 1921 1025 Ὠς

335 1048 466 1119 γοῦν
501 1049 801 1119 ἐπανῆλθον
838 1050 1121 1124 ἑκάτεραι,
1156 1056 1252 1106 καὶ
1275 1054 1524 1107 ὑπνωσεν
1555 1050 1644 1108 οἷα
1677 1054 1819 1122 φιλεῖ
1843 1054 1920 1124 τῷ

333 1142 567 1212 καμάτῳ
615 1143 715 1213 τῆς
769 1143 1153 1216 ὁδοιπορίαςή
1206 1146 1410 1218 μήτηρ,
1470 1147 1573 1217 όρᾷ
1626 1146 1718 1200 τὸν
1763 1147 1920 1214 ἅγιον

333 1234 392 1287 ἑν
445 1232 610 1303 ἑτέρᾳ
651 1236 856 1304 μορφῇ,
911 1235 1007 1287 καὶ
1044 1236 1103 1287 οὑ
1134 1238 1197 1307 τῇ
1238 1236 1457 1306 συνήθει
1508 1236 1915 1307 παραϐαλόντα,

331 1325 429 1394 τήν
487 1342 547 1378 τε
600 1326 783 1379 νεᾶνιν
836 1327 1086 1394 ἀγαγεῖν,
1124 1331 1216 1380 καὶ
1265 1328 1325 1381 τὸ
1369 1328 1538 1391 πάθος
1569 1328 1926 1399 ἀνακαλύψαιρ

333 1415 703 1469 κελεύσαντα*
759 1409 821 1470 οὑ
863 1418 996 1485 παρ’
1042 1417 1215 1486 αὑτῆς
1272 1418 1476 1481 εὐθέως
1522 1419 1915 1489 γεγενημένου,

332 1505 676 1574 ἀνατεμόντα
719 1503 899 1569 τοῦτο,
949 1508 1044 1559 καὶ
1102 1506 1163 1558 τὸ
1209 1501 1413 1559 λυποῦν
1465 1507 1676 1561 ἐκεῖθεν
1705 1508 1917 1578 ἐξενεγ-

331 1595 515 1661 κόντα,
546 1593 641 1649 καὶ⁸
675 1596 839 1649 πάλιν
867 1596 965 1659 τὰς
999 1596 1214 1666 πληγὰς
1247 1596 1660 1652 συνουλώσαντα
1682 1616 1697 1630 ·
1726 1599 1917 1652 ἔπειτα

333 1684 518 1755 μέντοι
546 1686 646 1755 τῆς
682 1686 863 1749 οἰκίας
900 1685 1132 1751 ἐξιόντα,
1161 1688 1254 1739 καὶ
1294 1686 1495 1757 ἑαυτὴν
1528 1687 1625 1756 μὲν
1664 1688 1915 1758 ὁρκίζου-

332 1792 434 1830 σαν
476 1777 641 1832 αὑτὸν
693 1777 842 1840 ὅστις
896 1778 982 1845 εἴη
1030 1778 1275 1845 φράσαι·
1313 1778 1403 1830 τὸν
1442 1777 1498 1830 δὲ
1528 1778 1781 1845 καθάπερ
1813 1778 1911 1847 βα-

334 1868 471 1938 ρέως
532 1868 767 1938 φέροντα
820 1870 915 1920 καὶ
964 1868 1285 1938 ἀχθόμενον,
1314 1864 1385 1921 Ὦ
1439 1869 1626 1938 γύναι,
1658 1871 1709 1923 τί
1756 1871 1916 1924 τοῦτο

331 1961 609 2031 ἐπιζητεῖς
640 1960 1079 2030 ἀποκρίνασθαι;
1128 1963 1471 2015 Διαναστᾶσα
1512 1964 1717 2028 τοίνυν,
1754 1962 1799 2015 ὣ
1822 1964 1915 2017 τοῦ

334 2050 641 2122 θαύματοςί
677 2052 921 2122 εὑρίσκει
961 2052 1060 2121 τὴν
1093 2052 1262 2105 παῖδα
1301 2052 1395 2106 τοῦ
1438 2054 1641 2119 πάθους
1670 2055 1917 2108 ἀπαλλα-

330 2149 540 2215 γεῖσαν,
584 2146 677 2199 καί⁵
719 2146 964 2217 βραχέως
1005 2144 1175 2199 ὑπνου
1210 2145 1379 2218 δῶρον
1419 2148 1554 2220 αὑτῇ
1599 2149 1918 2220 παραδόξως

332 2238 730 2309 γεγενημένην.
1060 2302 1071 2311 ι

406 2337 533 2399 σιγ¹.
585 2331 749 2402 Ἀνὴρ
775 2331 833 2385 δέ
864 2350 945 2395 τις
974 2334 1038 2386 ἑκ
1074 2332 1329 2401 γειτόνων
1365 2335 1432 2403 τῇ
1466 2334 1688 2399 γυναικὶ
1720 2332 1914 2404 ταύτῃ,

332 2422 548 2494 γλώττῃ
579 2423 720 2476 κατά
751 2422 842 2476 τοῦ
876 2425 1030 2492 ἁγίου
1067 2424 1289 2497 λοιδόρῳ
1318 2424 1410 2477 καὶ
1442 2425 1672 2494 διαϐόλῳ
1697 2424 1916 2495 χρώμεο

333 2531 444 2577 νος,
484 2514 543 2576 ὃς
586 2516 701 2577 τοῖς
726 2515 888 2568 αὑτοῦ
930 2514 1257 2587 θαυμασίοις
1292 2516 1391 2569 οὑκ
1415 2514 1732 2569 ἀπιστοῦντι
1761 2516 1920 2586 μόνον

337 2605 518 2676 ἐῴκει,
552 2606 687 2660 ἀλλά
715 2608 809 2662 καὶ
842 2607 1265 2679 παρασκώπτων
1305 2611 1385 2672 είς
1412 2607 1575 2661 αὑτὸν
1611 2604 1699 2679 ἦν,
1730 2609 1823 2660 καὶ
1852 2608 1921 2661 τὰ

339 2698 543 2750 ἐκείνου
574 2698 847 2769 διασύρων
869 2701 1091 2771 ἀναίδην
1122 2700 1219 2753 καὶ
1246 2700 1618 2764 καταπαίζων.
1653 2692 1820 2763 Οὗτος
1841 2698 1920 2752 δί-

337 2805 439 2858 κην
471 2789 644 2861 εὑρὼν
692 2790 995 2847 ἀκολάστου
1042 2791 1315 2863 γλώσσης,
1364 2792 1594 2861 δαίμονα
1648 2793 1917 2857 σύνοικον,

336 2881 667 2950 προσάγεται
698 2882 776 2951 τῷ
812 2883 972 2952 ἁγίῳ,
1000 2885 1093 2937 καὶ
1121 2882 1418 2952 θεραπείας
1466 2883 1597 2953 παρ’
1624 2883 1789 2936 αὑτοῦ
1827 2902 1919 2936 τυ-

336 2968 466 3042 χὼν,
500 2973 622 3026 οὑδὲ
654 2972 823 3044 ταύτῃ
872 2975 970 3045 τῆς
1024 2976 1102 3038 είς
1130 2975 1292 3028 αὑτὸν
1329 2976 1600 3044 ἀπέσχετο
1629 2975 1916 3045 φλυαρίας.

2027 498 2203 552 oculis
2223 506 2528 562 carentem,
2552 498 2620 553 iis
2652 498 2929 553 videntem
2962 498 3203 554 dimitte.
3233 498 3483 568 Cumque
3516 499 3618 553 mi-

2027 598 2242 644 seratus
2272 590 2383 654 ille,
2438 606 2632 644 manus
2674 590 2850 645 oculis
2882 591 3256 660 imposuisset,
3290 592 3429 646 vidit
3467 592 3616 648 illico

2028 688 2200 733 recte.
2243 680 2452 736 Deinde
2501 680 2667 734 tiliam
2696 696 2916 750 quoque
2951 680 3105 734 ducit
3134 680 3330 733 morbo
3356 679 3614 734 laboran-

2028 783 2135 827 tem
2169 774 2304 841 (56),
2348 774 2443 842 qui
2469 772 2757 843 imponens
2786 774 3041 828 similiter
3078 773 3155 827 illi
3188 788 3404 836 manus,
3440 772 3617 842 inquit

2026 865 2188 919 matri
2231 882 2243 918 :
2280 866 2575 920 Revertere
2608 880 2756 920 nunc
2784 882 2910 919 cum
2950 864 3055 920 tilia
3089 866 3336 929 domum,
3380 864 3505 920 istic
3532 863 3616 918 vi-

2024 956 2177 1011 debit
2212 957 2442 1027 gloriam
2499 959 2617 1013 Dei.
2653 957 2791 1013 Cum
2829 959 2995 1029 igitur
3024 958 3383 1013 revertissent
3419 956 3613 1021 ambae,

2024 1047 2185 1101 matri
2209 1058 2270 1101 ut
2290 1049 2512 1111 assolet,
2535 1048 2924 1119 defatigatione
2947 1050 3164 1105 itineris
3178 1065 3406 1104 somnus
3425 1049 3618 1117 obrep-

2022 1136 2115 1200 sit,
2145 1136 2473 1207 oblatusquc
2506 1137 2561 1191 in
2615 1139 2710 1193 illo
2751 1146 2835 1193 est
2886 1149 3131 1203 sanctus,
3178 1138 3340 1192 aliam
3388 1138 3618 1192 indutus

2022 1227 2257 1283 formam
2280 1244 2308 1283 a
2339 1238 2602 1284 consueta
2625 1247 2638 1292 ;
2664 1230 2965 1285 accedebat
2987 1238 3194 1293 autem,
3223 1229 3432 1283 ducens
3453 1244 3615 1282 manu

2022 1321 2283 1389 puellam,
2308 1321 2397 1375 cui
2431 1320 2759 1390 imperabat,
2793 1321 3000 1375 doloris
3027 1321 3111 1375 sui
3148 1322 3331 1375 locum
3364 1330 3423 1374 ut
3458 1337 3615 1375 reve—

2020 1411 2181 1466 laret.
2223 1413 2429 1482 lllaque
2473 1428 2595 1466 mox
2633 1413 2786 1482 jussa
2820 1422 3164 1482 capessente,
3210 1413 3448 1467 dissecto
3494 1413 3617 1469 loco

2019 1503 2291 1557 educebat
2325 1504 2452 1557 inde
2483 1504 2631 1573 quod
2663 1504 2846 1558 fuerat
2873 1506 3082 1559 doloris
3108 1521 3294 1571 causa,
3336 1513 3391 1559 et
3416 1505 3616 1559 vulnus

2020 1592 2277 1647 cicatrice
2300 1593 2613 1647 obducebat
2645 1610 2657 1646 :
2698 1602 2887 1663 postea
2924 1596 3299 1664 egredientem
3336 1596 3500 1649 domo
3528 1597 3610 1648 vi-

2020 1681 2257 1737 debatur
2304 1683 2411 1739 sibi
2462 1684 2663 1738 mulier
2707 1684 3054 1755 obstringere
3099 1687 3497 1757 jurejurando,
3554 1698 3613 1741 ut

2017 1773 2231 1838 ederet,
2263 1774 2389 1844 quis
2416 1783 2564 1829 esset
2599 1794 2611 1828 :
2654 1775 2809 1829 illum
2855 1783 3062 1841 autem,
3109 1777 3280 1831 veluti
3326 1779 3613 1833 molestius

2018 1862 2289 1918 ferentem
2340 1864 2830 1935 indolentemque,
2881 1866 3219 1935 respondere
3258 1884 3272 1920 :
3306 1866 3350 1923 Ο
3388 1868 3608 1933 mulier,

2020 1971 2120 2010 cur
2163 1955 2298 2010 illud
2352 1958 2769 2025 percunctaris?
2815 1957 2913 2012 His
2944 1957 3099 2020 visis,
3134 1958 3371 2013 excitata
3412 1958 3612 2012 mulier

2022 2044 2077 2115 (ο
2113 2046 2436 2102 miraculum
2461 2047 2497 2116 ι)
2524 2047 2987 2118 reperitpuellam
3018 2048 3211 2104 dolore
3236 2049 3488 2114 liberam,
3513 2066 3611 2120 per

2021 2136 2209 2192 brevis
2253 2138 2431 2192 somni
2466 2154 2666 2193 munus
2703 2138 3049 2195 admirabile.

2091 2328 2216 2382 2l3.
2259 2328 2339 2383 Ex
2360 2330 2562 2385 vicinia
2587 2330 2819 2399 hujusce
2850 2333 3101 2388 mulieris
3124 2334 3211 2388 vir
3230 2334 3453 2404 quidam
3478 2352 3611 2391 eon-

2024 2420 2314 2475 tumeliosa
2371 2431 2537 2492 atque
2589 2424 2862 2479 diabolica
2892 2426 3079 2494 lingua
3131 2428 3313 2483 virum
3358 2438 3609 2482 sanctum

2024 2509 2363 2574 lacessebat;
2416 2520 2472 2563 et
2520 2511 2812 2567 videbatur
2867 2529 2977 2568 non
3028 2515 3193 2569 modo
3243 2530 3353 2570 non
3384 2516 3611 2571 credere

2023 2599 2287 2655 miracula
2318 2602 2458 2672 ejus,
2484 2602 2580 2657 sed
2607 2612 2664 2656 et
2703 2604 2971 2669 cavillari,
2997 2614 3163 2675 atque
3190 2607 3483 2663 detrahere
3515 2624 3614 2678 per

2022 2710 2296 2749 summam
2347 2696 2745 2765 impudentiam
2781 2699 2950 2754 rebus
2992 2700 3061 2755 ab
3104 2701 3199 2756 illo
3238 2703 3406 2773 gestis
3436 2703 3613 2774 iisque

2024 2788 2277 2843 illudere.
2312 2788 2416 2843 Sed
2445 2791 2653 2860 reperit
2680 2792 3103 2863 intemperantis
3132 2795 3331 2865 linguae
3361 2798 3614 2852 meritam

2025 2879 2314 2944 ultionem,
2378 2880 2626 2935 daemone
2679 2883 2857 2951 ipsum
2918 2885 3233 2940 invadenle.
3287 2887 3616 2943 Producitur

2022 2984 2154 3039 ergo
2184 2970 2253 3024 ad
2288 2981 2570 3037 sanetum;
2603 2973 2700 3027 sed
2734 2974 2803 3027 ab
2832 2990 2899 3029 eo
2927 2976 3313 3032 liberationem
3343 2996 3581 3036 consecu
3600 3009 3615 3024 -

349 3063 414 3116 Ἠ
450 3062 574 3132 δίκη
606 3062 663 3115 δὲ
698 3062 859 3116 πάλιν
889 3064 998 3115 τῶν
1039 3064 1237 3133 ἑαυτῆς
1267 3064 1365 3117 οὑκ
1392 3064 1585 3135 ἠμέλει
1608 3081 1622 3096 ο
1665 3064 1802 3118 ἀλλά
1834 3082 1917 3118 νο-

2026 3069 2135 3126 tus,
2166 3062 2342 3118 nihilo
2376 3064 2547 3135 magis
2581 3082 2745 3136 quam
2775 3068 2930 3137 prius
2962 3070 3251 3126 desinebat
3277 3072 3331 3126 in
3362 3083 3614 3129 sanctum

337 3155 501 3224 μίσας
539 3156 567 3207 ό
600 3154 825 3223 μάταιος
859 3154 1066 3217 ἐκεῖνος
1112 3156 1239 3208 ἰδεῖν
1271 3156 1361 3209 τὸν
1398 3154 1545 3224 ἆγιον
1588 3158 1646 3210 ἑν
1680 3158 1921 3229 ὁράματι

338 3241 525 3302 νυκτὸς
566 3240 714 3309 αὑτῷ
762 3243 1082 3303 ἐπιστάντα.
1122 3244 1216 3297 καὶ
1248 3244 1348 3315 τὴν
1378 3243 1537 3297 αὑτοῦ
1575 3246 1755 3310 δεξιὰν
1786 3247 1921 3318 πρὸς

337 3327 504 3397 ὀργὴν
531 3328 869 3399 ἀφελόμενον
898 3344 912 3363 ³
965 3331 1319 3397 διυπνισθεὶς,
1375 3334 1623 3404 ἀψευδεῖς
1676 3337 1771 3391 ἐπὶ
1812 3338 1921 3391 τῶν

340 3416 515 3487 ἔργων
560 3420 801 3490 εὑρίσκει
846 3422 945 3487 τὰς
980 3424 1077 3493 τῆς
1107 3427 1407 3493 φαντασίας
1446 3428 1679 3492 εἰκόνας.
1714 3430 1777 3484 Et
1811 3429 1919 3500 γὰρ

339 3512 433 3561 καὶ
460 3510 533 3580 μὴ
562 3511 737 3583 πάντη
768 3513 869 3584 τὴν
887 3513 1065 3579 δεξιὰν
1094 3516 1362 3587 ἀφῄρητο,
1390 3520 1527 3573 ἀλλά
1553 3521 1724 3591 ξηράν
1751 3523 1921 3593 αὑτὴν

338 3595 472 3670 εἶχε,
496 3602 591 3655 καὶ
620 3604 769 3656 οὐδὲν
796 3606 1017 3677 ἀψύχων
1044 3608 1363 3661 ἀπεοικυῖαν
1384 3627 1397 3641 ο
1428 3612 1619 3667 ἔπειτα
1647 3614 1828 3684 μέντοι
1862 3615 1919 3667 αἱ

341 3690 541 3759 σάρκες
587 3692 945 3765 διαρῤυεῖσαι,
986 3706 1168 3771 γυμνὰ
1218 3703 1379 3775 μέχρι
1414 3704 1628 3775 καρποῦ
1670 3704 1737 3758 τὰ
1786 3706 1919 3759 ἐστᾶ

340 3782 432 3835 καὶ
465 3784 631 3855 νεῦρα
672 3790 770 3854 τῆς
808 3791 991 3860 χειρὸς
1042 3794 1256 3867 ἐκείνης
1294 3797 1756 3851 ἀπολελοίπεσανο
1794 3797 1920 3866 ἑξῆς

337 3876 393 3929 δὲ
433 3877 527 3929 καὶ
562 3876 797 3947 σκώληξι
831 3880 1055 3947 ζέσασα,
1085 3884 1205 3938 οὑδὲ
1239 3887 1480 3958 φορητὴν
1512 3888 1589 3958 τῷ
1621 3886 1789 3957 ἀθλίῳ
1822 3889 1920 3958 τὴν

338 3968 434 4034 τῆς
464 3967 653 4039 ὀδύνης
679 3970 800 4037 βίαν
828 3976 1077 4043 παρεῖχε.

2024 3155 2337 3223 petulanter
2362 3171 2541 3227 agere.
2567 3157 2673 3214 Sed
2705 3168 2761 3214 et
2787 3161 3030 3217 vindicta
3056 3180 3275 3220 rursum
3302 3166 3477 3221 nihilo
3508 3177 3617 3222 tar-

2025 3246 2152 3301 dius
2181 3247 2539 3318 subsequitur
2564 3269 2576 3304 :
2603 3252 2906 3308 arbitratus
2934 3270 3171 3324 namque
3204 3266 3288 3311 est
3318 3274 3492 3314 vanus
3523 3259 3616 3315 ille

2025 3336 2211 3403 homo,
2243 3349 2409 3402 noctu
2442 3354 2499 3393 se
2531 3340 2585 3394 in
2607 3342 2819 3397 visione
2847 3345 3171 3414 conspicere
3198 3349 3616 3413 sanctum,sibi-

2026 3445 2133 3498 que
2158 3430 2216 3483 in
2250 3430 2554 3487 vindictam
2584 3434 2791 3488 auferri
2826 3435 2895 3489 ab
2930 3436 3071 3491 irato
3100 3436 3382 3493 dexteram
3414 3455 3569 3495 suam
3597 3459 3610 3493 :

2028 3529 2385 3589 experrectus
2410 3532 2594 3577 autem
2648 3526 2921 3593 comperit
2955 3527 3183 3583 minime
3223 3545 3394 3584 vanas
3443 3531 3615 3587 fuisse

2027 3612 2257 3666 visionis
2317 3614 2616 3686 imagines,
2672 3615 2767 3669 sed
2833 3632 2949 3671 rem
3002 3617 3177 3688 ipsam
3246 3620 3418 3675 fuisse
3454 3640 3466 3674 :
3508 3626 3613 3677 etsi

2017 3704 2163 3758 enim
2246 3705 2469 3759 dextera
2530 3706 2650 3775 ejus
2723 3709 2950 3763 omnino
3030 3711 3209 3766 ablata
3271 3729 3381 3766 non
3439 3725 3609 3777 esset.

2022 3806 2242 3849 aruerat
2276 3803 2410 3860 tota,
2444 3796 2582 3850 nihil
2609 3798 2876 3854 differens
2924 3800 2994 3855 ab
3025 3802 3288 3858 inanima.
3317 3805 3428 3860 Nec
3463 3808 3615 3861 stetit

2022 3889 2112 3942 hic
2164 3889 2367 3942 malum
2403 3906 2416 3941 :
2452 3901 2776 3961 consumpta
2814 3908 2967 3959 caro,
3018 3895 3165 3949 nuda
3218 3897 3367 3951 illius
3420 3915 3613 3954 manus

2021 3980 2166 4049 polla
2206 3995 2517 4050 nervosque
2557 3981 3158 4055 destituit,'usquequo
3211 4003 3274 4041 ea
3308 3990 3611 4044 committi-

340 4068 431 4113 tur
458 4059 684 4117 brachio
720 4078 735 4117 :
779 4061 847 4119 ad
871 4064 987 4122 haec
1013 4074 1069 4122 ct
1097 4068 1375 4124 vermibus
1401 4070 1546 4143 quod
1577 4072 1814 4127 restabat
1852 4072 2237 4141 exedentibus,
2285 4072 2651 4128 intolerabilis
2682 4074 3022 4131 inferebatur
3090 4078 3294 4133 misero
3344 4082 3605 4136 violentia

338 4150 610 4207 dolorum.

409 4246 522 4299 σιδ’,
552 4247 739 4311 Συνεὶς
772 4251 1062 4322 τοιγαροῦν
1092 4254 1227 4323 μετά
1259 4254 1357 4324 τὴν
1391 4256 1628 4327 πληγὴν,
1659 4258 1914 4329 πρόσεισι

340 4338 417 4409 τῷ
460 4342 600 4411 ἁγίῳ
637 4342 967 4412 πικροτέραν
1018 4345 1111 4397 τοῦ
1147 4347 1352 4412 πάθους
1385 4351 1481 4419 τὴν
1514 4352 1607 4403 ἐπὶ
1637 4355 1751 4413 τοῖς
1780 4371 1916 4422 προ-

338 4429 557 4483 λαϐοῦσι
610 4433 975 4501 μεταμέλειαν
1016 4435 1175 4505 ἔχων.
1217 4439 1277 4490 '0
1303 4438 1358 4490 δὲ
1412 4441 1507 4492 τοῦ
1555 4441 1747 4509 ἀνδρὸς
1781 4442 1915 4511 ἀψά-

338 4539 518 4594 μενος,
547 4524 757 4578 κελεύει
822 4528 924 4597 τῆς
981 4530 1145 4583 αὑτοῦ
1198 4532 1401 4595 κόνεως
1441 4534 1674 4587 λαὸόντα
1727 4536 1912 4593 οἴκαδε

333 4615 575 4673 ἀπιέναι,
599 4614 727 4668 ἄλλο
756 4618 819 4687 τῇ
850 4618 995 4689 χειρὶ
1026 4620 1194 4689 μηδὲν
1242 4622 1323 4674 ὅτι
1365 4624 1439 4692 μὴ
1486 4624 1691 4695 ταύτης
1733 4628 1913 4680 ἑπιτι-

335 4703 515 4758 θέντα.
542 4708 653 4759 Καὶ
676 4707 704 4758 ό
739 4709 835 4777 μὲν
868 4710 1041 4763 ταῦτα
1073 4711 1202 4782 ἕδρα
1243 4729 1256 4743 ο
1296 4716 1423 4785 περὶ
1453 4716 1510 4769 δὲ
1562 4717 1780 4786 πρῶτον
1823 4736 1915 4771 νυ-

333 4795 461 4858 κτὸς
493 4795 660 4850 ὑπνον
684 4798 857 4864 ἔδοξεν
885 4801 1033 4870 αύτῷ
1049 4802 1141 4854 τὸν
1158 4803 1227 4854 Συ
1237 4803 1381 4873 μεὼν
1403 4807 1723 4871 ἐπιστάντα,
1744 4811 1911 4862 πτύε-

333 4885 422 4938 λόν
450 4903 511 4938 τε
545 4888 638 4941 τοῦ
678 4890 883 4942 οἰκείου
917 4892 1206 4961 στόματος,
1232 4896 1326 4948 τοῦ
1387 4896 1535 4951 θείου
1564 4898 1641 4962 ώς
1689 4899 1908 4970 ἀληθῶς

333 4979 541 5033 ἐκείνου
576 4981 670 5034 καὶ
698 4982 819 5052 Θεῷ
840 4983 928 5036 διὰ
957 4984 1156 5049 παντὸς
1185 4988 1640 5055 προσλαλοῦντος,
1668 4994 1733 5062 τῇ
1758 4991 1912 5062 δεξιᾷ

332 5069 820 5144 ).αμ6άνοντα,τὴν
867 5073 1077 5127 ἐκείνου
1127 5075 1306 5142 δεξιὰν
1339 5080 1630 5151 ἐπιχρίειν,
1670 5082 1807 5152 ὁμοῦ
1857 5083 1914 5137 δὲ

332 5162 412 5234 τῷ
442 5166 703 5235 χρίσματι
748 5167 843 5219 καὶ
876 5167 1087 5237 σάρκας
1135 5169 1456 5236 ἀνάγεσθαι,
1486 5175 1579 5225 καὶ
1616 5172 1792 5245 δέρμα
1826 5175 1913 5228 ἐπ’

334 5257 506 5327 αὑτὴν
539 5258 899 5323 ἑκτείνεσθαι,
943 5259 1049 5322 ἕως
1086 5261 1179 5312 ἐπὶ
1208 5259 1299 5313 τὸν
1331 5263 1631 5333 πρςέχοντα
1660 5266 1913 5320 κόνδυλον

334 5350 431 5403 τοῦ
477 5351 645 5422 μέσου
680 5350 968 5404 δακτύλου.
994 5352 1193 5405 Τοῦτον
1225 5352 1282 5405 δὲ
1308 5354 1456 5423 αὑτῴ
1494 5356 1591 5409 σὺν
1642 5357 1790 5427 ὄνυχι
1814 5375 1913 5411 πε-

418 5506 546 5586 (ἓθλ
587 5505 764 5586 (ἱνωᾳε
820 5513 951 5583 περὶ
985 5515 1083 5586 τὴν
1132 5516 1343 5586 γυνήνλ·
1401 5522 1447 5586 et
1493 5514 1703 5582 quidem
1734 5516 1909 5585 γυνὴ,

333 5579 837 5653 γυναικὸςησιιίηιω
882 5579 1268 5639 declinationis
1313 5579 1572 5637 feminam
1625 5579 1910 5653 signiﬁcat,

330 5651 489 5720 γυνὴ,
515 5651 718 5725 γυνῆε,Δ
736 5654 980 5725 secunda:
1026 5656 1397 5710 declinationis
1422 5651 1686 5725 nusquam
1713 5651 1915 5711 inueni-9

334 5728 447 5786 tur,
473 5719 611 5787 Quod
644 5722 830 5777 sciam.
874 5723 1012 5789 Quid
1036 5728 1081 5779 si
1114 5730 1191 5779 ita
1238 5725 1505 5779 declinata
1536 5719 1652 5779 ’νοτ
1672 5738 1916 5781 scrutatur

2092 4259 2219 4313 214.
2244 4258 2598 4328 Resipiscens
2630 4260 2798 4331 igitur
2821 4271 2944 4331 post
2962 4263 3135 4318 talem
3164 4267 3604 4337 castigationem,

2024 4351 2277 4422 procedit
2300 4352 2365 4405 ad
2395 4361 2671 4417 sanetum,
2702 4354 3049 4410 acerbiorem
3098 4359 3439 4426 paenitentia:
3482 4379 3609 4432 pro-

1950 4482 1991 4533 Β
2024 4454 2147 4513 pter
2192 4444 2455 4507 admissa,
2513 4460 2677 4513 quam
2744 4445 2953 4501 doloris
3013 4463 3080 4502 ex
3134 4466 3356 4505 corrosa
3415 4470 3603 4519 manu,

2021 4550 2243 4589 sensum
2294 4534 2553 4590 aﬂ'erens.
2600 4536 2774 4591 Tactu
2828 4555 2929 4594 suo
2983 4540 3268 4611 dignatum
3312 4546 3473 4614 jubet
3517 4550 3605 4603 ille

2022 4624 2273 4687 pulveris
2300 4624 2583 4694 quidpiam
2612 4642 2798 4682 secum
2827 4638 3111 4698 asportare
3156 4647 3222 4686 ac
3273 4635 3458 4691 redire
3505 4639 3605 4692 ἀο-

2014 4729 2199 4767 mum:
2226 4730 2327 4769 nec
2352 4714 2680 4785 quidquam,
2703 4728 2932 4786 excepto
2960 4720 3087 4785 isto,
3113 4724 3300 4777 manui
3326 4725 3608 4795 imponen-

2013 4805 2167 4859 dum.
2199 4804 2356 4872 Quod
2385 4815 2441 4859 et
2466 4806 2659 4859 sedulo
2681 4807 2828 4864 fecit.
2857 4808 2971 4864 Sub
3002 4812 3238 4880 primam
3269 4830 3402 4870 vero
3429 4822 3609 4876 noctis

2024 4898 2265 4968 quietem
2287 4897 2438 4951 visus
2468 4896 2519 4950 ei
2559 4906 2644 4951 est
2694 4905 2873 4955 astare
2904 4900 3161 4973 Symeon,
3225 4909 3321 4978 qui
3378 4910 3606 4966 salivam

2026 4990 2139 5045 oris
2171 4990 2279 5052 sui,
2311 4990 2425 5044 oris
2453 5006 2617 5059 quam
2656 4993 2944 5050 verissime
2975 4997 3149 5055 divini
3174 5012 3229 5056 et
3253 5002 3365 5059 Deo
3388 5020 3606 5076 semper

2024 5083 2411 5152 colloquentis,
2443 5083 2676 5139 dextera
2708 5102 2805 5141 sua
2846 5100 3157 5159 exceptam,
3188 5094 3337 5149 illius
3363 5097 3607 5153 dexterae

2023 5175 2324 5229 allinebat:
2363 5190 2475 5243 quo
2517 5175 2681 5243 facto,
2729 5179 2891 5233 simul
2947 5196 3113 5238 carne
3166 5185 3394 5252 obduci,
3442 5189 3605 5243 simul

2023 5266 2167 5337 pelle
2200 5266 2389 5322 vestiri
2418 5266 2484 5321 ad
2518 5284 2795 5323 summum
2826 5288 2999 5341 usque
3062 5277 3228 5331 medii
3270 5278 3424 5349 digiti
3479 5296 3608 5335 con-

2021 5360 2208 5431 dylum
2238 5361 2443 5429 ccepit:
2481 5361 2633 5417 visus
2664 5372 2847 5419 autem
2873 5376 2957 5418 est
2989 5370 3255 5442 condylus
3319 5374 3422 5427 iste
3479 5390 3605 5426 cum

2012 5538 2106 5599 pro
2166 5530 2318 5591 parte
2379 5522 2646 5599 muliebri,
2693 5544 2854 5598 quam
2909 5532 3033 5599 quia
3066 5531 3215 5599 tangi
3243 5550 3272 5585 α
3317 5548 3605 5599 ηιωιητηο,

2013 5594 2173 5645 etiam
2227 5610 2317 5675 per
2358 5598 2621 5649 somnium
2677 5594 2723 5651 et
2764 5594 3034 5675 visionem,
3098 5594 3337 5659 indecens
3395 5594 3609 5675 luisset,

2014 5666 2323 5748 apparuerit
2356 5674 2592 5748 sanctus,
2644 5686 2747 5723 non
2798 5672 2850 5724 in
2905 5676 3123 5743 propria
3181 5666 3516 5748 spccic,'scd
3554 5666 3609 5735 ιιι

2014 5735 2193 5788 habitu
2231 5735 2509 5803 chirurgi?
2905 5735 2916 5742 '
3006 5735 3015 5743 '
3211 5735 3220 5748 '
3365 5735 3375 5745 '
3512 5750 3522 5763 ν
