4038 6208
469 288 610 352 3183

1609 271 1618 276 ’
1675 289 1738 350 s.
1779 285 2152 348 smsoms
2189 283 2548 346 JUNIO‘RIS

3573 281 3716 345 3134

463 419 654 476 ungue
709 399 928 465 cadere,
997 409 1058 454 ut
1113 413 1312 469 nempe
1364 395 1637 452 secuturis
1695 397 2027 468 temporibus

2143 395 2290 459 σεῖν,
2357 393 2434 457 ὡς
2483 388 2624 448 εἶναι
2675 392 2770 447 καὶ
2829 393 2966 464 πρὸς
3017 393 3080 448 τδ
3141 393 3333 466 μέλλον
3403 395 3718 468 ὑπόμνησιν

473 507 681 549 ιιιεπιοι·
707 492 850 547 foret
879 491 1314 562 intemperantia:
1369 505 1482 546 sua:
1535 488 1590 544 in
1629 489 1906 558 loquendo
1955 488 2039 542 ni-

471 584 627 648 mias;
653 589 708 636 et
734 580 1013 636 succrevit
1053 579 1252 649 unguis
1285 577 1430 632 alius
1463 579 1518 633 in
1553 585 1800 633 extremo
1885 577 2040 650 digiti

469 675 547 730 sic
586 673 822 728 mutilati
847 671 1102 726 articulo.
1135 669 1260 724 Haec
1279 669 1458 734 'visio,
1489 684 1614 724 cum
1641 668 2037 739 expergiscitur

460 766 657 828 homo,
683 779 772 819 res
805 764 930 826 Fuit,
962 779 1128 818 manu
1183 763 1332 816 omni
1371 777 1440 816 ex
1471 753 1626 830 parte
1684 761 1917 831 integra,
1953 759 2036 814 uti

465 853 730 916 diximus,
753 853 1071 906 exsistente.
1105 851 1175 906 Ut
1205 859 1390 904 autem
1423 849 1689 904 miraculo
1717 850 2038 919 adjiciamus

463 943 815 1005 miraculum,
841 942 1032 996 eadem
1065 949 1249 1005 nocte,
1281 957 1387 1010 qua
1421 941 1538 995 hinc
1575 939 1654 994 illi
1705 940 2038 994 videbantur

465 1034 682 1088 actitari
711 1049 740 1087 a
775 1032 1066 1104 Symeone,
1109 1033 1226 1101 ipse
1287 1046 1507 1101 quoque
1553 1029 1790 1102 Symeon
1843 1037 2035 1099 raptus

469 1126 520 1178 in
555 1123 773 1194 spiritu,
805 1139 862 1178 se
899 1123 1076 1193 ipsum
1095 1121 1287 1176 eadem
1327 1121 1670 1176 factitantem
1721 1119 2032 1188 conspicari

465 1214 616 1270 visus
637 1220 749 1280 est;
779 1212 1240 1283 quemadmodum
1271 1213 1408 1281 ipse,
1465 1210 1558 1280 qui
1591 1208 1854 1264 inecstasi
1903 1219 2033 1264 tunc

463 1308 765 1372 exstiterat,
797 1306 1080 1376 discipulis
1107 1305 1338 1359 multum
1371 1303 1691 1374 regantibus
1710 1301 2029 1366 declaravit;

463 1407 518 1455 et
565 1399 668 1454 iste
727 1413 968 1468 quoque,
1039 1398 1134 1468 qui
1189 1397 1566 1453 incolumitate
1620 1395 1858 1451 donatus
1913 1401 2028 1448 erat

463 1491 760 1546 enarravit.

529 1584 654 1640 215.
697 1584 896 1638 Verum
933 1582 1063 1652 quid
1098 1583 1153 1636 in
1184 1597 1382 1637 vanum
1415 1582 1752 1646 laboramus,
1777 1580 2028 1637 conando

461 1675 644 1730 omnia
677 1675 798 1744 ejus
829 1683 978 1744 gesta
1012 1673 1287 1743 explicare
1309 1674 1535 1728 verbis?
1577 1674 1710 1728 Erat
1739 1673 1892 1730 Sura:
1915 1675 2025 1745 (57)

2137 487 2332 556 ἐκείνῳ
2361 485 2464 556 τῆς
2493 486 2696 557 πολλῆς
2725 486 2855 558 περὶ
2885 485 3133 555 γλῶτταν
3181 487 3498 552 ἀκολασίας,
3541 489 3714 558 ὄνυχα

2135 577 2192 631 δὲ
2235 578 2501 648 ἀναϐῆναι
2538 579 2696 634 ἄλλον
2741 581 2834 633 ἐπ)⁵
2881 580 2942 634 τὸ
2997 582 3259 650 ἐχόμενον
3309 580 3406 634 τοῦ
3455 581 3712 635 κονδύλου

2135 669 2356 740 ἄρθρον.
2403 670 2514 740 Τὴν
2556 671 2655 740 μὲν
2697 668 2790 726 οῦν
2833 671 2954 741 δψιν
2999 671 3369 726 διυπνισθέντι
3415 671 3496 741 τῷ
3551 673 3710 743 ἀνδρὶ

2136 757 2296 827 ἔργον
2322 755 2484 824 εἶναι,
2521 759 2612 812 καὶ
2653 760 2752 829 τὴν
2802 762 2956 830 χεῖρα
2989 759 3158 826 ὑγιῶς
3187 758 3264 822 ὡς
3296 759 3507 828 ἔφημεν
3541 759 3710 831 ἔχειν·

2139 851 2223 902 ἵνα
2301 847 2359 902 δὲ
2435 848 2514 918 τῷ
2577 848 2819 919 θαύματι
2879 849 3064 918 θαῦμα
3112 849 3463 919 προσθῶμεν,
3527 852 3706 930 ταῦτὰ

2135 941 2344 1014 δρῶντα
2377 941 2470 994 τὸν
2501 941 2750 1012 Συμεὼν,
2785 938 2854 1014 ἦν
2874 943 2973 1012 τῆς
2997 943 3187 1003 νυκτὸς
3212 943 3426 1013 ἐκείνης
3463 945 3598 1015 ὀρᾷν
3625 943 3708 1015 τῷ

2136 1034 2402 1104 πνεύματι
2423 1033 2636 1096 ἑαυτὸν,
2662 1029 2751 1088 οἶα
2783 1035 3020 1106 κάκείνῳ
3047 1035 3368 1090 συνέϐαινεν
3393 1053 3411 1069 ο
3433 1035 3510 1099 ὡς
3537 1038 3706 1101 αὐτός

2133 1143 2193 1179 τε
2235 1129 2346 1189 τοῖς
2386 1125 2657 1196 μαθηταῖς
2683 1127 2868 1194 ὀφθεὶς
2899 1128 2956 1180 ἐν
3001 1129 3256 1182 ἐκστάσει
3307 1128 3428 1182 τότε
3474 1144 3710 1199 γεγενη-

2138 1216 2318 1288 μένος,
2345 1217 2515 1272 πολλὰ
2547 1217 2816 1289 δεηθεῖσιν
2865 1220 3189 1290 ἀπήγγειλε,
3227 1219 3322 1274 καὶ
3343 1222 3371 1274 ὁ
3395 1220 3496 1292 τῆς
3535 1219 3700 1292 θερα-

2135 1310 2293 1375 πείας
2317 1305 2496 1379 τυχὼν
2522 1311 2846 1384 ἐξηγήσατο.

2203 1588 2318 1636 σιε⁹.
2348 1580 2509 1637 Ἀλλὰ
2535 1583 2694 1654 μέχρι
2709 1583 2850 1648 τίνος
2863 1583 3166 1654 ἀμηχάνοις
3183 1583 3592 1655 ἐπιχειροῦμεν,
3619 1583 3713 1641 λό-

2130 1689 2212 1743 γῳ
2251 1673 2318 1728 τὰ
2353 1675 2561 1728 ἐκείνου
2583 1676 2854 1729 διαλαϐεῖν
2877 1675 3114 1745 καθεξῆς
3135 1678 3312 1730 πάντα
3332 1676 3666 1746 πειρώμενοι
3687 1695 3706 1744 ;

463 1763 632 1832 (quod
670 1741 756 1816 est
799 1741 1060 1832 oppidum
1084 1741 1178 1816 ex
1209 1764 1277 1816 iis
1325 1779 1494 1816 unum
1532 1779 1654 1831 qua:
1693 1771 1822 1818 sunt
1862 1741 2027 1832 supra

2131 1741 2240 1818 Ἦν
2256 1781 2340 1827 τις
2369 1765 2425 1817 ἐν
2455 1766 2675 1836 Σουροῖς
2701 1769 3038 1837 στρατιώτης
3063 1741 3356 1835 (πολίχνιον
3377 1741 3438 1820 δέ
3452 1741 3524 1820 τι-
3546 1741 3712 1824 τοῦτο

461 1853 818 1923 Euphratem)
845 1853 1002 1908 miles
1029 1853 1274 1922 quidam,
1312 1854 1452 1908 bene
1480 1854 1658 1908 valida
1689 1865 1745 1910 et
1795 1854 2028 1924 juvenili

459 1953 618 1999 aetate
645 1943 869 2010 ﬂorens,
901 1959 1002 1999 nec
1033 1960 1143 1998 non
1176 1945 1372 1999 bellica
1397 1945 1600 1999 virtute
1646 1960 1710 2000 ac
1767 1946 1936 2000 rebus
1971 1946 2026 1998 in

446 2033 702 2086 omnibus
736 2032 1056 2087 dexteritate
1089 2033 1346 2087 eximius.
1377 2030 1683 2100 Aliquando
1711 2042 1889 2086 autem
1929 2045 2026 2084 ac-

446 2125 579 2178 cidit
612 2124 688 2177 illi
725 2124 958 2178 lavatum
991 2125 1164 2188 eunti,
1187 2127 1400 2178 obviam
1433 2124 1546 2178 licri
1581 2123 1802 2176 militem
1835 2124 2023 2188 alium,

447 2217 537 2284 qui
589 2217 778 2270 morbo
831 2216 1089 2270 comitiali
1140 2217 1459 2280 laborabat,
1493 2233 1522 2271 e
1563 2215 1768 2270 balneis
1815 2231 2024 2270 exeun-

465 2316 593 2359 tem.
630 2305 990 2360 Abominatus
1021 2305 1113 2360 ille
1140 2305 1424 2360 hominem
1451 2306 1792 2375 gravissime,
1851 2307 2030 2361 inter-

461 2397 612 2456 dicit.
641 2414 710 2452 ne
739 2399 932 2454 eodem
963 2397 1224 2467 deinceps
1254 2413 1440 2454 secum
1465 2398 1660 2452 balneo
1701 2407 1906 2463 utatur,
1935 2407 2036 2454 aut

457 2490 686 2544 omnino
716 2503 902 2546 secum
948 2491 1336 2560 congredietur
1372 2492 1606 2560 uspiam.
1652 2490 1923 2560 Ingemuit
1959 2489 2026 2544 ad

463 2583 578 2635 inec
601 2582 766 2636 miser
799 2582 854 2634 in
877 2581 1246 2636 amaritudine
1285 2581 1468 2635 cordis
1491 2581 1578 2635 sui
1603 2599 1616 2634 :
1651 2583 1880 2636 morbus
1897 2596 2030 2636 vero

459 2673 578 2742 ejus
615 2672 1406 2740 (quamincomprehensibilia
1431 2671 1716 2740 sapientiae
1744 2681 1850 2726 tua:
1879 2671 2028 2740 judi-

457 2763 563 2824 cia,
595 2762 880 2830 Domine!)
923 2762 1072 2816 dicto
1101 2762 1266 2817 citius
1295 2763 1352 2816 in
1395 2763 1628 2816 alterum
1661 2763 1899 2817 transiit.
1936 2765 2026 2818 ln-

461 2855 969 2925 tumescuntigitur
991 2854 1136 2910 intra
1165 2855 1410 2908 triduum
1441 2855 1520 2908 illi
1555 2869 1752 2909 carnes
1805 2862 1862 2910 et
1919 2854 2028 2908 dif-

457 2945 654 3012 linunt.
683 2945 1000 2998 immutatur
1027 2944 1222 3006 forma.
1255 2954 1497 3001 arctatur
1529 2946 1789 3014 spiritus;
1853 2943 2026 3014 ﬁtque

2128 1852 2238 1904 τῶν
2288 1851 2774 1924 Ἐπευφρατιδίων)
2803 1849 2861 1908 εὗ
2905 1855 3003 1923 μὲν
3043 1855 3295 1922 νεότητός
3343 1873 3404 1908 τε
3443 1857 3540 1908 καὶ
3583 1856 3708 1926 ήλι-
3757 1853 3766 1862 ’

2129 1942 2272 2004 κίας,
2305 1939 2364 1994 εὖ
2399 1943 2454 1996 δὲ
2487 1943 2587 2011 τῆς
2615 1945 2752 1998 κατὰ
2779 1945 3012 2014 πόλεμον
3041 1945 3263 2014 ἀρετῆς,
3293 1947 3390 1999 καὶ
3415 1947 3543 2016 περὶ
3569 1947 3712 2000 πάν-

2127 2047 2193 2082 τα
2209 2031 2512 2102 δεξιότητος
2540 2034 2694 2102 ἔχων.
2727 2034 2861 2087 Ποτέ
2885 2033 3015 2101 γοῦν
3048 2034 3214 2088 αὐτοῦ
3239 2036 3375 2106 πρός
3399 2054 3450 2088 τι
3470 2037 3701 2106 λουτρὸν

2129 2120 2404 2187 ἀπιόντος,
2443 2123 2640 2194 συνέϐη
2667 2123 2777 2176 τῶν
2811 2125 3156 2196 στρατιωτῶν
3187 2143 3326 2186 τινα,
3363 2127 3460 2189 τὰς
3491 2129 3706 2196 σάρκας

2129 2213 2236 2267 ὑπὸ
2279 2216 2376 2286 τῆς
2418 2218 2570 2286 ἱερᾶς
2599 2217 2756 2270 νόσου
2791 2218 3190 2288 λελωϐημένον,
3225 2220 3436 2272 ἐκεῖθεν
3461 2220 3704 2285 ἐξιόντα,

2129 2305 2208 2368 είς
2266 2306 2593 2376 συνάντησιν
2649 2308 2800 2378 αὐτῷ
2849 2299 3206 2378 καταστῆναι.
3267 2310 3374 2362 Τοῦ
3415 2310 3472 2364 δὲ
3512 2312 3708 2376 δεινῶς

2133 2397 2518 2466 μυσαχθέντος,
2546 2397 2642 2451 καὶ
2671 2400 2810 2468 μήτε
2861 2399 3158 2468 βαλανείων
3181 2401 3330 2470 αὐτῷ
3359 2402 3450 2454 τοῦ
3491 2403 3704 2466 λοιποῦ,

2133 2483 2268 2551 μήτε
2299 2483 2590 2554 διατριϐῶν
2624 2489 2899 2538 κοινωνεῖν
2932 2489 3420 2558 παραγγείλαντος,
3451 2492 3706 2556 στενάζει

2133 2573 2229 2642 μὲν
2259 2575 2317 2627 ἐν
2346 2576 2540 2647 πικρίᾳ
2559 2577 2736 2646 ψυχῆς
2768 2580 2996 2643 ἐκεῖνος,
3027 2581 3086 2633 τὸ
3113 2580 3170 2632 δὲ
3207 2581 3374 2643 πάθος
3397 2580 3461 2650 (ὣ
3475 2581 3580 2634 τῶν
3609 2585 3710 2635 ἁν-

2129 2663 2362 2732 εφίκτων
2388 2683 2504 2730 σου,
2529 2667 2792 2730 Δέσποτα,
2823 2670 2919 2737 τῆς
2937 2671 3128 2738 σοφίας
3151 2672 3431 2741 χριμάτων
3447 2675 3484 2742 ί)
3501 2673 3710 2737 εὐθέως

2128 2755 2217 2807 ἐπ’
2245 2756 2405 2809 αὑτὸν
2451 2758 2780 2826 μεταπίπτει
2801 2776 2814 2790 '
2858 2761 2952 2814 καὶ
2973 2760 3230 2814 διοιδοῦσι
3261 2762 3360 2832 μὲν
3385 2763 3492 2814 ἔσω
3533 2763 3708 2834 τριῶν

2127 2847 2353 2918 ἡμερῶν
2385 2848 2442 2900 αἱ
2469 2851 2670 2919 σάρκες
2707 2849 2783 2920 τῷ
2815 2852 3122 2924 στρατιώτῃ
3165 2853 3258 2906 καὶ
3283 2855 3706 2926 καταῤῥέουσιν,

2130 2936 2441 2991 ἀλλοιοῦται
2470 2939 2526 2992 δὲ
2557 2941 2590 3010 η
2625 2941 2782 3008 πνοὴ.
2811 2943 2905 2994 καὶ
2929 2945 3008 3006 είς
3037 2944 3136 3015 τὴν
3161 2945 3412 2997 ἐναντίαν
3437 2945 3500 2998 τὸ
3541 2946 3706 3016 σῶμα

457 3037 724 3092 habitudo
773 3039 1042 3092 contraria
1109 3039 1277 3094 totius
1314 3039 1585 3108 corporis,
1647 3039 1844 3110 exiguo
1885 3045 2027 3092 tem-

2135 3028 2457 3098 μεταϐάλλει
2487 3031 2620 3098 ἕξιν,
2653 3032 2867 3099 σαπρία
2891 3035 2953 3085 τὸ
2981 3035 3088 3088 πᾶν
3123 3035 3180 3087 ἐν
3209 3036 3375 3106 ὀλίγῳ
3405 3037 3710 3108 γεγενημέ-

458 3145 590 3199 pore
627 3131 782 3200 quasi
815 3131 870 3184 in
899 3131 1244 3200 putredinem
1281 3131 1448 3186 versi.
1469 3131 1810 3185 Medicorum
1835 3145 2031 3186 manus

455 3231 512 3278 et
535 3231 684 3276 artes
713 3225 826 3290 jam
851 3223 1148 3290 stupebant
1191 3221 1454 3280 delesse;
1516 3238 1642 3278 cum
1703 3222 1914 3277 homini
1947 3223 2029 3278 sic

457 3313 723 3367 destituto
775 3311 1087 3382 desperatio
1131 3313 1243 3382 ipsa
1287 3313 1538 3368 sanitatis
1593 3315 1663 3368 ab
1707 3314 2028 3370 hominibus

457 3403 876 3474 consequendte,
910 3405 1237 3459 mirabiliter
1274 3404 1382 3458 dux
1417 3405 1474 3458 (it
1505 3405 1572 3460 ad
1627 3405 1892 3460 salutem:
1932 3421 2028 3461 co-

455 3511 724 3566 gnoscens
751 3495 898 3550 enim
928 3497 1182 3567 castigari
1216 3511 1276 3552 se
1305 3512 1338 3552 a
1388 3497 1502 3552 Deo
1537 3509 1762 3567 propter
1821 3498 2027 3554 illatam

449 3587 704 3657 proximo
729 3588 1248 3643 suo-contumeliam
1270 3631 1282 3654 ,
1311 3589 1378 3642 ad
1407 3589 1564 3642 illum
1585 3588 1878 3659 confugere
1926 3590 2024 3644 de-

459 3677 656 3744 cernit,
683 3693 712 3732 a
747 3695 856 3748 quo
883 3680 1218 3750 vapulabat:
1269 3680 1554 3748 soliusque
1576 3693 1696 3734 esse
1731 3681 1848 3746 Dei,
1877 3680 2026 3750 quod

449 3770 760 3824 immiserat
783 3769 1076 3842 ﬂagellum,
1105 3785 1412 3826 removere.
1442 3771 1534 3826 Sic
1563 3771 1806 3826 animato
1849 3773 2024 3826 astitit

455 3862 673 3931 aliquis,
716 3861 902 3916 divina
931 3861 1086 3931 quasi
1127 3861 1402 3932 legatione
1433 3861 1654 3926 missus,
1690 3861 1784 3931 qui
1815 3862 2026 3916 :Tran-

456 3953 760 4022 si,_.inquit,
793 3954 850 4008 in
873 3961 1112 4008 montem
1139 3952 1444 4008 Mirabilem
1501 3953 1568 4007 ad
1613 3953 1879 4008 famulum
1927 3953 2023 4009 Dei

455 4045 778 4115 Symeonem
805 4063 819 4100 :
851 4046 942 4099 ille
969 4045 1256 4100 doloribus
1289 4047 1396 4102 tuis
1425 4045 1758 4101 medebitur.
1799 4045 2024 4102 Talibus

455 4141 548 4195 ille
574 4139 735 4196 dictis
783 4139 1148 4196 inﬂammatus
1206 4141 1395 4206 corde,
1461 4140 1842 4211 promissaque
1901 4151 2020 4194 rata

456 4231 736 4296 habens,a
767 4232 1086 4287 domesticis
1117 4233 1186 4286 ad
1213 4241 1466 4287 sanctum
1515 4241 1800 4301 portatur:
1836 4240 1890 4286 et
1925 4231 2020 4300 qui

453 4337 631 4392 nuper
657 4334 764 4378 tam
788 4337 1088 4393 generosus
1113 4331 1234 4378 erat
1257 4338 1320 4378 ac
1349 4322 1614 4388 fervidus,
1651 4322 2021 4392 prosternitur

2135 3123 2316 3189 μένον.
2359 3121 2585 3192 ’ἰατροῖς
2615 3122 2716 3191 μὲν
2743 3119 2840 3177 οῦν
2890 3125 2990 3194 ήδη
3021 3125 3115 3178 καὶ
3151 3129 3332 3197 χεῖρες
3373 3129 3468 3180 καὶ
3513 3129 3708 3197 τέχναι

2133 3209 2319 3278 σαφῶς
2363 3211 2737 3282 ἀπειρήκεσαν
2763 3229 2778 3243 ·
2815 3213 2891 3284 τῷ
2929 3213 3004 3278 δέ,
3036 3217 3068 3283 ὴ
3101 3217 3159 3280 ἐξ
3205 3215 3510 3284 ἀνθρώπων
3537 3218 3710 3287 θερα-

2133 3301 2292 3364 πείας
2349 3303 2680 3370 ἀπόγνωσις,
2710 3303 2898 3375 ὀδηγδς
2945 3307 3266 3377 παραδόξως
3293 3309 3380 3370 εἰς
3427 3309 3710 3380 σωτηρίαν

2128 3392 2336 3460 γίνεται
2369 3397 2463 3447 καὶ
2491 3397 2758 3450 παιδείαν.
2791 3393 2944 3451 Εἶναι
2977 3397 3112 3450 Θεοῦ
3142 3399 3202 3452 τὸ
3235 3402 3465 3468 πρᾶγμα
3497 3403 3706 3467 συνεὶς,

2127 3480 2218 3534 διὰ
2261 3481 2351 3536 τὸν
2403 3485 2483 3548 είς
2525 3485 2618 3538 τὸν
2669 3487 2897 3557 πλησίον
2947 3487 3272 3556 ὀνειδισμὸν,
3303 3489 3440 3558 πρὸς
3495 3492 3708 3545 ἐκεῖνον

2129 3565 2270 3638 ἔγνω
2315 3575 2672 3641 καταφυγεῖν,
2698 3573 2828 3645 παρ’
2866 3567 2927 3627 οὗ
2993 3575 3087 3628 καὶ
3131 3579 3164 3646 ἠ
3221 3577 3438 3632 παιδεία
3467 3595 3484 3611 ·
3539 3581 3706 3646 μόνου

2127 3663 2236 3734 γὰρ
2269 3660 2407 3718 εῖναι
2433 3665 2532 3736 τὴν
2564 3666 2770 3736 ταύτης
2803 3665 2956 3719 λύσιν
2991 3665 3149 3730 Θεοῦ,
3173 3667 3268 3721 τοῦ
3311 3671 3404 3722 καὶ
3443 3671 3544 3742 τὴν
3573 3689 3706 3728 παι·

2129 3756 2281 3809 δείαν
2323 3757 2716 3826 ἐπαγαγόντος.
2747 3757 2935 3819 Οὕτως
2999 3759 3178 3840 ἔχοντι
3234 3763 3570 3830 παρίσταταί
3617 3782 3708 3829 τις

2127 3847 2297 3917 αὐτῷ,
2325 3847 2574 3918 καθᾴπερ
2623 3848 2700 3901 «ἐκ
2739 3865 2883 3912 τινος
2930 3848 3080 3913 θείας
3127 3850 3457 3920 ἀποστολῆς,
3485 3852 3565 3919 ὃς,
3593 3853 3710 3908 Πο-

2129 3939 2286 4008 ρεύου
2327 3940 2482 4010 παρὰ
2531 3940 2590 3993 τὸ
2636 3939 2951 4010 θαυμαστὸν
2977 3940 3103 4010 ὄρος
3131 3943 3222 3994 ἐπὶ
3253 3943 3345 3996 τὸν
3373 3943 3558 3996 δοῦλον
3604 3945 3704 3999 τοῦ

2124 4030 2259 4083 Θεοῦ
2288 4031 2534 4102 Συμεὼν,
2569 4032 2695 4102 ἔφη,
2725 4034 2930 4096 ἐκεῖνος
2957 4031 3100 4096 ἴασις
3121 4033 3220 4102 τῆς
3251 4036 3512 4102 μάστιγος
3547 4039 3704 4092 ἔσται

2127 4139 2231 4176 σοι.
2268 4123 2325 4175 '0
2351 4123 2406 4177 δέ
2439 4125 2573 4194 πρὸς
2614 4124 2676 4176 τὸ
2719 4125 2868 4194 ῥῆμα
2911 4126 3012 4194 τὴν
3067 4125 3297 4193 καρδίαν
3352 4127 3700 4197 ἀναφλεγεὶς,

2123 4220 2304 4270 πίστει
2336 4233 2392 4270 τε
2428 4217 2640 4289 μεγάλῃ
2706 4216 2864 4269 τοῦτο
2914 4215 3244 4286 δεξάμενος,
3290 4217 3702 4288 ἀνακομίζεται

2129 4307 2266 4378 πρὸς
2312 4307 2472 4361 αὐτὸν
2523 4308 2626 4359 ὑπὸ
2673 4308 2781 4361 τῶν
2820 4307 3072 4360 οίκείωνο
3109 4307 3204 4360 καὶ
3237 4309 3266 4360 ὁ
3305 4309 3498 4380 πρώην
3533 4312 3700 4376 καλὸς

451 4413 722 4483 adpedes
755 4413 920 4479 illius,
950 4413 1168 4468 nemine
1211 4428 1321 4467 non
1371 4412 1800 4467 miserior.Tum
1825 4427 2020 4483 magna

2129 4399 2332 4460 ἐκεῖνος
2371 4397 2464 4450 καὶ⁸
2504 4395 2742 4466 ζηλωτὸς
2778 4396 3028 4466 ῥίπτεται
3067 4395 3175 4464 πρὸ
3207 4395 3394 4460 αὐτοῦ,
3428 4397 3570 4461 τίνος
3597 4399 3704 4453 οὐκ

451 4507 751 4574 derepente
787 4505 838 4556 vi
869 4504 1172 4574 sanguinis,
1205 4502 1358 4556 velut
1385 4517 1586 4556 arcana
1629 4502 1864 4572 quadam
1895 4503 2016 4557 chi-

451 4594 634 4663 rurgia
658 4609 722 4646 ex
744 4594 1002 4648 omnibus
1027 4607 1168 4661 pene
1195 4592 1458 4645 membris
1481 4592 1836 4656 scaturiente,
1866 4592 2016 4645 laxa-

453 4691 540 4734 tus
573 4681 650 4732 illi
685 4682 882 4734 itcrnm
937 4681 1186 4750 spiritus,
1243 4689 1506 4734 renovata
1565 4696 1714 4743 caro,
1765 4681 2018 4735 restituta

445 4777 656 4836 tortna,
703 4781 960 4840 totusque
1013 4771 1190 4824 tribus
1237 4772 1472 4850 puluino
1541 4769 1740 4823 diebus
1785 4769 2018 4838 pristino

447 4865 612 4918 statui
649 4864 962 4918 vindicatus
983 4872 1086 4917 est.
1123 4862 1374 4931 Denique
1397 4863 1640 4930 acceptis
1693 4860 1965 4914 mandatis
1989 4875 2020 4912 a

447 4968 658 5022 sancto,
681 4973 749 5012 ne
779 4955 966 5010 divina
997 4955 1264 5024 deinceps
1289 4963 1680 5023 aspernaretur
1723 4959 2020 5022 prtecepta,

447 5049 875 5118 autproximum
908 5047 1178 5101 conviciis
1204 5053 1488 5109 oneraret,
1533 5045 1745 5113 integre
1797 5053 2022 5098 sanatus

447 5139 670 5194 domum
704 5139 940 5208 repetiit.

2123 4489 2504 4557 ἀθλιώτερος;
2561 4488 2798 4555 Αἵματος
2853 4487 3032 4540 τοίνυν
3095 4488 3153 4554 ἐξ
3221 4487 3387 4541 αὐτοῦ
3447 4489 3704 4562 audin-sp

2125 4580 2340 4650 ἀθεάτῳ
2386 4580 2492 4630 τινὶ
2543 4577 2862 4648 χειρουργίᾳ
2898 4617 2914 4639 ,
2949 4575 3038 4630 διὰ
3075 4579 3292 4632 πάντων
3341 4579 3538 4648 μικροῦ
3592 4582 3705 4635 τῶν

2134 4673 2310 4746 μελῶν
2365 4672 2560 4741 ἀθρόον
2610 4670 3026 4735 ἐκκενωθέντος,
3061 4673 3158 4740 τήν
3187 4687 3244 4723 τε
3285 4671 3452 4740 πνοὴν
3495 4673 3704 4735 ἀνεῖτο,

2125 4769 2219 4820 καὶ
2251 4766 2346 4836 τὴν
2395 4767 2571 4834 σάρκα
2619 4764 3087 4815 κεκαίνιστοοκαὶ
3135 4764 3168 4831 ἡ
3219 4763 3398 4831 μορφὴ
3453 4763 3510 4812 ἐν
3555 4767 3708 4830 τρισὶ

2126 4863 2243 4922 ταῖς
2271 4859 2470 4920 πάσαις
2521 4854 2756 4926 ἡμέραις
2801 4856 2878 4916 είς
2928 4855 3026 4922 τὴν
3071 4855 3340 4923 προτέραν
3397 4853 3704 4907 ἁποκαθει-

2125 4945 2308 5014 στήκει
2351 4943 2491 5011 ὄψιν.
2544 4943 2604 4994 'U
2633 4942 2728 5010 μὲν
2757 4935 2849 4993 οὖν
2873 4941 3092 5004 ἐντολὰς
3131 4943 3280 5009 παρὰ
3330 4940 3422 4992 τοῦ
3471 4943 3708 5010 Συμεὼν

2121 5033 2319 5098 λαϐὼν,
2345 5032 2570 5085 ἐντολῶν
2606 5031 2990 5102 μηκέτι“θείων
3023 5030 3306 5100 ὀλιγωρεῖν
3343 5069 3358 5092 ,
3391 5031 3530 5100 μηδέ
3559 5033 3706 5084 ὀνει-

2119 5123 2310 5192 δισμὸν
2367 5121 2664 5190 λαμϐάνειν
2722 5122 2813 5172 ἐπὶ
2853 5122 2966 5182 τοῖς
3028 5117 3264 5189 ἔγγιστα
3313 5119 3506 5188 αὐτοῦ,
3541 5121 3706 5194 ὑγιὴς

2117 5213 2262 5271 τέλος
2283 5213 2462 5266 οἴκαδε
2499 5213 2742 5284 ἐπανῄει.

1517 5417 1528 5420 _
1859 5336 2080 5393 CAPUT
2119 5334 2333 5390 xxvn.

1113 5435 1328 5489 Occulta
1376 5442 1590 5506 peccata
1641 5434 1868 5502 cognita.
1913 5430 2156 5486 Aliorum
2200 5429 2696 5490 contumeliosarum
2733 5427 3034 5496 castigatio.

515 5547 640 5600 ‘Jlti.
683 5543 1004 5599 Theodorus
1031 5543 1250 5612 quidam
1288 5543 1633 5607 scriniarius,
1661 5541 1886 5596 natione
1911 5541 2022 5594 An-

2199 5543 2330 5602 atg'.
2351 5537 2624 5608 Θεόδωρος
2648 5536 2704 5588 δέ
2735 5552 2816 5598 τις
2841 5535 3192 5605 σκρινιάριος,
3217 5534 3276 5586 τὸ
3299 5533 3458 5603 γένος
3499 5533 3707 5588 Ἀντιο-

519 5683 629 5754 (57)
658 5683 817 5749 Sura,
841 5680 1011 5750 Syr-iw
1031 5681 1408 5752 Euphratesiw
1451 5683 1635 5736 civitas
1671 5677 1998 5750 episcopalis,
2027 5677 2091 5732 ab
2122 5677 2399 5732 Antiochia
2433 5683 2632 5730 remota
2656 5673 2760 5729 250
2787 5689 2839 5744 p.
2877 5687 2948 5728 ru.
2991 5681 3084 5730 aut
3112 5671 3362 5746 amplius.
