4038 6208
353 251 497 323 3285

1347 241 1518 319 vim
1558 259 1603 316 Α
1642 241 2078 319 NICEPHORO
2114 245 2589 319 couscntprti.

3469 251 3606 315 3196

354 362 480 434 χεὺς
509 358 688 430 λέπρᾳ
718 357 779 411 τὸ
817 358 924 411 πᾶν
950 356 1239 428 ἐξηνθήκει
1285 359 1465 430 σῶμα.
1502 351 1672 424 Οὗτος
1715 361 1929 429 ἁπάσης

2038 359 2328 416 tiochenus
2367 358 2502 429 (58),
2536 359 2690 427 lepra
2719 355 2966 412 scatebat
2996 366 3374 426 toto'corpore
3405 376 3418 410 :
3452 374 3607 411 cum-

354 450 624 520 ἀπογνοὺς
666 449 986 521 θεραπείας,
1015 445 1104 502 οἶα
1138 448 1234 502 καὶ
1268 449 1450 519 πάσης
1495 449 1666 519 αὐτῆς
1701 450 1838 521 πρὸς
1869 449 1929 503 τὸ

354 543 525 608 πάθος
554 541 948 613 ἀπειρηκυίας,
977 541 1072 594 καὶ
1115 538 1359 611 μείζονος
1393 539 1592 611 ίατρῶν
1621 540 1716 594 καὶ
1747 539 1930 613 χειρὸς

352 633 448 691 καὶ
471 636 667 706 τέχνης
690 633 882 688 τούτου
916 633 1306 702 γεγενημένου,
1337 633 1488 703 παρὰ
1515 631 1606 685 τὸν
1647 631 1792 686 θεῖον
1829 632 1930 685 Συ-

356 727 504 799 μεὼν
554 725 910 795 καταφεύγει.
951 723 1041 788 Ὠς
1088 724 1156 778 ἂν
1197 724 1256 778 δὲ
1304 725 1439 796 πρὸς
1480 724 1700 778 πλείονα
1743 724 1930 779 τοῦτον

351 817 710 887 ἐπαγάγηται
749 809 949 878 οἶκτον,
994 813 1136 882 ἔγνω
1167 812 1408 866 τοιοῦτον
1452 812 1661 884 ἔνδυμα
1709 812 1929 883 περιθέ-

354 908 504 973 σθαι,
533 907 608 970 ὡς
644 906 882 978 εὐχερῶς
927 905 1070 975 ἔχειν
1111 904 1386 969 ὑποδεῖξαι
1424 905 1786 974 γυμνῶσαντα
1829 903 1929 974 τὴν

353 999 562 1072 λέπραν
586 999 799 1068 ἐκείνῳ.
833 997 1230 1068 Αίσχυνόμενος
1255 997 1436 1051 τοίνυν
1468 997 1561 1050 ἐπὶ
1593 995 1702 1048 τῶν
1728 995 1930 1068 παρόν-

350 1107 464 1146 των
499 1089 805 1169 ἐκκαλύψαι
864 1089 963 1159 τὴν
1011 1088 1210 1160 σάρκα,
1243 1088 1436 1158 καιρὸν
1473 1083 1541 1158 ἦν
1569 1089 1768 1140 οἰκεῖον
1811 1089 1930 1140 ἐπι-

353 1184 656 1256 φυλάττων.
693 1184 872 1253 Ὅπερ
900 1181 1057 1253 δῆλον
1087 1185 1199 1246 τοῖς
1237 1182 1332 1235 τοῦ
1375 1182 1684 1252 πνεύματος
1723 1183 1928 1253 ὀφθαλ-

335 1281 475 1348 ’μοῖς
523 1277 602 1347 τῷ
652 1275 878 1346 Συμεὼν
931 1275 1153 1343 γεγονός
1179 1292 1192 1305 ο
1247 1275 1405 1340 Εἰπὲ,
1446 1276 1655 1341 τέκνον,
1701 1277 1930 1330 ἐπὶτῶν

352 1371 655 1441 παρόντων,
691 1371 826 1440 φησὶ
854 1369 988 1440 πρὸς
1013 1369 1196 1434 αὐτὸν,
1225 1362 1347 1424 ὅτου
1369 1370 1530 1440 χάριν
1557 1369 1821 1441 ἐλήλυθας
1850 1373 1932 1434 είς

352 1463 520 1534 ἡμᾶς.
553 1462 613 1514 '0
657 1461 713 1514 δὲ
761 1460 1134 1529 καταπλαγεὶς
1177 1461 1255 1531 τῷ
1300 1461 1589 1532 παραδόξῳ
1617 1462 1718 1531 τῆς
1745 1462 1929 1526 διορά-

355 1570 492 1616 σεως
512 1565 531 1585 ⁶
559 1553 705 1614 ὅπως
737 1551 766 1603 ὃ
808 1551 1067 1621 κρύπτων
1093 1547 1162 1621 ἦν
1189 1553 1269 1615 είς
1295 1553 1524 1622 καρδίαν
1565 1547 1739 1616 οὗτος,
1776 1552 1930 1606 τοῦτο

352 1643 483 1714 παρ’
528 1643 692 1696 αὐτοῦ
735 1643 983 1710 ἀκηκόει,
1014 1643 1195 1696 πᾶσαν
1236 1643 1399 1707 εὐθὺς
1428 1643 1561 1698 αἰόὼ
1597 1645 1925 1717 ἀπορρίψας,

2032 468 2138 523 que
2159 453 2478 522 desperaret
2507 449 2846 505 curationem
2880 462 3121 514 omnem,
3153 447 3310 516 quasi
3339 445 3610 502 defessam

2027 545 2366 614 fractamque
2402 541 2711 613 pertinacia
2728 541 2880 602 mali,
2907 540 3246 596 medicorum
3283 538 3611 595 industriam

2028 643 2087 690 et
2129 649 2388 690 manuum
2440 631 2847 688 auxiliatricum
2897 632 3140 702 artisque
3187 631 3444 702 peritiam
3489 630 3614 686 illu-

2029 726 2234 792 dentis,
2265 726 2332 781 ad
2386 735 2636 782 sanctum
2668 724 2997 796 Symeonem
3044 740 3101 779 se
3135 723 3333 794 recipit
3369 743 3382 778 :
3415 723 3503 779 cui
3554 733 3614 777 ut

2031 820 2293 888 majorem
2330 819 2870 874 commiserationem
2894 825 3160 880 moveret,
3198 817 3486 870 constituit
3520 817 3611 871 tali
3643 881 3655 893 ἰ

2030 909 2358 964 vestimento
2383 924 2442 964 se
2471 908 2714 977 operire,
2743 907 2889 977 quod
2917 906 3076 961 facile
3116 906 3355 960 solutum
3384 947 3398 968 ,
3425 918 3621 960 sancto

2030 1000 2240 1070 lepram
2291 983 2736 1069 conspiciendam
2778 998 2955 1052 daret.
2999 997 3201 1051 Verum
3257 997 3616 1066 pudibundus

2031 1107 2214 1147 coram
2235 1091 2356 1146 aliis
2379 1089 2662 1145 denudare
2684 1105 2930 1153 carnem,
2958 1097 3175 1157 tempus
3196 1087 3614 1156 praestolabatur

2031 1183 2204 1253 magis
2252 1191 2647 1252 opportunum.
2703 1181 2818 1235 Hoc
2861 1180 2956 1233 ubi
3013 1179 3395 1248 spiritualibus
3441 1180 3638 1234 oculis;

2031 1273 2322 1343 perspicue
2353 1272 2663 1343 penetravit
2693 1270 2953 1343 Symeon,
2983 1271 3060 1325 ait
3091 1272 3167 1326 illi
3205 1290 3216 1326 :
3250 1272 3367 1337 Dic,
3405 1272 3476 1326 fili
3517 1276 3608 1334 mi,

2033 1380 2218 1420 coram
2261 1365 2412 1419 hisce
2442 1363 2827 1434 praesentibus,
2865 1363 3222 1432 quamobrem
3258 1365 3367 1419 huc
3392 1367 3612 1420 veneris

2033 1457 2099 1513 ad
2125 1473 2245 1513 nos.
2284 1458 2589 1514 Perculsus-
2615 1458 2704 1512 ille
2754 1465 2865 1511 tam
2913 1457 3132 1512 insolita
3164 1460 3606 1529 perspicacitate,

2033 1547 2310 1618 quomodo
2352 1547 2502 1616 quod
2551 1547 2668 1616 ipse
2701 1546 3070 1601 absconderat
3123 1548 3176 1602 in
3234 1544 3421 1612 corde,
3477 1551 3608 1604 illud

2035 1638 2211 1708 ipsum
2230 1653 2412 1692 ex-ore
2437 1635 2724 1708 S‘ymeonis
2746 1636 2965 1690 audiret
2988 1654 3003 1703 ;
3031 1638 3178 1691 omni
3198 1639 3381 1692 statim
3404 1640 3613 1709 abjecta

351 1711 646 1806 γυμνώσας
678 1736 868 1788 ἑαυτὸν
892 1735 1180 1789 ὑπεδείκνυ
1207 1753 1220 1766 ο
1250 1737 1345 1789 καὶ
1383 1738 1442 1800 ὃς
1480 1738 1579 1808 τὴν
1610 1711 1929 1810 βαῖνηντρά-

2034 1723 2386 1787 verecundia,
2433 1722 2766 1779 denudatam
2808 1725 3033 1781 exhibet
3087 1726 3294 1796 lepram
3332 1745 3344 1780 :
3390 1736 3444 1781 et
3486 1745 3612 1782 san-

350 1824 472 1878 ϐδον
498 1823 700 1887 λαϐὼν,
735 1824 831 1878 καὶ
868 1824 1040 1895 ταύτῃ
1066 1824 1158 1876 τὸν
1196 1824 1366 1895 ἄνδρα
1392 1826 1721 1896 σφραγίσας,
1739 1828 1927 1882 Ἀπελ-

352 1915 460 1969 θὼν
491 1917 640 1986 παρὰ
667 1915 726 1968 τὸ
750 1914 1030 1986 Τιϐερίνου
1063 1915 1362 1984 βαλανεῖον,
1401 1914 1612 1983 λοῦσαι,
1645 1917 1770 1986 ἔφη,
1807 1935 1932 1972 συν-

355 2006 647 2060 απολούσει
683 2006 792 2076 γὰρ
822 2007 939 2059 ἐκεῖ
969 2005 1063 2059 καὶ
1094 2007 1193 2074 τὴν
1222 2006 1449 2076 λέπραν.
1487 2000 1673 2079 Οὗπερ
1702 2009 1776 2073 ὼς
1807 2011 1933 2064 ἐκέ-

358 2097 517 2151 λευσε
545 2097 848 2167 γεγονότος,
877 2096 1036 2168 ὑγιὴς
1056 2097 1287 2162 ἐκεῖθεν,
1317 2095 1362 2150 ὣ
1391 2097 1695 2167 παραδόξου
1723 2098 1930 2169 θαύμαο

353 2192 475 2254 τοςι
503 2193 532 2244 ό
560 2191 757 2260 λεπρὸς
786 2192 1076 2262 ἐπανήκει.

424 2281 549 2344 σις’.
572 2281 798 2353 ’Έτερός
821 2299 906 2344 τις
935 2283 994 2346 ἐξ
1033 2283 1377 2353 Ἀντιοχείας·
1397 2285 1490 2339 καὶ
1516 2283 1622 2338 τῶν
1652 2285 1930 2354 ἐπιφανῶν

355 2371 692 2443 παραϐάλλει
724 2371 801 2442 τῷ
835 2373 1031 2444 στύλῳ,
1075 2373 1200 2444 ἄρτι
1261 2376 1370 2430 τῶν
1424 2376 1781 2448 μνημοσύνων
1831 2379 1932 2450 τῆς

352 2467 503 2536 ἱερᾶς
529 2464 624 2519 τοῦ
671 2465 815 2519 ὁσίου
859 2466 1066 2538 μητρὸς
1101 2467 1261 2538 ίερῶς
1282 2469 1582 2540 ἀγομένων.
1626 2471 1682 2524 '0
1714 2471 1812 2540 μὲν
1837 2467 1931 2525 οὖν

351 2560 542 2629 καιρὸς
566 2559 599 2629 ἡ
631 2557 751 2613 θεία
789 2559 1148 2628 μυσταγωγία
1173 2556 1262 2630 ἦν,
1291 2556 1358 2632 ἦς
1397 2563 1698 2634 αὐτουργὸς
1726 2565 1930 2628 ἐκεῖνος

353 2644 648 2716 ἐτύγχανεν
678 2644 774 2700 ὥν.
822 2645 980 2699 Ὅδὲ
1009 2647 1256 2703 σπεύδων
1304 2650 1514 2705 ἐκεῖθεν
1549 2653 1926 2723 ἀναχωρῆσαι,

350 2734 491 2800 άξιοί
516 2735 625 2788 τῶν
662 2735 921 2804 μαθητῶν
950 2735 1066 2801 Eva,
1097 2730 1206 2806 ᾦγε
1236 2738 1466 2810 σύνηθες
1489 2742 1825 2811 εἰσ-κομίζειν
1853 2743 1931 2814 τῷ

350 2825 490 2896 ἁγίῳ
517 2828 618 2889 τὰς
653 2826 1190 2896 ἀγγελίας,ταχινὴν
1219 2829 1369 2898 αὑτῷ
1404 2831 1656 2898 γενέσθαι
1686 2832 1784 2902 τὴν
1821 2833 1931 2888 τῶν

353 2915 670 2988 μυστηρίων
724 2917 1054 2988 μετάληψιν·
1114 2918 1174 2982 ὃς
1211 2919 1378 2972 αὑτοῦ
1430 2922 1528 2985 τὰς
1571 2923 1824 2990 ἀξιώσεις
1867 2925 1928 2978 ού

351 3007 616 3078 παριδὼν,
649 3008 847 3078 ἀνάγει
887 3012 1024 3080 μετὰ
1068 3009 1169 3082 τὴν
1207 3014 1490 3066 κοινωνίαν
1527 3014 1636 3068 τῶν
1675 3014 1930 3086 μαθητῶν

354 3099 457 3170 πρὸ
481 3098 577 3153 τοῦ
609 3097 769 3170 όχλου
796 3101 985 3156 τοῦτον
1025 3104 1119 3156 ἐπὶ
1143 3105 1234 3158 τὸν
1263 3105 1474 3160 στύλον.
1510 3106 1695 3175 Ἀφεὶς
1719 3108 1776 3162 δὲ
1809 3109 1931 3162 τοῦ-

351 3201 444 3241 τον
474 3189 502 3242 ό
535 3187 679 3258 ίερὸς
707 3187 955 3259 Συμεὼν,
990 3192 1264 3262 μετεδίδου
1299 3193 1498 3264 μᾶλλον
1531 3197 1646 3259 τοῖς
1677 3196 1799 3266 μετ’
1831 3199 1929 3251 αύ-

349 3279 444 3336 τδν
479 3283 712 3338 ἀνιοῦσι.
749 3285 858 3338 Καὶ
887 3286 917 3338 ό
961 3289 1083 3354 μὲν,
1119 3287 1283 3342 αὐτὸν
1312 3289 1403 3342 καὶ
1439 3289 1596 3352 αὖθις
1631 3293 1928 3362 προσῆγεν,

351 3375 381 3427 ὁ
411 3374 467 3428 δὲ
505 3375 574 3428 τὰ
605 3376 962 3446 παραπλήσια
992 3376 1122 3445 ἕδρα
1143 3395 1158 3410 ο
1192 3379 1267 3442 ὡς
1293 3379 1348 3432 δὲ
1375 3381 1509 3434 πολὺ
1541 3381 1703 3436 τοῦτο
1737 3379 1805 3455 ἦν
1839 3385 1932 3438 καὶ

354 3463 516 3536 μέχρι
565 3464 781 3531 πολλοῦ,
838 3465 1158 3536 Ἥσύχασον,
1215 3467 1432 3536 ἀδελφὲ,
1495 3471 1663 3539 φησὶν
1708 3473 1736 3524 ό
1790 3471 1931 3538 θεῖος

350 3557 514 3625 ἀνήρ’
559 3555 667 3625 ἔχω
709 3556 818 3628 γὰρ
853 3557 1000 3628 αὐτῷ
1030 3576 1082 3611 τι
1114 3558 1480 3630 διαλεχθῆναι.
1511 3562 1667 3616 Μετὰ
1698 3561 1829 3631 γοῦν
1870 3564 1932 3617 τὸ

351 3646 448 3719 τὴν
479 3648 630 3701 θείαν
662 3646 1006 3719 λειτουργίαν
1032 3648 1469 3720 συντελεσθῆναι,
1501 3653 1932 3723 παραστησάμε-

353 3755 440 3802 νος
477 3740 568 3791 τὸν
592 3739 761 3807 ἄνδρα
808 3742 837 3792 ὁ
880 3740 1104 3809 Συμεών
1126 3757 1144 3774 ο
1179 3741 1501 3812 ’Υποκριτὰ,
1541 3742 1667 3813 ἔφη,
1701 3746 1794 3797 καὶ
1831 3746 1931 3816 τῆς

352 3829 446 3883 τοῦ
489 3829 627 3883 Θεοῦ
661 3831 877 3902 μερίδος
910 3832 1357 3902 μεμακρυσμένε,
1390 3833 1506 3897 πῶς
1538 3834 1771 3889 ἐνταῦθα
1807 3837 1932 3908 ὲληο

351 3920 534 3985 λύθεις
554 3923 736 3990 λήσειν
767 3923 1011 3993 οἰόμενος
1038 3925 1128 3977 τὸν
1155 3923 1438 3979 πλάσαντα
1467 3927 1608 3979 κατὰ
1642 3927 1808 3996 μόνας
1833 3929 1932 3992 τὰς

353 4015 580 4085 καρδίας
601 4014 778 4085 ἡμῶν,
807 4015 897 4068 τὸν
926 4015 1173 4068 συνιέντα
1199 4018 1281 4078 είς
1307 4016 1482 4070 πάντα
1502 4017 1572 4070 τὰ
1589 4016 1725 4089 ἔργα
1753 4019 1930 4089 ἡμῶν,

351 4107 444 4160 τὸν
475 4109 750 4176 στήσαντα
775 4108 841 4160 τὰ
868 4108 968 4178 δρη
1006 4107 1254 4178 σταθμῷ,
1287 4107 1384 4160 καὶ
1416 4108 1514 4171 τὰς
1539 4109 1716 4172 νάπας
1747 4107 1931 4179 ζυγῷἱ

351 4187 496 4261 τίνος
543 4199 600 4252 δὲ
653 4200 750 4252 καὶ
792 4199 1118 4269 κοινωνῆσαι
1164 4198 1273 4252 τῶν
1299 4199 1584 4270 ἀχράντων
1617 4203 1933 4272 μυστηρίων

354 4290 587 4364 iusim;
627 4291 728 4343 οὐκ
772 4291 982 4344 ἐκείνου
1031 4292 1270 4355 πάντως,
1298 4286 1359 4346 οὗ
1403 4292 1592 4364 πόρῤω
1624 4309 1704 4346 σοι
1738 4294 1932 4365 ἀπέχει

2034 1823 2156 1870 ctus
2181 1814 2391 1883 palmea
2417 1829 2515 1869 sua
2543 1814 2716 1886 virga,
2751 1815 3024 1886 signatura
3073 1817 3355 1872 hominem
3400 1819 3464 1872 ad
3500 1819 3613 1873 bal-

2032 1920 2198 1960 neum
2233 1904 2476 1961 Tiberini
2508 1907 2751 1962 lavatum
2773 1909 2986 1980 ablegat
3019 1927 3033 1963 :
3067 1909 3297 1974 Lavare,
3335 1911 3612 1981 inquiens.

2032 2000 2196 2056 simul
2224 2010 2281 2058 et
2309 2002 2563 2057 abluetur
2601 2003 2772 2072 lepra.
2818 2004 2886 2058 Et
2919 2016 3212 2061 exsecutus
3238 2005 3489 2061 mandata
3532 2007 3616 2063 le-

2032 2107 2249 2164 prosos,
2290 2103 2615 2163 persanatus
2663 2093 2789 2149 inde
2833 2095 3019 2161 rediit,
3062 2111 3094 2151 ο
3130 2096 3439 2168 prodigium
3489 2099 3614 2174 inuv-

2033 2182 2256 2236 sitatum
2281 2184 2297 2237 ί

2101 2275 2226 2329 217.
2267 2274 2421 2330 Alius
2454 2276 2678 2346 quidam
2729 2277 3108 2332 Antiochenus
3157 2279 3323 2332 etiam
3371 2296 3438 2333 ex
3488 2279 3614 2332 illu-

2031 2367 2328 2422 strioribus
2357 2367 2590 2422 tetendit
2609 2367 2678 2421 ad
2701 2367 3036 2432 columnam,
3061 2367 3192 2422 dum
3228 2369 3408 2423 adhuc
3427 2384 3616 2440 agere-

2033 2467 2123 2514 tur
2144 2475 2297 2514 sacra
2327 2459 2592 2514 memoria
2614 2469 2816 2514 sanctae
2847 2460 3021 2530 ipsius
3055 2461 3228 2515 sancti
3261 2461 3449 2515 matris
3474 2461 3608 2531 (59).

2031 2549 2163 2604 Erat
2195 2549 2362 2620 igitur
2384 2559 2601 2619 tempus
2632 2564 2801 2604 sacrae
2827 2551 3083 2622 liturgise,
3115 2551 3204 2606 cui
3238 2552 3353 2621 ipse
3377 2550 3614 2622 Symeon

2031 2640 2384 2710 cperabatur.
2425 2640 2563 2696 Cum
2598 2648 2782 2696 autem
2816 2642 2980 2696 homo
3014 2641 3104 2697 ille
3153 2642 3440 2697 festinaret
3489 2643 3615 2696 inde

2032 2732 2248 2804 regredi
2275 2733 2344 2787 ad
2388 2748 2467 2798 se,
2507 2743 2661 2802 rogat
2688 2735 3003 2803 quempiam
3036 2734 3458 2805 discipulorum.
3494 2749 3616 2803 qua:

2032 2823 2407 2878 aiferebantur
2427 2830 2618 2876 sancto
2646 2823 2964 2877 renuntiare
2989 2824 3232 2888 solitum,
3258 2831 3318 2877 ut
3340 2824 3487 2878 celer
3509 2823 3613 2877 sibi

2033 2910 2101 2964 ad
2130 2925 2284 2964 sacra
2313 2910 2570 2980 mysteria
2603 2910 2786 2964 aditus
2821 2909 2931 2966 fiat.
2971 2911 3074 2978 Qui
3103 2911 3290 2967 habita
3334 2912 3617 2984 dignitatis

2033 3003 2154 3073 ejus
2183 3003 2456 3073 praecipue
2485 3002 2719 3066 ratione,
2741 3001 2965 3058 adducit
2991 3003 3293 3068 hominem,
3326 3014 3614 3074 postquam

2038 3094 2510 3150 communicarant
2543 3090 2817 3164 disCipuli,
2847 3104 2972 3150 ante
3000 3095 3266 3166 reliquam
3299 3095 3514 3150 turbam
3549 3099 3615 3150 ad

2037 3186 2398 3241 columnam:
2456 3187 2552 3241 sed
2594 3171 2845 3257 rejicitur
2896 3203 2925 3241 a
2982 3196 3192 3252 sancto,
3252 3186 3616 3242 distribuente

2038 3277 2160 3332 aliis
2186 3286 2310 3347 post
2341 3279 2489 3333 hunc
2515 3278 2887 3335 venientibus.
2916 3279 3230 3350 Discipulus
3253 3295 3384 3335 vero
3416 3280 3616 3334 iterum

2037 3367 2294 3436 adducit;
2330 3369 2424 3424 sed
2465 3371 2656 3440 rejecit
2681 3386 2830 3434 eum,
2861 3379 2922 3424 ut
2957 3387 3144 3441 supra,
3182 3367 3422 3426 sanctus.
3448 3370 3616 3426 Cum-

2037 3476 2145 3530 que
2174 3461 2228 3515 id
2259 3461 2490 3514 multum
2538 3471 2595 3516 et
2639 3461 2734 3516 diu
2773 3462 2846 3516 ita
2890 3462 3065 3526 fieret,
3114 3463 3330 3517 tandem
3355 3465 3440 3517 vir
3469 3463 3569 3519 Dei
3602 3483 3612 3516 ε

2038 3551 2363 3621 Aequiesce,
2399 3551 2473 3604 mi
2518 3551 2709 3616 frater,
2758 3551 2973 3621 inquit;
3017 3563 3100 3607 est
3150 3553 3297 3608 enim
3347 3553 3493 3623 quod
3541 3553 3614 3607 illi

2038 3643 2224 3698 velim.
2279 3643 2506 3698 Peracta
2553 3643 2793 3712 denique
2836 3659 2993 3698 sacra
3038 3644 3280 3716 liturgia.
3327 3659 3618 3699 accersens

2039 3739 2240 3801 virum,
2279 3738 2356 3791 ait
2381 3737 2458 3791 illi
2490 3745 2714 3792 sanctus
2748 3757 2761 3791 :
2790 3735 3109 3809 llypocrita,
3145 3738 3380 3792 alienate
3412 3752 3441 3791 a
3483 3738 3614 3797 Deo,

2039 3827 2318 3898 quomodo
2353 3828 2461 3883 huc
2503 3829 2728 3892 venisti,
2773 3830 3099 3884 existimans
3135 3829 3306 3884 latere
3357 3838 3408 3884 te
3457 3845 3616 3898 posse

2040 3920 2216 3985 illum,
2247 3920 2341 3991 qui
2373 3919 2584 3974 ellinxit
2621 3919 2789 3975 corda
2830 3931 3038 3985 nostra,
3072 3922 3164 3992 qui
3192 3923 3470 3993 cognoscit
3501 3938 3616 3977 om-

2039 4011 2131 4066 nia
2165 4027 2338 4082 opera
2356 4021 2574 4077 nostra,
2603 4012 2698 4082 qui
2735 4014 2928 4068 statuit
2961 4023 3179 4068 montes
3203 4014 3258 4068 in
3289 4014 3531 4084 pondere
3561 4024 3618 4068 et

2041 4109 2295 4178 rupesin
2336 4109 2573 4163 statera?
2605 4107 2778 4179 Cujus
2802 4119 2987 4163 autem
3023 4108 3392 4164 immaculatis
3415 4119 3618 4181 myste-

2042 4203 2141 4257 riis
2161 4202 2672 4259 communicaturus
2693 4203 2804 4257 huc
2827 4202 3128 4272 properas?
3147 4217 3256 4256 non
3280 4202 3429 4256 illius
3447 4211 3615 4262 certe.

2041 4309 2072 4350 a
2105 4309 2215 4364 quo
2252 4293 2442 4363 procul
2485 4294 2641 4350 abest
2687 4309 2784 4349 cor
2824 4303 3000 4358 tuum,
3035 4293 3248 4348 tametsi
3290 4309 3386 4348 ore
3417 4309 3619 4364 appro-

354 4382 449 4436 ἀπ’
487 4383 650 4437 αὑτοῦ
685 4386 718 4454 ἡ
753 4385 968 4454 καρδία,
994 4387 1042 4438 εἰ
1070 4385 1164 4437 καὶ
1192 4383 1272 4452 τῷ
1299 4385 1525 4453 στόματί
1564 4402 1657 4439 σου
1694 4387 1929 4456 ἐγγίζεις

2041 4386 2294 4457 pinques.
2352 4393 2411 4439 et
2467 4385 2628 4440 labiis
2673 4384 2914 4440 honores
2968 4386 3169 4455 ipsum.
3214 4385 3416 4441 Verum
3467 4385 3512 4440 si
3561 4401 3618 4440 re

353 4474 523 4544 αὐτῷ,
556 4476 650 4528 καὶ
687 4479 743 4530 ἐν
773 4479 884 4538 τοῖς
915 4474 1117 4544 χείλεσι
1150 4491 1243 4528 σου
1272 4475 1440 4546 τιμᾷς
1468 4475 1652 4531 αὐτόν.
1689 4476 1830 4530 Ἀλλ’
1853 4477 1929 4530 εί-

355 4581 462 4634 περ
524 4567 672 4638 ἔργῳ
719 4567 820 4638 τὴν
877 4565 1042 4620 αὐτοῦ
1099 4567 1418 4620 δυναστείαν
1487 4567 1658 4639 βούλῃ
1717 4568 1929 4639 μαθεῖν,

357 4657 468 4711 ίδού
503 4675 586 4723 σε,
621 4658 841 4713 πάντων
889 4656 1159 4729 ὁρώντων,
1215 4657 1425 4728 δαίμων
1469 4656 1706 4728 χαλεπὸς
1749 4676 1930 4730 παρα-

354 4748 602 4819 λήψεται,
655 4751 759 4803 κάν
821 4748 899 4819 τῷ
956 4747 1080 4818 ἀέρι
1151 4749 1302 4820 μέσῳ
1368 4749 1636 4819 κρεμάσει
1699 4765 1782 4814 σε,
1827 4748 1932 4813 ἓως

354 4841 451 4905 τὰς
497 4841 742 4913 πονηράς
787 4857 880 4895 σου
914 4841 1009 4895 καὶ
1050 4839 1270 4911 μιαρὰς,
1287 4838 1516 4911 πράξεις
1548 4838 1930 4910 ἐξαγορεύσεις

356 4932 447 4986 καὶ
471 4931 640 4987 ἄκων.

425 5110 538 5181 (58)
569 5110 942 5175 Scriniarius,
973 5113 1154 5165 scrinii
1188 5129 1279 5165 seu
1323 5113 1578 5166 tabularii
1619 5111 1810 5181 publici
1835 5128 1927 5164 cu-

353 5192 459 5236 stos
487 5183 667 5236 eodem
702 5183 810 5251 fere
842 5183 994 5236 modo
1025 5182 1297 5235 dicebatur
1341 5183 1468 5236 olim
1525 5182 1750 5246 Latinis,
1792 5181 1934 5234 unde

353 5253 878 5322 acceperunl'Grazci,
899 5269 1003 5323 quo
1032 5269 1168 5305 nunc
1197 5252 1541 5322 appellantur
1582 5251 1929 5316 Cancellarii,

351 5334 398 5374 et
429 5323 799 5402 qui_amnibtts
824 5333 1051 5394 praeerat
1094 5323 1588 5377 Protnscriniarius
1622 5338 1685 5374 ac
1725 5323 1929 5376 Primi-

350 5407 608 5447 SCI'IIIIUS.

424 5463 534 5533 (F39)
564 5463 778 5518 Videtur
833 5463 1125 5532 signiﬁcari
1187 5472 1389 5531 tempus
1454 5462 1608 5526 illud,
1663 5467 1926 5533 qnoposl

350 5532 681 5604 sepulturam
732 5537 1061 5590 curabuntur
1104 5535 1346 5604 funebria
1398 5535 1585 5601 ofﬁcia,
1629 5532 1696 5586 ad
1743 5532 1923 5602 plures

252 5638 256 5642 -
354 5602 484 5654 dies.
533 5602 781 5666 Quam-eis
811 5607 950 5659 enim
976 5606 1034 5660 B.
1073 5602 1279 5659 Martha
1305 5605 1486 5658 abierit
1533 5621 1674 5658 anno
1698 5604 1823 5661 55%.
1848 5604 1924 5653 uti

353 5670 499 5732 infra
562 5675 631 5728 ad
679 5676 790 5744 ejus
837 5677 1000 5730 vitam
1063 5676 1254 5729 dicitur
1314 5686 1358 5729 et
1403 5677 1452 5728 in
1501 5674 1920 5744 prrrrcdeutibus

2039 4480 2154 4551 ipsa
2205 4480 2506 4550 potentiam
2555 4480 2704 4535 illius
2753 4481 2837 4534 vis
2858 4480 3175 4547 addiscere;
3221 4496 3352 4536 ecce
3406 4481 3621 4536 cunctis

2037 4571 2434 4642 spectantibus,
2493 4572 2768 4641 malignus
2820 4571 3048 4641 spiritus
3104 4579 3159 4626 te
3216 4571 3614 4642 apprehendat,

2039 4671 2094 4717 et
2155 4662 2335 4718 medio
2380 4663 2436 4718 in
2487 4678 2615 4718 aere
2672 4663 3004 4733 suspendet,
3063 4678 3237 4733 usque
3312 4664 3444 4719 dum
3489 4679 3618 4734 per-

2040 4767 2198 4808 versa
2255 4754 2599 4822 scelestaque
2646 4767 2827 4822 opera.
2866 4759 2957 4806 tua
3019 4752 3336 4808 conﬁtearis
3390 4751 3474 4808 vel
3532 4754 3621 4808 inw

2037 4845 2224 4900 vitam.

2039 5109 2302 5179 plerisque
2346 5106 2594 5176 capitulis
2653 5107 2894 5161 ordinem
2952 5109 3062 5179 [ere
3089 5109 3338 5177 temporis
3379 5118 3627 5179 secutum-

2038 5176 2309 5232 auctorem
2345 5184 2628 5248 appareat,
2655 5187 2870 5248 tumque
2917 5176 3064 5231 ultra
3107 5194 3310 5231 annum
3347 5178 3468 5235 570,
3493 5179 3614 5247 jam

2035 5250 2317 5303 viderimus
2353 5246 2685 5318 progressum
2721 5246 2955 5302 iuNotis
2979 5248 3048 5301 ad
3070 5264 3187 5316 cap.
3221 5249 3309 5308 Ἡ,
3347 5246 3612 5301 nihilomi-

2036 5335 2134 5371 nus
2157 5320 2213 5372 in
2243 5319 2319 5371 his
2343 5318 2714 5386 posterioribus
2735 5318 2942 5371 videtur
2972 5319 3142 5386 potius
3163 5319 3476 5386 speetattisse
3524 5337 3618 5371 ιη’-

2036 5389 2272 5458 gumcnti
2304 5388 2707 5441 similitudinem
2734 5404 2750 5441 :
2777 5397 2823 5441 et
2865 5390 2911 5440 si
2966 5399 3143 5458 tamen
3211 5387 3371 5441 aliter
3401 5389 3626 5457 opinari

2037 5457 2154 5529 quis
2186 5459 2360 5521 malit,
2424 5460 2616 5527 poterit
2679 5459 2773 5511 hoc
2813 5458 2924 5512 loco
2961 5457 3258 5526 intelligere
3305 5460 3620 5529 memoriam.

2035 5528 2686 5601 anniversariam,festive
2737 5545 2828 5601 per
2877 5531 2985 5582 dies
3045 5529 3269 5601 forsitan
3328 5528 3631 5601 pluresngi

2032 5597 2265 5664 solitam,
2309 5598 2372 5651 de
2398 5616 2501 5669 qua
2534 5600 2586 5652 in
2620 5600 2732 5662 eius
2767 5599 2904 5665 Vita,
2929 5615 3074 5653 nunc.
3115 5599 3205 5654 7|.
