4038 6208
397 199 536 265 3187

1601 203 1664 263 S.
1708 202 2088 263 SYMEONIS
2124 201 2489 263 JUNIORIS

3517 199 3665 266 3188

464 313 590 368 2l8.
633 313 728 367 llis
764 311 990 376 auditis,
1047 313 1245 368 timore
1288 313 1470 367 cordis
1506 327 1830 378 concussus,
1879 313 1970 368 ille

2144 322 2287 384 am'.
2331 316 2476 385 Πρὸς
2505 314 2680 369 ταῦτα
2719 315 2828 370 δέει
2870 315 2972 388 τὴν
3010 315 3238 387 καρδίαν
3259 316 3661 382 κατασεισθεὶς,

395 412 451 458 et
478 403 736 457 manibus
763 402 1028 456 ambabus
1059 402 1266 456 ferrum
1300 417 1410 472 quo
1449 402 1704 456 columna
1731 401 1974 456 ambitur

396 494 936 566 stringens:Parce,
984 495 1183 550 clamat
1241 503 1524 549 stentorea
1577 508 1734 560 voce,
1789 508 1974 564 parce,

397 584 598 640 famule
632 586 727 640 Dei
754 586 1004 641 altissimi
1033 595 1118 640 :et
1148 594 1346 641 cuncta
1379 602 1499 656 qua:
1523 585 1626 640 feci
1655 585 1977 649 enuntiabo,

400 675 538 730 nihil
596 677 856 732 omittens
884 677 970 731 vel
1022 677 1329 731 occultans.
1398 677 1706 746 Statimque
1749 690 1981 731 exorsus

401 777 677 838 gestorum
710 783 934 821 suorum
965 768 1162 822 seriem
1188 768 1544 822 audientibus
1575 768 1794 822 cunctis
1823 783 1984 822 enar-

404 875 547 921 rare,
586 859 756 912 multa
788 859 1087 929 graviaque
1119 859 1325 914 scelera
1358 859 1414 913 in
1450 860 1694 913 medium
1730 858 1981 929 protulit,

402 963 470 1003 eo
499 949 663 1004 etiam
702 950 1001 1020 impietatis
1033 950 1326 1016 adductus,
1368 959 1426 1005 ut
1451 951 1738 1006 daemoniis
1761 949 1976 1005 sacrifi-

403 1055 532 1095 care
578 1057 687 1096 non
739 1041 1044 1096 erubuerit.
1085 1043 1446 1112 Posteaquam
1479 1059 1612 1098 vero
1638 1052 1834 1099 cuncta
1862 1059 1987 1098 cum

403 1129 624 1185 fervore
657 1142 822 1200 atque
845 1141 984 1187 aestu
1017 1132 1188 1186 animi
1242 1134 1528 1190 confessus
1584 1144 1751 1198 esset,
1809 1136 1988 1206 lacry-

403 1221 509 1274 mis
542 1221 746 1276 exlmo
776 1222 943 1277 corde
1005 1225 1526 1294 prorumpentibus,
1594 1227 1754 1296 petiit
1807 1228 1989 1296 paeni-

411 1319 623 1367 tentem
648 1329 708 1368 se
743 1313 915 1383 recipi
950 1322 1004 1367 et
1031 1314 1380 1372 absolutione
1412 1317 1632 1380 donari,
1659 1333 1769 1387 quo
1826 1333 1990 1373 secu-

406 1403 523 1457 rior
549 1403 913 1474 imposterum
945 1404 1200 1460 viveret:
1237 1422 1345 1475 qua
1388 1408 1566 1477 ipsum
1617 1409 1873 1478 prudens
1897 1409 1992 1464 ille

403 1495 708 1550 animarum
739 1496 990 1551 medicus
1013 1496 1301 1563 continuo,
1349 1499 1465 1554 visa
1493 1499 1587 1553 tali
1622 1501 1991 1570 paenitudine,

407 1587 720 1658 impertitus
745 1595 848 1642 est.
893 1588 1030 1642 Tum
1061 1588 1262 1643 docere
1303 1598 1468 1660 atque
1519 1591 1810 1647 instituere
1848 1594 1993 1647 mul-

2078 407 2172 459 καὶ
2193 407 2536 478 ἀμφοτέραις
2561 407 2656 461 τοῦ
2679 408 2895 478 σιδήρου
2925 408 3055 479 περὶ
3074 407 3171 477 τὴν
3194 407 3384 462 στάσιν
3403 409 3662 479 φραγμοῦ

2077 499 2397 570 λαϐόμενος,
2423 500 2608 553 Φείσαί
2655 517 2777 571 μου,
2809 499 2962 552 δοῦλε
2991 497 3088 552 τοῦ
3125 498 3262 552 Θεοῦ
3289 499 3385 552 τοῦ
3413 500 3663 569 ὑψίστου,

2081 593 2288 660 φεῖσαι,
2323 593 2466 662 μέγα
2505 591 2655 654 ἐϐόα,
2695 592 2790 645 καὶ
2825 591 2895 644 τά
2934 591 3056 644 κατ’
3085 591 3322 661 ἐμαυτὸν
3363 592 3667 661 ἀπαραλεί-

2083 699 2233 746 πτως
2257 701 2340 738 σοι
2364 685 2540 737 πάντα
2562 684 2657 736 καὶ
2683 681 2979 753 ἀκρύπτως
3001 681 3255 751 διέξειμι.
3285 682 3392 735 Καὶ
3422 683 3667 752 ἀρξάμε-

2083 792 2172 838 νος
2195 775 2357 839 εὐθὺς
2382 776 2451 829 τὰ
2485 775 2607 830 καθ’
2635 775 2827 828 ἑαυτὸν
2855 774 2959 827 ὑπὸ
2985 775 3106 837 ταῖς
3125 775 3341 827 πάντων
3373 775 3564 835 ἀκοαῖς
3584 774 3666 826 δι-

2085 867 2254 940 εξῄει,
2278 867 2448 922 πολλὰ
2475 869 2570 922 καὶ
2599 867 2750 922 δεινά
2770 866 2919 931 ὄντα,
2944 869 3037 922 καὶ
3059 869 3138 929 είς
3163 865 3416 920 τοσοῦτον
3436 865 3670 927 ἀτοπίας

2086 961 2311 1030 ἥκοντα,
2364 959 2442 1022 ὡς
2493 958 2627 1029 μηδὲ
2677 959 2780 1027 τῆς
2820 958 2930 1012 τῶν
2985 957 3255 1028 δαιμόνων
3305 957 3468 1010 αὑτὸν
3529 957 3670 1008 ἀπο-

2089 1053 2314 1123 σχέσθαι
2342 1053 2551 1116 θυσίας.
2589 1052 2678 1114 Ὠς
2707 1051 2763 1104 δέ
2793 1051 2966 1104 πάντα
2991 1051 3139 1114 ζέσει
3166 1050 3262 1104 καὶ
3287 1050 3467 1122 θέρμῃ
3490 1048 3671 1118 ψυχῆς

2091 1141 2563 1211 ἐξωμολογήσατο,
2585 1139 2848 1210 δάκρυσιν
2873 1139 2932 1191 ἐκ
2967 1139 3140 1209 μέσης
3165 1139 3414 1209 προϊοῦσι
3443 1137 3674 1208 καρδίας

2092 1233 2282 1296 ἐδεῖτο,
2314 1231 2571 1302 δεχθῆναι
2599 1248 2660 1284 τε
2693 1230 3080 1300 μετανοοῦντα,
3114 1231 3208 1284 καὶ
3237 1232 3420 1299 τυχεῖν
3453 1245 3673 1298 συγχω-

2097 1325 2328 1394 ρήσεως,
2355 1321 2440 1376 ἐπ’
2472 1319 2743 1392 ἀσφαλείᾳ
2770 1323 2834 1390 τῇ
2865 1320 2999 1391 πρὸς
3028 1320 3089 1373 τὸ
3117 1319 3341 1390 μέλλον·
3362 1320 3424 1390 ὴν
3451 1321 3478 1372 ὁ
3509 1318 3675 1386 σοφὸς

2094 1414 2202 1468 τῶν
2235 1413 2422 1484 ψυχῶν
2469 1413 2652 1482 ἰατρὸς
2691 1413 2897 1474 ἐκεῖνος
2929 1410 3092 1473 εὐθὺς
3130 1411 3223 1463 ἐπὶ
3252 1408 3553 1477 τηλικαύτῃ
3589 1406 3675 1460 δί-

2095 1506 2226 1561 δωσι
2259 1505 2537 1577 μετανοίᾳ,
2573 1505 2667 1558 καὶ
2697 1503 2913 1569 διδάξας
2938 1503 3136 1556 αὐτίκα
3177 1501 3266 1554 καὶ
3305 1500 3548 1564 ὑποθεὶς,
3579 1501 3678 1552 καὶ

2101 1597 2526 1667 συμϐουλεύσας,
2572 1597 2667 1649 καὶ
2705 1591 3063 1664 παραινέσας,
3101 1592 3194 1645 καί
3242 1607 3396 1650 τινας
3455 1590 3680 1653 ἐντολάς

407 1682 496 1745 tis,
534 1679 766 1735 suadere
815 1680 1043 1736 meliora
1103 1680 1444 1750 hortarique,
1499 1682 1754 1751 quaedam
1820 1684 1986 1738 etiam

2095 1688 2322 1752 ἐπιθεὶς,
2346 1687 2614 1741 ἀπέλυσεν
2647 1687 2703 1738 ἐν
2728 1686 2941 1756 εἰρήνῃ,
2978 1684 3038 1736 ού
3067 1682 3319 1752 χαλεπῶν
3351 1681 3540 1735 παθῶν
3574 1681 3678 1751 μό-

406 1771 664 1828 mandata
694 1772 956 1843 adjicere,
982 1771 1222 1842 denique
1250 1772 1532 1828 dimittere
1583 1775 1638 1828 in
1705 1790 1836 1844 pace
1884 1777 1986 1830 ho-

404 1863 636 1930 minem,
679 1876 786 1917 non
839 1863 991 1934 gravi
1050 1872 1265 1918 tantum
1318 1863 1531 1928 dolore,
1593 1865 1690 1921 sed
1748 1867 1984 1935 graviori

403 1955 569 2010 etiam
601 1955 884 2023 impietate
931 1955 1249 2010 liberatum.

471 2046 594 2102 219.
623 2046 777 2102 Alius
799 2047 1056 2102 similiter
1087 2065 1117 2104 e
1157 2050 1515 2120 primoribus,
1539 2051 1843 2122 Epiphania
1875 2052 1985 2122 (60)

404 2139 574 2211 Syriae
626 2139 695 2194 ad
747 2149 994 2195 sanctum
1023 2142 1196 2205 venit,
1253 2143 1666 2212 collocutusque
1713 2159 1852 2221 cum_
1893 2145 1987 2200 illo

411 2247 536 2300 qua:
559 2231 748 2297 vellet,
800 2233 1036 2304 porrigit
1090 2233 1297 2303 lignum
1339 2232 1588 2287 Indicum
1636 2234 1822 2290 multa;
1873 2235 1985 2290 fra-

403 2327 646 2397 grantiae,
675 2342 874 2398 rogans
902 2337 962 2382 ut
985 2326 1258 2394 admittat,
1281 2336 1337 2382 et
1367 2342 1436 2382 ex
1461 2341 1529 2382 eo
1547 2327 1830 2383 incensum
1849 2329 1987 2384 offe-

403 2428 489 2475 rat
531 2420 660 2475 Deo.
693 2421 1029 2490 Deprecatur
1064 2421 1116 2475 id
1175 2429 1398 2475 sanctus
1459 2435 1525 2476 ac
1559 2420 1764 2485 renuit,
1796 2421 1986 2476 horta-

406 2517 610 2580 turque
643 2520 705 2564 nt
737 2510 854 2580 ipse
883 2511 1030 2564 domi
1061 2527 1174 2566 suae
1225 2511 1413 2581 potius
1463 2511 1519 2566 id
1570 2511 1683 2566 Deo
1735 2511 1984 2566 adoleat:

403 2601 499 2656 sed
553 2602 789 2656 instante
832 2601 926 2656 illo
993 2602 1271 2672 pluribus,
1312 2603 1472 2673 jubet
1523 2603 1742 2658 tandem
1794 2601 1982 2658 afferri

405 2691 752 2747 tliuribulum
777 2710 788 2744 :
814 2691 884 2748 Ut
908 2693 1154 2762 potentia
1188 2693 1306 2758 Dei,
1339 2693 1617 2763 inquiens,
1654 2693 1974 2749 manifeste-

405 2793 516 2838 tur.
550 2783 924 2854 [inpositoque
954 2785 1145 2854 prunis
1180 2785 1347 2854 ligno.
1381 2792 1529 2838 tanta
1571 2784 1756 2839 subito
1779 2784 1990 2854 disper-

405 2891 465 2932 sa
493 2885 579 2930 est
611 2876 1006 2946 graveolentia,
1035 2887 1254 2946 tamque
1316 2876 1681 2931 intolerabilis
1735 2876 1987 2941 naribus,

406 2983 517 3024 non
547 2966 725 3028 modo,
749 2967 894 3022 intra
921 2969 1242 3023 monasterii
1280 2976 1458 3038 septa,
1513 2969 1609 3022 sed
1666 2968 1773 3023 late
1821 2968 1985 3022 etiam

405 3077 505 3132 per
538 3071 782 3118 montem
805 3060 1026 3126 diﬂusa,
1077 3069 1138 3114 ut
1191 3075 1419 3130 peregre
1473 3060 1838 3114 adventantes
1887 3074 1986 3128 per

407 3167 768 3223 quascunque
790 3152 858 3206 ad
882 3152 1278 3206 monasterium
1313 3151 1431 3206 vias
1463 3151 1694 3207 fetorem
1727 3152 1872 3208 ferre
1927 3167 1986 3207 se

410 3248 656 3318 potuisse
680 3255 970 3318 negarent,
1004 3246 1169 3301 etiam
1193 3247 1413 3301 eminus
1455 3253 1863 3318 occurrentem.
1890 3245 1988 3300 Vi-

410 3337 548 3392 dens
581 3337 766 3406 itaque
807 3336 1044 3407 Symeon
1075 3351 1174 3406 per
1201 3336 1432 3391 fetorem
1479 3336 1655 3401 illum,
1713 3337 1847 3407 ligni
1889 3351 1986 3391 na-

411 3436 552 3484 turaa
615 3428 978 3492 contrarium,
1015 3444 1074 3482 re
1134 3427 1248 3497 ipsa
1304 3427 1664 3483 condemnari
1718 3427 1987 3482 nefariam

411 3519 652 3576 hominis
679 3517 1204 3582 vitam:Conﬁtere,
1255 3519 1452 3588 inquit,
1510 3519 1623 3574 Deo
1650 3535 1815 3589 opera
1875 3529 1987 3584 tua,

410 3620 468 3666 et
495 3611 880 3681 paenitentiam
913 3626 1011 3682 age
1046 3625 1144 3680 pro
1193 3612 1435 3680 peccatis
1491 3611 1640 3677 tuis;
1680 3626 1750 3666 ne
1785 3627 1817 3666 a
1879 3611 1991 3667 die-

412 3703 616 3759 moniis
637 3702 922 3772 abreptus,
988 3702 1299 3757 miseranda
1358 3702 1459 3758 fias
1503 3703 1752 3758 omnium
1783 3703 1837 3756 in
1896 3719 1990 3758 ore

414 3795 616 3852 fabula.
637 3793 940 3864 Correptus
978 3794 1162 3864 itaque
1191 3795 1386 3850 timore
1421 3794 1760 3858 vehementi,
1793 3802 1991 3849 cuneta

414 3885 600 3941 statim
633 3883 832 3941 delicta
858 3900 958 3939 sua
989 3885 1320 3949 enuntiavit,
1350 3884 1512 3954 longe
1541 3882 1991 3954 graveolentiora

416 3979 644 4032 incenso
665 3991 832 4046 supra
854 3975 1004 4030 dicto
1028 3992 1040 4029 :
1074 3974 1275 4030 deinde
1297 3991 1398 4044 pro
1431 3975 1645 4030 meritis
1663 3973 1991 4044 castigatus,

415 4070 694 4141 variisque
745 4067 1148 4123 monitionibus
1204 4075 1259 4121 et
1319 4067 1610 4140 praeceptis
1662 4066 1993 4130 instructus,

420 4160 704 4217 remeavit.

2093 1795 2202 1843 vov,
2237 1777 2370 1832 ἀλλά
2396 1776 2576 1846 πολλῷ
2604 1775 2698 1837 καὶ
2726 1772 3114 1844 χαλεπωτέρας
3141 1771 3395 1834 ἀσεϐείας
3421 1771 3677 1842 ἀπηλλα-

2091 1871 2313 1941 γμένον.

2167 2052 2290 2108 σιθ’.
2347 2053 2576 2124 Ἔτερός
2604 2069 2710 2117 τις,
2737 2053 2799 2117 ἐξ
2836 2051 3190 2121 Ἐπιφανείας
3239 2050 3337 2121 τῆς
3379 2050 3436 2102 ἐν
3478 2047 3676 2118 Συρίᾳ,

2093 2147 2202 2199 τῶν
2271 2148 2565 2215 ἐπισήμων
2621 2145 2718 2198 καὶ
2752 2138 2928 2207 οὗτος,
2999 2142 3151 2213 παρὰ
3218 2141 3309 2196 τὸν
3372 2142 3526 2208 ἀγιον
3578 2139 3676 2191 ἀν-

2093 2237 2282 2302 ελθὼν,
2316 2239 2412 2292 καὶ
2455 2237 2797 2306 συλλαλήσας
2825 2237 2970 2306 άπερ
3000 2235 3271 2299 ἐϐούλετο,
3293 2233 3476 2304 ὀρέγει
3515 2231 3678 2298 ξύλον

2107 2328 2324 2383 Ἰνδικὸν
2349 2328 2548 2391 εὐῶδες
2595 2327 2766 2394 αὐτῷ,
2815 2325 2982 2393 ἀξιῶν
3030 2326 3286 2396 δεχθῆναι
3323 2341 3382 2376 τε
3432 2323 3528 2377 καὶ
3575 2323 3672 2375 θυο

2097 2421 2280 2492 μίαμα
2313 2419 2442 2490 παρ’
2467 2419 2631 2473 αὐτοῦ
2658 2419 2777 2490 Θεῷ
2805 2418 3203 2490 προσαχθῆναι.
3236 2416 3344 2468 Τοῦ
3379 2415 3435 2468 δὲ
3464 2433 3672 2482 παραι-

2093 2513 2352 2583 τουμένου
2397 2513 2492 2565 καὶ⁵
2525 2511 2899 2575 ἀνανεύοντος,
2932 2511 3072 2564 οἴκοι
3114 2527 3175 2563 τε
3223 2509 3425 2578 θυμιᾷν
3506 2507 3676 2560 τοῦτο

2098 2603 2296 2675 μᾶλλον
2331 2603 2494 2657 αὐτὸν
2545 2603 2956 2672 ἐπιτρέποντος,
2983 2601 3061 2665 ὡς
3102 2600 3271 2664 πολῦς
3296 2595 3364 2671 ἦν
3398 2597 3682 2668 ἐπιμένων

2096 2699 2302 2757 ἐκεῖνος
2347 2695 2634 2766 ἐνεχθῆναι
2664 2693 2876 2747 κελεύει
2922 2694 3302 2765 θυμιατήριον,
3335 2693 3454 2745 Ἵνα
3503 2690 3598 2743 καὶ
3638 2688 3678 2760 ἡ

2094 2787 2188 2841 τοῦ
2225 2788 2383 2852 Θεοῦ,
2436 2789 2589 2855 φησὶ,
2651 2787 2885 2858 διαφανῇ
2939 2784 3265 2840 δυναστεία⁶
3298 2786 3392 2838 καὶ
3441 2785 3552 2846 τοῖς
3587 2783 3681 2837 ἀνι

2097 2876 2288 2949 θραξιν
2315 2877 2658 2942 ἐπιτεθέντος
2687 2877 2782 2931 τοῦ
2815 2878 2995 2944 ξύλου,
3023 2877 3261 2946 τοσαύτη
3300 2894 3385 2940 τις
3438 2875 3680 2930 δυσωδία

2096 2969 2332 3036 γεγόνει,
2362 2969 2453 3023 καὶ
2484 2968 2750 3038 ὀσφρήσει
2779 2968 2953 3032 οὕτως
3022 2967 3141 3022 οὐδὲ
3179 2970 3282 3038 μιᾷ
3311 2967 3545 3036 φορητὴ,
3573 2968 3680 3018 οὐκ

2094 3061 2198 3115 ἀνά
2234 3063 2332 3132 τὴν
2364 3060 2532 3132 μονὴν
2561 3061 2742 3129 μόνον,
2775 3060 2912 3114 ἀλλά
2940 3059 3034 3114 καὶ
3064 3060 3155 3114 τοῦ
3194 3061 3356 3132 ὅρους
3392 3061 3486 3112 ἐπί⁹
3539 3058 3677 3111 πολὺ

2093 3153 2382 3224 διήκουσα,
2401 3151 2476 3215 ὡς
2493 3153 2586 3205 καὶ
2617 3154 2725 3214 τοῖς
2743 3150 2941 3218 ἔξωθεν
2965 3151 3054 3204 διά
3071 3151 3251 3220 πάσης
3267 3151 3364 3203 ἐπὶ
3386 3150 3485 3219 τὴν
3509 3149 3679 3218 μονὴν

2093 3242 2214 3298 ὁδοῦ
2255 3242 2548 3312 προσιοῦσι
2601 3242 2858 3312 τοιαύτην
2902 3244 3026 3296 οίαν
3095 3241 3231 3311 μηδὲ
3265 3240 3552 3309 ἀνέχεσθαι
3578 3238 3678 3292 δύο

2095 3333 2309 3399 νασθαι,
2339 3335 2545 3404 ταύτην
2593 3332 2702 3386 ἀπὸ
2766 3333 3039 3403 μακρόθεν
3087 3331 3471 3403 προσϐάλλειν.
3530 3329 3682 3382 Ἰδὼν

2095 3422 2271 3477 τοίνυν
2301 3422 2328 3474 ὁ
2352 3419 2600 3490 Συμεὼν,
2630 3419 2778 3491 ἔργῳ
2816 3418 2965 3486 αὐτῷ
2995 3419 3091 3471 καὶ
3119 3417 3235 3487 βίου
3268 3416 3582 3486 φαυλότητα
3615 3413 3682 3466 τὸ

2097 3513 2249 3583 παρά
2267 3511 2330 3567 τὸ
2358 3512 2507 3575 είκὺς
2535 3511 2634 3580 τῆς
2657 3509 2753 3563 τοῦ
2788 3509 2947 3574 ξύλου
2985 3507 3202 3577 φύσεως
3214 3509 3678 3574 ἐκείνουκατηγο-

2101 3607 2232 3675 ρεῖν,
2257 3602 2707 3673 Ἐξομολόγησαι,
2739 3601 2892 3669 φησὶ,
2921 3598 2998 3668 τῷ
3031 3597 3150 3668 Θεῷ
3177 3597 3274 3661 τὰς
3305 3595 3535 3666 πράξεις
3560 3611 3681 3660 σου,

2100 3695 2374 3765 μετανοῶν
2403 3693 2464 3746 τὸ
2498 3693 2686 3746 λοιπὸν
2715 3692 2824 3746 ἀπὸ
2844 3692 2945 3760 τῆς
2973 3692 3168 3753 κακίας
3193 3707 3309 3751 σου,
3327 3689 3474 3751 ὅπως
3500 3705 3559 3740 σε
3594 3688 3676 3758 μὴ

2094 3787 2344 3858 δαίμονες
2369 3787 2569 3841 αὐτίκα
2592 3784 3023 3856 παραλαϐόντες,
3050 3783 3284 3836 ἐλεεινὸν
3319 3784 3468 3854 πάσῃ
3495 3782 3680 3848 γλώσ-

2099 3897 2166 3951 σῃ
2199 3879 2402 3933 θῶνται
2424 3878 2692 3950 διήγημα.
2735 3879 2823 3932 Ἐν
2846 3876 2996 3946 φόϐῳ
3023 3874 3318 3946 τοιγαροῦν
3345 3874 3527 3942 πολλῷ
3581 3890 3686 3939 γε-

2099 3972 2291 4041 γονὼς,
2328 3972 2509 4036 πάσας
2537 3971 2698 4033 εὐθὺς
2733 3969 2906 4031 αὐτ-ἀς
2961 3967 3229 4037 διεξῆλθε,
3258 3966 3670 4034 δυσωδεστέρας

2099 4063 2280 4132 πολλῷ
2309 4061 2403 4115 τοῦ
2428 4061 2773 4132 θυμιάματος
2808 4056 2975 4121 οῦσας
3006 4074 3020 4089 ο
3056 4052 3176 4109 εἶτα
3229 4055 3580 4125 ἐπιτιμηθεὶς
3610 4053 3686 4107 τὰ

2100 4155 2305 4218 εἰκότα,
2337 4155 2432 4209 καὶ
2482 4152 2862 4224 παραινέσεως
2905 4149 2998 4204 καὶ
3047 4147 3398 4211 διδασκαλίας
3460 4147 3684 4214 τυχὼν,

2072 4273 2076 4276 η
2102 4248 2401 4302 ἐπάνεισιν.

489 4371 618 4427 220.
652 4369 1216 4440 Consentaneumjam
1247 4370 1396 4424 dicto
1421 4379 1509 4423 est
1569 4369 1717 4439 quod
1765 4369 1987 4440 subjici-

2175 4360 2278 4417 σκ⁹.
2319 4357 2633 4413 Ἀκόλουθον
2657 4357 2740 4428 τῷ
2769 4356 3045 4428 εἰρημένῳ
3070 4355 3132 4407 τὸ
3154 4353 3494 4422 ἐπαγόμενον
3524 4391 3538 4412 ,
3568 4353 3686 4421 ὅσῳ

422 4475 512 4520 tur
537 4481 551 4528 ;
584 4473 857 4532 quatenus
883 4478 1004 4532 quae
1032 4461 1296 4517 miracula
1330 4462 1386 4515 in
1408 4471 1646 4530 utroque
1663 4468 1988 4526 occurrunt,

421 4554 565 4610 inter
583 4569 640 4615 se
672 4552 850 4608 afIinia
871 4561 1020 4608 sunt.
1045 4550 1312 4607 Sacerdos
1335 4549 1557 4620 quidam
1580 4550 1802 4604 nomine
1823 4551 1992 4611 Joan-

425 4659 546 4707 nes,
577 4643 669 4713 qui
693 4658 788 4713 per
818 4642 952 4697 illud
982 4653 1198 4711 tempus
1218 4640 1559 4712 Apamiensis
1589 4641 1699 4710 (6f)
1737 4641 1993 4696 Ecclesiae

421 4749 742 4790 (economus
775 4733 912 4801 (62),
939 4734 1171 4788 accessit
1215 4748 1339 4786 eum
1371 4747 1540 4786 uxore
1573 4741 1630 4786 et
1664 4732 1993 4802 propinquis

423 4825 681 4879 omnibus
715 4824 782 4878 ad
825 4823 1182 4895 Symeonem:
1213 4838 1376 4892 quem
1419 4823 1745 4892 discipulus,
1783 4823 1996 4878 nuntiis

432 4917 582 4972 ultro
639 4917 889 4984 citroque
909 4915 1224 4971 deferendis
1251 4915 1429 4969 eidem
1502 4914 1846 4981 ministrans,
1895 4931 1991 4970 seu

423 5007 666 5062 amicitia
697 5007 957 5076 quadam,
982 5021 1077 5061 seu
1110 5005 1629 5067 benevolentia,seu
1660 5005 1800 5061 forte
1831 5007 1995 5061 etiam

431 5097 740 5168 ignorantia
770 5112 956 5152 rerum
979 5097 1149 5160 illius,
1173 5094 1366 5150 sedulo
1395 5095 1625 5150 curabat
1657 5107 1998 5166 praesentare

503 5283 616 5353 (60)
649 5283 1130 5359 Epipbania,intcr
1158 5281 1486 5359 Antiochiam
1505 5291 1552 5336 et
1582 5281 1902 5335 Damascum
1931 5281 1999 5359 ad

428 5351 966 5425 ρνοηιέηιζιιὶιςίηᾳιιε
1010 5370 1064 5424 p.
1099 5368 1175 5406 m.
1232 5353 1300 5408 80
1351 5354 1600 5425 distans:
1659 5361 1706 5404 et
1759 5363 1832 5425 est
1889 5351 1998 5425 alia

428 5423 740 5492 Epiphania
774 5421 992 5488 Ciliciae,
1012 5421 1313 5480 lntiochiw
1336 5423 1405 5477 ad
1429 5421 1659 5477 Boream
1711 5423 1882 5492 posita
1917 5423 2000 5476 in-

433 5493 659 5548 tervallo
688 5510 790 5546 non
816 5494 1040 5548 multum
1067 5493 1282 5562 majori.

507 5562 618 5632 (6|)
651 5563 888 5632 Apamea
921 5567 1028 5618 lucc
1057 5561 1198 5632 (sunt
1227 5564 1367 5617 enim
1390 5565 1565 5632 etiam,
1595 5563 1708 5631 ejus
1768 5561 1997 5614 nominis

437 5627 636 5703 νίιὶΐθέ)
671 5627 740 5688 ad
768 5632 1016 5700 alteram,
1048 5627 1100 5686 id
1135 5641 1208 5686 cst
1233 5634 1506 5687 dexteram
1536 5627 1744 5687 Orontis
1803 5632 1995 5701 ripam,

2099 4455 2192 4508 καὶ
2212 4451 2540 4524 ἀμφοτέροις
2568 4449 2807 4518 συγγενῆ
2827 4449 2896 4500 τά
2929 4446 3024 4499 τοῦ
3044 4447 3342 4514 θαύματοςο
3361 4442 3554 4512 Ἱερεύς
3573 4459 3597 4492 τ
3611 4459 3684 4506 ις,

2098 4549 2186 4602 ovo
2194 4565 2266 4619 μα
2284 4545 2555 4613 Ἰωάννης,
2570 4542 2668 4613 τὴν
2680 4546 2736 4595 ἐν
2751 4537 3027 4610 Ἀπαμείᾳ
3043 4533 3338 4607 τηνικαῦτα
3354 4532 3687 4601 Ἐκκλησίαν

2099 4639 2416 4709 οἰκονομῶν,
2457 4633 2732 4706 προσῆλθε
2798 4633 2897 4684 σὺν
2939 4629 3158 4697 συζύγῳ
3207 4627 3302 4678 καὶ
3341 4624 3686 4693 προσήκουσι

2101 4733 2236 4785 πᾶσι
2268 4729 2344 4800 τῷ
2381 4725 2625 4798 Συμεών.
2664 4726 2724 4777 '0
2778 4721 2910 4790 γοῦν
2969 4719 3068 4782 τὰς
3110 4717 3368 4785 ἀγγελίας
3413 4714 3688 4781 εἰσφέρων

2107 4823 2374 4894 μαθητὴς,
2401 4821 2433 4890 ἢ
2467 4819 2619 4890 φιλίᾳ
2637 4819 2702 4888 τῇ
2729 4815 2863 4886 πρὸς
2884 4813 3044 4868 αὐτὸν
3065 4813 3097 4882 ἢ
3119 4811 3213 4864 καὶ
3229 4810 3434 4878 χάριτι,
3461 4807 3605 4873 τάχα
3625 4805 3686 4857 δὲ

2109 4916 2204 4970 καὶ
2254 4913 2445 4982 ἀγνοίᾳ
2493 4909 2601 4962 τῶν
2662 4909 2784 4961 κατ’
2833 4905 3018 4968 αὐτὸν,
3056 4901 3386 4962 ἐσπούδαζεν
3429 4899 3532 4950 ὅσα
3587 4896 3686 4948 καὶ

2105 5005 2341 5076 χρηστὸν
2397 5002 2564 5072 ἄνδρα
2632 4999 2822 5052 τοῦτον
2875 4997 2951 5066 τῷ
3021 4991 3246 5063 Συμεὼν
3312 4988 3682 5060 παραθέσθαι.

2107 5097 2323 5151 Πολλῶν
2369 5091 2656 5164 τοιγαροῦν
2713 5089 2842 5160 περὶ
2889 5086 3053 5140 αὐτοῦ
3103 5083 3255 5155 παρά
3288 5082 3380 5135 τοῦ
3436 5079 3685 5152 μαθητοῦ

2109 5281 2421 5362 Epiphania:
2481 5295 2642 5348 quam
2714 5274 3002 5332 Antiochiw
3062 5268 3223 5339 duplo
3289 5267 3507 5336 propior
3586 5261 3689 5314 ad-

2095 5361 2291 5485 ﬂicti?)
2331 5418 2682 5474 OEconomus
2710 5417 2925 5476 dicitur,
2960 5413 3050 5485 qui
3090 5411 3198 5464 vice
3252 5404 3476 5485 episcopi
3504 5400 3684 5485 faciti:

2105 5474 2238 5546 tates
2268 5474 2517 5544 Ecclesia:
2562 5474 2943 5540 administrat:
2967 5474 3030 5534 de
3069 5495 3292 5550 quorum
3335 5474 3512 5544 ofﬁcio
3555 5474 3678 5525 vida

2104 5561 2520 5615 eruditissimum
2537 5557 2798 5628 Cangium
2822 5557 2877 5610 in
2915 5552 3202 5609 Glossema.
