4038 6208
377 260 516 326 3189

1378 274 1551 335 VITA
1590 273 1635 331 A
1673 272 2114 334 NICEPHORO
2153 274 2645 345 CONSCRIPTA.

3504 291 3650 354 3100

377 371 710 442 λεγομένων,
735 374 922 445 ἡρέμα
977 378 1116 447 πρὸς
1175 380 1341 435 αὐτὸν
1371 385 1399 436 6
1433 383 1660 452 Συμεὼν
1703 384 1953 455 ἐπιστρέα

2063 398 2261 447 sancto
2297 402 2555 464 tanquam
2587 396 2767 453 virum
2801 399 3060 468 probum.
3097 394 3345 478 Cumque
3377 408 3546 463 multa
3580 409 3650 466 ab

376 463 506 536 ψας,
552 464 630 535 μὴ
660 466 858 535 χρῆναι
886 469 1122 524 τοιαῦτά
1153 490 1318 539 τισιν,
1343 475 1493 536 ὅπως
1526 475 1594 529 ἂν
1645 477 1740 530 καὶ
1786 477 1960 547 τύχοι,

380 559 701 628 μαρτυρεῖν,
749 556 853 629 ἐφη
883 573 898 587 ·
937 560 1152 615 Παῦσαι
1201 563 1403 628 τοίνυν,
1455 564 1671 634 άδελφὲ,
1703 566 1834 636 περὶ
1887 560 1963 621 ὧν

375 647 478 702 οὐκ
505 643 664 703 οἶσθα
689 648 1112 720 διατεινόμενος.
1144 654 1256 708 Καὶ
1283 657 1349 726 τῇ
1380 655 1528 728 χειρὶ
1557 656 1710 728 παρά
1733 659 1841 711 τῶν
1865 660 1963 731 τῆς

385 741 631 812 κεφαλῆς
657 743 860 814 τριχῶν
890 743 986 798 τοῦ
1021 747 1310 818 οἰκονόμου
1354 748 1677 818 λαϐόμενος,
1713 751 1786 805 Τὸ
1825 753 1964 807 ἀκά-

378 829 578 902 θαρτον
613 832 709 886 καὶ
755 836 994 906 πονηρὸν
1041 837 1281 907 πνεῦμα,
1311 840 1468 911 φησὶ,
1503 840 1564 895 τὸ
1593 841 1840 898 ἐνοικοῦν
1882 843 1962 914 τῷ

376 923 653 996 ἀνθρώπῳ
680 926 878 998 τούτῳ,
907 928 1126 998 ἔλεγξον
1148 931 1244 984 ἐπὶ
1271 932 1382 986 τῶν
1409 935 1696 1004 παρόντων
1714 936 1813 999 τὰς
1839 953 1966 1006 μια-

380 1020 477 1090 ρᾶς
500 1020 664 1074 αὐτοῦ
692 1023 920 1092 πράξεις
945 1025 1040 1076 καὶ
1062 1023 1478 1095 ἀθεμίτους,ίνα
1499 1026 1634 1080 Θεὸν
1659 1021 1799 1083 εῖναι
1821 1029 1959 1099 γνῷ,

375 1113 654 1184 Δεσπότην
689 1114 786 1168 καὶ
813 1115 1151 1187 δημιουργὸν
1181 1118 1437 1172 ἀπάντων
1456 1160 1471 1185 ,
1511 1119 1604 1172 τὸν
1633 1120 1960 1191 στερεούντα

374 1203 601 1272 οὐρανὸν
631 1206 724 1258 καὶ
753 1205 1004 1270 κτίζοντα
1037 1209 1174 1276 γῆν,
1204 1209 1462 1264 ποιοῦντα
1486 1212 1566 1274 είς
1593 1211 1726 1283 ὕψος
1757 1213 1956 1284 κρῖμα,

374 1295 468 1347 καὶ
494 1296 844 1366 δικαιοσύνην
867 1301 947 1362 είς
968 1301 1070 1370 γῆν
1096 1301 1280 1372 ἔθηκε.
1306 1303 1415 1356 Καὶ
1444 1306 1472 1357 6
1499 1303 1710 1374 δαίμων
1737 1307 1957 1376 κράζων

371 1381 440 1454 ἦν
471 1387 672 1452 εὐθέως
699 1390 793 1442 καὶ
824 1389 1112 1458 όλολύζων,
1139 1394 1235 1446 καὶ
1263 1393 1444 1449 δίκαιά
1471 1413 1533 1464 γε
1569 1398 1766 1468 πάσχει
1793 1416 1958 1469 μεγα·

372 1478 718 1534 λοδοῶν.”ῐνα
761 1482 812 1535 τί
858 1482 967 1554 γὰρ
997 1485 1026 1538 6
1058 1486 1418 1556 είδωλοθύτης
1453 1481 1640 1556 οὗτος,
1672 1493 1700 1544 6
1729 1492 1893 1562 γόης,
1929 1494 1957 1547 6

373 1571 594 1637 πλάνος,
628 1577 656 1629 6
679 1576 904 1644 ἀσεϐὴς,
932 1581 1025 1633 καὶ
1057 1579 1191 1633 ἄλλα
1222 1581 1466 1649 τοιαῦτα,
1504 1585 1652 1654 παρὰ
1688 1584 1749 1638 σὲ
1779 1585 1954 1656 ἤγαγέ

376 1679 474 1729 pe;
508 1665 600 1717 καὶ
623 1665 718 1718 νῦν
739 1669 1108 1740 κατακαίομαι
1137 1671 1237 1740 μὲν
1268 1671 1398 1744 ἐγὼ,
1428 1673 1510 1728 ὅτι
1533 1675 1952 1745 δημοσιεύονται

373 1757 536 1810 πᾶσιν
568 1758 624 1812 αί
654 1758 846 1813 τούτου
880 1761 1128 1831 πράξεις.

449 2011 588 2061 σκα’.
623 2007 837 2062 Πολλῶν
870 2005 964 2065 οὖν
995 2015 1255 2072 τοιούτων
1303 2019 1410 2074 ὑπὸ
1443 2020 1536 2076 τοῦ
1566 2023 1818 2096 δαίμονος
1867 2029 1957 2083 λε-

378 2097 625 2163 γομένων
655 2139 670 2162 ,
697 2101 793 2154 τοῦ
847 2120 905 2158 τε
966 2105 1160 2179 ἀνδρὸς
1223 2111 1315 2165 ὑπ’
1361 2114 1529 2170 αὐτοῦ
1567 2118 1819 2189 χαλεπῶς
1853 2123 1957 2177 πά-

377 2204 618 2258 σχοντος,
641 2195 761 2248 οὐδὲ
790 2197 914 2262 τοὺς
940 2200 1045 2266 ἔξω
1073 2203 1165 2256 τοῦ
1197 2204 1404 2270 πάθους
1448 2208 1713 2282 ἀδακρυτὶ
1742 2214 1958 2283 στέγειν

376 2279 540 2350 ἐπῄει
563 2284 662 2355 τὴν
684 2286 810 2357 ὄψιν
833 2305 848 2320 ο
882 2293 915 2362 ἡ
946 2293 1133 2362 μέντοι
1161 2297 1300 2369 γυνὴ
1333 2299 1525 2354 τούτου
1586 2279 1681 2357 καὶ
1710 2321 1740 2357 ο
1797 2279 1959 2376 προσ.

375 2372 622 2440 ήκοντες,
645 2378 799 2444 ὅλους
833 2384 1061 2450 ἑαυτοὺς
1085 2389 1166 2452 εἰς
1195 2389 1391 2460 ἔδαφος
1423 2392 1704 2464 ῥίψαντες,
1737 2396 1956 2452 κλαίον-

374 2479 464 2527 τες
521 2461 662 2536 ἦσαν
700 2472 793 2524 καὶ
849 2476 1047 2545 πικρὸν
1110 2479 1481 2547 ὀλολύζοντες,
1513 2485 1610 2538 καὶ
1659 2485 1811 2550 τίνας
1857 2489 1956 2543 οὐκ

375 2555 612 2619 ἐλεεινάς
672 2565 856 2630 φωνάς
900 2567 980 2638 τῷ
1036 2569 1176 2641 ἁγίῳ
1229 2575 1602 2644 προσάγοντες
1639 2594 1655 2642 ;
1697 2579 1958 2635 Ἐπικλαο

376 2649 522 2713 σθεὶς
553 2647 646 2706 οὖν
690 2656 899 2723 ἐκεῖνος
938 2661 1109 2733 αύτῷ,
1139 2666 1458 2737 ἐπιτιμήσει
1489 2671 1834 2742 παραχρῆμα
1863 2673 1956 2727 τον

371 2741 598 2812 δαίμονα
629 2747 722 2801 τοῦ
761 2751 956 2822 ἀνδρὸς
993 2755 1308 2814 ἀπελαύνει.
1350 2761 1409 2814 '0
1443 2763 1500 2817 δὲ
1537 2741 1793 2836 καθαρῶς
1823 2769 1954 2822 ἑαυο

372 2835 468 2890 τοῦ
509 2839 601 2891 καὶ
632 2839 740 2894 τῶν
762 2842 980 2898 οἰκείων
1017 2845 1296 2918 λογισμῶν
1320 2851 1635 2922 γενόμενος,
1662 2855 1756 2910 καὶ⁹
1793 2855 1955 2924 γνοὺς

370 2929 504 2993 οἵοις
553 2930 643 2985 διὰ
698 2933 789 2985 τὸν
842 2935 1185 3004 προλαϐόντα
1241 2939 1356 3010 βίον
1402 2950 1599 3011 κακοῖς
1675 2948 1952 3016 ἐκδέδοτο,

373 3023 679 3093 κατήγορος
729 3019 797 3096 ἦν
844 3027 1008 3092 αὐτὸς
1044 3030 1262 3098 ἑαυτοῦ,
1297 3033 1464 3105 μηδὲν
1487 3035 1598 3090 τῶν
1637 3039 1824 3110 κρυφῆ
1856 3059 1952 3094 πε-

375 3116 727 3185 πραγμένων,
783 3121 893 3175 τῶν
937 3125 1030 3176 καὶ
1062 3124 1158 3179 τοῦ
1189 3126 1373 3182 λαθεῖν
1401 3129 1571 3196 ὅντως
1609 3134 1776 3200 ἀξίων
1811 3135 1955 3190 ὲκεί-

370 3223 478 3260 νων
541 3212 979 3284 παρακατέχων·
1047 3209 1122 3271 ὧν
1179 3217 1301 3274 οὐδὲ
1360 3225 1503 3278 κατά
1564 3225 1731 3297 μέρος
1785 3229 1958 3294 φειδοῖ

371 3296 480 3352 τῶν
522 3299 928 3375 ἀσθενεστέρων
977 3310 1400 3379 μνημονευτέον.
1432 3313 1566 3368 Ἀλλ’
1610 3313 1706 3371 οὖν
1782 3320 1964 3391 εύὼρα

377 3389 552 3444 πάντα
598 3393 694 3447 καὶ
741 3394 876 3466 δῆλα
915 3402 1037 3463 ταῖς
1065 3401 1174 3455 τῶν
1205 3404 1488 3474 παρόντων
1535 3407 1705 3473 τιθεὶς
1741 3410 1955 3479 ἀκοαῖς,

371 3481 464 3534 καὶ
488 3482 581 3536 τοῦ
615 3486 902 3554 μέλλοντος
940 3492 1215 3564 ἐγγυητὴς
1242 3496 1422 3566 ἐαυτῷ
1449 3499 1765 3568 γινόμενος,
1792 3505 1820 3556 6
1856 3505 1955 3574 μὲν

368 3568 461 3628 οὖν
489 3573 686 3642 ἄφεσιν
722 3578 818 3633 ἐπὶ
843 3579 1050 3646 τούτοις
1082 3583 1382 3639 ὑπεύθυνον
1428 3589 1708 3660 ἐπιτιμίας
1750 3593 1950 3661 λαϐὼν,

367 3668 655 3737 ἐπανήκει.

438 3757 576 3827 σκβ’.
616 3760 844 3832 ’Έτερος
870 3763 926 3816 δέ
949 3782 1034 3830 τις
1055 3768 1120 3821 ἐκ
1149 3769 1248 3840 τῆς
1284 3771 1556 3844 Ἀντιόχου
1584 3776 1674 3830 καὶ
1703 3778 1805 3849 τῆς
1832 3785 1950 3834 κατ’

365 3847 528 3901 αὐτὸν
571 3847 922 3922 Ἐκκλησίας,
967 3856 1222 3930 Ἰωάννης
1255 3861 1354 3932 τὴν
1397 3861 1590 3928 κλῆσιν
1643 3868 1738 3922 καὶ
1775 3865 1948 3940 οὗτος,

363 3942 424 3994 οὐ
451 3942 748 4017 βλάσφημα
789 3949 950 4017 μόνον
984 3953 1070 4006 ἀεὶ
1101 3955 1238 4010 κατὰ
1268 3956 1361 4012 τοῦ
1406 3959 1565 4028 ἁγίου
1621 3961 1823 4031 ἐλάλει,
1854 3970 1950 4022 καὶ

361 4035 573 4106 τρυφὴν
612 4039 914 4096 ἀκολάστου
959 4045 1206 4116 γλώττης
1241 4049 1343 4114 τάς
1368 4051 1448 4115 είς
1481 4053 1646 4108 αὐτὸν
1681 4056 1949 4128 λοιδορίας

362 4129 657 4199 πεποίητο’
686 4131 822 4187 ἀλλὰ
844 4137 936 4189 καὶ
965 4138 1124 4209 μέχρι
1147 4142 1404 4196 τοσούτου
1430 4147 1628 4215 μανίας
1652 4150 1944 4220 προῆλθεν,

360 4220 434 4282 ὼς
484 4221 580 4274 καὶ
634 4222 826 4296 ὕϐρεσι
882 4229 1321 4301 φλεγμαίνουσαν
1363 4239 1654 4313 ἐπιστολὴν
1694 4241 1771 4315 (ὢ
1805 4245 1946 4300 πόσα

357 4311 564 4384 τολμᾷν
591 4309 698 4368 οἶδε
733 4320 922 4386 κακία,
953 4323 1049 4376 καὶ
1076 4324 1214 4379 κατά
1247 4326 1349 4396 τῆς
1377 4309 1635 4402 ἀληθείας
1670 4309 1942 4391 νεανιεύε-

359 4403 514 4460 σθαιΙ
538 4405 700 4477 )πρὸς
727 4410 891 4464 αὑτὸν
919 4413 1270 4472 ἀποστεῖλαι·
1301 4421 1366 4487 ῆν
1390 4401 1598 4488 ἐκεῖνος
1627 4424 1938 4496 δεξάμενος,
1970 4401 2020 4462 D

264 4559 271 4564 _
358 4496 452 4550 καὶ
497 4497 576 4568 τῷ
613 4501 888 4572 πνεύματι
945 4507 1126 4572 γνοὺς,
1162 4509 1237 4573 ὡς
1275 4511 1376 4566 οὐκ
1418 4513 1484 4568 ἄν

1525 4532 1655 4569 ποτε
1696 4519 1946 4586 παιδείας

355 4589 527 4659 χωρὶς
567 4591 661 4644 καὶ
689 4592 862 4648 ταῦτα
903 4599 1328 4674 παραμενούσης
1363 4609 1458 4658 καὶ
1491 4605 1944 4680 ύπομιμνησκού-

356 4697 458 4748 σης
507 4682 811 4754 μετάθηται
858 4688 996 4760 πρὸς
1034 4690 1095 4743 τὸ
1122 4691 1352 4762 βέλτιον,
1383 4697 1494 4753 τῶν
1539 4700 1801 4772 μαθητῶν
1847 4703 1942 4758 ἕνα

355 4773 610 4840 καλέσας,
651 4779 860 4846 Ἄπιθι,
888 4781 1044 4850 φησὶ,
1074 4785 1226 4857 παρὰ
1247 4786 1345 4859 τὴν
1391 4790 1664 4865 Ἀντιόχου
1691 4796 1824 4867 πρὸς
1852 4798 1942 4850 τὸν

350 4865 600 4920 διάκονον
661 4870 934 4943 Ἰωάννην,
972 4876 1068 4928 καὶ
1097 4877 1222 4930 τάδε
1261 4882 1412 4954 αὐτῷ
1463 4865 1822 4956 ἀπάγγειλον,
1865 4889 1941 4954 ὡς

350 4959 483 5028 παρ’
511 4959 686 5030 ἡμῶν,
729 4963 946 5036 Ἐπειδὴ
983 4969 1251 5040 συμφέρει
1274 4974 1338 5044 τῇ
1371 4975 1517 5048 ψυχῇ
1545 4995 1640 5032 σου
1669 4998 1940 5035 ταπεινω·

352 5050 512 5118 θῆναί
561 5069 621 5104 σε
669 5053 756 5108 διὰ
809 5055 906 5126 τὴν
957 5059 1158 5130 πολλὴν
1188 5061 1289 5133 τῆς
1320 5065 1574 5139 γλώσσης
1617 5071 1934 5141 ἀκολασίαν,

353 5143 462 5197 ίδοὺ
490 5144 768 5200 ἐκδέδοσαι
807 5148 1042 5221 δαίμονι,
1079 5151 1139 5216 ὃς
1171 5154 1258 5209 διὰ
1289 5158 1472 5229 πάσης
1523 5178 1617 5215 σου
1653 5165 1751 5235 τῆς
1790 5167 1937 5237 ζωῆς

349 5236 504 5289 ἔσται
558 5238 828 5294 παιδεύων
885 5259 966 5297 σε.
1026 5245 1214 5301 Ταῦτα
1269 5249 1402 5319 ὁμοῦ
1455 5269 1515 5304 τε
1577 5255 1710 5325 πρὸς
1770 5260 1935 5314 αὐτὸν

348 5328 558 5400 εἰρήκει
589 5331 855 5405 μαθητὴς,
889 5341 984 5390 καὶ
1024 5339 1232 5410 δαίμων
1271 5343 1349 5414 τῷ
1393 5345 1548 5416 ἀνδρὶ
1586 5349 1782 5419 ἀθρόον
1815 5354 1936 5406 ὲπι-

348 5422 618 5494 πηδήσας,
647 5425 882 5492 ὡλόλυζε
922 5431 990 5484 δι’
1027 5433 1216 5502 αὑτοῦ,
1269 5439 1364 5491 καὶ
1393 5442 1473 5502 εἰς
1495 5442 1600 5512 γῆν
1629 5444 1720 5497 τὸν
1749 5445 1934 5500 ἄθλιον

346 5517 723 5586 κατερρίπτει,
756 5523 850 5575 καὶ
891 5523 992 5578 ὅσα
1034 5526 1146 5581 τῶν
1171 5527 1553 5600 δαιμονῶντων
1579 5536 1822 5606 ἀκριϐῶς
1854 5539 1932 5592 δι-

344 5611 534 5660 umet.

418 5705 558 5770 σκγ’.
595 5702 660 5758 Ἡ
709 5705 846 5777 γυνὴ
884 5708 1062 5768 τοίνυν
1114 5712 1208 5769 τοῦ
1245 5714 1492 5772 διακόνου
1542 5720 1637 5775 καὶ
1677 5724 1724 5776 οί
1757 5741 1926 5795 προσ-

2065 485 2264 540 eodem
2292 486 2566 558 discipulo
2620 490 2677 545 in
2730 494 3264 552 commendationem
3305 500 3408 554 viri
3434 499 3647 572 profer-

2065 586 2284 642 rentur,
2321 579 2536 650 placide
2571 582 2638 638 ad
2662 584 2818 639 illum
2851 601 3159 646 conversus
3180 589 3438 662 Symeon,
3473 593 3645 650 dixit:

2064 670 2182 725 Non
2218 680 2441 741 oportet
2471 673 2598 729 talia
2614 675 2682 731 de
2706 679 2965 748 quopiam
3013 681 3332 738 testimonia
3379 683 3533 749 dare,
3568 695 3648 740 ta—

2064 763 2226 818 metsi
2255 764 2400 819 l‘orte
2426 781 2621 822 revera
2663 770 2918 826 subsint:
2944 772 3134 828 desine
3178 773 3367 846 igitur,
3429 776 3502 830 mi
3537 776 3647 831 fra-

2062 861 2167 920 ter,
2204 868 2329 924 quae
2356 855 2579 927 ignoras
2626 859 2921 918 afﬁrmare.
2961 863 3030 918 Et
3061 879 3227 919 manu
3277 882 3379 936 per
3421 867 3649 938 capillos

2063 944 2262 1015 capitis
2299 947 2644 1005 sacerdotem
2681 952 3060 1022 prehendens:
3120 954 3341 1025 Impure
3385 973 3448 1013 ac
3480 959 3643 1011 mali-

2061 1051 2165 1108 gne
2195 1037 2450 1107 spiritus.
2485 1039 2582 1106 ait,
2615 1042 3022 1113 quihominem
3050 1047 3202 1103 hunc
3223 1047 3440 1110 incolis.
3466 1065 3636 1118 argue

2061 1143 2247 1184 coram
2277 1131 2436 1187 hisce
2475 1133 2841 1204 praesentibus
2886 1138 3102 1212 nefaria
3140 1148 3198 1195 et
3249 1142 3437 1211 iniqua
3499 1143 3649 1198 illius

2059 1233 2347 1290 opera;ut
2391 1237 2654 1295 agnoscat
2713 1227 2887 1283 Deum
2946 1245 3068 1286 esse
3127 1233 3420 1288 Dominum
3481 1244 3650 1305 atque

2059 1312 2312 1383 opiﬁcem
2342 1318 2755 1385 universorum,
2803 1323 2897 1391 qui
2926 1319 3166 1377 ﬁrmavit
3189 1327 3389 1381 cmlum
3418 1337 3474 1381 et
3513 1344 3648 1382 cou-

2061 1405 2199 1462 didit
2230 1416 2474 1476 terram;
2511 1415 2604 1479 qui
2637 1411 3061 1483 facitjudicium
3108 1415 3162 1470 in
3189 1418 3431 1479 excelso,
3465 1427 3520 1473 et
3555 1436 3650 1488 p0-

2060 1498 2173 1552 suit
2195 1499 2468 1570 justitiam
2496 1501 2552 1555 in
2594 1512 2762 1558 terra.
2794 1504 2864 1560 Et
2897 1504 3112 1561 dtemon
3173 1508 3464 1565 clamitans
3498 1509 3648 1564 illico

2059 1598 2225 1660 atque
2262 1592 2478 1663 eiulans
2506 1583 2916 1650 vociferabatur
2942 1597 3134 1668 grandi
3177 1615 3304 1654 eum
3357 1603 3592 1671 strepitu
3631 1619 3642 1655 :

2057 1678 2291 1751 [Equum
2315 1685 2523 1753 patitur
2551 1702 2565 1740 :
2604 1702 2704 1742 cur
2736 1689 2884 1744 enim
2915 1690 3208 1746 idololatra
3263 1693 3375 1756 ille,
3409 1694 3500 1748 ille
3549 1710 3644 1749 vc-

2059 1774 2292 1840 neﬁeus,
2322 1777 2413 1834 ille
2441 1779 2734 1850 impostor,
2763 1778 2855 1837 ille
2886 1783 3111 1854 impius,
3144 1793 3200 1839 et
3219 1801 3340 1855 quae
3358 1793 3642 1854 praeterea,

2061 1865 2129 1921 ad
2171 1875 2222 1924 te
2242 1884 2328 1925 me
2351 1871 2622 1927 adduxit?
2648 1866 2702 1927 et
2730 1889 2880 1930 nunc
2911 1890 3012 1946 ego
3031 1875 3149 1946 ipse
3180 1876 3398 1931 crucior
3425 1877 3644 1944 acerbe,

2060 1958 2207 2028 quod
2242 1959 2391 2017 illius
2420 1972 2572 2034 gesta
2603 1964 2864 2020 omnibus
2893 1964 3189 2021 manifesta
3226 1967 3378 2021 ﬁant.

2129 2050 2255 2107 9.2L
2290 2053 2443 2110 Talia
2480 2055 2652 2128 igitur
2671 2058 2953 2128 multaque
2976 2058 3316 2114 similiacum
3348 2077 3378 2114 a
3398 2060 3645 2114 daemone

2061 2146 2462 2215 proferrentur,
2556 2149 3010 2221 inferrenturque
3104 2152 3316 2207 homini
3373 2152 3643 2223 supplicia

2060 2241 2267 2310 gravia,
2296 2257 2362 2296 ne
2396 2240 2472 2296 illi
2510 2241 2735 2312 quidem
2765 2243 2860 2312 qui
2915 2242 3202 2300 doloribus
3250 2245 3409 2299 vacui
3461 2252 3640 2308 erant,

2063 2338 2367 2399 temperare
2398 2332 2590 2387 oculos
2623 2348 2652 2387 a
2703 2333 2961 2406 lacrymis
3015 2345 3276 2405 potuere:
3318 2353 3458 2391 uxor
3493 2347 3642 2393 certe

2059 2431 2114 2476 ct
2143 2418 2456 2492 propinqui,
2485 2432 2627 2480 totos
2648 2441 2708 2480 se
2740 2426 2792 2480 in
2822 2427 2998 2482 solum
3026 2439 3461 2498 prosternentes,
3492 2431 3644 2500 plan-

2059 2521 2361 2582 gentesque
2388 2517 2741 2586 etejulantes
2763 2519 3145 2583 acerbissime,
3208 2521 3342 2591 quid
3395 2538 3504 2576 non
3563 2523 3643 2576 la-

2062 2603 2443 2659 nientabilium
2492 2622 2690 2662 vocum
2753 2624 2941 2665 coram
3003 2621 3192 2667 sancto
3249 2614 3644 2669 eﬂ'undehaut?

2059 2693 2286 2750 Talibus
2351 2695 2586 2754 ittﬂcxus
2626 2699 2887 2773 Symcon,
2951 2702 3289 2772 increpando
3336 2704 3645 2760 mentionem

2059 2800 2180 2840 mox
2211 2801 2242 2841 e
2277 2787 2398 2841 viro
2426 2791 2690 2860 expellit:
2717 2795 2945 2864 quijam
2980 2795 3146 2861 liber,
3182 2797 3403 2868 sibique
3461 2807 3516 2853 ct
3558 2815 3644 2853 ra-

2059 2876 2196 2932 tioni
2227 2879 2495 2943 redditus,
2519 2898 2582 2938 ac
2614 2885 2785 2953 probe
2827 2886 3143 2956 intelligens
3177 2891 3400 2968 quantis
3450 2892 3504 2945 in
3531 2892 3640 2946 vita

2058 2971 2665 3042 pnetcrita-scclerilms
2693 2978 2918 3034 deditus
2954 2981 3168 3045 luisset,
3204 2993 3496 3039 accusator
3554 2988 3644 3042 sui

1981 3060 2024 3118 C
2058 3062 2233 3120 factus
2264 3076 2346 3121 est
2372 3085 2384 3122 :
2416 3067 2663 3139 nihilque
2689 3072 2982 3150 scelerum,
3009 3085 3224 3129 secreto
3273 3087 3638 3145 patratorum,

2057 3170 2252 3212 eorum
2302 3158 2468 3214 etiam
2519 3179 2640 3231 qua:
2683 3175 2951 3220 teternnin
3005 3169 3173 3223 latere
3221 3171 3645 3229 convenientius

2056 3257 2196 3311 erat,
2225 3264 2458 3319 qumque
2483 3267 2512 3307 a
2544 3255 2702 3309 nobis
2738 3256 3114 3325 particuiatitu
3147 3261 3218 3314 ob
3249 3263 3654 3328 verecundiam-

2058 3335 2485 3395 imhecilliorutu
2523 3347 2876 3401 "memoranda
2911 3364 3018 3402 non
3057 3359 3205 3416 sunt,
3236 3351 3460 3408 silentio
3483 3369 3639 3424 pres-

2056 3428 2162 3492 sit;
2205 3431 2300 3485 sed
2334 3435 2520 3487 omnia
2551 3436 2704 3489 nullo
2726 3451 2958 3508 excepto
2990 3441 3168 3509 palam
3193 3450 3249 3497 et
3279 3454 3467 3514 aperta
3499 3463 3640 3515 pra:-

2056 3519 2300 3574 sentiam
2331 3525 2562 3580 auribus
2593 3527 2842 3597 ingessit,
2888 3531 3063 3586 factus
3095 3533 3360 3605 deinceps
3391 3538 3496 3591 sibi
3522 3540 3637 3608 ipse

2055 3624 2269 3667 censor.
2305 3613 2703 3672 “emissionem
2742 3620 2903 3690 igitur
2929 3621 2999 3676 ob
3042 3623 3238 3678 delicta
3285 3642 3411 3680 eum
3460 3630 3657 3696 pomi--

2058 3703 2226 3758 tentia
2261 3707 2610 3777 coniunctam
2634 3710 2932 3780 accipiens,
2970 3729 3227 3770 reversus
3249 3726 3352 3773 est.

2123 3792 2248 3849 29.2.
2290 3797 2446 3853 Alius
2471 3799 2694 3868 quidam
2729 3802 3035 3859 Antiochia:
3069 3808 3362 3874 oriundus,
3403 3815 3634 3886 ejusq‘t‘e

2054 3883 2317 3942 Ecclesia:
2351 3887 2623 3954 minister,
2653 3891 2892 3949 Joannes
2919 3894 3107 3952 itidem
3138 3899 3344 3969 dictus,
3377 3883 3483 3961 non
3518 3883 3635 3962 mo-

2051 3974 2124 4032 do
2159 3978 2530 4049 blasphemias
2562 3993 2753 4039 contra
2785 3997 3036 4042 sanctum
3071 3990 3360 4050 eﬂ'utiehat
3393 4014 3633 4069 semper,

2049 4076 2106 4121 et
2153 4068 2356 4140 lingute
2389 4073 2810 4144 intemperantis
2855 4083 3223 4139 contumelias
3267 4103 3368 4157 pro
3421 4068 3638 4148 deliciis

2050 4157 2320 4229 habebat;
2345 4165 2660 4233 quinetiam
2698 4183 2764 4222 eo
2798 4169 3023 4229 insania:
3049 4180 3338 4245 processit,
3376 4189 3437 4235 ut
3464 4185 3635 4240 refcr-

2051 4257 2159 4306 tam
2198 4251 2414 4326 injuriis
2447 4258 2734 4328 epistolam
2769 4264 2994 4333 (quanta
3045 4270 3184 4326 solet
3229 4272 3436 4330 audere
3478 4280 3634 4333 mali-

2051 4345 2146 4410 tia,
2179 4357 2236 4401 et
2280 4357 2485 4408 temere
2529 4366 2721 4410 contra
2755 4359 3044 4414 veritatem
3080 4363 3322 4438 moliri!)
3353 4369 3419 4422 ad
3454 4371 3633 4441 ipsum"

2046 4439 2310 4495 mitteret.
2347 4442 2498 4499 lianc
2530 4446 2620 4503 ille
2658 4449 2955 4519 accipiens,
2989 4464 3048 4509 et
3079 4455 3274 4524 spiritu
3299 4439 3630 4529 prmvidens.

2044 4532 2325 4601 quomodo
2360 4551 2460 4604 per
2489 4537 2594 4594 hoc
2624 4540 2942 4610 aliquando,
2974 4561 3084 4600 non
3127 4548 3251 4604 sine
3272 4553 3633 4625 castigatione

2043 4623 2254 4680 diutius
2291 4641 2650 4696 permanente
2696 4647 2752 4689 et
2785 4636 3055 4693 scelerum
3103 4643 3430 4699 memoriam
3465 4663 3629 4702 renn-

2043 4723 2228 4780 vante,
2284 4723 2692 4778 convertendus
2746 4727 2812 4780 ad
2872 4730 3157 4788 meliorem
3207 4733 3418 4807 frugem
3461 4752 3629 4804 esset,

2040 4807 2314 4865 advocato
2365 4814 2582 4869 cuidam
2615 4816 2685 4871 ad
2716 4834 2773 4873 se
2806 4819 3082 4893 discipulo
3115 4826 3252 4883 dicit
3284 4847 3297 4883 :
3325 4831 3490 4886 Abito
3519 4834 3631 4888 An-

2041 4900 2303 4958 tiochiam
2341 4906 2410 4960 ad
2449 4907 2742 4965 diaconum
2793 4915 3086 4979 Joannem,
3127 4931 3184 4976 et
3232 4920 3350 4977 haec
3409 4923 3486 4978 illi
3545 4942 3629 4999 re-

2039 4995 2294 5049 nuntiato
2321 5013 2444 5053 meo
2479 5003 2700 5058 nomine
2731 5021 2745 5057 :
2780 5005 3053 5072 Quoniam
3086 5011 3310 5080 expedit
3349 4996 3626 5071 humiliari

2041 5096 2094 5140 te
2128 5089 2295 5144 corde
2325 5103 2551 5162 propter
2592 5095 2820 5152 nimiam
2859 5099 3059 5170 linguae
3101 5103 3622 5176 intemperantiam;

2037 5193 2169 5234 ecce
2227 5182 2464 5239 traditus
2504 5185 2743 5243 daemoni
2791 5207 2872 5258 es,
2904 5195 2997 5262 qui
3052 5211 3150 5264 per
3193 5213 3413 5253 omnem
3457 5201 3622 5255 vitam

2038 5273 2327 5342 castigabit
2359 5283 2433 5331 te.
2463 5275 2640 5334 Simul
2669 5289 2834 5351 atque
2865 5284 2981 5339 hzec
3011 5285 3262 5341 edixerat
3295 5288 3620 5358 discipulus,

2037 5369 2268 5429 repente
2326 5379 2565 5435 nequam
2614 5369 2846 5439 Spiritus
2904 5371 2959 5425 in
3017 5373 3300 5430 hominem
3351 5379 3620 5443 insiliens,

2036 5453 2444 5511 vociferabatur
2499 5475 2601 5529 per
2661 5477 2723 5517 os
2774 5463 2968 5533 ipsius,
3032 5465 3297 5522 miserum
3350 5469 3625 5542 afﬂigebat

2036 5539 2211 5608 humi,
2258 5551 2314 5597 et
2359 5561 2483 5615 quae
2529 5548 2881 5608 daemoniacis
2936 5557 3159 5610 evenire
3211 5559 3390 5613 solent
3455 5562 3628 5630 probe

2034 5638 2460 5705 exsequebatur.

2103 5729 2227 5786 223.
2271 5730 2484 5808 Conjux
2552 5737 2720 5810 igitur
2782 5749 2838 5796 et
2907 5744 3316 5815 consanguinei
3370 5743 3630 5810 diaconi.
