4038 6208
440 256 576 326 3191

1653 272 1712 333 S.
1754 266 2132 332 SYMEONIS
2167 270 2314 332 JUN
2326 271 2530 332 [ORIS

3559 272 3704 338 31θέ

441 386 659 443 poenam
707 373 827 446 ejus
878 383 1196 445 reputantes
1227 393 1404 443 suam,
1457 387 1512 434 et
1542 380 1800 436 acerbius
1847 383 2002 436 etiam

2121 382 2366 452 ήκοντες,
2414 384 2611 437 οἰκεῖον
2652 382 2712 434 τὸ
2747 382 2957 436 ἐκείνου
3003 381 3176 446 πάθος
3230 382 3560 452 ποιούμενοι,
3605 391 3702 441 καὶ

438 476 604 529 quam
654 462 770 533 ipse
817 466 1072 532 cruciati,
1129 469 1430 525 ascendunt
1475 486 1598 526 cum
1648 472 1741 526 illo
1791 471 1859 526 ad
1907 472 2010 544 Sy-

441 568 718 616 meonem,
767 556 1110 627 plangentes,
1153 559 1526 628 procidentes,
1577 571 1890 632 precantes,
1950 571 2011 618 ut

437 643 729 700 miseratus
792 647 1157 703 calamitatem
1213 666 1402 716 suam,
1469 653 1742 710 infelicem
1797 656 1930 709 velit
1977 671 2009 710 a

435 735 724 791 vexatione
770 737 1034 793 daemonis
1081 739 1336 797 liberare.
1374 742 1571 798 Verum
1598 745 1688 800 ille
1729 754 2012 801 mansueta

435 839 568 880 voce
617 826 684 881 ad
737 826 1032 883 diaconum
1083 846 1279 888 versus
1319 851 1332 886 :
1366 834 1619 904 Expedit,
1679 837 1774 902 ait,
1816 838 2013 892 animae

435 924 543 971 tute
580 926 632 972 te
674 933 785 972 non
824 919 1047 976 liberari
1085 941 1098 975 :
1141 940 1319 995 neque
1367 927 1514 982 enim
1555 927 1730 982 dolori
1772 943 1873 984 suo
1909 929 2012 984 ob-

434 1009 771 1078 sequebatur
831 1012 914 1066 vir
971 1015 1226 1070 omnibus
1281 1020 1640 1086 compatiens,
1693 1033 1817 1073 cum
1867 1031 2012 1076 esset

433 1100 590 1167 quasi
643 1099 998 1169 impassibilis
1047 1104 1189 1160 :sed
1245 1107 1516 1175 potiorem
1577 1108 1772 1163 animat
1820 1125 2012 1165 curam

433 1187 680 1258 gerebat,
734 1200 924 1259 utpote
976 1194 1157 1249 sciens
1205 1194 1617 1252 infirmitatibus
1681 1200 2012 1266 animarum,

433 1277 686 1344 quamvis
722 1287 778 1334 et
831 1281 952 1335 aliis
986 1282 1176 1343 etiam,
1219 1299 1384 1353 quam
1414 1286 1744 1342 dexterrime
1779 1290 2010 1345 mederi.

433 1364 506 1422 Ut
537 1367 699 1432 scias,
755 1369 957 1440 inquit,
1014 1375 1272 1442 potentiae
1316 1375 1516 1431 divinae
1547 1378 1601 1431 id
1653 1395 1796 1443 esse,
1847 1397 2011 1449 quam

427 1467 493 1532 tu
555 1459 823 1516 hactenus
882 1463 1167 1519 offendens
1220 1466 1530 1535 ignorabas,
1586 1470 1652 1523 ad
1707 1471 2011 1526 curandum

432 1551 770 1618 pertinacem
812 1554 1191 1611 infidelitatem
1225 1567 1411 1626 tuam;
1454 1561 1674 1624 mando,
1711 1563 1763 1616 in
1787 1564 2010 1619 nomine

435 1640 584 1696 illius
636 1642 966 1699 inhabitanti
1017 1645 1072 1698 in
1125 1655 1176 1700 te
1216 1646 1471 1713 daemoni,
1503 1651 1861 1722 quadraginta
1891 1654 2009 1709 dies

2120 473 2321 544 μᾶλλον
2354 473 2505 526 αὐτοὶ
2534 473 2834 542 πάσχοντες
2866 472 2963 535 τὰς
2989 471 3187 543 ψυχὰς,
3216 473 3397 526 ἀνίασι
3431 474 3528 526 σὺν
3551 475 3702 545 αὐτῷ

2115 566 2253 635 πρὸς
2278 564 2370 618 τδν
2401 564 2645 635 Συμεὼν,
2665 565 2928 635 δεόμενοι,
2953 563 3301 636 θρηνοῦντες,
3326 567 3699 635 προσπίπτονο

2114 672 2227 718 τες,
2273 645 2620 725 οἰκτείραντα
2667 657 2765 725 τῆς
2809 659 3094 724 συμφορᾶς
3141 658 3341 720 αὐτοὺς
3379 659 3478 725 τῆς
3514 657 3576 711 ἑκ
3601 659 3700 712 τοῦ

2113 745 2368 815 δαίμονος
2397 746 2605 799 ἐκεῖνον
2628 745 2892 816 ἐπηρείας
2915 747 3140 801 ἀνεῖναι.
3177 748 3239 799 Ὀ
3262 746 3338 810 δὲ,
3382 747 3542 800 Ἀλλὰ
3567 764 3699 817 συμ-

2115 835 2270 905 φέρει
2308 837 2371 906 τῇ
2405 834 2549 906 ψυχῇ
2584 852 2677 888 σου
2709 836 2786 908 μὴ
2822 837 3078 907 ἀνεθῆναι
3116 855 3199 903 σε,
3232 839 3420 907 πράως
3453 840 3588 909 πρὸς
3608 840 3702 893 τὸν

2115 923 2360 977 διάκονον
2417 924 2521 996 ἔφη
2547 941 2560 955 ·
2617 926 2738 980 οὐδὲ
2779 927 2888 997 γάρ
2931 928 3132 982 οἰκεῖον
3182 929 3422 1000 ἐπλήρου
3459 929 3631 993 πάθος
3669 933 3702 984 ὁ

2117 1014 2430 1086 συμπαθὴς,
2467 1016 2499 1086 ῆ
2545 1018 2640 1070 καὶ
2687 1017 2904 1089 ἀπαθὴς
2951 1018 3368 1090 τάληθέστερον,
3417 1020 3554 1073 ἀλλὰ
3599 1022 3703 1090 τῆς

2115 1107 2328 1160 ἐκείνου
2387 1107 2569 1176 ψυχῆς
2609 1109 2834 1178 ὲκήδετο
2889 1109 3110 1178 μᾶλλον,
3155 1111 3184 1162 ὁ
3231 1110 3376 1181 πάθη
3425 1111 3617 1181 ψυχῶν
3650 1113 3702 1164 εἰ

2115 1198 2210 1252 καί
2235 1216 2288 1251 τι
2312 1199 2460 1262 ἄλλο,
2487 1199 2686 1270 ἄριστα
2715 1199 3040 1270 θεραπεύειν
3085 1202 3290 1264 ἐκεῖνος
3314 1202 3490 1266 εἰδὼς,
3522 1203 3597 1266 ὡς
3632 1203 3702 1256 ἂν

2115 1291 2278 1362 εἰδῇς,
2316 1291 2498 1360 φησὶν,
2535 1291 2617 1344 ὅτι
2649 1290 2876 1362 δύναμις
2901 1291 3039 1344 Θεοῦ
3063 1294 3231 1356 ἐστιν,
3323 1293 3386 1346 σὺ
3415 1293 3581 1364 μέχρι
3605 1294 3702 1346 νῦν

2116 1382 2477 1452 προσκόπτων
2511 1381 2748 1452 ἠγνόεις,
2783 1382 2867 1434 ἵνα
2897 1381 2992 1435 καὶ
3027 1381 3088 1433 τὸ
3127 1382 3262 1434 πολὺ
3302 1383 3404 1451 τῆς
3437 1384 3706 1447 ἀπιστίας

2116 1473 2278 1527 αὑτοῦ
2307 1474 2486 1538 ποσῶς
2517 1473 2851 1546 θεραπεύσῃ,
2889 1473 3255 1545 παραγγέλλω
3281 1476 3338 1527 ὲν
3367 1474 3445 1544 τῷ
3472 1473 3708 1544 ὀνόματι

2115 1567 2280 1620 αὐτοῦ
2310 1566 2385 1637 τῷ
2416 1567 2711 1621 ἐνοικοῦντί
2745 1585 2827 1620 σοι
2853 1567 3090 1637 δαίμονι,
3121 1567 3527 1636 τεσσαράκοντα
3558 1568 3709 1638 ἠμέ-

2120 1675 2222 1728 ρας
2254 1659 2348 1711 καὶ
2375 1656 2578 1720 νύκτας
2613 1656 2734 1721 ίσας
2755 1657 3049 1726 ἀφέξεσθαι
3081 1674 3197 1710 σου.
3236 1658 3412 1726 Ὅπερ
3432 1652 3526 1710 οὖν
3556 1657 3708 1708 κατά

435 1733 772 1804 totidemque
822 1747 1015 1790 noctes
1061 1737 1289 1792 missum
1343 1750 1398 1794 te
1446 1740 1631 1797 faciat.
1679 1744 1833 1810 Quod
1882 1762 2002 1800 cum

2114 1722 2174 1800 τὸ
2214 1747 2376 1801 αὐτοῦ
2414 1749 2694 1818 ἐπίταγμα
2740 1722 2985 1816 γεγονὸς,
3037 1747 3176 1818 μετὰ
3219 1749 3317 1818 τὴν
3362 1722 3560 1818 ὲ-νάτην
3604 1747 3707 1800 ἐπὶ

427 1827 581 1897 juxta
615 1826 934 1881 mandatum
981 1829 1100 1899 ejus
1149 1831 1460 1898 accidisset,
1505 1835 1692 1906 elapso
1730 1839 2010 1908 trigesimo

431 1933 579 1974 nono
629 1919 718 1976 die
774 1920 1010 1976 redeunt
1065 1922 1227 1977 simul
1295 1925 1441 1994 ipse,
1493 1929 1720 1997 conjnx,
1782 1931 2005 2000 propin-

431 2009 547 2080 qui,
603 2009 978 2068 omnimodam
1038 2012 1426 2069 liberationem
1475 2027 1746 2085 petentes.
1796 2019 1865 2074 At
1917 2021 2007 2074 ille

427 2103 522 2172 qui
579 2103 885 2158 animarum
930 2105 1094 2160 saluti
1145 2123 1364 2178 semper
1399 2109 1657 2164 studebat
1711 2114 2003 2182 praecipue,

428 2194 598 2265 probe
631 2210 971 2267 cognOScens
1014 2199 1210 2254 animze
1229 2201 1356 2271 ejus
1379 2200 1632 2269 expedire
1683 2203 1824 2258 hanc
1846 2207 2010 2260 casti-

426 2285 724 2355 gationem,
776 2303 887 2343 non
921 2305 1178 2346 assensus
1231 2301 1317 2348 est
1349 2294 1604 2362 petitioni
1638 2295 1880 2350 illorum.
1910 2296 2005 2351 sed

426 2387 488 2433 ut
543 2379 884 2436 moderatior
937 2383 1298 2453 imposterum
1354 2386 1496 2442 foret
1566 2389 1830 2443 daemonis
1893 2389 2006 2444 vio-

427 2467 599 2522 lentia
654 2469 950 2524 concessit.
1005 2470 1204 2541 Sicque
1257 2489 1686 2543 energumenus,
1739 2476 2002 2546 perfecta,

425 2567 488 2612 ut
539 2560 784 2630 optabat,
819 2563 1103 2618 sanatione
1155 2581 1262 2620 non
1293 2566 1601 2638 impetrata.
1649 2577 1878 2624 mwstus
1918 2587 1998 2625 rc-

425 2653 613 2708 cessit.

493 2762 618 2819 εει.
661 2765 984 2822 Anastasius
1025 2767 1248 2837 quidam
1284 2771 1669 2838 scholasticus,
1715 2774 2004 2830 Antiochia

424 2856 680 2912 similiter
710 2858 999 2924 oriundus,
1037 2861 1122 2914 vir
1165 2862 1362 2932 lingua:
1394 2879 1626 2934 nequam
1658 2881 1720 2920 ac
1751 2867 2003 2936 petulan-

422 2949 516 3013 tis,
564 2965 631 3005 eo
663 2949 914 3006 evaserat
947 2962 1139 3006 contra
1185 2963 1436 3009 sanctum
1495 2957 1768 3023 amentire,
1815 2967 1911 3013 aut
1953 2959 1998 3014 si

424 3042 655 3096 mavelis
701 3042 928 3107 furoris,
979 3060 1102 3113 quae
1147 3060 1249 3098 vox
1302 3047 1469 3099 etiam
1525 3049 1844 3116 expressius
1881 3066 1994 3105 rem
2025 3062 2074 3125 ο

422 3131 693 3202 designat,
746 3142 808 3188 ut
839 3134 1174 3188 mirabilium
1218 3151 1248 3190 a
1279 3146 1469 3191 sancto
1503 3148 1844 3206 patratorum
1874 3156 2004 3211 opc-

423 3239 548 3284 rum
581 3233 866 3280 auctorem
913 3242 1022 3281 non
1073 3228 1267 3294 Deum,
1312 3229 1408 3283 sed
1457 3230 1722 3299 pessitnas
1741 3233 2002 3301 quasdam

423 3327 570 3371 artes
619 3317 941 3371 eorumdem
982 3318 1290 3376 effectrices
1320 3336 1440 3377 esse
1477 3321 1667 3377 inscite
1721 3325 2001 3394 stulteque

423 3407 742 3463 blateraret.
793 3409 949 3476 Quod
999 3410 1093 3464 ubi
1147 3412 1217 3466 ad
1269 3427 1433 3467 aures
1463 3414 1635 3467 sancti
1676 3413 1818 3469 fama
1874 3431 2002 3485 per-

422 3497 594 3553 latum
615 3507 721 3562 est,
752 3499 1232 3555 commiseratione
1265 3500 1410 3556 illius
1441 3511 1636 3568 tactus,
1685 3505 2003 3559 conversio-

423 3605 549 3645 nem
588 3592 1030 3661 pracstolabatur,
1084 3593 1162 3647 uti
1209 3595 1298 3648 lex
1328 3594 1424 3648 Dei
1476 3595 1726 3650 homines
1769 3599 2002 3653 amantis

417 3683 595 3757 jubet.
650 3683 852 3739 Verum
892 3686 1040 3739 enim
1084 3701 1214 3740 vero
1256 3696 1611 3756 posteaquam
1662 3690 2000 3757 pertinacem

420 3775 598 3840 illum,
632 3773 872 3829 divinam
905 3790 1036 3828 vero
1080 3775 1548 3845 longanimitatem
1586 3778 1851 3848 longioris
1883 3795 2000 3834 mo-

422 3884 496 3924 ra:
519 3867 916 3938 impatientem,
947 3868 1308 3938 strictumque
1336 3869 1446 3938 jam
1481 3870 1707 3924 rutilare
1736 3871 1997 3941 gladium,

419 3969 475 4015 et
501 3975 687 4014 arcum
719 3968 908 4014 contra
939 3960 1217 4014 hominem
1278 3970 1514 4027 tensum,
1554 3970 1850 4031 parataque
1879 3979 2000 4019 esse

419 4065 546 4104 vasa
570 4050 764 4104 mortis
807 4049 1209 4121 deprehendit;
1256 4050 1653 4120 discipulorum
1685 4054 1998 4123 quempiam

418 4138 694 4196 advocans
729 4140 868 4209 (erat
923 4149 1107 4193 autem
1143 4155 1335 4210 magna
1380 4141 1471 4195 illa
1501 4141 1640 4206 dies,
1670 4159 1777 4211 qua
1807 4145 1998 4214 mysti-

420 4247 539 4285 cam
587 4229 843 4285 Christus
885 4245 1098 4285 cenam
1157 4230 1416 4295 instituit,
1473 4248 1578 4302 qua
1637 4233 1996 4289 lanandorum

418 4323 618 4395 pedum
649 4323 1018 4378 ministerium
1049 4323 1243 4388 obivit,
1284 4340 1390 4394 qua
1427 4341 1528 4395 pro
1558 4325 1719 4380 nobis
1763 4326 1998 4381 traditus

2113 1839 2402 1910 τριάκοντα
2421 1834 2557 1910 ἧκεν
2591 1839 2725 1908 ὁμοῦ
2753 1839 2974 1907 γυναικὶ
2998 1841 3090 1891 καὶ
3117 1841 3483 1907 προσήκουσιν
3513 1837 3700 1906 αὖθις,

2111 1930 2430 2000 ἀπαλλαγὴν
2467 1931 2681 1984 τελείαν
2714 1930 3010 1994 αἰτοῦντες.
3061 1930 3119 1983 ὐ
3157 1931 3213 1984 δὲ
3261 1931 3560 1984 λυσιτελεῖν
3593 1934 3700 1986 αὐ-

2109 2019 2204 2072 τοῦ
2249 2023 2314 2087 τῇ
2351 2021 2493 2091 ψυχῇ
2542 2021 2642 2091 τὴν
2692 2023 2946 2076 παιδείαν
2988 2023 3163 2088 εἰδὼς,
3195 2016 3239 2091 ᾧ
3273 2025 3366 2076 καὶ
3394 2025 3584 2094 ψυχῶν
3627 2021 3702 2096 ἦν

2111 2112 2199 2164 ἀεὶ
2244 2112 2486 2182 σωτηρία
2535 2112 2596 2165 τὸ
2629 2114 3085 2186 σπουδαζόμενον,
3119 2115 3277 2168 τοῦτο
3312 2117 3410 2186 μὲν
3440 2119 3541 2170 οὐκ
3581 2118 3698 2170 ἀπ-

2111 2204 2348 2268 ένευσεν,
2373 2205 2489 2259 ἀλλ’
2520 2207 2661 2260 ὥστε
2702 2210 3080 2279 μετριωτέραν
3121 2210 3270 2281 αὐτῷ
3300 2214 3434 2281 πρδς
3475 2213 3535 2263 τὸ
3566 2210 3700 2280 ἑξῆς

2109 2295 2331 2348 ἔσεσθαι
2367 2298 2568 2366 μᾶλλον
2594 2299 2686 2352 τοῦ
2715 2300 2966 2370 δαίμονος
2988 2301 3087 2372 τὴν
3117 2303 3382 2374 ἐπήρειαν
3405 2300 3573 2355 ’Καὶό
3591 2302 3699 2372 μὲν

2108 2390 2168 2443 οὐ
2197 2390 2429 2456 τελείας,
2465 2391 2540 2457 ὡς
2569 2391 2821 2446 ἐϐούλετο
2849 2393 2948 2463 τῆς
2977 2393 3245 2464 αἰτήσεως
3281 2391 3477 2462 τυχὼν,
3519 2393 3698 2463 ἀπῄει

2111 2483 2354 2551 στυγνός.

2177 2757 2309 2810 σκδ’.
2360 2757 2712 2822 ’Δναστάσιος
2759 2758 2816 2812 δέ
2861 2777 2946 2823 τις
2997 2757 3383 2830 Σχολαστικὺς,
3417 2755 3480 2809 τὺ
3533 2755 3697 2824 γένος

2120 2847 2446 2920 Ἀντιοχεὺς,
2475 2851 2650 2920 φαύλη
2691 2850 2914 2919 γλῶσσα
2955 2852 3049 2904 καὶ
3085 2851 3339 2918 ἀσελγὴς,
3373 2851 3453 2911 εἰς
3493 2851 3689 2902 τοσοῦ-

2104 2959 2197 2995 τον
2227 2941 2396 3012 ἤλασε
2429 2941 2570 2995 κατά
2617 2941 2710 2995 τοῦ
2760 2943 2916 3010 ἁγίου
2964 2942 3247 3018 ἀπονοίας,
3296 2941 3437 2994 εἰδὲ
3480 2940 3690 3011 βούλει,

2109 3034 2304 3103 μανίας
2339 3033 2387 3105 (ὃ
2418 3034 2514 3086 κα)⁸
2572 3034 2999 3104 συγγενέστερον
3032 3036 3233 3105 μᾶλλον
3266 3034 3344 3104 τῷ
3401 3035 3694 3106 πράγματι

2115 3127 2330 3195 ὖνομα),
2389 3127 2463 3190 ὼς
2498 3127 2634 3198 μηδὲ
2671 3127 2803 3180 Θεὸν
2872 3131 2984 3191 τοῖς
3033 3128 3350 3198 παραδόξως
3395 3131 3488 3183 ὑπ’
3523 3130 3694 3184 αὑτοῦ

2108 3219 2474 3288 τελουμένοις,
2512 3219 2649 3274 ἀλλά
2680 3239 2800 3275 τινα
2842 3222 3083 3292 πονηρὰν
3129 3223 3410 3292 ἐνέργειαν
3448 3226 3694 3292 ἀνοήτως

2111 3309 2491 3380 ἐπιφημίζειν.
2541 3311 2718 3383 Ὅπερ
2779 3313 2870 3365 τὸν
2902 3312 3043 3366 θεῖον
3101 3314 3272 3384 ἄνδρα
3323 3315 3689 3384 μανθάνοντα,

2112 3403 2340 3471 πάσχειν
2391 3402 2491 3470 μὲν
2542 3401 2684 3474 ὑπὲρ
2725 3404 2821 3456 τοῦ
2871 3404 3100 3473 ἀδελφοῦ
3129 3406 3228 3476 τὴν
3262 3405 3690 3476 ψυχὴν,ἀναμέ-

2107 3511 2218 3549 νειν
2249 3495 2306 3547 δὲ
2330 3494 2479 3565 ὅμως
2510 3493 2676 3547 αὐτοῦ
2707 3495 2804 3565 τὴν
2835 3496 3194 3567 ἐπιστροφὴν,
3227 3498 3366 3569 ὅπερ
3397 3497 3462 3567 δὴ
3497 3498 3691 3567 φιλαν-

2110 3587 2358 3659 θρωπίας
2417 3587 2553 3640 Θεοῦ
2613 3587 2798 3656 νόμος.
2837 3587 2927 3651 Ὠς
2971 3588 3029 3641 δὲ
3061 3588 3154 3641 τὸν
3208 3590 3307 3657 μὲν
3359 3590 3692 3659 ἐπιμένοντα

2110 3679 2276 3751 ἑώρα,
2312 3679 2410 3751 τὴν
2470 3679 2622 3732 θείαν
2670 3680 2852 3732 οὐκέτι
2913 3680 3295 3751 μακροθυμίαν
3327 3682 3688 3752 ἀνεχομένην,

2109 3773 2244 3826 ἀλλὰ
2297 3774 2394 3826 καὶ
2449 3772 2842 3843 στιλὸουμένην
2899 3773 3000 3844 ήδη
3060 3775 3359 3844 ῥομφαίαν,
3396 3776 3488 3828 καὶ
3529 3774 3688 3840 τόξον

2110 3865 2230 3918 κατ’
2265 3862 2428 3916 αὐτοῦ
2460 3864 2851 3933 ὲντεινόμενον,
2878 3865 3280 3934 ὲτοιμαζόμενα
3302 3865 3358 3918 δὲ
3384 3864 3479 3918 καὶ
3513 3869 3687 3937 σκεύη

2109 3956 2343 4009 θανάτου
2375 3971 2390 3985 ο
2423 3954 2532 4008 τῶν
2569 3955 2830 4025 μαθητῶν
2855 3955 2952 4009 ἕνα
2979 3956 3213 4020 καλέσας
3238 3953 3325 4027 (ἦν
3353 3957 3410 4011 δὲ
3445 3961 3477 4027 ἡ
3513 3960 3689 4027 μεγά-

2106 4047 2174 4116 λη
2204 4046 2310 4125 τοῦ.
2335 4045 2600 4117 μυστικοῦ
2646 4045 2885 4109 δείπνου,
2919 4048 3012 4100 καὶ
3041 4049 3137 4116 τῆς
3167 4049 3305 4119 ὑπὲρ
3350 4049 3508 4117 ἡμῶν
3552 4051 3691 4119 Χρε-

2109 4140 2236 4193 στοῦ
2266 4139 2618 4210 παραδόσεως
2649 4141 2746 4194 καὶ
2778 4141 3090 4210 οἰκονομίας
3115 4143 3320 4212 ἡμέρα)
3349 4142 3447 4213 τὴν
3482 4144 3690 4212 πικρὰν

2105 4231 2325 4302 ἐκείνην
2351 4231 2428 4301 τῷ
2453 4230 2623 4301 ἀθλίῳ
2657 4230 2852 4302 μηνύει
2874 4239 3046 4305 τομὴν
3081 4233 3427 4305 (τηνικαῦτα
3460 4233 3566 4302 γὰρ
3605 4230 3688 4303 τῷ

2108 4324 2381 4394 πνεύματι
2410 4324 2503 4376 καὶ
2535 4320 2704 4391 αὐτὴν
2742 4321 3093 4392 ἐπαγομένην
3157 4321 3342 4392 ἐώρα)
3403 4323 3691 4395 εἴσπραξιν

415 4421 526 4478 est)
547 4415 706 4485 jubet
731 4414 1040 4486 signiﬁcare
1087 4415 1291 4470 misero
1317 4415 1428 4478 isti,
1457 4416 1687 4471 acerbos
1715 4416 1838 4471 illos
1868 4432 1999 4470 cru-

2110 4417 2260 4488 αὐτῷ
2286 4418 2386 4486 τῆς
2418 4415 2625 4482 πολλῆς
2657 4405 2876 4467 ἔσεσθαι
2900 4413 3135 4479 ἀδικίας,
3164 4410 3232 4485 ἦς
3264 4415 3445 4467 λαλῶν
3489 4418 3570 4477 εἰς
3618 4417 3684 4469 τὺ

415 4510 593 4563 ciatus
614 4507 772 4581 (quos
794 4509 908 4578 jam
941 4518 1056 4564 tum
1112 4509 1310 4578 spiritu
1376 4509 1710 4583 prtevidehat
1771 4509 1850 4564 illi
1885 4509 1991 4564 im-

416 4601 682 4673 pendere)
712 4602 911 4658 ultioni
937 4603 1152 4659 futuros
1192 4619 1292 4673 pro
1346 4603 1558 4658 crebris
1615 4605 1989 4668 contumeliis,

415 4709 552 4765 quas
580 4691 876 4753 eﬂ‘utiisset
909 4706 1103 4750 contra
1151 4694 1516 4758 Altissimum,
1577 4695 1632 4748 in
1682 4695 1801 4765 ipso
1851 4697 1994 4752 etelo

417 4795 667 4842 statuens
690 4803 752 4843 os
783 4803 964 4843 suum.
1012 4787 1068 4842 ld
1122 4795 1307 4842 autem
1371 4788 1694 4844 renuntiare
1735 4788 1988 4858 jubebat,

416 4890 526 4929 non
553 4877 696 4945 quod
727 4887 947 4947 putaret
978 4876 1114 4940 fore,
1152 4886 1212 4930 ut
1242 4876 1505 4947 deinceps
1556 4877 1862 4933 abstineret
1886 4879 1994 4944 (vi—

416 4968 580 5024 debat
603 4985 837 5040 namque
871 4969 1350 5025 inconvertibilem
1396 4985 1540 5033 esse,
1592 4982 1757 5041 atque
1813 4971 1992 5025 immi-

413 5076 546 5115 nere
572 5062 684 5131 jam
723 5061 1201 5124 comminationes,
1251 5070 1306 5116 et
1335 5061 1491 5115 brevi
1545 5061 1861 5133 afl‘uturas).
1894 5062 1988 5117 sed

418 5160 479 5206 ut
510 5151 708 5207 similis
740 5151 928 5206 farina:
983 5159 1038 5206 et
1079 5151 1420 5207 infidelitatis
1477 5152 1797 5208 hominibus
1858 5169 1986 5209 cor-

415 5243 653 5316 rigentia:
686 5243 811 5299 vita:
860 5242 1113 5313 exemplo
1161 5251 1327 5308 esset,
1382 5259 1602 5300 causam
1672 5245 1991 5315 justissima:

413 5337 658 5400 omlitum
689 5344 880 5391 contra
905 5335 1082 5404 ipsum
1118 5335 1209 5390 ira!
1232 5344 1288 5391 et
1335 5335 1606 5392 immissas
1638 5353 1829 5406 ptenas
1879 5355 1986 5394 non

415 5429 820 5500 ignorantibus.
865 5428 1359 5499 lgiturdiscipulus
1388 5428 1488 5482 iste
1513 5429 1568 5484 in
1619 5430 1988 5484 celeberrimo

413 5518 713 5574 urbisloco
764 5519 1044 5574 hominem
1072 5518 1381 5584 inveniens,
1416 5521 1620 5575 habere
1650 5537 1729 5585 se,
1787 5521 1984 5591 inquit,

403 5609 559 5680 quod
591 5613 810 5665 nuntiet
859 5626 889 5666 a
928 5609 1218 5681 Symeone.
1263 5611 1509 5683 Cumque
1548 5615 1838 5684 juberetur
1895 5631 1987 5669 co-

411 5714 529 5756 ram
559 5701 918 5772 ptmsentibus
951 5701 1166 5758 edicere
1189 5702 1215 5770 ;'
1244 5719 1364 5774 quae
1415 5704 1680 5777 imperata
1722 5716 1879 5780 erant
1933 5707 1984 5762 in

2105 4509 2239 4580 ῦψος
2288 4505 2376 4580 ἦν,
2407 4509 2503 4562 καὶ
2533 4509 2614 4571 εἰς
2642 4507 2871 4576 οὐρανὸν
2913 4505 2974 4559 τὸ
3007 4508 3184 4577 στόμα
3210 4507 3491 4577 τιθέμενος
3528 4522 3543 4537 ⁸
3582 4511 3690 4580 οὐχ

2103 4604 2171 4657 ἶν’
2205 4604 2413 4657 ἐκεῖνον
2443 4601 2780 4672 ἀποσχέσθαι
2822 4601 3221 4672 παρασκευάσῃ
3252 4602 3389 4671 (ᾔδει
3413 4602 3522 4672 γάρ
3549 4603 3690 4671 ἀμε-

2101 4696 2344 4757 ταθέτως
2372 4695 2588 4766 ἔχοντα,
2625 4695 2992 4764 ὲφεστηκυῖαν
3022 4695 3078 4746 δὲ
3105 4693 3208 4763 ἤδη
3241 4695 3332 4746 καὶ
3361 4695 3461 4764 τὴν
3520 4696 3686 4747 ἀπειο

2101 4789 2218 4859 λὴν,
2261 4789 2355 4841 καὶ
2421 4787 2540 4840 οὐδὲ
2597 4785 2768 4856 βραχὺ
2819 4786 3232 4855 ἀναδυομένην),
3261 4785 3375 4839 ἀλλ’
3434 4787 3522 4839 ἴνα
3573 4789 3691 4852 τοῖς

2099 4878 2300 4944 ὁμοίως
2334 4877 2549 4946 ἔχουσιν
2574 4875 2832 4938 ἀπιστίας
2865 4875 3151 4944 διόρθωσις
3183 4876 3432 4946 γένηται,
3461 4877 3562 4946 τὴν
3595 4879 3687 4928 αἰ-

2099 4971 2222 5024 τίαν
2250 4970 2350 5038 τῆς
2381 4969 2586 5024 ἄνωθεν
2612 4969 2732 5021 κατ’
2758 4967 2922 5021 αὑτοῦ
2950 4967 3164 5030 δικαίας
3187 4969 3357 5038 ὀργῆς
3387 4970 3480 5021 καὶ
3509 4985 3685 5036 τιμω-

2102 5063 2224 5133 ρίας
2263 5063 2363 5115 οὐκ
2397 5062 2751 5130 ἀγνοήσασιν.
2799 5060 2859 5112 Ὀ
2898 5061 2996 5126 μὲν
3025 5059 3118 5113 οῦν
3152 5059 3402 5130 μαθητὴς
3451 5061 3512 5112 ὲν
3553 5062 3684 5113 ἐπι-

2101 5152 2260 5224 σήμῳ
2297 5152 2396 5222 τῆς
2427 5151 2633 5214 πόλεως
2667 5151 2832 5204 αὑτὸν
2862 5150 3135 5222 εὑρηκὼς,
3160 5151 3304 5220 ἔχειν
3329 5169 3384 5203 τι
3409 5150 3564 5222 παρά
3582 5151 3684 5205 τοῦ

2100 5244 2246 5297 θείου
2306 5242 2531 5313 Συμεὼν
2582 5241 2730 5310 αὐτῷ
2782 5242 3115 5308 ἀπαγγεῖλαι
3158 5237 3354 5296 εἶπεν·
3387 5242 3416 5294 ὃ
3446 5242 3685 5295 ἐπὶτῶν

2099 5335 2385 5406 παρόντων
2414 5332 2632 5386 ἐκέλευε
2656 5333 2856 5399 λέγειν.
2886 5333 2995 5385 Καὶ
3022 5334 3050 5386 ὀ
3080 5333 3180 5402 μὲν
3213 5333 3356 5403 ἇπερ
3393 5333 3684 5387 ἐντέταλτο

2098 5430 2335 5497 εἰρήκει,
2373 5430 2402 5480 ὁ
2453 5426 2510 5480 δὲ
2563 5426 2666 5479 ὑπὸ
2706 5425 2961 5494 δαίμονος
3025 5425 3227 5489 εὐθέως
3275 5429 3679 5496 καταρραγεὶς.

2097 5519 2285 5578 δεινῶς
2313 5536 2369 5570 τε
2393 5518 2821 5588 διασπαραχθε“ις
2852 5517 3157 5581 ὑπ’ςαῦτοῦ,
3189 5519 3450 5588 αἰσχρῶς,
3491 5518 3670 5589 οἶμοιί

2099 5613 2190 5666 καὶ
2222 5612 2320 5678 τῆς
2373 5610 2741 5680 ὲκδεξαμένης
2773 5612 2936 5664 αὐτὸν
2963 5611 3237 5674 κολάσεως
3267 5611 3434 5678 ἀξίως
3461 5611 3520 5664 ἐν
3552 5609 3682 5683 ὄψει

2098 5704 2314 5760 πάντων
2348 5704 2718 5772 καταστρέφει
2751 5704 2839 5757 τὸν
2870 5703 3004 5772 βίον.
