4038 6208
341 330 477 400 3193

1365 323 1528 385 VlTA
1564 323 1610 381 Α
1647 319 2087 383 NICEPHORO
2122 318 2607 381 CONSCRIPTA.

3462 319 3601 383 3194

343 446 585 503 medium
620 441 867 515 protulit.
910 441 1051 495 Ecce
1084 446 1267 493 autem
1299 438 1468 491 miser
1498 435 1590 490 ille
1646 435 1912 489 continuo
1950 441 2111 488 terra:
2175 431 2364 486 allisus
2424 428 2833 497 crudeliterque
2878 430 3187 500 discerptus
3239 448 3266 485 a
3329 432 3603 491 daemone.

342 550 399 595 et
432 539 649 609 dignam
709 533 1016 591 sceleribus
1068 532 1338 587 ultionem
1388 527 1692 597 excipiens,
1745 526 1916 579 vitam
1956 538 2081 577 cum
2117 532 2294 577 morte
2330 522 2647 592 turpissima
2689 522 3066 576 commutavit.

1739 665 1965 722 CAPUT
2004 665 2242 720 XXVIII.

1328 785 1554 855 Integris
1606 783 1824 853 familiis
1858 781 2027 835 multa
2084 777 2332 846 beneﬁcia
2367 778 2587 847 confert.

410 888 541 942 σκε’.
568 889 817 958 Ἰσαυρος
843 887 898 939 δέ
923 904 1027 949 τις,
1051 886 1220 957 ὄνομα
1244 888 1452 950 Κόνων,
1483 887 1543 939 ού
1566 885 1789 956 χαλεπῷ
1808 884 1912 937 δαί-

2094 894 2222 949 225.
2259 893 2481 947 lsaurus
2507 891 2727 959 aliquis,
2772 901 3122 962 nuncupatus
3148 893 3362 960 Conon,
3387 897 3601 952 crucia-

341 999 462 1051 μονι
498 981 779 1050 πέπληκτο
818 980 999 1049 μόνον,
1028 979 1162 1034 ἀλλὰ
1187 981 1276 1033 καὶ⁵
1299 981 1388 1034 τὸν
1408 980 1751 1052 ἀστράγαλον
1772 978 1921 1031 ἕλκει

338 1071 560 1145 πονηρῷ
584 1115 597 1137 ,
620 1074 697 1135 ὡς
727 1072 805 1143 τῷ
835 1072 933 1141 μὲν
962 1072 1369 1141 διαμασσᾶσθαι
1400 1072 1498 1143 τὴν
1523 1072 1791 1140 γλῶτταν,
1824 1070 1922 1123 ὅσα

338 1166 431 1217 καὶ
453 1164 617 1232 ἄρτον
639 1163 811 1233 αὐτὴν
833 1162 1103 1226 ἐσθίοντα,
1126 1163 1203 1232 τῷ
1225 1164 1281 1215 δὲ
1305 1162 1599 1239 σεσηπέναι
1622 1162 1681 1213 τὸ
1708 1160 1924 1239 σκέλος⁹

338 1254 557 1325 σαρκῶν
571 1271 629 1307 τε
651 1253 720 1307 τὰ
742 1254 877 1306 ὀστᾶ
891 1252 1302 1321 γεγυμνῶσθαι,
1317 1252 1409 1304 καί
1425 1269 1477 1305 τι
1495 1251 1729 1313 δυσῶδες
1745 1250 1925 1303 αὐτῶν

338 1348 601 1402 ἀποπνεῖν
630 1345 707 1408 ὡς
739 1346 871 1415 μηδὲ
899 1345 1135 1414 φορητὸν
1159 1340 1300 1397 εἶναι
1330 1345 1616 1413 ὀσφρήσει.
1646 1337 1811 1403 Οὗτος
1839 1343 1922 1393 ία-

338 1443 485 1510 τροῖς
502 1441 569 1494 τὰ
583 1439 711 1493 ὄντα
728 1439 1177 1511 προσαναλώσας,
1192 1440 1266 1503 ὡς
1281 1439 1388 1492 οὐδ’
1404 1438 1582 1492 ὁτιοῦν
1597 1438 1780 1500 αὐτοῖς
1797 1437 1925 1491 ἄλλο

338 1535 475 1604 πρὸς
504 1534 800 1602 θεραπείαν
830 1535 862 1603 ἡ
889 1534 1053 1602 τέχνη
1083 1536 1363 1603 παρεῖχεν,
1388 1533 1471 1585 ὅτι
1505 1533 1581 1601 μὴ
1624 1531 1923 1602 πρισθέντα

336 1628 429 1680 τὸν
471 1627 605 1679 πόδα
643 1627 900 1696 κοπῆναι,
925 1626 1076 1696 παρά
1100 1626 1189 1678 τὸν
1226 1626 1368 1678 θεῖον
1407 1624 1799 1693 ἀνακομίζεται
1818 1625 1923 1674 Συ-

342 1718 580 1789 μεὼν,ὃν
596 1718 658 1788 δή
684 1735 785 1770 που
812 1718 906 1770 καὶ
931 1718 1089 1785 μόνον
1109 1718 1342 1770 ἀνιάτων
1361 1717 1477 1788 ᾔδει
1500 1716 1689 1769 παθῶν
1716 1716 1918 1785 ἰατρόν.

340 1809 540 1862 Τοῦτον
562 1809 706 1871 ὅπως
733 1809 981 1870 ἐλεεινῶς
1004 1804 1149 1877 εἶχεν
1172 1810 1378 1870 ἐκεῖνος
1404 1806 1545 1871 ἰδὼν,
1563 1808 1752 1875 πράως
1776 1823 1834 1858 τε
1855 1808 1919 1877 τῇ

341 1902 495 1971 βατνῃ
522 1901 702 1971 ῥάϐδῳ
726 1900 955 1971 πλήξας,
974 1903 1063 1953 ἐπὶ
1086 1900 1193 1952 τῶν
1216 1900 1431 1952 οἰκείων
1456 1898 1631 1951 ποδῶν
1653 1896 1921 1966 ἐπέτρεψε

341 1995 559 2064 στῆναι·
584 1993 676 2045 καὶ
702 1995 1043 2061 παραχρῆμα
1066 1992 1100 2060 ἦ
1123 2008 1181 2043 τε
1208 1990 1438 2043 δυσωδία
1461 1989 1704 2051 ἕσϐεστο,
1721 1988 1814 2039 καί⁵
1833 2004 1922 2050 πο,

339 2091 421 2141 σὶν
441 2090 468 2141 ό
492 2088 715 2157 κάμνων
732 2087 930 2156 ἐχρῆτο
954 2089 1048 2138 καὶ
1071 2085 1307 2152 ἀσφαλεῖ
1328 2084 1639 2153 βαδίσματι.
1668 2079 1798 2134 Εἶτα
1830 2081 1920 2149 ὲγο

337 2180 589 2247 γίσαντος
609 2177 757 2246 αὐτῷ
773 2177 871 2246 τῆς
891 2177 1133 2245 κεφαλῆς
1156 2175 1455 2245 ἁψάμενος,
1470 2174 1564 2226 καὶ
1587 2174 1916 2241 σφραγίσας,

2024 984 2186 1039 batur
2210 1000 2317 1037 non
2352 984 2529 1038 solum
2559 982 2627 1035 ab
2658 981 2864 1039 infesto
2898 985 3166 1051 daemone,
3196 1004 3388 1043 verum
3432 990 3597 1043 etiam

2022 1094 2052 1132 a
2076 1076 2281 1131 diﬂicili
2312 1077 2367 1130 in
2404 1078 2513 1130 talo
2535 1077 2754 1139 ulcere;
2798 1093 2971 1146 usque
3005 1078 3144 1132 adeo
3173 1088 3234 1133 ut
3286 1080 3599 1143 mandendo

2020 1168 2262 1238 linguam
2293 1167 2443 1221 velut
2475 1182 2669 1236 panem
2688 1168 3039 1230 comederet;
3068 1172 3416 1237 putresceret
3446 1187 3596 1234 crus,

2021 1276 2143 1315 ossa
2175 1258 2612 1313 destituerentur
2644 1274 2831 1321 carne,
2864 1268 2921 1311 et
2966 1258 3198 1313 fetorem
3254 1262 3603 1329 exspirarent

2023 1352 2249 1405 naribus
2282 1350 2705 1404 intolerabilem.
2738 1350 2833 1403 Ille
2874 1350 3166 1419 absumpta
3210 1352 3359 1405 omni
3398 1353 3453 1406 in
3490 1368 3604 1407 me-

2020 1444 2174 1497 dicos
2196 1442 2521 1506 substantia,
2556 1458 2680 1495 cum
2706 1442 2841 1494 nihil
2864 1442 3168 1512 quidquam
3226 1444 3447 1498 illorum
3478 1455 3598 1499 arte

2018 1535 2311 1604 proficeret
2339 1533 2405 1586 ad
2430 1532 2742 1595 sanitatem,
2769 1534 2874 1585 nisi
2904 1534 3052 1602 quod
3103 1536 3391 1603 praecisum
3449 1552 3601 1591 serra

2017 1626 2213 1696 pedem
2246 1623 2497 1678 dicerent
2532 1622 2955 1691 amputandum,
2985 1625 3268 1678 transtulit
3295 1641 3355 1679 se
3383 1626 3448 1679 ad
3477 1643 3603 1681 san.

2012 1729 2160 1774 etum
2185 1717 2538 1788 Symeonem,
2578 1730 2742 1785 quem
2794 1716 2974 1769 solum
3034 1726 3265 1771 noverat
3320 1718 3601 1773 incnrabi-

2016 1806 2150 1860 lium
2196 1806 2513 1860 morborum
2560 1805 2857 1860 medicum.
2916 1808 3075 1860 Hunc
3125 1814 3233 1861 tam
3299 1808 3599 1863 miserabili

2020 1900 2073 1953 in
2128 1909 2273 1954 statu
2333 1900 2573 1968 positum
2626 1904 2860 1954 cernens
2915 1900 3027 1964 ille,
3056 1915 3181 1953 cum
3231 1900 3446 1969 palmea
3501 1918 3599 1957 sua

2017 1991 2169 2061 virga
2206 1991 2568 2061 percussisset
2599 1991 2817 2053 leniter,
2842 1992 3096 2046 hortatus
3119 2002 3225 2056 est,
3263 2002 3323 2046 ut
3360 1993 3599 2062 pedibus

2018 2084 2134 2137 suis
2163 2091 2371 2137 staret:
2405 2090 2461 2137 et
2490 2083 2755 2137 continuo
2780 2082 2917 2137 abiit
2984 2084 3382 2152 graveolentia,
3427 2094 3595 2154 atque

2018 2189 2159 2243 aeger
2178 2173 2413 2243 pedibus
2439 2174 2555 2228 suis
2585 2183 2639 2226 et
2662 2174 2886 2242 quidem
2923 2174 3096 2228 firmis
3126 2174 3190 2229 ad
3224 2190 3419 2229 secure
3466 2192 3596 2244 gra-

350 2270 437 2321 Ἐν
462 2270 683 2338 ὀνόματι
709 2267 801 2322 τοῦ
838 2268 1040 2337 Κυρίου
1071 2269 1163 2321 καὶ
1191 2266 1325 2319 Θεοῦ
1356 2266 1449 2318 καὶ
1484 2266 1733 2335 Σωτῆρος
1761 2264 1912 2333 ἡμῶν

2022 2266 2283 2320 diendum
2313 2275 2397 2320 est
2430 2282 2582 2319 usus.
2630 2265 2837 2319 Deinde
2887 2266 3116 2333 propius
3170 2266 3486 2320 accedentis
3528 2266 3599 2321 ad

350 2360 525 2432 Ἰησοῦ
559 2360 818 2432 Χριστοῦ,
846 2361 1123 2413 ἐπιτάσσω
1156 2376 1235 2411 σοι
1266 2358 1341 2427 τῷ
1369 2358 1589 2428 πονηρῷ
1622 2355 1913 2425 πνεύματι,

335 2455 460 2522 ἔφη,
484 2451 720 2516 ἐξελθεῖν
751 2450 843 2503 τοῦ
878 2448 1166 2518 ἀνθρώπου
1201 2448 1410 2511 τούτου,
1437 2450 1530 2500 καὶ
1557 2448 1751 2517 μηκέτι
1778 2446 1916 2515 πρὸς

337 2545 496 2598 αὑτὸν
510 2542 862 2613 ἀναστρέψαι.
878 2542 937 2595 'O
959 2542 1055 2611 μὲν
1073 2541 1162 2594 οῦν
1179 2541 1388 2610 δαίμων
1405 2540 1564 2603 εὐθὺς
1582 2538 1910 2608 ἀπελήλατο·

336 2640 399 2708 τῇ
424 2636 478 2689 δὲ
500 2634 593 2688 τοῦ
623 2634 775 2697 ποδὸς
811 2633 990 2705 πληγῇ
1018 2633 1115 2703 τῆς
1140 2633 1346 2695 οίκείας
1375 2632 1682 2687 ἐπιϐάλλειν
1713 2630 1913 2693 κόνεως

336 2728 547 2781 κελεύει
576 2726 654 2796 τῷ
678 2726 892 2796 τυχόντι
938 2727 1039 2793 τῆς
1087 2726 1411 2797 θεραπείαςο
1441 2726 1561 2794 ἧτις
1604 2725 1811 2793 σάρκας
1852 2739 1912 2773 τε

335 2819 520 2888 ἔφυσε,
550 2819 643 2872 καὶ
683 2818 857 2888 δέρμα
898 2818 983 2869 ἐπ’
1015 2817 1183 2879 αὑτὰς
1228 2817 1481 2880 ἐξέτεινε,
1509 2816 1603 2868 καὶ
1648 2814 1806 2883 ὑγιὴς
1854 2815 1911 2865 ἐν

336 2912 528 2982 βρακεῖ
552 2913 579 2963 ό
601 2909 792 2981 πρώην
814 2908 1201 2977 ἀθεραπεύτως
1226 2910 1386 2977 ἔχων,
1410 2908 1545 2977 αύτῇ
1572 2908 1791 2975 γυναικὶ
1814 2905 1910 2956 καὶ

332 3004 669 3073 προσήκουσι
698 3002 793 3057 καὶ
820 3001 924 3069 ὅλῳ
956 2999 1141 3069 σχεδὸν
1175 3000 1453 3052 ἐπάνεισιν
1480 2999 1633 3069 οἴκῳ.

2019 2374 2077 2411 se
2100 2366 2265 2426 caput
2324 2356 2503 2425 tetigit
2530 2364 2755 2409 sanctus
2797 2363 2962 2424 atque
3014 2357 3250 2425 signavit
3283 2357 3502 2411 dicens:
3538 2356 3611 2410 In’

2018 2449 2239 2501 nomine
2273 2447 2490 2501 Domini
2525 2453 2580 2501 et
2624 2446 2717 2500 Dei
2753 2455 2917 2515 atque
2943 2446 3243 2502 Salvatoris
3273 2450 3447 2502 nostri
3466 2447 3594 2503 Jesu

2017 2540 2223 2595 Christi
2252 2538 2510 2607 praecipio
2541 2536 2663 2601 tibi,
2706 2537 2943 2607 maligne
2970 2537 3219 2607 spiritus,
3254 2547 3315 2593 ut
3362 2539 3599 2595 facessas

2018 2645 2086 2683 ex
2121 2629 2225 2683 hoc
2274 2627 2521 2691 homine,
2570 2635 2627 2679 et
2683 2641 2963 2695 nunquam
3014 2626 3254 2696 amplius
3312 2628 3368 2680 in
3416 2628 3598 2697 ipsum

2020 2723 2285 2774 introeas.
2331 2719 2608 2788 Expulsus
2632 2719 2818 2787 itaque
2841 2719 3026 2773 statim
3072 2729 3155 2773 est
3189 2719 3425 2774 daemon.
3458 2720 3598 2773 Tum

2013 2812 2347 2883 jussitillnm
2372 2811 2587 2865 vulneri
2616 2810 2777 2879 pedis
2836 2812 3046 2879 aliquid
3107 2813 3351 2880 pulveris
3392 2813 3476 2867 sui
3513 2813 3600 2867 in-

2020 2918 2450 2973 spergere;quo
2482 2902 2665 2955 statim
2729 2902 2779 2955 ei
2836 2913 3027 2957 renata
3060 2919 3192 2958 caro
3247 2914 3303 2958 et
3358 2905 3599 2959 obducta

2019 2992 2179 3061 pellis
2203 3000 2321 3045 est:
2363 2998 2527 3058 atque
2559 2990 2713 3044 brevi
2744 3002 3069 3058 persanatus
3122 2992 3189 3045 ad
3230 3008 3477 3056 uxorem,
3531 2993 3598 3047 ad

330 3085 689 3154 propinquos,
742 3082 809 3136 ad
885 3082 1147 3136 familiam
1210 3082 1523 3137 universam
1571 3081 1765 3143 rediit,
1817 3081 1912 3151 qui
1947 3082 2109 3153 paulo
2138 3088 2265 3136 ante
2292 3080 2615 3136 incurabilis
2659 3081 2990 3137 habebatur.

399 3181 547 3241 cxg’.
582 3173 765 3229 Ἰκανά
796 3173 893 3243 μὲν
914 3173 1007 3227 οῦν
1035 3170 1094 3227 εὖ
1119 3170 1235 3228 οἴδα
1264 3176 1424 3245 κόρον
1447 3176 1636 3239 ἀκοαῖς
1671 3178 1907 3232 ἐνθεῖναι

328 3269 396 3323 τά
422 3267 710 3340 εἰρημένα,
736 3266 870 3320 ἀλλὰ
896 3268 1106 3337 σιωπῆς
1126 3267 1225 3319 οὐκ
1258 3267 1382 3334 ἄξια
1410 3268 1571 3322 πάλιν
1595 3271 1663 3323 τὰ
1686 3269 1908 3339 ἐφεξῆς.

329 3358 627 3421 Νεανίσκος
655 3358 764 3429 γάρ
788 3375 871 3421 τις
896 3358 960 3410 ἐκ
998 3357 1191 3428 κώμης
1220 3358 1522 3422 Καλλινέας
1545 3359 1907 3430 καλουμένης,

328 3449 600 3520 Γεώργιος
633 3449 825 3519 ὄνομα,
861 3449 1119 3502 σκάπτων
1151 3449 1208 3501 ἐν
1232 3450 1554 3511 οἰκοπέδοις,
1583 3451 1826 3519 μνήματί
1851 3468 1909 3501 τε

2087 3175 2212 3229 226.
2237 3175 2369 3242 Qua:
2403 3176 2673 3230 hactenus
2696 3176 2843 3230 dicta
2904 3185 3033 3231 sunt
3090 3177 3231 3232 bene
3284 3178 3477 3241 multa,
3507 3194 3599 3233 sa-

2018 3267 2261 3322 tietatem
2282 3267 2439 3321 vobis
2468 3268 2833 3337 ingesserunt,
2861 3268 2976 3321 seio
3004 3286 3017 3320 :
3067 3279 3443 3323 verumtamen
3475 3284 3599 3338 qua:

2014 3362 2344 3429 sequuntur,
2380 3358 2766 3428 praetereunda
2822 3358 3043 3413 silentio
3087 3375 3196 3413 non
3246 3368 3393 3414 sunt.
3433 3360 3598 3415 Juve-

2017 3450 2105 3503 nis
2130 3449 2351 3517 quidam
2383 3464 2449 3501 ex
2478 3463 2636 3516 pago,
2668 3447 2763 3515 qui
2790 3449 3095 3503 vocabatur
3123 3449 3404 3506 Callinea:
3457 3451 3595 3519 ipse,

328 3540 658 3611 περιτυχὼν,
704 3541 799 3593 καὶ
828 3541 985 3593 τοῦτο
1019 3540 1292 3611 διορύξας,
1328 3540 1503 3592 ἐλπίδι
1534 3539 1629 3592 τοῦ
1667 3542 1907 3611 κρυπτόέ

2014 3538 2307 3607 Georgius;
2343 3539 2543 3591 rudera
2578 3539 2777 3591 domus
2809 3554 3036 3600 eruens,
3082 3540 3223 3594 forte
3276 3541 3499 3595 fortuna
3536 3544 3591 3595 in

330 3648 491 3701 μενον
516 3632 655 3701 τάχα
680 3631 949 3702 θησαυρὸν
975 3632 1240 3703 ἀνευρεῖν,
1270 3632 1486 3701 δαίμονι
1510 3632 1733 3702 χαλεπῷ
1758 3651 1913 3703 περι-

328 3724 514 3777 πίπτει
536 3725 653 3792 (τῆς
677 3724 828 3793 δίκης
854 3723 1041 3796 ῶσπερ
1075 3727 1277 3779 ἀνεκτὰ
1308 3727 1563 3797 θεμένης,
1587 3730 1633 3781 εἰ
1665 3728 1737 3797 μὴ
1765 3728 1913 3799 παρά

327 3812 494 3875 πόδας
527 3813 733 3865 ἐποίσει
765 3814 860 3866 καὶ
889 3815 1201 3886 τιμωρίαν),
1232 3816 1324 3869 καί
1354 3834 1505 3879 τινας
1530 3812 1616 3870 οἷα
1646 3821 1913 3885 γυναῖκας

330 3902 453 3956 ἰδὼν
504 3904 650 3975 αύτῷ
698 3906 1134 3975 συμπλακείσας,
1167 3908 1552 3977 μυκησάμενος
1592 3910 1733 3962 κατά
1762 3909 1910 3979 βοῦν,

324 3996 405 4058 εἰς
430 3996 533 4065 γῆν
559 3998 878 4068 κατερράγη
900 4013 914 4027 ’
942 3998 1001 4062 ἐξ
1021 3998 1231 4051 ἐκείνου
1256 3999 1436 4052 τοίνυν
1464 4000 1662 4053 ὁπόσαι
1691 4000 1906 4066 νύκτες,

328 4088 651 4157 ριπτόμενος
678 4088 879 4156 ὁμοίως
903 4089 981 4150 είς
1012 4090 1206 4158 ἔδαφος
1232 4092 1324 4143 καὶ
1352 4092 1795 4161 σπαραττόμενος
1819 4088 1906 4163 ἦν,

323 4179 498 4249 ἀφροῦ
529 4197 589 4232 τε
621 4180 977 4250 παραπτύων,
1008 4183 1102 4234 καὶ
1132 4181 1200 4234 τὰ
1229 4182 1376 4234 ἔνδον
1406 4184 1904 4254 ἀναϐρασσόμενος.

334 4268 654 4340 ’Υπανῆπτε
703 4272 759 4323 δὲ
800 4272 1071 4341 αὐτῷκαὶ
1102 4273 1433 4344 ζηλοτυπίας
1473 4276 1563 4327 ἐπὶ
1589 4279 1653 4347 τῇ
1688 4279 1909 4344 γυναικὶ

322 4359 526 4428 φλόγας
583 4363 611 4413 ὀ
644 4363 860 4433 μιαρὸς,
897 4364 1147 4435 καθάπερ
1179 4366 1316 4435 αὐτῇ
1353 4364 1745 4435 συνεληλυθὼς,
1773 4368 1910 4438 ὅπερ

319 4445 389 4521 ἦν
432 4452 579 4522 αύτῴ
626 4454 728 4523 τῆς
788 4457 1075 4526 συμφορᾶς
1135 4456 1196 4507 τὸ
1243 4455 1567 4525 βαρύτατον.
1612 4459 1727 4511 Οὐκ
1771 4458 1910 4527 ἔχων

319 4539 414 4598 οὖν
447 4545 476 4598 ὅ
503 4546 555 4597 τί
584 4562 711 4597 ποτε
738 4546 864 4599 ἄλλο
894 4548 1029 4615 πρὸς
1053 4547 1224 4601 κακὸν
1258 4546 1575 4616 τηλικοῦτον
1605 4549 1907 4620 ἐπινοήσει,

320 4638 633 4708 προσελθὼν
656 4641 721 4711 τῇ
746 4638 839 4691 τοῦ
869 4638 1106 4708 μεγάλου
1143 4640 1348 4704 στάσει,
1380 4640 1561 4711 ῥίπτει
1606 4641 1749 4694 κατά
1807 4642 1910 4712 γῆς

320 4727 535 4795 ἑαυτὸν,
568 4729 665 4792 τὰς
704 4729 1083 4800 κατασχούσας
1132 4730 1293 4784 αὐτὸν
1322 4731 1727 4802 ἀποδυρόμενος
1772 4749 1909 4803 συμ-

318 4822 514 4892 φοράς.

2012 3642 2431 3684 monumentum
2461 3631 2673 3695 incidit,
2703 3632 2850 3699 quod
2888 3632 2979 3684 ubi
3010 3632 3277 3685 eﬂ‘odcrat
3314 3649 3408 3701 spe
3438 3650 3595 3702 repe-

2013 3722 2191 3777 riendi
2226 3722 2485 3776 latentem
2521 3722 2861 3786 thesaurum,
2902 3723 2968 3775 ab
2998 3722 3198 3776 infesto
3223 3723 3469 3777 dtemone
3499 3739 3596 3779 oc-

2012 3824 2244 3884 cupatus
2273 3823 2359 3868 est
2395 3814 2571 3883 (quasi
2610 3814 2776 3867 nimis
2827 3815 2963 3868 levis
2999 3814 3188 3867 futura
3241 3823 3391 3869 esset
3455 3815 3595 3869 ultio

2011 3922 2132 3975 qute
2162 3922 2271 3960 non
2305 3906 2450 3959 illico
2482 3921 2696 3974 poenam
2722 3906 3045 3972 intulisset),
3090 3914 3145 3959 et
3195 3906 3457 3974 quasdam
3496 3923 3596 3962 ve-

2011 3999 2111 4052 luti
2140 3999 2402 4053 mulieres
2438 3998 2615 4067 ipsum
2648 3999 3080 4067 complectentes
3119 3999 3353 4053 intuitus
3399 4013 3463 4051 ac
3492 3999 3593 4053 b0-

2011 4092 2095 4144 vis
2116 4091 2288 4145 instar
2320 4090 2491 4144 edens
2524 4090 2813 4159 mugitum,
2844 4090 2898 4143 in
2927 4100 3128 4144 terram
3162 4105 3405 4160 prteceps
3428 4090 3592 4145 datus

2011 4194 2095 4236 est
2142 4204 2155 4240 :
2198 4184 2360 4254 idque
2424 4181 2626 4234 exinde
2659 4196 2758 4250 per
2782 4181 3028 4251 singulas
3059 4182 3349 4236 accidebat
3378 4191 3588 4247 noctes;

2011 4273 2339 4327 allidebatur
2372 4273 2519 4327 enim
2548 4274 2713 4327 simili
2748 4274 2912 4327 modo
2938 4283 3119 4339 terra},
3149 4290 3212 4329 ac
3242 4275 3589 4329 dilaceraba-

2013 4374 2123 4428 tur,
2205 4374 2494 4433 spumante
2547 4380 2667 4429 ore,
2730 4366 3153 4435 visceribusque
3207 4367 3583 4421 aestuantibus.

2011 4455 2255 4526 Subjeeit
2283 4472 2502 4525 quoque
2531 4456 2646 4525 ipse
2712 4458 2995 4529 zeIOtypiae
3044 4458 3192 4513 faces
3222 4458 3435 4513 ratione
3458 4473 3594 4511 uxo-

2010 4549 2085 4603 ris
2122 4564 2356 4618 nequam
2385 4550 2632 4618 spiritus,
2660 4560 2917 4619 tanquam
2944 4552 2988 4605 si
3032 4551 3149 4619 ipse
3186 4567 3309 4605 cum
3339 4552 3429 4605 illa
3469 4566 3583 4605 rem

2011 4642 2327 4696 habuisset:
2369 4641 2423 4695 id
2475 4642 2624 4711 quod
2683 4642 2897 4695 homini
2937 4657 3253 4696 azrumnoso
3316 4643 3580 4696 aerumnis

2010 4733 2269 4789 omnibus
2322 4735 2542 4803 gravius
2584 4734 2889 4789 accidebat.
2957 4734 3208 4790 Tandem
3259 4749 3384 4787 eum
3444 4734 3591 4787 aliud

2011 4826 2241 4880 haberet
2264 4826 2401 4880 nihil
2425 4825 2572 4895 quod
2626 4833 2789 4880 tantae
2856 4826 3155 4880 calamitati
3190 4826 3480 4896 obiiceret,
3518 4824 3587 4877 ad
3628 4854 3631 4861 ι

319 4916 499 4985 magni
553 4915 840 4987 Symeonis
901 4916 1211 4971 columnam
1272 4919 1607 4988 procedens,
1667 4916 1895 4989 conjicit
1936 4916 2753 4978 seseinterram,luetnosum,
2808 4914 2862 4968 in
2922 4932 3030 4984 quo
3056 4924 3173 4970 erat
3202 4922 3403 4969 statum
3432 4929 3592 4968 suum

318 5008 645 5062 lamentans.

391 5101 529 5166 σκζ’.
555 5101 687 5164 Ταῖς
717 5102 884 5155 αὑτοῦ
942 5104 1119 5157 τοίνυν
1174 5105 1479 5175 ἱκετηρίαις
1528 5106 1901 5170 ἐπικλασθεὶς,

2078 5106 2203 5159 2‘27.
2246 5105 2360 5159 Hoc
2393 5112 2499 5157 tam
2547 5102 2780 5172 supplici
2818 5102 3015 5173 agendi
3073 5099 3236 5153 modo
3281 5107 3596 5153 commotus

318 5195 551 5260 Παῦσαι,
580 5193 797 5264 ἀδελφὲ,
830 5195 1177 5267 ὀδυρόμενος,
1197 5198 1322 5269 ἔφη,
1362 5199 1452 5251 καὶ
1482 5197 1663 5251 οίκαδε
1704 5196 1922 5267 μᾶλλον

317 5289 583 5356 ἐπάνηκε,
636 5287 730 5339 καὶ
762 5288 862 5341 οὐκ
894 5289 1219 5359 ἀστοχήσεις
1262 5290 1360 5358 τῆς
1394 5289 1713 5359 θεραπείας.
1760 5292 1816 5344 Ὀ
1844 5291 1903 5343 δὲ

317 5380 414 5450 τὴν
456 5380 790 5447 ἐπαγγελίαν
823 5382 1076 5451 ἀσμένως
1117 5382 1428 5452 δεξάμενος,
1467 5382 1654 5454 ὥσπερ
1680 5384 1777 5454 ἤδη
1809 5383 1901 5436 τοῦ

318 5472 654 5544 ποθουμένου
711 5472 889 5544 τυχὼν
940 5474 1201 5545 ἐπανῄειο

316 5565 750 5634 καταλαμϐάνει,
782 5566 878 5637 τὴν
921 5571 1155 5635 γυναῖκα
1205 5568 1259 5621 δὲ
1303 5570 1400 5639 οὐχ
1454 5570 1716 5641 εὑρίσκει.
1767 5573 1897 5624 Ἀπ-

317 5656 450 5727 έδρα
479 5658 585 5729 γὰρ
619 5656 741 5727 ἤδη,
781 5660 1237 5731 συσκευασαμένη
1270 5660 1337 5713 τά
1394 5660 1542 5724 ὄντα,
1589 5662 1647 5714 τὸ
1700 5662 1897 5733 βρέφος

316 5747 409 5800 ἐπὶ
443 5746 539 5818 τῆς
570 5748 745 5811 οἰκίας
778 5750 921 5821 (ἄρτι
964 5751 1068 5822 γὰρ
1108 5752 1169 5804 ἐκ
1198 5752 1288 5805 τοῦ
1322 5753 1513 5823 ἀνδρὸς
1551 5753 1685 5823 ἐκύη
1715 5753 1893 5822 μόνον)

1261 5476 1355 5527 καὶ
1411 5475 1508 5546 τὴν
1568 5477 1663 5547 μὲν
1726 5479 1902 5531 οἰκίαν

2016 5197 2107 5251 ille
2151 5214 2163 5248 :
2198 5195 2417 5257 Desine,
2461 5194 2659 5262 inquit,
2703 5194 2775 5246 mi
2823 5192 3013 5253 frater,
3045 5188 3356 5249 lamentari,
3394 5203 3455 5241 ac
3494 5187 3595 5239 do-

2010 5302 2163 5340 mum
2214 5284 2503 5355 regredere
2558 5283 2778 5352 potius,
2836 5291 2891 5335 et
2940 5298 3050 5335 non
3111 5278 3468 5333 frustraberis
3519 5293 3599 5330 sa-

2014 5383 2202 5437 nitate.
2258 5380 2482 5450 Accepit
2532 5395 2663 5449 ergo
2704 5378 3098 5449 promissiones
3143 5377 3267 5430 laeto
3301 5375 3505 5435 animo,
3541 5382 3596 5426 et

2007 5474 2178 5528 veluti
2215 5474 2325 5543 jam
2380 5480 2564 5525 certus
2622 5470 2882 5524 desiderii
2943 5467 3255 5531 obtinendi,
3312 5479 3594 5534 regressus

2003 5576 2110 5621 est.
2146 5566 2214 5620 At
2245 5565 2469 5619 domum
2500 5564 2781 5635 ingressus
2818 5564 3022 5617 nullam
3058 5558 3427 5629 deprehendit
3457 5571 3595 5609 uxo-

2004 5675 2159 5722 rem;
2211 5658 2320 5728 jam
2368 5656 2571 5727 quippe
2631 5656 2943 5725 aufugerat,
3002 5661 3345 5722 comportata
3402 5662 3586 5703 secum

2002 5769 2057 5806 re
2113 5749 2405 5815 familiari;
2462 5751 2666 5806 infante
2725 5758 2928 5813 autem,
2967 5762 3130 5817 quem
3168 5746 3439 5801 hactenus
3468 5740 3590 5795 uni.
