4044 6208
459 291 602 361 3195

1667 299 1726 359 S.
1764 297 2138 360 SYMEONIS
2179 303 2548 366 JUNIORIS
2611 349 2614 354 -

3570 309 3712 374 3l06

461 423 586 464 cum
627 423 692 463 ex
758 407 850 462 illo
897 419 1202 478 pepererat,
1259 409 1408 463 domi
1457 409 1667 463 relicto.
1713 409 2036 462 Percellitur

2142 415 2500 470 ἀπολιποῦσα.
2535 412 2902 487 Σφοδρότερον
2943 413 3121 469 τοίνυν
3169 415 3356 472 παθὼν
3385 414 3484 486 τὴν
3509 417 3723 488 ψυχὴν,

463 501 551 554 ille
581 515 816 555 munere
852 502 1184 562 vehementi.
1221 502 1362 556 tollit
1389 517 1646 572 puerum,
1679 502 1882 570 repetit
1907 517 2035 555 san-

461 599 632 648 ctum.
674 591 878 646 factum
933 595 1118 648 uxoris
1167 594 1420 647 luctuoso
1473 607 1723 647 sermone
1774 593 2033 664 explicat,

463 683 718 744 lacrvmis
763 685 932 738 verba
965 685 1458 754 interpellantibus,
1491 693 1546 738 et
1587 684 1814 740 resoluti
1845 685 2036 740 dolore

464 775 646 830 cordis
695 787 892 830 aestum
960 777 1384 831 testiﬁcantibus
1437 794 1452 841 ;
1509 775 1706 832 deinde
1773 778 2036 833 infantem

461 883 684 938 quoque
728 869 792 922 ad
839 869 1004 938 pedes
1050 870 1224 923 sancti
1275 869 1536 936 demittit,
1591 887 1790 940 rogans
1832 879 2036 926 uteum

465 963 654 1016 saltem
705 963 1021 1016 ulciscatur.
1057 963 1284 1018 Fractus
1329 963 1496 1034 igitur
1539 963 1731 1018 dolore
1767 963 1914 1018 illius
1941 964 2040 1035 Sy-

465 1069 648 1119 meon,
712 1067 876 1124 atque
917 1057 1108 1110 oculos
1141 1059 1194 1110 in
1227 1056 1428 1110 coelum
1451 1063 1675 1110 maestos
1704 1056 2036 1111 intendens:

464 1146 628 1203 Deus.
675 1147 874 1215 inquit,
922 1163 1152 1216 magnus
1184 1157 1240 1202 et
1289 1147 1659 1216 omnipotens,
1697 1149 1853 1216 cujus
1893 1149 2036 1202 oculi

463 1234 749 1288 intuentur
779 1235 895 1289 vias
921 1234 1158 1288 ﬁliorum
1191 1235 1498 1298 hominum,
1529 1241 1590 1288 ut
1614 1235 1891 1290 retribuas
1920 1237 2040 1290 uni-

461 1325 660 1392 cuique
713 1325 1018 1378 secundum
1067 1325 1208 1378 viam
1243 1341 1425 1390 suam;
1473 1325 1518 1380 si
1574 1326 1779 1380 bonum
1831 1333 1916 1380 est
1983 1329 2036 1384 in

461 1417 636 1471 oculis
689 1415 817 1480 tuis,
865 1425 1110 1471 transeat
1164 1416 1519 1482 daemonium,
1566 1420 1716 1486 quod
1767 1421 1914 1476 hunc
1953 1423 2038 1477 in-

459 1507 672 1562 felicem
701 1508 926 1571 insidet,
954 1508 1006 1560 in
1033 1523 1254 1561 uxorem
1275 1507 1459 1573 illius;
1485 1515 1544 1562 ut
1565 1509 1818 1566 misereri
1839 1511 2036 1579 discat,

459 1597 892 1652 misericordiam
919 1600 1152 1654 aliorum
1180 1599 1524 1668 implorando
1539 1618 1553 1667 ;
1571 1611 1628 1655 et
1647 1602 1932 1659 manifesta
1957 1605 2040 1659 in-

461 1690 664 1759 telligat
687 1689 1046 1759 experientia,
1074 1689 1222 1760 quod
1263 1691 1590 1746 naturaliter
1623 1693 1836 1749 viscera
1863 1695 2036 1764 ipsius

456 1778 805 1848 ignorabant.

523 1873 649 1928 228.
691 1875 769 1929 lta
812 1874 1082 1946 Symeone
1117 1884 1332 1942 orante,
1363 1875 1583 1945 juvenis
1612 1876 1850 1932 liberum
1908 1895 1966 1934 se
2007 1895 2038 1934 a

451 1963 702 2020 daemone
721 1966 1015 2034 comperit,
1044 1965 1136 2019 hic
1163 1981 1294 2021 vero
1321 1967 1610 2022 mulierem
1637 1968 1900 2024 invadens
1925 1971 2031 2024 cla-

453 2057 638 2110 mabat
667 2075 680 2110 :
715 2057 796 2110 Tu
829 2073 914 2112 me
953 2074 982 2111 a
1013 2058 1214 2111 marito
1254 2067 1350 2112 tuo
1383 2057 1668 2124 avulsisti;
1699 2067 1756 2113 tu
1784 2074 1872 2114 me
1899 2075 1930 2114 a
1953 2060 2036 2114 fa-

453 2146 654 2200 miliari
677 2161 800 2201 meo
817 2148 1099 2216 sejunxisti
1123 2163 1137 2209 ;
1171 2163 1273 2217 per
1305 2156 1355 2202 te
1387 2148 1458 2202 ab
1483 2148 1576 2202 illo
1593 2149 1741 2218 gravi
1763 2165 1886 2205 meo
1911 2165 2037 2206 cum

451 2251 616 2290 sensu
653 2237 914 2306 expulsus
948 2254 1102 2302 sum;
1143 2239 1236 2307 qui
1271 2255 1358 2293 me
1393 2238 1522 2292 inde
1547 2240 1730 2309 ejecit,
1756 2240 1823 2294 ad
1860 2249 1914 2296 te
1937 2243 2039 2296 im-

451 2328 676 2395 peravit
729 2337 790 2384 ut
841 2330 1199 2399 ingrederer;
1253 2340 1308 2384 et
1343 2331 1542 2384 similia
1596 2332 1766 2386 multa
1809 2331 2037 2397 furiosa,

457 2419 718 2474 scelerata
777 2430 833 2474 et
877 2437 1066 2476 revera
1122 2421 1414 2478 diabolica.
1473 2421 1626 2476 Talia
1680 2422 1772 2476 ubi
1829 2423 2038 2478 audivit

453 2512 674 2574 mulier,
725 2513 1102 2567 inhumaniter
1146 2530 1175 2567 a
1217 2517 1361 2568 malo
1409 2515 1574 2584 genio
1605 2515 1898 2585 ﬂagellata,
1954 2533 2040 2570 re-

453 2601 618 2656 vertit
663 2601 884 2656 domum
937 2603 1004 2656 ad
1042 2605 1331 2673 conjugem
1385 2621 1547 2658 suum
1583 2624 1597 2658 :
1631 2607 1748 2674 qui,
1785 2607 2036 2661 dolorum

449 2693 574 2759 ejus
617 2693 899 2758 misertus,
950 2709 1076 2748 cum
1133 2693 1250 2763 ipsa
1300 2695 1368 2748 ad
1443 2703 1696 2750 sanctum
1757 2699 2042 2752 contendit

451 2783 818 2854 Symeonem;
853 2792 908 2838 et
959 2795 1226 2855 quantum
1261 2801 1437 2854 nuper
1482 2793 1676 2840 contra
1719 2786 1894 2856 ipsam
1941 2789 2042 2843 ob-

453 2872 782 2938 testabatur,
822 2883 1034 2928 tantum
1067 2876 1232 2929 modo
1275 2882 1331 2928 et
1357 2874 1595 2943 amplius
1641 2889 1740 2944 pro
1791 2876 2040 2946 ejusdem

451 2963 782 3032 deprecatur
811 2965 1115 3019 sanatione.
1149 2965 1264 3019 Non
1307 2964 1432 3018 tulit
1479 2963 1692 3018 daemon
1727 2966 2039 3034 propiorem

2063 1746 2110 1804 B

2139 495 2459 574 ἀνελόμενος
2511 506 2572 559 τὸ
2617 505 2838 576 βρέφος,
2863 507 2988 576 ἥκει
3017 505 3166 577 ποιρά
3201 506 3294 560 τὸν
3333 506 3489 572 ἅγιον
3529 502 3714 573 αὖθις,

2138 591 2226 648 οἶα
2271 581 2420 667 παρά
2457 597 2555 666 τῆς
2593 597 2848 666 γυναικὸς
2893 595 3042 666 αὐτῷ
3087 597 3283 666 συνέϐη
3327 598 3706 668 ἐκτραγῳδιῖιν⁹

2141 689 2233 741 καὶ
2261 687 2368 740 τῶν
2396 688 2656 758 ῥημάτων
2689 687 2900 758 δάκρυα
2945 673 3246 758 διαταχέων,
3283 688 3383 756 τὴν
3431 687 3575 740 ἔνδον
3607 689 3706 758 τῆς

2139 778 2364 848 καρδίας
2397 777 2552 847 τῆξιν
2584 778 2878 848 μηνύοντα,
2904 775 3020 831 εἶτα
3047 779 3142 832 καὶ
3169 779 3228 831 τὸ
3261 779 3456 848 βρέφος
3483 779 3708 834 ἐνώπιον

2139 869 2302 922 αὑτοῦ
2335 869 2560 940 ῥίπτων,
2592 871 2685 923 καὶ
2729 870 2866 938 πρὸς
2899 869 3196 936 ἐκδίκησιν,
3213 869 3403 923 τούτου
3444 871 3536 924 τὸν
3557 871 3706 936 ἅγιον

2139 959 2559 1030 ἐκκαλούμενος.
2603 961 2958 1032 Διαπονηθεῑς
3005 958 3100 1014 οὖν
3145 961 3173 1014 ὁ
3225 961 3474 1029 Συμεὼν,
3521 961 3612 1014 καί
3655 979 3710 1016 τι

2140 1052 2276 1122 πρὸς
2309 1051 2538 1123 οὐρανὸν
2569 1051 2824 1122 ὀδυνηρὸν
2867 1051 3140 1116 ἀτενίσας.
3187 1052 3246 1104 '0
3279 1051 3436 1114 Θεὸς,
3482 1047 3656 1116 εἶπεν,
3683 1056 3714 1108 ὸ

2143 1144 2336 1216 μέγας,
2365 1146 2394 1198 ὁ
2421 1143 2836 1212 παντοκράτωρ,
2879 1136 2941 1196 οῦ
2982 1143 3032 1196 οί
3069 1143 3338 1212 ὀφθαλμοὶ
3372 1143 3708 1214 ἀνεῳγμένοι

2141 1237 2221 1296 εἰς
2248 1236 2402 1298 ὁδοὺς
2444 1234 2554 1288 τῶν
2606 1234 2740 1287 υἱῶν
2781 1233 2890 1288 τῶν
2925 1233 3248 1304 ἀνθρώπων,
3275 1233 3458 1288 δοῦναι
3496 1235 3712 1306 ἐκάστῳ

2141 1327 2280 1380 κατὰ
2315 1325 2414 1397 τὴν
2441 1325 2558 1378 ὁδὸν
2579 1324 2744 1378 αὑτοῦ
2765 1343 2778 1356 ·
2801 1326 2850 1377 εί
2875 1325 3100 1394 ἀρεστὸν
3127 1323 3356 1379 ἐνώπιόν
3393 1341 3512 1390 σου,
3543 1343 3712 1396 μετα⁴

2140 1417 2291 1488 ὁήτω
2318 1417 2454 1486 πρὸς
2479 1417 2578 1488 τὴν
2609 1419 2846 1483 γυναῖκα
2877 1415 2936 1468 τὺ
2965 1416 3208 1470 ἐνοικοῦν
3237 1415 3316 1488 τῷ
3345 1417 3514 1488 ἀθλίῳ
3539 1417 3718 1488 τούτῳ

2139 1505 2436 1571 δαιμόνιον.
2464 1505 2530 1558 ἶν’
2557 1505 2729 1558 ἐλεεῖν
2758 1504 2978 1575 διδαχθῇ
3006 1503 3102 1558 τοῦ
3135 1505 3268 1577 παρ’
3299 1507 3502 1574 ἐτέρων
3529 1507 3718 1571 ἐλέους

2139 1597 2275 1666 αὐτὴ
2311 1597 2583 1667 δεηθεῖσα,
2613 1596 2710 1648 καὶ
2750 1598 2914 1668 πείρᾳ
2965 1597 3109 1668 μάθῃ
3140 1596 3324 1666 σαφῶς
3357 1596 3388 1650 ὃ
3411 1597 3542 1666 παρ’
3575 1598 3720 1668 αὐτῇ

2139 1683 2208 1736 τὰ
2229 1683 2326 1746 τῆς
2353 1683 2566 1751 φύσεως
2591 1684 2826 1754 ἠγνόησε
2855 1685 3156 1755 σπλάγχνα.

2209 1859 2353 1928 σκη’.
2389 1859 2574 1912 Ταῦτα
2607 1859 2702 1913 τοῦ
2732 1858 2958 1930 Συμεὼν
2985 1859 3304 1930 εὐξαμένου,
3343 1863 3372 1916 ὁ
3403 1862 3504 1932 μὲν
3536 1865 3720 1917 νεανί-

2139 1969 2268 2015 σκος
2310 1951 2404 2005 τοῦ
2449 1951 2701 2020 δαίμονος
2733 1953 3072 2022 ἀπήλλακτο,
3104 1954 3138 2024 ἡ
3167 1953 3304 2024 γυνὴ
3334 1952 3392 2006 δέ
3427 1955 3516 2008 ὑπ’
3551 1955 3718 2010 αὑτοῦ

2137 2043 2488 2114 κατείληπτο,
2516 2043 2588 2096 Σύ
2631 2061 2698 2111 με
2729 2043 2826 2097 τοῦ
2867 2043 3069 2097 οἰκείου
3105 2043 3294 2116 ἀνδρὸς
3335 2045 3720 2118 ἐχώρισας,λέ-

2137 2151 2346 2203 γοντος,
2380 2134 2442 2186 σύ
2471 2151 2538 2205 με
2570 2134 2664 2188 τοῦ
2692 2135 2940 2188 συνοίκου
2977 2134 3274 2200 διέζευξας,
3311 2136 3402 2189 διὰ
3429 2139 3488 2190 σὲ
3524 2137 3716 2194 τούτου

2139 2225 2353 2294 πικρῶς
2379 2226 2730 2296 ἀπελήλαμαι
2747 2239 2761 2254 ⁶
2789 2227 2816 2277 ὁ
2841 2227 3050 2280 ἐκεῖθεν
3077 2227 3322 2280 ἐκϐαλὼν
3349 2227 3470 2295 ἐμὲ,
3500 2230 3724 2300 ἐπέτρε-

2137 2318 2238 2386 ψεν
2271 2318 2442 2371 ἐλθεῖν
2478 2317 2573 2370 ἐπὶ
2609 2319 2690 2380 σέ,
2721 2317 2814 2370 καὶ
2841 2318 2975 2386 ἄλλα
2999 2319 3240 2383 τοιαῦτα,
3267 2321 3472 2390 μανικὰ
3501 2338 3560 2374 τε
3593 2322 3718 2392 ,ἅμα

2139 2409 2232 2460 καὶ
2265 2408 2458 2479 μιαρὰ,
2483 2409 2577 2460 καὶ
2604 2407 2680 2478 τῷ
2703 2408 2816 2460 ὄντι
2839 2407 3183 2479 δαιμονιώδη.
3208 2404 3309 2462 ’Ὧν
3339 2409 3516 2479 ἐκείνη
3543 2411 3718 2464 ἀκοῦ-

2143 2516 2306 2562 σασα,
2336 2499 2431 2552 καὶ
2463 2498 2568 2552 ὑπὸ
2600 2497 2692 2552 τοῦ
2719 2498 2972 2568 δαίμονος
3000 2500 3430 2570 ἁφιλανθρώπως
3459 2505 3724 2570 μαστιζο-

2146 2592 2301 2661 μένη,
2337 2589 2614 2644 ἐπάνεισιν
2655 2591 2736 2654 είς
2765 2589 2862 2661 τὴν
2898 2590 3076 2644 οἰκίαν
3120 2591 3272 2662 παρά
3303 2591 3391 2644 τὸν
3421 2592 3604 2664 ἄνδρα.
3661 2595 3723 2649 '0

2141 2683 2198 2736 δέ
2226 2681 2320 2735 τοῦ
2353 2681 2558 2744 πάθους
2583 2680 2854 2750 οἰκτείρας
2879 2681 3070 2752 αὐτὴν,
3100 2683 3248 2752 παρά
3267 2682 3357 2734 τὸν
3388 2682 3540 2751 ἅγιον
3565 2685 3720 2750 ἄγει,

2141 2775 2242 2826 ὅσα
2273 2773 2391 2826 κατ’
2417 2773 2586 2840 αὐτῆς
2629 2773 2905 2826 κατέτεινε
2933 2774 3146 2844 πρώην,
3176 2775 3415 2828 τοσαῦτα
3449 2775 3544 2830 νῦν
3574 2776 3722 2849 ὑπὲρ

2142 2864 2310 2934 αὐτῆς
2336 2863 2429 2916 καὶ
2452 2864 2620 2916 πλείω
2652 2863 2926 2934 δεόμενος.
2959 2864 3070 2932 Τὴν
3095 2864 3228 2934 πρὸς
3257 2864 3348 2917 τὸν
3381 2863 3603 2932 Συμεὼν
3628 2869 3724 2934 ἐγ-

2143 2955 2352 3026 γύτητα
2385 2955 2565 3008 τοίνυν
2597 2955 2696 3007 οὐκ
2725 2953 2947 3023 ἐνεγκδν
2969 2952 3030 3006 τὸ
3057 2953 3354 3023 δαιμόνιον,
3386 2954 3588 3026 ἤρξατο
3629 2955 3720 3024 ρί-

451 3054 524 3108 ad
561 3054 885 3126 Symeonem
919 3072 1223 3118 accessum,
1259 3071 1431 3125 quare
1471 3071 1596 3109 mox
1641 3057 1928 3111 mulierem
1964 3059 2036 3112 al-

2145 3065 2300 3102 πτειν
2343 3047 2504 3110 εὐθὺς
2532 3046 2673 3100 κατὰ
2699 3045 2802 3114 γῆς
2837 3045 2936 3114 τὴν
2967 3047 3199 3113 γυναῖκα
3233 3045 3329 3114 καὶ
3363 3047 3721 3116 σπαράττειν,

454 3146 630 3201 lidere
659 3149 797 3212 solo,
843 3149 997 3202 varie
1046 3148 1314 3202 dilaniare
1347 3156 1404 3200 et
1435 3155 1675 3217 raptare,
1719 3149 1774 3202 in
1805 3150 2037 3204 sublime

457 3235 650 3290 tollere
686 3245 740 3290 et
771 3237 1083 3300 demittere,
1139 3237 1379 3304 denique
1402 3236 1469 3290 ad
1502 3237 1866 3306 praecipitium
1891 3238 2039 3293 festi-

457 3343 610 3382 nare.
656 3327 828 3396 Cujus
881 3327 1157 3398 tragcedize
1205 3329 1498 3398 impatiens
1526 3337 1768 3392 sanctus,
1815 3345 1917 3384 nec
1957 3329 2040 3384 in-

455 3419 604 3473 tueri
631 3420 728 3473 -sic
757 3421 1054 3488 patientem
1083 3421 1316 3475 ulterius
1340 3421 1642 3484 sustinens,
1683 3419 1748 3475 ad
1787 3421 1902 3476 haec
1933 3422 2039 3476 hu-

457 3525 621 3564 mano
653 3519 822 3579 atque
857 3511 1154 3566 miserante
1189 3511 1374 3564 animo
1419 3526 1588 3579 super
1621 3511 1793 3579 ipsam
1823 3519 2036 3565 motus:

455 3599 832 3670 lmpurissime
878 3613 934 3655 et
964 3601 1196 3671 maligne
1227 3601 1478 3668 spiritus,
1533 3600 1735 3670 inquit,
1777 3601 2040 3670 praecipio

459 3691 558 3744 tibi
603 3692 659 3745 in
695 3693 916 3747 nomine
949 3691 1072 3746 Filii
1117 3693 1232 3754 Dei,
1265 3699 1323 3746 ut
1352 3706 1516 3746 exeas
1553 3707 1618 3746 ex
1651 3691 1756 3746 hac
1784 3693 2035 3756 muliere,

453 3793 514 3838 et
539 3799 819 3853 nunquam
860 3798 928 3838 eo
957 3783 1219 3852 deinceps
1255 3783 1517 3838 divertas.
1557 3784 1648 3840 Uti
1680 3793 2037 3854 praeceptum,

459 3873 532 3926 ita
571 3873 774 3928 factum
814 3873 1110 3929 :dzemoue
1165 3873 1314 3927 illico
1363 3874 1533 3928 multa
1585 3889 1710 3928 cum
1759 3875 2038 3930 vocifera-

456 3963 610 4017 tione
640 3973 696 4018 et
725 3965 992 4020 conviciis
1013 3964 1354 4035 egrediente,
1389 3973 1555 4033 atque
1581 3965 1926 4035 relinquente
1959 3965 2039 4020 fc-

455 4069 502 4108 Ir.
519 4054 660 4108 inam
697 4055 922 4110 omnino
957 4065 1225 4110 sanatam.

525 4147 649 4201 229.
691 4146 906 4216 Babylze
939 4145 1228 4216 cujusdam
1279 4147 1472 4200 oculos
1515 4145 1787 4216 aegritudo
1821 4145 2038 4201 invase-

453 4246 563 4300 rat,
607 4252 769 4304 quam
810 4244 867 4290 et
891 4237 1109 4292 caecitas
1137 4247 1432 4292 consecuta
1458 4245 1544 4292 est
1577 4253 1592 4290 :
1625 4253 1863 4307 cumque
1893 4239 2034 4294 nihil

449 4330 578 4398 opis
617 4329 810 4384 haberi
847 4346 918 4384 ex
941 4337 1062 4386 arte
1104 4331 1446 4386 medentium
1473 4340 1682 4401 posset,
1729 4333 1904 4388 sancti
1939 4334 2036 4405 Sy—

2145 3141 2236 3193 καὶ
2279 3139 2638 3202 ἐκτινάσσειν,
2689 3137 2942 3208 καθάπερ
2975 3136 3143 3207 αὐτὴν
3193 3131 3324 3206 ἆραι
3371 3139 3464 3190 καὶ
3499 3141 3722 3206 ἀφεῖναι

2139 3232 2277 3284 κατὰ
2295 3225 2556 3299 κρημνῶν
2583 3227 2956 3296 ἐπειγόμενον.
3001 3228 3199 3280 Οὐκέτι
3239 3227 3528 3296 τοιγαροῦν
3575 3227 3722 3284 οὕτω

2139 3321 2452 3388 πάσχουσαν
2487 3318 2656 3389 αὐτὴν
2699 3320 2833 3390 ὀρᾷν
2875 3319 2904 3372 ὁ
2938 3317 3161 3390 Συμεὼν
3202 3317 3548 3388 ἀνεχόμενος,
3583 3317 3723 3372 ἀλλὰ

2140 3407 2526 3478 φιλάνθρωπόν
2567 3427 2620 3462 τι
2667 3409 2762 3463 καὶ
2791 3409 3074 3478 συμπαθὲς
3107 3407 3294 3462 παθὼν
3325 3409 3411 3462 ἐπ’
3445 3409 3614 3480 αὐτῇ,
3645 3409 3722 3462 Τὸ

2139 3501 2448 3571 ἀκάθαρτον
2489 3500 2586 3554 καὶ
2610 3500 2846 3570 πονηρὸν
2875 3500 3110 3567 πνεῦμα,
3145 3499 3258 3568 ἐγώ
3294 3518 3377 3553 σοι
3419 3500 3720 3568 ἐπιτάττοι,

2141 3592 2326 3662 φησὶν,
2379 3593 2437 3645 ἐν
2483 3591 2562 3662 τῷ
2611 3591 2839 3660 ὀνόματι
2884 3591 2977 3644 τοῦ
3030 3589 3164 3642 Θεοῦ
3213 3589 3448 3654 ἐξελθεῖν
3491 3592 3586 3646 ἀπ’
3621 3593 3724 3644 αὖ·

2139 3686 2263 3754 τῆς,
2326 3686 2421 3740 καὶ
2489 3684 2693 3754 μηκέτι
2753 3684 2890 3754 πρὸς
2940 3683 3108 3753 αὐτὴν
3161 3682 3448 3738 ἀναλῦσαι.
3498 3684 3574 3737 Τὸ
3623 3684 3728 3754 μὲν

2141 3772 2233 3830 οὖν
2269 3775 2547 3844 ἐπίταγμα
2595 3773 2754 3845 ἔργον
2795 3769 2882 3844 ἦν,
2917 3774 3008 3825 καὶ
3047 3771 3216 3826 πολλὰ
3268 3773 3482 3842 κράξαν
3525 3774 3732 3828 αὐτίκα

2142 3869 2236 3920 καὶ
2267 3867 2585 3938 φλυαρῆσαν
2633 3865 2878 3937 ἐξῆλθεν,
2911 3866 3039 3937 ὑγιῆ
3088 3864 3186 3936 τὴν
3221 3865 3536 3936 πάσχουσαν
3587 3867 3734 3920 ἀπο-

2141 3959 2412 4022 λελοιπός.

2213 4135 2347 4188 σκθ’.
2385 4133 2601 4205 Βαϐύλᾳ
2641 4133 2698 4186 δέ
2743 4150 2848 4186 τινι
2901 4132 3110 4204 νόσημα
3156 4133 3369 4200 γεγόνει
3409 4133 3540 4202 περὶ
3598 4133 3736 4196 τοὺς

2140 4227 2471 4294 ὀφθαλμοὺς,
2525 4219 2682 4293 dum
2743 4223 3013 4292 τύφλωσις
3064 4222 3426 4292 ἠκολούθησεν
3465 4221 3581 4284 ’ὡς
3635 4218 3739 4278 οὖν
3791 4289 3800 4300 .

2139 4317 2362 4372 δνασθαί
2396 4335 2446 4368 τι
2474 4317 2572 4384 τῆς
2603 4315 2802 4380 ἰατρῶν
2831 4314 3026 4384 τέχνης
3054 4315 3152 4366 οὐκ
3181 4307 3270 4384 ἦν,
3296 4312 3357 4366 τὸ
3377 4311 3473 4365 τοῦ
3500 4311 3734 4382 Συμεὼν

457 4418 672 4470 meonis
704 4431 904 4472 nomen
961 4433 1060 4487 pro
1105 4419 1394 4474 curatione
1447 4420 1752 4486 invocavit;
1796 4421 2036 4492 viditque

2148 4409 2316 4478 ὄνομα
2371 4408 2505 4480 πρὸς
2543 4407 2841 4476 θεραπείαν
2874 4407 3218 4460 ἐπεκαλεῖτο.
3259 4407 3392 4476 ’0ρᾷ
3429 4405 3734 4476 τοιγαροῦν

343 4547 348 4552 -
387 4583 390 4588 Ι
455 4517 621 4564 nocte
651 4510 906 4578 sequenti
939 4520 1210 4574 sanctum,
1265 4526 1409 4582 equo
1449 4513 1685 4566 candido
1734 4514 2032 4580 invectum,

453 4603 627 4657 veluti
679 4601 954 4660 medicum
987 4614 1042 4660 et
1092 4621 1316 4660 manum
1365 4607 1580 4660 aﬂ'ectis
1634 4607 1810 4662 oculis
1857 4609 2034 4678 impo-

453 4703 704 4760 nentem,
742 4695 1130 4766 dicentemque
1167 4715 1181 4750 :
1220 4698 1454 4767 Respice
1496 4707 1646 4753 recta
1692 4701 1758 4754 ad
1793 4711 2036 4756 montem

459 4781 784 4840 Mirabilem.
817 4787 1044 4842 Levavit
1089 4788 1273 4858 itaque
1325 4805 1382 4844 se
1419 4789 1629 4858 statim,
1657 4799 1714 4844 et
1747 4791 1923 4844 oculis
1967 4807 2036 4846 eo

446 4875 683 4932 directis
708 4894 722 4930 :
745 4876 966 4932 Christe
1017 4878 1269 4945 Domine,
1304 4880 1403 4943 ait,
1437 4881 1582 4934 Deus
1611 4881 1796 4934 famuli
1831 4883 1910 4936 tui
1937 4881 2038 4954 Sy-

455 4967 688 5032 meonis,
717 4967 940 5022 medere
984 4969 1162 5023 oculis
1200 4969 1358 5024 meis.
1393 4970 1460 5024 Et
1503 4971 1554 5024 in
1597 4971 1716 5039 ipso
1757 4983 2036 5028 momento

451 5055 613 5122 vidit,
644 5057 894 5127 quamvis
925 5058 1266 5114 subobscure
1295 5069 1351 5114 ct
1377 5062 1637 5116 tenuiter.
1670 5062 1740 5117 Ut
1771 5071 1954 5118 autem
1979 5081 2037 5120 se

455 5149 646 5203 videre
690 5151 966 5219 cognovit,
996 5167 1118 5220 qua:
1147 5151 1385 5206 habebat
1411 5153 1756 5218 charissima,
1787 5169 2037 5222 uxorem,

453 5239 700 5308 inquam,
715 5251 773 5295 et
791 5241 996 5296 liberos
1013 5258 1322 5306 assumens,
1348 5242 1416 5296 ad
1433 5251 1684 5297 sanctum
1711 5242 2036 5314 Symeonem

452 5333 742 5400 processit,
787 5334 1143 5389 nuntiaturus
1171 5335 1352 5404 qualis
1397 5334 1652 5389 beneficii
1700 5350 1801 5404 per
1854 5335 2033 5405 ipsum

451 5437 680 5492 compos
713 5423 888 5478 factus
937 5423 1150 5479 luisset.
1201 5425 1304 5478 Cui
1355 5425 1444 5479 ille
1481 5425 1782 5480 Dominica:
1835 5426 2030 5481 .crucis

487 5505 674 5578 ignum
721 5509 1064 5580 imprimens,
1121 5514 1654 5582 perspicacissimum
1718 5517 1836 5570 sine
1884 5517 2034 5571 onmi

459 5595 814 5654 hebetationc
846 5603 1134 5656 oculorum
1165 5605 1348 5658 lumen
1383 5605 1643 5658 donavit:
1676 5605 1877 5660 deinde
1901 5623 2034 5661 con-

453 5690 639 5760 iugem
665 5706 880 5760 quoque
915 5695 1034 5763 ejus
1060 5697 1436 5752 excutientem
1469 5697 1712 5761 sanavit;
1774 5699 1978 5754 liberos
2009 5719 2036 5753 ιι

2138 4504 2234 4570 τῆς
2253 4503 2442 4562 νυκτὸς
2463 4499 2676 4570 ἐκείνης
2699 4500 2864 4553 αὐτὸν
2885 4500 2975 4550 ἐπὶ
2999 4497 3192 4552 λευκοῦ
3213 4498 3382 4552 ἵππου
3406 4499 3484 4567 τῷ
3503 4499 3656 4568 ίατρε
3667 4497 3733 4569 ίῳ

2139 4591 2546 4660 παραϐαλόντα,
2565 4590 2727 4662 χεῖρά
2755 4607 2814 4642 τε
2843 4589 2992 4659 αὑτῷ
3022 4589 3299 4652 ἐπιθέντα,
3325 4588 3438 4652 καὶ,
3465 4587 3732 4640 ’Δνάσλε-

2137 4685 2236 4755 ψον
2267 4685 2396 4738 εὐθὺ
2438 4683 2534 4738 τοῦ
2565 4681 2878 4753 θαυμαστοῦ
2919 4682 3100 4750 ὅρους,
3136 4679 3491 4734 κελεύσαντα.
3525 4681 3730 4733 Διαναη

2141 4777 2270 4841 στὰς
2302 4778 2481 4831 τοίνυν
2505 4777 2704 4830 αὐτίκα
2748 4773 2843 4828 καὶ
2871 4773 2968 4836 τὰς
3009 4771 3158 4841 ὄψεις
3201 4771 3288 4822 ἐπ’
3325 4767 3458 4822 αὐτὸ
3515 4767 3726 4832 ίθΰνας,

2138 4871 2342 4942 Χριστέ
2376 4873 2403 4924 ὁ
2435 4869 2566 4932 Θεὸς
2597 4867 2691 4922 τοῦ
2735 4866 2923 4922 δούλου
2956 4881 3050 4918 σου
3095 4859 3336 4933 Συμεὼν,
3367 4855 3544 4924 εἶπεν,
3579 4857 3730 4914 ἴασαι

2143 4983 2210 5035 με
2244 4967 2369 5026 τοὺς
2391 4959 2726 5032 ὀφθαλμούς.
2760 4959 2873 5014 Καὶ
2895 4956 3204 5025 ἀναϐλέψας
3228 4955 3330 5024 ὁρᾷ
3355 4951 3726 5024 παραχρῆμα,

2139 5057 2188 5107 εἰ
2228 5056 2320 5108 καὶ
2354 5052 2597 5122 ἀμυδρόν
2629 5069 2680 5104 τι
2711 5051 2804 5102 καὶ
2840 5049 3106 5118 ἀδρανὲς·
3147 5048 3248 5116 ὁρᾷ
3293 5047 3336 5096 δ’
3369 5043 3483 5105 οὖν,
3521 5048 3618 5094 καὶ
3661 5045 3726 5093 τὰ

2142 5147 2373 5214 φίλτατα
2419 5145 2493 5206 ὡς
2539 5139 2673 5212 εἶχε,
2722 5141 2958 5208 γυναῖκα
2989 5155 3130 5208 φημι
3177 5139 3270 5188 καὶ
3311 5135 3478 5185 τέκνα
3521 5130 3725 5192 λαϐὼν,

2142 5240 2392 5310 πρόσεισι
2424 5237 2500 5306 τῷ
2538 5235 2782 5304 Συμεὼν,
2815 5231 3176 5296 ἀπαγγέλλων
3205 5228 3322 5287 οἵας
3355 5227 3410 5290 ἐξ
3438 5224 3604 5276 αὑτοῦ
3637 5223 3726 5274 τύ-

2141 5349 2224 5400 χοι
2252 5328 2588 5398 εὐεργεσίας.
2632 5324 2690 5376 Ὀ
2719 5323 2774 5376 δὲ
2803 5322 2893 5373 τὸν
2917 5317 3241 5371 Δεσποτικόν
3269 5313 3416 5382 αὐτῷ
3442 5312 3535 5364 τοῦ
3565 5325 3724 5366 σταυ-

2145 5421 2239 5486 ροῦ
2287 5421 2456 5472 τύπον
2507 5416 2800 5480 ἐπιϐαλὼν,
2845 5411 3130 5480 ἐλεύθερον
3185 5407 3333 5478 αὖτῷ
3381 5407 3564 5476 πάσης
3619 5406 3720 5471 ἁμα

2145 5512 2422 5584 βλυωπίας
2453 5511 2512 5564 τὸ
2537 5509 2645 5562 τῶν
2679 5507 2974 5576 ὀφθαλμῶν
3011 5504 3293 5574 χαρίζεται
3343 5500 3458 5568 φῶς
3482 5513 3494 5526 '
3536 5497 3724 5550 ἔπειτα

2147 5607 2328 5675 μέντοι
2373 5603 2467 5657 καὶ
2500 5603 2596 5672 τὴν
2643 5603 2894 5668 γυναῖκα,
2941 5595 3356 5666 τυφλώττουσαν
3411 5591 3722 5658 ἰασάμενος,

2146 5698 2240 5752 καὶ
2270 5696 2638 5768 δαιμονῶντας
2666 5691 3012 5762 θεραπεύσας
3053 5691 3176 5751 τοὺς
3215 5686 3430 5750 παῖδας,
3471 5685 3564 5734 καὶ
3602 5695 3714 5732 οων
