4038 6208
355 290 500 353 319¹1

1379 301 1547 360 VlTA
1586 306 1634 362 A
1673 302 2109 362 NICEPHORO
2145 303 2630 364 CONSCRIPTA.

3464 301 3608 367 3198

361 413 507 468 οἷκον
551 412 800 480 μεγάλων
842 413 1031 467 παθῶν
1073 413 1409 478 ἀπαλλάξας,
1442 415 1563 469 οὐδὲ
1594 415 1710 485 βίου
1739 413 1922 468 σπανία

2036 415 2379 472 dzemonibus
2409 417 2648 470 insessos
2687 411 2938 478 curavit;
2989 421 3046 467 et
3102 415 3420 470 universam
3455 418 3613 473 fami-

360 509 548 565 ;ovm;
595 503 885 572 περιεῖδεν.
932 503 1071 556 Ἀλλ’
1097 503 1221 556 ἐπεὶ
1273 505 1397 574 μηδ’
1429 504 1608 558 ὁτιοῦν
1653 505 1780 560 ἄλλο
1812 505 1938 561 τού-

356 611 470 659 τοις
521 602 601 654 ὅτι
651 595 725 665 μὴ
779 593 989 665 βραχὺς
1041 591 1183 659 οἴνος
1225 595 1453 665 προσῆν,
1507 597 1603 650 καὶ
1645 593 1800 662 οὗτος
1848 601 1934 664 €5-

359 684 606 755 εστηκὼς
649 703 709 738 τε
749 687 844 740 καὶ
891 685 1194 756 δευτερίας,
1229 687 1358 756 ἡδὺν
1405 690 1499 741 καὶ
1526 689 1714 744 τοῦτον
1751 692 1936 754 αὐτοῖς

355 781 422 848 τῇ
453 778 631 850 οἰκείᾳ
660 779 840 850 τίθησι
869 779 1036 844 κόνει,
1067 779 1163 831 καὶ
1188 779 1439 848 πότιμον,
1481 782 1575 834 καὶ
1609 782 1898 850 ἐπαγωγόν
1916 801 1931 816 ο

357 869 452 923 καὶ
471 870 644 934 οὕτως
672 871 771 924 οὐκ
794 871 977 939 ὀλίγου
1003 869 1256 942 πραθεὶς,
1295 871 1530 944 ἧρκεσεν
1551 873 1739 935 αὐτοῖς
1759 876 1837 940 είς
1864 875 1935 929 τὰ

357 964 652 1029 ἀναγκαῖα.

426 1133 522 1190 σλ’.
551 1135 773 1199 Τούτοις
803 1138 951 1203 ἄξιον
984 1139 1160 1192 ὲκεῖνο
1194 1139 1525 1210 προσθείην
1556 1142 1932 1213 Πρεσϐύτερός

353 1243 456 1291 τις,
479 1229 541 1281 ὲκ
569 1227 760 1298 κώμης
790 1219 1077 1292 Βασιλείας
1105 1230 1248 1283 οὕτω
1268 1231 1567 1302 λεγομένης
1587 1235 1928 1302 ὁρμώμενος,

355 1318 624 1382 πολύπαις
651 1319 746 1381 ῶν,
778 1321 945 1382 ἄπαις
975 1321 1276 1386 ἐδείκνυτο,
1308 1323 1406 1392 τὴν
1445 1325 1524 1387 εἰς
1555 1323 1669 1391 φῶς
1697 1325 1928 1378 ἑκάστου

351 1412 460 1464 τῶν
483 1412 815 1481 τικτομένων
847 1413 1074 1482 πρόοδον
1115 1413 1372 1482 τελευτῆς
1401 1415 1562 1480 εὐθὺς
1613 1417 1931 1488 διαδεχομέ-

353 1521 468 1574 νης.
503 1506 752 1574 Πρόσεισι
790 1505 970 1557 τοίνυν
998 1506 1057 1558 ἐν
1085 1509 1286 1576 συνοχῇ
1321 1506 1664 1578 σπλάγχνων,
1697 1510 1794 1563 καὶ
1837 1529 1930 1582 πιτ

353 1594 500 1663 κρῶν
549 1595 799 1665 δακρύων
858 1597 1085 1666 ἐπιρροῇ
1113 1595 1190 1665 τῷ
1219 1596 1527 1668 θαυμαστῷ
1573 1598 1820 1670 Συμεὼν,
1858 1602 1927 1655 τὰ

353 1684 475 1738 καθ’
502 1684 660 1739 αὐτὸν
683 1686 1044 1755 ἀπαγγέλλων
1063 1704 1076 1720 ο
1096 1685 1202 1739 Καὶ
1218 1682 1296 1747 ὃς,
1316 1689 1610 1760 Ἐπάνηκε,
1643 1693 1778 1761 φησὶ
1808 1695 1928 1763 χαί-

356 1791 482 1844 ρων,
515 1777 653 1846 ἔχων
675 1778 773 1848 ἤδη
805 1778 866 1830 τὸ
888 1779 1108 1849 αἰτηθὲν
1137 1783 1200 1834 ὲκ
1225 1779 1382 1833 Θεοῦ.
1417 1779 1507 1850 Τῷ
1535 1780 1590 1833 δὲ
1619 1782 1719 1852 τὴν
1750 1783 1922 1850 ἐπαγ-

349 1865 535 1933 γελίαν
601 1867 677 1930 ὡς
719 1854 1053 1940 εὐεργεσίαν
1105 1870 1372 1940 αὐτοτελῆ
1433 1871 1712 1943 δεξαμένῳ
1746 1916 1762 1940 ,
1829 1875 1925 1926 καὶ

349 1957 538 2028 ῶσπερ
577 1977 628 2012 τι
651 1960 828 2031 ψυχῆς
853 1963 1018 2031 ἄχθος
1051 1963 1376 2035 ἀποθεμένῳ
1406 1964 1710 2036 βαρύτατον
1733 2006 1747 2028 ,
1774 1969 1924 2037 τρεῖς

349 2051 442 2105 ἐπὶ
467 2051 697 2124 θυγατρὶ⁸
724 2053 1016 2121 γεννῶνται
1050 2055 1187 2124 μετὰ
1210 2053 1384 2108 ταῦτα
1414 2055 1519 2108 υἱοί
1544 2071 1558 2086 ⁸
1590 2049 1666 2108 ὧν
1719 2058 1747 2108 6
1790 2073 1922 2126 πρε·

349 2143 610 2212 σϐύτερος
635 2145 797 2199 πάθει
814 2145 1160 2213 δυσεντερίας
1193 2146 1373 2210 ἁλοὺς,
1403 2149 1496 2199 καὶ
1512 2147 1609 2214 τὴν
1633 2147 1694 2212 ἐξ
1714 2146 1922 2218 ἀνθρώ-

347 2252 465 2286 πων
495 2237 587 2287 καὶ
613 2235 808 2306 τέχνης
856 2237 1126 2304 ἀπογνοὺς
1157 2235 1478 2306 θεραπείαν,
1520 2240 1610 2291 ἐπὶ
1659 2239 1748 2291 τὸν
1781 2239 1922 2293 θεῖον

348 2323 574 2393 Συμεὼν
636 2324 1009 2393 καταφεύγει,
1053 2327 1148 2378 καὶ
1193 2327 1268 2389 ῶς
1321 2328 1483 2381 αὑτὸν
1529 2330 1924 2398 ἀνακομισθεὶς

347 2413 499 2482 παρὰ
521 2413 612 2466 τοῦ
643 2415 916 2479 τεκόντος,
945 2411 1030 2469 οἷα
1075 2417 1196 2488 μηδ’
1230 2419 1418 2487 ἀρκεῖν
1435 2419 1614 2490 ἐαυτῷ
1651 2421 1788 2490 πρὸς
1822 2422 1923 2492 τὴν

347 2503 572 2574 πορείαν
595 2504 914 2577 δυνάμενος,
948 2507 1236 2561 ἐπάνεισιν
1258 2509 1438 2580 ὑγιής.

416 2681 548 2734 σλα’.
589 2680 748 2736 Ἀλλὰ
777 2683 874 2753 τὴν
901 2684 987 2736 ἐπ’
1006 2683 1156 2754 αὐτῷ
1185 2683 1278 2739 τοῦ
1302 2686 1506 2755 πατρὸς
1537 2686 1876 2757 εὐφροσύνην
1905 2727 1920 2752 ,

344 2771 550 2842 ἀθυμία
575 2773 736 2827 πάλιν
770 2774 1070 2843 ἐκδέχεται,
1104 2773 1275 2845 λήθην
1299 2776 1393 2827 καὶ
1417 2776 1589 2845 αὐτῆς
1617 2778 1922 2845 ἐμποιοῦσα

345 2865 491 2935 (ἐπεὶ
541 2867 635 2919 καὶ
689 2867 932 2932 πέφυκεν
959 2866 1080 2918 ὅλον
1107 2865 1184 2928 ῶς
1220 2867 1288 2919 τὰ
1316 2867 1487 2919 πολλὰ
1544 2866 1788 2934 γίνεσθαι
1825 2869 1920 2921 τοῦ

343 2957 609 3027 παρόντος
638 2956 700 3010 τὸ
720 2957 818 3025 τῆς
849 2955 1030 3026 ψυχῆς
1064 2959 1258 3026 χαῖρον
1289 2957 1320 3027 ἢ
1361 2957 1778 3026 παθαινόμενον,
1813 2961 1920 3012 τῶν

2039 509 2167 562 liam
2192 508 2446 575 gravibus
2475 506 2632 560 malis
2685 503 2938 558 liberavit
2966 521 2978 553 :
3005 520 3109 558 non
3146 505 3462 575 despiciens
3489 523 3610 563 eam

2036 599 2406 670 negligensve.
2432 595 2579 666 quod
2607 595 2685 654 rei
2715 595 3003 649 familiaris
3053 597 3282 663 penuria
3329 613 3612 666 premere-

2039 699 2164 746 tur:
2189 690 2324 758 quin
2355 688 2558 757 potius,
2587 686 2847 755 quoniam
2880 685 3014 738 nihil
3053 685 3164 739 illis
3193 695 3479 754 superaret
3502 689 3611 742 nisi

2035 781 2338 850 pauxillum
2365 777 2500 841 vini,
2536 777 2701 846 idque
2725 775 2983 845 fugientis
3015 785 3072 829 et
3119 774 3451 830 secundarii.
3476 776 3610 830 illud

2034 872 2261 940 pulvere
2309 883 2410 924 suo
2455 883 2622 922 suave
2661 875 2717 921 et
2769 874 2956 936 aptum
3008 866 3160 935 potui
3195 881 3259 919 ac
3313 866 3612 920 delicatum

2036 962 2304 1016 reddidit:
2339 971 2502 1030 atque
2535 960 2607 1012 ita
2632 975 2739 1013 non
2764 958 2914 1028 parvi
2935 958 3242 1022 venditum,
3265 957 3486 1012 suﬁ'ecit
3515 974 3616 1013 ne-

2034 1054 2289 1109 cessariis
2318 1053 2445 1106 vitae
2463 1051 2869 1120 comparandis.

2103 1145 2224 1199 250.
2266 1145 2425 1199 Hisce
2448 1143 2672 1212 dignum
2706 1151 2789 1196 est
2840 1141 2971 1195 illud
2994 1141 3138 1210 quod
3174 1141 3407 1196 addatur
3437 1159 3449 1194 :
3476 1141 3611 1195 Pre-

2033 1238 2222 1309 sbyter
2278 1235 2524 1306 quidam,
2581 1250 2650 1287 ex
2699 1249 2834 1302 pago
2886 1233 2979 1302 qui
3042 1233 3344 1287 vocabatur
3397 1232 3611 1286 Basilea

2032 1329 2324 1390 oriundus,
2358 1343 2482 1381 cum
2526 1327 2731 1380 multos
2757 1324 3036 1394 genuisset
3064 1324 3293 1388 liberos,
3318 1324 3439 1377 sine
3470 1324 3613 1378 libe-

2033 1423 2270 1484 riserat,
2309 1430 2506 1479 morte.
2530 1420 2691 1474 simul
2731 1428 2894 1488 atque
2941 1419 3074 1473 editi
3100 1419 3153 1472 in
3203 1419 3381 1473 lucem
3404 1428 3608 1479 essent.

2031 1527 2306 1583 quemque
2351 1519 2676 1580 occupante.
2727 1510 2991 1578 Properat
3038 1509 3205 1579 igitur
3255 1510 3308 1562 in
3358 1510 3613 1578 angustia

2032 1601 2217 1655 cordis
2247 1609 2491 1654 torrente
2518 1600 2841 1653 acerbarum
2871 1600 3236 1670 lacrymarum
3255 1601 3606 1668 deeurrente,

2030 1692 2097 1746 ad
2132 1691 2440 1746 mirabilem
2469 1690 2818 1761 Symeouem,
2879 1705 3062 1743 rerum
3129 1705 3352 1743 suarum
3405 1700 3604 1744 statum

2029 1781 2403 1835 nuntiaturus.
2467 1778 2567 1834 Cui
2627 1789 2908 1834 sanctus:
2972 1779 3274 1832 Revertere
3325 1779 3605 1848 gaudens;

2028 1886 2351 1926 concessum
2373 1872 2480 1942 jam
2505 1871 2603 1925 tibi
2635 1887 2664 1924 a
2692 1871 2801 1924 Deo
2855 1880 2959 1932 est,
2997 1870 3143 1938 quod
3173 1870 3402 1938 petiisti.
3447 1871 3606 1924 Exci-

2027 1960 2108 2028 pit
2133 1959 2223 2015 ille
2249 1961 2694 2029 promissionem,
2728 1969 2787 2014 ut
2831 1960 3160 2015 beneﬁcium
3193 1960 3371 2030 reipsa
3426 1961 3604 2030 impe-

2029 2058 2252 2117 tratum,
2276 2062 2330 2105 et
2382 2052 2597 2106 secluso
2650 2051 2842 2107 dolore
2904 2051 3087 2106 cordis
3109 2051 3450 2122 gravissimo,
3497 2059 3608 2106 tres

2028 2141 2228 2196 deinde
2259 2143 2402 2197 ﬁlios
2427 2154 2625 2212 praeter
2657 2143 2818 2197 ﬁliam
2855 2142 3150 2213 progignit.
3176 2143 3389 2197 Accidit
3424 2151 3607 2197 autem

2028 2231 2244 2287 illorum
2268 2233 2614 2301 grandiorem
2667 2246 2796 2288 natu
2846 2234 3159 2305 dysenteria
3211 2234 3484 2297 laborare,
3514 2234 3610 2288 dc-

2027 2323 2356 2392 sperarique
2388 2323 2644 2378 humana:
2667 2325 2801 2379 artis
2852 2327 3219 2379 curationem.
3245 2324 3324 2378 Ad
3357 2335 3608 2379 sanctum

2027 2413 2358 2484 Symeouem
2409 2415 2578 2486 igitur
2632 2432 2922 2472 recurrere
2986 2419 3204 2471 visum:
3260 2433 3496 2485 cumque
3541 2432 3609 2470 eo

2027 2515 2282 2575 portatus
2307 2507 2501 2562 fuisset
2532 2525 2561 2562 a
2593 2509 2937 2576 parentibus,
2970 2519 3160 2578 utpote
3193 2524 3303 2563 non
3331 2506 3609 2562 sulﬁcicns

2026 2614 2129 2669 per
2161 2599 2308 2653 vires
2333 2616 2460 2654 suas
2496 2599 2703 2663 itineri,
2748 2611 3075 2668 persanatus
3107 2601 3295 2654 rediit.

2094 2693 2222 2748 251.
2265 2691 2372 2746 Sed
2402 2692 2657 2746 laetitiam
2705 2693 2848 2762 patri
2899 2691 3029 2746 hinc
3063 2703 3333 2759 exortam,
3391 2711 3609 2749 rursum

2028 2799 2244 2838 maeror
2269 2799 2409 2852 pene
2439 2784 2762 2839 exanimaus
2797 2783 2988 2847 subiit,
3045 2785 3340 2854 gaudiique
3373 2787 3610 2851 .induxit

2027 2871 2363 2927 oblivionem
2415 2875 2524 2944 _(ita
2577 2889 2815 2942 namque
2866 2873 3004 2926 solet
3049 2891 3210 2942 quam
3274 2876 3608 2932 creberrime
3669 2941 3681 2953 .

2029 2963 2168 3027 ﬁeri,
2203 2972 2262 3016 ut
2292 2963 2371 3017 rei
2395 2963 2682 3032 praesentis
2729 2962 2987 3032 gaudium
3039 2963 3122 3015 vel
3178 2963 3335 3018 dolor
3388 2965 3608 3020 deleant

344 3047 724 3119 προλαϐόντων
747 3047 1167 3118 ἀμνημονῆσαν)
1187 3064 1202 3079 ο
1231 3047 1475 3118 εὑρίσκει
1500 3049 1608 3118 γὰρ
1633 3048 1728 3128 τὸν
1742 3048 1922 3102 δεύτεο

2029 3052 2434 3121 praateritorum
2463 3051 2804 3112 memoriam)
2836 3069 2847 3100 :
2892 3049 3361 3120 invenitnamque
3410 3069 3611 3107 secun-

345 3154 436 3210 ρον
463 3137 573 3190 τῶν
601 3136 732 3191 υίῶν
777 3137 951 3200 οὕτως
993 3137 1096 3190 ύπδ
1129 3139 1284 3190 νόσου
1318 3139 1803 3208 κατειργασμένον,
1849 3141 1924 3203 ὡς

342 3229 439 3284 καὶ
503 3229 752 3299 βοήθειαν
810 3230 898 3282 ἐπ’
943 3227 1092 3296 αύτῷ
1162 3230 1341 3281 πᾶσαν
1391 3229 1735 3300 ἀνθρωπίνην
1780 3232 1924 3283 ἀπα·-

344 3320 623 3390 γορεῦσαι.
688 3321 986 3392 ’Ᾱράμενος
1055 3320 1234 3373 τοίνυν
1288 3319 1505 3390 κομίζει
1553 3320 1629 3390 τῷ
1697 3321 1923 3389 Συμεὼν

344 3413 440 3468 καὶ
490 3413 652 3466 αὑτὸν
701 3450 716 3476 ,
778 3413 994 3476 δεικνὺς
1061 3414 1209 3475 ὅπως
1273 3411 1386 3480 ἔχει
1419 3453 1434 3474 ,
1495 3413 1588 3464 καὶ
1669 3412 1922 3483 μάρτυρα

343 3504 596 3574 καθάπερ
655 3504 860 3567 οίκείας
931 3504 1256 3572 σπλάγχνων
1343 3501 1532 3571 ὀδύνης
1596 3502 1938 3580 ποιούμενος,

342 3598 391 3650 εί
437 3597 652 3666 πατὴρ,
714 3596 810 3649 καὶ
872 3594 1045 3648 ταῦτα
1105 3594 1396 3664 φιλόπαις,
1454 3592 1628 3658 οὕτως
1686 3594 1801 3646 υἱὸν
1831 3594 1923 3646 ἅν-

343 3687 520 3757 έχοιτο
562 3687 797 3756 βλέπων.
834 3686 1110 3748 Ἑκτείνας
1138 3685 1428 3756 τοιγαροῦν
1465 3684 1662 3738 αὐτίκα
1689 3683 1787 3754 τὴν
1839 3684 1922 3737 δε-

345 3777 509 3844 ξιὰν,
568 3778 664 3832 καὶ
719 3778 815 3831 τὸν
856 3778 1024 3830 παῖδα
1075 3776 1406 3846 σφραγίσας,
1456 3776 1722 3845 Πορεύου,
1788 3777 1917 3845 ἔφη,

342 3869 523 3936 ζῶντα
567 3870 662 3922 καί⁵
707 3867 867 3921 αὑτὸν
895 3871 952 3921 ὲν
985 3867 1210 3938 ὀνόματι
1261 3866 1498 3937 Χριστοῦ
1554 3865 1714 3936 ἔχων.
1749 3868 1808 3921 '0
1838 3869 1917 3931 δὲ,

341 3956 689 4031 φιλοτεχνίας
719 3959 1023 4030 ὑπερϐολῇ,
1069 3957 1336 4028 μηδαμῶς
1370 3959 1676 4026 ἀποστῆναι
1728 3957 1916 4029 βουλό-

343 4068 524 4122 μενος,
558 4051 674 4104 ἀλλ’
704 4052 814 4120 ὅσῳ
863 4050 1085 4104 πλείονα
1134 4050 1326 4118 χρόνον
1359 4047 1509 4116 αύτῷ
1557 4049 1919 4119 παραμείναι,

339 4141 578 4212 τοσούτῳ
631 4141 801 4194 πλείω
855 4143 949 4195 καὶ
995 4141 1094 4210 τὴν
1117 4138 1176 4204 ἐξ
1200 4139 1365 4194 αὑτοῦ
1390 4139 1720 4208 κομίσασθαι
1750 4141 1915 4210 θερα-

341 4234 500 4287 πείαν
548 4234 638 4286 τὸν
689 4234 854 4286 παῖδα
884 4233 1139 4301 νομίζων·
1166 4229 1526 4301 Συγχώρησον
1573 4231 1728 4300 ἡμῖν,
1761 4231 1915 4284 δοῦλε

342 4324 435 4376 τοῦ
465 4324 622 4386 Θεοῦ,
659 4320 830 4386 εἷπεν,
865 4324 957 4377 ἐπὶ
989 4323 1151 4395 πλέον
1176 4322 1501 4392 προσμεῖναι
1537 4339 1644 4385 σοι,
1672 4323 1761 4378 ἵνα
1817 4327 1910 4377 καὶ

2037 3140 2356 3211 dogeuitum
2401 3140 2475 3194 ita
2515 3141 2707 3194 morbo
2732 3140 3084 3203 exhaustum,
3131 3149 3192 3192 nt
3237 3141 3375 3195 nihil
3407 3143 3520 3211 spei
3552 3144 3611 3198 in

2033 3233 2271 3286 humana
2295 3247 2398 3302 ope
2421 3240 2754 3300 superesset.
2789 3230 3078 3284 Suhlatum
3113 3231 3281 3300 igitur
3305 3232 3453 3288 hunc
3475 3251 3610 3304 quo-

2031 3341 2138 3394 que
2172 3331 2354 3392 portat
2388 3322 2454 3376 ad
2491 3321 2840 3394 Symeonem,
2886 3329 3204 3375 monstrans
3245 3325 3522 3393 quomodo
3549 3343 3610 3381 se

2032 3416 2298 3478 haberet;
2334 3423 2388 3469 et
2421 3423 2614 3468 testem
2645 3411 3053 3482 quodammodo
3087 3413 3343 3469 dolorum
3377 3431 3607 3470 suorum

2031 3508 2207 3575 ipsum
2257 3506 2469 3569 statuit,
2532 3516 2718 3558 utrum
2772 3504 2944 3572 patris
3004 3503 3224 3557 animus
3278 3514 3333 3559 et
3383 3506 3628 3575 quidem-

2031 3596 2267 3649 ﬁliorum
2295 3606 2480 3649 tenere
2508 3594 2766 3657 amantis,
2796 3592 3058 3647 intuitum
3081 3593 3258 3660 prolis
3291 3594 3369 3648 sic
3395 3597 3607 3651 allectat

2029 3690 2205 3759 possit
2236 3688 2531 3742 sustinere.
2552 3686 2654 3752 Qui
2679 3687 2944 3740 continuo
2973 3691 3204 3739 extensa
3255 3703 3418 3742 manu
3473 3689 3606 3742 (lex-

2029 3791 2146 3835 tera
2175 3795 2406 3850 puerum
2439 3779 2662 3846 signans
2689 3795 2702 3830 :
2731 3777 2900 3842 Vade,
2934 3777 3138 3849 inquit,
3167 3787 3224 3834 et
3271 3779 3420 3832 hunc
3462 3795 3606 3848 quo-

2028 3886 2134 3940 que
2167 3871 2220 3923 in
2259 3868 2480 3922 nomine
2508 3867 2713 3922 Christi
2766 3867 2968 3922 habeto
3013 3869 3224 3922 vivum.
3268 3869 3470 3922 Verum
3515 3869 3606 3923 ille

2026 3976 2254 4016 excessu
2287 3957 2524 4028 quodam
2551 3957 2755 4010 amoris
2790 3959 2846 4011 iu
2885 3957 3096 4026 prolem
3128 3973 3474 4026 nequaquam
3517 3975 3605 4013 re-

2027 4051 2224 4107 cedere
2248 4049 2456 4104 voluit:
2487 4048 2584 4103 sed
2619 4055 2770 4101 ratus
2832 4056 2985 4102 tanto
3019 4048 3335 4102 uberiorem
3367 4048 3478 4102 ﬁlio
3505 4049 3605 4101 imo

2025 4142 2288 4213 perlitum
2337 4140 2405 4194 iri
2445 4139 2751 4194 curationis
2807 4139 3059 4208 gratiam,
3119 4149 3327 4207 quanto
3367 4138 3604 4206 longiori

2027 4242 2272 4303 tempore
2301 4233 2424 4288 istic
2455 4230 2794 4286 substitisset
2827 4252 2835 4282 :
2876 4231 2949 4284 Da
2993 4231 3232 4293 veniam,
3288 4231 3484 4300 inquit,
3519 4229 3603 4284 fa,

2024 4324 2171 4378 mule
2201 4323 2321 4389 Dei,
2381 4321 2529 4391 quod
2559 4319 2770 4374 diutius
2793 4318 2883 4374 hic
2937 4333 3360 4384 connuoretnur,
3495 4333 3606 4386 quo

341 4416 736 4486 δαψιλεστέρας
761 4417 863 4486 τῆς
905 4415 1057 4485 παρὰ
1103 4414 1196 4466 σοῦ
1241 4412 1494 4484 τύχωμεν
1534 4414 1806 4483 εὐλογίας,
1850 4416 1917 4486 ἥν

2029 4415 2387 4484 copiosiorem
2420 4429 2451 4467 a
2485 4420 2536 4466 te
2568 4411 3038 4476 benedictionem,
3075 4425 3240 4479 quam
3263 4409 3486 4464 dextera
3513 4417 3605 4464 tua

343 4507 474 4576 ἡμῖν
499 4509 531 4577 ἡ
556 4507 706 4572 δεξιά
739 4524 834 4561 σου
863 4505 1167 4577 χαρίζεται.

413 4599 546 4669 σλβ’.
571 4602 922 4672 Δυσχεράνας
971 4602 1152 4655 τοίνυν
1213 4601 1352 4672 πρὸς
1389 4601 1561 4655 ταῦτα
1593 4603 1620 4654 6
1667 4601 1915 4672 Συμεὼν,

353 4691 662 4762 Ἠπάτησαι
717 4693 802 4746 διὰ
843 4694 942 4763 τῆς
981 4692 1261 4756 ἀπιστίας,
1297 4692 1422 4762 ἔφη,
1455 4693 1548 4745 καὶ
1599 4692 1661 4746 σύ
1688 4708 1701 4722 ο
1735 4695 1768 4762 ἡ
1811 4693 1919 4762 γὰρ

339 4781 434 4834 τοῦ
457 4782 588 4835 Θεοῦ
616 4784 842 4852 δύναμις
874 4785 972 4837 οὑκ
996 4783 1230 4837 ἐνταῦθα
1266 4783 1448 4853 μόνον,
1483 4783 1616 4836 ἀλλὰ
1650 4783 1744 4836 καὶ
1779 4801 1919 4836 παν-

342 4872 508 4943 ταχοῦ
567 4875 664 4944 τῆς
723 4874 888 4929 αὑτοῦ
944 4876 1264 4938 δεσποτείας
1305 4873 1543 4929 ἀνύουσα
1593 4875 1916 4946 παραδόξως

339 4965 492 5018 ἐστὶν
523 4965 558 5020 ἃ
583 4967 853 5036 βούλεται’
885 4969 1022 5022 ἀλλὰ
1046 4971 1144 5037 τὴν
1173 4971 1236 5022 ὲκ
1262 4970 1360 5039 τῆς
1386 4970 1587 5034 κόνεώς
1611 4987 1716 5040 μου
1746 4987 1920 5040 σφραο

339 5057 464 5125 γῖδα
503 5056 707 5122 λαϐὼν,
741 5061 983 5129 ἐπάνηκε
1033 5060 1198 5130 μηδὲν
1237 5061 1544 5125 ἐνδοιάζων,
1578 5061 1691 5114 ἀλλ’
1723 5063 1918 5124 αὐτοὺς

338 5147 528 5218 ὥσπερ
549 5152 1027 5219 ἐντετυπωμένους
1049 5153 1208 5222 αὐτῇ,
1225 5153 1366 5204 οὕτω
1385 5153 1476 5205 καὶ
1497 5153 1768 5220 παρόντας
1785 5153 1917 5222 ὁρᾷν

339 5237 576 5306 νομίζων
605 5241 775 5308 ἡμᾶς.
808 5240 1002 5294 Λαϐὼν
1025 5243 1204 5293 τοίνυν
1227 5242 1256 5292 6
1283 5241 1464 5310 πατὴρ
1493 5241 1592 5310 τὴν
1641 5242 1913 5310 σφραγῖδα

339 5328 434 5380 καὶ
462 5330 643 5381 οἴκαδε
700 5332 838 5400 μετὰ
886 5330 979 5382 τοῦ
1027 5332 1218 5394 παιδὸς
1247 5331 1612 5402 ἀναστρέψας,
1675 5333 1776 5402 ὁρᾷ
1827 5333 1917 5384 τὸν

346 5421 496 5488 ἅγιον
525 5421 676 5491 αὐτῷ
705 5423 896 5486 νυκτὸς
926 5423 1222 5476 ἐπιστάντα
1258 5424 1313 5494 (ἡ
1359 5423 1542 5495 μορφὴ
1590 5422 1648 5475 δὲ
1693 5423 1770 5492 τῷ
1817 5423 1916 5476 Συο

347 5508 492 5579 μιων
519 5513 721 5583 ἑτέρως
750 5515 781 5585 ἦ
809 5514 947 5568 κατὰ
966 5515 1028 5566 τὸ
1064 5513 1293 5584 σύνηθες
1321 5509 1459 5584 εἷχε)
1501 5516 1600 5585 τῆς
1621 5533 1679 5568 τε
1708 5517 1914 5579 κόνεως

342 5602 404 5655 ἑν
435 5606 617 5675 χεροῖν
647 5607 968 5677 κατέχοντα,
1008 5609 1121 5669 καὶ,
1146 5609 1209 5659 Τί
1255 5607 1455 5676 μᾶλλον
1484 5607 1661 5677 βούλει
1708 5609 1913 5674 λαϐεῖν,

341 5692 447 5760 τὴν
499 5693 749 5763 εὐλογίαν
796 5696 886 5748 τοῦ
951 5696 1175 5766 Συμεὼν
1227 5696 1452 5766 ταύτην,
1483 5695 1509 5770 ἢ
1543 5697 1640 5766 τὴν
1689 5697 1912 5762 δεξιὸιν;

2020 4503 2268 4571 impertit
2315 4500 2497 4563 nobis,
2559 4498 2966 4552 nanciscamur.

2089 4607 2216 4660 252.
2244 4603 2525 4659 Severiori
2557 4601 2625 4655 ad
2659 4600 2774 4654 ι]ωο
2827 4609 2884 4653 et.
2921 4614 3069 4668 aegro
3131 4597 3284 4650 vultu
3333 4597 3604 4665 Symeon:

2021 4695 2102 4748 Tu
2129 4710 2373 4765 quoque,
2399 4691 2496 4755 ait,
2524 4705 2624 4760 per
2662 4688 3026 4745 diﬁidentiam
3076 4687 3378 4742 aberrasti:
3417 4676 3636 4740 divina-

2018 4787 2222 4856 quippe
2247 4783 2514 4854 potentia,
2545 4797 2652 4836 non
2686 4780 2791 4834 hoc
2815 4778 2994 4833 solum
3024 4779 3170 4840 loco,
3203 4777 3301 4832 sed
3339 4777 3431 4831 ubi
3467 4778 3604 4832 libet

2017 4878 2234 4933 ellicere
2268 4874 2597 4930 mirabiliter
2639 4879 2820 4941 potest
2851 4886 3194 4940 quascunque
3221 4869 3371 4924 vult:
3411 4885 3603 4922 verum

2018 4986 2083 5025 ex
2113 4970 2339 5040 pulvere
2371 4983 2494 5022 meo
2518 4967 2738 5032 signum
2794 4964 3076 5033 accipiens
3117 4962 3314 5025 redito,
3354 4961 3608 5029 nihilque-

2017 5060 2276 5114 bazsitans
2305 5072 2626 5128 persuasum
2653 5055 2854 5110 habeto
2879 5055 2952 5107 ita
2975 5063 3024 5108 te
3052 5054 3300 5107 visurum
3331 5068 3429 5106 nos
3459 5067 3602 5121 prae-

2017 5156 2224 5210 sentes,
2260 5145 2723 5216 quemadmodum
2770 5144 2918 5212 ipsos
2954 5144 3281 5212 impressum
3333 5142 3466 5195 illud
3523 5140 3608 5195 si-

2016 5256 2182 5310 gnum
2236 5247 2508 5308 gerentes.
2550 5237 2792 5304 Accepto
2854 5235 3018 5304 igitur
3070 5235 3181 5304 jam
3222 5234 3368 5287 dicto
3419 5233 3595 5302 signo,

2017 5329 2238 5383 domum
2280 5343 2406 5382 cum
2460 5327 2569 5380 ﬁlia
2624 5325 2827 5378 redivit
2883 5334 3060 5393 pater,
3110 5325 3360 5394 viditque
3405 5331 3597 5378 secuta

2017 5431 2176 5476 nocte
2203 5429 2450 5475 sanctum
2509 5428 2778 5472 astantem
2841 5417 2966 5479 sibi,
2996 5417 3168 5469 forma
3228 5416 3521 5470 admodum
3564 5430 3598 5468 a

2019 5514 2179 5566 solita
2210 5512 2583 5579 discrepante,
2638 5518 2914 5562 tenentem
2973 5507 3228 5560 manibus
3279 5507 3586 5576 pulvcrcn‘,

2021 5608 2584 5671 percunctantcmquc
2637 5597 2822 5664 :Quid
2874 5597 3044 5650 mavis
3089 5597 3357 5667 accipere,
3385 5595 3600 5649 hancne

2019 5695 2308 5766 Symcouis
2355 5693 2823 5758 benedictionent,
2855 5708 2920 5744 au
2972 5690 3296 5745 dexteram?
3354 5689 3600 5753 (ﬁuntque
