4038 6208
481 320 622 386 3199

1677 327 1734 388 S.
1777 329 2158 392 SYMEONIS
2197 332 2562 394 JUNIORIS

3585 318 3741 386 θεοῦ

468 437 560 492 lite
581 435 980 507 respondisset,
1006 435 1210 506 ubique
1241 437 1486 508 gentium
1523 445 1802 504 constare,
1829 451 2051 512 quanta

2165 445 2582 515 πυνθανόμενον.
2604 445 2711 500 Τοῦ
2738 447 2817 515 δὲ,
2849 448 2971 503 Ὅτι
3001 447 3212 519 μεγάλη
3238 446 3336 518 μέν
3363 446 3513 502 ἔστιν
3537 449 3574 518 ἡ
3590 447 3742 504 εὐλο-

467 529 686 583 virtutis
719 528 1032 584 benedictio
1063 529 1171 594 sit;
1198 545 1256 584 se
1288 546 1418 585 vero
1453 530 1623 602 (quod
1651 532 1895 602 propitio
1922 549 2053 588 san-

464 629 558 676 cto
588 621 763 691 ﬁeret)
811 636 1031 690 semper
1062 621 1350 678 ardentius
1371 623 1719 680 desiderasse
1761 625 2051 681 dexteram

465 715 822 783 contingere:
873 713 1126 768 extendit
1171 714 1321 768 illam
1371 726 1618 780 sanctus,
1685 717 2050 786 impertitque

467 805 933 868 benedictionem,
964 805 1346 875 improperans
1401 805 1566 860 tacite
1609 821 1766 860 suam
1811 808 2043 878 presby-

467 906 584 951 tero
621 896 1098 951 incredulitatem:
1121 897 1359 966 denique
1379 897 1543 952 etiam
1569 897 1729 964 illud,
1750 899 1896 968 quod
1916 899 2056 954 alter

465 1002 681 1042 summo
699 1003 823 1041 cum
860 986 1142 1042 desiderio
1162 989 1608 1058 praestolabatur,
1653 991 1885 1060 adjicit:
1943 991 2053 1045 Ac-

465 1079 588 1148 cipe
621 1077 792 1133 ﬁlium
827 1088 980 1134 tuum
1018 1096 1234 1134 sanum.
1284 1080 1443 1146 Quod
1493 1092 1698 1137 tantam
1758 1083 2053 1138 instillavit

463 1167 648 1221 animo
679 1169 799 1239 ejus
825 1169 1186 1238 voluptatem,
1223 1179 1283 1224 ut
1331 1187 1442 1240 prae
1475 1173 1818 1227 abundantia
1883 1174 2051 1240 illius,

465 1260 650 1316 statim
702 1263 1214 1333 expergisceretur:
1282 1265 1603 1334 invenitque
1645 1266 1819 1320 lilium
1873 1267 2056 1322 adhuc

465 1368 657 1407 somno
692 1353 1086 1424 indulgentem,
1143 1370 1207 1408 ac
1261 1355 1574 1410 restitutum
1620 1357 1733 1426 jam
1790 1357 2055 1427 perfecta:

464 1442 706 1496 sanitati.
744 1443 924 1508 Quare
960 1444 1105 1496 illico
1138 1444 1370 1498 remittit
1407 1445 1474 1499 ad
1507 1439 1782 1504 sanctum.
1816 1447 1913 1515 qui
1941 1461 2042 1515 pro

465 1534 571 1588 hoc
597 1534 843 1591 secundo
867 1542 996 1588 natu
1024 1534 1138 1589 lilio
1168 1545 1508 1605 recuperata:
1543 1538 1882 1592 valetudinis
1909 1554 2054 1608 pra:-

465 1626 574 1680 mia
602 1625 901 1695 persolvat.

2156 538 2270 605 γία.
2297 537 2457 590 παντί
2493 556 2596 591 που
2650 539 2828 610 δῆλον,
2881 542 3148 606 εἰπόντος,
3183 541 3298 608 ἐγὼ
3330 541 3388 594 δὲ
3421 539 3584 611 (ἀλλά
3643 557 3740 612 μοι

2157 630 2318 693 ἵλεως
2339 629 2484 700 εῐης)
2509 629 2698 684 λαϐεῖν
2729 631 2961 686 ἐπόθουν
2995 633 3198 703 μᾶλλον
3241 633 3342 701 τὴν
3383 633 3565 698 δεξιάν
3598 650 3612 664 ο
3642 637 3739 687 ὲκ-

2155 719 2334 781 τείνας
2379 720 2584 785 εὐθέως
2639 719 2832 792 αὐτὴν,
2867 722 3052 790 ὀρέγει
3105 723 3208 795 τὴν
3255 724 3527 791 εὐλογίαν,
3550 726 3736 795 ἠρέμα

2153 811 2235 881 τῷ
2268 813 2625 884 πρεσϐυτέρῳ
2658 815 2754 869 καὶ
2803 815 3062 869 ἀπιστίαν
3099 815 3524 884 προσονειδίσας.
3544 819 3635 871 ἐπὶ
3651 815 3740 870 τέ-

2155 902 2235 954 λει
2271 903 2330 957 δὲ
2354 905 2450 956 καὶ
2471 905 2612 976 ὅπερ
2632 906 2868 960 ἀκοῦσαι
2893 906 3014 959 λίαν
3034 909 3242 970 ἐκεῖνος
3263 907 3422 977 ὲδίψα
3453 908 3734 978 προσθεὶς,

2169 995 2438 1048 ’Λπόλαϐε
2481 997 2572 1050 τὸν
2624 998 2740 1051 υίὸν
2792 999 2946 1066 ὑγιῆ.
3007 1001 3073 1053 ⁸0
3115 999 3390 1071 τοσαύτην
3450 998 3739 1064 ἐνέσταεεν

2155 1085 2322 1140 αὐτοῦ
2353 1087 2666 1157 γλυκύτητα
2690 1091 2758 1160 τῇ
2787 1091 2958 1161 ψυχῇ,
2981 1091 3059 1154 ὡς
3103 1091 3242 1162 πρὸς
3287 1091 3388 1162 τὴν
3413 1091 3612 1163 ἡδονὴν
3639 1093 3739 1145 αὖ·

2153 1180 2285 1236 τίκα
2324 1181 2727 1252 διυπνισθῆναι,
2761 1183 2857 1236 καὶ
2891 1183 2982 1235 τὸν
3023 1184 3138 1236 υἱὸν
3193 1183 3347 1254 ὕπνῳ
3385 1183 3741 1253 χρησάμενον

2155 1274 2359 1344 εὑρεῖν,
2397 1271 2494 1326 καὶ
2543 1274 2682 1342 πρὸς
2731 1274 2922 1341 ὑγείαν
2941 1273 3040 1344 ἥδη
3091 1274 3484 1344 μεταϐαλόντα.
3525 1275 3586 1328 Ὁ
3640 1275 3742 1341 μὲν

2154 1361 2248 1418 οὖν
2294 1365 2478 1436 πατὴρ
2526 1365 2702 1420 ἄνεισι
2745 1364 2898 1434 παρᾶ
2945 1365 3035 1418 τὸν
3063 1366 3222 1434 ἅγιον
3281 1365 3459 1429 αὖθις.
3521 1365 3743 1434 σῶστρα

2154 1457 2262 1510 τῶν
2293 1457 2562 1527 δευτέρων
2594 1456 2727 1509 υίῶν
2755 1456 3068 1526 ἀπονέμων.

535 1757 658 1811 233.
704 1757 870 1810 Paulo
900 1765 1024 1826 post
1067 1757 1262 1813 tertius
1287 1774 1506 1828 quoque
1537 1769 1667 1815 natu
1698 1762 1844 1817 ﬁlius
1872 1763 2050 1818 vehe-

2230 1765 2365 1832 σλγ’.
2409 1762 2606 1832 Ὀλίγῳ
2655 1762 2712 1814 δὲ
2764 1760 2989 1832 ὕστερον
3029 1761 3124 1814 καὶ
3165 1759 3260 1814 τοῦ
3292 1761 3474 1832 τρίτου
3517 1759 3748 1831 λαύροις

467 1847 746 1900 mentibus
779 1847 916 1900 adeo
955 1847 1204 1901 febribus
1256 1856 1497 1904 tentatus
1537 1861 1642 1915 est,
1681 1861 1742 1905 ut
1772 1853 1882 1906 vita
1927 1853 2051 1906 lon-

2165 1856 2408 1923 πυρετοῖς
2457 1853 2807 1922 συσχεθέντος
2841 1853 3150 1920 ἀπόγνωσις
3197 1852 3342 1920 ζωῆς
3382 1851 3444 1904 τὸ
3497 1853 3749 1921 παρεπό-

468 1937 590 2004 gius
648 1937 1004 2006 producenda
1063 1938 1470 2007 despcraretur.
1532 1942 1676 1996 Puer
1709 1944 2053 2013 prazoptabat

470 2029 741 2098 imprimis
762 2031 826 2084 ad
859 2039 1106 2084 sanctum
1136 2032 1465 2103 Symconem
1498 2036 1698 2090 adduci
1735 2055 1747 2090 :
1778 2048 1934 2107 pater
1954 2054 2054 2092 au-

471 2129 578 2175 tem
604 2123 944 2191 experientia
986 2123 1040 2176 in
1079 2126 1409 2193 praecedenti
1453 2127 1566 2182 ﬁlio
1595 2128 1812 2196 doctus,
1849 2141 2054 2201 quanta

465 2213 631 2266 etiam
669 2214 856 2282 procul
901 2215 1222 2270 absentibus
1263 2235 1293 2271 a
1339 2217 1609 2289 Symeone
1662 2221 1842 2275 virtus
1879 2223 2054 2276 soleat

467 2299 661 2354 exire:
692 2301 896 2363 Potest,
951 2303 1028 2356 tili
1084 2305 1181 2368 mi,
1240 2307 1443 2376 inquit,
1480 2318 1705 2363 sanctus
1739 2310 2054 2365 visitatione

472 2400 565 2444 tua
615 2401 667 2445 te
705 2392 1059 2448 invisibiliter
1123 2395 1228 2450 hoc
1275 2398 1439 2451 etiam
1485 2397 1607 2453 loco
1650 2399 1884 2470 dignari.
1943 2403 2058 2458 Nec

473 2493 737 2547 moratus,
783 2486 1061 2539 convertit
1095 2501 1152 2540 se
1204 2503 1364 2557 puer,
1405 2499 1461 2542 et
1509 2506 1642 2544 voce
1674 2507 1836 2558 quam
1877 2499 2058 2561 potest

467 2579 778 2633 clarissima
810 2581 1074 2634 exclamat
1104 2599 1116 2634 :
1151 2581 1194 2636 Ο
1219 2582 1476 2653 Symeon,
1497 2585 1708 2641 electus
1731 2603 1761 2642 a
1790 2589 1921 2652 Deo,
1947 2590 2057 2645 mi-

469 2684 657 2722 serere
690 2669 816 2722 mei.
869 2669 1008 2722 Tum
1047 2671 1112 2724 ad
1161 2682 1373 2739 patrem
1404 2693 1416 2726 :
1451 2673 1704 2729 Suﬂitum
1757 2677 1936 2744 adole,
1975 2679 2058 2732 in-

471 2760 611 2830 quit,
637 2776 764 2815 ecce
789 2761 936 2815 enim
974 2761 1209 2817 famulus
1234 2764 1328 2817 Dei
1357 2765 1409 2818 in
1440 2777 1740 2835 conspectu
1767 2783 1890 2822 meo
1916 2778 2053 2822 stat:

471 2867 667 2906 manus
711 2861 920 2907 armata
955 2865 1039 2908 est
1065 2854 1216 2924 virga
1268 2855 1445 2909 ferrea
1478 2865 1533 2910 et
1567 2869 1760 2914 catena
1805 2876 1870 2915 ex
1909 2861 2058 2914 ferro

473 2944 645 3014 iguito
693 2963 705 2997 :
755 2961 862 3015 qua
913 2945 1240 3011 dazmonem,
1286 2950 1662 3018 magnitudine
1697 2953 1946 3024 gigantea
2004 2963 2060 3009 et

472 3038 592 3091 visu
643 3038 972 3102 terribilem,
1025 3048 1173 3095 arcte
1219 3043 1573 3103 constrinxit.
1627 3045 1890 3100 revinctis
1936 3053 2059 3116 post

475 3135 689 3196 tergum
738 3128 992 3183 manibus
1031 3146 1043 3182 :
1076 3131 1302 3199 jamque
1345 3131 1623 3186 clibanum
1674 3151 1893 3205 quoque
1937 3117 2130 3192 suc-C

473 3217 660 3270 cendit
702 3219 846 3288 igne,
879 3233 989 3287 quo
1035 3235 1270 3288 nequam
1322 3221 1474 3276 illum
1524 3224 1833 3280 comburat.
1869 3227 2060 3282 Isthmo

476 3307 736 3374 loquente
758 3323 952 3376 puero,
989 3310 1218 3364 morbus
1246 3311 1430 3367 subito
1465 3313 1622 3379 abiit,
1657 3317 1826 3370 veluti
1849 3315 2060 3388 flagello

473 3397 712 3466 quodam
737 3400 1143 3470 perstringente
1181 3401 1428 3458 abactus.

472 3563 481 3575 ο
547 3532 672 3588 254.
713 3533 790 3588 lta
839 3535 1063 3603 quidem
1116 3538 1406 3594 sanitatem
1460 3541 1702 3596 obtinuit
1745 3543 1836 3598 hic
1870 3543 2059 3599 illius:

476 3621 586 3676 ﬁlia
631 3640 762 3678 vero
793 3625 1086 3680 dilliciliori
1131 3630 1295 3683 etiam
1348 3631 1724 3687 invaletudine
1775 3645 2058 3704 correpta,

479 3725 587 3768 tam
617 3731 785 3785 prope
807 3718 919 3786 jam
955 3719 1024 3772 ab
1049 3720 1198 3773 exitu
1226 3721 1354 3775 vita:
1380 3722 1592 3787 aberat,
1624 3734 1683 3778 ut
1714 3735 1924 3780 tantum
1953 3743 2065 3781 non

480 3815 696 3861 mortua
735 3818 1045 3876 putaretur.
1102 3813 1352 3883 Dumque
1410 3823 1565 3884 pater
1620 3816 1689 3869 ad
1739 3827 2064 3872 consuetum

478 3917 674 3955 rursus
705 3901 979 3956 medicum
1013 3920 1138 3958 cum
1169 3905 1337 3959 animi
1383 3909 1830 3962 consternatione
1873 3924 1936 3963 ac
1963 3909 2065 3963 do-

477 3994 594 4047 lore
618 3993 802 4047 cordis
843 3995 1113 4064 confugit,
1159 3996 1362 4050 blando
1393 3997 1505 4050 risu
1558 3999 1636 4051 ait
1681 3999 1768 4052 vir
1801 3999 2063 4053 divinus:

477 4081 662 4136 Nolito
707 4084 924 4146 timere,
978 4085 1048 4138 mi
1096 4086 1416 4158 presbyter;
1448 4088 1542 4142 sed
1578 4089 1716 4143 vade
1758 4089 1941 4157 potius
1971 4091 2070 4143 tri-

480 4175 744 4244 pudiante
773 4193 885 4246 pra:
913 4177 1100 4233 lzetitia
1134 4195 1323 4248 gressu
1356 4200 1368 4234 :
1394 4182 1672 4235 condouat
1697 4183 1900 4252 quippe
1927 4183 2069 4239 hanc

479 4281 701 4335 quoque
746 4268 910 4322 ﬁliam
948 4279 1094 4323 tuam
1133 4271 1230 4324 tibi
1276 4272 1438 4334 Deus,
1476 4279 1532 4325 et
1560 4271 1718 4325 laetus
1753 4273 1931 4326 laetam
1967 4273 2066 4327 tibi

481 4361 698 4416 ridebis
727 4377 1043 4427 occurrere,
1081 4379 1246 4432 quam
1283 4380 1431 4418 nunc
1463 4366 1613 4420 velut
1653 4376 1927 4420 mortuam
1969 4367 2069 4422 de-

2158 1961 2316 2015 μενον
2347 1939 2437 2014 ἦν.
2483 1944 2592 1996 Καὶ
2620 1946 2647 1996 ὀ
2689 1944 2785 2013 μὲν
2819 1943 2893 2006 ὡς
2927 1944 3020 1996 τὸν
3055 1942 3195 1996 θεῖον
3221 1941 3445 2012 Συμεὼν
3471 1943 3745 2012 ἀνακομιο

2157 2038 2348 2108 σθῆναι
2374 2035 2654 2106 προῄρητο
2672 2052 2685 2065 ·
2713 2038 2740 2089 ὁ
2760 2036 2816 2089 δὲ
2849 2034 3054 2106 πατὴρ,
3081 2035 3180 2104 ὅση
3208 2035 3303 2087 καὶ
3325 2034 3434 2086 ἀπὸ
3462 2034 3746 2104 μακρόθεν

2154 2126 2261 2185 οἵδε
2287 2129 2518 2197 δύναμις
2548 2127 2607 2192 ἐξ
2635 2127 2842 2181 ἐκείνου
2878 2128 3068 2198 φοιτᾷν
3110 2127 3218 2179 ἀπὸ
3247 2124 3342 2179 τοῦ
3374 2125 3742 2196 προλαϐόντος

2159 2221 2324 2292 πείρᾳ
2377 2218 2586 2290 μαθὼν,
2637 2219 2892 2282 Δυνατὸς,
2925 2213 3068 2282 εἶπε,
3097 2217 3305 2281 τέκνον,
3355 2215 3635 2269 κάνταῦθᾶ
3677 2231 3741 2270 σε

2159 2313 2309 2376 θείας
2337 2312 2582 2374 ἁθεάτως
2608 2311 2914 2379 ἐπισκοπῆς
2956 2310 3211 2375 ἀξιῶσαι.
3255 2309 3364 2362 Καὶ
3392 2307 3744 2378 παραχρῆμα

2160 2402 2465 2472 συστρέψας
2490 2400 2681 2455 ἑαυτὸν
2703 2403 2731 2454 ὀ
2762 2403 2909 2463 παῖς,
2945 2400 3158 2471 μεγάλῃ
3177 2399 3251 2460 ὡς
3279 2395 3426 2468 εἶχεν
3449 2398 3644 2468 ἐϐόησε
3674 2399 3744 2467 τῇ

2159 2495 2331 2565 φωνῇ,
2389 2493 2448 2546 Ὀ
2497 2491 2752 2556 ἐκλεκτὸς
2792 2491 2868 2561 τῷ
2905 2489 3024 2562 Θεῷ
3063 2490 3309 2560 Συμεὼν,
3371 2490 3588 2558 ἐλέησόν
3642 2505 3738 2559 με.

2160 2582 2292 2639 Εἶτα
2340 2585 2478 2656 πρὸς
2534 2585 2626 2638 τδν
2669 2584 2902 2652 πατέρα.
2935 2583 3231 2652 Θυμίασον,
3260 2578 3434 2635 εἶπεν·
3468 2581 3576 2634 ἰδοῦ
3623 2579 3742 2650 γὰρ

2157 2677 2389 2745 ἔστηκεν
2421 2677 2449 2729 ὀ
2476 2674 2570 2728 τοῦ
2605 2673 2739 2728 Θεοῦ
2771 2675 3025 2744 θεράπων
3056 2675 3114 2726 ὲν
3144 2673 3445 2743 ὀφθαλμοῖς
3475 2688 3608 2739 μου·
3642 2671 3743 2742 pd-

2160 2767 2280 2831 ϐδος
2341 2767 2438 2837 μὲν
2489 2766 2581 2820 οὖν
2624 2760 2773 2836 αὐτῷ
2820 2765 2908 2819 διά
2943 2765 3124 2836 χειρὸς
3159 2766 3382 2836 σιδηρᾶ,
3429 2764 3523 2817 καὶ
3551 2764 3744 2826 ἅλυσις

2160 2859 2449 2929 καιόμενον
2494 2858 2626 2926 πυρὶ
2654 2857 2745 2910 τὸν
2778 2857 2992 2927 σίδηρον
3021 2857 3218 2928 ἔχουσα
3241 2874 3255 2886 ·
3297 2857 3506 2924 δαίμων
3543 2856 3600 2908 δέ
3633 2871 3746 2920 τις,

2159 2952 2220 3006 τὸ
2273 2949 2499 3021 μέγεθος
2560 2951 2733 3020 μέγας
2794 2951 2888 3002 καὶ
2927 2949 3052 3002 ἰδεῖν
3083 2949 3286 3020 ἀειδὴς,
3317 2950 3524 3003 δέδεται
3552 2948 3745 3012 δεινῶς

2163 3045 2292 3116 παρ’
2319 3044 2505 3106 αὐτοῦ,
2535 3043 2706 3096 ὀπίσω
2734 3041 2810 3095 τὼ
2835 3045 2985 3113 χεῖρε
3017 3043 3402 3114 περιηγμένος,
3428 3043 3529 3113 ήδη
3559 3041 3613 3093 δὲ
3648 3039 3748 3094 καὶ

2163 3136 2413 3189 κλίϐανον
2461 3136 2546 3187 ἐπ’
2578 3134 2742 3186 αὑτὸν
2789 3136 3020 3188 ἀνάπτει
3070 3134 3258 3203 πυρδς,
3296 3135 3389 3187 καὶ
3430 3134 3604 3201 τούτῳ
3652 3133 3746 3187 τὸν

2163 3225 2398 3294 πονηρὸν
2431 3225 2739 3279 κατακαίει.
2778 3224 2964 3278 Ταῦτα
2999 3223 3134 3294 ὁμοῦ
3167 3242 3226 3276 τε
3254 3226 3440 3296 εἴρητο
3472 3224 3621 3294 παρά
3649 3223 3746 3278 τοῦ

2164 3316 2375 3380 παιδδς,
2404 3318 2500 3370 καὶ
2528 3318 2561 3388 ἠ
2593 3317 2745 3379 νόσος
2775 3317 2936 3380 εὐθὺς
2978 3317 3391 3388 ἀπεδίδρασκεν,
3419 3316 3606 3388 ὥσπερ
3637 3318 3750 3370 τινὶ

2167 3409 2392 3479 μάστιγι
2421 3409 2665 3478 σφοδρῶς
2697 3409 3106 3481 ἀπεληλαμένη.

2237 3540 2363 3593 σλδ’.
2404 3540 2463 3593 Ὀ
2492 3541 2590 3608 μὲν
2631 3537 2724 3594 οὖν
2774 3545 2903 3605 παῖς
2937 3542 3055 3596 ίατο
3083 3543 3278 3607 οὕτως,
3310 3546 3340 3613 ἡ
3374 3543 3429 3596 δὲ
3473 3543 3746 3612 θυγάτηρ,

2166 3633 2308 3702 νόσῳ
2334 3634 2427 3686 καὶ
2451 3633 2587 3702 αὐτὴ
2609 3634 2993 3706 δυσφορωτέρᾳ
3008 3635 3294 3703 ληφθεῖσα,
3321 3635 3547 3704 ἔγγιστα
3576 3636 3752 3689 θανά-

2166 3738 2258 3773 του
2287 3723 2522 3788 γεγόνει,
2559 3722 2655 3774 καὶ
2695 3724 2819 3775 ὅσον
2850 3724 2970 3792 οὐχὶ
3000 3725 3167 3793 νεκρὰ
3195 3721 3284 3795 ἦν.
3311 3725 3416 3777 Τοῦ
3453 3726 3509 3778 δὲ
3542 3725 3754 3794 πατρὸς

2169 3813 2317 3884 παρὰ
2345 3813 2437 3866 τὸν
2463 3814 2664 3884 συνήθη
2696 3815 2857 3868 πάλιν
2885 3816 3068 3886 ίατρδν
3101 3819 3158 3868 ὲν
3189 3821 3396 3888 ταραχῇ
3426 3819 3758 3887 σπλάγχνων

2169 3905 2264 3957 καὶ
2297 3905 2524 3974 καρδίας
2556 3906 2718 3978 ὀδύνῃ
2768 3908 3194 3974 καταφυγόντος.
3243 3911 3503 3977 προσηνεῖ
3543 3910 3572 3961 ὀ
3606 3910 3754 3971 θεῖος

2169 3994 2308 4064 ἀνὴρ
2354 3993 2688 4063 μειδιάματι,
2713 3994 2803 4064 Μὴ
2835 3994 3026 4061 φοϐοῦ,
3046 3995 3401 4067 πρεσϐύτερε,
3418 3991 3591 4058 εἶπεν,
3612 3998 3756 4051 ἀλλὰ

2174 4083 2405 4152 τορεύου
2467 4085 2710 4154 χαίροντι
2767 4086 2888 4139 ποδὶ
2941 4087 3158 4154 μᾶλλονο
3201 4087 3485 4157 χαρίζεταί
3522 4105 3604 4140 σοι
3641 4089 3752 4159 γὰρ

2175 4175 2283 4228 ίδοὺ
2334 4176 2427 4228 καὶ
2473 4177 2570 4246 τὴν
2612 4176 2886 4250 θυγατέρα
2932 4177 3085 4242 Θεδς,
3135 4179 3227 4230 καὶ
3281 4178 3578 4249 χαίρουσαν
3628 4179 3755 4248 ὕψει

2171 4267 2379 4336 χαίρων
2413 4269 2492 4330 είς
2523 4267 2846 4336 συνάντησιν
2876 4268 3194 4335 ἐξελθοῦσάν
3227 4286 3332 4332 σοι,
3365 4272 3431 4338 ἣν
3459 4270 3627 4342 ὀδύρῃ
3656 4271 3755 4323 νῦν

2171 4359 2272 4411 ὅσα
2303 4359 2396 4411 καὶ
2423 4358 2782 4428 θνήσκουσαν.
2822 4361 3040 4421 Τούτων
3064 4361 3128 4412 ὲκ
3166 4360 3262 4412 τοῦ
3287 4361 3510 4431 Συμεὼν
3543 4365 3761 4426 ἐκεῖνος

485 4455 687 4524 ploras.
725 4455 819 4508 llis
849 4455 1074 4517 auditis.
1105 4466 1212 4510 tam
1253 4457 1533 4512 delibutus
1561 4457 1867 4527 voluptate,
1899 4474 2062 4528 quam

2177 4449 2433 4513 ἀκούσας,
2470 4450 2666 4519 μεστὸς
2706 4453 2826 4506 ἀντὶ
2853 4453 2952 4521 τῆς
2983 4453 3176 4523 πρώην
3214 4454 3408 4523 ὀδύνης
3438 4453 3534 4506 ἐπὶ
3560 4457 3627 4526 τῇ
3662 4454 3760 4510 θυο

486 4546 640 4614 prius
673 4545 907 4600 obrutus
946 4562 1183 4601 maerore
1234 4557 1461 4617 propter
1506 4547 1704 4611 tiliam,
1749 4550 2064 4605 revertitur.

482 4638 732 4707 Cumque
770 4641 881 4710 jam
933 4639 1158 4693 domum
1196 4641 1430 4704 subiret,
1493 4641 1714 4695 obviam
1761 4641 2067 4696 secundum

484 4731 897 4799 prmdictionem
932 4734 1208 4801 procurrit
1239 4734 1288 4788 ci
1338 4733 1467 4798 ﬁlia,
1491 4744 1546 4788 et
1571 4736 1824 4804 amplexu
1855 4744 2069 4804 patrem

485 4820 726 4891 stringit,
782 4821 907 4876 ideo
956 4823 1221 4888 suaviori,
1273 4824 1419 4894 quod
1473 4807 1674 4894 pirazter
1708 4841 1926 4880 omnem
1976 4840 2072 4880 ex-

484 4915 878 4982 spectationem
909 4923 1057 4969 esset
1092 4915 1352 4970 lethifero
1382 4918 1578 4970 morbo
1617 4926 1808 4987 erepta
1845 4934 1858 4969 :
1888 4916 2071 4986 itaque

484 5005 743 5074 adjuncta
774 5005 1054 5061 't‘ratribus
1095 5015 1200 5066 est.
1250 5007 1392 5062 facta
1435 5009 1602 5062 etiam
1638 5009 1753 5078 ipsa
1782 5009 1926 5078 patri
1955 5025 2072 5062 ma-

483 5095 741 5151 nifestum
776 5097 949 5152 sancti
991 5096 1279 5168 Symconis
1305 5114 1530 5152 munus.
1562 5099 1736 5153 Porro
1766 5098 2072 5169 presbyteri

483 5188 648 5258 hujus
688 5188 936 5248 domini.
991 5190 1264 5260 pertinaci
1301 5191 1688 5246 incredulitate
1736 5191 2071 5256 laborantes,

481 5281 883 5337 denuntiabant
908 5282 1034 5352 ipsi,
1062 5283 1258 5338 crebro
1279 5295 1427 5354 gesta
1457 5284 1751 5356 Symeenis
1771 5284 2073 5346 cnarranti,

484 5373 735 5428 dicentes
766 5393 779 5429 :
813 5375 894 5428 Tu
929 5377 1187 5444 equidem
1219 5376 1549 5432 benedicere
1581 5377 1730 5431 illius
1774 5377 2073 5446 precibus;

486 5481 587 5518 nos
617 5466 1056 5523 maledictionem
1100 5469 1272 5540 ipsius
1313 5477 1699 5538 praeoptamus.
1746 5469 2075 5524 Videbimus

487 5557 675 5628 igitur,
702 5559 981 5630 inquiunt.
1017 5578 1148 5615 num
1181 5561 1312 5632 quid
1345 5561 1416 5614 ita
1467 5561 1519 5614 in
1568 5575 1626 5614 sc
1655 5560 1868 5616 allectis
1899 5561 2078 5614 valeat

489 5663 711 5707 nocere.
757 5653 834 5707 Ad
867 5669 990 5721 quae
1023 5654 1186 5709 verba
1236 5669 1344 5707 non
1376 5652 1593 5707 distulit
1626 5653 1679 5709 in
1709 5653 1931 5724 longum
1962 5668 2078 5723 pm-

493 5758 617 5799 nam
658 5743 802 5814 Iusta
833 5747 929 5802 Dei
965 5749 1340 5818 providentia;
1391 5746 1484 5802 sed
1529 5746 1722 5802 eodem
1758 5764 1922 5812 anno,
1950 5747 2079 5802 licet

2170 4542 2334 4613 γατρὶ
2385 4542 2480 4612 τὴν
2531 4541 2707 4612 ψυχὴν
2749 4544 2942 4612 ἡδονῆς
2973 4545 3218 4616 ἐπανῄει.
3280 4545 3646 4599 Ἐπιϐαίνοντι
3701 4549 3761 4602 Gl

2171 4635 2272 4706 ἤδη
2332 4632 2426 4687 τοῦ
2484 4633 2654 4700 οἴκου,
2703 4638 3025 4707 προῦπαντᾷ
3077 4638 3215 4690 κατά
3266 4638 3365 4701 τάς
3424 4641 3760 4711 προρρήσεις

2171 4727 2333 4799 αὕτη,
2358 4728 2452 4780 καὶ
2479 4728 2700 4798 γνήσιόν
2730 4745 2782 4780 τι
2815 4729 2906 4781 καὶ
2937 4728 3034 4798 ἡδὺ
3063 4729 3471 4800 περιπλέκεται,
3491 4727 3580 4784 οἷα
3609 4731 3763 4801 παρά

2175 4823 2353 4872 πᾶσαν
2384 4820 2552 4890 πατρὶ
2581 4821 2912 4890 προσδοκίαν
2945 4821 3190 4892 χαλεπῆς
3212 4823 3368 4876 νόσου
3397 4826 3631 4896 φιλτάτη
3661 4825 3760 4878 θυι

2174 4913 2352 4984 γάτηρ
2381 4914 2742 4978 ἀνασωθεῖσα,
2777 4915 2874 4967 καὶ
2925 4915 3277 4986 προστίθεται
3323 4919 3417 4970 καὶ
3463 4918 3601 4988 αὕτη
3650 4921 3762 4979 τοῖς

2175 5004 2440 5072 ἀδελφοῖς,
2475 5007 2642 5074 σαφὲς
2674 5007 2824 5078 παρά
2879 5009 2972 5061 τοῦ
3022 5009 3166 5062 θείου
3210 5009 3436 5078 Συμεὼν
3475 5011 3554 5074 τῷ
3592 5011 3764 5080 πατρὶ

2173 5095 2345 5165 δῶρον
2371 5096 2735 5166 γεγενημένη.
2759 5098 2820 5150 Οἱ
2851 5099 3035 5166 μέντοι
3059 5099 3151 5152 τοῦ
3173 5099 3546 5169 πρεσέυτὲρου
3567 5099 3766 5153 δεσπό-

2177 5203 2288 5250 ται,
2316 5187 2559 5258 χαλεπὴν
2605 5189 2866 5242 ἀπιστίαν
2909 5190 3213 5254 νοσοῦντες,
3239 5192 3593 5259 ἀγγέλλοντες
3623 5188 3768 5264 ἦσαν

2178 5280 2347 5348 αὐτῷ,
2376 5279 2444 5332 τὰ
2472 5279 2565 5332 τοῦ
2593 5280 2816 5350 Συμεὼν
2850 5282 3109 5345 πολλάκις
3151 5281 3524 5352 ἐξηγουμένῳ,
3554 5285 3673 5343 καὶ,
3692 5285 3764 5336 Συ

2183 5371 2282 5442 μὲν
2319 5371 2545 5439 εύλογοῦ
2579 5375 2699 5436 ταῖς
2726 5375 2912 5443 εὐχαῖς
2949 5374 3136 5438 αὐτοῦ,
3186 5374 3469 5442 λέγοντες·
3501 5375 3666 5445 ἡμεῖς
3709 5375 3767 5427 δῑ

2179 5465 2278 5533 τὴν
2323 5462 2417 5517 τοῦ
2453 5464 2620 5517 αὑτοῦ
2655 5465 2854 5534 μᾶλλον
2894 5467 3034 5534 ἀρὰν
3084 5465 3476 5535 ἀσπαζόμεθαο
3523 5465 3769 5535 ὀψόμεθα

2183 5555 2312 5626 γὰρ.
2348 5558 2534 5626 φησὶν,
2580 5557 2634 5609 εἴ
2669 5575 2722 5610 τι
2757 5559 2892 5628 πρδς
2912 5560 3073 5613 αὑτὸν
3103 5559 3274 5622 οὓτως
3318 5558 3540 5628 ἔχοντας
3569 5558 3766 5627 βλάψαι

2181 5647 2486 5716 δυνήσεται.
2524 5649 2665 5718 Πρὸς
2697 5651 2840 5719 ἅπερ
2885 5652 2987 5703 οὐκ
3023 5650 3115 5703 ἐπὶ
3159 5649 3294 5702 πολὺ
3328 5648 3396 5700 τὰ
3428 5648 3532 5716 τῆς
3554 5648 3770 5708 δικαίας

2183 5741 2474 5810 ἐϐράδυνεν
2517 5742 2602 5794 ἐπ’
2639 5743 2831 5806 αὐτοὺς
2864 5743 2953 5796 τοῦ
2992 5744 3128 5796 Θεοῦ
3160 5742 3446 5813 προνοίας·
3490 5740 3628 5794 ἀλλὰ
3672 5739 3763 5792 τοῦ
