4044 6208
746 232 779 241 A

348 258 485 324 3201

1389 266 1563 326 VITA
1604 248 1651 324 Α
1691 264 2135 326 NICEPHORO
2173 265 2659 333 CONSCRIPTA.

3479 273 3621 336 3‘20?

350 373 597 429 ἐνιαυτοῦ
626 373 835 428 ἐκείνου
874 376 1049 429 καίτοι
1076 375 1352 446 βαθύτατα
1381 379 1755 442 πλουτοῦντες,
1787 378 1932 431 πενέ-

2046 377 2303 434 ditissimi
2333 392 2537 445 essent,
2597 386 2931 453 pauperi-imi
2996 387 3098 440 visi
3146 394 3307 450 sunt,
3363 386 3623 442 oumibns

355 464 847 537 στατοιῶφθησαν,
876 466 1053 537 πάσης
1091 466 1269 520 αὑτῶν
1300 469 1486 532 οὑσίας
1537 470 1777 540 ἐσχάτως
1813 469 1927 521 δια-

349 556 670 627 ᾳθαρείσης.

2044 471 2261 525 tandem
2302 472 2655 529 facultatibus
2685 476 2982 547 dissipatis.

1680 660 1697 679 ’
1766 677 1995 735 CAPUT
2039 681 2229 736 xm.

752 787 1006 842 Absentia
1059 796 1107 841 et
1143 791 1374 859 coyitata
1404 793 1651 862 perspicit
1682 808 1699 845 :
1738 809 1832 862 per
1875 794 2162 867 discipulos
2201 800 2480 852 medetur:
2514 801 2565 853 in
2597 808 2905 870 tempestate
2940 804 3221 857 succurrit.

426 901 553 955 σλε’.
589 901 835 970 Πέλαγος
873 902 973 972 μὲν
1001 897 1098 955 οῦν
1136 902 1406 969 ἐξαντλῶν
1428 901 1547 959 οἶδα
1581 907 1834 971 κοτύλαις
1857 908 1925 960 τὰ

352 990 444 1045 τοῦ
473 989 789 1060 θαυμαστοῦ
824 990 1050 1061 Συμεὼν
1077 993 1254 1046 πάντα
1284 993 1538 1058 διεξιέναι
1568 995 1891 1064 φιλονεικῶν
1915 1016 1930 1029 ο

352 1080 468 1134 ἀλλ’
496 1081 557 1134 οὑ
592 1080 803 1152 φορητὴ
830 1080 989 1134 πάλιν
1022 1084 1054 1153 ὴ
1086 1084 1195 1136 τῶν
1226 1086 1717 1157 παραλειπομένων
1742 1088 1933 1160 ζημία.

362 1173 651 1245 Ἐπέμφθη
702 1174 811 1244 γάρ
855 1191 985 1227 ποτε
1030 1177 1167 1245 πρὸς
1196 1177 1294 1247 τὴν
1333 1177 1577 1249 βασιλίδα
1607 1180 1760 1233 πόλιν
1796 1182 1937 1236 κατά

349 1282 500 1329 τινας
527 1265 798 1335 θεοφιλεῖς
826 1283 885 1318 τε
915 1267 1033 1336 ἅμα
1064 1269 1161 1321 καὶ
1196 1267 1536 1339 ψυχωφελεῖς
1570 1271 1760 1341 χρείας
1802 1290 1936 1343 πρε-

353 1356 611 1426 σδύτερος
641 1356 845 1427 Θωμᾶς
877 1358 974 1411 σὺν
1007 1359 1255 1428 ἀδελφοῖς
1295 1360 1503 1432 ἑτέροις
1532 1361 1651 1415 δυσὶ
1682 1364 1813 1433 παρ’
1838 1366 1936 1418 αύ-

349 1445 465 1499 τοῦ.
497 1440 601 1499 Οἷα
629 1445 685 1499 δὲ
728 1446 880 1514 φιλεῖ
904 1448 966 1500 τὸ
992 1449 1122 1519 περὶ
1155 1451 1247 1503 τὸν
1294 1448 1519 1520 βασιλέα
1554 1455 1662 1505 πᾶν
1706 1454 1929 1525 προσίε-

352 1537 475 1591 σθαι
527 1539 653 1601 τοὺς
709 1539 1009 1605 τοιούτους,
1048 1542 1142 1595 καὶ
1197 1543 1522 1614 θεραπεύειν
1578 1544 1666 1597 διὰ
1702 1547 1801 1617 τὴν
1835 1547 1930 1600 τοῦ

350 1633 667 1704 πέμψαντος
722 1634 945 1705 ἀρετὴν,
1004 1637 1147 1707 ὁρῶν
1176 1640 1203 1691 ό
1230 1642 1529 1709 τηνικαῦτα
1570 1640 1809 1711 ἔπαρχος
1833 1642 1931 1694 αὑ-

347 1727 474 1790 τοὺς
501 1727 801 1797 (Θεόδωρος
833 1722 988 1791 οὗτος
1038 1730 1067 1781 ὁ
1129 1730 1226 1798 τὴν
1286 1732 1603 1800 ἐπωνυμίαν
1656 1732 1933 1799 Πικρίδιος
1964 1719 2006 1776 Β

346 1812 437 1887 ἦν)
469 1818 785 1887 παρρησίας
817 1819 873 1869 ὲν
903 1817 982 1886 τῷ
1026 1818 1275 1889 παλατίῳ
1329 1821 1633 1889 τυγχάνων,
1667 1820 1931 1871 πυνθάνε-

348 1926 460 1975 ται,
504 1908 649 1969 τίνες
688 1909 735 1960 oi
769 1911 992 1978 μοναχοὶ
1041 1911 1133 1962 καὶ
1180 1911 1321 1964 ὅθεν.
1362 1910 1471 1964 Kal.
1525 1912 1733 1981 μαθὼν,
1765 1929 1932 1982 μετα-

347 1999 595 2054 καλεῖται
642 2000 732 2052 τὸν
783 2000 986 2071 Θωμᾶν
1036 2003 1373 2071 καταμόνας.
1418 2003 1593 2058 Πολλὰ
1637 2004 1767 2072 γοῦν
1801 2006 1933 2076 περὶ

348 2090 445 2146 τοῦ
484 2092 635 2167 θείου
666 2092 891 2162 Συμεὼν
916 2092 1310 2164 διαλεχθέντες,
1347 2097 1576 2165 συχνοὺς
1609 2096 1703 2149 τοῦ
1756 2097 1932 2165 Θωμᾶ

354 2184 448 2238 καὶ
480 2186 728 2256 μακροὺς
756 2186 1166 2249 κατατείνοντος
1193 2187 1407 2255 λόγους,
1445 2188 1674 2243 πλεῖστά
1709 2207 1766 2242 τε
1802 2190 1933 2260 περὶ

349 2277 518 2331 αὑτοῦ
550 2278 643 2331 καὶ
673 2277 782 2330 τῶν
804 2272 969 2330 αὑτοῦ
1006 2279 1328 2348 θαυμασίων
1360 2280 1461 2332 ὅσα
1490 2280 1751 2333 ἑκάστοτε
1785 2280 1932 2351 δρῴη

348 2368 641 2435 διεξιόντος
667 2384 679 2397 ·
714 2372 741 2422 ὁ
775 2369 1015 2440 ἔπαρχος
1069 2370 1359 2434 ἐκκαυθεὶς
1414 2372 1512 2442 τὴν
1551 2372 1779 2443 καρδίαν
1821 2375 1932 2436 τοῖς

351 2462 481 2532 περὶ
506 2461 669 2515 αὑτοῦ
695 2461 1047 2533 διηγήμασιν,
1080 2461 1199 2525 ὅλος
1229 2479 1289 2515 τε
1313 2462 1413 2530 τῆς
1447 2464 1524 2526 εἰς
1544 2464 1704 2516 αὑτὸν
1734 2465 1929 2534 ἐκκρε-

352 2554 581 2622 μασθεὶς
640 2554 896 2620 πίστεως,
947 2555 1172 2625 Χαλεπή
1234 2572 1325 2624 με,
1393 2554 1531 2624 πρὸς
1588 2557 1679 2608 τὸν
1727 2554 1930 2625 Θωμᾶν

349 2645 476 2717 ἔφη,
517 2646 672 2709 νόσος
721 2647 816 2699 καὶ
857 2646 1065 2717 κρυφία
1108 2645 1306 2712 πιέζει,
1340 2646 1477 2717 πρὸς
1521 2646 1587 2717 ἣν
1631 2645 1717 2698 διὰ
1753 2647 1931 2715 πάσης

348 2735 519 2789 ἐλθὼν
575 2738 826 2807 μηχανῆς
885 2754 944 2790 τε
1000 2738 1094 2790 καὶ
1138 2738 1355 2807 τέχνης,
1392 2739 1499 2790 οὐδ’
1534 2737 1710 2791 ὁτιοῦν
1734 2733 1843 2799 οἷός
1872 2754 1931 2789 τε

348 2824 620 2896 κατέστην
652 2827 833 2896 εὑρεῖν
865 2824 959 2878 τοῦ
996 2823 1169 2877 κακοῦ
1197 2827 1488 2894 φάρμακον
1509 2840 1523 2855 ο
1559 2819 1678 2877 εἶτα
1712 2827 1802 2877 καὶ
1833 2826 1931 2877 αὑ-

347 2919 442 2972 τοῦ
474 2919 696 2988 μεσίτου
748 2918 933 2986 τυχεῖν
964 2916 1134 2968 ἐδεῖτο
1164 2916 1403 2985 θερμῶς,
1439 2914 1580 2968 ὥστε
1607 2916 1675 2968 δι’
1706 2917 1932 2968 ὲηπιστοο

348 3008 447 3079 λῆς
501 3008 572 3063 τὰ
631 3007 754 3061 καθ’
797 3007 989 3060 ἑαυτὸν
1044 3007 1239 3077 ἐκείνῳ
1287 3007 1653 3076 γνωρίσαντα,
1694 3007 1929 3076 κομίσα-

348 3101 470 3154 σθαι
516 3099 611 3153 καὶ⁵
663 3098 761 3169 τὴν
822 3098 1139 3169 θεραπείαν.
1186 3096 1292 3150 Τοῦ
1347 3097 1421 3163 δὲ,
1495 3096 1616 3164 ἥτις
1646 3100 1679 3168 ὴ
1735 3099 1930 3166 νόσος,

250 3188 255 3199 “
348 3194 655 3264 ἐρομένου*
711 3191 913 3260 ὲλεεινῇ
945 3193 970 3243 ὁ
999 3191 1240 3261 ἔπαρχος
1302 3187 1586 3242 ὑπολαϐὼν
1629 3192 1693 3260 τῇ
1753 3194 1925 3261 φωνῇ,

350 3282 554 3346 Πάντα,
589 3281 776 3351 φησὶν,
805 3274 887 3343 οἷς
927 3281 1228 3349 τρέψομαι,
1253 3280 1333 3343 είς
1361 3273 1499 3349 αἷμα
1554 3284 1932 3348 μεταποιεῖται

350 3374 444 3426 καὶ
492 3374 735 3443 μακροὺς
798 3372 1107 3441 σκώληκας,
1139 3372 1174 3443 ἦ
1208 3389 1268 3424 τε
1328 3372 1437 3426 τῶν
1468 3372 1618 3435 ἐντὸς
1650 3372 1835 3443 ὀδύνη,
1870 3372 1931 3425 οὑ

349 3463 514 3535 ῥᾳδία
544 3464 752 3533 φέρειν,
786 3462 1232 3533 διαὸοσκομὲνων
1274 3480 1340 3532 με
1370 3463 1479 3515 τῶν
1512 3463 1831 3532 σκωλήκων.
1875 3464 1933 3516 Ὀ

349 3555 430 3620 δὲ,
470 3554 804 3625 Γνωριστὲον
850 3555 968 3624 μὲν,
992 3555 1067 3616 ὼς
1098 3554 1257 3623 ἔφης,
1285 3554 1458 3607 ταῦτα
1508 3554 1600 3607 καὶ
1648 3555 1725 3624 τῷ
1756 3556 1928 3623 μεγά-

350 3648 450 3717 λῳ,
480 3646 619 3717 πλὴν
670 3646 783 3699 ἀλλ’
817 3646 931 3698 ἐστι
989 3646 1120 3715 παρ’
1172 3648 1303 3715 ἡμῖν
1354 3645 1464 3697 τῶν
1518 3645 1679 3715 ἱερῶν
1718 3646 1928 3697 ἐκείνου

351 3736 555 3809 τριχῶν
609 3737 702 3789 καὶ
762 3736 859 3804 τῆς
913 3735 1136 3800 κόνεως,
1167 3728 1249 3796 οἷς
1303 3734 1447 3804 ῦδωρ
1479 3734 1789 3787 ἐπιϐαλόντι
1835 3733 1930 3786 καὶ

351 3828 458 3899 πρὸ
486 3828 671 3882 σιτίων
702 3830 904 3889 πιόντι,
938 3826 1188 3896 οὐδαμῶς
1215 3822 1367 3896 οἶμαι
1399 3826 1784 3896 μεταμελήσει.

2108 912 2235 968 235.
2278 916 2476 969 Totum
2505 935 2655 974 mare
2695 918 2877 972 situlis
2908 919 3202 974 exhaurire
3237 918 3476 985 noverit,
3526 918 3621 991 qui

2035 1004 2221 1059 omnia
2252 1006 2541 1077 Symeonis
2571 1009 2849 1063 mirabilia
2879 1009 2933 1061 in
2974 1009 3151 1063 lucem
3197 1008 3443 1078 proferre
3486 1024 3620 1063 con-

2037 1099 2277 1153 tenderit
2302 1116 2315 1152 :
2340 1107 2395 1152 at
2424 1100 2678 1155 similiter
2700 1100 3131 1169 incomparabile
3158 1100 3418 1153 damnum
3435 1098 3619 1161 fuerit,

2036 1190 2335 1261 quidquam
2374 1206 2404 1245 a
2448 1192 2756 1246 scientibus
2793 1192 3158 1261 praetermitti.
3205 1190 3403 1245 Missus
3458 1190 3624 1260 igitur

2040 1280 2337 1350 aliquando
2369 1280 2425 1335 in
2458 1282 2662 1351 regiam
2693 1282 2887 1336 urbem
2918 1299 2948 1335 a
2982 1291 3173 1334 sancto
3214 1280 3483 1351 Symeone
3518 1281 3622 1335 fuit

2038 1373 2327 1444 presbyter
2359 1374 2599 1429 Thomas
2631 1390 2755 1429 cum
2802 1373 3068 1427 fratribus
3112 1372 3349 1437 duobus,
3399 1388 3620 1442 compa-

2038 1477 2261 1521 raturus
2289 1468 2539 1536 quzedam
2569 1468 2635 1521 ad
2690 1468 2784 1521 Dei
2831 1467 3253 1536 animarumque
3299 1483 3456 1519 usum
3495 1482 3621 1537 spe-

2036 1558 2262 1613 ctantia.
2315 1559 2587 1629 Cumque,
2629 1570 2689 1614 ut
2720 1559 2837 1613 fieri
2871 1560 3031 1625 solet,
3058 1575 3087 1613 a
3119 1568 3226 1613 tota
3264 1562 3388 1613 aula
3422 1560 3621 1613 admit-

2039 1657 2289 1703 terentur
2323 1650 2773 1720 colerenturque,
2814 1658 3040 1720 propter
3074 1650 3221 1703 illius
3259 1666 3288 1703 τι
3324 1665 3434 1718 quo
3468 1650 3619 1703 missi

2037 1741 2422 1796 erantfamam
2448 1782 2462 1806 ,
2516 1743 2656 1797 vidit
2695 1758 2792 1796 eos
2826 1743 2918 1812 qui
2966 1751 3097 1795 tunc
3136 1741 3430 1811 praefectus
3469 1741 3625 1795 urbis

2035 1839 2158 1885 erat
2208 1831 2537 1886 Theodorus
2590 1833 2835 1895 nomine,
2917 1841 3284 1901 cognomento
3327 1831 3619 1894 Picridius,

2035 1924 2368 1978 auctoritate
2396 1924 2628 1993 pollens,
2655 1934 2822 1993 atque
2856 1924 3243 1993 interrogavit,
3276 1923 3498 1991 quinam
3530 1923 3618 1978 isti

2033 2015 2217 2069 forent
2246 2015 2499 2068 monachi
2540 2024 2596 2069 et
2626 2015 2791 2069 unde.
2837 2015 3082 2069 Edoctus
3128 2014 3363 2081 singula,
3402 2030 3625 2070 sevoca-

2035 2108 2113 2161 vit
2153 2107 2383 2160 seorsim
2428 2108 2718 2162 Thomam.
2771 2108 2907 2163 Cum
2944 2118 3126 2163 autem
3174 2110 3428 2177 pluribus
3480 2110 3628 2166 inter

2034 2210 2093 2249 se
2118 2195 2186 2249 de
2222 2206 2411 2251 sancto
2453 2199 2725 2269 Symeone
2768 2200 3030 2269 egissent,
3076 2212 3132 2253 et
3188 2200 3517 2268 prolixiores
3551 2199 3621 2254 de

2036 2286 2129 2341 illo
2169 2287 2408 2343 Thomas
2470 2300 2782 2359 pertexeret
2836 2306 3149 2353 sermones,
3213 2306 3379 2359 super
3435 2293 3620 2347 omnia

2036 2376 2213 2446 ipsum
2246 2386 2300 2431 et
2342 2380 2606 2433 miracula
2642 2397 2763 2449 quae
2791 2381 3040 2449 quotidie
3071 2381 3310 2434 faciebat
3349 2396 3624 2435 commen—

2035 2468 2206 2522 dans:
2244 2470 2538 2539 praefectus
2564 2470 2934 2525 inflammatus
2967 2471 3133 2525 corde
3168 2472 3373 2525 talibus
3427 2487 3621 2525 narra-

2038 2560 2299 2623 tionibus,
2332 2569 2553 2631 totaque
2587 2564 2639 2615 in
2666 2563 2843 2631 ipsum
2881 2562 3079 2616 fiducia
3106 2573 3358 2617 erectus:
3416 2562 3622 2617 Difﬁci-

2035 2652 2123 2714 lis,
2157 2652 2338 2722 inquit
2365 2654 2633 2708 Thomam
2662 2656 2970 2723 alloquens,
3000 2670 3087 2709 me
3114 2663 3170 2709 et
3217 2655 3470 2708 occultus
3494 2669 3620 2723 pre-

2036 2740 2135 2794 mit
2169 2743 2432 2808 morbus;
2468 2745 2625 2814 cujus
2654 2759 2820 2799 causa
2852 2760 3045 2799 omnes
3065 2744 3294 2799 adhibui
3338 2745 3623 2799 machinas

2035 2839 2090 2883 ct
2113 2841 2282 2891 artes,
2314 2832 2410 2886 sed
2435 2832 2683 2887 laboravi
2712 2834 2765 2887 in
2795 2850 3019 2897 vanum,
3049 2836 3198 2889 nulla
3231 2835 3360 2889 mali
3396 2835 3621 2887 inventa

2036 2920 2269 2974 medela.
2306 2921 2513 2977 Deinde
2544 2923 2932 2979 ardentissime
2958 2925 3138 2994 petiit,
3166 2936 3226 2979 ut
3276 2927 3473 2980 liceret
3511 2924 3618 2978 sibi

2036 3026 2135 3078 per
2162 3012 2450 3080 epistolam
2473 3029 2659 3067 rerum
2705 3031 2929 3069 suarum
2979 3025 3185 3071 statum
3238 3026 3430 3071 sancto
3475 3017 3623 3071 indi-

2038 3115 2183 3161 care,
2216 3116 2325 3170 quo
2358 3104 2704 3158 curationem
2751 3106 3051 3174 impetrare
3103 3107 3171 3161 ab
3201 3107 3321 3176 ipso
3380 3123 3624 3163 merere-

2033 3199 2144 3244 tur.
2173 3192 2549 3264 lnterrogante
2574 3206 2759 3249 autem
2792 3196 3004 3250 Thoma
3036 3216 3048 3251 :
3083 3198 3288 3268 Ecquis
3345 3200 3434 3253 ille
3472 3214 3622 3254 mor-

2031 3279 2135 3334 bus
2174 3292 2358 3351 esset,
2406 3286 2713 3339 miserabili
2740 3288 3084 3357 respondens
3148 3305 3283 3343 voce
3323 3307 3336 3342 :
3404 3288 3620 3354 Omnia,

2032 3369 2233 3438 inquit,
2288 3373 2625 3428 nutrimenta
2670 3392 2791 3429 mea
2834 3377 2888 3429 in
2923 3378 3252 3447 sanguinem
3310 3387 3367 3433 et
3432 3379 3622 3449 longos

2032 3458 2337 3515 lumbricos
2390 3475 2820 3519 convertuntur:
2887 3469 3090 3537 quippe
3155 3469 3370 3523 viscera
3413 3471 3625 3524 arrodit

2036 3552 2213 3613 dolor,
2246 3554 2390 3607 haud
2422 3556 2583 3610 facile
2627 3558 2849 3611 tolerari
2903 3570 3113 3629 potest,
3161 3561 3271 3615 illis
3326 3578 3414 3614 me
3458 3562 3623 3630 depa-

2038 3644 2342 3697 scentibus.
2374 3643 2473 3699 Cui
2507 3646 2788 3701 Thomas:
2824 3648 3195 3718 Signiﬁcanda
3222 3650 3339 3703 haec
3394 3652 3621 3717 quidem

2039 3743 2188 3796 sunt,
2245 3743 2305 3788 ut
2365 3736 2573 3806 inquis,
2634 3756 2832 3811 magno
2892 3740 3184 3811 Symeoni;
3239 3753 3619 3796 verumtamen

2041 3826 2198 3881 adest
2259 3828 2420 3882 nobis
2461 3846 2683 3901 quoque
2751 3848 2781 3886 e
2826 3834 2998 3887 sacris
3046 3834 3194 3888 illius
3247 3834 3497 3888 crinibus
3556 3849 3621 3888 ac

351 3920 578 3983 pulvere
636 3922 947 3993 quidpiam;
991 3935 1131 3989 quos
1187 3920 1232 3974 si
1304 3922 1429 3990 quis
1504 3918 1794 3973 miscuerit
1849 3930 1976 3971 eum
2049 3932 2209 3985 aqua,
2273 3918 2624 3990 biberitque,
2672 3932 2804 3993 puto
2852 3924 2970 3978 fore
3034 3934 3091 3978 ut
3153 3940 3280 3978 eum
3332 3923 3459 3978 facti
3509 3940 3619 3978 non

351 4015 636 4082 pmniteat.

422 4104 561 4165 σλς’.
592 4104 697 4157 Τοῦ
733 4103 788 4157 δὲ
819 4103 959 4156 κατά
982 4103 1081 4166 τὰς
1116 4103 1396 4173 ὑποθήκας
1440 4099 1805 4173 πεποιηκότος
1830 4141 1845 4165 ,
1894 4101 1928 4169 ἦ

348 4215 410 4251 τε
439 4196 535 4250 τοῦ
577 4196 809 4266 αἵματος
841 4194 997 4265 ῥύσις
1044 4196 1313 4260 πέπαυτο,
1347 4195 1441 4248 καὶ
1470 4194 1526 4247 αἱ
1557 4195 1664 4245 τῶν
1716 4194 1930 4263 σκωλή-

351 4307 462 4342 κων
516 4288 700 4350 ὠδῖνες
734 4285 981 4351 ἔσδεστο,
1021 4286 1116 4339 καὶ
1142 4288 1175 4356 ἡ
1204 4286 1355 4348 νόσος
1388 4284 1551 4347 εὐθὺς
1598 4284 1929 4353 ἀπελήλατο.

2103 4098 2229 4153 256.
2279 4100 2529 4157 Credidit
2560 4104 2852 4173 przefectus
2886 4104 3051 4160 dictis
3082 4106 3338 4161 Thomze:
3395 4118 3451 4163 et
3494 4125 3617 4164 ces-

2032 4190 2172 4244 savit
2208 4191 2354 4245 illico
2412 4191 2591 4247 fluxus
2626 4194 2929 4263 sanguinis,
2973 4195 3192 4250 dolores
3237 4197 3507 4251 vermium
3527 4200 3609 4254 le-

2031 4282 2133 4336 niti
2168 4294 2317 4349 sunt,
2371 4285 2661 4354 omnisque
2682 4286 2957 4355 aegritudo
2982 4286 3235 4357 depulsa.
3262 4288 3465 4342 Verum
3490 4306 3617 4345 cum

361 4378 420 4430 Ὀ
466 4376 596 4445 γοῦν
643 4379 879 4445 ἔπαρχος
956 4378 1213 4443 φυσικαῖς
1284 4377 1426 4446 ὁρῶν
1483 4375 1676 4429 ἑαυτὸν
1725 4374 1927 4439 ἐξόδοις

2035 4371 2252 4426 videret
2288 4388 2509 4427 secessu
2542 4376 2775 4429 naturali
2814 4392 2870 4430 se
2934 4376 3202 4453 deinceps
3232 4379 3309 4433 uti
3339 4419 3353 4443 ,
3400 4381 3621 4451 gravior

348 4468 446 4522 τοῦ
473 4468 658 4521 λοιποῦ
695 4469 995 4539 χρώμενον,
1022 4469 1078 4518 ὲν
1102 4466 1252 4536 φόϐῳ
1286 4466 1491 4519 πλείονι
1530 4466 1625 4518 τοῦ
1662 4464 1927 4536 προτέρου

349 4559 703 4628 γεγόνει,καὶ
756 4559 846 4611 τὸν
883 4559 1085 4627 Θωμᾶν
1118 4559 1191 4619 ὠς
1242 4554 1355 4627 εἶχε
1414 4556 1926 4626 μεταστειλάμενος,

348 4651 575 4705 δεδιέναι
626 4653 720 4704 καὶ
764 4652 989 4720 τρέμειν
1021 4650 1195 4717 ἔλεγε,
1233 4651 1306 4720 μὴ
1363 4649 1585 4701 ἄλλοθεν
1635 4650 1683 4701 οἱ
1720 4648 1930 4716 σκώλη-

349 4762 444 4807 κες
477 4744 639 4797 αὑτὸν
671 4744 1044 4814 ἁναρῤήξωσι,
1067 4742 1175 4794 τῶν
1207 4742 1344 4793 κατὰ
1378 4741 1539 4809 φύσιν
1569 4740 1763 4805 ἐξόδων
1794 4742 1931 4793 ἀπο-

351 4834 709 4896 κλεισθέντες.
742 4835 852 4886 Καὶ
888 4828 993 4901 (οἷα
1040 4833 1280 4898 πέφυκεν
1314 4832 1401 4884 ἀεὶ
1440 4832 1695 4903 μέγιστος
1763 4832 1929 4882 πᾶσιν

349 4925 657 4995 ἀνθρώποις
717 4924 1030 4993 ἐγγίνεσθαι
1088 4924 1249 4992 φόϐος
1275 4965 1288 4987 ,
1322 4925 1450 4976 ὅταν
1498 4926 1626 4994 περὶ
1668 4923 1728 4975 τὸ
1774 4923 1872 4994 ζῇν
1903 4926 1929 4976 ό

350 5018 595 5082 κίνδυνος
650 5015 709 5091 ᾗ.
751 5016 1029 5086 φείδεσθαί
1097 5034 1156 5069 τε
1215 5017 1442 5084 μηδενὸς
1490 5017 1815 5085 τηνικαῦτα,
1856 5017 1931 5087 μὴ

352 5109 539 5172 πόνου,
579 5106 653 5177 μὴ
688 5106 959 5175 καμάτου,
1019 5106 1092 5175 μὴ
1123 5105 1497 5175 ἀναλώματος,
1532 5108 1578 5159 εἰ
1610 5108 1703 5159 καὶ
1743 5107 1803 5158 τὸ
1836 5108 1927 5159 δύ-

352 5197 547 5251 γασθαι
583 5198 818 5267 μάλιστα
840 5196 1046 5258 τούτοις
1093 5196 1291 5263 προσῇ)
1323 5201 1368 5251 εξ
1406 5195 1479 5265 μὴ
1524 5197 1615 5247 καὶ
1668 5196 1745 5265 τῷ
1794 5197 1932 5265 ἁγίῳ

349 5291 676 5362 γνωρισθείη
722 5291 789 5342 τά
851 5290 968 5341 κατ’
1027 5290 1211 5352 αὑτὸν,
1248 5288 1347 5340 οὐκ
1406 5288 1610 5341 ἀνεκτὰ
1672 5291 1927 5343 ἐποιεῖτο.

351 5383 638 5454 Γέγραπτο
687 5384 782 5451 μὲν
818 5376 912 5433 οὖν
954 5383 986 5449 ἡ
1024 5380 1303 5450 ἐπιστολὴ,
1347 5381 1649 5449 ἡτοίμαστο
1694 5382 1750 5433 δὲ
1784 5383 1872 5433 καὶ
1904 5384 1931 5433 ό

352 5476 489 5547 πρὸς
523 5474 685 5527 αὑτὸν
715 5474 1029 5543 πέμπεσθαι
1090 5474 1299 5543 μέλλων
1323 5486 1337 5500 ·
1373 5472 1487 5525 ἀλλ’
1520 5476 1552 5543 η
1604 5474 1813 5526 ἐκείνου
1855 5474 1931 5526 δι-

352 5570 540 5639 όρισις
564 5567 871 5638 προφθάνει
909 5569 1005 5619 καὶ
1063 5566 1162 5636 τὴν
1190 5565 1371 5617 αὑτῶν
1424 5564 1685 5629 ἱκετείαν,
1719 5566 1812 5617 καί
1842 5582 1928 5628 τις

350 5665 410 5715 ἐν
451 5659 689 5728 τοιούτῳ
734 5662 893 5731 φοιτᾷ
939 5659 1069 5728 παρ’
1099 5656 1284 5725 αὑτοῦ,
1316 5657 1413 5709 ὅσα
1445 5673 1501 5708 τε
1534 5656 1668 5726 πρὸς
1702 5655 1791 5709 τὸν
1825 5656 1939 5710 Θω-

2036 4465 2220 4532 priore
2256 4464 2436 4533 ipsum
2485 4466 2715 4521 incessit
2761 4477 2979 4522 metus:
3012 4472 3398 4541 aceersitoque
3449 4490 3616 4542 quam

2030 4556 2317 4610 celerrime
2364 4557 2597 4622 Thoma,
2645 4560 2781 4612 dicit
2829 4560 2927 4623 illi,
2958 4561 3145 4615 Vereri
3200 4578 3257 4616 se
3286 4572 3450 4632 atque
3501 4575 3616 4619 tre-

2032 4661 2203 4710 mere,
2257 4662 2325 4701 ne
2360 4664 2595 4713 vermes,
2621 4650 2861 4703 naturali
2888 4665 3109 4706 secessu
3139 4652 3451 4719 obstructo,
3483 4655 3615 4710 alibi

2030 4747 2279 4790 ventrem
2307 4738 2671 4806 perroderent
2697 4757 2708 4791 :
2738 4749 2793 4793 et
2821 4740 3307 4809 (quemadmodum
3330 4746 3616 4799 consuevit

2031 4843 2249 4898 semper
2277 4830 2509 4883 validior
2556 4845 2748 4884 omnes
2791 4846 3062 4902 occupare
3128 4844 3329 4898 metus,
3396 4835 3617 4904 quando

2032 4922 2141 4973 vita
2174 4922 2542 4990 periclitatur,
2584 4938 2691 4975 non
2752 4936 3045 4993 parcentes
3102 4928 3198 4979 ulli
3238 4928 3338 4992 rei,
3390 4944 3499 4981 non
3536 4930 3616 4983 la-

2032 5009 2173 5071 bori,
2211 5026 2320 5063 non
2371 5010 2774 5081 defatigationi,
2829 5030 2939 5065 non
2999 5017 3333 5083 sumptibus,
3391 5016 3610 5069 etiamsi

2033 5103 2179 5171 quod
2216 5103 2449 5155 maxime
2485 5104 2747 5171 prodesse
2771 5114 2975 5173 potest,
3027 5106 3094 5159 ad
3132 5124 3354 5159 manum
3404 5107 3493 5173 sit)
3530 5108 3617 5159 in-

2035 5194 2342 5247 tolerabilia
2371 5194 2721 5247 existimabat
2762 5198 2969 5261 omnia,
3003 5199 3109 5250 nisi
3136 5214 3257 5266 quae
3302 5214 3359 5251 se
3406 5208 3618 5267 speeta-

2036 5285 2167 5339 bant
2199 5294 2388 5339 sancto
2412 5285 2874 5355 significarentur.
2911 5290 3141 5342 lix-arata
3193 5289 3360 5358 igitur
3384 5289 3616 5358 epistola

2034 5388 2138 5442 est,
2178 5389 2637 5447 comparatusque
2667 5380 2761 5449 qui
2791 5380 2938 5433 illam
2983 5382 3050 5434 ad
3114 5382 3443 5453 Symeonein
3486 5397 3615 5451 per-

2032 5472 2225 5525 ferret.
2260 5471 2461 5525 Verum
2492 5472 2889 5541 perspicacitas
2922 5473 3071 5527 illius
3104 5476 3303 5527 horum
3337 5474 3501 5527 etiam
3533 5473 3611 5526 le-

2034 5564 2312 5635 gationem
2350 5564 2657 5633 supplicem
2687 5566 2975 5633 praevertit
3010 5566 3250 5636 :aliquis
3270 5566 3417 5619 enim
3445 5580 3472 5618 a
3503 5563 3605 5631 Sy-

2051 5670 2247 5711 meone
2286 5654 2610 5722 adveniens,
2647 5658 3019 5727 particulatim
3051 5661 3235 5717 omnia
3286 5676 3406 5732 qua:
3461 5671 3621 5731 gesta
