4038 6208
485 297 630 360 3203

1695 293 1755 356 S.
1797 294 2176 356 SYMEONIS
2212 293 2577 360 JUNIORIS

3587 303 3740 367 3204

477 419 659 474 erant,
691 407 1046 482 signiﬁcavit,
1077 421 1328 478 quaenam
1361 406 1578 462 scilicet
1607 423 1637 461 a
1661 407 1922 486 praefecto
1971 409 2055 462 di-

2165 413 2270 481 μᾶν
2295 411 2373 481 τῷ
2403 411 2631 482 ἐπάρχῳ
2683 412 2918 484 λεχθείη,
2969 413 3062 465 καὶ
3090 412 3166 476 ὡς
3207 411 3388 482 δοθείη
3425 415 3556 486 παρ’
3576 413 3738 470 αὐτοῦ

476 511 564 558 cta
589 500 813 556 Thoma:
851 501 1118 566 fuissent;
1152 499 1432 570 quomodo
1493 499 1562 553 ab
1609 499 1716 554 hoc
1769 515 1910 568 aqua
1977 499 2054 554 illi

477 593 628 656 data,
665 595 837 648 sacris
894 592 1186 664 Symeonis
1208 592 1460 646 crinibus
1507 602 1562 646 et
1589 593 1814 662 pulvere
1849 593 2056 648 sancti-

479 684 676 750 ﬁcata;
752 685 1032 754 quomodo
1093 685 1328 738 bibisset
1387 683 1825 752 dispulissetquc
1873 683 2057 738 statim

481 769 732 826 dolorem
763 787 984 825 omnem
1010 789 1022 822 :
1053 771 1257 824 deinde
1288 771 1547 824 hortatus
1569 785 1788 840 quoque
1813 783 1897 824 est
1917 788 2057 840 prae-

484 861 714 924 fectum,
749 877 817 914 ne
843 863 960 914 lucc
976 860 1071 914 Dei
1099 860 1366 913 miracula
1388 860 1716 930 negligeret,
1749 861 2058 931 adjecitque

477 952 748 1021 quidquid
777 960 1043 1022 pneterea
1074 967 1104 1006 e
1137 967 1196 1005 re
1221 951 1420 1005 anima:
1452 951 1604 1006 illius
1643 950 1762 1006 fore
1795 951 2055 1021 putabat;

479 1041 590 1096 imo
614 1041 779 1096 etiam
809 1043 1160 1096 conﬁrmavit
1187 1043 1266 1096 illi
1303 1043 1623 1102 sanitatem,
1678 1059 1800 1112 qua:
1825 1051 1880 1096 et
1922 1057 2058 1096 con-

482 1134 694 1188 tinuata
715 1146 798 1188 est
827 1151 1002 1203 usque
1035 1135 1104 1188 ad
1141 1143 1376 1189 mortem
1407 1134 1536 1188 viri.
1573 1133 1666 1189 Sic
1689 1135 1859 1206 igitur
1888 1134 2062 1189 mani-

478 1224 682 1279 festum
711 1233 817 1288 est,
845 1225 993 1294 quod
1020 1241 1143 1293 qua:
1173 1225 1398 1280 volebat
1425 1224 1686 1295 Symeon,
1747 1226 1909 1296 longe
1961 1227 2060 1280 ab-

482 1331 610 1369 sens
657 1315 710 1368 in
755 1316 954 1383 Spiritu
999 1315 1236 1380 videret,
1277 1325 1334 1370 et
1363 1317 1592 1386 quidem
1623 1327 1732 1370 tam
1754 1317 2058 1386 perspicue

483 1423 546 1461 ac
580 1407 622 1461 si
652 1423 837 1460 coram
871 1420 1238 1477 gererentur:
1286 1409 1752 1477 quemadmodum
1777 1409 2062 1478 sequentia

481 1500 650 1554 etiam
681 1499 984 1553 declarant.

551 1590 678 1644 237.
726 1589 948 1644 Morbus
1003 1591 1303 1660 aliquando
1360 1592 1627 1662 pestilens
1689 1592 2060 1664 grassabatur,

479 1683 686 1735 multos
719 1683 975 1737 homines
1000 1684 1340 1753 depascens:
1375 1702 1485 1756 quo
1517 1685 1749 1756 contigit
1770 1685 1937 1739 tiliam
1959 1701 2060 1740 cu-

477 1773 696 1842 jusdam
731 1773 963 1843 Evagrii
1006 1775 1116 1844 (63)
1182 1778 1348 1831 etiam
1417 1777 1648 1846 corripi.
1697 1777 1828 1830 Erat
1879 1785 2060 1830 autem

481 1863 750 1934 Evagrius
780 1865 882 1920 iste
915 1865 1314 1922 Scholasticus.
1346 1869 1615 1934 Quoniam
1646 1885 1778 1924 vero
1819 1868 2058 1938 Epipha-

479 1955 608 2008 nius
638 1956 885 2024 quidam,
922 1957 1017 2025 qui
1053 1959 1224 2026 perid
1261 1969 1479 2029 tempus
1509 1961 1799 2030 gentilium
1853 1959 2060 2013 errori-

483 2047 587 2100 bus
618 2047 900 2101 adhzerere
941 2047 1253 2115 dicebatur,
1303 2050 1446 2103 nihil
1487 2049 1824 2104 incommodi
1881 2049 2062 2118 quoad

481 2139 623 2193 ﬁlios
652 2150 801 2194 recte
827 2139 1126 2206 habentes,
1155 2149 1443 2212 pateretur
1467 2161 1481 2196 ι
1517 2143 1813 2197 subierunt
1842 2141 2060 2213 Evagrii

479 2233 723 2286 animum
747 2233 1109 2302 cogitationes
1138 2234 1474 2304 blasphcmre
1499 2235 1714 2306 (quales
1739 2249 1860 2288 esse
1883 2235 2062 2289 solent

479 2323 704 2392 maligni
739 2323 1005 2378 daemonis
1035 2324 1417 2394 deceptioncsl
1443 2341 1509 2379 ex
1536 2325 1852 2380 vehementi
1874 2326 2058 2390 nimis,

477 2427 590 2480 quo
619 2413 782 2465 tiliam
806 2413 1117 2476 adamabat,
1169 2413 1372 2468 all‘ectu
1438 2415 1724 2480 subnataa;
1785 2413 2062 2483 quomodo

478 2519 676 2572 nempe
703 2503 899 2575 religio
927 2519 1026 2557 sua
1051 2505 1364 2574 Epiphanio
1403 2505 1613 2560 faceret
1643 2506 1712 2560 ad
1761 2507 1929 2560 vitam
1982 2514 2062 2559 at-

477 2609 586 2663 que
617 2595 1058 2649 incolumitatem
1091 2595 1349 2650 ﬁliorum.
1389 2598 1468 2650 Ex
1521 2598 1831 2652 istiusmodi
1877 2606 2060 2651 autem

479 2686 914 2755 cogitationibus
945 2695 1130 2742 motus
1180 2703 1245 2742 ac
1305 2697 1601 2756 tempestas
1647 2681 1947 2742 vehemens
2007 2689 2058 2740 in

479 2778 663 2830 anima
699 2775 804 2830 viri
835 2778 1115 2832 concitata
1147 2764 1252 2844 est,
1277 2794 1385 2832 non
1421 2779 1542 2832 leve
1596 2777 1704 2831 sibi
1751 2779 2059 2847 periculum

479 2871 738 2923 creantis.
769 2869 1114 2940 Cognoverat
1163 2871 1280 2924 haec
1353 2869 1408 2922 in
1467 2870 1665 2938 spiritu
1717 2869 1972 2942 Symeon,
2006 2882 2062 2924 ct

478 2959 734 3030 Evagrio,
765 2976 864 3030 pro
887 2961 971 3014 sui
1013 2961 1069 3014 in
1127 2964 1308 3030 ipsum
1377 2959 1644 3029 singulari
1695 2960 2061 3028 propensione

475 3051 670 3115 animi,
698 3051 866 3120 jussit
926 3050 1178 3105 indicari.
1223 3050 1524 3118 Obstupuit
1577 3049 1668 3102 ille
1703 3049 1924 3105 insolita
1980 3049 2060 3102 rei

477 3143 746 3206 novitate,
784 3144 1064 3212 quomodo
1097 3143 1211 3207 illa,
1235 3159 1356 3212 qua:
1387 3143 1443 3196 in
1493 3141 1678 3196 cordis
1725 3143 1808 3196 sui
1841 3157 2056 3197 recessu

481 3237 679 3290 intimo
717 3239 987 3302 latebant,
1025 3237 1396 3292 innotuissent
1419 3235 1680 3308 Symeoni
1705 3254 1718 3303 ;
1745 3249 2058 3306 correptus-

473 3343 586 3396 que
613 3328 813 3381 timore
873 3337 927 3382 et
977 3329 1346 3398 paenitudine,
1397 3330 1644 3384 accurrit
1670 3329 1736 3382 ad
1785 3339 2057 3392 sanctum,

477 3418 735 3489 lacrymis
759 3431 922 3488 atque
967 3421 1134 3474 animi
1164 3420 1367 3475 ati‘ectu
1417 3421 1591 3491 magis
1649 3437 1816 3490 quam
1869 3420 2058 3488 lingua

475 3519 536 3565 et
559 3511 722 3565 labiis
765 3527 880 3565 rem
923 3512 1233 3566 conﬁtens:
1287 3512 1692 3582 impetrataque
1740 3528 1852 3566 non
1901 3512 2061 3566 venia

475 3601 668 3664 modo,
721 3601 817 3656 sed
866 3603 1033 3657 etiam
1085 3603 1333 3658 remedio
1374 3612 1572 3658 contra
1617 3613 1926 3673 peccatum,
1977 3619 2059 3657 re-

473 3709 674 3748 versus
704 3704 808 3748 ρει.

553 3783 678 3838 238.
727 3785 939 3839 Accidit
973 3795 1097 3854 post
1151 3787 1290 3850 hinc,
1320 3786 1637 3856 quemdam,
1688 3788 1776 3842 cui
1837 3786 2060 3842 dextera

475 3877 854 3946 putrescebat,
914 3879 1070 3933 adire
1115 3879 1465 3950 Symeonem,
1522 3887 1886 3948 curatumque
1935 3895 2060 3932 mox

473 3967 550 4020 ab
583 3968 723 4036 ipso,
757 3969 900 4022 viam
935 3971 1180 4040 relegere
1214 3970 1438 4024 domum
1483 3986 1678 4024 versus
1709 3987 1721 4022 :
1757 3969 1894 4024 forte
1923 3969 2060 4024 Cilix

473 4059 709 4128 quidam
740 4061 896 4129 juxta
929 4060 1070 4114 viam
1105 4077 1328 4130 Operam
1367 4061 1505 4116 dans
1543 4060 1758 4130 ﬁglinze,
1789 4061 2058 4129 quaesivit,

479 4151 628 4204 unde
671 4160 729 4205 et
796 4153 956 4220 cujus
991 4167 1154 4206 causa
1205 4153 1420 4206 veniret
1475 4152 1843 4220 :doctusque,
1898 4167 2059 4220 quam

481 4242 695 4311 insigne
745 4243 1050 4296 curationis
1101 4243 1436 4297 beneficium
1489 4241 1579 4296 ille
1628 4250 1824 4296 nactus
1859 4252 2006 4298 esset
2045 4261 2058 4297 :

475 4331 642 4398 Quid,
689 4333 890 4402 inquit,
933 4333 1204 4397 fallimini,
1232 4334 1301 4387 ad
1355 4333 1630 4387 hominem
1661 4332 2058 4403 confugientes,

477 4422 573 4490 qui
616 4423 900 4475 veneﬁciis
943 4421 1130 4491 potius
1163 4439 1326 4492 quam
1383 4423 1587 4477 virtute
1639 4424 1826 4478 divina
1875 4425 2062 4479 isthsec

476 4511 786 4580 operatur?
814 4512 914 4566 Vix
945 4512 1180 4580 dixerat,
1217 4530 1340 4567 cum
1380 4514 1662 4568 dexteram
1693 4529 1844 4568 suam
1879 4515 2062 4568 vitiari

477 4604 670 4666 sentit,
701 4603 868 4657 simili
899 4605 1300 4674 putrefactione
1327 4621 1664 4674 percussam,
1705 4616 1868 4674 atque
1917 4607 2064 4660 illius

473 4706 604 4749 ante
639 4695 858 4757 fuerat;
894 4697 1122 4751 alterius
1151 4697 1297 4750 malo
1319 4697 1374 4752 in
1415 4697 1648 4752 alterum
1681 4697 1847 4751 veluti
1884 4707 2060 4752 trans-

475 4785 832 4857 lato.-Nequc
885 4789 964 4843 sic
991 4797 1174 4844 tamen
1208 4790 1274 4843 ad
1301 4801 1538 4844 mentem
1583 4789 1748 4843 rediit
1772 4790 2054 4844 meliorem

468 4877 646 4944 Cilix;
673 4879 768 4932 sed
798 4881 1029 4934 medicis
1072 4881 1256 4950 potius
1288 4891 1453 4950 atque
1495 4882 1709 4936 artibus
1750 4882 2052 4938 curandum

469 4985 534 5024 se
576 4973 877 5025 commisit.
917 4973 1117 5027 Verum
1177 4974 1272 5028 ubi
1309 4975 1582 5030 curationi
1629 4975 1916 5030 facultates
1967 4975 2053 5028 in-

472 5071 726 5129 sumptas
756 5062 916 5124 vidit,
948 5078 1050 5117 nec
1085 5063 1248 5116 ullam
1292 5065 1553 5136 aﬂ'ulgcre
1588 5080 1758 5132 spem,
1798 5065 2054 5133 cognovit

472 5153 592 5220 ipse
639 5168 866 5222 quoque
915 5155 1404 5224 (quemadmodum
1465 5155 1563 5220 illi,
1623 5155 1716 5224 qui
1769 5155 2056 5210 doloribus

473 5257 830 5315 premuntur,
870 5245 1116 5301 studiose
1156 5248 1334 5302 solent
1385 5250 1438 5302 in
1477 5249 1694 5302 illm-um
1727 5265 1922 5304 causas
1971 5249 2056 5304 in-

473 5337 720 5408 quirere)
747 5353 938 5406 ptnnas
969 5355 1026 5392 se
1053 5339 1184 5392 dare
1209 5355 1311 5408 pro
1338 5339 1618 5409 injnriosis
1639 5338 1904 5393 adversus
1928 5355 2056 5392 san-

471 5439 623 5483 ctum
669 5429 996 5501 Symeonem
1032 5431 1252 5496 verbis;
1289 5441 1431 5486 etut
1469 5433 1646 5502 potuit
1670 5431 1960 5486 celerrime
1987 5429 2054 5484 ad

472 5521 656 5589 ipsum
701 5523 955 5584 accessit,
988 5537 1151 5590 qnam
1182 5523 1385 5577 misero
1415 5537 1609 5576 manus
1639 5537 1740 5576 sua
1770 5521 1892 5576 loco
1911 5529 2057 5576 esset

558 5635 672 5702 (63)
702 5633 964 5704 Evagrius
987 5635 1380 5704 Scholasticus,
1419 5639 1692 5692 historiam
1733 5637 2050 5693 ecclesiasti-

447 5705 590 5758 ἀιιη
626 5719 657 5757 υ
709 5703 854 5758 libris
888 5707 1211 5773 complexus,
1239 5712 1330 5762 hoc
1369 5703 1544 5775 ipsum
1577 5708 1890 5762 miraculum
1919 5711 2054 5763 dese

2161 503 2306 574 ὕδωρ
2333 505 2550 574 ἐκείνῳ,
2572 505 2746 575 θριξὶν
2773 505 2950 568 ὁσίαις
2976 504 3144 558 αὑτοῦ
3163 505 3258 558 καὶ
3288 505 3434 558 κόνει
3457 507 3586 575 ἁγια
3599 508 3736 572 τθὲν,

2160 596 2254 648 καὶ
2285 597 2359 659 ὡς
2401 597 2542 650 πιὼν
2573 598 2770 650 αὐτίκα
2801 597 2894 651 τοῦ
2927 597 3134 660 πάθους
3184 597 3563 666 ἀπαλλαγείη,
3599 603 3738 652 κατά

2163 689 2328 758 μέρος
2382 691 2560 744 πάντα
2613 691 3026 762 διασημαίνων⁶
3067 693 3196 762 ἑξῆς
3226 691 3284 745 δέ
3341 693 3438 746 καὶ
3493 695 3630 762 πρὸς
3669 697 3734 746 τά

2158 780 2252 833 τοῦ
2283 780 2416 835 Θεοῦ
2453 780 2734 852 θαυμάσια
2767 783 2845 854 τῷ
2892 783 3118 856 ἐπάρχῳ
3166 783 3240 854 μὴ
3278 783 3555 853 ὀλιγώρως
3599 784 3736 854 ἔχειν

2163 873 2515 942 παρεγγυῶν,
2549 875 2642 926 καὶ
2667 876 2793 927 εἴτι
2827 875 2963 945 πρὸς
3008 875 3196 944 ὄνησιν
3227 874 3406 944 ψυχῆς
3435 875 3562 928 ἄλλο
3609 877 3738 928 ὑπο-

2161 963 2365 1026 τιθείς·
2400 965 2461 1018 ού
2495 963 2602 1038 μὴν
2633 965 2770 1018 ἀλλὰ.
2803 966 2899 1020 καὶ
2935 965 3032 1035 τὴν
3066 965 3257 1034 ὑγείαν
3291 965 3439 1036 αὐτῷ
3469 969 3738 1036 ἐπισφρα-

2162 1055 2470 1128 γιζόμενος,
2497 1057 2532 1128 ἦ
2557 1075 2641 1122 τις
2671 1058 2767 1110 καὶ
2789 1058 3093 1129 παρέμεινε
3126 1057 3204 1128 τῷ
3234 1057 3390 1128 ἀνδρὶ
3413 1057 3502 1111 διὰ
3533 1057 3739 1121 τέλους.

2163 1148 2353 1214 Οὕτως
2387 1151 2492 1205 ἀπὸ
2525 1149 2803 1222 μακρόθεν
2824 1149 2941 1222 ᾔδει
2969 1150 3050 1220 τῷ
3083 1149 3354 1221 πνεύματι
3389 1149 3576 1218 σαφῶς
3601 1149 3740 1220 άπερ

2163 1240 2436 1304 ἐϐούλετο,
2474 1241 2571 1295 καὶ
2599 1241 2675 1307 ὡς
2705 1241 2763 1295 ἐν
2789 1239 3088 1312 ὀφθαλμοῖς
3114 1240 3295 1296 πάντα
3319 1239 3489 1308 ἐώρα·
3521 1235 3610 1294 οἷα
3637 1241 3743 1312 γάρ

2163 1330 2326 1386 πάλιν
2347 1333 2546 1386 ἐκεῖνα.

2235 1591 2366 1656 σλζ’.
2405 1593 2580 1646 Νόσου
2606 1595 2736 1647 ποτέ
2763 1593 3016 1664 λοιμικῆς
3041 1592 3360 1662 γενομένης,
3389 1593 3482 1646 καὶ
3515 1594 3626 1646 τῶν
3651 1595 3719 1647 ἀν
3737 1626 3748 1634 υ

2163 1681 2396 1753 θρὼπων
2421 1681 2648 1746 πολλοὺς
2680 1685 3101 1754 ἐπινεμομένης.
3131 1683 3329 1754 συνέϐη
3358 1684 3564 1753 ταύτης
3585 1684 3748 1754 ἔργον

2164 1776 2256 1828 καὶ
2279 1775 2554 1846 θυγατέρα
2583 1775 2728 1838 τινὸς
2756 1776 3028 1846 Εὑαγρίου
3056 1773 3344 1844 γενέσθαι·
3383 1775 3748 1844 Σχολαστικέις

2163 1865 2207 1918 δ’
2227 1861 2294 1936 ἦν
2318 1867 2426 1936 ἀρα
2448 1867 2476 1917 ὀ
2507 1867 2774 1938 Εὐάγριος
2800 1861 2973 1930 οὗτος.
3013 1867 3166 1920 Ἐπεὶ
3195 1867 3252 1920 δέ
3279 1883 3362 1930 τις
3405 1866 3744 1934 Emathio;

2163 1955 2390 2026 Ἕλληνι
2419 1957 2720 2026 τηνικαῦτα
2749 1959 3040 2028 λεγόμενος
3069 1957 3426 2026 προσανέχειν
3451 1957 3658 2027 ἀπάτῃ,
3683 1955 3744 2010 ού

2162 2047 2218 2101 δέ
2256 2048 2386 2117 μίαν
2416 2047 2621 2117 ὑπέστη
2656 2049 2785 2120 περὶ
2815 2051 2882 2102 τὰ
2913 2049 3080 2102 τέκνα
3105 2048 3327 2118 ζημίαν,
3362 2047 3562 2100 είσίασί
3599 2063 3748 2111 τινες

2163 2139 2254 2191 τὸν
2286 2139 2556 2208 Εύάγριον
2602 2138 2849 2209 λογισμοί¹
2877 2137 3244 2210 βλασφημίας,
3275 2133 3364 2191 οἷα
3395 2137 3464 2190 τὰ
3505 2137 3602 2190 τοῦ
3646 2154 3746 2190 πο-

2161 2230 2330 2300 νηροῦ
2363 2231 2692 2300 δελεάματα,
2735 2233 2799 2284 ἐκ
2831 2231 2925 2283 τοῦ
2953 2229 3184 2300 σφοδροῦ
3215 2229 3448 2300 μάλιστα
3479 2229 3610 2298 περὶ
3641 2231 3745 2297 τὴν

2165 2321 2332 2376 παῖδα
2377 2321 2582 2386 πάθους
2615 2322 2692 2393 τῷ
2733 2322 3004 2393 ἀνθρώπῳ
3049 2323 3392 2393 ἐπιφυέντος,
3435 2323 3512 2384 ὡς
3543 2321 3650 2392 ἄρα
3677 2321 3746 2374 τά

2163 2413 2261 2482 τῆς
2293 2412 2591 2484 θρησκείας
2627 2413 2820 2483 ἐκείνῳ
2872 2413 3006 2482 πρὸς
3055 2413 3155 2485 τὴν
3205 2412 3313 2466 τῶν
3341 2413 3544 2466 τέκνων
3596 2411 3742 2483 ζωὴν

2161 2504 2454 2572 ἐπαμύνοι.
2489 2507 2594 2558 Καὶ
2641 2505 2814 2574 μέγαν
2857 2505 2922 2558 ἐκ
2949 2505 3058 2558 τῶν
3091 2505 3350 2558 τοιούτων
3385 2504 3666 2574 λογισμῶν
3711 2507 3744 2576 ἡ

2161 2597 2308 2668 ψυχὴ
2359 2597 2602 2650 κλύδωνα
2647 2597 2741 2650 καὶ
2791 2597 2952 2650 σάλον
2975 2593 3108 2668 εἶχε,
3155 2596 3251 2649 καὶ
3280 2597 3442 2650 πολὺν
3469 2597 3618 2668 αὐτῷ
3651 2599 3744 2650 τὸν

2162 2690 2408 2744 κίνδυνον
2467 2689 2676 2742 ὤδινεν.
2727 2687 2908 2760 Ὅπερ
2975 2689 3064 2742 τὸν
3116 2689 3270 2757 ἅγιον
3323 2689 3403 2759 τῷ
3467 2689 3744 2758 πνεύματι

2163 2782 2380 2850 γνόντα,
2408 2779 2645 2852 δηλῶσαι
2673 2779 2752 2849 τῷ
2782 2779 3057 2849 Εὐαγρίῳ,
3081 2779 3172 2833 καὶ
3201 2778 3308 2848 γάρ
3331 2775 3400 2850 ἦν
3423 2778 3574 2848 αὐτῷ
3599 2781 3740 2850 ροπῇ

2161 2873 2450 2934 διαθέσεως
2510 2870 2821 2927 ἐπικλίνων.
2905 2871 2962 2924 '0
3014 2871 3068 2924 δὲ
3127 2871 3205 2940 τῷ
3269 2871 3362 2924 τοῦ
3415 2870 3743 2942 πράγματος

2163 2965 2450 3036 παραδόξῳ
2485 2963 2877 3030 καταπλαγεὶς,
2913 2965 2993 3016 ὅτι
3023 2965 3166 3035 άπερ
3199 2959 3267 3034 ἦν
3309 2963 3369 3016 ἐν
3400 2963 3558 3034 μυχῷ
3603 2981 3744 3034 καρο

2091 3085 2134 3144 C
2165 3057 2284 3120 δίας
2329 3055 2477 3125 αὐτῷ
2529 3055 2664 3126 δῆλα
2712 3057 2789 3126 τῷ
2831 3057 3056 3125 Συμεὼν
3088 3055 3462 3126 καθειστήκει,
3497 3055 3648 3126 φόϐῳ
3685 3073 3744 3110 τε

2166 3145 2344 3215 πολλῷ
2374 3148 2466 3199 καὶ
2503 3147 2760 3218 μετανοίᾳ
2783 3145 3030 3217 ληφθεὶς,
3058 3147 3232 3200 ἄνεισι
3265 3147 3402 3215 πρὸς
3427 3147 3608 3212 αὑτὸν,
3647 3147 3744 3200 δά-

2161 3253 2322 3306 κρυσι
2350 3235 2554 3306 μᾶλλον
2588 3236 2682 3288 καὶ
2715 3235 2877 3290 πάθει
2905 3236 3086 3306 ψυχῆς
3119 3238 3150 3308 ἥ
3195 3237 3406 3311 γλώττῃ
3436 3237 3607 3291 ταῦτα
3649 3238 3744 3290 καὶ

2161 3328 2393 3398 χείλεσιν
2439 3327 2952 3398 ἐξομολογούμενος.
3003 3327 3344 3398 Συγγνώμης
3399 3330 3532 3396 παρ’
3573 3327 3740 3381 αὐτοῦ

2161 3420 2360 3483 τοίνυν,
2412 3421 2474 3472 οὐ
2529 3420 2635 3490 μὴν
2687 3419 2824 3473 ἀλλά
2879 3419 2974 3473 καὶ
3030 3421 3340 3490 φαρμάκων
3387 3419 3601 3473 οἰκείων
3643 3417 3741 3472 τοῦ

2163 3511 2386 3583 ἁμαρτή
2396 3529 2562 3581 ματος
2591 3513 2790 3583 τυχὼν,
2819 3512 3104 3583 ἐπανήκει.

2237 3779 2371 3849 σλη’.
2403 3781 2634 3835 Ἔπειτα
2670 3781 2852 3850 μέντοι
2886 3781 3084 3852 συνέϐη
3118 3783 3242 3837 τι.νά
3277 3783 3610 3838 διασαπέντα
3645 3786 3746 3858 τὴν

2161 3873 2360 3937 δεξιὰν,
2394 3875 2529 3945 πρός
2557 3891 2615 3926 τε
2645 3874 2735 3926 τὸν
2774 3875 2927 3943 ἅγιον
2957 3875 3270 3942 ἀνελθόντα,
3305 3878 3399 3930 καὶ
3445 3879 3747 3950 θεραπείας

2164 3963 2293 4036 παρ’
2323 3963 2487 4018 αὐτοῦ
2518 3966 2769 4035 τυχόντα,
2803 3967 3082 4018 ἐπανιέναι
3103 3979 3118 3994 ⁸
3145 3967 3344 4021 Κίλικα
3369 3967 3426 4020 δέ
3447 3985 3566 4022 τινα
3588 3971 3748 4039 παρα

2162 4055 2262 4125 τὴν
2293 4055 2410 4108 ὁδὸν
2431 4055 2680 4126 πλινθείᾳ
2711 4057 3140 4126 προστετηκότα,
3171 4057 3427 4126 ἐρόμενον
3449 4058 3570 4112 ὅθεν
3591 4059 3744 4129 ἥκοι,

2163 4146 2258 4198 καὶ
2284 4146 2520 4215 μαθόντα
2543 4147 2665 4200 ὅτου
2699 4147 2880 4216 χάριν,
2904 4147 3020 4208 οἵας
3047 4163 3108 4199 τε
3141 4147 3438 4216 θεραπείας
3457 4148 3609 4216 τύχοι
3635 4165 3650 4178 ·
3678 4149 3746 4200 Τί

2166 4237 2742 4306 πεπλ.άνησθε,φάναι,
2770 4239 2908 4308 πρὸς
2953 4237 3242 4307 ἄνθρωπον
3275 4240 3550 4304 ἀπιόντες,
3597 4257 3748 4310 φαρ-

2171 4331 2422 4400 μακείαις
2451 4331 2516 4382 τὰ
2545 4329 2768 4383 τοιαῦτα
2794 4329 3012 4400 μᾶλλον,
3039 4331 3071 4401 ἢ
3101 4329 3274 4394 θείαις
3301 4333 3600 4402 ἐνεργείαις
3627 4337 3752 4386 ἐπι-

2164 4419 2420 4472 τελοῦντα
2445 4437 2458 4485 ;
2493 4421 2602 4471 Καὶ
2633 4419 2828 4472 αὐτίκα
2861 4419 2937 4492 τῷ
2967 4420 3150 4473 Κίλικι
3179 4419 3499 4491 διεφθάρθαι
3531 4421 3634 4492 τὴν
3657 4423 3748 4476 δε-

2166 4511 2307 4576 ξιὰν,
2341 4495 2436 4579 τῆς
2471 4511 2642 4580 αὐτῆς
2687 4511 2880 4581 ἐκείνῳ
2912 4513 3151 4582 σαπρίας
3183 4513 3497 4582 περιφανῶς
3531 4515 3748 4569 ἀναπε-

2167 4601 2506 4673 πλησμένην,
2540 4604 2627 4655 ἐπ’
2653 4604 2812 4656 αὐτὸν
2843 4605 3032 4672 ὥσπερ
3057 4603 3149 4657 τοῦ
3181 4604 3383 4668 πάθους
3409 4607 3752 4675 μεταπεσόν-

2165 4713 2276 4758 τος.
2320 4696 2377 4748 '0
2430 4697 2528 4765 μὲν
2580 4693 2671 4749 οὖν
2717 4695 2874 4761 Κίλιξ
2928 4697 3048 4750 οὐδὲ
3093 4697 3266 4772 ταύτῃ
3313 4699 3569 4768 συνῆκεν,
3627 4699 3748 4752 ἀλλ’

2171 4786 2374 4855 ἰατροῖς
2405 4786 2603 4856 μᾶλλον
2633 4787 2725 4840 καὶ
2747 4787 2962 4856 τέχναις
2992 4788 3182 4841 ἑαυτὸν
3209 4787 3516 4844 ἐκδεδὼκει.
3563 4788 3656 4852 Ὦς
3683 4788 3748 4842 δὲ

2161 4879 2226 4946 τῇ
2263 4879 2408 4948 χειρὶ
2459 4881 3034 4949 προσαναλισκομένην
3087 4881 3234 4950 ἐώρα
3267 4879 3361 4933 καὶ
3399 4879 3497 4948 τὴν
3531 4879 3746 4944 οὐσίαν,

2160 4969 2316 5032 ἐλπίς
2349 4985 2405 5021 τε
2434 4969 2656 5036 οὐδεμία
2688 4969 2850 5022 ποθὲν
2879 4969 3251 5036 ὑπολέλειπτο,
3284 4971 3424 5038 ἔγνω
3455 4971 3546 5022 καὶ
3577 4972 3750 5033 αὐτὸς

2161 5059 2271 5134 (οἷα
2299 5062 2368 5114 τὰ
2401 5062 2510 5114 τῶν
2538 5063 2874 5134 πιεζομένων
2900 5063 3107 5134 ψυχῶν,
3143 5065 3231 5116 ὅτε
3252 5065 3431 5117 πᾶσαν
3462 5063 3584 5117 καθ’
3615 5065 3748 5116 ἐαυο

2159 5153 2258 5217 τὰς
2310 5155 2613 5222 φιλοπόνως
2665 5155 2997 5225 ἀνερευνῶσι
3049 5155 3140 5208 τοῦ
3195 5155 3490 5218 λυποῦντος
3535 5157 3750 5228 αἰτίαν)

2157 5245 2363 5300 ἔκτισιν
2398 5243 2538 5300 εἶναι
2584 5248 2682 5317 τῆς
2723 5251 2802 5310 είς
2833 5248 2926 5300 τὸν
2957 5250 3097 5301 θεῖον
3141 5247 3364 5317 Συμεὼν
3411 5247 3748 5317 λαληθείσης

2158 5340 2289 5408 παρ’
2322 5337 2487 5391 αὐτοῦ
2515 5339 2728 5402 ἀδικίας
2753 5356 2766 5370 °
2811 5341 2906 5392 καὶ
2933 5339 3007 5400 ὼς
3032 5335 3176 5408 εἶχεν
3203 5339 3364 5402 εὐθὺς
3395 5339 3569 5392 ἄνεισι
3603 5341 3744 5408 πρὸς

2155 5428 2338 5491 αὑτὸν,
2362 5429 2508 5490 ὅπως
2542 5428 2742 5490 ἀθλίως
2772 5427 2885 5498 ἔχοι
2913 5427 3146 5494 δεικνὺς,
3180 5427 3364 5481 οἴκτου
3395 5445 3453 5480 τε
3481 5429 3584 5497 τῆς
3611 5446 3720 5497 συμ
3743 5459 3754 5467 -

2155 5519 2328 5588 φορᾶς
2361 5521 2542 5589 τυχεῖν
2583 5519 2735 5583 ἀξίου
2765 5518 3035 5587 δεόμενος.
3071 5519 3178 5573 Καὶ
3208 5519 3286 5584 ὃς,
3312 5513 3498 5573 Ἦπου
3531 5517 3744 5588 ταύτην

2157 5646 2352 5690 narrat
2383 5637 2470 5690 lib.
2500 5637 2708 5708 ultimo,
2741 5637 3030 5708 penultimo
3059 5655 3158 5708 cap
3179 5637 3305 5691 .Nos
3357 5637 3423 5691 de
3448 5637 3546 5690 illo
3597 5641 3742 5707 dra.-

2163 5723 2261 5778 (μω
2285 5709 2494 5777 scriptis
2529 5707 2758 5760 adhunc
2785 5711 2948 5763 vitam
2975 5708 3002 5778 §
3035 5709 3067 5764 6
3098 5707 3338 5780 pluribus
3369 5711 3593 5790 egimus.
