4044 6208
292 253 434 320 3205

1353 250 1528 312 VITA
1568 247 1613 309 A
1654 246 2096 311 NICEPHORO
2133 249 2625 314 CONSCRIPTA.

3430 256 3570 321 32:36

291 379 470 442 ἔγωγε
495 365 612 425 οῖδα
647 369 745 442 τὴν
770 367 951 436 δεξιὰν
982 366 1268 439 εἴσπραξιν
1297 365 1463 422 οὖσαν
1494 369 1593 439 τῆς
1620 368 1747 440 περ)⁵
1783 367 1883 438 τὴν

2006 363 2310 429 istendens,
2348 380 2413 420 ac
2460 366 2898 425 misericordiam
2948 371 3268 442 implorans.
3307 373 3408 429 Cui
3442 395 3572 433 εει.-

294 463 543 532 γλῶτταν
579 459 906 522 ἀκολασίας·
950 459 1064 512 ἀλλ’
1095 459 1454 529 έξαγόρευσον
1501 459 1643 512 κατὰ⁹
1683 457 1878 511 σαυτοῦ

294 553 394 624 τὴν
442 550 716 622 ἁμαρτίαν
772 567 864 603 σου
927 550 1132 620 Κυρίῳ,
1179 552 1273 603 καὶ
1321 549 1480 612 αὐτὸς
1531 549 1736 619 ἀφήσει
1785 547 1882 616 τὴν

298 645 557 702 ἀσέϐειαν
584 645 685 714 τῆς
722 644 949 716 καρδίας
987 662 1101 698 σου.
1146 644 1204 697 Ὀ
1238 645 1336 714 μὲν
1365 639 1458 696 οὖν
1490 643 1664 714 πικρᾷ
1713 658 1880 712 μετα-

298 739 495 809 μελείᾳ
535 737 712 808 ψυχῆς
751 736 1313 808 ἐξομολογησάμενος,
1347 735 1652 806 πικρότερά
1697 751 1756 786 τε
1788 733 1882 786 δά-

300 849 444 904 κρυα
500 830 798 899 καταχέας,
855 829 985 900 εὐχῇ
1035 829 1128 882 καὶ
1155 830 1458 899 Δεσποτικῇ
1494 826 1745 896 σφραγῖδι
1786 826 1886 895 τὴν

306 923 452 976 ἴασιν
506 921 641 991 ὁμοῦ
686 921 780 974 καὶ
819 921 918 991 τὴν
971 920 1186 988 ἄφεσιν,
1227 921 1260 990 ἦ
1311 937 1396 984 τις
1443 919 1624 990 πολλῷ
1661 919 1755 972 καὶ⁵
1787 919 1886 988 τῆς

306 1010 502 1074 ἰάσεώς
532 1012 648 1063 ἐστι
681 1009 903 1080 μείζων,
932 1010 1132 1076 λαϐὼν,
1164 1011 1444 1065 ἐπάνεισιν
1465 1027 1478 1042 ·
1512 1010 1656 1064 οὕτω
1696 1009 1880 1080 σῶμα·

305 1119 394 1165 τος
452 1103 606 1166 νόσος
644 1101 832 1170 ὑγείαν
875 1103 1020 1172 ψυχῇ
1062 1101 1364 1172 χαρίζεται,
1398 1104 1490 1156 καὶ
1519 1101 1605 1155 διὰ
1643 1101 1752 1154 τῶν
1790 1101 1884 1153 λυ-

307 1194 554 1248 πούντων
606 1191 714 1248 οἶδε
781 1195 1040 1259 πολλάκις
1103 1197 1378 1267 σωτηρίαν
1437 1196 1570 1259 Θεὸς
1630 1211 1889 1268 πραγμα-

305 1285 581 1340 τεύεσθαι.

380 1459 512 1514 σλθ’.
546 1460 768 1516 Πλέοντι
817 1463 874 1516 δέ
904 1481 1031 1517 ποτε
1061 1465 1138 1533 τῷ
1163 1464 1421 1536 Δωροθέῳ
1440 1481 1454 1493 ·
1481 1462 1548 1534 ἦν
1573 1464 1628 1518 δὲ
1652 1463 1757 1534 τῆς
1787 1464 1892 1516 ὑπὸ

305 1551 386 1623 τῷ
409 1551 634 1623 Συμεὼν
665 1553 1022 1624 ἀδελφότητος
1051 1558 1079 1608 ό
1103 1557 1378 1628 Δωρόθεος
1409 1553 1584 1622 οὗτος,
1626 1557 1890 1627 ἱερωσύνῃ

309 1644 723 1714 κεκοσμημένος
747 1661 760 1674 ·
796 1646 1011 1699 πλέοντι
1069 1648 1114 1700 δ’
1143 1646 1255 1711 οὖν,
1280 1648 1339 1700 οὑ
1377 1649 1474 1702 σὺν
1506 1646 1644 1718 ὥρᾳ,
1681 1648 1796 1700 ἀλλ’
1835 1650 1892 1700 ὲν

311 1737 542 1806 χειμῶνι
590 1737 741 1808 μέσῳ
799 1736 1008 1806 (ἐποίει
1055 1739 1163 1810 γὰρ
1191 1740 1340 1810 παρὰ
1372 1740 1560 1811 καιρὸν
1589 1741 1778 1794 ἑαυτὸν
1815 1741 1893 1810 τῷ

313 1827 540 1896 πελάγει
576 1827 854 1882 πιστεύειν
877 1830 910 1900 ὴ
942 1829 1076 1899 πρὸς
1099 1831 1188 1884 τὸν
1214 1830 1370 1902 ἅγιον
1394 1832 1597 1896 πίστις,
1627 1832 1688 1884 τὸ
1717 1832 1896 1901 ἀσφαο

315 1919 402 1983 λὲς
437 1919 627 1990 ὥσπερ
657 1919 867 1973 ἐκεῖθεν
901 1921 1222 1993 ἐγγυωμένη
1242 1926 1284 1994 ),
1309 1923 1381 1986 ὼς
1413 1923 1516 1994 ἤδη
1560 1923 1701 1976 κατά
1731 1924 1896 1993 μέσον

313 2010 406 2064 τὸν
433 2009 600 2064 πλοῦν
645 2012 907 2079 ἐγεγόνει,
934 2013 1142 2066 κλύδων
1173 2014 1324 2084 αὑτῷ
1357 2014 1660 2085 συμπίπτει
1699 2013 1895 2078 δεινὸς,

315 2101 424 2156 τῶν
480 2104 804 2173 πνευμάτων
865 2105 1202 2175 πανταχόθεν
1244 2106 1662 2170 ἀντιπνεόντων,
1705 2106 1798 2160 τοῦ
1837 2123 1896 2160 τε

317 2195 558 2262 κύματος
611 2196 736 2256 τοὺς
769 2195 987 2264 τοίχους
1025 2197 1144 2264 τῆς
1185 2197 1320 2261 νεὼς
1347 2197 1895 2268 ὑπεραναὸαίνοντος,

317 2287 413 2339 καὶ
444 2287 524 2348 είς
557 2286 727 2356 μέσην
760 2286 929 2356 αὐτὴν
959 2287 1342 2357 ἐμπίπτοντος.
1380 2289 1482 2341 Τὸν
1519 2289 1618 2358 μὲν
1641 2285 1735 2343 οὖν
1765 2290 1897 2344 ναύ-

317 2375 522 2447 κληρον
576 2378 666 2430 καὶ
710 2377 836 2442 τοὺς
879 2379 1252 2447 συμπλέοντας
1291 2379 1602 2448 ἀπόγνωσις
1635 2375 1771 2449 εἶχε,
1803 2381 1898 2436 καὶ

317 2468 602 2537 διαφυγεῖν
636 2471 841 2523 ἐκεῖνον
870 2470 1042 2533 οὐδεὶς
1065 2470 1153 2523 τὸν
1187 2470 1428 2525 κίνδυνον
1469 2472 1636 2543 ᾤετο·
1671 2476 1699 2527 ὁ
1731 2473 1787 2526 δὲ
1823 2474 1900 2546 μὴ

321 2560 718 2627 ἀπογινώσκειν
747 2562 926 2631 ἠξίου,
958 2563 1093 2616 ἀλλά
1122 2562 1216 2616 τοῦ
1251 2563 1396 2617 θείου
1433 2563 1655 2634 Συμεὼν
1691 2565 1900 2620 δεῖσθαι

325 2651 545 2721 μᾶλλον,
567 2651 660 2705 τοῦ
683 2654 776 2706 καὶ
802 2654 963 2724 μόνου
996 2653 1190 2718 σώζειν
1221 2655 1329 2708 ἀπὸ
1349 2654 1603 2708 τοσούτου
1633 2656 1902 2722 κλύδωνος

320 2746 638 2816 δυναμένου.
669 2744 798 2800 Εἶτα
823 2748 917 2801 καὶ
944 2749 1039 2818 τῆς
1065 2749 1274 2802 ἐκείνου
1298 2749 1499 2812 κόνεως
1525 2749 1722 2814 λαϐὼν,
1752 2751 1813 2804 τό
1842 2767 1900 2803 τε

322 2836 505 2891 πλοῖον
533 2838 900 2908 διαρραντίζει
941 2841 1036 2892 καὶ
1076 2843 1306 2910 καταχεῖ
1334 2842 1430 2909 τῆς
1463 2841 1737 2912 Θαλάσσης
1758 2858 1773 2873 °
1805 2843 1902 2894 αύ-

323 2929 556 2996 τομάτου
591 2929 647 2983 δὲ
679 2929 786 2982 τῶν
817 2932 874 2982 έν
908 2930 986 2998 τῷ
1014 2929 1181 2999 πλοίῳ
1217 2930 1434 2983 πάντων
1473 2931 1701 2994 εὐωδίας
1739 2933 1900 2995 εὐθὺς

1985 467 2150 511 ctus:
2190 457 2324 528 Novi
2377 459 2571 529 utique
2622 460 2766 515 hanc
2793 462 3076 518 dexteram
3111 481 3210 534 pro
3248 465 3460 522 ultione
3486 469 3573 523 in-

1987 549 2350 615 temperantis
2400 549 2600 619 lingua:
2661 561 2770 606 tua:
2831 569 2994 620 esse;
3050 572 3243 610 verum
3311 561 3576 614 confitere

1984 637 2278 691 adversum
2319 647 2369 692 te
2405 652 2694 708 peccatum
2733 651 2887 697 tuum
2937 646 3192 713 Domino,
3227 657 3284 702 et
3343 650 3459 720 ipse
3489 653 3577 705 di-

1986 728 2171 782 mittet
2231 727 2580 798 iniquitatem
2643 733 2827 787 cordis
2879 734 2979 788 tui.
3044 735 3344 792 Confessus
3392 739 3579 809 itaque

1986 835 2175 882 amara
2216 834 2343 874 cum
2379 822 2725 892 pwnitu‘diue
2771 827 2968 880 animae
3022 827 3387 898 lacrymisque
3423 848 3580 886 ama-

1993 911 2260 978 rioribus,
2330 929 2430 982 per
2500 916 2674 969 sancti
2727 917 3099 985 precationem
3161 928 3326 988 atque
3397 924 3580 978 crucis

1989 1001 2290 1057 Dominica:
2332 1003 2573 1074 signum,
2611 1004 2882 1074 integram
2935 1021 3179 1070 manum,
3233 1019 3290 1062 et
3327 1011 3474 1078 quod
3502 1012 3582 1067 illi

1989 1101 2231 1160 praistat,
2282 1094 2493 1162 peccati
2532 1095 2915 1150 remissionem
2945 1108 3276 1154 consecutus
3305 1111 3389 1155 est
3413 1113 3584 1171 atque

1991 1183 2238 1237 revertit.
2293 1184 2372 1238 Ita
2414 1185 2665 1254 corporis
2717 1187 2987 1256 mgritudo
3040 1189 3330 1244 sanitatem
3381 1193 3580 1245 animus

1993 1291 2387 1345 nonnunquam
2433 1276 2689 1342 confert;
2720 1287 2776 1332 et
2819 1294 2916 1347 per
2961 1295 3120 1335 casus
3154 1281 3458 1346 luctuosos,
3488 1301 3576 1338 sa-

1994 1367 2100 1420 luti
2143 1383 2288 1437 saepe
2321 1369 2562 1422 consulit
2597 1370 2763 1424 Dens.

2063 1461 2191 1515 239.
2233 1461 2615 1530 Navigandum
2647 1463 2942 1532 aliquando
2991 1465 3092 1520 fuit
3136 1467 3413 1523 Dorotlieo
3445 1469 3584 1539 (erat

1996 1551 2042 1605 is
2087 1567 2117 1605 e
2157 1551 2422 1606 fratribus
2476 1554 2652 1607 sancti
2710 1553 2999 1625 Symeouis
3055 1575 3217 1623 unns,
3265 1561 3577 1616 sacerdotio

1998 1642 2267 1712 initiatus)
2311 1645 2703 1715 navigandum,
2757 1647 3002 1717 inquam,
3049 1649 3152 1704 fuit
3205 1661 3451 1722 tempore
3485 1654 3586 1707 im-

1996 1744 2236 1804 portuno
2295 1744 2352 1789 et
2391 1736 2570 1791 media
2623 1737 2803 1793 hieme
2839 1757 2851 1792 :
2885 1741 2978 1794 sed
3027 1741 3234 1798 fecerat
3290 1743 3488 1799 ﬁducia
3530 1746 3585 1799 in

1996 1836 2269 1891 sanctum,
2328 1827 2514 1882 omnia
2563 1845 2759 1884 secura
2811 1833 3098 1901 pollicens,
3157 1845 3216 1890 ut
3263 1845 3587 1906 tempestate

1999 1927 2107 1971 tam
2156 1918 2509 1974 incommoda
2561 1922 2702 1975 mari
2766 1939 2825 1977 se
2870 1926 3260 1982 committeret.
3312 1929 3414 1988 Ubi
3457 1948 3588 1984 vero

2000 2011 2249 2065 medium
2293 2013 2406 2083 jam
2457 2013 2810 2070 absolverant
2853 2032 3101 2082 cursum,
3139 2021 3317 2074 valida
3357 2023 3590 2093 insurgit

1998 2110 2316 2173 tempestas,
2340 2107 2522 2160 ventis
2544 2107 2910 2177 undequaque
2938 2111 3082 2164 inter
3105 2127 3163 2166 se
3191 2113 3355 2168 veluti
3385 2115 3586 2169 bellum

1949 2224 1953 2228 -
1998 2195 2342 2264 gerentibus,
2387 2211 2451 2251 ac
2492 2196 2756 2252 fluctibus
2804 2199 2976 2254 latera
3008 2203 3164 2256 navis
3192 2204 3590 2261 excedentibus

2001 2285 2056 2339 in
2096 2285 2446 2356 mediamque
2483 2287 2907 2344 infundentibus
2935 2306 3076 2346 sese.
3123 2292 3337 2348 Invadit
3363 2297 3589 2349 naucle-

2001 2393 2124 2432 rum
2160 2386 2522 2448 vectoresque
2575 2379 2910 2450 desperatio,
2960 2385 3164 2438 nullam
3197 2386 3466 2441 evadendi
3505 2387 3588 2442 di-

1999 2468 2238 2524 scrimen
2266 2484 2556 2539 superesse
2587 2473 2732 2526 viam
2764 2475 3144 2532 existimantes
3180 2495 3193 2531 :
3230 2495 3373 2532 unus
3415 2479 3585 2533 Dom-

2001 2559 2167 2613 theus
2193 2559 2440 2629 rogabat,
2479 2571 2537 2614 ut
2575 2577 2643 2616 ne
2664 2563 3046 2633 desperatione
3081 2567 3343 2621 caderent
3371 2569 3591 2632 animis,

2001 2649 2098 2703 sed
2148 2661 2402 2704 sanetum
2450 2651 2635 2720 potius
2671 2653 3037 2722 implorarent
3086 2656 3440 2726 Synteoncm;
3476 2659 3597 2727 ejus

2003 2741 2179 2796 solius
2232 2743 2478 2812 potentia
2530 2745 2691 2798 evadi
2729 2754 3110 2816 tempestatem
3169 2763 3350 2817 posse.
3390 2751 3595 2807 Deinde

2002 2833 2248 2901 pulveris
2271 2834 2417 2888 illius
2437 2835 2644 2904 aliquid
2672 2851 2770 2904 per
2799 2837 2980 2889 navim
3013 2840 3220 2906 spargit
3247 2840 3594 2910 effunditque

2005 2923 2059 2976 in
2107 2939 2303 2989 mare;
2355 2933 2411 2979 et
2446 2927 2663 2980 cunctis
2697 2942 2822 2980 mox
2858 2928 3196 2989 victoribus.
3240 2932 3388 2986 nulla
3431 2949 3598 3002 appa—

323 3017 680 3087 αἰσθομένων,
711 3018 805 3070 καὶ
836 3017 902 3070 τά
940 3019 1040 3087 τῆς
1065 3018 1214 3081 Θείας
1245 3017 1470 3088 χάριτος
1503 3019 1706 3081 εἵπετο,
1741 3018 1775 3089 ἠ
1809 3019 1902 3072 καὶ

2008 3022 2164 3068 rente
2199 3029 2267 3068 ex
2303 3030 2488 3076 causa,
2525 3017 2818 3086 quamdam
2853 3018 3041 3073 odoris
3080 3020 3432 3090 fragrantiam
3472 3039 3596 3076 sen-

327 3109 537 3177 πέφυκε
581 3110 862 3178 προοίμιον
901 3109 1158 3172 πολλάκις
1198 3111 1298 3182 τὴν
1336 3111 1566 3164 εὐωδίαν
1609 3109 1902 3176 ποιεῖσθαι,

325 3201 385 3253 τὸ
413 3201 612 3263 εὑιὶδες
635 3200 824 3272 ὥσπερ
864 3203 958 3256 καὶ
997 3202 1139 3256 θεῖον
1177 3204 1379 3273 ἑαυτῆς
1407 3203 1800 3273 ὑποφαίνουσα.
1841 3203 1906 3256 Ἦ

331 3291 429 3359 μὲν
451 3288 542 3343 οὖν
567 3289 810 3344 θάλασσα
833 3292 1156 3363 ἐτραχύνετο
1186 3293 1582 3362 παραπλησίως
1611 3293 1738 3364 ἄχρι
1765 3293 1906 3358 τινὸς

328 3382 423 3434 καὶ
467 3382 663 3444 ςέουσα
697 3382 887 3446 δεινῶς
919 3379 1007 3454 ἦν,
1041 3385 1110 3437 τὰ
1137 3384 1357 3453 κύματα
1407 3384 1462 3436 δὲ
1509 3386 1569 3437 οὑ
1620 3385 1762 3438 κατά
1807 3387 1908 3457 τὴν

329 3472 540 3527 ἑαυτῶν
572 3473 690 3544 βίαν
726 3475 1059 3544 προσέϐαλλε
1088 3478 1155 3543 τῇ
1189 3475 1298 3546 νηῒ,
1335 3475 1451 3529 ἀλλ’
1479 3472 1589 3529 οἷον
1621 3478 1789 3530 ἑαυτά
1811 3479 1911 3530 έπ-

328 3569 497 3635 εἶχεν,
525 3564 898 3635 εὐλαϐούμενα
921 3566 1171 3637 καθάπερ
1200 3567 1232 3636 ἢ
1266 3567 1493 3622 δεδιότα.
1521 3569 1676 3621 Μετὰ
1713 3570 1910 3639 μικρὸν

330 3655 388 3709 δὲ
437 3654 530 3708 τοῦ
574 3655 841 3719 κλύδωνος
881 3655 1195 3720 ὑπανέντος,
1259 3659 1383 3710 πνεῖ
1437 3657 1537 3727 μὲν
1591 3657 1788 3729 ἀθρόον
1846 3661 1910 3712 ἐκ

332 3749 587 3818 πρύμνης
631 3749 850 3819 ἄνεμος,
889 3750 938 3802 oi
983 3748 1040 3800 δὲ
1083 3749 1149 3801 δι’
1175 3748 1446 3819 ἀκύμονος
1488 3753 1588 3820 τῆς
1631 3750 1909 3822 θαλάσσης

332 3838 429 3892 καὶ
459 3838 630 3905 λείας,
662 3841 828 3892 πᾶσιν
862 3839 1050 3902 ίστίοις
1075 3840 1364 3907 ἐφέροντο·
1399 3839 1494 3892 καὶ
1527 3841 1651 3904 τοὺς
1684 3842 1782 3910 μὲν
1808 3845 1911 3912 έμ-

331 3929 595 3994 πλέοντας
642 3930 851 4000 θάμὸος
904 3924 1015 3984 εἷλε
1061 3929 1138 4000 τῷ
1166 3929 1447 4001 παραδόξῳ
1485 3931 1582 4000 τῆς
1614 3935 1909 4003 σωτηρίας,

333 4023 428 4075 καὶ
457 4023 629 4087 οὐδεὶς
660 4017 726 4095 ἦν
752 4023 810 4086 ὃς
831 4023 891 4076 οὐ
921 4023 1092 4094 δῶρον
1118 4023 1379 4093 ἄντικρυς
1405 4023 1596 4076 ἑαυτὸν
1623 4024 1718 4076 τοῦ
1753 4025 1911 4091 ἁγίου

331 4112 525 4186 ἧγητο.

409 4305 516 4368 σμ’.
548 4299 606 4352 '0
620 4299 674 4352 δὲ
691 4299 1025 4376 ναύκληρος(
1039 4301 1199 4354 παῖδα
1223 4298 1332 4370 γὰρ
1355 4298 1539 4352 οἴκαδε
1562 4299 1911 4352 ἀπολελοίπει

2009 3105 2293 3172 tientibus,
2325 3108 2501 3178 gratia
2553 3108 2739 3162 divina
2775 3110 3071 3164 subsecuta
3104 3121 3189 3166 est
3233 3130 3245 3164 :
3277 3112 3418 3167 solet
3446 3115 3596 3167 cnim

2009 3195 2100 3252 illa
2148 3213 2259 3252 non
2305 3213 2431 3253 raro
2481 3200 2743 3269 przeviam
2781 3201 3072 3269 quamdam
3114 3202 3305 3257 odoris
3353 3205 3594 3258 suavita-

2011 3295 2120 3343 tem
2153 3289 2419 3354 excitare,
2473 3290 2723 3345 divinum
2769 3291 3054 3362 quidpiam
3090 3308 3147 3348 se
3182 3294 3466 3349 continere
3496 3295 3597 3348 dt:-

2009 3390 2340 3436 monstrans.
2375 3381 2547 3452 Igitur
2577 3383 2841 3453 pergebat
2893 3399 3045 3439 mare
3097 3385 3280 3454 aliquo
3327 3395 3594 3456 tempore,

2011 3481 2072 3526 ut
2136 3481 2406 3542 cmperat,
2458 3474 2645 3528 furere
2692 3483 2747 3528 et
2799 3475 3158 3529 vehementer
3195 3485 3478 3532 :estuare:
3541 3492 3595 3531 ιιι

2010 3562 2210 3616 fluctus
2252 3578 2384 3627 non,
2416 3574 2471 3616 ut
2526 3563 2740 3618 ferebat
2789 3566 3067 3619 violentus
3101 3566 3359 3636 impetus,
3394 3570 3597 3638 impin-

2011 3653 2212 3721 gebant
2247 3654 2300 3706 in
2341 3655 2550 3717 navim,
2584 3655 2681 3710 sed
2707 3657 3041 3711 cohibebant
3074 3673 3152 3722 se,
3177 3659 3343 3712 veluti
3372 3677 3600 3715 venera-

2010 3743 2180 3797 bundi
2209 3752 2305 3796 aut
2327 3754 2659 3799 metuentes.
2688 3748 2855 3801 Paulo
2872 3757 2993 3816 post
3012 3749 3244 3804 remisso
3260 3755 3598 3821 tempestatis

2012 3821 2220 3894 furore,
2280 3833 2491 3901 spirare
2560 3837 2730 3906 etrapit
2793 3848 3019 3906 repente
3083 3849 3280 3895 ventus
3313 3857 3354 3897 'e
3403 3847 3596 3914 puppi,

2012 3922 2445 3992 ferebanturque
2491 3936 2683 3994 pacate
2713 3942 2776 3981 ac
2830 3929 2992 3997 plano
3029 3931 3166 3983 mari
3214 3932 3394 4001 plenis
3439 3936 3595 4000 velis,

2013 4015 2363 4069 tremebundi
2396 4031 2461 4072 ac
2492 4018 2696 4086 pavidi,
2720 4019 2792 4073 ob
2818 4029 2925 4074 tam
2950 4021 3384 4092 inexspectatum
3408 4026 3600 4082 salutis

2014 4116 2351 4177 recuperata:
2389 4111 2703 4182 prodigium
2753 4131 2765 4167 :
2829 4129 2932 4168 nec
2979 4116 3124 4171 ullus
3177 4115 3299 4181 fuit,
3336 4120 3429 4188 qui
3485 4137 3596 4175 non

2013 4209 2295 4270 reputaret
2342 4215 2400 4255 se
2439 4203 2544 4256 sibi
2583 4204 2728 4259 dono
2767 4205 2942 4260 sancti
2999 4218 3406 4262 conservatum.

2084 4289 2209 4344 240.
2243 4290 2415 4346 Porro
2439 4295 2757 4360 nauclerus,
2815 4297 2910 4367 qui
2966 4313 3200 4368 puerum
3260 4299 3407 4354 domi
3469 4301 3597 4355 reli-

339 4389 808 4460 νοσοῦντα),είδὼς
846 4391 924 4462 τῷ
949 4394 1076 4462 περὶ
1102 4393 1264 4447 αὑτὸν
1287 4391 1520 4455 καὶτοὺς
1538 4392 1902 4460 συμπλέοντας

2014 4393 2210 4456 querat
2262 4385 2564 4452 inﬁrmum,
2605 4388 2800 4445 doctus
2861 4391 3130 4445 miraculo
3178 4391 3234 4446 in
3290 4409 3347 4448 se
3372 4391 3599 4464 suisque

341 4482 602 4551 θαύματι,
625 4485 830 4554 ῥᾴστην
859 4484 1005 4554 αὑτῷ
1023 4485 1117 4538 καὶ
1134 4485 1232 4556 τὴν
1250 4484 1344 4538 τοῦ
1364 4486 1572 4547 παιδὸς,
1592 4486 1639 4537 εί
1656 4485 1918 4554 βούλοιτο,

342 4572 642 4643 θεραπείαν
666 4569 824 4626 εἶναι·
862 4575 1081 4628 κάκεῖνο
1115 4576 1204 4628 διὰ
1245 4575 1338 4629 τοῦ
1375 4576 1610 4647 μοναχοῦ
1650 4577 1836 4641 ὲδεῖτο,
1859 4578 1921 4629 τὸ

339 4665 432 4718 τὸν
455 4667 570 4718 υίὸν
597 4667 750 4738 αὑτῷ
775 4667 910 4737 πρὸς
939 4667 1038 4737 τὴν
1061 4668 1239 4720 οίκίαν
1268 4668 1369 4738 ἠδη
1397 4668 1722 4738 ἀναγομένῳ
1744 4669 1920 4731 ζῶντα

340 4775 407 4810 τα
416 4759 722 4828 μιευθῆναι·
743 4759 932 4812 ἐδεδίει
945 4758 1054 4827 γὰρ
1074 4760 1167 4812 τοῦ
1183 4759 1362 4813 κοινοῦ
1379 4760 1477 4831 τῆς
1492 4761 1703 4829 φύσεως
1722 4761 1921 4830 μᾶλλον

342 4847 378 4917 ἢ
399 4849 490 4900 τὸν
515 4849 616 4918 τῆς
633 4849 810 4920 ψυχῆς
835 4848 1085 4915 θάνατον,
1111 4851 1397 4905 ἀτελέστου
1423 4851 1515 4904 τοῦ
1551 4852 1742 4914 παιδὸς
1763 4851 1914 4915 ὄντος

344 4943 426 4992 ἑτι
481 4942 548 4994 τά
593 4941 688 4994 τοῦ
751 4943 893 4996 θείου
929 4943 1326 5013 βαπτίσματος.
1360 4943 1466 4998 Τοῦ
1501 4944 1579 5009 δὲ,
1614 4944 1771 5015 Παρὰ
1834 4945 1918 4996 col.

344 5030 505 5083 τοῦτο
538 5034 716 5084 κεῖται
751 5074 763 5092 ,
808 5033 1076 5096 εἰπόντος,
1108 5035 1156 5086 εί
1185 5034 1331 5098 ζέσει
1353 5034 1447 5086 καί⁵
1478 5035 1658 5087 πίστει
1687 5035 1918 5106 καρδίας

350 5120 510 5188 μόνον
542 5122 842 5196 ὲπικαλέσῃ
878 5123 970 5177 τὸν
1004 5123 1145 5194 ἱερὸν
1171 5123 1420 5194 Συμεὼν,
1463 5125 1678 5196 ὑπόσχῃ
1718 5126 1774 5180 δὲ
1827 5131 1922 5179 καὶ

345 5214 466 5286 Θεῷ
499 5214 589 5267 τὸν
635 5215 798 5268 παῖδα
817 5231 832 5246 ’
869 5216 1073 5278 ἐκεῖνος
1103 5215 1265 5277 εὐθὺς
1292 5215 1528 5286 ἑκάτερα
1553 5216 1778 5286 δράσας,
1807 5216 1920 5270 οὐδ’

342 5298 532 5372 έτέρου
603 5304 997 5375 διαμαρτάνει,
1051 5304 1166 5357 ἀλλ’
1216 5304 1342 5374 ὑγιῆ
1392 5305 1488 5358 τὸν
1543 5305 1656 5356 υἱὸν
1719 5304 1918 5373 εὑρὼν,

348 5399 616 5472 προσάγει
653 5396 774 5469 Θεῷ
821 5397 910 5451 διὰ
942 5398 1036 5452 τοῦ
1065 5393 1464 5468 βαπτίσματος.
1491 5397 1604 5450 Καὶ
1637 5396 1796 5449 τοῦτο
1824 5398 1922 5467 μὲν

344 5487 415 5563 δὴ
440 5488 680 5543 τοιοῦτον
705 5507 719 5521 ·
753 5491 936 5544 ἐκεῖνα
958 5489 1015 5542 δὲ
1046 5487 1163 5550 πῶς
1186 5487 1252 5542 ἄν
1273 5505 1356 5551 τις
1397 5485 1730 5558 παραλιπεῖν
1766 5484 1924 5556 νομί-

344 5600 456 5640 σειε
488 5580 580 5636 διὰ
610 5580 672 5636 τὸ
703 5580 925 5650 πλῆθος,
951 5581 1014 5636 οὑ
1039 5579 1108 5634 τὰ
1126 5580 1358 5651 μεγίστα
1389 5578 1658 5650 ζημιώσει
1689 5593 1704 5642 ;

2017 4481 2338 4535 vectoribus
2365 4482 2532 4546 facto,
2563 4481 2889 4535 facillimum
2923 4483 3154 4552 pua‘ibat
3192 4483 3306 4552 ipse
3345 4500 3488 4547 esse,
3537 4486 3600 4537 ti-

2018 4571 2154 4626 lium
2191 4589 2411 4643 quoque
2437 4589 2598 4627 suum
2633 4588 2868 4638 curare;
2929 4574 3098 4643 idque
3155 4575 3383 4644 rogabat
3413 4590 3602 4628 mona-

2020 4665 2208 4726 chum,
2239 4679 2299 4720 ut
2339 4665 2532 4720 reduci
2574 4665 2680 4720 sibi
2731 4664 2888 4718 illum
2921 4674 3310 4720 conservatum
3373 4667 3427 4720 in
3459 4667 3606 4722 νίνιε

2019 4755 2223 4809 vellet:
2256 4755 2485 4810 timebat
2524 4754 2750 4823 quippe,
2787 4753 2932 4822 quod
2963 4769 3102 4823 puer
3128 4754 3304 4809 sacris
3354 4755 3603 4809 nondum

2022 4848 2244 4901 ablutus
2278 4857 2426 4901 esset
2449 4846 2634 4911 undis,
2659 4845 2855 4900 anima.-
2884 4845 3032 4900 illius
3052 4855 3280 4900 mortem
3309 4847 3604 4918 plusquam

2024 4953 2376 4994 communem
2425 4937 2686 4992 omnibus
2742 4937 3075 4992 naturalem.
3133 4937 3382 5007 Curaque
3429 4939 3608 4994 Doro-

2027 5031 2190 5086 tbeus
2217 5030 2432 5084 diceret
2469 5029 2523 5081 in
2560 5045 2726 5084 manu
2749 5031 2869 5100 ejus
2898 5029 2950 5083 id
2974 5045 3123 5096 esse,
3161 5031 3207 5084 si
3257 5031 3423 5085 modo
3477 5046 3605 5085 cum

2030 5119 2242 5172 fervore
2272 5133 2338 5172 ac
2367 5118 2562 5170 fiducia
2605 5128 2860 5172 sanctum
2892 5118 3605 5190 invocaveritSymeonetu,

2029 5208 2285 5263 etfllium
2337 5210 2448 5263 Deo
2475 5210 2725 5274 voverit;
2773 5212 3030 5280 praestitit
3085 5212 3176 5266 ille
3227 5227 3353 5265 mox
3395 5222 3608 5269 utrum-

2019 5316 2160 5370 que:
2192 5316 2294 5354 nec
2318 5300 2603 5355 fraudatus
2629 5311 2714 5356 est
2745 5303 3040 5372 promisso,
3067 5305 3292 5357 invento
3342 5303 3606 5357 incolumi

2020 5394 2168 5449 domi
2203 5394 2338 5459 filio,
2369 5409 2532 5464 quem
2565 5396 2678 5450 Deo
2716 5412 2816 5465 per
2882 5396 3218 5466 baptismum
3277 5397 3501 5452 obtulit.
3541 5397 3607 5450 Et

2022 5486 2296 5542 hactenus
2329 5486 2553 5557 quidem
2586 5487 2758 5553 illud;
2795 5488 2896 5543 ista
2922 5504 3079 5553 vero,
3133 5505 3257 5558 qua:
3294 5488 3605 5558 subjiciun-

2022 5587 2131 5642 tur,
2165 5579 2211 5632 si
2241 5578 2366 5648 quis
2401 5578 2873 5648 pnetermittenda
2902 5591 3129 5650 propter
3187 5578 3604 5634 multitudinem

2023 5671 2324 5742 putaverit,
2350 5670 2628 5740 quomodo
2646 5686 2753 5724 non
2772 5671 3060 5725 maximam
3075 5673 3220 5742 jactu
3230 5687 3342 5725 ram
3365 5671 3613 5728 dederit?
