4038 6208
491 252 635 312 3207

1710 253 1770 312 S.
1809 253 2186 315 SYMEONIS
2223 250 2586 316 JUNIOBIS

3591 233 3738 295 3208

1907 385 2132 442 CAPUT
2171 385 2340 438 XXX.

1047 491 1302 549 Sacerdos
1344 500 1526 547 sancto
1582 495 1872 563 injuriosus
1919 497 2136 564 punitur
2171 513 2188 549 :
2227 497 2432 562 inﬁrmi
2481 512 2574 566 per
2625 499 2873 550 visionem
2921 505 3200 550 curantur.

564 641 688 696 2H.
718 639 984 695 Sacerdos
1019 638 1246 708 quidam
1275 639 1330 693 in
1369 653 1530 708 pago,
1565 638 1662 708 qui
1711 638 2069 706 nuncupaba-
2101 647 2144 702 Α

494 743 584 788 tur
610 732 796 795 Cassa,
829 731 1058 786 molesta
1081 729 1292 798 proprii
1324 729 1527 784 amoris
1578 728 1868 783 affectione
1907 729 2064 782 labo-

491 838 642 886 rans,
675 819 1196 890 quandoenirabilia
1229 835 1394 888 opera
1433 835 1532 888 per
1555 829 1806 874 sanctum
1843 820 2066 890 Symeo—

491 928 618 968 nem
637 918 848 980 patrata
875 911 960 964 vel
997 909 1360 980 intelligebat,
1388 911 1474 963 vel
1501 911 1668 964 etiam
1695 910 1748 962 in
1775 919 2067 964 transeun-

493 1006 644 1060 tibus
667 1003 792 1058 illac
841 1001 1086 1064 videbat,
1143 1003 1494 1072 iniquitatem
1527 1009 1582 1056 et
1635 1003 1894 1074 injuriam
1951 1009 2068 1055 tota

491 1097 580 1152 die
605 1095 957 1165 loquebatur,
985 1094 1252 1164 diligebat
1279 1095 1544 1148 malitiam
1587 1095 1878 1164 plusquam
1903 1093 2063 1148 boni-

491 1195 658 1240 tatem
690 1193 747 1238 et
777 1183 1107 1253 iniustitiam
1159 1182 1284 1251 plus
1307 1199 1470 1252 quam
1507 1184 1817 1253 justitiam;
1867 1181 2067 1252 dilige-

490 1277 584 1330 bat
611 1275 794 1328 omnia
829 1274 998 1328 verba
1025 1273 1500 1342 prazeipitationis,
1529 1282 1586 1328 et
1625 1275 1868 1342 linguam
1907 1273 2066 1327 dolo-

491 1384 646 1430 sam;
680 1366 942 1434 denique,
978 1367 1248 1419 malevola
1279 1365 1370 1420 illa
1427 1376 1484 1420 et
1539 1366 1801 1420 insidiosa
1855 1365 2066 1420 insania

491 1459 660 1514 veluti
715 1457 977 1511 ducatum
1035 1465 1352 1526 praestante,
1413 1457 1755 1512 anathemati
1813 1465 2064 1510 sanctum

491 1550 750 1618 subjecit.
772 1549 894 1602 Mox
917 1563 1049 1602 vero
1096 1549 1376 1618 ingentem
1433 1548 1703 1618 conspicit
1757 1547 2068 1601 daemonum

493 1641 710 1695 turbam
740 1645 938 1710 (neque
967 1640 1118 1694 enim
1147 1639 1334 1694 divina
1384 1641 1598 1710 justitia
1640 1639 1820 1708 potuit
1861 1639 2068 1694 lentius

490 1749 674 1802 agere,
707 1732 800 1786 ubi
823 1733 1209 1802 longanimitas
1227 1731 1520 1800 profutura
1543 1747 1654 1784 non
1679 1731 1894 1798 fuisset)
1919 1744 2070 1785 com-

493 1823 926 1894 prehendentem
955 1837 1013 1875 se
1047 1833 1103 1876 et
1133 1838 1330 1876 manus
1353 1831 1474 1890 post
1529 1831 1742 1891 tergum
1795 1833 1946 1875 actas
1975 1835 2067 1875 rc-

492 1915 847 1978 vincientem,
879 1914 1020 1968 adeo
1053 1928 1114 1968 ut
1155 1929 1373 1968 sacrum
1436 1913 1795 1982 Evangelium
1863 1911 2068 1981 populo

2248 639 2394 709 σμα’.
2446 639 2646 707 Ἰερεὺς
2677 637 2784 710 γάρ
2811 656 2896 701 τις
2925 639 2982 691 ὲν
3013 635 3174 708 κώμῃ
3209 639 3404 708 Καστᾷ
3441 638 3744 714 καλονμὲιῃ

2171 729 2394 800 χαλεπῷ
2451 728 2613 782 πάθει
2660 729 2949 798 φιλαυτίας
2997 727 3276 789 ἑαλωκὼς,
3310 729 3475 796 ἡνίκα
3502 729 3568 782 τὰ
3603 750 3744 803 παρα

2172 821 2266 874 τοῦ
2301 821 2446 873 θείου
2475 819 2702 891 Συμεὼν
2729 821 3050 872 τελεσθέντα
3085 818 3406 888 παραδόξως
3439 821 3474 888 ἢ
3513 824 3676 892 μάθοι
3711 827 3742 896 ἢ

2170 911 2256 965 διὰ
2273 913 2378 964 τῶν
2400 913 2706 983 παριόντων
2723 911 2840 976 ἴδοι,
2859 911 3086 980 ἀνομίαν
3100 912 3226 980 ὅλην
3243 911 3340 982 τὴν
3357 913 3568 983 ἡμέραν
3583 915 3748 984 ἐλογίο

2173 1003 2296 1064 ζετο
2327 1005 2358 1072 ὴ
2393 1002 2614 1070 γλῶσσα
2645 1001 2810 1056 αὑτοῦ
2831 1043 2848 1066 ,
2875 1003 3066 1070 ἠγάπα
3108 1006 3307 1058 κακίαν
3359 1008 3502 1077 ὑπὲρ
3545 1005 3752 1074 ἀγαθωο

2175 1094 2360 1163 σύνην,
2392 1094 2606 1147 ἀδικίαν
2637 1093 2777 1164 ὑπὲρ
2807 1093 2867 1146 τὸ
2904 1093 3136 1162 λαλῆσαι
3165 1097 3532 1168 δικαιοσύνην,
3567 1101 3752 1169 ἠγάπα

2174 1185 2355 1238 πάντα
2407 1187 2630 1255 ῥήματα
2679 1185 3148 1254 καταποντισμοῦ,
3177 1187 3430 1254 γλῶσσαν
3453 1189 3750 1248 δολίαν.κα¹ι

2175 1275 2351 1337 τέλος,
2376 1269 2462 1326 οἷα
2493 1275 2559 1326 τὰ
2599 1275 2697 1342 τῆς
2729 1274 3039 1344 κακούργου
3072 1274 3276 1343 ταύτης
3327 1267 3422 1329 καλ⁴
3464 1276 3751 1329 ἐπιϐούλου

2179 1366 2257 1426 εἰς
2287 1363 2514 1433 ἔσχατον
2549 1363 2808 1426 ἀπονοίας
2839 1367 3311 1434 χειραγωγούσης,
3333 1367 3642 1436 ἀναθέματι
3667 1367 3753 1418 τὸν

2174 1452 2319 1503 ὅσιον
2353 1439 2684 1504 ύποϐάλλει.
2757 1453 2865 1504 Καὶ
2931 1455 3276 1524 παραχρῆμα
3329 1455 3600 1524 δαιμόνων
3657 1456 3756 1524 ὁρᾷ

2175 1543 2376 1612 πλῆθος
2407 1542 2854 1612 (μακροθυμῆσαι
2883 1543 3106 1608 δικαίως
3135 1546 3370 1600 ἐνταῦθα
3403 1549 3504 1600 οὐκ
3525 1550 3756 1616 ἀνασχοο

2183 1635 2349 1705 μένης
2381 1633 2482 1703 τῆς
2549 1633 2726 1702 δίκης,
2763 1636 2897 1688 ὅπου
2947 1635 3022 1705 μὴ
3085 1637 3352 1690 συνοίσειν
3413 1636 3602 1706 ἔμελλε
3649 1640 3762 1699 τοῖς

2176 1727 2391 1788 πολλοῖς
2429 1725 2489 1778 τὸ
2525 1725 2898 1796 μακρόθυμον)
2939 1725 3370 1797 συλλαὸομένους
3411 1727 3576 1781 αὑτὸν
3599 1769 3615 1793 ,
3637 1727 3762 1779 ὀπί-

2178 1837 2254 1874 σω
2304 1837 2364 1874 τε
2417 1819 2494 1873 τὼ
2549 1823 2699 1890 χεῖρε
2741 1822 3176 1891 περιαγαγόντας
3225 1823 3320 1874 καὶ
3363 1822 3658 1892 δήσαντας,
3687 1821 3762 1882 ὼς

2178 1913 2315 1981 μήτε
2363 1912 2424 1964 τὸ
2457 1911 2602 1982 ἱερὸν
2631 1911 2960 1978 Εὑαγγὲλιον
2995 1913 3076 1976 είς
3107 1907 3222 1966 ὦτα
3245 1912 3504 1967 δύνασθαι
3541 1911 3620 1985 τῷ
3651 1911 3764 1981 λαῷ

493 2007 790 2076 praelegere
824 2013 921 2059 aut
973 2003 1216 2058 divinam
1277 2005 1556 2074 liturgiam
1617 2004 1902 2058 celebrare
1959 2019 2070 2058 non

2185 2003 2504 2072 ἀναγνῶναι,
2541 2005 2677 2074 μήτε
2723 2005 2822 2074 τὴν
2887 2004 3040 2056 θείαν
3086 2005 3394 2058 ἐπιτελέσαι
3467 2021 3762 2074 μυσταγω-

499 2096 743 2150 valeret:
784 2095 894 2148 imo
920 2094 966 2148 si
990 2093 1214 2163 quando
1247 2094 1520 2164 ejusmodi
1549 2093 1796 2146 tentabat
1841 2093 2071 2161 aliquid,

493 2188 769 2247 sentiebat
815 2187 920 2240 sibi
965 2197 1206 2242 mentem
1255 2203 1558 2256 vocemque
1598 2187 1896 2251 immutari,
1927 2193 1984 2240 et
2019 2186 2074 2240 in

497 2278 882 2333 confusionem
909 2293 1065 2332 suam
1117 2279 1388 2333 converti.
1443 2278 1598 2344 Quod
1636 2294 1762 2334 cum
1817 2278 2078 2348 nequiret

493 2369 636 2423 ferre
665 2368 970 2440 presbyter,
1003 2368 1258 2424 fortunas
1309 2369 1366 2422 in
1407 2369 1552 2432 illos,
1589 2370 1684 2438 qui
1733 2368 1944 2438 aliquid
2003 2369 2080 2423 le-

495 2459 733 2514 vaminis
763 2458 1194 2530 pollicebantur,
1236 2465 1659 2526 consumpserat
1685 2475 1698 2522 ;
1729 2457 1930 2520 donec,
1955 2470 2076 2509 om-

494 2565 620 2603 nem
652 2550 838 2602 animo
881 2559 1138 2603 versante
1173 2549 1590 2618 cogitationem,
1644 2556 1969 2618 arguentem
2017 2561 2078 2602 se

497 2641 1118 2710 reperitconscientiam
1153 2642 1396 2704 illorum,
1419 2657 1542 2710 qua:
1591 2656 1736 2710 saepe
1767 2639 1968 2708 saapius
2021 2638 2078 2691 in

496 2737 750 2784 sanctum
792 2729 1124 2800 Symeunem
1159 2747 1450 2801 perperam
1477 2740 1534 2786 et
1591 2730 1866 2786 malitiose
1925 2729 2078 2784 eﬂ‘u-

498 2821 692 2886 tierat;
743 2820 1004 2890 quodque
1033 2837 1144 2874 non
1177 2821 1496 2876 erubuisset
1537 2836 1637 2890 per
1691 2813 2078 2890 gravissimum

495 2911 681 2968 scelus
710 2911 889 2980 ipsum
927 2911 1306 2982 perstringere
1336 2913 1710 2967 anathemate.

566 3001 691 3056 212.
725 3001 839 3056 Hoc
875 3003 1044 3072 igitur
1067 3003 1248 3072 ipsum
1281 3018 1402 3056 esse
1455 3002 1790 3071 intelligens,
1819 3017 1932 3071 quo
1995 3001 2080 3054 in-

497 3091 794 3147 visibiliter
821 3109 851 3144 a
883 3091 1070 3146 divino
1103 3091 1371 3146 sacrificio
1432 3093 1748 3156 arcebatur,
1813 3091 2080 3146 velociter

501 3183 570 3237 ad
597 3191 848 3236 sanctum
879 3182 1048 3246 venit,
1093 3182 1362 3250 petiitque
1396 3182 1614 3236 ardenti
1663 3197 1828 3252 prece
1861 3182 2085 3236 veniam

503 3274 713 3328 delicti.
742 3273 968 3326 Dicente
987 3283 1172 3326 autem
1203 3283 1424 3327 sancto:
1471 3273 1585 3327 Nisi
1620 3275 2076 3343 priuspeccatum

2178 2093 2324 2161 γίαν,
2355 2092 2467 2144 ἀλλ’
2491 2093 2578 2144 ὅτε
2621 2108 2674 2144 τι
2716 2093 2808 2144 καὶ
2833 2093 3044 2146 τοιοῦτο
3061 2093 3256 2163 δράσαι
3285 2093 3634 2164 πειράσαιτο,
3663 2095 3762 2162 τήν

2178 2199 2238 2234 τε
2277 2181 2450 2252 φρένα
2476 2181 2568 2232 καὶ
2600 2180 2698 2250 τὴν
2735 2181 2918 2250 φωνὴν
2948 2181 3310 2246 ἀλλοιοῦσθαι,
3334 2185 3428 2235 καὶ
3457 2182 3598 2252 πρὸς
3639 2185 3762 2235 αἰσ-

2181 2271 2348 2342 χύνης
2383 2269 2583 2339 μᾶλλον
2621 2270 2800 2340 ἑαυτῷ
2825 2271 3208 2325 καθίστασθαι.
3247 2274 3422 2342 Ὅπερ
3447 2273 3511 2324 οὐ
3531 2271 3766 2342 φέροντα

2180 2363 2271 2416 τὸν
2306 2361 2478 2433 ἱερέα,
2511 2363 2622 2425 τοῖς
2646 2379 2770 2414 τινα
2804 2362 2896 2416 τοῦ
2927 2363 3098 2416 κακοῦ
3136 2363 3288 2416 λύσιν
3308 2363 3764 2433 ὑπισχνουμένοις

2180 2453 2555 2523 ὲκδαπανῆσαι
2611 2452 2705 2505 καὶ
2733 2452 2828 2522 τὴν
2857 2453 3064 2515 οὐσίαν,
3099 2453 3204 2518 ἕως
3223 2452 3478 2522 λογισμὸν
3495 2453 3554 2504 ἐν
3581 2451 3760 2519 ἑαυτῷ

2180 2544 2358 2596 πάντα
2404 2543 2629 2612 κινήσας
2649 2581 2664 2604 ,
2701 2542 3010 2596 τύπτουσαν
3063 2544 3288 2614 εὕρισκε
3315 2544 3412 2614 τὴν
3433 2542 3756 2612 συνείδησιν,

2180 2630 2263 2696 οἷς
2301 2633 2442 2686 κατά
2465 2632 2560 2686 τοῦ
2584 2633 2726 2686 θείου
2754 2633 2979 2704 Συμεὼν
3004 2633 3342 2705 πλημμελῶς
3371 2632 3626 2694 πολλάκις
3647 2632 3762 2704 ᾔδει

2180 2724 2570 2793 φθεγξάμενος,
2627 2725 2720 2776 καὶ
2752 2725 2898 2788 ὅπως
2936 2725 3058 2779 οὐδὲ
3087 2725 3430 2796 ἀναθέματος
3475 2723 3564 2778 ἐπ’
3597 2723 3760 2777 αὑτὸν

2182 2815 2426 2882 φείσαιτο
2456 2815 2518 2868 τὸ
2546 2815 2870 2872 δεινότατον.

2254 2995 2396 3068 σμβῆ
2445 2996 2614 3049 Τοῦτο
2659 2996 2950 3066 τοιγαροῦν
2998 2997 3172 3048 ἐκεῖνο
3225 2995 3368 3052 εἶναι
3401 2999 3582 3063 συνεὶς
3625 3001 3766 3072 ὅπερ

2183 3092 2345 3144 αὐτὸν
2394 3089 2494 3158 τῆς
2550 3089 2701 3152 θείας
2771 3088 3018 3152 ἀθεάτως
3065 3089 3410 3161 λειτουργίας
3459 3092 3713 3162 ἀπείργοι
3747 3131 3766 3158 ,

2183 3181 2386 3250 σπουδῇ
2420 3181 2550 3250 παρ’
2595 3178 2760 3232 αὑτὸν
2800 3177 3063 3244 ἀνελθὼν,
3103 3182 3452 3250 συγχώρησιν
3479 3182 3596 3252 ᾔτει
3640 3184 3768 3256 θερ-

2187 3274 2320 3342 μῶς.
2349 3272 2454 3325 Τοῦ
2485 3273 2561 3339 δὲ,
2595 3273 2657 3326 Ei
2689 3273 2764 3344 μὴ
2780 3273 2877 3342 τὴν
2897 3275 3168 3346 ἁμαρτίαν
3187 3291 3280 3327 σου
3299 3275 3560 3346 πρότερον
3576 3275 3772 3346 ἐξαγο-

505 3375 664 3419 tuum
688 3363 1034 3418 confessione
1063 3363 1396 3432 expiaveris,
1427 3367 1565 3434 ἠοω
1607 3365 1706 3418 tibi
1737 3365 1935 3420 venia?
1981 3363 2080 3418 ali—

2185 3364 2418 3435 ρεύσεις,
2453 3366 2697 3429 εἰπόντος
2719 3343 2907 3431 ,Ϋποία
2941 3343 3142 3419 λοιπὸν
3201 3343 3548 3438 συγχώρησις
3607 3343 3768 3421 ἔσται

506 3465 714 3527 quanto
738 3465 982 3524 tempore
1021 3455 1278 3509 absurdis
1306 3454 1906 3524 atqueimpudentibus
1955 3469 2082 3507 ver-

506 3545 594 3602 bis
622 3561 678 3600 se
711 3546 1056 3614 temperavit.
1082 3546 1291 3600 Deinde
1335 3561 1458 3600 cum
1521 3546 1699 3612 dolor,
1725 3562 1890 3616 quem
1939 3560 2080 3615 prte-

507 3641 591 3686 ter
623 3633 872 3686 morbum
898 3633 1211 3702 patiebatur
1265 3650 1331 3690 eo
1381 3636 1528 3704 quod
1585 3639 1757 3690 sacris
1814 3636 2084 3690 altaribus

507 3721 916 3791 prohiberetur,
948 3724 1316 3790 verecundiae,
1351 3734 1409 3780 ut
1456 3742 1555 3795 par
1595 3734 1732 3790 erat,
1761 3727 2080 3795 praevaluis-

512 3821 598 3865 εει
627 3813 937 3882 (consuevit
969 3830 1207 3884 namque
1263 3815 1315 3868 id
1349 3817 1498 3884 quod
1547 3815 1822 3870 infirmius
1852 3825 1938 3870 est
1987 3831 2085 3886 per

509 3900 712 3956 fortius
734 3903 958 3972 expelli,
983 3913 1038 3958 et
1067 3904 1378 3960 debellatus
1401 3905 1629 3974 affectus
1653 3907 1850 3962 cedere
1885 3916 2084 3976 poten-

509 3993 661 4062 tiori)
717 3993 891 4062 palam
947 4011 1044 4048 sua
1109 3997 1353 4050 narravit
1409 3997 1622 4062 omnia;
1666 4013 1830 4066 quam
1876 3997 2086 4052 nefaria

511 4083 708 4137 crebro
745 4084 799 4136 in
827 4097 1077 4140 sanctum
1103 4087 1445 4156 garrivissct,
1480 4088 1740 4158 quodque
1787 4103 1894 4142 non
1917 4089 2087 4142 absti-

512 4175 722 4230 nuisset
745 4177 1119 4243 anathemate,
1149 4179 1244 4232 sed
1281 4179 1358 4232 illi
1391 4179 1568 4250 ipsum
1599 4197 1789 4235 amens
1823 4180 2087 4249 subjecis-

512 4275 618 4320 set.
653 4265 792 4320 Tum
831 4277 1078 4333 sanctus,
1123 4277 1271 4324 totus
1321 4270 1614 4340 benignus,
1675 4279 1826 4326 totus
1867 4272 2085 4326 miseri-

509 4369 656 4418 cors,
692 4363 842 4410 totus
868 4359 1234 4426 compatiens,
1265 4358 1532 4429 unigeniti
1565 4359 1688 4413 Filii
1725 4360 1820 4413 Dei
1859 4359 2086 4414 commi-

510 4445 844 4500 serationem
877 4455 932 4501 et
957 4447 1340 4504 inexhaustam
1401 4449 1704 4503 bonitatem
1764 4449 2084 4518 implorans,

510 4531 778 4601 impresso
839 4536 1112 4590 sacerdoti
1173 4549 1538 4592 sacrosancta:
1578 4538 1758 4593 crucis
1805 4540 1991 4608 signo:
2028 4539 2086 4594 ln

509 4625 760 4692 nomine,
813 4626 1016 4696 inquit,
1067 4628 1286 4682 Domini
1347 4629 1473 4685 Jesu
1523 4629 1729 4685 Christi
1789 4631 2005 4685 solutus
2029 4645 2088 4684 es

507 4715 851 4772 retinaculis.
893 4717 1095 4773 Confer
1130 4727 1180 4773 te
1210 4721 1376 4790 igitur
1414 4721 1481 4774 ad
1512 4720 1798 4775 eet-lesiam
1833 4731 2002 4784 tuam,
2032 4727 2087 4774 et

507 4819 922 4862 sacrosanctum
955 4811 1162 4864 Christi
1209 4811 1563 4882 Evangelium
1593 4812 1731 4866 bene
1757 4828 1924 4867 sanus
1960 4827 2086 4882 per-

2187 3473 2300 3524 σοι;
2331 3458 2514 3526 ἐπεῖχε
2533 3458 2692 3525 μέχρι
2709 3457 2851 3520 τινὸς
2871 3457 3083 3524 ὑπὸτῆς
3103 3456 3362 3526 αἰσχύνης
3377 3459 3604 3520 ἐκεῖνος.
3629 3453 3768 3512 Εἶτα

2185 3551 2280 3618 τῆς
2297 3549 2387 3600 ἐπὶ
2414 3547 2490 3617 τῷ
2519 3548 2680 3602 πάθει
2711 3547 2884 3617 λύπης
2925 3549 2953 3600 ὃ
2987 3551 3214 3618 πάσχων
3237 3545 3305 3619 ἦν
3331 3550 3421 3602 ἐπὶ
3443 3553 3506 3620 τῇ
3529 3550 3650 3603 θεία
3669 3568 3778 3620 μυ.

2189 3639 2488 3709 σταγωγίᾳ,
2536 3638 2634 3709 τὴν
2665 3638 2926 3709 αἰσχύνην
2971 3641 3066 3708 (ὡς
3112 3639 3778 3712 εἰκὸς)διακρουσαμὲνης

2191 3730 2334 3802 (ἐπεὶ
2356 3731 2450 3782 καὶ
2479 3730 2685 3798 πέφυκε
2705 3731 2780 3800 τῷ
2803 3730 3008 3800 μείζονι
3026 3731 3085 3784 τὸ
3103 3727 3266 3803 ἦττον
3281 3731 3664 3802 ὲκκρούεσθαι,
3679 3733 3782 3787 καὶ

2185 3820 2246 3872 τὸ
2289 3819 2591 3894 νικώμενον
2613 3821 2698 3873 ἀεὶ
2736 3819 2906 3884 πάθος
2946 3821 3249 3892 ὑποχωρεῖν
3270 3821 3346 3891 τῷ
3363 3823 3674 3894 κρατοῦντι)
3695 3823 3782 3876 δι-

2189 3909 2380 3980 εξῆλθε
2410 3911 2588 3966 πάντα
2621 3911 2943 3980 σαφῶς,ὃσα
2959 3913 3217 3975 πολλάκις
3236 3912 3385 3982 αὐτῷ
3417 3914 3537 3966 κατ’
3559 3915 3786 3966 ἐκείνου

2189 4001 2432 4072 λεχθείη,
2475 4001 2572 4054 καὶ
2633 4003 2778 4065 ὅπως
2813 4002 2930 4056 οὐδὲ
2963 4003 3301 4074 ἁναθέματος
3357 4003 3444 4054 ἐπ’
3477 4003 3642 4056 αὑτὸν
3665 4005 3780 4056 ἀπο

2189 4093 2401 4164 ἐσχετο,
2435 4092 2569 4146 ἀλλὰ
2597 4093 2692 4146 καὶ
2725 4093 2874 4164 αὖτῷ
2902 4093 3087 4147 τοῦτον
3119 4096 3364 4164 ἀνοήτως
3386 4092 3786 4165 ὑποϐεϐλὴκει-

2203 4184 2265 4236 Ὀ
2303 4183 2359 4235 δὲ
2387 4183 2436 4236 ὅ)
2448 4201 2506 4246 ος
2537 4187 2842 4255 χρηστότης
2865 4224 2880 4250 ,
2906 4184 3026 4247 ὅλος
3051 4183 3267 4248 ὀίκτος,
3308 4183 3428 4246 ὅλος
3465 4183 3792 4254 συμπάθεια

2199 4279 2306 4332 τῶν
2334 4280 2430 4333 τοῦ
2467 4279 3122 4350 μονογενοῦς-οἰκτιρμῶν
3147 4279 3330 4344 εὐθὺς,
3365 4279 3458 4332 καὶ
3495 4279 3596 4348 τῆς
3635 4277 3782 4332 ἁδα-

2202 4372 2445 4442 πανήτου
2477 4372 2846 4442 χρηστότητος
2900 4371 3040 4440 ὑπὲρ
3083 4371 3249 4424 αὐτοῦ
3289 4371 3542 4441 δεόμενος
3561 4367 3790 4442 imm!

2189 4464 2267 4534 τῷ
2310 4463 2404 4516 τοῦ
2453 4463 2688 4534 σταυροῦ
2727 4464 2940 4534 σημείῳ
2989 4463 3083 4516 τὸν
3133 4464 3282 4530 ἱερέα
3309 4461 3642 4532 σφραγίσας,
3689 4461 3794 4516 Ἐν

2191 4557 2266 4625 τῷ
2299 4557 2524 4626 ὀνόματι
2549 4555 2645 4608 τοῦ
2687 4555 2892 4626 Κυρίου
2941 4553 3114 4626 Ἰησοῦ
3147 4553 3384 4626 Χριστοῦ
3425 4553 3648 4606 λέλυσαι
3671 4553 3794 4606 τῶν

2120 4682 2162 4736 D
2191 4646 2429 4717 δεσμῶν,
2487 4647 2590 4715 ἔφη
2619 4662 2633 4676 °
2677 4645 2968 4718 Πορευθεὶς
3000 4647 3152 4716 παρά
3195 4646 3292 4714 τὴν
3347 4645 3648 4713 ἐκκλησίαν
3683 4660 3790 4696 σου

2197 4740 2397 4803 τοίνυν,
2438 4740 2498 4792 τό
2549 4757 2610 4790 τε
2667 4739 2806 4792 θεῖον
2865 4739 3034 4808 ὑγιῶς
3095 4737 3423 4806 Εὐαγγέλιον
3457 4736 3792 4807 ἀναγνώσῃ.

2195 4833 2289 4884 καὶ
2347 4833 2444 4901 τὴν
2486 4831 2755 4901 μυστικὴν
2797 4831 2870 4894 ὡς
2903 4833 2996 4884 καὶ
3028 4830 3222 4901 πρώην
3268 4833 3334 4899 τῇ
3371 4831 3491 4901 ἱερᾷ
3525 4828 3798 4900 τραπέζῃ

506 4895 678 4966 leges,
705 4909 758 4952 et
789 4914 1050 4954 arcanum
1084 4901 1136 4954 in
1167 4903 1326 4956 altari
1359 4903 1690 4958 sacrificium
1718 4920 1868 4960 more
1925 4906 2086 4960 solito

507 4989 730 5043 offeres.
761 4989 906 5043 Dixit
935 4991 1051 5048 hzec
1085 4993 1196 5058 ille,
1233 5005 1284 5048 et
1312 4996 1598 5066 presbyter
1625 4997 1834 5052 meritae
1864 4997 1942 5051 illi
1965 4999 2086 5051 vin-

507 5082 668 5134 dicta:
693 5093 979 5152 exemptus
1025 5095 1206 5144 est.et
1263 5103 1433 5141 sacra:
1483 5089 1717 5159 liturgize
1772 5087 1839 5142 ad
1871 5089 2080 5142 exitum

507 5187 683 5242 usque
719 5175 861 5240 vitae,
895 5177 972 5230 uti
1003 5187 1129 5231 ante
1155 5179 1355 5233 solitus
1385 5179 1586 5246 fuerat,
1622 5197 1840 5250 semper
1894 5197 2086 5251 opera-

511 5275 598 5319 ιιιε
621 5275 723 5317 CSL

575 5353 702 5410 2i5.
743 5357 874 5411 Post
905 5359 1016 5412 haec
1057 5359 1348 5414 adducitur
1375 5363 1440 5416 ad
1479 5363 1658 5432 ipsum
1689 5381 1887 5430 caecus,
1920 5365 2094 5419 altero

509 5451 646 5517 pede
690 5461 838 5505 stare
887 5453 1154 5521 t‘mluiens
1201 5471 1310 5523 pra:
1353 5457 1611 5530 paralysi,
1658 5473 1722 5511 ac
1769 5459 1944 5513 tribus
1984 5460 2094 5514 da:-

509 5545 708 5596 mom‘is
753 5545 1080 5613 exagitatus.
1129 5545 1416 5604 Miseratus
1451 5552 1684 5622 Syineon
1718 5553 2096 5606 multimodam

509 5645 572 5687 ac
597 5637 864 5691 diversam
899 5637 1136 5694 hominis
1159 5643 1546 5708 calamitatem,
1571 5643 1634 5698 ad
1669 5643 2102 5700 misericordiam

2193 4921 2383 4973 θυσίαν
2414 4921 2746 4991 προσοίσεις.
2783 4917 2918 4974 Eine
2951 4920 3142 4984 ταῦτα,
3173 4921 3268 4972 καὶ
3297 4921 3358 4972 τὸ
3379 4918 3586 4972 δίκαιον
3607 4921 3806 4971 ἐκεῖνο

2191 5011 2361 5072 πάθος
2388 5011 2586 5064 αὐτίκα
2618 5017 2644 5064 ὀ
2673 5011 2850 5082 ίερεὺς
2867 5010 3119 5074 ἀπέθετο,
3153 5011 3246 5062 καὶ
3275 5012 3306 5078 ἡ
3345 5007 3464 5059 θεία
3501 5009 3663 5076 μέχρι
3693 5023 3806 5058 τε-

2186 5103 2386 5172 λευτῆς
2427 5103 2501 5166 ώς
2547 5105 2640 5156 καὶ
2691 5103 2956 5174 πρότερον
2998 5103 3146 5172 αὐτῷ
3197 5100 3552 5172 μυσταγωγία
3595 5102 3806 5152 ἐπιτι-

2199 5207 2358 5244 Αειτο.

2271 5365 2416 5435 σμγ’.
2449 5361 2582 5420 Εἶτα
2613 5367 2948 5437 προσάγεται
2978 5384 3059 5430 τις
3105 5365 3252 5435 αὐτῷ
3295 5365 3512 5434 τυφλὸς,
3549 5365 3678 5420 οὐδ’
3701 5365 3814 5416 ἐπὶ

2205 5457 2297 5510 τοῦ
2343 5459 2512 5528 ἰσχίου
2563 5459 2756 5528 στῆναι
2788 5461 3102 5528 δυνάμενος,
3135 5460 3270 5512 ἀλλὰ
3299 5460 3391 5512 καὶ
3416 5455 3576 5511 τοῦτο
3597 5455 3810 5518 δεινῶς

2212 5553 2566 5618 παρειμένος,
2597 5552 2816 5623 δαίμοσί
2839 5569 2896 5605 τε
2927 5553 3099 5623 τρισὶν
3127 5550 3470 5621 ἑταζὸμενος.
3511 5551 3571 5601 '0
3611 5551 3666 5605 δὲ
3697 5548 3812 5614 τῆς

2214 5643 2528 5708 πολυειδῶς
2577 5646 2758 5710 σιύτδνΔ
2786 5647 2879 5698 καὶ
2921 5643 3174 5715 ποικίλης
3221 5643 3510 5716 συμφορᾶς
3554 5640 3812 5711 ﬁtﬁt“;
