4038 6208
323 199 455 262 3209

1308 196 1476 254 ΠΤΑ
1527 195 1572 252 Α
1609 185 2042 252 NICEPHORO
2084 186 2570 248 CONSCRIPTA.

3419 185 3560 247 δεῖ)

335 308 408 371 εἰς
437 307 586 360 ἔλεον
622 302 780 358 πάλιν
808 302 969 367 αύτδς
1011 297 1114 356 εῐδε
1139 301 1273 355 Θεοῦ
1309 302 1398 354 τὸν
1423 301 1781 369 ἀδαπανήτως
1811 295 1894 348 ἀεὶ

2006 294 2097 348 Dei
2135 310 2258 364 quae
2282 292 2658 348 exhauriendo
2693 308 2802 346 non
2834 293 3215 353 imminuitur,
3261 293 3448 347 oculos
3483 313 3566 346 rc.-

331 397 668 467 ιιενούμενον,
699 396 792 448 καὶ
825 390 1048 448 πτύελον
1077 395 1272 447 οἰκεῖον
1306 392 1382 464 τῷ
1415 391 1660 461 δακτύλῳ
1691 387 1894 450 λαϐὼν,

324 491 412 545 καὶ
440 488 564 550 τοὺς
595 486 906 554 ὀφθαλμοὺς
934 485 1241 554 ἐπιχρίσας,
1273 485 1350 554 τῷ
1376 501 1432 534 τε
1457 480 1769 548 Δεσποτικῷ
1795 479 1892 533 τύ·-

325 601 404 652 πῳ
429 582 525 642 τὰς
561 579 702 648 ψύας
726 577 1052 645 σφραγίσας,
1088 575 1164 642 τῷ
1201 575 1298 644 μὲν
1337 577 1447 638 τοῖς
1488 573 1782 642 ὀφθαλμοῖς
1815 571 1894 624 δί-

322 674 478 726 δωσιν
512 671 715 733 εὐθέως
754 669 813 721 τὸ
857 668 992 735 φῶς,
1023 666 1100 735 τῷ
1143 666 1197 718 δέ
1245 666 1322 734 τῷ
1371 666 1525 734 ἰσχίῳ
1564 665 1660 733 τὴν
1704 663 1892 730 ρὦιν.

334 765 485 832 Ἑξῆς
508 765 561 814 δέ
593 781 675 822 τις
700 763 837 830 ἀνὴρ
865 759 1037 812 ἐδόκει
1062 757 1137 826 τῷ
1171 759 1428 825 πάσχοντι
1477 757 1681 827 χιτῶνα
1716 753 1894 808 ποικί-

323 856 408 908 λον
453 852 767 914 ἐνδεδυκὼς,
799 852 924 912 τοὺς
958 849 1302 910 ἐνοικοῦντας
1343 849 1491 916 αύτῷ
1529 850 1674 915 τρεῖς
1707 847 1896 916 δαίμο-

323 963 415 1009 νας
476 945 736 1005 ἐκείνους,
785 943 1004 994 ἁλύσεσι
1071 941 1240 1008 πυρὸς
1293 940 1580 1000 τοσαύταις
1631 940 1895 1007 πεδήσας,

323 1039 409 1090 καὶ
437 1035 589 1086 κλοιὰ
627 1032 898 1102 περιθείς·
942 1025 1016 1084 ὧν
1050 1031 1249 1092 εὐθέως
1280 1028 1632 1096 ἀπαλλαγεὶς,
1663 1027 1780 1080 ὅλον
1810 1025 1898 1080 διὰ

324 1127 413 1178 τοῦ
463 1122 751 1192 μοναδικοῦ
791 1122 1066 1188 σχήματος
1119 1119 1311 1171 ἑαυτὸν
1357 1119 1625 1187 τοσαύτης
1671 1117 1898 1186 χάριτος

325 1215 643 1266 ἀντιδίξωσι.
685 1209 1086 1280 ίιαραπλησίως
1122 1210 1220 1277 μὲν
1254 1207 1345 1260 οὖν
1376 1207 1568 1277 ἔχοντα
1606 1211 1718 1269 τοῖς
1752 1209 1901 1276 εἰρη-

329 1305 506 1370 μένοις
553 1303 617 1354 τά
663 1299 997 1367 ἐπαγόμενοι,
1043 1299 1149 1367 χρὴ
1183 1297 1238 1350 δὲ
1289 1297 1434 1366 ὅμως
1469 1295 1734 1348 κάκείνων
1779 1297 1898 1347 ἐπι·

329 1394 650 1464 μνησθῆναι.
1867 1377 1892 1392 ⁸

395 1484 534 1552 σμδ’.
590 1481 844 1548 Ἰωάννης
897 1481 1002 1550 γάρ
1035 1497 1116 1542 τις
1160 1479 1293 1548 μηδὲ
1333 1477 1544 1547 θατέρῳ
1571 1481 1684 1531 τοῖν
1718 1479 1898 1531 ποδοῖν

327 1571 587 1626 κινεῖσθαι
614 1570 931 1638 δυνάμενος,
968 1568 1083 1620 ἀλλ’
1117 1568 1394 1637 ἑκατέρων
1417 1568 1596 1620 αὐτῶν
1627 1568 1898 1638 ἀκινήτως

326 1663 462 1731 ἔχων
516 1662 610 1713 καί
651 1661 842 1730 χρόνον
892 1659 985 1710 ἐπὶ
1021 1659 1251 1728 μακρὴν,
1280 1658 1386 1710 τῶν
1418 1658 1592 1731 ἄλλων
1629 1660 1896 1726 ἀπογνοὺς

324 1751 599 1812 ἁπάντων,
652 1748 842 1800 ἐλπίδα
890 1747 980 1799 τὸν
1031 1747 1341 1816 θαυμαστὸν
1390 1747 1599 1800 ἐτίθετο
1635 1747 1896 1816 Συμεὼν,

326 1840 417 1891 καὶ
442 1839 603 1891 αὑτὸν
645 1839 700 1889 ἐν
729 1841 904 1890 πίστει
934 1837 1156 1908 καρδίας
1192 1837 1531 1890 ἐπεκαλεῖτο.
1577 1838 1636 1889 Ἦ
1681 1837 1778 1907 μὲν
1806 1837 1899 1890 οὖν

325 1932 423 2002 ἢδη
463 1929 607 1999 πρωῒ
645 1931 741 1998 τῆς
767 1930 972 1999 ἡμέρας
997 1945 1010 1958 ο
1047 1930 1074 1981 6
1111 1928 1166 1980 δὲ
1201 1928 1450 1998 καθάπερ
1481 1929 1559 1991 είς
1600 1929 1765 1982 ὓπνον
1799 1931 1900 1982 ὑπ-

326 2022 634 2090 ολισθήσας,
674 2022 804 2090 ὁρᾷν
833 2020 1006 2072 ἐδόκει
1033 2019 1121 2070 τὸν
1149 2018 1396 2088 Συμεὼν,
1425 2019 1652 2086 ἄγγελος
1684 2019 1738 2072 δὲ
1770 2019 1898 2088 παρ’

327 2111 560 2178 ἑκάτερα
597 2109 786 2163 τούτου
817 2108 1064 2177 λαμπρὸς
1117 2108 1216 2175 τὴν
1273 2109 1613 2179 ἀναϐολὴν,ἥ
1643 2127 1698 2162 τε
1743 2109 1900 2179 βαῖνη

330 2201 521 2272 ῥάοδις
565 2200 756 2268 ἐκείνῳ
803 2199 888 2251 δια
926 2201 1124 2266 χειρὸς,
1171 2199 1542 2267 σφραγίσαντα
1577 2201 1700 2261 τοὺς
1735 2198 1900 2261 πόδας

327 2290 514 2352 αὑτοῦ,
550 2290 644 2342 καὶ
672 2290 1022 2356 διαναστῆναι
1052 2289 1402 2343 κελεύσαντα.
1433 2291 1538 2342 Καὶ
1577 2293 1604 2342 6
1638 2290 1741 2357 μὲν
1773 2290 1903 2357 γλυ·

329 2382 426 2442 κὺς
459 2378 622 2442 ὕπνος
651 2381 853 2440 ἐκεῖνος
888 2380 1012 2447 ὑγιῆ
1041 2379 1229 2432 τοῦτον
1253 2381 1442 2449 ἀνῆκε,
1477 2385 1570 2434 καὶ
1599 2385 1632 2453 ἠ
1659 2383 1779 2452 ὄψις
1813 2385 1904 2455 ἕρ-

327 2487 423 2540 γον
451 2464 539 2539 ἧν,
581 2471 674 2522 καὶ
721 2469 1020 2538 φαντασίαν
1049 2470 1208 2533 εὐθὺς
1256 2474 1287 2541 ἡ
1326 2465 1548 2543 ἀλῆθεια
1593 2475 1897 2530 ἐπιστοῦτο.

341 2561 398 2616 '0
424 2563 480 2615 δὲ
507 2564 762 2634 δρομαῖος
792 2564 942 2634 παρὰ
969 2563 1058 2616 τὸν
1091 2565 1280 2618 στύλον
1309 2566 1498 2628 ἐλθὼν,
1537 2570 1564 2620 6
1590 2569 1781 2638 πρώην
1813 2567 1903 2620 ἴσα

330 2652 421 2706 καὶ
452 2656 552 2722 τῆς
587 2654 856 2724 φερούσης
898 2655 1061 2708 αὑτὸν
1091 2658 1276 2725 κλίνης
1313 2658 1569 2729 ἀκίνητος
1615 2658 1812 2728 μένων,
1845 2661 1902 2712 ἐν

329 2743 566 2813 θαύματί
596 2762 653 2796 τε
684 2745 750 2798 τὰ
775 2745 898 2799 καθ’
929 2745 1121 2799 ἑαυτὸν
1155 2749 1513 2816 ἀπαγγείλας,
1543 2750 1663 2802 ὅλον
1693 2750 1780 2803 διὰ
1811 2749 1902 2804 τοῦ

333 2835 618 2904 μοναδικοῦ
649 2835 764 2905 βίου
792 2837 885 2888 καὶ
909 2830 1062 2900 οὗτος
1086 2840 1416 2908 χαριστήρια
1447 2841 1718 2910 τοσαύτης
1746 2841 1905 2912 εὐερ-

329 2928 516 2995 γεσίας
543 2927 737 2980 ἑαυτὸν
759 2928 1125 2999 ἀντεισφέρει.

402 3125 543 3189 σμε’.
578 3118 807 3171 Ἔπειτα
835 3119 1017 3188 μέντοι
1044 3117 1330 3188 παρθένος,
1359 3117 1619 3172 Θεοσεὸία
1651 3117 1750 3190 τὴν
1777 3116 1910 3188 κλῆ-

331 3227 438 3274 σιν,
467 3210 710 3281 ’χαλεπῷ
761 3210 974 3281 δαίμονι
1027 3199 1480 3282 πολιορκουμένη,
1530 3212 1604 3275 ὡς
1645 3213 1738 3265 καὶ
1784 3210 1908 3266 καθ’

331 3301 523 3365 ὕδατος
555 3303 822 3370 ἀφεθῆναι
862 3301 990 3372 παρ’
1019 3302 1229 3355 ἐκείνου
1262 3303 1544 3367 πολλάκις,
1579 3304 1910 3372 ἐφαντάζετο

331 3393 422 3445 τὸν
455 3393 595 3446 θεῖον
633 3391 876 3460 Συμεὼν,
915 3393 1384 3461 μετακαλούμενον
1417 3389 1503 3447 οἷα
1542 3397 1677 3464 πρδς
1715 3396 1908 3449 ἑαυτὸν

334 3483 472 3536 οἴκο.
529 3485 816 3552 μένουσαν.
859 3484 925 3536 Ἢ
968 3483 1023 3536 δὲ
1055 3485 1150 3552 τὴν
1189 3484 1310 3552 ὄψιν
1347 3484 1506 3552 ἔργον
1541 3488 1905 3555 ποιησαμένη,

329 3573 405 3636 ὡς
438 3574 536 3646 ἥδη
565 3575 659 3626 καὶ
689 3575 983 3627 ἁτενίσειεν
1029 3577 1106 3637 εἰς
1139 3576 1319 3640 atii-3v,
1348 3577 1450 3646 ὁρᾷ
1483 3593 1604 3629 τινα
1661 3577 1907 3629 διὰττου-

333 3680 432 3716 σαν
459 3663 647 3734 ὥσπερ
671 3662 956 3734 ἀστραπὴν
983 3663 1076 3714 τοῦ
1105 3664 1397 3733 προσώπου
1423 3681 1436 3695 ³
1472 3667 1564 3718 καὶ
1588 3665 1648 3717 τὸ
1682 3668 1780 3734 μὲν
1813 3681 1910 3718 πο-

330 3758 494 3827 νηρὸν
519 3759 692 3809 ἐκεῖνο
715 3755 931 3826 πνεῦμα
958 3757 1188 3826 Θορύϐου
1225 3757 1402 3811 πάντα
1428 3759 1524 3810 καὶ
1554 3758 1682 3827 βοῆς
1709 3759 1909 3812 αὐτίκα

332 3847 592 3916 ἐπλήρου,
623 3848 722 3916 τὴν
753 3845 886 3916 πρὸς
927 3846 1018 3897 τὸν
1050 3846 1189 3899 θεῖον
1226 3847 1392 3916 ἄνδρα
1432 3849 1526 3900 καὶ
1551 3850 1650 3917 τὴν
1681 3852 1736 3900 ἐν
1761 3847 1908 3919 αὐτῷ

329 3939 426 3993 τοῦ
459 3939 772 4009 Πνεύματος
801 3940 961 4011 χάριν
989 3941 1049 3992 ού
1081 3940 1242 4011 φέρον
1271 3942 1565 4013 ἐγγύτητα,
1595 3942 1712 3996 ἀλλ’
1743 3947 1796 4000 ei!
1826 3961 1909 4006 τις

329 4031 557 4100 δύναμις
580 4031 892 4084 ἐλαύνεσθαι
925 4034 1016 4086 καὶ
1048 4034 1269 4101 φεύγειν
1295 4035 1510 4104 μακρὰν
1533 4036 1906 4105 ἐπειγόμενον.

343 4121 406 4176 Ἦ
431 4123 487 4175 δὲ
511 4121 796 4192 παρθένος,
824 4121 929 4187 ἔξω
958 4125 1210 4195 καθάπερ
1246 4127 1446 4196 ἑαυτῆς
1474 4130 1761 4198 γενομένη,
1799 4129 1910 4181 ἐδό-

341 4233 426 4268 κει
453 4215 542 4266 τὸν
571 4212 797 4282 Συμεὼν
827 4215 958 4285 ὁρᾷν
982 4215 1058 4285 τῷ
1081 4217 1296 4286 δαίμονι
1324 4219 1498 4288 δεσμὰ
1524 4221 1836 4291 περιθέντα,
1871 4223 1904 4290 ἡ

1998 384 2166 442 flexit.
2201 393 2362 454 sputo
2392 400 2491 438 suo
2529 383 2757 452 digitum
2794 383 2972 446 tinxit,
2999 383 3185 436 oculos
3218 383 3341 436 caeci
3374 380 3565 444 iiii-rit,

1997 475 2291 529 Dominicis:
2313 475 2494 529 crucis
2517 473 2672 544 signo
2703 474 2921 528 lumbos
2941 473 3300 527 communivit
3332 490 3346 526 :
3382 474 3568 542 sicque

1998 565 2172 619 altero
2199 565 2378 618 statim
2409 564 2584 618 oculis
2629 565 2835 627 lumen,
2864 564 3034 617 altero
3073 564 3306 631 pedibus
3340 564 3569 617 ﬁrmita-

1999 663 2106 708 tem
2129 655 2389 708 restituit.
2423 655 2630 709 Deinde
2653 655 2943 709 videbatur
2963 655 3186 723 patienti
3220 656 3303 706 vir
3326 655 3569 722 quidam,

2001 747 2241 800 tunicam
2283 747 2670 801 versicolorem
2725 747 2968 811 indutus,
2999 756 3128 806 tres.
3179 748 3438 816 aquibus
3474 748 3572 800 ob-

1999 837 2303 901 sidebatur,
2355 837 2630 893 dzcmones
2690 837 2878 907 ignitis
2936 838 3146 891 catenis
3197 838 3575 906 constringere

1998 929 2407 998 compedesque
2437 930 2504 984 iis
2544 929 2787 999 injicere.
2821 929 2890 982 lis
2913 945 3044 998 ergo
3076 929 3256 982 statim
3290 929 3572 992 liberatus,

1999 1027 2172 1072 totum
2208 1034 2266 1073 se
2303 1035 2402 1088 pro
2437 1029 2708 1074 tantarum
2747 1019 3043 1087 gratiarum
3079 1019 3294 1072 actione
3323 1027 3576 1085 suscepto

2000 1111 2306 1164 monastico
2356 1111 2546 1164 habitu
2601 1111 2821 1164 obtulit.
2858 1110 3162 1163 Per-similia
3194 1109 3415 1177 quidem
3443 1123 3577 1176 pra:-

2000 1201 2327 1255 cedentibus
2359 1201 2447 1254 illa
2481 1217 2602 1269 qum
2651 1209 2982 1270 sequuntur,
3029 1200 3390 1254 nihilominus
3425 1212 3575 1251 com-

2000 1288 2358 1342 memoranda
2407 1297 2556 1343 sunt.

2069 1466 2195 1520 ΞΗ.
2237 1465 2476 1520 Joannes
2507 1465 2729 1535 quidam
2766 1476 2966 1520 ne’utro
3000 1466 3201 1536 pedum
3249 1482 3472 1520 suorum
3500 1465 3578 1519 uti

2001 1568 2236 1628 poterat,
2278 1569 2574 1628 utrumque
2600 1560 2711 1627 jam
2745 1576 2773 1612 a
2818 1559 2980 1626 longo
3028 1568 3276 1628 tempore
3325 1557 3581 1610 immobi-

2002 1653 2108 1706 lem
2136 1652 2379 1706 habens:
2407 1667 2531 1705 cum
2559 1667 2689 1705 vero
2713 1650 3031 1720 desperaret
3061 1651 3127 1705 de
3153 1651 3408 1703 remediis
3438 1651 3580 1710 aliis,

2003 1757 2154 1811 spem
2187 1758 2405 1796 omnem
2439 1743 2492 1796 in
2521 1750 2710 1796 sancto
2736 1742 3006 1813 Symeone
3051 1743 3255 1811 posuit,
3293 1743 3580 1811 ipsumque

2006 1834 2193 1888 fidenti
2237 1835 2402 1888 corde
2436 1835 2727 1889 invocavit.
2766 1836 2900 1890 Erat
2934 1845 3047 1888 tum
3103 1835 3243 1889 forte
3286 1849 3583 1902 crepuscu-

2003 1927 2116 1980 lum
2148 1927 2369 1982 circiter
2405 1929 2758 1992 matutinum,
2787 1929 3007 1997 quando
3036 1929 3143 1984 leni
3191 1943 3384 1982 somno
3415 1927 3579 1980 veluti

2004 2018 2238 2087 stipites,
2290 2018 2608 2088 conspicere
2653 2034 2710 2073 se
2758 2028 2917 2088 putat
2970 2019 3321 2089 Syuieonem,
3377 2017 3584 2088 angelis

2006 2111 2268 2180 utrinque
2314 2109 2542 2179 fulgenti
2581 2111 2634 2164 in
2671 2120 2821 2164 veste
2866 2111 3222 2179 stipantibus,
3251 2110 3459 2178 palmea
3488 2124 3582 2162 sua

2003 2213 2168 2268 quam
2218 2214 2380 2252 manu
2418 2197 2639 2252 tenebat
2666 2198 2816 2268 virga
2860 2198 3168 2267 signantem
3221 2197 3386 2266 pedes
3416 2196 3583 2260 iliius,

2005 2289 2466 2358 mandantemque
2499 2299 2556 2342 ut
2590 2299 2797 2358 surgat.
2825 2288 2974 2342 Abiit
3006 2289 3185 2343 dulcis
3215 2289 3302 2343 ille
3336 2303 3582 2350 somnus,

2004 2391 2060 2436 et
2100 2392 2448 2452 persanatum
2484 2383 2760 2435 hominem
2791 2382 3014 2450 reliquit
3048 2399 3060 2434 :
3099 2381 3356 2451 quodque
3405 2381 3581 2435 visum

2005 2473 2204 2534 fuerat,
2235 2474 2436 2527 factum
2461 2482 2600 2530 erat.
2628 2483 2685 2527 ct
2727 2474 3128 2543 apparitionem
3159 2475 3362 2528 veritas
3395 2481 3582 2528 secuta

2004 2574 2110 2622 est.
2155 2567 2394 2622 Joannes
2425 2566 2613 2636 igitur,
2651 2569 2745 2636 qui
2778 2567 2990 2636 pridem
3022 2584 3131 2622 non
3164 2569 3336 2636 magis
3366 2567 3586 2622 mobilis

2003 2667 2124 2712 erat
2157 2674 2318 2728 quam
2349 2658 2585 2714 lectulus
2611 2674 2721 2728 quo
2751 2658 3053 2724 ferebatur,
3081 2659 3358 2713 curriculo
3393 2659 3460 2712 ad
3491 2674 3584 2713 co-

2006 2751 2249 2805 lumnam
2301 2751 2538 2818 advolat,
2595 2753 2858 2806 nuntians
2887 2768 3010 2807 cum
3048 2752 3434 2815 admiratione,
3466 2767 3589 2821 qua:

2005 2842 2111 2897 sibi
2145 2841 2284 2896 facta
2314 2852 2473 2898 erant
2499 2861 2512 2909 ;
2548 2853 2605 2899 et
2638 2859 2736 2913 per
2764 2845 3122 2898 monasticam
3146 2844 3312 2897 vitam
3338 2844 3427 2897 hic
3453 2857 3588 2912 quo-

2010 2950 2118 3005 que
2144 2935 2255 2989 Deo
2281 2950 2338 2989 se
2359 2933 2644 3000 dedicans,
2683 2936 3036 3006 gratitudinis
3069 2937 3188 2992 loco
3218 2951 3276 2991 sc
3307 2951 3407 3006 pro
3435 2943 3587 3005 tanto

2012 3027 2281 3083 beneficio
2325 3028 2599 3083 retribuit.

2078 3121 2204 3174 215.
2249 3120 2412 3188 Virgo
2447 3120 2715 3190 quaedam,
2767 3121 2853 3174 cui
2898 3137 3098 3176 nomen
3125 3121 3472 3185 Thrsebsia,
3509 3124 3580 3175 ab

2011 3211 2369 3266 infestissimo
2411 3207 2658 3267 dmmone
2687 3227 2828 3282 saepe
2857 3215 2935 3268 sic
2965 3223 3296 3284 Oppugnata,
3326 3221 3387 3266 ut
3421 3214 3585 3268 etiam

2011 3298 2064 3353 in
2114 3314 2310 3369 aquam
2362 3315 2609 3370 prmceps
2658 3301 2908 3366 daretur,
2946 3303 3346 3373 imaginabatur
3387 3302 3491 3357 sibi
3528 3319 3586 3356 se

2009 3391 2196 3445 videre
2232 3402 2481 3445 sanctum
2522 3392 2870 3462 Symeonem,
2895 3403 3212 3448 cvocantem
3248 3395 3393 3447 illam
3424 3394 3588 3447 domo

2011 3481 2104 3534 tibi
2154 3481 2432 3547 manebat,
2469 3482 2536 3535 ad
2581 3498 2638 3536 se
2670 3500 2684 3537 :
2715 3484 3041 3553 curavitque
3085 3484 3230 3553 quod
3266 3484 3502 3546 viderat,
3531 3493 3590 3538 ut

2009 3584 2176 3638 opere
2221 3581 2636 3639 exsequeretur.
2683 3571 2820 3626 Cum
2857 3589 2989 3626 vero
3015 3575 3124 3641 jam
3154 3574 3345 3628 oculos
3379 3574 3433 3626 in
3461 3589 3589 3627 san-

2009 3668 2159 3714 ctum
2215 3662 2546 3727 intenderet,
2579 3659 2717 3718 vidit
2745 3662 2901 3733 quasi
2952 3665 3135 3736 fulgur
3175 3665 3397 3734 aliquod
3441 3666 3592 3720 absi-

2009 3761 2154 3806 stere
2190 3770 2219 3806 a
2266 3753 2403 3808 facie
2450 3755 2570 3823 ejus
2617 3756 2932 3824 :malignus
2977 3765 3159 3811 autem
3206 3757 3435 3827 spiritus
3484 3757 3592 3836 lavte

2010 3844 2192 3898 omnia
2252 3832 2489 3898 tumultu
2545 3861 2607 3898 ac
2651 3845 3045 3902 vociferatione
3093 3849 3409 3918 complevit,
3449 3832 3592 3904 ferre

2011 3935 2282 4004 nequiens
2336 3936 2653 4004 propiorem
2709 3936 2812 3991 viri
2875 3939 3050 3993 sancti
3119 3955 3475 4012 congressum
3534 3953 3591 3996 et

2010 4025 2239 4096 gratiam
2292 4025 2532 4096 Spiritus
2574 4029 2784 4094 sancti;
2829 4031 2922 4084 sed
2963 4032 3266 4086 conabatur
3305 4033 3432 4087 totis
3463 4033 3594 4087 viri-

2011 4115 2117 4170 bus
2167 4117 2294 4170 inde
2345 4118 2562 4188 longius
2617 4121 2900 4188 aufugeres.
2959 4121 3097 4176 Tum
3133 4123 3307 4193 virgo,
3358 4123 3510 4177 velut
3560 4139 3590 4175 a

2012 4208 2269 4262 sensibus
2327 4208 2586 4274 abducta,
2639 4212 2990 4280 conspicatur
3021 4223 3292 4277 sanctum,
3339 4213 3590 4284 injicien-

334 4301 592 4371 περιϐολὴ
613 4303 668 4354 δὲ
690 4303 768 4372 τῷ
801 4305 940 4373 ἁγίῳ
972 4308 1084 4374 φῶς
1116 4303 1184 4378 ἦν
1213 4309 1307 4362 καὶ
1339 4311 1602 4376 στέφανος
1634 4313 1776 4383 ὑπὲρ
1809 4330 1902 4365 κε-

2015 4308 2120 4353 tcm
2144 4299 2375 4354 daemoni
2406 4303 2659 4356 vincula:
2693 4313 2811 4357 erat
2835 4315 3017 4359 autem
3047 4307 3281 4360 amictus
3303 4307 3421 4359 viro
3447 4315 3593 4360 totus

332 4390 524 4458 φαλῆς,
562 4392 652 4443 ἐπὶ
679 4393 735 4446 δὲ
766 4393 843 4464 τῷ
871 4397 1118 4464 στεφάνῳ
1150 4400 1400 4468 σταυρὸς,
1429 4395 1540 4463 οἷος
1569 4401 1731 4456 αὐτὸν
1763 4403 1791 4454 6
1819 4402 1908 4456 λόο

329 4499 425 4547 γος
454 4483 741 4552 προλαϐὼν
767 4485 1024 4553 ἔγραψεν.
1063 4487 1132 4540 Ἤ
1160 4492 1260 4557 τῆς
1289 4491 1354 4543 ἐκ
1384 4493 1476 4544 τού
1506 4493 1756 4564 δαίμονος
1785 4495 1906 4548 τότε

335 4575 530 4641 μανίας
557 4575 950 4643 ἀπαλλαγεῖσα,
987 4579 1183 4646 σεμνόν
1205 4595 1264 4632 τε
1285 4581 1378 4633 καὶ
1409 4581 1664 4654 σώφρονα
1686 4586 1801 4655 βίον
1819 4585 1909 4640 διὰ

326 4665 515 4729 τέλους
557 4667 708 4727 ἐϐίω,
745 4667 949 4739 ταύτην
986 4667 1105 4738 Θεῷ
1142 4672 1234 4724 καί
1282 4671 1358 4742 τῷ
1411 4672 1632 4742 Συμεὼν
1673 4677 1907 4749 ἀμοιϐὴν

327 4757 848 4826 ἀντεισενεγκοῦσαθ
901 4753 934 4834 ᾖ
975 4761 1069 4812 καὶ
1105 4761 1295 4826 νυκτὸς
1337 4761 1534 4832 ὄνειροι
1575 4762 1666 4820 τοῦ
1719 4768 1906 4820 λοιποῦ

329 4850 568 4918 συνεχῶς
603 4850 914 4919 ἐχαρίζοντο
944 4853 1242 4921 φαντασίαν
1275 4853 1447 4923 ὄφεως
1501 4857 1637 4928 αὐτῇ
1684 4858 1778 4911 τοῦ
1809 4858 1908 4911 Συ-

331 4938 478 5008 μεὼν
506 4942 814 5008 ἐνδιδόντες,
842 4946 906 5014 τῇ
934 4943 1053 5015 ὄψει
1083 4945 1140 4997 δὲ
1173 4945 1487 5015 παραδόξως
1517 4950 1608 5000 καὶ
1635 4947 1782 5012 θείας
1816 4949 1908 5004 86-

327 5031 496 5096 ωδίας
519 5036 927 5108 παρεπομένης.

407 5295 558 5358 σμς’.
591 5291 825 5346 Κάκεῖνο
851 5293 906 5346 δὲ
931 5293 1040 5347 τῶν
1076 5301 1489 5368 προειρημένων
1522 5304 1620 5357 οὐκ
1649 5306 1866 5364 ἔλαττον
1889 5327 1904 5340 ’

339 5376 510 5443 Ἀνὴρ
548 5397 631 5443 τις
672 5382 765 5434 τὸν
795 5383 981 5451 ἕτερον
1017 5385 1124 5438 τῶν
1161 5389 1338 5442 ποδῶν
1362 5393 1594 5460 πολλοὺς
1636 5399 1737 5470 ήδη
1779 5403 1907 5471 χρό-

323 5479 454 5528 νους
484 5472 985 5539 πεπηρωμένος,ὼς
1015 5476 1109 5528 καὶ
1132 5477 1322 5533 τούτου
1360 5487 1702 5542 παντάπασιν
1738 5492 1910 5564 ἀχρή-

324 5569 477 5618 στως
518 5557 658 5627 ἔχειν
702 5563 796 5614 καὶ
843 5565 1133 5635 ἀνονήτως,
1178 5569 1459 5646 ὑποζυγίῳ
1512 5579 1708 5652 φόρτος
1755 5557 1906 5656 ἠξιρᾶ

575 5651 847 5714 ΡΑτιιοι..
889 5655 1001 5715 Gs.
1070 5660 1286 5720 LXXX
1303 5663 1404 5726 \‘l.

2013 4390 2252 4454 lucidus,
2288 4391 2341 4445 in
2372 4393 2550 4462 capite
2588 4410 2811 4458 corona,
2855 4411 3017 4466 supra
3047 4413 3208 4466 quam
3245 4408 3589 4452 sacrosancta

2011 4498 2175 4545 crux;
2203 4483 2420 4552 qualem
2445 4486 2622 4554 ipsum
2651 4504 2814 4556 supra
2843 4490 3021 4543 oratio
3049 4499 3234 4544 nostra
3262 4491 3587 4559 descripsit:

2010 4583 2066 4626 et
2099 4573 2292 4628 eodem
2326 4583 2570 4645 tempore
2612 4577 2880 4633 daemonis
2929 4580 3120 4635 furore
3158 4582 3329 4636 libera
3378 4583 3499 4643 luit.
3534 4591 3592 4635 et

2010 4674 2212 4719 castam
2241 4664 2592 4738 sobriamque
2622 4669 2812 4732 vitam,
2842 4672 3056 4739 qualem
3091 4672 3290 4726 deinde
3314 4673 3446 4742 egit.
3477 4673 3587 4726 Deo

2010 4764 2176 4828 atque
2234 4757 2490 4830 Symeoni
2529 4763 2994 4816 remunerationis
3043 4763 3164 4818 ioco
3220 4763 3584 4817 consecravit.

2013 4847 2126 4902 llac
2155 4859 2340 4904 autem
2373 4848 2608 4904 durante
2643 4852 2873 4922 singulis
2907 4853 3020 4908 fere
3056 4854 3311 4908 noctibus
3363 4855 3591 4911 reduce-

2011 4939 2214 4995 bantur
2248 4957 2348 5012 per
2387 4942 2628 5010 quietem
2678 4944 2925 5012 ejusdem
2976 4946 3188 5015 species
3218 4945 3469 5010 visionis,
3498 4945 3590 5016 Sy-

2012 5046 2262 5087 meouem
2303 5034 2771 5102 repraesentantis,
2804 5037 3225 5108 cxhibentisque
3257 5035 3588 5091 beneficium

2014 5121 2304 5188 collatum;
2357 5133 2626 5194 sequente
2667 5126 2830 5180 etiam
2884 5127 3424 5196 repraesentationem
3477 5142 3588 5182 non

2010 5223 2326 5284 exspectata
2367 5215 2558 5271 odoris
2605 5217 2780 5272 divini
2820 5218 3138 5288 fragrantia.

2079 5304 2204 5360 246.
2247 5307 2388 5362 illud
2422 5309 2662 5381 denique
2710 5313 2821 5383 jam
2857 5312 3019 5368 dictis
3069 5328 3178 5368 non
3210 5321 3294 5367 est
3334 5311 3586 5368 inferius.

2012 5395 2111 5452 Vir
2143 5397 2368 5468 quidam
2411 5400 2645 5455 alterum
2692 5403 2888 5471 pedem
2940 5403 3156 5460 diutino
3200 5413 3444 5476 tempore
3501 5405 3588 5460 in-

2009 5487 2348 5541 flammatum
2396 5505 2616 5557 gerens.
2640 5494 2889 5564 nullique
2919 5497 3145 5551 omnino
3178 5496 3302 5550 usui
3357 5504 3588 5563 aptum;

2011 5580 2301 5636 dsssuarin
2329 5581 2636 5652 impositus,
2699 5587 2763 5641 ad
2798 5589 2973 5643 virum
3013 5603 3265 5645 sanctum
3323 5589 3590 5654 advectus

3133 5688 3240 5747 lUl
