4038 6208
463 220 612 288 ἩΞῙΙ

1651 223 1732 283 'S.
1771 223 2150 286 SYMEONIS
2187 223 2548 288 JUNIORIS

3177 173 3280 202 ηιμ.

3591 231 3694 294 321
3705 231 3741 295 2

469 343 584 398 est,
608 331 807 387 adacto
831 330 981 402 pedi,
1015 335 1076 385 ut
1101 331 1379 401 sperabat,
1407 329 1918 400 levam-enaliquod
1949 331 2033 386 ima

2158 334 2251 388 τὸν
2280 335 2422 390 θεῖον
2447 337 2616 407 ἄνδρα
2633 336 2820 391 τοῦτον
2842 337 3096 408 ἀνήγετο,
3115 337 3254 390 ὥστε
3271 337 3410 400 τινὸς
3437 342 3618 409 τυχεῖν
3645 345 3738 393 ἐπὶ

475 432 814 495 petraturus.
837 423 950 478 Sed
960 424 1321 478 concussione
1342 423 1508 477 nimia
1531 420 1798 490 ju-menti,
1819 423 1894 475 ita
1916 422 2056 477 alter

476 529 704 584 quoque
724 529 821 584 pes
845 515 1072 569 attritus
1095 523 1201 581 est,
1239 522 1298 569 ut
1321 514 1494 584 priori
1525 513 1733 576 dolore,
1765 513 1876 567 cui
1904 514 2056 568 leva-

477 620 604 660 men
625 606 1262 676 quaesituruslveniebat,
1295 603 1704 660 intolerabilior
1742 619 1922 658 novus
1951 603 2056 658 do-

477 698 562 751 lor
597 696 763 752 foret.
800 697 1020 752 Positus
1055 697 1223 768 igitur
1255 705 1380 750 ante
1409 695 1744 760 columnam,
1774 711 1910 764 quas
1937 711 2050 748 non

475 786 662 840 emisit
687 801 858 840 voces
883 796 977 840 aut
1011 787 1195 856 potius
1247 787 1428 840 fontes
1473 787 1880 857 lacrymarum!
1938 785 2050 840 Ne-

477 879 656 934 sciens
683 886 862 930 utram
897 879 1070 946 prius
1126 886 1370 946 gemeret
1423 877 1812 938 calamitatem,
1871 877 2046 944 magis

472 965 636 1019 etiam
663 964 885 1034 ignarus
903 966 1042 1034 quid
1069 965 1286 1035 utrique
1317 965 1658 1034 potissimum
1695 965 1921 1018 remedii
1944 965 2043 1018 ad-

475 1055 696 1109 hiberet
728 1074 740 1109 :
801 1055 896 1124 qui
936 1056 1086 1110 enim
1127 1057 1450 1124 nequiverat
1479 1055 1712 1108 tolerare
1735 1055 2042 1108 cruciatum
2097 1125 2100 1128 _

471 1145 738 1213 priorem,
790 1146 964 1199 multo
1013 1147 1126 1214 jam
1155 1146 1462 1214 graviorem
1512 1145 1790 1198 sentiebat.
1845 1160 2043 1199 secun-

469 1233 600 1286 dum
627 1251 641 1287 :
680 1233 1142 1301 quemadmodum
1175 1233 1657 1302 majorem-afferre
1677 1233 1762 1286 vel
1797 1233 2038 1286 dolorem

470 1322 554 1376 vel
580 1323 862 1392 gaudium,
895 1331 1056 1390 prout
1097 1323 1236 1376 forte
1261 1339 1347 1378 res
1378 1339 1436 1378 se
1473 1324 1756 1386 habuerit,
1807 1323 1896 1376 illa
1953 1339 2041 1376 so-

465 1417 582 1470 lent
609 1431 731 1484 qua:
755 1421 882 1468 sunt
911 1413 1231 1467 recentiora.
1257 1411 1394 1477 Quia
1437 1421 1622 1466 autem
1671 1413 1843 1464 altero
1901 1411 2038 1479 pede

466 1505 768 1576 ali-quando
795 1513 956 1559 utens
983 1515 1184 1558 neutro
1211 1519 1357 1557 nunc
1377 1504 1632 1558 insistere
1677 1511 1916 1572 poterat,
1951 1502 2036 1556 in-

467 1597 768 1653 tolerabilis
790 1597 840 1650 ei
866 1596 1022 1650 dolor
1050 1594 1362 1659 videbatur,
1400 1609 1574 1663 eoque
1606 1594 1826 1662 gravi-or
1865 1593 2036 1662 quod,

2163 423 2246 494 τῷ
2267 425 2385 477 ποδὶ
2405 424 2722 495 θεραπείας.
2741 427 3198 498 Ἀποσεισαμένου
3221 429 3277 482 δὲ
3303 430 3548 500 σφοδρῶς
3575 432 3740 484 αὑτὸν

2167 513 2262 567 τοῦ
2293 517 2612 584 ὑποζυγίου,
2649 517 2964 589 σύντριμμα
3001 521 3095 572 καὶ
3125 520 3216 572 τὸν
3244 521 3431 590 ἕτερον
3471 522 3736 588 ἐγεγόνεε,

2163 601 2240 665 ὡς
2269 600 2410 657 εἶναι
2431 605 2526 656 τοῦ
2551 607 2822 678 προτέρου
2851 607 3074 674 πάθους,
3097 602 3158 662 οὖ
3185 609 3344 677 χάριν
3365 609 3738 678 ἀνεκομίζετο,

2164 693 2488 764 πικρότερον
2519 695 2584 748 τὸ
2614 698 2808 767 παρόν.
2853 697 3076 750 Τιθίασι
3106 700 3288 751 τοίνυν
3317 699 3478 751 αὐτὸν
3510 701 3614 770 πρὸ
3641 703 3732 753 τοῦ

2163 785 2377 850 στύλου,
2409 785 2559 849 τίνας
2584 787 2682 840 οὐκ
2707 788 2936 856 ἀφιέντα
2963 787 3165 858 φωνὰς,
3189 789 3222 860 ἦ
3255 789 3504 860 δακρύων
3536 791 3734 860 μᾶλλον

2163 877 2376 944 πηγάς;
2405 877 2674 948 προτέραν
2705 879 2804 932 οὐκ
2843 879 3034 948 ἔχοντα
3066 881 3303 948 ποτέραν
3343 881 3601 950 πενθήσει
3631 884 3735 934 τῶν

2165 969 2480 1038 συμφορῶν,
2541 971 2739 1038 μᾶλλον
2785 971 2841 1024 δὲ
2893 971 2944 1023 τί
2982 989 3109 1024 ποτε
3157 972 3265 1040 ἄρα
3305 975 3440 1043 πρὶς
3473 975 3739 1042 ἑκατέρα)

2161 1057 2338 1128 ἑαυτῷ
2380 1057 2679 1128 χρήσεταιο
2715 1063 2876 1114 ὁπότε
2906 1061 3004 1132 τὴν
3033 1063 3306 1132 προτέραν
3343 1065 3404 1115 ού
3442 1063 3737 1134 δυνάμενος

2159 1149 2364 1218 φέρειν,
2425 1147 2700 1220 βαρυτέρᾳ
2733 1153 2968 1222 κέχρητο
3023 1151 3200 1222 πολλῲ
3241 1157 3306 1223 τῇ
3349 1154 3598 1224 δευτέρῃ,
3627 1156 3736 1226 ὅσῳ

2157 1237 2254 1290 καὶ
2301 1237 2464 1292 πλέον
2494 1241 2703 1304 λυπεῖν,
2741 1241 2772 1310 ῆ
2815 1241 2976 1293 πάλιν
3015 1241 3326 1311 εὐφραίνειν
3365 1244 3640 1312 ὁποτέρως
3669 1245 3736 1296 ἂν

2149 1326 2349 1414 ἔχοντα
2393 1329 2566 1398 τύχοι,
2618 1332 2688 1382 τὰ
2725 1330 2963 1399 νεώτερα
2995 1327 3155 1384 οἶδεν.
3208 1329 3396 1386 Ὁπότε
3433 1332 3489 1384 δὲ
3530 1333 3734 1400 μᾶλλον

2154 1417 2250 1469 καὶ
2297 1416 2506 1488 θατέρῳ
2552 1422 2664 1473 τοῖν
2691 1420 2866 1472 ποδοῖν
2901 1419 3202 1490 χρώμενος,
3241 1423 3300 1474 ού
3335 1424 3588 1492 φορητῶς
3619 1421 3734 1492 εἶχε

2153 1507 2248 1560 τοῦ
2289 1509 2512 1574 πάθους,
2572 1509 2852 1581 μηδετέρῳ
2911 1509 3007 1563 νῦν
3053 1512 3268 1564 δύναιτο
3311 1512 3546 1580 χρῆσθαι
3573 1527 3588 1540 ·
3639 1515 3736 1565 καὶ

2153 1599 2182 1652 ὅ
2205 1617 2268 1668 γε
2299 1601 2461 1655 πάλιν
2489 1601 2806 1672 δεινότερον,
2845 1603 2926 1654 ὃτι
2958 1602 3046 1656 διὰ
3073 1603 3132 1654 τὸ
3161 1603 3260 1673 τὴν
3291 1604 3564 1674 προτέραν
3597 1605 3736 1656 dno-

465 1691 600 1745 dum
621 1690 726 1743 .uni
763 1688 1057 1743 calamitati
1083 1687 1366 1757 qumrcbat
1409 1687 1678 1750 levamen,
1731 1685 2033 1739 secundum

2146 1688 2330 1742 θέσθαι
2380 1691 2474 1742 καὶ
2505 1691 2554 1758 -ή
2605 1689 2832 1760 δευτέρα
2866 1689 3234 1758 προστέθειτο.
3277 1691 3462 1745 Ταῦτα
3517 1693 3614 1744 καὶ
3663 1691 3736 1745 τὲ

477 1781 970 1836 incurrerit.-Dum
1021 1780 1135 1834 liazc
1171 1787 1226 1832 et
1285 1777 1374 1831 bis
1428 1777 1628 1830 similia
1679 1776 2038 1830 acerbissime

467 1875 802 1928 lamentatur
832 1871 1000 1926 homo
1027 1869 1119 1923 ille
1151 1909 1164 1932 ,
1199 1868 1526 1923 existimans
1544 1866 1782 1938 Symcon
1830 1883 2038 1935 nequa-

465 1979 630 2036 quam
664 1979 786 2019 esse
810 1961 1169 2016 humanitatis
1197 1973 1308 2014 sum
1357 1960 1536 2028 ipsum
1592 1957 1900 2026 despicere,
1949 1971 2038 2009 sa-

464 2065 784 2112 crosanctas
814 2068 1010 2108 manus
1039 2067 1170 2106 suas
1203 2066 1302 2120 pro
1339 2051 1434 2103 illo
1463 2049 1536 2103 ad
1583 2050 1752 2102 Deum
1782 2049 1945 2112 tollit,
1981 2056 2038 2102 et

464 2147 651 2202 statim
676 2145 820 2216 (quis
849 2153 1020 2207 tuam,
1073 2141 1304 2196 Domine
1355 2141 1508 2204 Jesu,
1557 2139 1858 2209 potentiam
1904 2143 2041 2194 celeo

464 2235 647 2306 bret?)
671 2233 940 2288 ambobus
965 2231 1199 2302 pedibus
1229 2231 1302 2284 ita
1323 2229 1564 2283 extensis
1580 2244 1641 2282 ac
1663 2229 1707 2282 si
1737 2229 2035 2282 multorum

463 2325 723 2379 manibus
779 2321 1012 2378 extracti
1047 2319 1302 2384 fuissent,
1351 2327 1580 2388 repente
1627 2318 1680 2372 in
1737 2329 2035 2387 conspectu

459 2417 740 2478 omnium,
777 2411 1288 2470 commiserantium
1321 2423 1386 2464 ac
1441 2411 1606 2464 simul
1637 2409 1962 2472 dolentium,
2003 2423 2038 2462 ο

461 2518 618 2564 terra
637 2521 890 2578 surgens,
917 2501 1258 2576 conﬁrmatis
1281 2500 1516 2571 pedibus
1541 2508 1687 2554 recte
1715 2499 2030 2554 incedebat.

2144 1777 2369 1830 τοιαῦτα
2416 1777 2627 1848 πικρῶς
2670 1777 3016 1848 ὀδυρόμενον,
3053 1779 3317 1847 περιιδεῖν
3347 1781 3734 1850 φιλάνθρωπον

2145 1863 2396 1934 οὐδαμῶς
2429 1867 2457 1917 ὁ
2503 1864 2644 1928 θεῖος
2680 1861 2902 1934 Συμεὼν
2927 1865 3046 1917 οὐδὲ
3083 1868 3364 1935 συμπαθὲς
3399 1869 3728 1938 ἡγούμενοῖ,

2141 1956 2294 2018 ὁσίας
2323 1956 2461 2027 ὑπὲρ
2493 1955 2659 2008 αὐτοῦ
2701 1955 2820 2026 Θεῷ
2845 1959 3032 2026 χεῖρας
3062 1957 3232 2027 αἴρει,
3262 1959 3356 2010 καὶ
3384 1964 3732 2030 παραχρῆμα

2147 2047 2254 2116 (τίς
2282 2045 2378 2098 σοῦ
2398 2049 2496 2110 τὰς
2515 2048 2854 2112 δυναστείας,
2889 2049 3114 2116 Χριστέ,
3145 2049 3526 2123 διηγήσεταις)
3553 2055 3730 2106 κα.θά-

2147 2155 2252 2208 περ
2285 2139 2389 2191 ὑπὸ
2426 2139 2662 2208 πλήθους
2689 2139 2888 2208 χειρῶν
2915 2141 3202 2203 ἑλκόντων,
3243 2141 3414 2206 οὕτως
3443 2145 3594 2217 αὐτῷ
3621 2163 3726 2198 που

2143 2229 2251 2280 δῶν
2285 2229 2562 2296 ἑκατέρων
2597 2229 2974 2296 διαταθέντων,
3021 2231 3216 2300 ἀθρόον
3256 2233 3350 2286 τοῦ
3393 2236 3624 2303 ὲδὰφους
3665 2241 3726 2288 ὲν

2143 2317 2442 2386 ὀφθαλμοῖς
2478 2309 2751 2378 ἁπάντων,
2781 2322 2890 2382 τοῖς
2923 2320 3072 2389 αύτῷ
3101 2322 3195 2374 καὶ
3225 2325 3603 2393 συμπάσχουσι
3627 2324 3728 2377 καὶ

2098 2431 2100 2434 ·
2145 2406 2493 2473 συναλγοῦσι,
2523 2406 2838 2474 διαναστὰς,
2883 2409 3018 2480 ὀρθὰ
3055 2409 3256 2478 βαίνων
3297 2411 3391 2486 ἦν,
3439 2415 3528 2469 καὶ
3561 2415 3726 2468 ποσὶν

2142 2499 2476 2568 ἐρρωμένοις
2513 2499 2814 2569 χρώμενος.

1863 2611 2088 2667 CAPUT
2130 2611 2330 2666 XXXI.

1587 2723 1820 2778 'Sanct-us
1867 2725 2038 2778 sancti
2071 2722 2351 2794 Symconis
2399 2729 2591 2780 abitus.

529 2850 656 2905 2H.
699 2848 938 2916 Tempus
989 2845 1097 2900 viri
1150 2841 1326 2898 sancti
1375 2839 1638 2894 miracula
1687 2847 2024 2900 narrantem,

463 2938 615 3010 prius
643 2936 868 2992 deﬁciet
900 2949 1066 3005 quam
1087 2932 1205 2987 haec
1247 2931 1385 3000 ipsa,
1441 2929 1488 2982 si
1555 2926 1740 2982 omnia
1798 2927 2028 2980 voluero

2211 2841 2354 2909 σμέ.
2395 2841 2694 2913 Ἐπιλείψει
2729 2861 2796 2914 με
2857 2845 2992 2915 πρὸς
3021 2847 3274 2918 διήγησιν
3321 2848 3432 2904 τῶν
3475 2850 3574 2906 τοῦ
3619 2853 3722 2910 ἀν-

2137 2929 2262 3000 δρὸς
2291 2931 2610 3000 θαυμασίων
2633 2936 2660 2985 ὁ
2693 2936 2904 3002 χρόνος.
2937 2937 2967 3006 ἧ
2999 2939 3170 2991 ταῦτα
3197 2940 3418 3008 μᾶλλον,
3449 2945 3498 2996 εί
3541 2947 3722 3002 πάντα

460 3003 836 3100 pariiculatim
863 3003 1177 3088 recensere,
1215 3037 1336 3091 quae
1367 3021 1455 3074 vel
1487 3020 1664 3089 palam
1715 3027 1772 3073 et
1819 3019 2030 3083 multis,

2140 3020 2280 3073 κατὰ
2335 3023 2499 3092 μέρος
2545 3003 2980 3094 ἀπαριθμεῖσθαι
3017 3003 3329 3100 βουλοίμην,
3365 3003 3424 3086 ού
3452 3035 3520 3086 τὰ
3561 3043 3716 3106 κοινῇ

462 3122 549 3177 vel
569 3137 690 3192 qua:
716 3119 973 3188 privatim
1004 3125 1060 3169 et
1089 3113 1321 3184 singulis
1357 3111 1498 3165 facta
1520 3119 1680 3164 sunt:
1711 3125 1834 3164 cum
1865 3110 2032 3163 etiam

459 3221 584 3282 post
607 3211 822 3265 obitum
860 3209 1009 3262 illius
1041 3203 1312 3276 prodigia,
1364 3201 1692 3270 perennium
1733 3200 2032 3254 ﬂuviorum

461 3289 650 3358 fontes
695 3298 995 3362 imitantia,
1027 3295 1084 3348 in
1131 3292 1462 3346 hodiernum
1506 3305 1678 3359 usque
1727 3288 1871 3343 diem
1903 3303 2032 3358 per-

459 3392 682 3454 durent,
709 3403 884 3458 eaque
907 3395 1016 3440 tam
1045 3384 1288 3454 copiosa,
1321 3389 1382 3436 ut
1404 3395 1527 3452 quae
1554 3379 2029 3450 praetermittimus

457 3500 570 3540 non
623 3482 884 3553 pauciora
923 3480 1036 3534 sint
1066 3493 1230 3548 quam
1273 3490 1394 3546 quae
1449 3473 1759 3528 retulimus.
1837 3471 1908 3527 Ut
1957 3485 2028 3526 ne

457 3581 644 3648 itaque
675 3571 987 3645 adjiciendo
1017 3570 1178 3640 plura
1224 3568 1533 3622 satietatem
1575 3562 1888 3633 legentibus
1929 3572 2026 3616 aut

456 3665 906 3737 defatigationem
969 3662 1307 3732 ingeramus,
1371 3671 1436 3711 ac
1467 3653 1626 3710 multi
1671 3653 1838 3708 etiam
1895 3669 2026 3722 pro-

455 3769 578 3830 pter
593 3756 1028 3828 magnitudinem
1057 3752 1368 3806 detrectent
1403 3747 1604 3800 librum
1645 3744 1854 3814 legere;
1887 3759 2026 3813 pra:-

458 3843 742 3907 te'reuntes
764 3845 984 3902 silentio
1007 3859 1128 3914 quae
1153 3841 1416 3909 deinceps
1441 3836 1794 3906 contigerunt
1841 3835 2026 3888 omnia

456 3943 682 4010 (quanta
725 3937 938 3992 scilicet
967 3944 1464 4002 energumenorum
1496 3936 1610 3981 tum
1633 3926 1877 3979 virorum
1907 3932 2024 3978 tum

454 4031 1028 4098 mulierum;quanta
1079 4021 1528 4095 hydmpicorum,
1579 4016 2028 4086 paralyticorum-

453 4120 857 4194 quemanibus,
897 4115 1150 4187 pedibus,
1203 4112 1380 4167 oculis
1441 4117 1765 4178 captorum;
1818 4115 2024 4178 quanta

453 4215 575 4271 aliis
598 4212 886 4270 doloribus
917 4224 982 4266 ac
1013 4202 1429 4262 inﬁrmitatibus
1481 4216 1796 4272 p‘ressorum
1862 4198 2024 4252 turba

2137 3109 2236 3160 καὶ
2265 3111 2348 3170 ei;
2388 3111 2618 3174 πολλοὺς
2655 3113 2842 3182 μόνον,
2871 3114 3006 3168 ἁλλὰ
3038 3117 3132 3168 καὶ
3163 3117 3233 3186 τὰ
3263 3119 3596 3176 καθέκαστον
3620 3127 3720 3177 καὶ

2137 3199 2248 3270 ἰδίᾳ
2275 3203 2618 3271 γεγενημένα
2648 3219 2663 3235 ·
2716 3206 2877 3258 ὁπότε
2923 3208 3018 3260 καὶ
3047 3210 3182 3276 μετὰ
3211 3209 3365 3272 τέλος
3398 3213 3548 3284 αὐτῷ
3587 3217 3718 3268 ἀεν-

2137 3291 2298 3355 νάους
2346 3295 2602 3364 ποταμῶν
2631 3298 2708 3358 εἰς
2737 3296 2896 3366 δεῦρο
2923 3299 2994 3352 τὰ
3039 3298 3292 3368 θαύματα
3337 3307 3584 3372 μιμῖται
3608 3323 3716 3374 πη-

2133 3383 2260 3450 γὰς,
2283 3383 2362 3446 ὡς
2404 3381 2542 3438 εἶναι
2582 3387 2690 3438 τῶν
2718 3388 3031 3458 εἰρημένων
3059 3391 3158 3443 οὐκ
3190 3391 3398 3445 ἐλάττω
3425 3395 3492 3446 τὰ
3521 3411 3718 3464 παρει-

2135 3475 2512 3545 μένα.⁸’1νόὒν
2564 3479 2640 3548 μὴ
2679 3478 2854 3532 πλείω
2895 3482 3243 3551 προσθέντες,
3277 3484 3376 3554 ούχ
3409 3485 3555 3548 ὅπως
3597 3490 3714 3550 τοῖς

2129 3567 2506 3634 ἁναγινώσκου
2515 3585 2564 3620 σι
2579 3568 2762 3638 κόρον,
2776 3570 2909 3622 ἀλλὰ
2927 3571 3019 3624 καὶ
3035 3573 3280 3642 κάματον
3295 3575 3714 3646 ὲμποιήσωμεη,

2129 3658 2182 3709 oi
2208 3657 2390 3710 πολλοὶ
2419 3659 2474 3711 δὲ
2504 3660 2596 3712 καὶ
2649 3661 2784 3730 πρὸς
2810 3661 2872 3713 τὸ
2903 3662 3126 3732 μέγεθος
3167 3666 3586 3736 ἀπαγορεύσωσι
3615 3667 3710 3720 τοῦ

2131 3746 2431 3816 βιϐλίου,τὰ
2460 3749 2660 3818 μεταξὺ
2690 3751 2868 3803 πάντα
2899 3754 3188 3824 παρέντες,
3217 3757 3340 3808 ὅσον
3370 3759 3522 3828 αὐτῷ
3541 3759 3712 3828 δηλα-

2125 3839 2194 3908 δὴ
2247 3841 2341 3894 καὶ
2381 3840 2510 3895 ἄλλο
2537 3840 2936 3910 δαιμονῶντων,
2971 3845 3074 3898 οὐκ
3122 3847 3331 3916 ἀνδρῶν
3365 3849 3526 3916 μόνον
3571 3849 3712 3902 ἀλλὰ.

2129 3927 2224 3978 καὶ
2279 3929 2550 3994 γυναικῶν
2596 3931 2929 4002 προσαχθείη
2958 3931 3184 4001 πλῆθος,
3217 3934 3341 3988 ὅσον
3375 3937 3712 4006 ύδεριώντιυν

2128 4017 2225 4070 καὶ
2270 4020 2636 4090 παρειμένων,
2681 4021 2742 4074 ού
2795 4023 2903 4092 μὴν
2959 4023 3092 4076 ἀλλὰ
3139 4026 3232 4078 καὶ
3280 4027 3555 4098 χεῖρας,ἣ
3603 4028 3710 4079 πό-

2125 4109 2305 4182 δας,ῆ
2339 4114 2433 4165 καὶ
2481 4113 2786 4182 ὀφθαλμοὺς
2839 4115 3031 4187 πηρῶν
3059 4156 3074 4182 ,
3104 4117 3227 4170 ὅσον
3275 4136 3334 4171 τε
3377 4119 3572 4172 πάθεσι
3613 4121 3712 4173 καὶ

2127 4205 2429 4274 νοσήμασιν
2459 4205 2666 4276 ἑτέροις
2693 4204 3052 4275 πιεζομένων,
3076 4208 3170 4260 καὶ
3197 4207 3326 4280 παρ’
3353 4207 3518 4260 αὑτοῦ
3543 4208 3712 4277 θερα-

455 4307 521 4366 ad
552 4307 732 4376 ipsum
782 4303 968 4365 allata,
1010 4307 1176 4369 atque
1229 4291 1669 4351 incolumitatem
1723 4295 2020 4344 consecuta

2140 4287 2288 4342 πείαν
2342 4292 2745 4361 κομισαμένων,
2778 4293 2855 4362 τῷ
2885 4295 2980 4363 τῆς
3021 4295 3302 4366 παρούσης
3330 4296 3496 4350 αὑτοῦ
3521 4297 3674 4367 ζωῆς

457 4403 528 4456 sit
567 4415 608 4468 ),
629 4415 754 4456 cum
782 4405 926 4454 meta
953 4396 1078 4450 vitae
1104 4392 1250 4448 illius
1274 4388 1558 4460 praesentis
1583 4392 1780 4440 metam
1804 4397 2024 4453 quoque

455 4487 748 4559 scriptioni
783 4485 1034 4556 ﬁgamus.

523 4579 646 4634 248.
671 4577 954 4648 Agebatur
976 4573 1140 4645 igitur
1167 4579 1390 4626 sanctus
1437 4567 1673 4636 Symeon
1697 4565 1809 4635 jam
1855 4559 2022 4631 quin-

454 4680 568 4726 tum
605 4667 715 4740 (64)
757 4681 924 4736 supra
963 4661 1426 4733 septuagesimum
1456 4657 1631 4712 aetatis
1648 4669 1760 4710 sua:
1789 4666 2020 4712 annum,

453 4759 711 4828 quintum
735 4769 869 4810 vero
927 4767 1096 4823 supra
1123 4748 1629 4820 quadragesimum,
1685 4759 1754 4799 ex
1801 4757 1912 4812 quo
1965 4743 2020 4794 in

453 4849 690 4904 maxima
742 4846 854 4918 (65)
877 4852 1041 4914 atque
1091 4850 1368 4910 postrema
1433 4837 1688 4892 columna
1753 4839 2012 4892 steterat,

452 4956 578 4996 cum
609 4955 640 4995 a
671 4936 927 4993 familiari
986 4932 1180 5003 angelo
1227 4931 1434 4985 certior
1486 4928 1664 4982 factus
1713 4923 2020 4994 appropin-

451 5031 678 5104 quantis
703 5029 808 5084 sibi
835 5028 961 5081 vitae
991 5026 1172 5078 exitus
1195 5067 1208 5088 ,
1251 5023 1302 5078 id
1335 5022 1512 5092 ipsum
1563 5016 1880 5072 convocatis
1940 5013 2024 5068 di-

450 5123 702 5194 scipulis,
729 5119 928 5178 acerbo
961 5116 1278 5172 dolentibus
1337 5127 1614 5177 sermone,
1669 5106 2017 5178 significavit.

450 5216 592 5271 Tum
616 5230 748 5270 vero
773 5211 944 5286 multa
969 5209 1037 5264 de
1077 5208 1462 5262 mandatorum
1493 5201 1808 5258 divinorum
1841 5198 2023 5253 obser-

448 5308 707 5374 vatione,
725 5305 795 5361 de
845 5289 1139 5360 concordia
1163 5308 1218 5354 et
1241 5297 1506 5353 charitate
1547 5302 1760 5356 mutua,
1790 5289 1858 5345 de
1899 5304 2024 5360 pro-

529 5463 643 5534 (64)
674 5461 768 5534 Sic
794 5461 924 5534 anni
953 5459 1022 5514 45
1049 5459 1104 5512 in
1136 5458 1234 5534 hac
1271 5453 1504 5534 maxime
1541 5449 1812 5534 columnq,
1946 5445 2014 5534 in

452 5517 640 5598 suit-1,,
664 5517 704 5587 δέ
745 5536 800 5588 in
839 5531 1088 5584 columna
1127 5521 1737 5598 pedumgquadraginta,
1773 5519 1806 5568 6
1853 5517 1909 5568 in
1933 5531 2017 5568 co-

455 5596 638 5666 mmto
663 5603 908 5675 prima,i
957 5602 1012 5654 in
1051 5596 1369 5652 monasterio
1405 5599 1530 5646 ante
1577 5603 1913 5644 conscensum
1939 5602 2020 5639 co-

2127 4377 2272 4432 τέλει
2303 4379 2394 4431 τὸν
2417 4381 2574 4448 λόγον
2605 4384 3108 4454 συγκαταλύσομεν.

2200 4565 2346 4629 σμη’.
2385 4553 2494 4611 Ἦν
2527 4557 2637 4626 γὰρ
2663 4555 2810 4627 αύτῷ
2841 4561 2940 4627 τῆς
2975 4555 3189 4625 ἡλικίας
3244 4560 3360 4622 ἔτος
3395 4561 3496 4630 ἤδη
3551 4562 3704 4632 πέμ-

2131 4665 2265 4702 πτον
2301 4649 2395 4701 ἐπὶ
2425 4651 2536 4711 τοῖς
2561 4648 2954 4718 ἑῦδομήκοντα,
2980 4647 3080 4718 τῆς
3107 4648 3150 4700 δ’
3173 4650 3264 4701 ἐπὶ
3306 4649 3400 4702 τοῦ
3435 4651 3700 4720 μεγίστου

2127 4741 2222 4793 καὶ
2284 4739 2594 4792 τελευταίου
2647 4738 2838 4792 στύλου
2893 4739 3136 4800 στάσεως
3181 4739 3430 4807 πέμπτον
3461 4739 3556 4792 ἐπὶ
3587 4745 3704 4804 τοῖς

2123 4831 2530 4900 τεσσαράκοντα
2563 4845 2578 4860 ⁸
2607 4829 2700 4882 τοῦ
2734 4829 2982 4882 συνοίκου
3013 4829 3327 4898 Πνεύματος
3373 4830 3706 4898 ἐγγίζουσαν

2123 4919 2272 4989 αὐτῷ
2292 4919 2390 4989 τὴν
2407 4919 2666 4988 ἐκδημίαν
2687 4919 2784 4990 ἤδη
2813 4919 3199 4990 γνωρίσαντος,
3215 4919 3554 4985 συγκαλέσας
3575 4924 3710 4981 τοὺς

2127 5009 2396 5081 μαθητὰς,
2425 5009 2520 5062 καὶ
2567 5009 2770 5078 ταύτην
2811 5009 2972 5060 πάλιν
3019 5011 3224 5071 ἐκεῖνος
3261 5011 3444 5072 αὐτοῖς
3492 5014 3706 5080 πικρὰν

2124 5103 2346 5173 ἐκείνην,
2389 5100 2649 5168 ἀγγελίαν
2705 5101 2974 5170 μηνύσας,
3003 5101 3097 5152 καὶ
3153 5101 3320 5152 πολλὰ
3373 5103 3472 5168 μὲν
3505 5103 3710 5163 αὐτοῖς

2125 5195 2253 5262 περὶ
2281 5195 2378 5263 τῆς
2411 5195 2518 5246 τῶν
2551 5192 2710 5245 θείων
2745 5191 2972 5244 ἐντολῶν
2999 5191 3268 5261 φυλακῆς,
3297 5193 3392 5244 καὶ¹
3415 5193 3494 5256 εἰς
3523 5193 3698 5263 ἀλλή-

2121 5287 2242 5348 λους
2258 5285 2530 5357 ὁμονοίας,
2562 5285 2656 5336 καὶ
2689 5284 2788 5353 τῆς
2819 5285 2898 5348 εἰς
2927 5283 3018 5336 τὸν
3052 5283 3282 5353 πλησίον
3315 5284 3540 5356 ἀγάπης
3571 5285 3696 5338 δια-

2123 5443 2384 5519 iumnqm,
2418 5439 2454 5492 5
2484 5441 2538 5493 in
2592 5439 2744 5491 domo
2784 5445 3010 5519 paterna
3073 5439 3366 5519 tramae-ti,
3409 5451 3696 5493 numerum

2121 5515 2258 5568 hunc
2285 5511 2352 5564 75
2409 5523 2672 5578 annorum
2695 5507 2910 5578 prcecise
2939 5507 3226 5578 complent.

2195 5581 2304 5652 (ύῦ)
2339 5579 2478 5650 Ergo
2497 5577 2664 5666 uilior
2937 5575 3168 5658 pedibus.
