4038 6208
392 245 531 309 3213

1404 244 1573 304 VITA
1612 241 1658 297 Α
1696 236 2133 298 NICEPIIORO
2178 236 2661 295 CONSCllll‘TA.

3504 231 3667 294 3214‘

392 355 624 426 λεχθεὶς,
662 351 827 406 πολλά
856 352 910 406 δὲ
950 350 1079 421 περὶ
1127 353 1443 424 πειρασμῶν
1480 353 1757 421 ὑπομονῆς
1786 366 1983 419 παραι-

2087 348 2354 401 ximorum
2408 342 2703 401 dilectione
2775 360 2900 399 cum
2961 346 3092 415 ipsis
3144 345 3389 405 locutus;
3457 344 3647 399 multis

394 450 575 507 νέσας,
606 446 757 508 τέλος
783 445 919 514 ὅπερ
944 446 1140 507 αὐτοὺς
1161 445 1276 514 ⁴ᾔδει
1300 444 1489 515 μαθεῖν
1519 442 1892 513 βουλομένους,
1914 441 1974 492 οὔ

395 537 733 609 θαρροῦντας
779 537 836 589 δὲ
869 536 967 605 τὴν
988 534 1279 605 ἐρώτησιν,
1301 536 1447 597 ὅπως
1474 534 1758 605 ἄνθρωπος
1785 531 1861 583 ὢν
1879 532 1976 583 οὐκ

394 629 756 698 ἀνθρωπίνοις
810 628 1000 691 σιτίοις
1059 626 1337 697 ἐτρέφετο,
1379 624 1536 679 τοῦτο
1592 625 1775 685 αὐτοῖς
1822 623 1972 689 φιλο-

397 719 641 789 στόργως
675 716 1065 781 ἀνακαλύπτει,
1105 718 1191 770 ἵνα
1242 718 1442 787 μᾶλλον
1486 713 1688 776 αὐτοὺς
1729 711 1976 764 ἐντεῦθεν

396 812 749 881 οίκοδομήσῃ,
781 812 875 863 καὶ
913 809 1166 880 μείζονας
1193 809 1379 873 αὐτοῖς
1417 809 1502 871 εἰς
1535 806 1671 859 Θεὸν
1719 804 1978 874 ὑποτείνῃ

398 902 639 963 ἐλπίδας.

475 1080 618 1149 σμθ’·
664 1080 804 1148 Ἐγὼ
828 1080 958 1150 γὰρ,
991 1082 1175 1149 φησιν,
1212 1075 1256 1133 ὧ
1285 1083 1451 1135 τέκνα
1501 1080 1596 1133 καὶ
1624 1078 1862 1145 ἀδελφοὶ,
1891 1074 1977 1127 ἵνα

401 1174 533 1242 μηδέ
561 1172 589 1224 δ
626 1171 842 1225 ποθεῖτε
889 1172 1017 1241 ὑμῖν
1048 1171 1454 1244 ἀποκρύψωμαι
1487 1170 1733 1242 (συνίημι
1763 1168 1871 1238 γὰρ
1900 1166 1978 1234 τῷ

398 1264 675 1333 Πνεύματι
732 1264 827 1316 καλ¹
863 1263 1191 1316 σιωπώντων
1244 1263 1438 1332 ὑμῶν),
1470 1261 1675 1314 πολλῶν
1708 1259 1801 1313 τοῦ
1842 1258 1977 1311 Θεοῦ

399 1353 493 1406 καὶ
526 1354 780 1423 μεγάλων
817 1354 1173 1424 εὐεργεσιῶν,
1204 1353 1299 1407 τοῦ
1330 1353 1753 1422 ἀντιλαὸομένου
1788 1366 1889 1419 μου
1914 1349 1977 1401 ἐκ

400 1445 632 1515 γαστρὸς
684 1445 891 1515 μητρός
949 1446 1164 1515 μου,ὠς
1209 1445 1328 1498 οὐδὲ
1374 1445 1503 1514 ὑμῖν
1548 1444 1691 1496 ἔστιν
1739 1442 1975 1508 ἀγνοεῖν,

401 1536 734 1598 ἀπολαύσας,
761 1538 839 1588 ἔτι
870 1536 1141 1589 καὶτοῦτο
1174 1537 1380 1607 μακρὸς
1411 1536 1510 1607 ἤδη
1540 1534 1728 1603 χρόνος
1754 1533 1812 1596 ἐξ
1852 1534 1975 1584 ὅτου

400 1627 499 1695 τῆς
532 1627 867 1697 ἀγαθότητος
894 1626 1059 1680 αὑτοῦ
1087 1627 1357 1696 δεηθείην,
1387 1626 1697 1691 ἀπαλλάξαι
1750 1640 1816 1693 με
1868 1622 1974 1674 τῶν

400 1718 494 1771 τοῦ
544 1718 735 1782 αἰῶνος
788 1718 982 1771 τούτου
1037 1718 1362 1789 βρωμάτιον.
1404 1717 1568 1771 Ἀλλὰ
1605 1715 1722 1778 πῶς
1772 1732 1863 1767 σου
1909 1714 1975 1766 τὰ

402 1808 550 1877 ἐλέη,
578 1810 801 1877 Χριστέ,
830 1810 923 1863 καὶ
950 1809 1049 1879 τὴν
1072 1809 1441 1879 χρηστότητα,
1465 1809 1531 1879 ἢν
1569 1808 1832 1878 ἐποίησας
1856 1806 1977 1858 τότε

406 1897 542 1967 μετά
572 1897 665 1948 τοῦ
707 1897 893 1950 δούλου
926 1914 1018 1949 σου
1067 1898 1407 1967 διηγήσομαι
1433 1913 1449 1964 ;
1492 1895 1739 1949 Έδόκουν
1768 1894 1892 1948 τινὰ
1917 1893 1980 1946 τὸ

405 1986 593 2055 σχῆμα
636 1988 730 2038 καὶ
765 1984 863 2056 τὴν
906 1985 1173 2056 ἀναϐολὴν
1203 1987 1371 2057 ἱερέα,
1404 1986 1519 2055 φῶς
1544 1985 1734 2055 ὥσπερ
1766 1985 1979 2055 ἱμάτιον

404 2076 721 2130 ἐνδεδυκότα
777 2080 929 2147 δρᾷν,
962 2076 1155 2139 σκεῦός
1209 2093 1268 2129 τε
1317 2076 1394 2146 τῷ
1437 2077 1593 2146 ἀνδρὶ
1635 2076 1776 2128 θεῖον
1824 2070 1892 2144 ἦν
1922 2074 1980 2124 ἐν

404 2169 603 2239 χεροῖν,
637 2168 732 2220 καὶ
786 2168 852 2221 δι’
882 2169 1047 2240 ἀέρος
1080 2164 1171 2221 οἷα
1220 2169 1539 2238 φερόμενος,
1573 2168 1793 2234 ἐγένετο
1845 2165 1981 2232 πρός

408 2277 477 2330 με
507 2274 523 2290 ·
561 2260 588 2313 ὅ
623 2278 676 2312 τι
722 2261 819 2330 μὲν
850 2257 943 2313 οὖν
983 2262 1363 2314 ἐναωτέθειτο
1395 2260 1474 2330 τῷ
1511 2258 1719 2324 σκεύει,
1752 2258 1981 2328 φράζειν

406 2350 510 2403 οὐκ
547 2350 676 2419 ἔχω,
713 2352 884 2413 οὕτως
916 2352 1226 2422 ἀπόρρητόν
1271 2369 1322 2404 τι
1354 2353 1445 2404 καὶ
1475 2351 1690 2421 ἥδιστον
1726 2350 1823 2402 οὐκ
1857 2349 1982 2401 ίδεῖν

410 2441 592 2510 μόνον,
624 2439 759 2492 ἀλλά
796 2442 889 2493 καὶ
914 2441 1211 2509 γεύσασθαι
1241 2437 1330 2512 ἦν.
1375 2443 1433 2495 Ὀ
1460 2443 1515 2493 δέ
1549 2444 1615 2508 τῇ
1645 2440 1823 2492 λαϐίδι
1861 2438 1982 2505 τρὶς

410 2532 571 2601 ὲνῆκέ
603 2549 703 2601 μου
751 2530 829 2601 τῷ
874 2534 1124 2602 στόματι.
1173 2533 1263 2598 Ἐξ
1296 2533 1505 2587 ἐκείνου
1526 2532 1707 2585 τοίνυν
1731 2530 1858 2600 ἄχρι
1887 2528 1981 2581 καὶ

407 2622 504 2677 νῦν
530 2623 716 2692 ἐώρων
749 2622 909 2674 αὑτὸν
955 2624 1193 2693 ἑκάστης
1225 2624 1510 2695 Κυριακῆς
1543 2621 1680 2690 μετά
1707 2619 1803 2690 τὴν
1834 2618 1983 2671 θείαν

408 2716 772 2787 λειτουργίαν,
812 2718 910 2785 τῆς
934 2718 1187 2786 τοιαύτης
1219 2716 1574 2788 μεταλήψεως
1603 2713 1863 2779 ἀξιοῦντά
1891 2731 1979 2783 με,

409 2809 530 2877 ἥτις
569 2810 674 2872 ἕως
709 2809 787 2871 είς
816 2808 914 2879 τὴν
954 2810 1211 2862 ἐπιοῦσαν
1260 2809 1414 2872 αὖθις
1470 2808 1755 2878 Κνριακὴν
1796 2809 1985 2875 στήρι-

408 2896 528 2967 γμά
564 2914 654 2964 μοι
680 2896 908 2963 καρδίας
933 2896 1160 2964 ἐγίνετο.
1199 2899 1263 2950 Ὀ
1292 2899 1390 2965 μὲν
1434 2897 1526 2949 οὖν
1556 2895 1865 2968 ἀπόρρητόν
1897 2910 1986 2964 μοι

411 2990 549 3059 πρὸς
603 2990 767 3057 ὑμᾶς,
802 2988 870 3041 τὰ
922 2989 1031 3057 ἐμὰ
1083 2988 1270 3053 τέκνα,
1306 2988 1377 3041 τὰ
1423 2988 1531 3058 ἐμὰ
1571 2988 1728 3057 μέλη,
1764 2986 1833 3039 τὰ
1873 2985 1984 3055 ἐμά

414 3082 699 3151 σπλάγχνα
752 3075 843 3150 ἦν,
875 3080 1032 3132 τοῦτό
1085 3079 1313 3143 ἐστιν,ὂ
1372 3079 1466 3132 καὶ
1528 3078 1732 3147 σφόδρα
1788 3075 1984 3145 διψῶσι

417 3172 613 3244 μαθεῖν
670 3169 979 3239 ἐξεκάλυψα
1005 3186 1018 3199 ·
1062 3170 1129 3223 τὰ
1160 3170 1204 3222 δ’
1225 3168 1381 3233 ἄλλα,
1415 3169 1571 3239 ὑμεῖς
1602 3169 1717 3221 ἴστε
1779 3166 1874 3219 ml.
1905 3166 1981 3219 δι-

415 3261 696 3332 ηγεῖσθαι,
726 3260 893 3313 οἱκαὶ
932 3259 1474 3331 παρηκολουθηκότες
1525 3276 1626 3328 μου
1659 3260 1724 3328 τῇ
1769 3257 1982 3326 ἀγωγῇ.

414 3356 505 3405 καὶ
534 3351 980 3421 συνδιαιρέροντές
1016 3369 1106 3420 μοι
1136 3352 1264 3414 τοὺς
1310 3351 1718 3419 πνευματικοὺς
1746 3348 1983 3416 ἀγῶνας,

415 3449 507 3497 καὶ
538 3446 825 3507 κοινωνοὺς
854 3444 945 3511 τοῦ
976 3444 1119 3497 κατὰ
1147 3444 1281 3497 Θεὸν
1308 3443 1422 3511 βίου
1451 3441 1811 3510 γεγενημένοι
1840 3456 1855 3472 ·
1902 3433 1985 3500 οἷς

413 3537 512 3599 τὰς
540 3537 675 3606 ἐμὰς
722 3537 1071 3606 παραδόσεις,
1103 3536 1193 3589 τὸν
1235 3535 1433 3588 κανόνα
1472 3530 1987 3603 παρακατατίθεμαι

416 3628 507 3680 τὸν
531 3629 683 3697 ἐμὸν,
710 3630 917 3697 ταύτην
945 3626 1177 3697 ἀμοιϐὴν
1204 3625 1373 3678 αἰτῶν
1396 3624 1525 3693 παρ’
1546 3624 1717 3693 ὑμῶν,
1735 3624 1788 3675 εί
1812 3639 1862 3673 τι
1879 3621 1989 3673 τῶν

421 3718 547 3786 περὶ
588 3718 728 3785 ὑμᾶς
753 3716 852 3769 οὐκ
878 3715 1241 3786 ἀμνημονεῖτέ
1277 3732 1377 3784 μου
1408 3716 1609 3779 πόνων,
1632 3712 1698 3766 ἵν’
1723 3711 1988 3783 ἀκεραίαν
2022 3704 2026 3708 “

420 3826 509 3877 μοι
565 3807 662 3877 τὴν
721 3807 1192 3877 παρακαταθήκην
1242 3805 1517 3873 τηρήσητε
1547 3802 1636 3855 διὰ
1666 3800 1871 3861 τέλους.
1897 3800 1991 3851 καὶ

416 3900 493 3962 ὡς
548 3900 683 3968 ἐμοῦ
739 3899 1007 3968 παρόντος
1062 3899 1153 3950 καὶ
1208 3896 1348 3966 μετά
1404 3894 1555 3956 τέλος
1621 3894 1751 3961 ὑμῖν
1814 3891 1988 3943 πάντα

416 3991 630 4059 ποιῆτε,
656 3990 751 4041 καὶ
780 3989 853 4050 ὡς
882 3991 938 4040 ἐν
962 3986 1259 4055 ὀφθαλμοῖς
1283 3987 1434 4055 ἐμοῖς
1466 3985 1558 4037 καὶ
1582 3983 1696 4052 βίον
1718 3982 1810 4034 καὶ
1835 3980 1991 4047 λόγον

416 4083 509 4133 καὶ
542 4080 737 4149 πρᾶξιν
763 4080 848 4131 ἀεὶ
893 4077 1237 4144 ἀπευθύνητε
1258 4094 1270 4106 ·
1318 4077 1541 4145 γνωριεῖ
1565 4074 1621 4125 δὲ
1656 4070 1837 4141 σαφῶς
1866 4071 1992 4139 ὑμῖν

414 4174 537 4234 τοὺς
592 4170 839 4223 ἐντεῦθεν
895 4171 1160 4240 καρποὺς,
1195 4170 1280 4221 ἵνα
1324 4166 1399 4236 μὴ
1449 4165 1659 4235 μακρὸν
1707 4164 1819 4229 ἐγὼ
1867 4163 1993 4231 περὶ

413 4260 605 4313 τούτου
628 4261 721 4313 νῦν
746 4260 1013 4312 ἀποτείνω
1036 4259 1215 4328 λόγον,
1243 4259 1275 4325 ἡ
1307 4256 1516 4326 μεγάλη
1550 4257 1644 4327 τῆς
1667 4254 1993 4320 ἐπιφανείας

2078 437 2243 491 etiam
2296 437 2519 490 eosdem
2568 435 2819 490 hortatus
2849 436 2915 489 ad
2982 438 3326 491 tolerantiam
3382 435 3646 489 tentatiu-

2080 545 2247 583 num:
2281 528 2522 593 tandem,
2585 529 2729 598 quod
2784 530 2895 599 jam
2943 539 3272 595 cognoverat
3337 529 3647 601 intelligere

2080 621 2205 675 illos
2258 620 2530 689 imprimis
2562 621 2726 685 velle,
2777 621 2871 675 sed
2920 637 3027 675 non
3092 636 3255 675 ausos
3298 621 3645 689 percontari,

2078 712 2358 782 quomodo
2400 713 2536 782 ipse,
2594 694 2759 769 homo
2812 730 2935 769 cum
2995 724 3161 776 esset,
3211 715 3468 769 humanis
3511 714 3650 769 cibis

2080 822 2189 859 non
2247 817 2612 869 vescerctur.
2668 818 3017 877 peramanter
3068 808 3316 876 aperuit,
3371 817 3429 860 ut
3480 804 3652 871 magis

2080 897 2211 950 hinc
2237 896 2663 964 :edificarentur,
2707 907 2761 952 et
2791 900 3090 953 firmiorem
3117 901 3168 953 in
3216 900 3327 953 Deo
3374 913 3527 969 spem
3556 914 3653 967 po-

2079 998 2292 1043 nerent.

2150 1083 2273 1138 “249.
2316 1084 2449 1153 Ego,
2486 1084 2683 1153 inquit,
2721 1099 2753 1136 ο
2795 1083 2889 1137 filii
2934 1098 2996 1137 ac
3034 1083 3228 1137 fratres
3257 1084 3387 1146 mei,
3416 1091 3477 1136 ut
3511 1083 3651 1136 nihil

2080 1189 2272 1228 eorum
2303 1190 2423 1242 qua}
2462 1176 2602 1227 scire
2630 1174 2832 1241 cupitis
2868 1190 2962 1227 vos
2989 1175 3160 1227 celem
3195 1173 3340 1241 (novi
3372 1172 3517 1225 enim
3542 1173 3653 1241 spi-

2082 1264 2212 1323 ritu,
2244 1264 2399 1316 vobis
2443 1263 2605 1316 etiam
2641 1262 2968 1326 tacentibus,
3001 1260 3133 1330 quid
3165 1259 3442 1328 cupiatish
3467 1260 3653 1312 multis

2080 1363 2136 1407 et
2169 1354 2378 1422 magnis
2425 1354 2540 1416 Dei,
2590 1368 2656 1406 ex
2693 1352 2881 1405 matris
2918 1359 3074 1404 utero
3114 1366 3200 1403 me
3245 1349 3651 1418 praevenientis,

2081 1443 2221 1497 sicut
2259 1453 2316 1497 et
2362 1444 2460 1512 ipsi
2513 1445 2704 1507 nostis,
2746 1443 3026 1497 beneficiis
3070 1442 3270 1495 fruitus
3303 1457 3462 1501 sum;
3518 1440 3653 1494 illud

2079 1534 2244 1586 etiam
2270 1549 2299 1586 a
2333 1535 2505 1587 multo
2525 1534 2634 1601 jam
2664 1542 2907 1601 tempore
2935 1533 3233 1585 bonitatem
3267 1530 3412 1584 illius
3445 1530 3651 1599 rogavi,

2082 1637 2200 1681 uta
2246 1627 2573 1680 necessitate
2625 1627 2878 1680 sumendi
2929 1625 3232 1692 corporalis
3276 1624 3383 1679 cibi
3425 1638 3511 1677 me
3541 1622 3656 1676 exi-

2079 1723 2278 1771 meret.
2308 1715 2511 1769 Verum
2554 1716 2853 1785 quomodo,
2890 1716 3117 1769 Domine
3144 1714 3293 1773 Jesu.
3340 1713 3653 1767 misericor-

2082 1807 2231 1862 diam
2259 1816 2317 1862 et
2367 1808 2673 1862 bonitatem
2707 1816 2877 1871 tuam,
2910 1822 3074 1876 quam
3120 1804 3295 1860 fecisti
3335 1814 3465 1858 tunc
3495 1820 3655 1859 servo

2082 1906 2198 1961 tuo,
2230 1898 2498 1952 enarraho
2521 1899 2544 1950 ?
2570 1899 2805 1954 Videbar
2839 1895 3159 1966 conspicere
3188 1895 3502 1964 quemdam,
3534 1910 3657 1964 spc-

2082 1989 2165 2043 cie
2216 1998 2380 2058 atque
2432 1991 2635 2044 amictu
2698 1990 3068 2053 sacerdotem,
3121 1988 3303 2042 lucida
3360 1987 3506 2041 nube
3555 2003 3655 2056 pro

2081 2078 2413 2133 vestimento
2470 2080 2906 2145 circumdatum,
2952 2096 3047 2136 vas
3110 2079 3386 2150 quoddam
3438 2093 3655 2133 sacrum

2082 2178 2381 2237 gestantem
2434 2172 2708 2235 manibus,
2780 2174 2873 2242 qui
2925 2188 3022 2243 per
3057 2188 3240 2227 aerem
3287 2171 3520 2233 delatus,
3563 2184 3658 2224 ve-

2084 2260 2270 2314 niebat
2321 2261 2387 2315 ad
2440 2278 2557 2327 me;
2602 2262 2737 2317 illud
2790 2274 2973 2319 autem
3024 2264 3173 2333 quod
3224 2277 3349 2315 vase
3407 2261 3657 2316 contine-

2084 2351 2265 2414 batur,
2313 2353 2496 2421 eloqui
2541 2370 2649 2407 non
2699 2369 2921 2422 possum
2953 2355 3111 2423 quale
3141 2353 3344 2418 fuerit;
3389 2351 3527 2407 adeo
3568 2368 3657 2405 ar-

2083 2457 2280 2495 canum
2305 2444 2435 2512 quid
2464 2460 2529 2497 ac
2574 2460 2740 2499 suave
2776 2455 2913 2509 erat,
2946 2461 3053 2498 non
3088 2445 3252 2498 modo
3291 2444 3434 2508 visu,
3466 2460 3656 2497 verum

2083 2532 2247 2587 etiam
2294 2540 2537 2603 gustatu.
2590 2534 2718 2588 lnde
2752 2536 2834 2588 vir
2890 2536 2978 2589 ille
3035 2535 3335 2604 pauxillum
3384 2534 3658 2603 accipiens

2086 2625 2140 2678 in
2175 2624 2448 2678 cochleari
2483 2633 2563 2679 ter
2590 2626 2881 2680 instillavit
2908 2626 2988 2679 ori
3020 2641 3144 2680 meo
3175 2642 3187 2678 :
3214 2634 3268 2679 et
3299 2640 3365 2679 ex
3399 2624 3491 2677 illo
3524 2634 3663 2677 tern-

2086 2731 2218 2786 pore
2274 2733 2444 2786 usque
2476 2718 2528 2771 in
2560 2733 2802 2786 prresens
2845 2719 2957 2772 vidi
3004 2718 3156 2771 illum
3186 2716 3438 2787 qualibet
3476 2717 3665 2771 Dom'h

2086 2804 2207 2859 nica
2255 2805 2365 2867 die,
2416 2806 2566 2859 [inita
2614 2823 2768 2860 sacra
2832 2807 3053 2875 liturgia
3090 2849 3103 2871 ,
3148 2807 3312 2860 simili
3362 2805 3664 2859 refectiono

2088 2910 2175 2948 me
2222 2895 2572 2964 dignantem;
2600 2912 2706 2963 qua
2736 2897 2788 2947 in
2825 2897 3164 2951 Dominicam
3198 2896 3395 2949 iterum
3424 2910 3664 2963 sequen-

2014 3017 2058 3077 C
2092 2995 2201 3039 tem
2245 2984 2618 3040 confortabar.
2660 2987 2839 3056 Atque
2887 2987 2990 3040 hoc
3025 2987 3159 3040 illud
3206 2997 3310 3051 est,
3360 2988 3507 3056 quod
3542 3002 3663 3053 vos,

2090 3076 2233 3131 filios
2274 3093 2446 3141 meos,
2481 3079 2727 3132 membra
2772 3094 2913 3143 mea,
2958 3079 3171 3133 viscera
3219 3095 3359 3143 mea,
3397 3080 3667 3134 hactenus

2088 3168 2295 3233 celavi;
2330 3168 2586 3238 quodque
2624 3170 2737 3238 jam
2788 3169 3063 3223 declaravi
3104 3170 3349 3239 impense
3388 3171 3667 3240 cupienti-

2087 3258 2191 3312 bus
2214 3258 2378 3313 scire.
2402 3259 2611 3313 Caetera
2642 3275 2740 3327 per
2756 3274 2852 3313 vos
2882 3259 2984 3329 ipsi
3012 3260 3167 3314 scitis
3186 3268 3242 3313 et
3267 3274 3491 3315 narrare
3516 3271 3669 3330 pote-

2089 3347 2211 3409 stis,
2241 3348 2336 3416 qui
2372 3346 2683 3402 institutam
2719 3363 2748 3402 a
2789 3365 2876 3403 me
2904 3350 3126 3404 vivendi
3174 3351 3442 3405 rationem
3475 3352 3666 3406 sectati

2089 3440 2244 3503 estis,
2277 3440 2371 3507 qui
2400 3439 2707 3508 spiritualia
2750 3440 2976 3494 certatis
3009 3458 3221 3496 mecum
3254 3444 3576 3507 certamina,
3613 3453 3671 3499 (ι

2092 3529 2147 3582 in
2189 3530 2470 3583 communi
2512 3545 2809 3583 consonam
2858 3530 3063 3586 divinis
3106 3534 3393 3601 praeceptis
3436 3534 3668 3590 duxistis

2092 3621 2258 3675 vitam
2296 3638 2309 3671 :
2345 3622 2549 3689 quibus
2574 3636 2725 3674 nunc
2747 3638 2965 3692 quoque
3005 3624 3399 3693 prteceptiones
3432 3640 3580 3678 meas
3614 3634 3672 3680 ct

2094 3710 2338 3779 regulam
2381 3711 2711 3765 commendo
2754 3712 2908 3782 (66),
2954 3712 3090 3767 illud
3134 3714 3600 3769 remunerationis
3637 3733 3665 3769 a

2093 3803 2250 3856 vobis
2270 3804 2571 3871 postulans,
2598 3804 2641 3857 si
2672 3803 2922 3860 laborum
2944 3822 3083 3876 quos
3100 3807 3279 3861 subivi
3303 3815 3481 3862 vestra
3504 3823 3669 3861 causa

2095 3895 2445 3949 immemores
2474 3912 2584 3950 non
2631 3898 2786 3963 estis,
2826 3908 2888 3953 ut
2934 3900 3358 3955 constitutiones
3387 3916 3537 3955 meas
3588 3901 3671 3953 in-

2097 3994 2247 4055 tegre
2274 4002 2444 4055 usque
2480 3987 2533 4040 in
2561 3988 2723 4042 ﬁnem
2747 3990 3014 4046 servetis:
3043 4002 3171 4057 peto
3190 3994 3354 4045 etiam
3385 4000 3447 4044 ut
3479 4008 3673 4061 quem-

2095 4076 2393 4130 admodum
2450 4094 2537 4131 me
2574 4091 2843 4149 prasente
2890 4083 3117 4146 fecistis,
3168 4084 3241 4138 ita
3287 4092 3409 4154 post
3456 4085 3668 4137 obitum

2096 4182 2315 4235 quoque
2364 4184 2545 4223 meum
2597 4184 2794 4227 cuncta
2832 4174 3011 4229 facere
3045 4177 3305 4245 pergulis,
3350 4193 3459 4231 non
3510 4192 3670 4231 secus

2098 4258 2286 4319 vitam,
2337 4274 2642 4326 sermones,
2682 4279 2846 4332 opera
2882 4276 3083 4328 vestra,
3114 4282 3279 4337 quam
3316 4268 3359 4321 si
3398 4283 3579 4323 coram
3612 4268 3669 4321 in

415 4352 598 4420 ἡμέρα
635 4352 727 4403 καὶ
759 4352 825 4403 τὰ
856 4352 1073 4421 ἑκάστῳ
1096 4353 1216 4403 τότε
1248 4348 1637 4419 ταμιευόμενα,
1666 4346 1713 4399 εί
1764 4348 1985 4399 ἀνεπαι-

2096 4361 2392 4418 conspectu
2422 4369 2544 4407 meo
2573 4357 2955 4419 versaremini,
2981 4358 3300 4428 dirigentes.
3334 4358 3521 4424 Qualis
3546 4358 3671 4415 inde

419 4441 660 4511 qdvrwc
693 4445 807 4495 ἐκεῖ
833 4443 1270 4513 παρασταίημεν.

2091 4442 2304 4496 fructus
2356 4457 2598 4509 maneat,
2657 4454 2718 4499 ut
2774 4448 3078 4515 longiorem
3128 4464 3229 4517 ego
3268 4450 3369 4503 hac
3413 4466 3580 4519 super
3614 4464 3671 4501 re

414 4534 720 4588 orationem
753 4548 862 4587 non
892 4543 1092 4595 texam,
1125 4532 1581 4587 commonstrabit
1615 4530 1773 4585 vobis
1814 4529 2100 4583 manifeste
2167 4532 2285 4586 dies
2350 4534 2440 4587 illa
2485 4536 2941 4591 manifestationis
2989 4553 3204 4606 magna,
3274 4545 3331 4592 et
3375 4553 3495 4607 qua:
3548 4540 3673 4593 uni-

413 4625 610 4694 cuique
654 4633 785 4677 tunc
825 4622 1063 4692 reposita
1094 4631 1241 4685 sunt,
1279 4622 1325 4675 si
1355 4621 1567 4675 confusi
1601 4620 1712 4673 illic
1740 4618 2095 4673 astiterimos.

486 4721 583 4767 ον’.
615 4714 801 4766 Ταῦτα
848 4716 959 4777 τοῖς
994 4711 1262 4782 μαθηταῖς
1310 4714 1405 4765 καλ⁴
1455 4711 1623 4763 πλείω
1670 4709 1992 4779 διαλεχθές.

416 4804 730 4866 τελευταίας
763 4822 821 4857 τε
852 4805 1055 4867 ταύτας
1086 4806 1268 4866 αὐτοῖς
1296 4803 1401 4874 πρὸ
1425 4803 1524 4872 τῆς
1558 4800 1821 4870 ἐκδημίας
1851 4802 1995 4852 ἐντο-

414 4895 511 4959 λὰς
548 4896 860 4966 ἐπισκήψας
887 4897 963 4967 (εἴ
996 4914 1059 4964 γε
1089 4896 1169 4949 δεῖ
1206 4896 1388 4949 καλεῖν
1420 4893 1718 4963 ἐκδημίαν,
1757 4893 1890 4947 ἀλλὰ
1925 4896 1997 4961 μὴ

419 4987 676 5039 ἀνάλυσιν
704 4988 929 5056 μᾶλλον,
976 4988 1008 5058 ἢ
1041 4986 1363 5058 πρόσληψιν,
1398 4986 1431 5056 ἧ
1474 4986 1785 5054 μετάθεσιν,
1819 4985 1851 5052 ἦ
1890 4986 2000 5036 διλ-

416 5078 641 5150 6ασιν,ἢ
675 5079 811 5150 πρὸς
839 5079 906 5131 τὰ
940 5078 1248 5146 ποθούμενα
1279 5077 1527 5146 κλῆσιν),
1549 5075 1750 5144 δεκάτῃ
1784 5075 1838 5127 δέ
1863 5074 2002 5139 pudt

488 5214 597 5282 (66)
619 5211 885 5284 Regulam
921 5212 1016 5284 [lic
1035 5226 1140 5263 non
1174 5207 1737 5284 intelligo_scriptam._
1778 5206 1870 5259 sed
1900 5222 1993 5257 usu

417 5275 762 5352 exemploqu
808 5282 1104 5352 traditam;
1162 5297 1288 5331 nam
1327 5275 1784 5352 sbriptwéwgulw
1814 5292 1996 5352 pauca

418 5346 747 5408 habebantur
794 5354 850 5403 in
896 5350 1143 5413 Oriente;
1208 5364 1370 5417 neque
1402 5346 1682 5416 peculiaris
1719 5349 1913 5414 regula:
1964 5364 1996 5399 α

417 5423 674 5493 Syrneone
727 5422 924 5493 relicta:
964 5420 1078 5493 ulla
1138 5420 1342 5493 uspiam
1388 5418 1581 5493 mentio
1612 5433 1630 5469 :
1684 5419 1779 5493 hoc
1820 5425 1998 5493 autem

424 5487 603 5558 primis
632 5491 1204 5543 monachismiswculis
1255 5490 1423 5556 magis
1473 5489 1635 5539 etiam
1677 5487 1997 5558 obtinuit-in

420 5553 601 5627 nostra
628 5559 924 5621 Occidente,
959 5568 1246 5627 antequam
1280 5553 1631 5610 conderentur
1656 5559 1855 5627 νεηνίαι
1898 5553 1995 5607 SS.

421 5626 681 5697 Mauritii,
716 5629 1002 5692 Benedicti,
1047 5626 1386 5690 COIunthani,
1443 5627 1656 5699 quando
1709 5626 1998 5683 Cassianus

2169 4712 2295 4766 250.
2336 4714 2473 4768 Cum
2522 4715 2639 4770 haec
2673 4725 2728 4769 et
2771 4716 2919 4783 llura
2953 4734 3076 4772 cum
3108 4718 3396 4788 discipulis
3427 4723 3675 4780 collocu-

2099 4812 2210 4867 tus,
2257 4821 2513 4873 suprema
2546 4816 2672 4860 ante
2707 4808 2917 4861 obitum
2956 4810 3209 4864 mandala
3239 4811 3371 4881 ipsis
3402 4815 3677 4885 injunxis-

2100 4906 2183 4949 set
2216 4896 2283 4955 (si
2323 4906 2503 4950 tamen
2536 4898 2720 4969 obitus
2761 4899 2853 4953 ille
2886 4901 3153 4956 dicendus
3192 4904 3281 4968 sit,
3313 4913 3368 4958 et
3412 4921 3522 4961 non
3577 4924 3677 4979 po-

2102 4986 2214 5040 tius
2252 4988 2536 5051 resolutio,
2589 4998 2685 5043 aut
2729 4994 3053 5063 assumptio,
3086 5004 3181 5048 aut
3231 4997 3537 5064 translatio,
3584 5008 3680 5054 aut

2106 5077 2389 5142 transitus,
2423 5088 2518 5132 aut
2540 5082 2758 5135 vacatio
2785 5082 2853 5136 ad
2883 5083 3079 5153 gaudia
3107 5083 3435 5154 desiderata)
3466 5088 3679 5144 decima

2104 5223 2168 5289 ex
2204 5206 2435 5289 βορρτο
2476 5219 2839 5337 εναηερνεδδιιε
2876 5216 2931 5270 in
2982 5215 3238 5281 Calliam,
3277 5220 3484 5290 scripsit
3510 5237 3566 5276 se
3609 5220 3683 5275 ibi

2104 5294 2359 5331 mvcmsse
2383 5288 2463 5333 tot
2490 5297 2619 5337 reau
2648 5298 2707 5337 as
2734 5294 2869 5337 uuot
2894 5286 3079 5337 cellas.
3111 5286 3167 5337 id
3211 5297 3289 5337 est
3322 5294 3681 5337 monasteria-

2097 5286 2463 5357 invenisse‘tot
2490 5286 2707 5351 regulas
2734 5294 2869 5357 quot
2894 5286 3079 5349 cellas,
3111 5286 3167 5339 id
3211 5297 3289 5343 est
3322 5286 3682 5357 monasteria,

2099 5348 2701 5428 po'out_scilicet__visum
2730 5348 2907 5428 fuerat
2925 5348 3181 5428 mitraque
3229 5362 3534 5414 monasterii
3558 5348 3684 5428 fuit;

2098 5419 2373 5499 doloribus
2399 5421 2682 5499 ordinare:
2709 5419 2757 5477 et
2790 5419 3343 5499 Imucruepc'leginms
3372 5431 3474 5483 dici
3519 5419 3687 5499 regno

2099 5488 2211 5567 lani
2236 5500 2552 5568 sanctorum
2583 5493 2825 5557 Patrum,
2859 5498 2941 5550 cui
2975 5488 3340 5568 al'iteysrvriptw
3394 5488 3687 5567 posteacu-

2099 5559 2430 5641 prriudrtctm
2452 5564 2664 5641 [nerant
2687 5579 2704 5614 :
2732 5581 2835 5633 qua
2864 5570 2926 5619 de
2957 5583 3013 5620 re
3045 5559 3338 5638 aliqxaiida
3382 5559 3587 5641 plenius
3632 5570 3685 5631 in

2099 5632 2193 5680 hoc
2216 5644 2370 5697 apere
2414 5632 2750 5686 tractabitur;
