4038 6208
445 359 583 428 311⁵1

1520 351 1878 413 EPISTOLA
1912 349 2021 408 AD‘
2043 346 2428 410 JUSTl-NUM
2471 344 2628 405 IMP;

3553 320 3708 388 πίε

447 474 808 548 θρωπήσαντα
836 468 965 524 Θεὸν
985 469 1182 537 Λόγον,
1215 467 1308 521 καὶ
1331 467 1409 529 είς
1439 466 1547 535 τὴν
1567 464 1838 532 παναγίαν
1869 462 2018 515 ἔνδο-

2141 478 2342 516 mmcm
2403 459 2678 514 actionem
2731 452 3138 522 blaSphemam,
3192 453 3583 521 praesumptam
3637 441 3698 498 in

448 573 537 638 εον
563 572 900 639 Θεομὴτορχ,
931 565 1023 618 καλ⁵
1057 563 1144 616 τὸν
1173 561 1479 614 πάνσεπτον
1508 558 1602 611 καὶ
1632 558 1814 632 τίμιον
1855 571 2018 608 σταυ-

453 667 562 736 ρὸν,
598 663 689 718 καὶ
715 665 791 727 εἰς
820 664 944 721 τοὺς
976 658 1162 727 ἁγίους
1194 653 1382 707 αὑτοῦ.
1429 669 1438 682 ¹

523 937 612 992 Διὸ
655 933 1162 1003 ὑπομιμνήσκοντες
1212 928 1558 997 ἁναφέρομεν
1603 922 1696 976 ἐπὶ
1729 919 1826 983 τὰς
1871 918 2023 981 θείας

453 1029 605 1100 ὑμῶν
638 1027 830 1089 ἀκοὰς,
866 1026 945 1077 ὅτι
976 1025 1024 1076 εί
1049 1023 1098 1075 οί
1137 1019 1492 1080 πανευσεθεῖς
1537 1015 1646 1067 τῶν
1699 1013 2024 1066 καλλινίκων

461 1118 615 1188 ὑμῶν
632 1118 785 1186 νόμοι
810 1112 1292 1185 παρακελεύονται,
1308 1109 1510 1169 είκόνος
1529 1104 1786 1174 βασιλέως
1811 1102 2026 1170 ἐνυϐρι-

451 1211 549 1276 ζομ
559 1209 706 1277 ἔνης,
721 1208 935 1276 θανάτῳ
951 1203 1168 1273 ἐξαισίῳ
1186 1202 1276 1255 καὶ
1292 1197 1630 1266 πανολεθρίῳ
1641 1190 2027 1258 παραδίδοσθαι

450 1303 576 1364 τοὺς
591 1300 748 1352 τοῦτο
768 1299 1064 1368 ἐπιχειρεῖν
1082 1293 1416 1362 τολμῶντας,
1436 1289 1605 1356 πόσης
1623 1288 1728 1358 ἄρα
1753 1284 1892 1348 ἄξιοί
1924 1286 2027 1336 εἰσι

454 1389 746 1457 καταδίκης
764 1391 840 1450 είς
857 1386 1150 1449 ἀπώλειαν,
1171 1384 1219 1436 ei
1240 1384 1316 1444 εἰς
1332 1382 1432 1450 τὴν
1448 1378 1632 1431 εἰκόνα
1649 1375 1741 1429 τοῦ
1767 1373 1898 1428 1⁸ἱοῦ
1935 1373 2028 1427 τοῦ

453 1481 612 1544 Θεοῦ,
637 1481 845 1548 καὶτῆς
864 1478 1136 1545 παναγίας
1163 1474 1375 1538 ἐνδόξου
1399 1471 1660 1525 Θεοτόκου
1686 1467 1822 1538 μετὰ
1850 1467 2032 1536 πάσης

453 1569 679 1623 ἀλέκτου
711 1567 1002 1633 ἀναιδείας,
1025 1566 1120 1620 καὶ
1155 1563 1427 1625 ἀσεϐείας,
1453 1562 1546 1614 καὶ
1566 1559 1653 1613 διὰ
1681 1561 1742 1611 τὸ
1759 1557 2031 1627 ὑπερϐάλ-

453 1660 542 1712 λον
577 1660 744 1714 κακὸν
775 1660 876 1712 οὐκ
905 1657 1098 1728 Exorari
1135 1651 1565 1720 είπεῖν,τοιαῦτα
1607 1651 2026 1720 τετολμηκότες,

456 1749 724 1821 μηδεμιᾶς
788 1752 866 1812 εἰς
913 1747 1159 1810 αύτοῦςι
1211 1744 1519 1814 γενομένης
1570 1740 2026 1812 φιλανθρωπίαςς

2123 554 2301 623 ipsum
2339 552 2433 608 Dei
2464 551 2707 606 Verbum
2728 588 2742 612 ,
2775 545 2922 616 quod
2958 551 3186 614 propter
3220 556 3321 596 nos
3353 540 3710 593 incarnatuma

2121 654 2226 710 est,
2251 653 2306 698 et
2329 643 2384 698 iu
2402 641 2802 698 sanctissimam
2827 653 2889 691 ac
2909 634 3200 706 gloriosam
3223 633 3317 686 Dei
3342 628 3695 690 Genitricem,

2123 745 2287 804 alque
2322 735 2377 788 in
2404 733 2774 788 venerabilem
2805 744 2867 782 ac
2895 726 3189 798 pretiosam
3220 736 3460 784 crucem,
3484 731 3698 772 necnon

2123 835 2178 880 et
2207 827 2258 878 in
2291 831 2510 878 sanctos
2537 823 2678 892 ejus.

2197 919 2427 986 PrOpter
2456 915 2601 985 quod
2642 917 3137 984 commemorantes
3174 901 3515 974 suggerimus
3556 895 3700 952 diri-

2125 1008 2211 1061 nis
2249 1007 2475 1060 auribus
2506 1002 2728 1066 vestris,
2758 1000 3038 1072 quoniam,
3063 997 3108 1052 si
3143 993 3400 1064 piissimae
3435 989 3700 1043 bonarum

2126 1097 2484 1152 victoriarum
2511 1104 2819 1148 vestrarum
2845 1093 2994 1162 leges
3016 1091 3232 1159 jubeut,
3260 1082 3495 1151 imagine
3525 1079 3703 1146 impeo

2129 1189 2329 1242 ratoris
2361 1186 2578 1256 injuriis
2611 1183 2884 1244 lacessita,
2913 1180 3078 1234 morti
3111 1189 3386 1245 suprema:
3417 1185 3481 1225 ac
3515 1166 3702 1240 perui-

2128 1279 2447 1337 ciosissimae
2480 1261 2807 1330 tradEudos.
2839 1273 2935 1342 qui
2973 1272 3078 1324 hoc
3113 1264 3301 1322 conari
3336 1273 3706 1334 prmsumpse-

2129 1371 2263 1433 rint,
2294 1379 2519 1438 quanta,
2549 1376 2730 1436 putas,
2762 1362 2912 1434 digni
2947 1369 3077 1416 sunt
3104 1357 3458 1412 damnatione
3493 1353 3550 1405 in
3584 1364 3710 1420 pcr-

2130 1463 2426 1522 ditionem,
2454 1458 2547 1528 qui
2580 1458 2632 1510 in
2667 1454 2959 1524 imaginem
2984 1449 3108 1506 Filii
3138 1447 3234 1503 Dei
3263 1455 3317 1500 et
3349 1440 3708 1499 sanctissinm

2130 1571 2194 1609 ac
2247 1553 2498 1624 gloriosa:
2539 1551 2637 1604 Dei
2669 1547 2967 1603 Genitricis
3017 1557 3141 1597 cum
3195 1538 3346 1595 omni
3393 1532 3707 1592 incessabili

2133 1642 2450 1716 [iudieibili]
2513 1637 2855 1709 impudentia
2907 1645 2980 1689 ct'
3018 1633 3353 1701 impietate..
3384 1640 3439 1682 et
3487 1634 3710 1696 preptcr

2134 1735 2358 1790 nimiam
2409 1733 2852 1794 malitiam,non
2907 1725 3084 1779 habeo
3131 1721 3275 1791 quod
3324 1716 3713 1780 dieam,ttalia

451 1844 573 1896 ὅθεν
616 1842 971 1910 δυσωποῦμεν
1021 1841 1081 1892 τὸ
1126 1838 1436 1892 καλλίνικον
1489 1836 1644 1905 ὑμῶν
1693 1834 1912 1907 κράτος,
1953 1831 2027 1903 μὴ

2141 1831 2640 1898 praesumpserunt,
2683 1821 2830 1876 nulla
2878 1819 2932 1871 in
2984 1816 3067 1871 eis
3111 1815 3270 1868 facta
3299 1806 3712 1864 misericordia?

454 1935 680 2003 ποιῆσαι
725 1934 870 1996 ἕλεος
909 1935 988 1996 είς
1035 1933 1162 1993 τοὺς
1211 1929 1369 1982 τοῦτο
1409 1927 1830 1996 τετολμηκότας,
1891 1925 2026 1995 μήτε

453 2026 744 2093 φείσασθαι
782 2025 982 2088 αὐτῶν,
1029 2023 1170 2092 μήτε
1221 2021 1319 2091 τὴν
1360 2019 1572 2072 οἱανοῦν
1606 2017 1956 2087 παράκλησιν
1994 2016 2030 2086 ἢ

455 2114 746 2182 ἀπολογίαν
807 2112 1062 2178 δέξασθαι
1119 2112 1246 2180 περὶ
1296 2111 1494 2169 αὐτῶν,
1549 2109 1634 2160 ἵνα
1692 2107 1766 2177 μὴ
1816 2107 1910 2160 καὶ
1953 2109 2040 2168 είς.

452 2205 580 2258 ἄλλο
626 2223 677 2258 τι
721 2203 1008 2274 τραπῶσι,
1061 2201 1244 2264 καθὼς
1317 2200 1419 2270 ἤδη
1478 2199 1712 2268 θεωρίαν
1767 2198 2032 2269 ἑωρακὼς

455 2297 606 2366 ήμην
630 2294 876 2363 δηλώσας
917 2293 995 2362 τῷ
1028 2292 1326 2361 Αὐγούστῳ
1355 2291 1481 2360 μηνὶ
1511 2290 1588 2359 τῷ
1624 2290 1909 2358 ἁγιωτάιῳ
1939 2290 2033 2342 καὶ

459 2388 768 2456 θεοτιμήτῳ
818 2386 1173 2457 πατριάρχῃ,
1229 2384 1477 2453 σημάνας
1514 2385 1569 2435 ἐν
1612 2382 1688 2452 τῷ
1734 2384 1872 2446 τέως
1904 2384 2032 2451 παρ’

459 2478 636 2544 ἑαυτῷ
668 2479 838 2548 ἔχειν.
865 2479 939 2531 υῦ
975 2477 1084 2548 γὰρ
1124 2473 1359 2547 ἔκρυψεν
1403 2476 1494 2544 ἀφ’
1527 2475 1682 2546 ἡμῶν
1732 2478 1759 2528 ό
1807 2475 1938 2538 Θεὸς
1965 2475 2035 2527 τὰ

402 2630 404 2634 ν
457 2570 737 2624 διαϐούλια
775 2570 978 2624 αὐτῶν.
1022 2569 1182 2622 Ὅθεν
1230 2556 1744 2638 πεπληροφόρημᾶι,
1779 2567 2035 2620 ἀειεέϐα-

460 2680 572 2716 στοι
624 2662 1044 2733 αὐτοκράτορες,
1094 2663 1302 2730 ὅτιούχ
1359 2659 1650 2727 ύπενέγκοι
1700 2659 2034 2730 βαστάσαιη

460 2755 564 2807 ὑπὸ
596 2755 691 2825 τῆς
730 2753 1149 2823 μεγαλειότητος
1179 2751 1343 2804 αὐτοῦ
1387 2751 1775 2822 ἐλλαμπομένη
1806 2752 2033 2822 θεοστή-

463 2861 645 2914 ρικτος
679 2843 831 2912 ὑμῶν
863 2842 1059 2912 καρδία
1089 2843 1187 2910 τὴν
1231 2843 1498 2911 τοσαύτην
1529 2843 1626 2910 τῆς
1656 2841 1879 2910 ἀτιμίας
1906 2843 2033 2894 ἀτο-

460 2932 613 2996 πίαν,
663 2932 731 3002 ἢν
787 2931 1041 2984 ούδὲποτε
1074 2932 1237 3000 μέχρι
1266 2929 1360 2982 τοῦ
1399 2930 1495 2982 νῦν
1527 2930 1867 3000 ἀκηκόαμεν,
1899 2931 2039 3000 τάχα

459 3022 516 3076 δὲ
541 3022 664 3076 οὔτε
691 3021 848 3085 ἄλλος
875 3021 1220 3092 Χριστιανός.

546 3204 904 3276 Ἂλλ⁹ἐνορκῶ
927 3205 1089 3273 ὑμᾶς,
1122 3203 1374 3267 δέσποτα,
1405 3202 1545 3256 κατὰ
1579 3203 1669 3256 τοῦ
1689 3201 2037 3273 Ἑμμανουὴλ

463 3299 600 3352 Θεοῦ
653 3298 900 3367 ὑψίστου,
941 3298 1014 3367 μὴ
1045 3298 1332 3366 ἀναμεῖναι
1364 3298 1500 3367 μήτε
1526 3298 1662 3368 πρὸς
1710 3297 1906 3367 μικρὸν
1940 3295 2036 3349 τοῦ

463 3389 718 3457 γενέσθαι
767 3389 864 3460 τὴν
933 3389 1247 3459 πρέπουσαν
1295 3388 1611 3458 ἐκδίκησινο
1666 3387 1921 3441 κελεῦσαι
1981 3389 2037 3442 δέ

465 3482 831 3552 ἔκζητήθῆναι
867 3480 960 3534 καὶ
991 3479 1062 3533 τὰ
1111 3482 1169 3531 ἐν
1209 3479 1286 3549 τῷ
1341 3479 1536 3548 φρέατι
1583 3479 1844 3547 γεγονότα
1888 3479 2039 3550 παρὰ

466 3573 567 3638 τῆς
607 3570 1051 3642 ὑπερϐαλλούσης
1089 3569 1268 3622 αὐτῶν
1325 3569 1704 3636 παγκακίστου
1755 3570 2038 3640 πονηρίας,

467 3664 608 3716 κατὰ
640 3665 739 3734 τὴν
770 3665 911 3733 ὑξὴν
937 3664 1034 3733 τῆς
1068 3662 1209 3731 πρὸς
1228 3661 1326 3733 τὴν
1353 3661 1511 3730 ήμῶν
1539 3661 1866 3730 μετριότητα
1916 3664 2039 3714 ἐπι-

470 3757 690 3826 στολῆς·
731 3756 804 3826 μὴ
838 3755 1279 3827 προσδεχομένης
1331 3757 1431 3824 τῆς
1475 3754 1838 3824 ήμερωτάτης
1889 3753 2042 3823 ὑμῶν

467 3849 805 3915 δεσποτείας,
839 3850 886 3901 εἰ
917 3849 1046 3909 ἴσως
1074 3847 1286 3911 δόξουσί
1316 3862 1461 3908 τινες
1503 3845 1857 3911 ὑποσπείρειν
1882 3843 2042 3897 ἀκαί-

471 3955 598 4009 ρους
653 3939 864 4006 λόγους,
909 3940 982 4001 ὼς
1039 3937 1431 3993 δεσποινιακῶν
1480 3935 1660 3990 αὐτῶν
1718 3937 1906 4000 όντων,
1950 3935 2042 3988 τοῦ

468 4028 604 4080 Θεοῦ
649 4027 742 4081 τοῦ
799 4029 1092 4092 δεδωκότος
1144 4028 1273 4098 ὑμῖν
1323 4028 1383 4079 τὸ
1411 4027 1611 4097 κράτος
1672 4024 1846 4086 οὕτως
1903 4025 2046 4095 ὑπὲρ

469 4123 652 4175 πᾶσαν
688 4119 942 4175 ἀσέϐειαν
982 4120 1390 4190 ὲνυϐρισθέντος
1417 4135 1430 4150 °
1466 4122 1615 4182 ὅπως
1644 4119 1738 4170 καὶ
1787 4119 1836 4170 οἱ
1871 4118 2048 4170 λοιποὶ

469 4214 650 4268 αὐτῶν
681 4213 842 4282 τρόὸον
869 4213 1033 4283 ἔχωσι
1074 4215 1252 4276 πάσας
1282 4213 1380 4276 τὰς
1427 4213 1645 4282 ἡμέρας
1695 4211 1795 4278 τῆς
1842 4211 2049 4280 ἐπαρὰ-

469 4323 562 4359 του
609 4309 704 4358 καὶ
733 4305 1123 4376 ἀφωρισμὲνης
1162 4303 1337 4356 αὐτῶν
1365 4302 1606 4371 βιώσεως
1630 4318 1643 4332 ⁸
1668 4299 1762 4365 οὓς
1794 4300 1888 4354 καὶ
1912 4303 2049 4353 ἀπο-

466 4396 680 4464 δέξεται
717 4397 779 4449 τὸ
831 4395 1091 4464 συγγενὲς
1142 4393 1319 4447 αὐτῶν
1353 4395 1539 4455 σκότος
1581 4394 1660 4455 εἰς
1702 4394 1799 4458 τὴν
1828 4392 2048 4444 καταδί-

2131 1919 2286 1976 Unde
2326 1919 2680 1973 obsecramus
2719 1909 3232 1966 vietoriosissimum
3275 1901 3574 1971 imperium
3613 1914 3712 1951 vr-

2131 2022 2342 2073 strum,
2389 2025 2457 2064 ne
2505 2008 2670 2062 faciat
2715 2000 3152 2058 misericordiam
3216 1997 3291 2051 in
3325 2009 3438 2048 eos
3467 1991 3560 2061 qui
3609 1990 3715 2044 hoc

2132 2117 2291 2171 agere
2328 2101 2446 2154 ausi
2481 2107 2640 2161 sunt,
2674 2099 3077 2165 neque‘parcat
3111 2089 3220 2150 eis,
3255 2099 3433 2154 neque
3466 2082 3716 2152 qualem-

2133 2208 2350 2262 cunque
2414 2189 2846 2260 postulationem
2902 2183 2988 2238 vel
3046 2180 3318 2234 rationem
3382 2191 3548 2244 super
3610 2173 3717 2226 illis

2136 2285 2369 2354 accipiat
2397 2299 2464 2336 ne
2496 2283 2548 2335 in
2579 2279 2729 2334 aliud
2759 2277 2890 2349 quid
2923 2282 3232 2339 vertantur,
3260 2267 3427 2324 sicuti
3454 2267 3565 2336 jam
3597 2264 3716 2317 viszt

2134 2376 2381 2431 videram
2418 2373 2668 2428 indicans
2693 2375 2944 2442 Augusto
2983 2379 3167 2420 mense
3209 2359 3556 2416 sanctissimo
3591 2363 3645 2410 et
3686 2370 3718 2409 a

2135 2471 2247 2525 Deo
2273 2465 2758 2522 bonorabilissimo
2785 2458 3132 2532 patriarchzr,
3151 2453 3468 2525 significans
3495 2441 3718 2504 interim

2138 2563 2243 2616 hoc
2272 2559 2416 2630 apud
2445 2574 2503 2614 se
2531 2555 2861 2612 servandum
2907 2571 2920 2606 :
2965 2565 3139 2619 neque
3179 2547 3326 2601 enim
3366 2540 3655 2598 abscondit
3690 2558 3720 2594 η

2137 2654 2297 2708 nobis
2326 2655 2469 2706 Deus
2499 2649 2860 2720 cogitationes
2885 2659 3102 2700 eorum.
3139 2639 3294 2695 Unde
3334 2645 3523 2692 certus
3569 2649 3716 2693 sum.

2138 2761 2356 2816 semper
2398 2743 2631 2814 Augusti
2684 2740 3077 2810 imperatores,
3130 2731 3279 2804 quod
3329 2744 3440 2784 non
3493 2726 3722 2783 suﬂ'erat

2141 2843 2253 2896 Deo
2303 2839 2686 2895 conﬁrmatum
2739 2851 2838 2890 cor
2884 2841 3160 2889 vestrum,
3201 2826 3347 2896 quod
3410 2823 3584 2895 ipsius
3637 2831 3724 2876 est

2142 2931 2518 3004 magnitudine
2545 2930 2900 2990 illustratum,
2926 2931 3129 2978 tantam
3162 2915 3565 2974 inbonorantiae
3594 2929 3724 2983 pro-

2142 3023 2452 3085 cacitatem,
2487 3035 2651 3092 quam
2694 3030 2976 3084 nunquam
3020 3013 3130 3066 huc
3175 3023 3350 3079 usque
3388 3004 3722 3068 audivimus.

2063 3137 2108 3200 ρ
2144 3115 2396 3170 fortassis
2424 3123 2607 3168 autem
2632 3125 2737 3166 nec
2765 3107 2908 3162 alius
2933 3104 3224 3176 quisquam
3253 3099 3723 3157 Christianorum.

2215 3208 2322 3264 Sed
2368 3207 2560 3277 adjuro
2603 3218 2732 3266 vos,
2764 3199 3015 3260 domine,
3043 3212 3145 3266 per
3185 3191 3508 3248 Emmanuel
3551 3190 3729 3243 Deum

2143 3300 2450 3362 excelsum,
2480 3311 2551 3350 ne
2595 3292 2874 3349 sufferatis
2910 3289 3104 3344 saltem
3153 3286 3220 3340 ad
3269 3282 3544 3337 modicum
3593 3280 3728 3349 quid
3783 3279 3787 3286 ’

2147 3392 2267 3446 ﬁeri
2323 3391 2615 3446 decentem
2660 3385 2996 3448 vindictam;
3060 3381 3154 3436 sed
3211 3377 3457 3450 jubeatis
3509 3373 3728 3444 exquiri

2146 3479 2310 3532 etiam
2347 3479 2437 3531 illa
2470 3491 2592 3546 qua}
2624 3475 2678 3528 in
2709 3481 2879 3543 puteo
2904 3471 3048 3526 facta
3090 3475 3220 3523 sunt
3255 3483 3284 3520 a
3327 3465 3496 3520 nimia
3534 3479 3730 3518 eorum

2146 3578 2204 3624 et
2239 3566 2479 3637 pessima
2521 3565 2801 3636 nequitia.
2841 3561 3151 3618 secundum
3192 3567 3441 3614 tenorem
3485 3556 3734 3626 epistolae

2149 3677 2270 3730 quae
2319 3660 2386 3713 ad
2433 3667 2676 3713 nostram
2729 3653 3172 3711 mediocritatem
3222 3650 3544 3704 transmissa
3587 3658 3673 3703 est
3714 3664 3730 3702 :

2151 3751 2378 3806 minime
2436 3749 2792 3818 permittente
2852 3741 3308 3799 mansuetissima
3355 3737 3734 3793 dominatione

2150 3852 2366 3905 vestra,
2415 3843 2460 3895 si
2511 3840 2654 3894 forte
2710 3835 3031 3908 putaverint
3081 3832 3304 3904 quidam
3352 3829 3736 3886 subseminaro

2151 3934 2495 4002 importunos
2541 3943 2854 3991 sermones,
2907 3939 3032 3980 eum
3077 3923 3236 3994 quasi
3284 3921 3576 3977 dominica:
3625 3921 3738 3974 sint

2154 4021 2446 4094 potestatis
2470 4020 2612 4093 [ατη
2631 4035 2686 4089 q.
2709 4017 2774 4072 ad
2802 4016 3039 4071 domina:
3067 4015 3105 4070 i.
3126 4018 3382 4084 Augustae
3409 4021 3737 4083 potestatem

2153 4111 2519 4186 pertineant],
2554 4113 2666 4167 Deo
2696 4109 2790 4180 qui
2821 4107 2974 4163 dedit
3002 4107 3160 4161 vobis
3196 4104 3522 4176 imperium,
3552 4105 3736 4159 taliter

2155 4222 2322 4275 super
2361 4221 2580 4261 onmem
2625 4202 2962 4273 impietatem
3011 4200 3231 4271 injuriis
3273 4198 3472 4253 all‘ecto
3518 4215 3532 4251 :
3579 4207 3638 4254 ut
3681 4205 3737 4253 et

2157 4297 2339 4353 caeteri
2373 4312 2565 4352 eorum
2601 4296 2855 4350 timorem
2888 4291 3370 4347 babeanteunetis
3396 4287 3591 4344 diebus
3620 4303 3739 4342 ma-

2157 4391 2372 4446 ledicta:
2397 4406 2460 4445 ac
2485 4397 2778 4460 segregatas:
2808 4386 2934 4442 vitae
2965 4386 3210 4454 ipserqu
3252 4401 3266 4438 :
3303 4398 3443 4452 quos
3474 4391 3531 4437 et
3557 4381 3738 4436 susei—

469 4507 573 4559 κην
606 4488 698 4542 τοῦ
737 4489 1020 4559 μέλλοντος
1063 4486 1260 4549 αὐτοὺς
1310 4484 1615 4538 κατεσθίειν
1645 4485 1915 4537 ἁσῦἐστου
1955 4486 2039 4537 καὶ

2158 4484 2312 4553 pient
2335 4491 2579 4551 cognatae
2609 4479 2849 4535 Lenebra:
2874 4493 2989 4532 suae
3021 4477 3073 4530 in
3099 4476 3508 4530 damnationem
3534 4471 3742 4528 vermis

469 4579 745 4649 ἁφεγγοῦς
779 4580 980 4649 πυρός’
1031 4578 1126 4630 καὶ
1176 4576 1601 4642 καταθεματίσει
1636 4576 1834 4640 αὐτοὺς
1871 4577 1951 4638 εἰς
1983 4574 2052 4628 τὰ

471 4671 799 4741 καταχθόνια
849 4669 947 4738 τῆς
973 4666 1209 4720 ἀϐύσσου
1245 4667 1376 4718 αὐτὸ
1406 4666 1464 4718 τὸ
1496 4667 1757 4734 πανὰγιον
1789 4669 1884 4719 καὶ
1916 4685 2046 4720 παν·

469 4763 770 4832 τοδύναμον
794 4762 932 4814 ΙΙνεῦ
944 4777 1018 4829 μα
1046 4758 1219 4828 Ἰησοῦ
1243 4756 1481 4828 Χριστοῦ
1504 4755 1596 4810 τοῦ
1630 4757 1835 4829 Κυρίου
1865 4758 2047 4826 ἡμῶν,

469 4855 531 4909 τὸ
583 4857 648 4907 ἐκ
700 4853 793 4910 τοῦ
855 4851 1068 4921 Πατρδς
1108 4850 1562 4920 ἐκπορευόμενον,
1617 4848 1710 4900 τοῦ
1754 4847 2050 4902 ἀπολέσθαι

473 4947 671 5009 αὐτοὺς
720 4948 798 5008 είς
839 4945 1143 5014 ἀπέραντον
1201 4941 1497 4996 ἀπώλειαν.
1548 4941 1750 4995 Τοῦτον
1799 4943 1908 5012 γὰρ
1963 4942 2056 4995 τὸν

472 5037 636 5108 ζῆλον
685 5035 1080 5100 ἐνδεικνύμενοι
1153 5033 1477 5094 σπουδαίως,
1519 5031 1875 5099 θεο’ρύ>.ακτοι
1930 5048 2056 5102 τρο-

473 5129 749 5199 πα;οῦχοι,
788 5130 867 5192 είς
890 5124 1054 5178 αὐτὸν
1086 5123 1176 5177 τὸν
1209 5122 1676 5194 συμϐασιλεύοντα
1707 5125 1770 5192 τῇ
1803 5123 2055 5194 εὐσεϐείᾳ,

476 5221 632 5293 ὑμῶν
676 5223 941 5292 μονογενῆ
969 5220 1121 5282 Θεὸν,
1149 5219 1288 5287 ὑπὲρ
1318 5215 1414 5286 τὴν
1437 5214 1531 5267 τοῦ
1579 5214 1833 5283 Ἀϐραὰμ
1866 5213 2056 5266 θυσίαν

471 5312 906 5384 ἀποδεχθήσεσθε
962 5311 1113 5380 παρὰ
1141 5309 1239 5379 τῆς
1266 5307 1428 5362 αὑτοῦ
1459 5306 1839 5358 παντεπόπτου
1873 5305 2058 5376 θεότη-

472 5417 584 5464 τος·
605 5405 696 5455 καί
715 5403 864 5454 ἔσται
884 5403 973 5453 ἐπὶ
992 5401 1158 5454 πλείω
1175 5398 1513 5468 εὐλογημένη
1531 5397 1624 5449 καὶ
1645 5395 2054 5467 μεγαλυνομένη

475 5493 556 5564 τῷ
597 5492 789 5563 κράτει
842 5494 942 5562 τῆς
1008 5493 1187 5563 ἰσχύος
1239 5489 1404 5545 αὐτοῦ
1443 5489 1852 5561 ἡφιλόχριστος
1899 5489 2053 5559 ὑμῶν

478 5581 724 5655 βασιλεία
779 5585 920 5656 ὑπὲρ
975 5584 1154 5648 πάσας
1211 5584 1310 5648 τὰς
1365 5581 1676 5654 ἔμπροσθεν
1736 5581 2046 5654 βασιλείαςο

549 5773 890 5847 ⁸,1σ.αύτᾰς.

2162 4572 2414 4646 [cineris]
2441 4573 2533 4642 qui
2565 4580 2918 4627 comesturus
2940 4577 3018 4622 est
3049 4567 3192 4631 illos,
3213 4576 3268 4621 et
3293 4562 3741 4636 iguisquiilnon]

2147 4665 2460 4736 splendebit
2500 4681 2513 4717 :
2554 4671 2612 4717 et
2652 4659 3141 4716 anathematizabit
3182 4653 3742 4730 [eatatbematizabit]

2150 4773 2248 4812 eos
2295 4757 2349 4810 in
2396 4754 2755 4809 inferioribus
2801 4751 2982 4822 abyssi
3029 4751 3146 4819 ipse
3194 4758 3418 4804 sanctus
3460 4756 3518 4802 et
3557 4747 3741 4802 omni-

2153 4859 2348 4919 potens
2384 4846 2623 4916 Spiritus
2650 4845 2780 4899 Jesu
2813 4842 3019 4898 Christi
3057 4841 3276 4895 Domini
3313 4840 3510 4904 nostri,
3541 4839 3636 4909 qui
3674 4855 3742 4894 ex

2157 4942 2316 4996 Patre
2363 4937 2648 5007 procedit,
2684 4934 2750 4988 ad
2800 4933 3145 5005 perdendum
3191 4933 3315 4987 illos
3363 4931 3418 4985 iu
3470 4929 3742 4984 inﬁnitam

2160 5031 2550 5102 perditionem.
2584 5029 2744 5083 Hunc
2767 5013 2914 5083 enim
2946 5026 3124 5081 zelum
3155 5023 3316 5079 vobis
3347 5034 3602 5086 strenue,
3630 5022 3746 5077 Deo

2161 5122 2525 5178 conservandi
2568 5130 2624 5176 et
2667 5119 3134 5188 triumphatores,
3160 5115 3216 5170 in
3260 5114 3440 5185 ipsum
3482 5112 3578 5184 qui
3618 5129 3744 5168 cum

2161 5216 2364 5286 pietate
2396 5225 2575 5268 vestra
2605 5220 2826 5283 regnat,
2854 5210 3203 5280 unigenitum
3234 5205 3747 5266 demonstrantibus

2162 5309 2367 5371 Deum,
2399 5321 2567 5374 super
2604 5303 2938 5359 sacriﬁcium
2975 5300 3213 5358 Abrahae
3255 5297 3634 5370 suscipiemini
3673 5297 3744 5360 ab

2161 5400 2281 5469 ejus
2311 5407 2642 5454 cunctorum
2671 5394 3004 5466 inspectrice
3031 5393 3238 5448 deitate
3271 5410 3285 5446 :
3317 5399 3373 5447 et
3396 5391 3503 5446 erit
3530 5405 3748 5460 peram-

2160 5491 2307 5561 plius
2334 5489 2687 5546 benedictum
2704 5528 2719 5553 ,
2747 5486 2994 5558 potentia
3015 5485 3242 5542 virtutis
3267 5486 3417 5558 ejus,
3444 5491 3503 5539 et
3530 5480 3745 5553 magni?

2163 5581 2385 5637 ﬁcatum
2419 5580 2642 5638 Christo
2676 5578 2941 5636 dilectum
2975 5575 3269 5648 imperium
3299 5582 3541 5632 vestrum
3571 5583 3747 5645 super
