4038 6208
337 326 481 392 3219
1270 333 1690 395 ZACIIARIAS
1729 306 1923 393 vim

1982 334 2211 393 XRCIIA
2251 331 2652 394 lIlEROSCa‘L
3443 327 3577 390 32ἳο

335 446 524 499 omnia
559 444 921 514 praecedentia
953 463 1116 516 regna
1153 467 1163 500 :
1196 451 1458 518 quoniam
1492 451 1593 519 ipsi
1623 458 1707 504 est
1737 449 1909 513 gloria

1981 449 2271 519 ,ὅτιαύτῷ
2335 450 2368 507 ἡ
2430 448 2556 512 δόξτ
2609 449 2689 510 εἰς
2741 447 2864 509 τοὶς
2920 444 3122 508 αἰῶνας
3177 444 3288 496 τῶν
3345 442 3576 499 αἰώνων.

330 535 393 590 in
420 537 616 591 secula
643 539 988 592 saeculorum.
1015 541 1208 594 Amen.
2023 543 2212 613 Ἀμήν.

344 745 2570 776 Mm

1333 937 1477 1021 DE
1581 938 1735 1023 SS.
1843 937 2596 1026 IMAGINIBUS.

932 1167 1185 1229 LEQUIEN.
1217 1167 1272 1222 S.
1300 1168 1495 1222 Joann.
1527 1170 1844 1225 Damasceni
1880 1169 2017 1240 Opp.
2069 1171 2344 1242 Patrolog.
2399 1181 2438 1226 ι.
2475 1170 2657 1236 XCIV,
2687 1187 2810 1245 pag.
2847 1172 3007 1229 mo.

336 1455 518 1528 Magni
548 1455 839 1527 Symeonis,
866 1471 897 1507 a
919 1442 1094 1509 monte
1116 1456 1431 1530 Thaumasto
1465 1459 1600 1528 (68),
1633 1460 1900 1528 deimagi-

2009 1456 2126 1514 Τοῦ
2173 1455 2441 1527 μεγάλου
2494 1458 2736 1530 Συμεὼν
2791 1459 2894 1530 τοῦ
2957 1459 3340 1529 Θαυμαστοῦο
3372 1459 3576 1530 ὅρους,

1081 1527 1251 1580 nibus.
1478 1527 1481 1528 ⁷
1562 1527 1565 1528 ⁷
1827 1527 1835 1528 ⁷
2575 1542 2676 1594 περ

1478 1527 1481 1528 ⁷
1562 1527 1565 1528 ⁷
1827 1527 1835 1528 ⁷
2575 1527 2707 1594 περὶ
2732 1529 3001 1585 εἰκόνων.

417 1657 436 1689 ‹
470 1638 538 1692 At
566 1638 868 1693 infidelium
915 1641 1115 1709 aliquis
1139 1639 1324 1695 forsan
1364 1642 1709 1712 vitilitigator
1759 1659 1906 1712 quae-

2083 1659 2101 1692 ι
2131 1641 2292 1704 Ἴσως
2319 1637 2376 1691 δέ
2404 1655 2490 1701 τις
2529 1637 2639 1691 τῶν
2677 1637 2922 1692 ἀπίστων
2951 1640 3250 1708 φιλόνεικος
3281 1641 3377 1705 ὢν,
3409 1643 3581 1711 ἀμφι·

339 1728 571 1783 stionem
596 1731 1183 1800 praeponet,dicetque
1228 1747 1352 1797 nos,
1405 1734 1499 1802 qui
1557 1733 1610 1786 in
1658 1735 1907 1789 ccclesiis

2008 1731 2286 1802 σόητήσει,
2323 1728 2514 1796 λέγων,
2547 1729 2628 1781 ὅτι
2662 1730 2772 1782 Καὶ
2803 1731 2963 1799 ἡμεῖς
3001 1732 3060 1783 ὲν
3097 1734 3216 1796 ταῖς
3262 1732 3582 1801 ἐκκλησίαις

339 1817 608 1888 imagines
653 1834 872 1889 quoque
911 1821 1224 1886 adoramus,
1251 1823 1317 1876 iis
1357 1826 1726 1878 accensendos
1765 1824 1902 1889 fore,

2007 1822 2222 1884 εἰκόνας
2275 1819 2726 1891 προσκυνοῦντες,
2760 1821 2850 1884 ὡς’
2887 1821 3116 1892 ἀψύχοις
3153 1825 3581 1895 προσευχόμενοι

333 1909 436 1977 qui
471 1909 782 1966 simulacris
838 1912 1096 1967 inanimis
1134 1913 1468 1982 supplicant.
1504 1901 1663 1969 Absit
1698 1916 1904 1984 itaque,

2008 1911 2247 1974 εἰδώλοις
2283 1910 2743 1980 λογισθησόμεθα.
2766 1911 2860 1982 Μὴ
2884 1908 2976 1966 οὖν
3007 1914 3216 1980 γένοιτο
3246 1917 3390 1984 ἡμᾶς
3418 1913 3581 1968 τοῦτο

342 2008 402 2053 ut
441 2000 493 2054 id
541 2015 643 2055 nos
695 2003 1122 2056 committamus.
1171 2005 1306 2057 Nam
1358 2004 1491 2073 quid
1539 2015 1706 2074 agunt
1751 2005 1908 2059 Chri-

2009 2005 2200 2057 ποιεῖν.
2236 2002 2316 2055 Τὰ
2343 2001 2450 2072 γὰρ
2486 2003 2594 2054 τῶν
2647 2003 2987 2072 Χριστιανῶν
3021 2006 3206 2068 πίστις
3237 2007 3355 2058 ἐστὶ
3377 2048 3390 2067 .
3426 2008 3522 2059 καὶ
3551 2008 3579 2058 δ

339 2091 527 2155 stiani,
563 2091 668 2146 ﬁde
699 2103 982 2160 pensatur,
1005 2102 1060 2147 et
1090 2095 1253 2156 Deus,
1283 2096 1375 2164 qui
1411 2096 1640 2149 mendax
1670 2112 1779 2150 non
1797 2105 1903 2160 est,

2007 2093 2246 2164 ἀψευδὴς
2276 2092 2434 2162 ἡμῶν
2480 2092 2613 2155 Θεὸς
2658 2092 2874 2163 ἐνεργεῖ
2924 2095 3023 2156 τὰς
3053 2096 3330 2166 δυνάμεις.
3361 2097 3434 2149 Οὐ
3466 2099 3578 2165 γὰρ

338 2181 574 2236 virtutes
595 2191 874 2251 operatur.
926 2183 1042 2237 Non
1075 2183 1221 2238 enim
1245 2185 1301 2238 in
1357 2185 1682 2255 quibusdam
1709 2186 1908 2240 colori-

2007 2184 2282 2255 χροῖδίοις.
2314 2182 2451 2236 ἀλλὰ
2494 2183 2553 2234 ὲν
2587 2183 2892 2252 ὑπομνήσει
2939 2185 3034 2237 τοῦ
3063 2186 3354 2239 ἀντιτύπου
3391 2187 3577 2254 γράμ-

338 2271 446 2325 bus
466 2287 768 2338 moramur,
825 2273 919 2329 sed
952 2275 1120 2328 veluti
1159 2275 1392 2344 contigit
1439 2276 1491 2329 in
1547 2285 1908 2345 repraesenta-

2011 2290 2201 2343 ματος.
2231 2271 2464 2341 ὁρῶντες
2496 2271 2587 2324 τὸν
2615 2273 2844 2343 ἀόρατον
2868 2275 2956 2330 διὰ
2999 2275 3099 2342 τῆς
3141 2273 3425 2344 ὁρωμένης
3450 2291 3580 2344 γρα·

339 2362 489 2416 tione
513 2362 732 2430 litterae,
761 2379 869 2433 qua
917 2363 1070 2418 aliud
1116 2364 1478 2434 signiﬁcatur,
1511 2365 1663 2419 illum
1691 2367 1786 2435 qui
1820 2365 1907 2419 in-

2007 2367 2139 2434 φῆς.
2173 2365 2248 2425 ὡς
2288 2361 2530 2430 παρόντα
2569 2362 2880 2434 δοξάζομεν,
2911 2365 3010 2435 οὐχ
3060 2365 3137 2428 ὡς
3187 2364 3262 2432 μὴ
3316 2363 3428 2416 ὄντι
3457 2363 3577 2434 Θεῷ

335 2451 576 2506 visibilis
599 2461 706 2517 est,
766 2453 824 2506 in
891 2453 1108 2522 pictura
1167 2453 1592 2523 conspicientes,
1650 2463 1907 2523 tanquam

2011 2452 2359 2513 πιστεύοντες
2379 2466 2395 2482 ο
2422 2451 2537 2505 ἀλλ’
2568 2451 2643 2515 ὡς
2675 2455 2787 2508 ὄντι
2826 2455 3064 2524 ἀληθῶς,
3093 2453 3217 2507 οὔτε
3245 2457 3355 2517 τοῖς
3379 2454 3569 2521 ἁγίοις,

335 2553 664 2612 praesentem
712 2543 1022 2600 laudamus.
1058 2545 1169 2600 Nec
1212 2546 1263 2599 ei
1296 2545 1598 2610 credimus,
1634 2547 1728 2616 qui
1764 2547 1908 2602 Deus

2007 2547 2080 2610 ὡς
2113 2547 2189 2618 μὴ
2219 2541 2393 2604 οὖσιῆ
2426 2542 2541 2597 ἀλλ’
2571 2543 2644 2606 ὡς
2674 2545 2814 2609 οὖσι,
2867 2547 2960 2599 καὶ
2990 2544 3126 2608 ζῶσι
3152 2547 3301 2614 παρὰ
3331 2545 3405 2614 τῷ
3433 2544 3567 2611 Θεῷ,

334 2645 447 2686 non
486 2633 578 2698 sit,
622 2633 719 2688 sed
758 2633 853 2704 qui
903 2649 1029 2688 vere
1055 2634 1283 2688 exsistat
1316 2635 1462 2689 Deus
1507 2653 1520 2688 :
1565 2651 1743 2705 neque
1775 2636 1906 2691 item

2010 2639 2106 2691 καὶ
2154 2639 2262 2693 τῶν
2291 2636 2621 2706 πνευμάτων
2656 2635 2856 2687 αὐτῶν.
2890 2635 3058 2702 ἁγίων
3087 2636 3256 2690 ὄντων
3280 2634 3372 2688 καὶ
3403 2634 3569 2686 δυνά-

335 2722 670 2792 εεησειίε,(ιυί
709 2723 885 2778 sancti
915 2739 1024 2779 non
1054 2723 1292 2787 sint,sed
1320 2725 1412 2793 qui
1443 2725 1578 2778 tales
1601 2727 1758 2794 plane
1775 2726 1905 2792 sint,

1972 2749 1982 2795 ι
2013 2745 2104 2797 μει
2135 2727 2269 2783 Θεοῦ
2320 2727 2656 2801 βοηθούντων
2695 2727 2807 2788 τοῖς
2834 2724 3026 2792 ἀξίοις,
3065 2726 3141 2790 ὡς
3171 2722 3443 2796 δεομένοις
3478 2721 3567 2775 αὑ-

333 2818 391 2864 et
419 2813 771 2884 vivantapud
800 2813 1004 2880 Deum;
1033 2830 1159 2870 cum
1197 2815 1362 2869 etiam
1417 2817 1644 2885 spiritus
1691 2833 1907 2878 eorum.
2013 2818 2142 2872 τῶν.
2175 2838 2194 2870 ι

333 2901 405 2956 ob
423 2902 769 2958 sanctitatem
799 2919 976 2971 suam,
1015 2921 1122 2974 qua
1165 2907 1347 2960 divina
1404 2908 1606 2961 virtute
1655 2909 1863 2977 pollent
1910 2907 2018 2962 illis
2060 2908 2155 2977 qui
2219 2904 2367 2975 digni
2410 2912 2539 2960 sunt
2572 2903 2942 2970 opitulentur,
2976 2910 3161 2971 utpote
3205 2903 3298 2971 qui
3329 2901 3573 2972 ipsorum

331 2995 535 3066 auxilio
566 2997 866 3069 indigeant.
891 3017 909 3050 ι

408 3131 522 3204 (68)
563 3133 797 3204 Symeon
827 3149 859 3185 a
903 3139 1080 3204 monte
1108 3131 1428 3204 Thaumasto
1445 3131 1714 3204 epistolas
1755 3146 1909 3204 com-
2014 3139 2328 3204 sanctorum
2353 3131 2690 3204 _s:uvi_erant.
2743 3130 2998 3204 Quintam
3051 3130 3318 3204 habemus
3366 3138 3473 3184 act.
3516 3129 3570 3193 5.

333 3201 524 3270 plures
556 3201 622 3256 ad
653 3201 930 3256 Iustinum
964 3202 1241 3270 iuniorem
1263 3202 1503 3270 scripsit.
1552 3201 1814 3254 ultionem
1839 3201 1908 3270 de
2014 3201 2207 3270 synodi
2231 3216 2331 3254 vn.
2353 3201 2432 3253 Ex
2465 3201 2640 3254 altera
2665 3202 2924 3269 quadam,
2956 3217 3077 3270 quae
3116 3201 3280 3255 hodie
3315 3216 3422 3253 non
3473 3215 3573 3254 ex-

335 3269 696 3340 Samaritanis
752 3269 1019 3339 poscens.
1069 3270 1197 3340 Qui,
1229 3285 1352 3340 cum
1380 3269 1385 3270 ⁷
1414 3270 1801 3340 rebellassent,
1850 3269 1906 3323 in
2013 3278 2140 3340 stat,
2177 3269 2545 3340 fragmentum
2581 3270 2728 3340 quod
2767 3271 2859 3326 hic
2903 3269 3572 3340 aﬂertur,transumptum

333 3336 775 3396 Christianorum
827 3351 1004 3403 saera,
1062 3336 1120 3392 et
1173 3338 1229 3392 in
1300 3339 1567 3408 imagines
1604 3338 1808 3394 ChriSti
1851 3347 1908 3394 ct
2010 3336 2135 3392 fuit.

371 3560 3559 3615 Μ

1676 3762 1849 3808 ANNO
1890 3763 2110 3807 DOMlNl
2152 3763 2248 3806 DC.

1358 3961 2580 4158 ZACHABIAS

902 4304 2144 4402 HIEROSOLYMITANUS
2237 4296 3024 4392 PATRIARCHA.

1811 4625 2137 4687 NOTITIA.

1388 4787 1659 4859 (LEQUIEN.
1690 4788 1890 4842 Orient.
1920 4787 2116 4843 Christ.
2149 4797 2188 4843 t.
2217 4787 2304 4849 lll,
2339 4801 2394 4854 p.
2419 4783 2568 4853 249.)

414 5070 714 5129 Bollandus
744 5077 871 5127 tam.
911 5069 966 5137 5,
1023 5067 1288 5126 Februar.
1334 5068 1402 5124 ad
1452 5067 1598 5124 diem
1633 5067 1724 5135 ⁸21,
1774 5070 1941 5139 hujus
1980 5069 2208 5131 mensis.
2240 5086 2362 5140 pag.
2411 5067 2539 5136 247,
2572 5067 2666 5123 ubi
2695 5067 2764 5124 de
2813 5082 2882 5124 eo
2925 5067 3194 5122 Zacharia
3243 5065 3374 5138 agit,
3404 5068 3581 5124 refert

343 5179 414 5220 ex
432 5163 688 5220 Chronico
711 5162 1031 5227 Alexandr.,
1063 5159 1209 5233 quod
1244 5176 1370 5214 cum
1393 5159 1463 5214 20
1494 5159 1712 5230 imperii
1742 5158 1975 5214 lleraclii
2007 5172 2150 5216 anno
2179 5157 2401 5219 desinit,
2424 5155 2742 5209 Zachariam
2780 5155 2930 5211 hunc
2959 5154 3360 5224 patriarchatus
3385 5154 3584 5210 liiero-

344 5251 656 5324 solymitani
683 5249 994 5320 suscepisse
1034 5248 1280 5319 regimen
1308 5263 1453 5302 anno
1470 5247 1666 5301 Phocus
1700 5247 1959 5316 septimo,
1998 5245 2050 5300 id
2077 5254 2161 5299 est
2181 5243 2384 5300 Christi
2413 5243 2534 5298 609.
2567 5243 2658 5298 Sic
2688 5244 2835 5300 enim
2861 5243 3108 5314 loquitur
3134 5243 3298 5314 hujus
3327 5243 3582 5298 chronici

345 5353 540 5398 auctor
565 5341 682 5414 (sed
711 5339 778 5396 ad
805 5354 1008 5394 annum
1036 5338 1232 5393 Phocaa
1263 5343 1337 5406 v).
1367 5337 1594 5391 Moritur
1615 5351 1737 5391 vero
1764 5335 1968 5390 Isacius
1998 5333 2306 5404 patriarcha
2339 5330 2842 5402 Hierosolymorum,
2869 5333 2924 5384 in
2946 5331 3096 5400 cujus
3126 5331 3298 5384 locum
3324 5330 3585 5400 sufﬁcitur

347 5427 639 5485 Zacharias
671 5429 938 5501 presbyter
961 5441 1024 5481 ac
1043 5435 1213 5480 custos
1235 5439 1511 5480 sacrorum
1532 5441 1776 5479 vasorum
1801 5421 2026 5476 ecclesiis
2049 5417 2667 5490 Constantinopolitanaz.
2687 5418 3050 5487 Theophanes
3074 5432 3293 5488 quoque
3326 5419 3380 5471 in
3415 5416 3585 5472 Chro-

349 5516 667 5586 uographia,
701 5531 847 5571 anno
871 5516 1065 5572 Phocis
1083 5514 1322 5586 septimo
1344 5513 1572 5569 ascribit
1614 5511 1832 5566 initium
1868 5508 2037 5580 Sergii
2068 5505 2664 5576 Constantinopolitani,
2698 5507 2970 5559 Zachariw
2994 5504 3487 5575 Hierosolymitani,
3529 5516 3585 5561 et

345 5599 572 5656 Ioannis
587 5602 956 5667 Alexandrini,
985 5609 1350 5673 cognomento
1365 5598 1805 5670 Eleenwsynarii.
1827 5597 2104 5653 Consonat
2123 5594 2448 5650 Anastasius
2473 5593 2612 5648 Bibl.
2632 5592 2852 5648 dicens:
2877 5592 3028 5648 Anno
3059 5593 3270 5662 imperii
3294 5591 3482 5648 Phoco:
3507 5602 3586 5645 ut

333 5683 565 5770 βινοίη
613 5687 1253 5762 Constantinopolitanus,
1303 5685 1596 5741 Zacharias
1635 5683 2149 5762 Hierosolynytanus
2169 5721 2184 5751 ,
2217 5689 2264 5736 et
2312 5680 2546 5736 Joannes
2577 5679 2972 5736 Alexandrinus
3000 5679 3264 5734 habentur
3290 5679 3574 5734 antistites.
