4038 6208
361 323 496 388 3221
1819 337 2152 398 ΝΟΤΙΤΙΑ.
3479 330 3638 394 3222⁸

363 437 616 494 Nondum
637 454 730 498 sex
764 441 894 498 anni
917 443 1088 513 elapsi
1123 453 1282 500 erant
1335 457 1400 500 ex
1429 459 1538 514 quo
1585 443 1654 500 ad
1682 443 1867 500 sedem
1903 441 2455 516 llierosolymitanam
2495 451 2720 497 evectus
2776 440 2960 496 luerat
2991 428 3306 504 Zacharias,
3343 428 3479 495 'cum
3521 457 3618 496 rex

363 525 654 580 Persarum
675 526 933 596 Cosroes,
968 528 1122 602 Syria
1161 531 1466 596 devastata,
1503 533 1698 586 urbem
1721 530 2167 603 Hierosolymam
2193 530 2359 600 cepit,
2387 527 2736 583 Christianos
2759 526 2834 581 ibi
2867 526 3131 598 degentes
3155 527 3210 581 in
3235 527 3454 581 vincula
3487 541 3621 580 con-

361 612 520 682 iecit,
557 613 878 684 inda-isque
908 617 1002 670 vili
1036 617 1216 686 pretio
1249 617 1498 682 tradidit,
1529 633 1560 671 a
1593 617 1817 688 quibus,
1853 635 1964 672 non
2007 629 2066 673 ut
2097 617 2301 686 captivi
2342 623 2437 669 aut
2468 616 2611 670 servi
2655 613 2872 684 excepti
2923 619 3170 678 fuerunt,
3206 613 3302 668 sed
3343 613 3396 666 in
3429 613 3618 668 odium

361 699 570 752 Christi
619 700 860 756 diversis
891 701 1309 772 innumerisque
1343 705 1686 760 cruciatibus
1717 705 1998 760 interfecti
2029 722 2042 758 :
2079 704 2451 774 patriarcham
2502 703 2724 758 demum
2767 711 2822 756 et
2855 701 3068 772 lignum
3097 711 3298 756 sanctae
3343 701 3525 755 crucis
3558 701 3618 754 in

363 785 645 840 Persidem
681 789 1006 858 asportavit.
1057 791 1133 844 De
1167 805 1230 844 ea
1279 790 1434 845 clade
1483 789 1781 846 Chronicon
1834 791 2114 858 Paschale,
2173 793 2286 848 sive
2331 791 2788 856 Alexandrinum,
2835 791 2913 844 ita
2963 789 3230 860 loquitur,
3267 789 3404 844 edit.
3437 790 3501 844 D.
3535 789 3619 843 Du

361 869 568 941 Gange,
601 874 774 929 Paris.
809 875 962 940 1688,
989 893 1044 946 p.
1085 877 1190 933 585
1230 876 1415 949 (anno)
1447 894 1495 931 tv
1531 876 1841 948 (Heraclii),
1867 880 2049 934 indict.
2083 880 2178 944 XI,
2205 885 2320 950 post
2349 877 2684 931 consulatum
2707 877 2938 930 Ileraclii
2978 876 3203 946 Augusti
3243 877 3478 929 tertium.
3511 875 3622 928 Hoc

371 977 533 1024 anno,
567 963 706 1016 circa
747 981 976 1020 mensem
1009 965 1248 1033 Junium,
1299 965 1500 1020 malum
1539 966 1684 1022 nobis
1717 968 1909 1021 accidit
1945 977 2195 1040 perpetuo
2231 967 2373 1021 luctu
2412 965 2850 1038 prosequendum.
2888 963 3028 1031 Cum
3059 964 3181 1018 aliis
3232 965 3422 1034 quippe
3483 980 3623 1016 com-

363 1045 605 1113 pluribus
632 1047 859 1105 Orientis
885 1053 1202 1116 civitatibus,
1231 1053 1534 1108 Jerusalem
1564 1071 1596 1106 a
1631 1053 1806 1108 Persis
1847 1063 2004 1124 capta
2050 1063 2148 1118 est,
2187 1053 2365 1108 multis
2396 1051 2730 1114 clericorum,
2777 1053 3164 1104 monachorum
3195 1091 3208 1114 ,
3243 1051 3623 1108 sanctimonia-

365 1131 522 1196 lium,
555 1143 604 1188 et
634 1137 897 1206 uirginum
927 1137 1157 1194 millibus
1188 1141 1486 1194 trucidatis.
1511 1140 1790 1197 lncensum
1818 1143 1978 1194 etiant
2001 1141 2336 1194 Dominicum
2358 1139 2677 1209 sepulcrum,
2714 1146 2760 1190 et
2783 1137 3120 1190 celeberrima
3149 1135 3244 1190 Dei
3274 1135 3508 1206 templa:
3547 1143 3634 1200 et,

367 1229 428 1273 ut
463 1223 610 1278 verbo
635 1226 832 1290 dicam,
859 1230 1092 1298 pretiosa
1125 1231 1308 1284 omnia
1341 1230 1630 1284 destructa.
1675 1229 1990 1284 Veneranda
2019 1229 2185 1282 crucis
2211 1227 2379 1298 ligna,
2410 1241 2526 1279 cum
2555 1225 2722 1279 sacris
2751 1225 2886 1278 vasis
2912 1223 3230 1288 innumeris,
3263 1225 3550 1293 capiuntur
3578 1239 3620 1277 α·

369 1307 569 1376 Persis,
593 1319 642 1364 et
671 1311 962 1370 Zacharias
983 1318 1290 1386 patriarcha
1312 1317 1548 1387 captivus
1582 1317 1880 1372 abducitur.
1923 1317 2091 1386 Atque
2119 1317 2223 1370 ha’c
2253 1315 2430 1368 omnia
2451 1355 2465 1380 ,
2499 1330 2602 1366 non
2635 1311 2805 1365 multa
2835 1311 2964 1364 anni
2983 1320 3156 1380 parte,
3176 1327 3267 1363 nec
3295 1319 3401 1364 toto
3423 1327 3618 1374 mense,

362 1397 460 1450 sed
485 1399 630 1454 intra
663 1417 858 1465 paucos
910 1404 1018 1456 dies
1061 1405 1348 1474 contigere.
1379 1403 1582 1458 Eadem
1615 1403 1731 1458 fere
1759 1404 1954 1459 scribit
1993 1402 2359 1470 Theophanes
2405 1401 2458 1454 in
2513 1398 2952 1468 Chronographia
2975 1438 2987 1460 ,
3023 1397 3090 1454 ad
3128 1413 3332 1451 annum
3363 1397 3618 1467 quintum

225 1563 232 1570 ‘
287 1499 304 1516 ν
368 1481 634 1540 lleraclii.
661 1485 903 1552 Quartus
933 1489 1022 1544 hic
1047 1499 1164 1544 erat
1194 1491 1346 1562 (Chr.
1395 1491 1544 1560 6H),
1580 1489 1698 1554 scd,
1735 1499 1796 1545 ut
1821 1497 2007 1557 monet
2039 1487 2470 1558 Papebrochius,
2509 1495 2550 1540 t.
2583 1487 2652 1541 lll
2681 1486 2828 1552 Maii,
2861 1485 2919 1538 in
2951 1493 3110 1539 tract.
3145 1485 3379 1554 prvelim.
3403 1500 3458 1538 n.
3495 1485 3618 1548 151,

367 1585 426 1638 p.
461 1571 548 1636 31,
576 1573 684 1628 col.
719 1575 768 1638 1,
797 1575 864 1638 Α,
897 1575 988 1630 ille
1019 1585 1215 1632 auctor
1250 1591 1361 1630 uno
1395 1593 1540 1630 anno
1584 1577 1766 1630 serius
1797 1576 1851 1629 in
1884 1576 2042 1632 annis
2074 1574 2310 1630 lleraclii
2343 1589 2432 1628 res
2455 1579 2669 1637 narrat,
2704 1587 2771 1626 eo
2809 1571 2954 1642 quod
2986 1571 3224 1641 primum
3257 1571 3422 1642 hujus
3453 1571 3623 1640 impe-

367 1659 571 1714 ratoris
599 1676 804 1718 annum
863 1661 916 1716 in
945 1663 1085 1718 duos
1109 1664 1384 1730 diviserit,
1420 1663 1884 1732 quemadmodum
1921 1661 2172 1732 pluribus
2209 1659 2608 1716 demonstravit
2651 1659 2794 1712 idem
2841 1657 3254 1727 Papcbrochius
3299 1658 3358 1712 in’
3398 1657 3622 1728 Exegesi

367 1748 603 1816 praelim.
650 1750 716 1804 ad
755 1760 888 1806 tom.
915 1753 1006 1814 lll,
1041 1753 1200 1808 Mart.
1231 1768 1352 1822 cap.
1399 1751 1453 1806 4.
1486 1752 1638 1806 Anno
1669 1753 1851 1822 quinto
1886 1749 2196 1820 (legendum
2243 1751 2454 1818 quarto)
2481 1747 2688 1816 imperii
2725 1744 2982 1810 Ileraclii,
3008 1743 3188 1798 Perste
3206 1744 3458 1812 Iordanis
3484 1743 3617 1808 loca,

369 1825 830 1902 PalastinamCet
849 1849 1094 1894 sanctam
1117 1843 1384 1898 civitatem
1411 1857 1688 1896 armorum
1721 1842 1770 1894 vi
1791 1839 2127 1909 subegerunt,
2151 1845 2198 1889 et
2253 1833 2517 1894 manibus.
2551 1843 2608 1886 ut
2651 1833 2866 1903 quidam
2897 1841 3162 1896 asserunt,
3185 1831 3512 1895 Juda'orum,
3550 1831 3620 1886 ad

371 1928 664 1993 nonaginta
711 1925 1142 1982 Christianorum
1184 1927 1356 1982 millia
1411 1927 1770 1980 trucidarunt.
1812 1925 1981 1996 Capto
2020 1941 2141 1978 vero
2189 1921 2678 1994 Hierosolymorum
2730 1921 3041 1990 patriarcha
3075 1919 3361 1980 Zacharia,
3394 1919 3618 1986 pretioso
3705 1927 3726 1944 "

363 2011 528 2062 eti..m
561 2021 610 2064 et
641 2013 846 2080 vivi/ica
880 2015 1048 2068 crucis
1081 2015 1222 2086 ligno
1247 2015 1374 2070 locis
1402 2015 1510 2068 illis
1539 2022 1738 2083 erepto,
1763 2015 2096 2084 captivorum
2142 2013 2412 2066 hominum
2443 2009 2837 2064 multitudinem
2889 2009 3222 2060 innumeram
3279 2009 3332 2060 in
3355 2006 3620 2060 Persidem

369 2095 722 2153 abduxerunt.
753 2099 966 2166 Exstat,
1012 2102 1194 2171 inquit
1230 2101 1651 2172 Papebrochius
1703 2101 1868 2156 modo
1901 2102 2178 2166 laudatus,
2216 2101 2353 2156 ibid.
2387 2118 2443 2156 n.
2489 2101 2612 2162 155,
2657 2097 2938 2153 Francisci
2973 2095 3290 2152 Combelisii
3325 2095 3480 2166 (0rd.
3511 2095 3619 2150 FF.

367 2182 624 2252 l’rzedic.)
645 2201 834 2255 opera,
865 2198 988 2256 post
1013 2188 1260 2242 libellum
1293 2189 1469 2243 sancti
1497 2188 1726 2244 Joannis
1747 2189 2120 2261 Chrysostomi
2151 2189 2228 2243 De
2254 2189 2541 2244 educandis
2595 2186 2793 2251 liberis,
2831 2185 3048 2254 aliaque
3077 2184 3366 2248 nonnulla,
3391 2183 3628 2238 Parisiis

361 2284 514 2322 anno
551 2271 710 2336 1656,
744 2273 1162 2330 Graeco-Latine
1209 2276 1480 2346 impressa
1533 2277 1788 2346 epistola,
1839 2293 2004 2346 quam
2039 2277 2210 2330 vidua:
2247 2292 2471 2346 sponsw,
2513 2275 2715 2328 civitati
2765 2273 2902 2342 regis
2935 2271 3116 2341 magni
3168 2269 3346 2322 liberis
3394 2269 3624 2334 orbatae,

363 2355 850 2430 Hierosolymitano
897 2364 1044 2434 gregi
1081 2371 1350 2433 pastorem
1398 2381 1501 2417 non
1530 2364 1742 2418 habenti
1772 2381 1789 2419 :
1817 2367 1908 2418 sed
1933 2374 1982 2418 et
2035 2365 2250 2434 reliquis
2282 2364 2520 2418 omnibus
2551 2364 2604 2416 in
2631 2361 2836 2418 Christo
2891 2359 3121 2414 ecclesiis
3143 2401 3156 2424 ,
3201 2359 3528 2428 residuisque
3555 2359 3616 2410 in

361 2441 474 2496 illis
495 2443 624 2512 filiis
655 2449 928 2517 orphanis,
959 2459 1140 2519 pastor
1168 2451 1398 2514 humilis,
1421 2451 1585 2515 solus,
1611 2454 1868 2522 captivus,
1889 2452 2177 2506 Zacharias
2201 2453 2446 2505 minimus
2475 2466 2504 2504 e
2532 2449 2760 2504 Perside
2790 2449 3032 2518 scripsit,
3051 2461 3230 2509 suam,
3270 2445 3616 2516 aliorumque

363 2531 717 2599 Captivorum
747 2537 1118 2592 calamitatem
1151 2555 1615 2602 commemorans,
1659 2551 1715 2596 et
1747 2542 2064 2594 meminisse
2105 2540 2306 2610 jubens
2345 2536 2632 2608 quomodo
2655 2535 2772 2605 ipse
2811 2535 3062 2604 quidem,
3087 2532 3310 2602 quando
3347 2547 3472 2588 cum
3509 2533 3620 2586 illis

275 2627 281 2632 '
359 2625 506 2683 erat,
535 2619 588 2673 in
619 2619 842 2678 Galilaea
875 2625 1076 2682 dixerit
1107 2645 1120 2680 :
1157 2627 1347 2690 Plane,
1379 2627 1502 2695 filii,
1538 2629 1872 2696 ingentemin
1891 2626 2029 2680 vobis
2046 2627 2193 2680 video
2216 2629 2502 2688 incuriam,
2529 2623 2756 2676 multam
2775 2623 3073 2692 segnitiem,
3101 2622 3444 2690 injustitiam,
3469 2622 3622 2690 igua-

365 2707 622 2774 rantiam,
653 2710 950 2780 fraternum
990 2715 1189 2778 odium,
1236 2715 1646 2785 apostolicorum
1684 2731 1948 2768 canonum
1983 2715 2458 2784 transgressionem
2509 2721 2670 2781 atque
2699 2717 3098 2780 contemptura;
3132 2724 3224 2760 nec
3251 2709 3356 2760 scio
3391 2723 3621 2777 quonam

367 2807 449 2845 res
480 2803 670 2848 nostra:
697 2813 934 2852 evasura:
964 2803 1069 2853 sint
1097 2818 1114 2854 :
1145 2801 1296 2870 ipsos
1329 2817 1462 2856 vero
1493 2801 1828 2872 respondere
1861 2803 2051 2858 solitos
2078 2819 2089 2854 :
2113 2801 2290 2856 Bonus
2316 2809 2390 2854 est
2427 2799 2586 2864 Deus,
2623 2813 2716 2850 nec
2756 2813 2849 2850 nos
2871 2797 3066 2849 creavit
3091 2803 3144 2848 ut
3171 2794 3430 2864 perderet.
3463 2793 3622 2848 Nunc

363 2895 499 2952 ergo
543 2883 798 2938 hortatur
835 2900 932 2940 eos
966 2886 1034 2942 ad
1061 2887 1468 2954 paenitentiam,
1500 2889 1944 2942 emendationem
1981 2904 2222 2950 morum,
2279 2886 2714 2942 misericordiam
2767 2901 2895 2955 erga
2945 2883 3195 2952 captivos
3249 2881 3476 2948 fratres;
3527 2891 3624 2938 aut.

364 2971 569 3038 quibus
603 2989 712 3026 non
736 2973 979 3044 suppetit
1005 2975 1150 3040 quod
1174 2975 1498 3044 largiantur,
1532 2975 1598 3028 ad
1625 2991 1839 3044 preces,
1859 2975 2089 3046 jejunis,
2115 2973 2602 3030 humicubationes
2654 2981 2710 3026 et
2743 2973 3030 3042 lacrymas.

442 3057 498 3112 Si
527 3074 648 3127 quae
681 3071 869 3114 autem
899 3061 954 3114 in
992 3069 1139 3116 tanta
1169 3061 1484 3116 calamitate
1529 3061 1766 3118 inveniri
1803 3047 1984 3132 pottiit
2011 3062 2314 3118 consolatio
2356 3061 2672 3130 temporalis
2699 3100 2714 3124 ,
2747 3059 2863 3114 haec
2897 3059 3175 3130 prtecipue
3209 3057 3637 3113 subministrata.

363 3155 454 3198 est
483 3161 510 3200 a
540 3155 733 3206 sancto
792 3147 1007 3204 Joanne
1065 3149 1538 3222 Eleemosynario,
1579 3159 1712 3204 tunc
1749 3149 2013 3220 temporis
2065 3149 2380 3218 patriarcha
2419 3147 2816 3208 Alexandrino,
2846 3145 2914 3200 de
2961 3161 3072 3214 quo
3125 3146 3228 3200 ista
3261 3145 3455 3200 scribit
3507 3146 3630 3214 ejus

367 3231 508 3286 Vitae
543 3244 740 3288 auctor
777 3234 1082 3300 Leoniius,
1105 3235 1248 3305 apud
1277 3236 1480 3290 Baron.
1543 3236 1608 3290 ad
1643 3253 1846 3290 annum
1896 3236 2100 3292 Christi
2149 3237 2274 3301 6-H,
2311 3236 2482 3298 n.15,
2517 3236 2620 3290 col.
2656 3235 2782 3288 26L
2821 3231 2950 3288 Cum
2977 3233 3152 3288 Persa:
3175 3233 3418 3304 populati
3457 3241 3642 3286 essent

369 3319 670 3374 universam
694 3319 926 3392 Syriam,
955 3324 1046 3392 qui
1064 3339 1244 3376 eorum
1285 3339 1474 3378 manus
1507 3331 1786 3393 potuerunt
1818 3325 2058 3394 effugere,
2091 3332 2199 3376 tum
2228 3323 2349 3376 laici
2377 3325 2466 3394 qui
2493 3324 2869 3392 magistratum
2897 3319 3236 3389 gerebant,.et
3267 3321 3483 3389 privati,
3517 3329 3636 3372 tum.

369 3404 550 3460 clerici
573 3423 692 3462 cum
717 3410 967 3479 episcOpis
991 3411 1304 3481 confugiunt
1329 3399 1736 3464 Alexandriam.
1769 3408 1965 3476 Quibus
1990 3411 2228 3466 omnibus
2266 3410 2407 3464 dives
2437 3409 2530 3464 ille
2559 3421 2605 3462 et
2633 3411 2846 3464 minime
2881 3415 3136 3476 angustus
3169 3407 3470 3460 convivator
3501 3424 3632 3476 qne-

371 3493 499 3552 tidie
520 3495 892 3564 suppeditabat
917 3512 1032 3562 quis
1075 3507 1227 3550 erant
1256 3495 1506 3550 ad'usum
1547 3499 1868 3560 necessaria,
1919 3513 2025 3550 non
2075 3498 2145 3549 ad
2185 3497 2533 3565 indigentium
2565 3496 2820 3564 aspiciens
2867 3493 3284 3556 multitudinem,
3321 3503 3378 3546 ut
3424 3493 3630 3563 aliquid

374 3581 572 3650 facere!
597 3582 738 3646 quod
781 3590 916 3636 esset
955 3584 1155 3636 sordidi
1186 3592 1235 3635 et
1259 3581 1535 3636 illiberalis
1579 3584 1766 3646 animi,
1795 3584 1886 3636 sed
1917 3584 1986 3636 ad
2007 3599 2125 3636 eum
2155 3584 2244 3654 qui
2267 3584 2436 3652 aperit
2457 3597 2696 3646 manum,
2717 3589 2768 3632 et
2791 3596 2944 3634 omne
2973 3579 3179 3632 animal
3217 3579 3396 3649 implet
3421 3579 3630 3632 benedi-

369 3669 560 3721 ctione.
590 3669 722 3722 Cum
741 3678 922 3723 autem
953 3669 1254 3723 Rasmizsus
1280 3671 1388 3722 dua:
1417 3671 1673 3722 exercitus
1702 3667 1892 3723 Cosroe
1921 3680 2174 3726 vastasset
2197 3681 2246 3726 et
2285 3671 2639 3742 depOpulatus
2669 3677 2800 3722 esset
2827 3667 3134 3722 veneranda
3171 3667 3287 3720 loca
3317 3667 3630 3738 Hierosoly-

376 3772 616 3820 morum;
645 3765 928 3828 postquam
953 3759 1048 3812 hoc
1077 3758 1275 3812 audivit
1303 3757 1394 3810 ille
1423 3759 1574 3812 homo
1603 3757 1720 3820 Dei,
1753 3757 1965 3824 etquod
1990 3759 2166 3812 omnia
2209 3768 2396 3812 sancta
2429 3757 2647 3825 fuissent
2671 3755 2780 3824 igni
2811 3753 3035 3816 tradita,
3071 3752 3226 3822 deflet
3259 3751 3488 3816 quidem,
3521 3767 3628 3804 non

369 3859 522 3896 secus
557 3860 620 3898 ac
648 3843 936 3908 Jeremias,
969 3845 1022 3899 id
1051 3845 1189 3916 quod
1217 3845 1418 3914 factum
1443 3845 1642 3914 fuerat.
1673 3843 1790 3898 Non
1822 3847 2074 3898 hactenus
2100 3853 2280 3898 autent
2315 3845 2543 3897 constitit
2579 3843 2694 3912 ejus
2713 3840 3124 3906 commiseratio,
3157 3839 3247 3896 sed
3275 3840 3434 3896 mittit
3469 3841 3630 3896 etiam

369 3929 724 4002 Chrysippum
747 3934 1026 4004 quemdam
1057 3936 1230 3988 virum
1255 3936 1424 4002 pium,
1463 3934 1678 3988 tradens
1709 3935 1757 3990 ei
1783 3933 2010 3987 multum
2036 3933 2175 3994 auri,
2205 3931 2651 4000 frumentumque,
2695 3937 2744 3982 et
2768 3927 2877 3982 alia
2926 3928 3184 3984 alimenta
3214 3939 3260 3983 et
3295 3929 3652 4002 indumenta“

371 4025 425 4070 et
453 4019 522 4072 ad
548 4035 608 4072 ea
635 4019 865 4074 vehenda
889 4021 1138 4090 jumenta
1181 4020 1436 4091 plurima,
1493 4029 1606 4074 tum
1655 4031 1714 4074 ut
1751 4022 2006 4092 aspiceret
2059 4021 2392 4084 vastitatem,
2458 4027 2570 4072 tum
2619 4018 2780 4070 etiam
2819 4023 2982 4070 uteos
3012 4017 3102 4086 qui
3163 4026 3531 4072 remanserant
3567 4033 3628 4072 ea:

371 4107 682 4174 captivitate
713 4109 844 4160 satis
867 4124 963 4178 per
985 4125 1044 4162 ea
1070 4123 1186 4176 quce
1215 4107 1354 4160 dicta
1383 4107 1598 4174 fuerunt
1639 4115 1917 4160 recrearet.
1949 4107 2218 4162 Praeterea
2257 4116 2435 4162 autem
2471 4103 2797 4160 Theodorum
2823 4121 3026 4176 quoque
3049 4105 3389 4160 Amat/mntis
3432 4107 3630 4175 cpisco-

375 4209 522 4260 pum,
557 4201 604 4246 ct
629 4193 976 4250 Anastasium
1015 4197 1322 4264 pratfectum
1373 4195 1554 4263 magni
1577 4195 1768 4247 montis
1815 4194 2050 4258 Antonii,
2079 4205 2126 4248 et
2157 4194 2468 4264 Gregorium
2509 4194 2812 4264 episcopum
2857 4191 3304 4246 Rinocorurorum
3341 4195 3528 4246 emittit
3559 4196 3630 4249 ad

373 4295 459 4332 eos
492 4279 836 4349 recipiendos,
867 4283 957 4351 qui
992 4281 1201 4335 abducti
1223 4281 1436 4350 fuerant
1466 4281 1518 4333 in
1559 4281 1940 4350 captivitatem,
1977 4281 2080 4336 vim
2123 4283 2243 4334 auri
2273 4283 2514 4352 prwbens
2551 4297 2717 4353 prope
2749 4281 3214 4336 innumerabilem.
3253 4281 3423 4336 Addit
3451 4281 3628 4352 Pape-

375 4365 571 4420 broch.
603 4382 771 4436 supra
799 4368 1022 4432 citatus,
1055 4385 1112 4422 n.
1151 4367 1270 4430 156,
1296 4383 1364 4422 ex
1387 4357 1638 4437 c‘jnsdem
1666 4368 1842 4421 sancti
1871 4358 2100 4422 Joannis
2130 4369 2272 4434 Vita,
2314 4385 2370 4422 n.
2407 4369 2496 4422 55.
2529 4370 2612 4424 Ad
2655 4367 3146 4439 Hierosolymorum
3182 4368 3556 4424 relevationem
3579 4377 3640 4424 et'

375 4454 857 4524 rewdificationem,
893 4456 1032 4508 misit
1059 4457 1386 4510 numismata
1413 4453 1580 4518 mille,
1611 4465 1660 4508 et
1685 4454 1830 4508 mille
1865 4473 2043 4510 saccos
2067 4456 2248 4526 plenos
2273 4457 2560 4526 frumento,
2595 4467 2644 4512 et
2679 4456 2824 4511 mille
2851 4457 3120 4527 legumina
3148 4457 3224 4528 (id
3263 4467 3368 4524 est,
3397 4459 3629 4528 legumi-

373 4555 508 4594 num
545 4541 879 4610 mcnsuras),
915 4541 1060 4595 mille
1092 4541 1254 4596 libras
1289 4543 1440 4611 ferri,
1479 4542 1624 4595 mille
1673 4552 1832 4596 restes
1857 4543 2172 4596 siccatorum
2209 4544 2450 4613 piscium,
2503 4543 2648 4597 mille
2678 4543 2896 4598 vascula
2941 4543 3068 4606 viui,
3107 4551 3156 4596 et
3187 4544 3330 4597 mille
3355 4545 3632 4616 J'Iggptios

372 4630 664 4698 aperarios,
695 4629 892 4684 addens
927 4646 1020 4698 per
1045 4629 1248 4683 litteras
1273 4631 1340 4684 ad
1392 4629 1686 4684 Modestum
1717 4632 1940 4700 scriptas
1969 4648 1985 4684 :
2013 4630 2094 4686 Da
2130 4632 2254 4686 mihi
2295 4633 2524 4696 veniant,
2565 4647 2683 4686 vere
2727 4630 2919 4686 Christi
2943 4638 3210 4700 operator,
3240 4631 3372 4684 nihil
3405 4634 3636 4704 dignum.

375 4715 586 4786 templis
615 4713 810 4770 Christi
853 4717 1104 4770 mittenti.
1143 4716 1338 4770 Vellem
1379 4718 1540 4781 enim,
1581 4718 1731 4771 crede
1767 4720 1914 4786 mihi,
1944 4721 1989 4774 si
2025 4731 2152 4774 esset
2179 4721 2521 4784 conveniens,
2551 4727 2600 4772 et
2633 4735 2724 4788 ego
2747 4719 2856 4790 ipse
2888 4719 3086 4780 venire,
3108 4727 3162 4770 et.
3191 4721 3300 4788 ipse
3321 4722 3533 4790 operari
3567 4723 3622 4775 in

373 4803 528 4856 domo
552 4811 752 4857 sancta:
783 4803 978 4858 Christi
1003 4803 1445 4858 Resurrectionis.
1479 4801 1578 4858 llic
1613 4803 1890 4862 Modestus
1921 4807 2182 4862 Ecclesia;
2235 4805 2752 4876 llierosolymitanze
2803 4820 2992 4859 curam
3049 4804 3240 4874 gessit,
3282 4815 3339 4860 ut
3381 4806 3624 4864 vicarius

373 4889 658 4944 Zachariae
684 4890 954 4960 episcopi,
992 4891 1239 4960 quandiu
1275 4893 1365 4946 ille
1392 4893 1645 4962 captivus
1691 4893 1875 4947 fuitin
1915 4895 2160 4957 Perside,
2189 4895 2350 4964 eique
2390 4903 2512 4964 post
2541 4903 2776 4948 mortem
2811 4893 3100 4948 successit.
3129 4893 3364 4949 Eosdem
3399 4895 3632 4951 interim.

376 4978 886 5048 Hierosolymorum
929 4979 1136 5033 incolas
1171 4979 1288 5034 suis
1325 4981 1555 5048 scriptis
1613 4981 1906 5037 sublevare
1960 4983 2263 5038 conabatur
2293 4982 2604 5036 Antiochus
2651 4981 2875 5050 quidam
2908 4981 3215 5036 monachus
3271 4983 3618 5048 Palcestinus,

374 5068 503 5121 vita:
527 5065 818 5120 sanctitate
840 5074 896 5120 et
920 5065 1176 5120 doctrina
1216 5066 1476 5132 celebris,
1509 5067 1673 5134 cujus
1705 5077 1924 5124 exstant
1959 5069 2210 5124 l‘lomilire
2272 5069 2391 5132 150,
2423 5080 2464 5126 t.
2491 5069 2510 5122 Ι
2540 5067 2675 5122 Bibl.
2721 5067 2878 5122 Patr.
2913 5067 3082 5124 (ἔναξε.
3111 5084 3170 5138 p.
3210 5069 3370 5125 1026.
3409 5069 3468 5124 in
3499 5071 3618 5141 epi-

375 5154 515 5206 stola
546 5162 730 5206 autetn
764 5151 982 5221 prtelixa
1008 5151 1183 5220 operi,
1233 5167 1299 5206 eo
1341 5153 1502 5208 titulo
1546 5153 1846 5226 insignita:
1881 5157 2122 5224 Epistula
2167 5157 2410 5212 Antiochi
2455 5157 2702 5211 monachi
2733 5156 2901 5210 lauru:
2935 5153 3088 5210 Saba:
3127 5156 3350 5223 abbatis,
3403 5159 3474 5212 ad
3501 5158 3619 5212 Eu-

373 5241 628 5294 stathium
654 5240 990 5310 praepositum
1013 5243 1318 5295 monasterii
1339 5241 1593 5297 Attalina:
1623 5244 1845 5315 Ancyra:
1864 5247 2087 5301 civitatis
2119 5245 2367 5310 Galatiae,
2394 5245 2508 5300 haec
2542 5254 2749 5312 narrat,
2779 5245 2922 5315 apud
2955 5244 3250 5300 Raronittm
3274 5261 3440 5318 supra
3475 5249 3622 5302 rela-

377 5337 516 5392 tum,
543 5345 599 5381 n.
630 5327 718 5382 26.
761 5325 892 5380 Cum
915 5325 1203 5382 Ismaelita:
1228 5330 1296 5384 ad
1319 5340 1558 5384 nostrum
1591 5335 1925 5388 accessissent
1951 5336 2361 5398 monasterium,
2391 5351 2498 5390 una
2533 5334 2832 5404 septimana
2870 5345 3158 5404 antequam
3197 5343 3386 5388 sancta
3438 5336 3621 5389 civitas

381 5415 557 5482 fuisset
585 5423 862 5484 occupata,
886 5421 934 5465 et
971 5415 1216 5470 universa
1251 5417 1480 5472 ecclesia:
1523 5436 1680 5474 sacra
1712 5438 1838 5474 vasa
1865 5423 1986 5491 jam
2039 5422 2422 5492 diripuissent,
2451 5420 2692 5490 plerique
2723 5420 2910 5474 Patres
2961 5420 3284 5491 aufugerunt
3322 5437 3484 5492 quant
3513 5425 3626 5492 pri-

377 5517 524 5552 nium
551 5516 569 5554 .'
598 5507 964 5553 remanserunt
989 5509 1166 5556 autem
1193 5504 1248 5556 in
1287 5507 1602 5559 monasterio
1627 5507 1716 5576 qui
1749 5507 1990 5577 fartiores
2021 5507 2216 5564 Christi
2241 5509 2452 5579 fuerant
2475 5509 2632 5573 servi,
2697 5524 2910 5564 sacrum
2931 5507 3086 5564 illum
3141 5505 3310 5562 locum
3340 5507 3622 5564 destituere

377 5587 529 5642 nullo
563 5595 716 5657 pacto
751 5587 1000 5643 volentes.
1034 5587 1260 5644 Barbari
1290 5609 1410 5645 vero
1436 5609 1556 5648 cum
1585 5593 1706 5663 illos
1731 5598 2268 5666 comprehendissent,
2291 5605 2340 5650 et
2365 5597 2556 5651 multos
2591 5595 2698 5650 dies
2729 5593 2847 5650 illos
2876 5595 3165 5650 inhumane
3188 5605 3524 5662 tractassent,
3569 5603 3626 5652 et

376 5679 650 5732 tormentis
677 5678 998 5750 aﬂlixissent,
1043 5682 1290 5749 pecunias
1315 5683 1408 5736 hoc
1427 5691 1580 5754 pacto
1611 5701 1720 5738 sese
1744 5686 2048 5740 inventuros
2077 5685 2502 5756 putantes,apud
2525 5701 2654 5756 quos
2683 5683 2818 5738 nihil
2847 5685 3002 5755 hujus
3030 5687 3208 5739 steculi
3240 5685 3622 5755 reperiebatur.

385 5765 478 5824 Illi
503 5765 820 5842 simulatque
849 5767 1220 5826 intellexerunt
1238 5787 1333 5828 sua
1362 5788 1416 5828 se
1445 5773 1658 5828 laudent
1682 5789 1770 5846 spe
1788 5783 1835 5828 et
1863 5775 2126 5845 proposito
2142 5775 2416 5844 excidisse,
2442 5775 2494 5830 in
2517 5773 2938 5848 egeratissimam
2967 5773 3102 5830 versi
3131 5771 3440 5844 rabiem,ad
3463 5785 3630 5827 unum
