4038 6208
443 344 591 414 3223
1371 298 1792 413 laet-tantas
1829 352 2038 410 PATR:

2102 350 2317 409 .RCHA
2357 346 2762 410 HIEROSOL.
3557 341 3697 407 3'23!

447 457 776 515 membratim
792 456 972 511 beatos
996 456 1113 511 illos
1142 461 1499 516 conciderunt.
1523 464 1625 527 Qui
1656 473 1705 516 et
1741 463 1924 517 laetitia
1953 461 2244 516 incredibili
2276 461 2498 535 perfusi,
2520 479 2584 516 ac
2606 459 2825 531 proinde
2852 456 3021 512 alacri
3046 456 3195 511 vultu
3224 455 3699 521 renidentes,ontni

443 564 560 602 cum
587 547 791 600 actione
815 546 1112 615 gratiarum
1132 548 1337 601 animas
1356 549 1693 603 reddiderunt
1710 550 1951 613 Domino,
1968 551 2157 621 quippe
2185 568 2285 605 non
2305 552 2380 605 ita
2398 549 2601 620 pridem
2614 550 2666 603 in
2688 546 2817 602 votis
2840 546 3133 600 habuerant
3156 544 3366 609 resolvi,
3389 554 3437 598 et
3460 562 3697 603 essecum

443 632 919 703 Christo.Corpora
956 648 1074 686 vero
1098 632 1381 704 plusquam
1404 635 1599 703 tragice
1627 653 1787 703 cmsa,
1806 654 1922 690 cum
1945 653 2048 689 non
2076 652 2270 704 paucos
2291 636 2399 690 dies
2427 636 2483 689 in
2510 636 2721 689 humum
2751 633 2971 702 disjecta
2996 633 3110 685 sine
3132 630 3422 702 sepulturre
3450 631 3693 699 beneficio

443 725 749 792 iacuissent,
778 724 843 776 ab
866 722 1066 776 Arabia
1097 722 1191 777 illo
1219 741 1383 796 usque
1414 726 1900 796 adpmperavimus.
1929 724 1993 778 Et
2017 724 2225 794 quidem
2250 722 2469 776 eximius
2492 722 2650 774 abbas
2667 718 2971 773 Nicomedes
2997 716 3357 787 spectaculum
3384 716 3518 770 illud
3545 720 3693 770 mise-

444 810 613 864 rabile
637 826 887 864 caesorum
909 817 1120 879 patrum
1155 812 1559 882 contemplatus,
1585 813 1810 882 deliquio
1841 813 2008 865 animi
2024 810 2268 872 concidit,
2289 819 2445 879 atque
2471 808 2619 862 illinc
2652 806 2851 859 relatus
2883 814 3117 859 mortuus
3143 818 3305 875 prope
3320 802 3693 857 estJIodestus

441 905 716 967 pra‘terea.
744 907 791 949 et
835 896 944 966 ipse
965 899 1348 963 sanctissimus,
1387 900 1667 953 adventum
1693 910 1931 953 nostrum
1956 916 2073 952 cum
2111 897 2492 959 antevertisset,
2517 902 2565 946 et
2591 902 2900 947 sanctorum
2947 890 3161 944 illorum
3213 890 3496 944 lustrasset
3550 891 3693 960 prius

440 982 739 1037 habitacula
761 984 959 1050 omnia,
988 984 1167 1037 itidem
1184 1002 1380 1055 angore
1402 987 1567 1040 animi
1590 994 1910 1049 contractus,
1926 983 2101 1039 multis
2126 1001 2181 1037 se
2208 981 2402 1053 proluit
2427 980 2695 1053 lacrgmis,
2722 997 2784 1034 ac
2802 984 2987 1035 sancta
3010 994 3127 1049 qua
3149 986 3367 1031 eatenus
3392 978 3697 1031 resederunt

418 1058 653 1138 Ilipsana
674 1070 800 1134 (hoc
826 1079 911 1124 est
943 1079 1255 1125 sanctorum
1282 1072 1561 1141 reliquias)
1580 1071 1954 1143 circomplexus
1984 1072 2037 1125 in
2051 1071 2275 1126 Patrum
2298 1069 2625 1138 superiorum
2654 1067 2889 1136 deposuit
2918 1065 3239 1119 conditoriis.
3267 1064 3320 1119 Is
3353 1065 3423 1118 ad
3456 1064 3584 1124 Iure,
3609 1064 3697 1115 ubi

443 1154 727 1210 solemnem
756 1157 998 1227 persolvit
1029 1173 1093 1209 ea:
1116 1173 1259 1211 more
1284 1174 1597 1223 sermonem,
1633 1170 1740 1213 etc.
1780 1159 2213 1228 Unumquemque
2234 1164 2469 1209 nostrum
2493 1155 2698 1208 hortari
2736 1154 2909 1222 coepit,
2937 1168 3003 1205 ne
3035 1168 3136 1222 quo
3165 1153 3566 1221 emigraremus,
3597 1149 3697 1202 loci

438 1241 586 1296 illius
608 1245 775 1298 nostri
802 1243 1110 1307 desertores,
1145 1246 1314 1315 magis
1348 1262 1468 1299 vero
1490 1260 1579 1299 eas
1614 1262 1731 1316 qua:
1766 1245 2111 1301 imminebant
2150 1243 2463 1297 tentationes
2503 1254 2752 1312 generoso
2780 1248 2986 1310 pectore
3008 1240 3377 1309 perferremus,
3408 1237 3701 1291 Dominica:

422 1329 586 1383 "illius
620 1346 874 1385 memores
905 1332 1196 1394 sententiae,
1229 1332 1353 1402 quia
1385 1351 1405 1384 ι
1437 1343 1661 1403 angusta
1702 1340 1778 1386 est
1811 1342 1987 1403 porta,
2012 1339 2061 1387 et
2082 1339 2233 1387 arcta
2259 1331 2345 1384 via
2371 1344 2489 1400 qua:
2510 1329 2653 1383 ducit
2669 1328 2739 1381 ad
2765 1329 2949 1391 vitam,
2978 1337 3090 1382 etc.
3133 1345 3152 1377 ι
3191 1326 3364 1396 Hujus
3385 1326 3567 1396 itaque
3594 1325 3701 1377 ad-

449 1417 916 1471 monitionivisum
943 1426 1018 1470 est
1039 1434 1221 1487 gerere
1264 1434 1482 1483 morem,
1515 1434 1675 1490 eoque
1706 1418 1985 1489 (ideoque)
2030 1420 2087 1472 in
2144 1418 2303 1472 laura
2345 1417 2474 1469 duos
2522 1430 2683 1485 prope
2729 1429 2928 1467 menses
2968 1414 3377 1483 permansimus.
3422 1411 3701 1481 Loquitur

440 1501 644 1555 deinde
671 1502 742 1557 de
773 1504 898 1573 fuga
922 1503 1074 1556 illinc
1100 1503 1167 1556 ad
1200 1504 1347 1557 aliud
1384 1505 1807 1567 monasterium,
1839 1515 1894 1558 ct
1921 1505 2048 1560 inde
2078 1504 2145 1558 ad
2173 1503 2343 1567 aliud,
2375 1518 2438 1557 ac
2464 1502 2532 1557 de
2563 1502 2688 1556 aliis
2719 1502 2851 1555 hinc
2880 1500 3010 1554 inde
3034 1499 3336 1569 dispersis;
3366 1507 3423 1553 et
3461 1498 3704 1553 inferius

442 1589 644 1644 iterum
671 1588 747 1660 de
786 1588 1072 1644 monachis
1126 1605 1158 1644 τι
1207 1587 1504 1645 Saracenis
1551 1591 1749 1647 occisis
1798 1606 2006 1662 agens:
2058 1590 2329 1654 Numeris,
2368 1589 2567 1659 inquit,
2613 1597 2915 1643 sanctorum
2955 1586 3201 1650 Patrum,
3243 1602 3372 1657 quos
3413 1588 3701 1657 tyrannica

436 1675 653 1728 sustulit
684 1676 979 1745 impressio,
1003 1684 1077 1729 est
1120 1677 1478 1747 quadraginta
1513 1686 1761 1748 quatuor.
1794 1677 1993 1733 Horum
2040 1681 2293 1733 memoria
2327 1676 2468 1732 Maio
2497 1692 2672 1732 mense
2691 1674 3008 1737 celebratur,
3041 1674 3246 1727 decima
3279 1676 3465 1744 quinta
3498 1676 3701 1727 mensis

437 1762 539 1817 die.
586 1762 918 1818 Eorutndem
948 1773 1250 1836 martyrum
1285 1765 1608 1819 memoriam
1639 1766 1775 1819 colit
1798 1766 2045 1820 Ecclesia
2074 1766 2128 1820 in
2158 1762 2536 1836 Martyrologio
2571 1762 2810 1815 Romano
2839 1761 2929 1816 die
2976 1762 3041 1816 l6
3069 1759 3217 1824 Maii,
3244 1760 3332 1816 his
3361 1760 3551 1816 verbis
3581 1777 3595 1812 :
3628 1759 3699 1815 In

435 1846 728 1904 Ραιανειὶηα
753 1852 927 1923 passio
951 1861 1256 1906 sanctorum
1315 1854 1693 1907 monachorum
1725 1871 1758 1907 a
1803 1850 2084 1906 Saracenis
2111 1850 2166 1903 in
2210 1849 2367 1904 laura
2408 1850 2582 1904 sancti
2626 1847 2779 1903 Saba:
2831 1848 3262 1918 interfectorum.
3292 1848 3431 1902 Dum
3465 1861 3603 1901 vero
3637 1847 3697 1901 hi

448 1937 889 2001 coronabantur,
923 1937 1150 2008 quidam
1185 1939 1493 1994 monachus
1521 1938 1731 1994 Sinaita
1761 1940 1930 1995 modo
1966 1939 2196 1993 terribili
2226 1938 2415 2007 lapsus
2460 1944 2567 1991 est.
2598 1937 2733 1992 Rem
2772 1937 2854 1992 sic
2876 1936 3145 1992 describit
3199 1935 3344 1991 idem
3378 1933 3699 1990 Antiochus

435 2021 630 2079 homil.
662 2025 751 2089 81,
785 2025 929 2094 apud
966 2027 1288 2088 thronium.
1334 2027 1469 2082 ibid.
1509 2044 1565 2082 n.
1593 2028 1663 2081 50
1699 2045 1716 2081 :
1750 2026 1887 2090 Fuit,
1923 2026 2125 2097 inquit,
2156 2027 2216 2079 in
2266 2034 2441 2078 monte
2461 2022 2593 2078 Sina
2640 2026 2929 2079 monachus
2957 2026 3196 2093 quidam,
3223 2025 3313 2094 qui
3334 2023 3697 2077 celebreadeo

434 2111 596 2165 edidit
629 2129 742 2166 sua:
772 2114 1115 2168 continentia:
1152 2116 1435 2184 specimen,
1467 2116 1601 2169 utin
1633 2113 1827 2168 cellula
1856 2115 2047 2169 multos
2077 2114 2265 2167 vixerit
2311 2128 2479 2166 annos
2505 2111 2760 2165 inclusus.
2800 2111 3074 2165 Postremo
3119 2109 3436 2179 multifariis
3479 2108 3695 2163 revela-

434 2197 658 2252 tionibns
680 2198 895 2263 diaboli,
928 2210 975 2251 et
1008 2200 1282 2254 insomniis
1310 2200 1521 2263 illusus,
1549 2202 1618 2254 ad
1641 2199 1977 2255 Judaismum
1999 2199 2243 2269 delapsus
2269 2208 2365 2261 est,
2411 2209 2459 2252 et
2493 2200 2669 2253 carnis
2704 2201 3174 2253 circnmcisionem.
3204 2198 3337 2252 Cum
3373 2199 3539 2267 igitur
3567 2198 3692 2250 dia-

334 2270 343 2279 ’
435 2284 584 2338 bolus
605 2286 724 2339 huic
746 2287 1028 2340 identidem
1064 2303 1188 2340 vera
1215 2289 1455 2358 quaedam
1492 2290 1755 2343 insomnia
1778 2289 2205 2364 demonstrasset.
2236 2298 2284 2340 et
2318 2284 2478 2340 veluti
2513 2287 2716 2356 objecta
2759 2286 3005 2340 illecebra
3032 2287 3311 2340 inescasset
3339 2284 3483 2339 illius
3506 2284 3691 2338 obscu-

436 2380 611 2424 rutam
637 2381 858 2426 mentem
879 2416 891 2435 ,
932 2375 1208 2427 novissime
1238 2374 1402 2428 oculis
1434 2374 1579 2428 illius
1621 2376 1795 2447 objicit
1822 2376 2086 2446 copiosam
2118 2374 2329 2429 turbam
2362 2373 2741 2444 apostolorum,
2767 2386 3088 2445 martyrum,
3138 2373 3468 2442 aliorumque
3513 2374 3693 2426 omnis

433 2460 638 2528 generis
663 2458 1089 2514 Christianorum
1124 2462 1449 2515 densissimis
1481 2462 1724 2524 tenebris,
1765 2469 1814 2514 et
1864 2461 2004 2515 omni
2036 2460 2281 2515 dedecore
2305 2461 2608 2531 oppletum:
2644 2471 2795 2531 parte
2831 2463 3091 2532 apposita,
3132 2460 3333 2525 Mosen,
3369 2459 3687 2528 Prophetas,

435 2543 687 2615 papulnm
714 2563 918 2617 quoque
942 2546 1278 2612 Juda’orum,
1315 2548 1420 2601 Deo
1448 2547 1646 2619 alioqui
1677 2549 1902 2602 inrisum
1937 2563 2140 2611 (sermo
2161 2555 2246 2603 est
2276 2549 2346 2603 de
2370 2549 2573 2603 Iudaeis
2591 2565 2740 2604 nunc
2767 2549 3055 2619 temporis)
3089 2550 3239 2619 offert
3278 2547 3550 2619 splendida
3583 2548 3693 2600 ad-

434 2634 647 2687 modum
694 2634 808 2686 luce
847 2637 1171 2704 conspicuos,
1200 2638 1356 2706 inque
1389 2636 1587 2706 gaudio
1614 2645 1661 2688 et
1693 2636 1966 2690 hilaritate
1994 2642 2154 2689 vitam
2201 2636 2552 2689 traducentes.
2582 2635 2709 2689 Hcce
2730 2652 2848 2689 cum
2886 2643 3171 2707 spectasset
3201 2639 3381 2701 miser,
3412 2652 3440 2688 e
3464 2636 3692 2703 vestigio

429 2722 680 2781 surrexit,
713 2721 1063 2793 derclictoque
1085 2733 1266 2775 sancto
1300 2722 1393 2775 illo
1420 2733 1613 2784 monte,
1647 2725 1701 2776 in
1730 2723 2075 2779 Pala’stinam
2101 2740 2261 2795 usque
2291 2725 2543 2791 pervenit,
2578 2734 2827 2795 rectaque
2875 2725 3174 2779 conscendit
3208 2725 3262 2778 in
3300 2723 3484 2778 Noara
3510 2733 3561 2776 et
3588 2722 3688 2777 Li-

402 2808 652 2877 byadem
675 2807 825 2877 asyla
860 2806 1190 2862 Judazorum.
1234 2807 1361 2864 Cum
1389 2810 1560 2877 (vero)
1589 2811 1700 2863 istis
1722 2811 2057 2865 denarrasset
2079 2828 2197 2881 qua:
2223 2813 2321 2866 sibi
2350 2814 2472 2866 visa:
2492 2812 2701 2882 fuerant
2735 2813 3021 2868 diabolicas
3058 2815 3436 2885 apparitiones,
3457 2813 3690 2866 circum-

430 2896 567 2949 cisus
594 2905 690 2959 est,
709 2912 771 2948 ac
813 2896 1078 2966 professus
1097 2896 1463 2961 Judaismum,
1500 2898 1700 2968 accepit
1748 2914 1989 2962 uxorem,
2040 2900 2198 2970 inque
2252 2901 2485 2954 omnium
2535 2909 2811 2971 prospectu
2864 2901 3110 2955 adversus
3142 2899 3470 2955 Christianos
3518 2900 3687 2952 edidit

429 2982 705 3054 dogmata,
730 2994 1097 3054 propugnator
1123 2985 1292 3054 factus
1319 2984 1557 3040 .ludaica’
1589 2972 1995 3055 superstitionis.
2020 2987 2174 3041 Hunc
2202 3004 2294 3057 ego
2318 2988 2440 3051 vidi,
2468 2988 2647 3057 pergit
2672 2988 3001 3053 Antiochus,
3041 3006 3104 3042 ac
3133 2987 3369 3059 plerique
3392 2986 3685 3041 monacho-

429 3086 570 3135 rum,
603 3088 768 3142 neque
794 3075 931 3126 enim
962 3083 1192 3144 quatuor
1215 3075 1344 3127 anni
1368 3081 1490 3127 sunt
1512 3093 1543 3127 a
1576 3084 1741 3127 morte
1771 3074 1914 3127 illius
1944 3092 2047 3145 qua
2073 3077 2260 3129 misere
2284 3084 2566 3145 perruptas
2607 3081 2705 3128 est.
2759 3074 3011 3129 Catharri
3036 3076 3175 3128 enim
3219 3076 3534 3146 proﬂuvium
3569 3074 3679 3128 ali-

430 3158 643 3227 quando
665 3176 874 3228 passns,
901 3168 949 3211 et
973 3161 1229 3214 vermium
1253 3162 1525 3214 orrosione
1550 3161 1918 3215 contabescens
1944 3163 2251 3233 exspiravit.
2277 3162 2429 3217 Hunc
2465 3179 2583 3217 cum
2612 3162 2919 3218 vidissemus
2943 3178 3036 3233 ego
3063 3171 3112 3215 et
3142 3162 3238 3216 alii
3266 3161 3468 3232 aliquot
3492 3176 3683 3215 mona-

433 3245 536 3307 chi,
568 3248 799 3315 correpti
835 3248 1046 3309 timore,
1079 3247 1282 3315 ingenti
1309 3263 1427 3300 cum
1453 3246 1594 3300 luctu
1629 3247 2124 3302 lamentatisumus.
2156 3250 2288 3304 Erat
2312 3251 2368 3304 id
2392 3266 2523 3304 sane
2552 3266 2714 3322 quam
2747 3248 3049 3304 miserabile
3073 3247 3452 3319 spectaculum.
3477 3247 3567 3301 Vir
3590 3248 3679 3301 hic

432 3340 571 3385 totus
606 3333 923 3385 incanuerat
954 3333 1009 3384 in
1042 3334 1336 3386 monastica
1357 3336 1751 3394 exercitatione,
1777 3346 2226 3408 consenueratque
2255 3335 2522 3390 laboribus
2548 3338 2783 3396 attritus.
2811 3346 2859 3389 et
2880 3337 2923 3390 is
2958 3337 3173 3389 tandem
3214 3352 3332 3389 cum
3366 3334 3679 3388 mulieribus

412 3416 730 3489 'jocabatur,
767 3417 1166 3471 immundarum
1191 3422 1457 3483 carnium,
1496 3437 1680 3491 nempe
1702 3420 2069 3483 Iudaicarum,
2109 3431 2263 3491 gustu
2286 3437 2342 3475 se
2384 3422 2708 3497 deftedabat‘
2725 3430 2774 3474 et
2809 3422 3144 3492 inquinabat,
3181 3421 3339 3475 verba
3363 3419 3678 3490 loquebatur

430 3507 651 3560 obscena
672 3515 720 3560 et
740 3506 1043 3577 jmpudica,
1069 3506 1467 3575 blasphemabat
1501 3509 1789 3573 Christum,
1822 3508 2080 3579 Spiritum
2125 3516 2370 3562 sanctum
2421 3525 2524 3562 non
2573 3508 2865 3563 tolerandis
2910 3508 3166 3579 afﬁciebat
3212 3506 3542 3562 contumeliis
3570 3522 3589 3559 :
3621 3513 3676 3560 et

427 3596 565 3648 hunc
613 3604 792 3648 tamen
849 3593 932 3648 illi
986 3595 1098 3649 sine
1152 3593 1263 3666 lege
1290 3594 1465 3649 Judtei
1517 3596 1806 3650 secundum
1844 3596 2100 3651 vocabant
2139 3595 2432 3650 Abraham.
2476 3594 2603 3651 lltec
2639 3594 2950 3650 Antiochus
3020 3602 3061 3650 t.
3098 3594 3116 3649 1
3150 3593 3289 3649 Bibl.
3316 3592 3471 3648 Patr.
3497 3591 3670 3649 ενα-ε.

410 3682 487 3751 ἰι.
518 3680 647 3735 HG!
677 3688 733 3734 et
757 3696 875 3751 seq.
2107 3748 2135 3768 ά

497 3767 756 3831 Cosroes,
791 3776 851 3822 ut
875 3768 1084 3823 dictum
1110 3777 1214 3833 est,
1254 3771 1463 3841 lignum
1488 3776 1692 3825 saneta:
1726 3768 1931 3835 crucis,
1960 3765 2536 3841 quod'llierosolymis
2564 3769 2912 3836 servabatur,
2946 3771 3001 3825 in
3041 3768 3323 3825 Persidem
3358 3765 3670 3822 transtulit.

426 3854 535 3910 Sed
564 3856 724 3925 plane
758 3855 1124 3911 admiratione
1147 3858 1374 3929 dignum
1407 3858 1541 3912 illud
1571 3858 1694 3929 fuit,
1727 3857 1907 3928 inquit
1947 3857 2219 3911 Baronius
2242 3872 2409 3927 supra
2445 3858 2668 3923 citatus,
2706 3874 2762 3912 η.
2790 3858 2881 3922 52,
2928 3858 3158 3928 impium
3204 3855 3483 3911 hominem
3528 3854 3673 3909 adeo

427 3958 550 3996 esse
578 3943 875 3997 reveritum
908 3944 1104 3998 salutis
1136 3954 1341 3999 nostrre
1397 3953 1687 4015 tropaeum,
1723 3954 1783 3999 ut
1835 3960 1938 3999 nec
1968 3960 2137 4000 ausus
2174 3943 2341 4000 fuerit
2381 3946 2450 4001 ah
2486 3946 2601 4016 ipsa
2633 3945 2813 4010 theca,
2836 3961 2943 4015 qua
2997 3945 3374 4016 operiebatur,
3409 3944 3669 4013 signacu-

430 4045 541 4083 lum
575 4045 855 4097 amovere,
890 4040 946 4086 ct
980 4032 1132 4086 clave
1167 4033 1409 4102 aperire,
1442 4044 1501 4088 ut
1522 4034 1607 4087 vel
1638 4033 1771 4088 illud
1812 4033 2142 4103 inspiceret;
2176 4033 2270 4086 sed
2303 4034 2501 4089 timore
2530 4034 2868 4102 perculsum,
2891 4033 2968 4088 uti
3013 4034 3068 4088 in
3099 4040 3454 4088 sacrosancto
3475 4028 3667 4099 templi

424 4116 549 4171 loco
576 4118 984 4182 asservabatur,
1019 4119 1213 4173 eodem
1250 4119 1412 4173 modo
1437 4121 1489 4174 in
1522 4120 1802 4175 Persidem
1825 4120 2070 4174 voluisse
2105 4122 2427 4183 transferre,
2462 4122 2631 4175 veluti
2665 4122 2889 4176 demum
2919 4123 3187 4176 intactum
3230 4121 3670 4190 Hierosolymam

426 4214 771 4275 reportatum
831 4204 935 4259 fuit
973 4222 986 4259 :
1019 4205 1167 4275 quod
1187 4215 1418 4261 testatus
1446 4217 1528 4260 est
1554 4207 1831 4262 Modestus
1860 4206 2366 4280 Hierosolymorum
2395 4208 2731 4278 patriarcha,
2766 4210 2898 4263 item
2921 4223 3140 4279 quoque
3167 4208 3462 4262 universus
3485 4207 3672 4261 clerus

430 4292 689 4346 Ecclesia:
725 4290 1257 4363 llierosolymitante.
1284 4293 1473 4347 Tradit
1502 4293 1618 4348 haec
1651 4294 1835 4348 omnia
1861 4294 2062 4349 Suidas
2108 4296 2165 4349 in
2198 4295 2473 4350 Heraclio.
2500 4296 2672 4350 Porro
2703 4296 2960 4350 observat
3003 4295 3199 4350 Baron.
3245 4294 3389 4349 idem
3421 4293 3487 4347 ad
3533 4307 3666 4346 ann.

428 4384 552 4443 6‘22,
587 4400 643 4437 n.
676 4384 726 4448 l,
763 4399 828 4437 cx
864 4399 973 4452 quo
1005 4391 1193 4437 saneta
1228 4383 1373 4439 Crux
1396 4395 1551 4453 capta
1580 4402 1609 4439 a
1638 4385 1816 4439 Persis
1837 4386 1960 4449 fuit,
1984 4392 2039 4438 et
2072 4383 2125 4438 in
2159 4383 2439 4438 Persidem
2468 4391 2766 4453 asportata,
2781 4382 2922 4437 hanc
2953 4399 3052 4438 sua
3094 4383 3339 4453 potentia
3361 4423 3375 4445 ,
3409 4383 3519 4435 imo
3547 4380 3671 4451 ejus

425 4470 519 4539 qui
549 4471 603 4523 in
633 4486 697 4524 ea
730 4486 924 4540 passus
951 4479 1035 4526 est
1056 4470 1258 4526 virtute
1284 4514 1297 4536 ,
1327 4471 1590 4526 Romanis
1620 4473 1809 4541 plures
1845 4472 2197 4543 ins‘gncsquc
2224 4472 2528 4528 contulisse
2556 4471 2852 4537 victorias;
2880 4486 2912 4526 e
2953 4481 3145 4526 contra
3177 4487 3309 4525 vero
3344 4471 3539 4525 Persas
3578 4484 3673 4521 re-

426 4559 661 4628 portatis
695 4560 1059 4630 plurimorum
1086 4576 1358 4617 annorum
1390 4561 1610 4630 tropaeis
1632 4561 1927 4615 admodum
1958 4562 2132 4617 elatos
2154 4555 2516 4627 deprcssisse,
2552 4569 2858 4622 eorumque
2894 4569 3079 4624 regem
3111 4553 3357 4609 Cosroen
3388 4551 3671 4605 horrenda

423 4659 603 4703 morte
635 4649 919 4703 inuitasse.
953 4650 1087 4703 Item
1113 4650 1178 4703 ad
1210 4665 1413 4704 annum
1440 4649 1565 4713 627,
1593 4665 1650 4703 n.
1679 4651 1771 4712 9.5,
1805 4649 2059 4704 lleraclio
2090 4643 2415 4714 imperatori
2440 4641 2626 4697 erucis
2653 4641 2863 4695 virtute
2905 4642 3119 4707 datum,
3150 4650 3207 4695 ut
3236 4654 3395 4711 longe
3440 4638 3674 4709 praecla—

427 4736 547 4790 rius
568 4752 731 4805 quant
755 4735 938 4805 quivis
970 4745 1097 4791 ante
1126 4737 1500 4791 Romanorum
1533 4737 1833 4806 imperator
1862 4739 1936 4792 de.
1985 4737 2196 4791 victore
2239 4733 2469 4795 Cosroe,
2492 4731 2589 4800 qui
2617 4739 2674 4784 et
2726 4730 2872 4784 vinci
2914 4746 3075 4801 posse
3133 4746 3243 4784 non
3308 4728 3669 4787 credebatur,

425 4822 869 4892 triumphaverit,
901 4822 1114 4876 iteratis
1144 4823 1352 4879 scilicet
1372 4838 1470 4894 per
1498 4838 1672 4878 annos
1693 4834 1901 4894 septem
1934 4823 2202 4886 victoriis,
2220 4835 2456 4892 quarum
2486 4831 2650 4873 causa
2674 4833 2774 4888 per
2793 4833 2967 4872 annos
2997 4817 3243 4889 singulos
3277 4815 3476 4887 singuli
3506 4825 3673 4871 erant

422 4909 526 4978 ipsi
572 4909 904 4964 decernendi
929 4905 1214 4978 triu'mphi.

496 4999 687 5053 Exstat
716 4998 771 5052 in
808 4998 1003 5053 Chron.
1031 4998 1323 5052 Alexandr.
1360 5016 1484 5070 pag.
1507 5000 1630 5063 59.8,
1665 5000 1733 5055 ad
1764 5017 1967 5055 annum
1999 4999 2065 5057 £8
2094 4998 2329 5054 lleraelii
2378 4996 2632 5068 imperat.
2669 4996 2876 5054 Christi
2905 4996 3030 5059 69.8,
3079 4995 3310 5065 epistola
3343 4995 3510 5063 hujus
3560 4994 3679 5048 im-

422 5094 597 5157 perat.
624 5085 790 5140 missa
823 5084 1357 5155 Constantinopolim
1392 5088 1460 5141 de
1494 5104 1628 5143 nece
1657 5088 1902 5153 Cosrois,
1946 5097 2001 5143 et
2047 5101 2179 5158 pace
2220 5086 2356 5138 inita
2383 5099 2507 5139 eum
2556 5083 2725 5156 Syroe
2762 5087 2882 5156 ejus
2913 5083 3044 5145 lilio,
3070 5098 3193 5152 qua:
3251 5083 3389 5135 lecta
3438 5090 3527 5135 est
3578 5081 3673 5135 die

423 5174 491 5228 15
519 5173 664 5236 Maii,
696 5174 750 5226 in
782 5188 946 5242 quem
979 5172 1249 5227 inciderat
1277 5174 1473 5229 festum
1502 5176 1722 5230 Pentcc.
1757 5177 1835 5230 Eo
1867 5192 2013 5230 anno
2051 5174 2262 5231 Pascha
2305 5183 2625 5227 occurrerat
2652 5172 2741 5227 dic
2767 5172 2834 5226 27
2881 5172 3040 5225 Mart.
3082 5170 3424 5240 proindequc
3465 5167 3677 5222 Pente-

421 5268 608 5317 costcs
637 5259 727 5314 die
758 5260 823 5314 15
849 5259 995 5314 Maii.
1030 5261 1163 5314 Eam
1205 5277 1426 5331 quoque
1458 5264 1632 5316 refert
1663 5264 1885 5332 Pagius;
1914 5271 2050 5316 tom.
2081 5262 2146 5326 ll,
2194 5262 2318 5316 crit.
2351 5260 2547 5314 Annal.
2585 5261 2782 5314 Baro».
2815 5259 2881 5314 ad
2936 5273 3142 5312 annum
3175 5257 3303 5317 627,
3330 5272 3483 5311 num.
3516 5256 3581 5308 12
3614 5267 3675 5310 ct

419 5362 574 5418 seqq.
606 5347 699 5403 Sic
725 5347 917 5418 incipit
944 5364 957 5401 :
994 5347 1200 5401 Decimo
1219 5357 1400 5401 octavo
1428 5365 1567 5402 anno
1590 5350 1798 5419 imperii
1821 5350 2070 5409 Hcraclii.
2108 5358 2219 5419 post
2241 5347 2592 5410 consulatum,
2627 5349 2690 5401 l7
2716 5358 2849 5412 cte,
2874 5348 2936 5401 lz‘i
2964 5346 3095 5399 Maii
3130 5347 3320 5399 mensis
3350 5344 3454 5408 dir,
3489 5344 3592 5412 for.
3620 5346 3676 5413 i,

421 5437 537 5504 ipso
562 5435 889 5490 Pentecostes
927 5435 1078 5505 festo,
1111 5435 1256 5491 lectte
1275 5446 1397 5489 sunt
1433 5452 1497 5489 ea:
1524 5437 1744 5490 amboue
1775 5438 1825 5490 in
1861 5438 2195 5492 sanctissima
2231 5438 2424 5507 Magna
2460 5437 2677 5491 ecclesia
2713 5436 2903 5491 litterte
2928 5436 3100 5491 missa:
3130 5452 3191 5490 ea:
3217 5434 3428 5491 Oriente
3460 5434 3527 5488 ab
3567 5433 3674 5489 He-

419 5523 588 5577 raclio
615 5527 847 5596 piissimo
878 5527 1197 5597 imperatore
1223 5534 1420 5590 nostro,
1449 5541 1565 5597 qua:
1595 5526 1802 5581 Cosrote
1829 5543 2031 5587 casum,
2056 5534 2103 5579 et
2134 5527 2593 5595 inaugurationem
2622 5523 2801 5595 Sgroa:
2832 5523 3121 5578 Persarum
3157 5524 3291 5593 regis
3323 5522 3673 5587 nuntiabant,

421 5612 559 5667 hisce
577 5615 739 5670 verbis
773 5625 1053 5687 conceptae.
1083 5633 1101 5666 ι
1135 5615 1418 5671 Exsultate
1446 5616 1574 5679 Deo,
1608 5617 1777 5669 omnis
1810 5624 1976 5679 terra,
2010 5634 2028 5665 ι
2056 5624 2163 5669 etc.
2203 5632 2219 5661 ο
2256 5613 2521 5666 Lmtentur
2541 5610 2655 5665 ctrli
2681 5620 2730 5664 et
2754 5609 2972 5664 exsultet
3002 5620 3167 5674 terra,
3192 5620 3238 5664 et
3260 5611 3438 5664 omnia
3470 5625 3594 5681 qua!
3616 5611 3674 5664 iis

419 5701 496 5753 eis
526 5711 669 5756 sunt.
692 5720 710 5754 ι
742 5701 812 5756 Et
835 5719 1012 5757 omnes
1041 5701 1329 5757 Christiani
1356 5702 1634 5757 laudantes
1663 5711 1712 5757 et
1740 5703 2093 5756 benedice):th
2118 5702 2317 5772 gratias
2354 5715 2574 5769 agamus
2597 5697 2704 5752 soli
2728 5698 2857 5762 Deo,
2894 5708 3002 5754 etc.
3041 5719 3058 5750 ε
3083 5696 3279 5754 Cecidit
3310 5697 3449 5751 enim
3475 5713 3676 5767 super-

427 5794 522 5844 bus
536 5798 583 5840 et
596 5788 880 5859 perduellis
906 5789 1001 5844 Dei
1032 5787 1272 5845 Cosroes.
1327 5787 1542 5858 Cecidit,
1572 5798 1622 5843 et
1662 5789 2031 5861 prtt’cipt'taltts
2065 5798 2139 5845 est
2175 5788 2245 5842 ad
2280 5788 2496 5858 inferos,
2535 5795 2584 5841 ct
2614 5786 2784 5841 deleta
2819 5794 2895 5841 est
2919 5787 2983 5841 de
3021 5795 3162 5842 terra
3204 5782 3460 5841 memoria
3529 5784 3675 5853 eius.
