4038 6208
293 313 430 378 3⁸2⁸35
1744 319 1796 384 Ν
1795 323 1888 384 OT

1952 323 2080 385 UA.
3403 327 3547 388 3925

3439 357 3546 391 $.11

298 425 662 496 Superbusille
697 435 746 480 et
773 426 990 497 loquens
1015 430 1349 500 iniquitatem
1373 434 1428 486 in
1455 435 1702 504 superbia
1723 446 1772 489 et
1799 447 2102 508 contemptu
2130 437 2378 490 adversus
2415 434 2477 490 D.
2515 434 2584 491 N.
2621 433 2676 492 Ι.
2711 433 2770 490 C.
2819 439 3004 492 verum
3037 437 3223 504 Deum,
3252 447 3300 493 et
3325 441 3539 495 intente.

295 523 468 566 ratam
501 513 617 584 ejus
637 521 864 566 matrem
892 513 1217 572 benedictum
1239 519 1522 574 Dominam
1558 530 1798 576 nostram
1827 523 1920 577 Dei
1952 525 2265 582 Genitricem
2303 541 2612 595 semperque
2651 523 2920 593 Virginem
2953 527 3202 581 Mariam.
3247 528 3412 583 Periit
3447 531 3538 583 im-

295 603 410 668 pius
436 618 550 653 cum
587 603 781 654 sonitu.
815 601 1106 659 Conversus
1141 615 1217 660 est
1244 607 1394 660 labar
1423 609 1535 677 ejus
1557 610 1611 662 in
1633 619 1790 679 caput
1823 612 1959 679 ejus,
1997 621 2046 664 et
2073 613 2128 665 in
2157 613 2401 666 verticem
2428 613 2692 682 iniquitas
2719 613 2837 682 ejus
2870 613 3154 667 descendit.
3186 613 3322 668 Nam
3360 615 3430 668 Si
3453 615 3546 669 Fc—

291 689 476 742 bruar.
505 687 758 756 prceteriti
795 692 1008 754 mensis,
1040 695 1214 758 prima
1237 695 1538 758 indictione,
1573 697 1827 750 seditione
1854 697 1906 750 in
1933 716 2050 752 eum
2101 707 2240 752 mata
2273 699 2336 752 ab
2363 699 2526 768 ipsius
2557 697 2670 762 ﬁlio
2705 698 3050 768 primogenita
3073 698 3260 769 Syrae,
3293 701 3523 770 quemad

293 777 502 828 modum
533 776 586 827 in
617 775 727 828 alia
751 776 992 845 jussione
1013 778 1088 846 (id
1114 789 1197 832 est.
1219 780 1497 848 epistola),
1531 783 1670 834 vobis
1702 785 2058 848 expasuimus.
2093 784 2388 840 Persarum
2417 785 2659 837 omnibus
2687 786 2987 854 proceribus
3019 803 3081 838 ac
3121 787 3364 839 universo
3394 801 3549 839 exer-

291 863 418 920 citu,
445 863 710 930 copiisque
743 879 804 914 ex
838 865 1000 918 variis
1032 867 1328 934 regionibus
1358 869 1648 930 conductis,
1691 871 1754 922 ab
1783 871 2100 923 exsecranda
2123 871 2315 926 Cosrae
2339 877 2408 924 ad
2435 879 2616 942 partes
2665 870 2875 941 Syram,
2899 889 3016 925 cum
3049 871 3403 942 Curdauaspa
3423 873 3551 926 Per-

290 951 382 1001 sici
409 951 664 1003 ercercitus
694 951 840 1018 prius
866 952 996 1004 duce
1047 955 1462 1012 transeuntibus.
1487 957 1622 1008 idem
1648 957 1753 1011 Deo
1781 959 1976 1012 invisus
2007 958 2246 1022 Cosroes,
2287 960 2410 1012 dum
2439 959 2618 1027 fugam
2652 961 2960 1022 meditatur,
3009 967 3214 1030 captus,
3247 961 3554 1029 vinctusque

291 1036 346 1090 in
377 1053 567 1089 nouum
608 1037 910 1098 castellum,
951 1039 1013 1092 ab
1043 1042 1262 1109 ipsumet
1297 1042 1367 1093 ad
1389 1041 1748 1096 recondendus
1784 1045 2178 1114 servandasque
2201 1047 2262 1099 ab
2288 1063 2346 1098 ea
2377 1045 2624 1098 collectas
2653 1047 2903 1114 pecunias
2931 1059 3246 1099 exstructum
3284 1048 3550 1117 conjectus

291 1132 384 1176 est.
415 1122 667 1176 Vicesinta
701 1127 884 1192 quinta
918 1136 1096 1178 autent
1135 1127 1376 1197 ejusdem
1423 1147 1488 1180 ut.
1510 1131 1614 1182 usis
1645 1129 1900 1184 Februar.
1932 1131 2098 1202 Sgroe
2123 1143 2396 1194 coronato,
2421 1141 2470 1186 et
2494 1149 2614 1203 rege
2669 1133 2954 1186 Persarum
2999 1135 3340 1203 inaugurato,
3382 1153 3444 1187 ac
3479 1133 3552 1189 28

294 1209 528 1278 ejusdem
548 1212 740 1264 mensis
763 1229 882 1265 cum
909 1213 1018 1266 Deo
1045 1230 1231 1266 exosus
1256 1216 1477 1269 Cosracs
1501 1225 1754 1286 quartum
1771 1219 1890 1286 jam
1915 1220 2050 1272 diem
2091 1221 2146 1274 in
2180 1219 2426 1284 vinculis,
2465 1220 2702 1272 omnibus
2744 1221 3078 1272 excruciatus
3111 1218 3398 1282 doloribus,
3427 1236 3552 1274 exe-

293 1295 470 1364 gisset,
503 1297 776 1366 ingratum
807 1297 982 1361 illum,
1007 1310 1056 1352 et
1082 1299 1408 1368 perduellem
1441 1303 1556 1366 Dei,
1587 1305 1974 1373 superbumque
2006 1323 2068 1358 ac
2101 1307 2466 1376 blasphemum
2499 1306 2730 1361 Casroen
2777 1306 3116 1359 acerbissima
3146 1309 3329 1360 mortis
3364 1323 3550 1377 genere

295 1380 482 1451 Syroes
511 1383 748 1448 sustulit,
779 1386 856 1438 uti
877 1387 1032 1439 sciret
1059 1385 1248 1439 Jesunt
1275 1405 1338 1442 ea:
1364 1389 1540 1442 Maria
1567 1399 1774 1453 natum,
1807 1399 1858 1442 et
1878 1409 1908 1443 a
1934 1391 2137 1446 Iudaeis
2173 1393 2510 1462 cruciﬁxum,
2541 1395 2988 1464 quemadmodum
3027 1394 3139 1462 ipse
3166 1395 3473 1464 scripserat,
3503 1404 3552 1447 et

294 1486 450 1539 quem
477 1472 718 1525 conviciis
741 1473 1468 1540 incesserat,omnipotentem
1497 1493 1606 1529 esse
1623 1476 2008 1547 Deum,illique
2035 1481 2335 1544 retribuere,
2355 1489 2510 1550 prout
2540 1498 2570 1532 a
2599 1482 2743 1534 nobis
2767 1483 2868 1550 ipsi
2896 1482 3210 1550 rescriptum
3237 1480 3553 1549 fueram-te.

295 1555 362 1611 In
387 1556 497 1610 alia
535 1563 713 1612 autem
735 1577 764 1612 α
792 1560 936 1614 nobis
977 1559 1102 1614 data
1129 1563 1270 1615 vobis
1293 1563 1557 1632 jussione,
1585 1580 1647 1617 ea:
1682 1566 1870 1617 castris
1889 1566 2084 1618 nostris
2123 1566 2191 1618 ad
2215 1565 2481 1628 Canzaca,
2533 1581 2653 1636 qua:
2700 1565 3036 1620 continebant
3074 1576 3194 1620 acta
3244 1586 3275 1620 a
3310 1568 3375 1620 17
3405 1565 3555 1621 Octo—

299 1647 426 1710 bris,
455 1663 618 1716 usque
643 1651 712 1701 ad
739 1649 803 1702 15
823 1649 1028 1712 Martii,
1053 1650 1468 1721 significavimus
1493 1693 1507 1716 ,
1539 1669 1640 1722 quo
1667 1661 1822 1722 pacta
1843 1651 2004 1714 Deus,
2036 1661 2086 1704 et
2128 1651 2350 1708 Domina
2381 1659 2562 1706 nostra
2591 1651 2850 1722 Deipara,
2877 1653 3046 1714 nobis,
3091 1651 3398 1725 Christoque
3424 1654 3542 1708 dilea

297 1735 394 1787 ctis
417 1735 576 1803 copiis
604 1736 796 1788 nostris
832 1739 1173 1801 succurrerit,
1201 1747 1248 1790 et
1278 1739 1535 1808 quomodo
1555 1741 1608 1793 in
1641 1741 1754 1810 ipsa
1775 1749 2048 1808 conspectu
2078 1749 2258 1792 nostra
2288 1739 2396 1792 Dea
2427 1757 2611 1795 exosus
2637 1779 2652 1802 ,
2676 1749 2726 1792 et
2749 1755 2776 1791 e
2811 1740 3014 1793 tumulo
3049 1741 3379 1810 refodieudus
3403 1742 3554 1813 (sive

299 1841 334 1879 ε
360 1827 712 1895 sterquilinio
736 1826 990 1890 cﬂ'ossns,
1017 1836 1078 1881 ut
1101 1827 1263 1884 habet
1297 1828 1518 1896 Pagins;
1557 1827 1776 1884 Cosraes
1806 1845 1837 1881 α
1871 1827 2344 1897 Dastagerchosate
2378 1826 2446 1878 ad
2478 1825 2866 1896 Ctesiphontem
2894 1843 3059 1897 usque
3086 1829 3272 1898 fugam
3298 1830 3557 1899 capessis-

301 1913 390 1972 rit,
415 1929 618 1983 suaque
666 1912 872 1982 palatia
905 1915 1140 1967 amiserit
1173 1931 1292 1968 cum
1317 1917 1468 1985 regni
1493 1915 1690 1970 Persici
1717 1915 2018 1985 provinciis,
2057 1927 2120 1964 ac
2151 1912 2376 1979 denique
2407 1911 2506 1962 hac
2538 1911 2746 1962 ratione
2768 1926 3092 1964 commovere
3123 1912 3372 1965 adversus
3402 1911 3556 1965 illum

298 1999 604 2054 seditionem
623 1999 814 2071 Syroes
840 2003 1091 2071 potuerit.
1115 2001 1243 2056 Post
1261 2004 1512 2072 scriptam
1534 2019 1655 2057 vero
1681 2003 1818 2056 hanc
1844 2009 2080 2056 nostram
2097 1999 2415 2069 jussionem,
2439 2013 2658 2066 eamque
2678 1999 2898 2051 missam
2923 1997 2986 2052 15
3004 1997 3087 2051 die
3110 2001 3382 2068 prwsentis
3413 2014 3562 2052 men-

299 2087 370 2140 sis
395 2086 597 2150 Martii,
627 2087 748 2139 dttm
779 2103 898 2157 qua:
929 2086 1160 2142 Casroen
1191 2089 1330 2141 inter
1359 2099 1408 2142 et
1443 2089 1642 2159 Syroen
1678 2089 2008 2160 postmodum
2043 2085 2355 2153 contigerint
2387 2083 2670 2153 explorare
2715 2085 3034 2154 satagimus,
3085 2086 3258 2140 missis
3297 2088 3354 2140 in
3403 2087 3557 2141 varia

305 2173 442 2239 loca,
472 2183 632 2244 atque
659 2175 728 2228 ad
750 2175 1023 2240 Siarsura,
1052 2189 1274 2246 parvum
1294 2176 1490 2240 Zabas,
1519 2175 1744 2231 Chalcao‘
1764 2189 1810 2230 et
1833 2175 2067 2236 .lesdeut,
2106 2183 2333 2241 utraque
2385 2173 2491 2230 via,
2525 2179 2638 2224 tum
2669 2187 2732 2225 ex
2773 2172 3082 2240 felicissimis
3111 2176 3297 2227 castris
3344 2173 3559 2240 nostris,

306 2271 418 2314 tum
439 2278 501 2314 ex
540 2260 822 2315 Saracenis
847 2263 934 2330 pio
967 2269 1145 2314 nostra
1179 2263 1400 2332 imperio
1429 2263 1698 2333 subjectis,
1739 2272 1797 2316 ut
1841 2259 2284 2334 quemadmodum
2330 2259 2542 2328 praefati
2587 2275 2792 2323 sumus,
2830 2269 3000 2312 matus
3030 2261 3122 2330 qui
3149 2260 3220 2313 ibi
3249 2269 3392 2324 sunt,
3421 2267 3561 2313 certa

305 2349 637 2408 resciremus,
675 2347 1009 2401 adduxerunt
1043 2349 1112 2401 ad
1143 2365 1236 2402 nos
1268 2351 1590 2403 excubitores
1621 2351 1672 2403 in
1703 2358 1881 2403 castra
1913 2348 1982 2402 ad
2013 2348 2259 2401 Canzaca
2307 2347 2527 2400 Persam
2571 2365 2757 2410 unum,
2799 2355 2848 2401 et
2885 2349 3114 2401 alterum
3164 2348 3494 2414 Armenium,
3525 2363 3562 2402 tt

305 2435 494 2506 quibus
515 2443 759 2503 porrecta
788 2437 932 2489 nobis
961 2445 1038 2488 est
1068 2435 1288 2505 epistola
1320 2455 1350 2489 a
1381 2437 1610 2504 quodam
1653 2437 1940 2491 Persarum
1969 2439 2252 2490 secretario
2283 2437 2366 2488 cui
2389 2451 2576 2488 nomen
2601 2445 2676 2488 est
2707 2435 2909 2490 Cosdae
2941 2446 2990 2489 et
3035 2437 3464 2498 Axiamaranan.
3491 2436 3564 2492 ad

307 2539 400 2576 nos
422 2523 638 2590 scripta,
661 2538 764 2591 qua
787 2524 1000 2575 missum
1028 2537 1083 2575 se
1109 2521 1498 2592 significabota
1527 2523 1694 2594 Syroe
1741 2526 1797 2577 in
1845 2523 2134 2578 Persarum
2181 2540 2354 2593 regem
2408 2524 2758 2593 proclamato,
2817 2541 2935 2578 cum
2987 2523 3108 2578 aliis
3156 2525 3475 2595 proceribus,
3515 2537 3566 2579 et

306 2609 470 2676 ipsius
518 2607 695 2678 Syrois
751 2609 820 2661 ad
868 2626 958 2662 nos
1015 2609 1202 2662 litteris
1247 2627 1265 2665 .'
1301 2627 1521 2681 cumque
1575 2613 1644 2666 ad
1689 2612 1892 2665 Arman
1917 2613 2250 2680 pervenisset,
2280 2612 2446 2662 visum
2475 2609 2573 2663 sibi
2594 2626 2703 2662 esse
2727 2621 2783 2662 ut
2838 2612 2968 2664 duos
3025 2613 3151 2664 istos
3195 2614 3332 2666 viros
3358 2612 3428 2665 ad
3467 2628 3562 2666 nos

313 2699 560 2759 mitteret,
589 2713 690 2764 quo
741 2697 966 2750 vicissim
1024 2713 1180 2764 seque
1231 2715 1292 2750 ac
1351 2701 1518 2752 socias
1554 2697 2108 2768 tutosincalumesque
2162 2698 2498 2760 deducerent,
2554 2714 2586 2750 a
2651 2697 2796 2750 nobis
2867 2699 3220 2751 mitterentur.
3279 2697 3342 2754 Ut
3390 2711 3566 2753 autent

307 2782 461 2837 illum
511 2784 608 2836 sibi
657 2784 838 2835 timere
885 2783 1260 2846 intelleximus,
1319 2800 1382 2836 ex
1430 2802 1488 2838 eo
1539 2786 1679 2855 quod
1737 2788 1788 2838 in
1845 2785 2030 2838 itinere
2092 2783 2260 2835 multa
2302 2783 2584 2836 Persarum
2621 2784 2908 2847 cadavera,
2942 2801 3108 2854 eaque
3132 2802 3295 2856 usque
3330 2787 3398 2839 ad
3453 2787 3562 2841 tria

309 2871 522 2925 circiter
579 2869 750 2923 millia
801 2885 832 2920 a
881 2868 1195 2935 felicissimis
1243 2871 1404 2939 copiis
1459 2873 1654 2924 nostris
1703 2871 2098 2938 interfectorum
2157 2885 2337 2921 versus
2375 2869 2594 2922 Narban
2652 2871 2868 2934 videret,
2919 2870 3114 2938 absque
3163 2865 3566 2926 conductoribus

309 2975 403 3012 nos
431 2959 706 3011 convenire
729 2962 996 3009 vereretur
1015 2975 1030 3010 :
1052 2956 1122 3010 25
1150 2957 1383 3024 ejusdem
1415 2955 1576 3010 Mart.
1603 2959 1794 3010 mensis
1817 2959 1884 3009 ad
1907 2957 2026 3009 illos
2052 2961 2292 3010 misimus
2323 2955 2760 3026 gloriosissimum
2797 2959 3110 3027 magistrum
3133 2961 3360 3013 militum
3386 2961 3568 3014 Eliam

309 3053 650 3114 cognomento
675 3041 926 3103 Brrsoca,
965 3052 1012 3095 et
1039 3042 1618 3110 magniﬁcentissimum
1660 3043 1976 3097 Theodotum
2013 3043 2394 3115 Drungarium,
2436 3059 2554 3095 cum
2587 3043 2787 3096 delecta
2811 3045 3112 3113 juventute,
3139 3063 3200 3098 ac
3224 3047 3406 3114 viginti
3424 3053 3570 3117 equis

311 3135 596 3188 dextrariis
631 3129 762 3185 sella
799 3133 1087 3188 instructis,
1123 3131 1214 3200 qui
1266 3131 1372 3184 illis
1411 3142 1764 3192 occurrerent,
1797 3148 1984 3192 eosque
2034 3133 2104 3185 ad
2137 3149 2230 3184 nos
2263 3133 2599 3195 deducerent,
2633 3141 2741 3186 etc.
2787 3131 2851 3186 Ut
2879 3147 3000 3186 vero
3040 3133 3168 3186 duos
3208 3133 3330 3186 illos
3365 3134 3502 3187 viros
3537 3151 3568 3186 ιι

315 3221 482 3292 Syroe
512 3221 796 3271 Persarum
830 3235 950 3288 rege
980 3219 1161 3271 missos
1197 3221 1485 3286 recepimus
1505 3261 1518 3280 .
1550 3219 1778 3272 alterum
1807 3236 1870 3272 ex
1895 3221 1978 3278 iis.
2014 3219 2234 3272 Persam
2259 3219 2477 3280 scilicet,
2506 3235 2613 3271 una
2634 3235 2749 3271 cum
2785 3219 2908 3272 aliis
2938 3221 3006 3272 ad
3038 3219 3406 3272 Barismanem
3431 3219 3572 3274 Catt-

315 3323 564 3360 sucorum
599 3305 995 3373 (praepositum)
1024 3306 1114 3374 qui
1141 3323 1171 3356 a
1195 3305 1558 3374 quadraginta
1583 3304 1899 3358 miliiaribus
1928 3308 2133 3370 aberat,
2161 3315 2209 3359 et
2234 3309 2287 3359 in
2318 3307 2578 3359 munitum
2603 3305 2884 3360 castellum
2915 3323 2971 3360 se
2998 3306 3286 3361 recluserat
3309 3308 3571 3372 misimus,

317 3395 454 3448 datis
487 3394 556 3448 ad
579 3393 730 3446 illum
763 3393 973 3450 litteris.
1007 3395 1190 3462 quibus
1225 3395 1622 3455 mandabatur,.
1645 3397 1721 3447 uti
1757 3412 1916 3465 equos
1951 3403 2148 3463 septem
2179 3411 2274 3463 pro
2311 3393 2496 3462 legatis
2527 3403 2766 3462 pararet,
2804 3410 2907 3462 quo
2941 3395 3181 3463 expedite
3221 3412 3283 3448 ac
3305 3397 3418 3449 sine
3457 3393 3572 3449 ulla

317 3481 690 3550 impedimento
735 3479 804 3532 ad
832 3479 1032 3550 Syroen
1063 3495 1232 3548 regem
1267 3489 1476 3549 possent
1522 3481 1802 3549 proficisci.
1833 3481 2182 3534 Barismauas
2234 3495 2428 3532 vero...
2463 3487 2510 3531 et
2543 3480 2632 3548 qui
2669 3487 2780 3530 tum
2813 3496 2931 3532 cum
2966 3480 3060 3533 illo
3088 3483 3332 3544 aderant,
3383 3499 3496 3547 nos,
3524 3491 3574 3535 et

319 3565 522 3638 Syroen
563 3567 850 3620 Persarum
883 3583 1076 3634 regem,
1105 3581 1197 3634 per
1233 3566 1430 3619 multas
1455 3568 1635 3626 horas.
1673 3569 1862 3636 faustis
1896 3569 2367 3622 acclamationibus
2400 3565 2744 3637 laudibusque
2772 3571 3032 3636 prosecuti
3083 3577 3227 3624 sunt.
3283 3570 3328 3624 A
3376 3569 3574 3640 Legato

322 3657 514 3725 quippe
535 3653 629 3707 illo
660 3655 842 3714 Persa,
867 3652 1191 3721 perduellem
1225 3653 1318 3706 Dei
1346 3654 1577 3707 Cosraen
1612 3655 1850 3723 periisse,
1876 3667 2152 3721 regemque
2179 3649 2380 3719 Syroen
2411 3648 2803 3718 proclamatum
2839 3653 3088 3705 certiores
3115 3661 3268 3704 erant
3295 3653 3442 3721 facti.
3473 3653 3575 3706 Re-

321 3742 529 3811 scripsit
563 3740 749 3794 deinde
773 3741 917 3793 nobis
953 3739 1090 3792 idem
1125 3738 1496 3804 Barismanas,
1543 3757 1700 3810 equos
1725 3757 1801 3802 se,
1833 3742 1965 3793 sicut
1993 3757 2022 3792 a
2057 3738 2202 3790 nobis
2237 3739 2550 3790 mandatum
2595 3737 2792 3806 fuerat,
2832 3739 3177 3802 instruxisse,
3209 3747 3402 3792 etcum
3437 3737 3574 3794 alte-

328 3845 446 3882 ram
473 3837 710 3882 nostram
724 3827 1020 3896 jussionem
1057 3828 1334 3895 acceperit.
1366 3843 1469 3894 qua
1496 3826 1793 3896 legatorum
1822 3827 2076 3879 adventus
2094 3825 2188 3878 sibi
2215 3823 2702 3894 significaretur,se
2731 3840 2890 3894 quant
2923 3826 3152 3893 primum
3182 3829 3250 3878 ad
3279 3843 3372 3879 nos
3403 3843 3576 3880 acces-

324 3931 530 3976 surum,
574 3917 821 3984 equisque
867 3915 1138 3980 confestim
1191 3913 1452 3974 adductis,
1495 3913 1658 3982 ofﬁcia
1694 3931 1791 3967 sua
1818 3914 2134 3984 servitiaque
2185 3913 2364 3964 omnia
2416 3913 2802 3980 prwstiturum.
2835 3910 2968 3964 Cum
3007 3913 3172 3980 igitur
3203 3913 3256 3964 in
3292 3913 3478 3967 iisdem
3509 3915 3578 3967 ad

329 4001 576 4058 Canzaca
612 4001 792 4069 positis
811 4002 997 4052 castris
1029 4016 1256 4054 essemus
1285 4002 1477 4053 morati
1511 4017 1673 4069 usque
1711 4001 1778 4052 ad
1807 4000 1840 4052 5
1872 4005 2062 4054 mensis
2090 4000 2291 4070 Aprilis
2337 3999 2494 4062 diem,
2525 3999 2613 4068 qui
2651 4000 2706 4051 in
2747 3995 3078 4051 Damiuicant
3117 3999 3324 4064 incidit,
3369 4001 3578 4054 advertit

331 4089 590 4144 Phaiacus
621 4088 730 4158 regi.
761 4107 791 4140 a
820 4089 1052 4152 secretis,
1086 4089 1174 4157 qui
1205 4098 1252 4140 et
1279 4087 1497 4140 Rharua
1525 4089 1834 4150 vocabatur,
1869 4089 2006 4142 circa
2033 4089 2218 4141 harant
2253 4086 2560 4150 secundam,
2600 4086 2945 4154 eamdemque
2969 4087 3068 4138 hac
3095 4088 3210 4154 ipsa
3253 4089 3381 4141 hora
3427 4105 3578 4142 exce-

329 4180 523 4249 pimus,
565 4177 749 4230 litteris
777 4195 808 4230 a
837 4175 1037 4231 Cabata
1080 4175 1244 4246 Syros
1272 4176 1678 4230 clementissima
1721 4177 2004 4230 Persarum
2056 4193 2194 4244 rege,
2227 4191 2345 4244 quae
2378 4176 2491 4244 ejus
2537 4175 3011 4244 inaugurationem
3063 4175 3423 4248 continebant,
3465 4176 3582 4245 qui—

334 4271 529 4340 busque
553 4269 840 4334 nobiscum,
873 4277 922 4322 et
961 4285 1081 4322 cum
1101 4269 1281 4338 quovis
1309 4270 1602 4330 homiuunt,
1631 4285 1810 4336 pacem
1847 4265 2037 4320 habere
2063 4265 2197 4318 velle
2231 4263 2590 4333 signiﬁcabat,
2612 4263 2675 4315 ab
2707 4261 2798 4316 illa
2820 4263 3064 4330 acceptis.
3091 4265 3264 4317 Visum
3296 4265 3580 4333 ergonobis

330 4367 406 4412 ett
427 4357 816 4411 clementissimi
850 4353 1064 4410 Cabata:
1091 4355 1268 4426 Syrois
1307 4354 1611 4409 litterarum
1647 4353 1922 4424 exemplar
1955 4351 2074 4404 huic
2105 4359 2299 4403 uostrcv
2329 4349 2398 4403 ad
2421 4366 2508 4402 vos
2548 4350 2768 4412 iussioni
2799 4349 3138 4420 subjungere.
3162 4359 3218 4402 ut
3258 4359 3307 4403 et
3347 4352 3474 4421 quid
3511 4351 3582 4405 ad

330 4443 454 4499 illas
492 4445 676 4498 deinde
707 4446 1150 4512 rescripserimus.
1183 4443 1478 4498 Mansimus
1509 4461 1628 4498 vero
1654 4445 1832 4498 cadent
1863 4445 1916 4496 in
1949 4443 2058 4496 loco
2085 4450 2381 4493 castrorum
2407 4437 2664 4492 Cauzacis
2701 4439 2986 4492 vicinorum
3016 4456 3180 4508 usque
3213 4443 3280 4492 ad
3303 4443 3581 4509 septimum

331 4533 550 4604 Aprilis,
576 4535 669 4586 hoc
691 4541 760 4584 est
781 4533 848 4586 ‘27
867 4532 996 4584 dies.
1031 4531 1226 4584 Octavo
1261 4541 1436 4584 autent
1464 4532 1698 4600 ejusdem
1740 4533 1930 4584 mensis
1962 4530 2200 4583 eumdem
2247 4525 2542 4579 Phaiacum
2568 4543 2600 4577 a
2642 4526 2872 4580 secretis.
2910 4524 3186 4578 Rharnam
3230 4526 3580 4596 appellatum,

333 4619 637 4689 honoriﬁce,
669 4631 928 4691 quantum
959 4618 1123 4683 licuit,
1148 4631 1439 4689 acceptum,
1475 4628 1530 4670 ut
1563 4629 1608 4672 et
1661 4620 1750 4688 qui
1779 4635 1898 4672 cum
1933 4619 2027 4673 illo
2058 4626 2232 4680 erant,
2268 4614 2584 4676 dimisimus,
2617 4622 2727 4667 ctc.
2765 4614 2934 4682 Atque
2973 4614 3050 4666 ita
3085 4613 3395 4682 confidimus
3424 4614 3488 4668 ι).
3513 4613 3582 4667 Ν.

332 4707 516 4762 Iesum
555 4707 819 4763 Christum
857 4708 1049 4760 bonum
1081 4716 1128 4760 et
1154 4710 1562 4777 omnipotentem
1595 4706 1784 4784 Deum,
1824 4714 1872 4760 et
1905 4705 2190 4758 Dominam
2257 4709 2494 4756 nostram
2538 4699 2631 4752 Dei
2675 4699 3008 4761 Geuitricem,
3044 4716 3124 4752 res
3167 4701 3344 4753 omnes
3375 4709 3584 4756 nostras

335 4799 622 4851 secundum
645 4815 823 4851 eorum
853 4798 1184 4850 clententiam
1218 4806 1517 4851 curaturos.
1549 4795 1656 4850 Nos
1689 4813 1845 4866 porro
1880 4793 2110 4864 ejusdem
2144 4791 2334 4844 mensis
2371 4789 2456 4840 die
2501 4787 2534 4840 8
2574 4786 2683 4839 Deo
2723 4787 2954 4856 auspice,
2984 4797 3164 4840 castra
3209 4789 3485 4852 movimus,
3528 4790 3585 4843 in

336 4883 644 4939 Armeniam
675 4885 774 4936 iter
801 4883 1012 4953 facturi.
1050 4883 1142 4936 Vos
1176 4893 1352 4937 autem
1382 4884 1508 4936 bene
1545 4884 1734 4942 valete,
1765 4884 2144 4950 continuusque
2176 4898 2236 4932 ac
2263 4877 2554 4946 indefessas
2593 4877 2860 4930 orationes
2899 4877 2969 4930 ad
2999 4876 3164 4930 Deum
3208 4877 3428 4944 fundite,
3461 4894 3584 4948 quo,

337 4973 468 5025 sicut
497 4980 854 5040 pet-Optamus,
885 4985 973 5022 vos
997 4985 1159 5039 quam
1189 4971 1420 5037 primunt
1456 4971 1677 5022 revisere
1723 4969 1868 5022 nobis
1911 4967 2195 5038 largiatur.
2235 4966 2374 5020 llnic
2407 4965 2640 5018 Heraclii
2703 4965 2950 5033 cpistola:
3013 4966 3271 5020 subditur
3303 4966 3356 5018 in
3390 4967 3586 5020 eodem

341 5055 532 5111 Chron.
559 5055 852 5110 Alexandr.
885 5071 1004 5124 pag.
1035 5057 1160 5116 402,
1192 5071 1318 5124 pars
1363 5055 1612 5123 epistola:
1644 5058 1832 5126 Syrois
1860 5056 1925 5109 nd
1950 5055 2164 5109 “eratet.
2188 5055 2405 5106 Titulus
2421 5061 2505 5106 est
2531 5070 2542 5106 :
2579 5052 2870 5121 Exemplar
2895 5055 3282 5106 contmonitorii
3303 5071 3333 5105 α
3361 5053 3584 5119 Cabata,

341 5143 433 5213 qui
456 5151 505 5196 et
534 5141 722 5214 Sgroes
750 5143 916 5196 dictus
947 5151 1042 5202 est,
1068 5141 1468 5196 clementissimo
1499 5159 1617 5212 rege
1645 5143 1956 5208 Persarum,
1982 5143 2124 5197 missi
2158 5141 2226 5195 ad
2256 5139 2564 5194 Heracliam
2601 5141 2892 5210 piissimum
2921 5151 2968 5194 et
2991 5160 3022 5195 a
3057 5141 3166 5194 Dea
3189 5152 3454 5195 servatunt
3489 5157 3588 5194 no-

339 5239 512 5285 strum
533 5231 928 5299 imperatorem.
961 5229 998 5282 Α
1033 5227 1233 5283 Cabata
1266 5227 1658 5293 Sadasadasac,
1691 5229 1935 5284 Heraclio
1975 5228 2400 5288 clementissimo,
2435 5235 2483 5280 et
2511 5245 2542 5278 a
2579 5228 2684 5280 Deo
2735 5237 2942 5282 servata
2977 5228 3288 5298 imperatori
3321 5226 3588 5280 Romana-

341 5333 484 5372 rum.
513 5315 672 5384 fratri
695 5325 895 5377 uostra,
922 5314 1212 5384 plurimam
1245 5316 1476 5384 gratiam
1502 5315 2300 5384 intpertimur.-Clcmentissimo
2328 5317 2637 5384 imperatori
2673 5315 3056 5378 Romanorum,
3093 5325 3141 5368 et
3189 5315 3346 5384 fratri
3387 5323 3585 5368 nostra.

341 5401 449 5457 Nos
471 5401 568 5455 Dei
587 5405 912 5472 providentia
935 5405 1128 5475 absque
1156 5403 1264 5458 ulla
1287 5405 1468 5459 labore
1492 5406 1688 5477 insigni
1712 5409 2009 5461 diademate
2025 5406 2230 5466 donati,
2255 5413 2467 5471 patrum
2485 5421 2548 5457 ac
2571 5405 2836 5473 majorum
2867 5415 3166 5458 nostrorum
3190 5403 3378 5458 saliunt
3405 5420 3585 5457 sumus

343 5491 628 5544 consecuti.
653 5491 719 5544 At
746 5507 862 5545 cum
882 5501 991 5546 tant
1017 5493 1238 5562 benefice
1269 5495 1333 5547 ab
1359 5497 1470 5565 ipso
1505 5495 1613 5549 Deo
1639 5513 1730 5550 nos
1761 5496 2000 5566 dignatas
2028 5509 2396 5562 agnoscamus,
2426 5501 2480 5544 ut
2509 5491 2773 5546 illustrem
2795 5492 2925 5545 adeo
2955 5495 3200 5546 thronum
3233 5493 3586 5562 exceperimus

348 5592 412 5631 ac
437 5576 870 5644 dominationem,
900 5582 944 5635 si
965 5581 1090 5650 quid
1111 5588 1239 5635 esset
1268 5583 1642 5652 quoduumaui
1667 5585 1873 5654 generis
1903 5582 2124 5638 utilitati
2149 5598 2210 5633 ac
2235 5578 2425 5634 solatio
2442 5579 2775 5642 conduceret,
2811 5588 3070 5650 quantum
3109 5581 3163 5632 in
3206 5581 3349 5634 nobis
3375 5579 3494 5649 fuit,
3537 5589 3588 5633 et

346 5674 502 5736 prout
533 5665 726 5733 decuit,
767 5667 822 5722 id
856 5669 1105 5722 continua
1147 5668 1264 5736 ﬁeri
1315 5669 1604 5724 liberaliter
1641 5671 1966 5742 beneﬁcaque
1989 5668 2384 5740 imperauimus.
2418 5665 2853 5739 Quandoquidem
2879 5667 3039 5738 igitur
3055 5666 3125 5720 ad
3163 5683 3428 5721 suntmam
3454 5667 3594 5720 hanc

345 5752 656 5826 dignitatem
687 5765 734 5809 et
758 5755 1036 5829 imperium
1070 5772 1161 5811 nos
1195 5755 1330 5812 Deus
1357 5757 1542 5825 evexit,
1568 5757 1622 5812 id
1643 5757 1880 5830 protinus
1913 5759 1966 5813 in
2010 5757 2186 5812 animo
2225 5761 2482 5810 statutum
2510 5755 2630 5827 fuit,
2666 5763 2722 5808 ut
2740 5762 2991 5826 quotquot
3015 5755 3250 5812 homines
3276 5751 3594 5808 detittcbtttt-.
