4038 6208
461 315 604 380 8227
1377 323 1778 384 ZACIIARLIS
1817 327 2322 388 PATRIARCIIE
2361 329 2763 388 IIIEROSOL.
3583 326 3732 390 3228

465 439 552 486 tur
579 431 630 486 in
660 433 901 498 vinculis,
937 434 1348 490 dimitterentur.
1377 433 1482 490 Sed
1512 447 1561 490 et
1589 440 1633 492 si
1661 440 1787 508 quid
1818 449 1932 494 erat
1963 442 2103 511 quod
2127 443 2376 496 humana:
2403 445 2716 498 conditionis
2751 459 2812 496 ac
2847 439 3064 510 hujusce
3087 440 3205 494 ritre
3235 441 3454 495 utilitati
3477 459 3542 496 ae
3577 462 3724 500 corn-

461 522 620 575 modo
647 523 878 590 fructum
907 523 1136 590 θίγω-νει,
1167 522 1415 592 nobisque
1443 532 1678 578 statuere
1710 525 1906 592 liceret,
1933 529 1986 580 id
2027 529 2150 596 ﬁeri
2197 549 2300 585 non
2343 533 2494 586 modo
2517 533 2880 602 praecepimus,
2913 529 3004 584 sed
3045 536 3094 582 et
3127 529 3418 598 confectum
3455 542 3550 586 est.
3581 533 3722 600 Quin

459 607 780 664 etiamnobis
809 608 1156 664 deliberatum
1180 619 1254 664 est
1284 627 1348 665 ac
1383 615 1748 682 constitutum,
1775 617 1852 668 uti
1873 617 2132 670 vobiscum
2177 619 2538 672 Romanorum
2567 620 2880 688 imperator,
2911 617 3081 685 frater
3123 626 3320 680 noster,
3349 633 3572 688 eumque
3609 620 3718 676 Ro-

461 713 626 748 mana
659 695 950 766 republica,
977 699 1282 768 ca'tcrisque
1333 699 1562 769 populis,
1597 701 1820 772 aliisque
1859 703 2053 772 regulis
2077 705 2167 774 qui
2210 707 2348 758 circa
2377 706 2656 774 imperium
2703 712 2940 756 nostrum
2973 704 3208 770 undique
3247 704 3507 768 habitant,
3535 725 3720 776 pacem

461 791 512 833 et
539 784 830 836 amicitiam
856 783 1090 852 deinceps
1113 783 1368 838 colamus.
1395 785 1545 850 Quod
1569 796 1746 841 autem
1777 789 2088 857 fraternitas
2135 799 2334 852 vestra,
2389 791 2756 844 Romanorum
2799 789 3124 858 imperator,
3155 791 3398 860 affectam
3445 807 3504 844 se
3523 796 3720 862 gauaio

459 869 614 932 dixit,
643 869 782 938 quod
811 885 904 922 nos
940 869 1176 922 eumdem
1201 871 1448 924 thronum
1472 873 1966 930 obtinuerimus.....
1997 877 2228 942 Caitera,
2271 877 2450 946 inquit
2491 875 2726 931 Carolus
2759 875 2844 930 Du
2871 874 3076 946 Cange,
3117 891 3230 944 prae
3257 885 3532 932 vetustate
3567 878 3720 934 desi-

463 955 736 1008 derantur
777 955 832 1010 in
861 971 966 1008 ms.
1001 955 1216 1010 codice.

529 1042 702 1098 Periit
723 1043 910 1114 itaque
939 1043 1196 1108 Cosroes,
1228 1047 1378 1115 justo
1404 1047 1500 1101 Dei
1531 1047 1764 1116 judicio,
1809 1065 1972 1104 manu
2017 1051 2207 1120 Syrois
2244 1051 2338 1106 lilii
2379 1051 2466 1106 sui
2497 1059 2628 1104 natu
2665 1051 2918 1120 majoris,
2947 1065 3096 1104 anno
3125 1049 3334 1106 Christi
3373 1051 3500 1114 628,
3529 1053 3620 1108 die
3647 1053 3724 1109 28

459 1127 732 1184 Februar.
772 1130 910 1184 Cum
951 1132 1102 1184 enim
1134 1131 1398 1188 Seleucia:
1429 1134 1483 1188 in
1515 1134 1842 1204 dysenteria:
1879 1141 2128 1190 morbum
2163 1135 2467 1196 incidisset,
2500 1148 2724 1202 operam
2761 1131 2912 1186 dedit
2935 1139 2996 1186 ut
3023 1132 3128 1186 sibi
3165 1133 3724 1189 succederethledar—

455 1231 546 1269 ses
578 1217 716 1270 alter
755 1217 902 1272 [ilius
937 1233 1092 1283 suus,
1121 1233 1284 1287 quem
1318 1235 1382 1272 ex
1419 1219 1552 1290 Syra
1584 1221 1782 1276 dilecta
1835 1225 2066 1293 conjuge
2095 1229 2438 1288 susceperat.
2489 1219 2648 1284 Quod
2685 1219 2780 1273 ubi
2814 1219 3088 1288 comperit
3125 1219 3350 1290 Syrocss
3391 1236 3516 1274 cum
3569 1226 3722 1290 ορα-

457 1303 704 1358 matihus
739 1305 892 1374 regni
928 1306 1061 1374 egit,
1095 1315 1154 1359 ut
1185 1305 1252 1358 de
1285 1307 1489 1362 mundo
1523 1318 1678 1376 pater
1705 1309 2014 1366 tolleretur.
2046 1326 2178 1364 usus
2206 1309 2372 1360 etiam
2414 1307 2479 1360 ad
2529 1305 2633 1360 hoc
2665 1307 3041 1360 Romanorum
3070 1307 3293 1360 auxilio.
3326 1306 3562 1362 Cosroes
3597 1304 3724 1376 qui-

455 1391 584 1442 dem
619 1389 810 1462 fugere
839 1395 1092 1458 tentavit,
1134 1393 1226 1448 sed
1262 1401 1456 1462 captus
1488 1405 1592 1460 est,
1631 1397 1808 1452 valide
1841 1397 2080 1460 vinctus,
2104 1406 2159 1449 et
2189 1397 2388 1448 missus
2427 1393 2480 1446 in
2503 1393 2727 1446 domum
2763 1391 3138 1456 tenebrarum,
3173 1407 3336 1460 quam
3377 1409 3576 1448 recens
3599 1393 3726 1462 ipse

453 1475 519 1528 ad
561 1478 940 1534 recondendus
969 1480 1235 1548 pecunias
1259 1489 1634 1535 exstruxerat.
1675 1483 1858 1550 Aiebat
1893 1486 2083 1554 quippe
2121 1481 2330 1552 Syram,
2355 1481 2534 1548 inquit
2569 1477 2820 1546 'l‘hcoph.
2855 1477 3064 1546 pp.27l
3103 1487 3160 1532 et
3184 1477 3388 1542 2Ἷ2,ει
3419 1479 3568 1548 apud
3611 1479 3724 1533 Ba-

457 1577 582 1616 ron.
611 1564 678 1618 ad
717 1581 921 1620 annum
949 1567 1072 1630 6‘27,
1107 1579 1162 1622 n.
1204 1571 1270 1624 17
1307 1585 1320 1620 :
1353 1569 1606 1622 Comedat
1632 1586 1824 1622 aurum
1861 1571 1998 1639 quod
2027 1573 2291 1624 incassum
2309 1567 2540 1636 collegit,
2569 1577 2780 1636 propter
2807 1565 2948 1634 quod
2976 1566 3136 1618 etiam
3165 1565 3360 1620 multos
3385 1567 3526 1635 fame
3555 1583 3722 1620 neca-

457 1649 550 1708 uit,
580 1651 940 1720 mundumque
971 1652 1180 1708 delevit.
1208 1655 1352 1708 Misit
1383 1655 1599 1724 insuper
1639 1665 1888 1725 satrapas
1931 1657 1999 1708 ad
2047 1673 2164 1710 eum
2213 1657 2424 1725 injuriis
2465 1655 2824 1725 impetendum
2864 1661 2914 1705 et
2966 1653 3400 1722 conspuendum;
3431 1653 3724 1707 abductum

456 1735 616 1788 etiam
643 1733 1048 1800 Mardazanem,
1076 1740 1194 1794 sive
1227 1740 1540 1803 Medarzcn,
1573 1758 1722 1808 quem
1753 1759 2006 1794 coronare
2037 1743 2238 1796 volebat
2279 1743 2450 1810 ﬁlium
2483 1743 2596 1813 ejus
2631 1758 2808 1795 coram
2841 1742 2955 1812 ipso
2993 1740 3202 1806 occidit,
3233 1751 3282 1794 et
3312 1740 3540 1810 reliquos
3573 1741 3720 1808 ﬁlios

451 1819 566 1888 ejus
601 1821 655 1876 in
685 1835 959 1892 conspectu
991 1828 1152 1895 ipsius
1183 1844 1208 1880 e
1231 1827 1398 1880 medio
1431 1827 1679 1880 sustulit:
1711 1837 1760 1880 et
1787 1829 2022 1896 permisit
2051 1831 2286 1882 erunibus
2312 1831 2400 1900 qui
2423 1829 2620 1882 inimici
2659 1829 2771 1896 ejus
2793 1835 2980 1890 essent,
3015 1835 3072 1878 ut
3099 1827 3242 1880 omni
3262 1827 3594 1896 injuriarum
3621 1843 3722 1896 ge-

455 1923 582 1962 nere
603 1925 724 1962 eum
757 1913 1040 1980 officerent,
1076 1932 1138 1966 ac
1163 1915 1456 1968 verberibus
1487 1925 1792 1968 onerarent.
1817 1917 2052 1986 Denique
2079 1933 2174 1985 per
2193 1917 2426 1986 quinque
2455 1917 2564 1970 dies
2595 1916 2690 1968 hoc
2721 1915 2884 1983 facto,
2905 1914 3066 1984 jussit
3093 1913 3284 1982 Syroes
3309 1915 3479 1983 ipsum
3504 1915 3726 1983 sagittis

453 1995 684 2063 confodi,
717 2013 819 2066 quo
853 1999 906 2050 in
933 2000 1189 2068 supplicio
1211 2003 1371 2054 vitam
1399 1999 1590 2067 ﬁniuit.
1620 2001 1711 2055 Sic
1743 2003 1952 2071 potitus
1981 2019 2150 2072 regno
2177 2003 2398 2073 Syroes,
2431 2018 2540 2056 non
2576 2001 2866 2055 immemor
2895 2000 3046 2070 pacis
3091 2015 3254 2068 quam
3303 2015 3426 2053 cum
3459 1999 3722 2054 Heraclio

457 2081 676 2146 inierat,
707 2084 988 2140 Romanos
1031 2103 1226 2142 omnes
1257 2089 1508 2157 captivos
1535 2089 1794 2144 libertate
1821 2090 2066 2155 donavit,
2099 2091 2242 2144 inter
2271 2105 2412 2160 quos
2451 2089 2556 2144 fuit
2603 2087 2898 2142 Zacharias
2931 2085 3264 2155 patriarcha,
3291 2085 3718 2154 quatuordecim

457 2169 572 2224 fere
605 2171 764 2228 annis
789 2189 854 2228 ex
891 2189 1001 2244 quo
1033 2173 1087 2228 in
1115 2175 1404 2230 Persidem
1463 2175 1665 2230 ductus
1709 2176 1910 2241 fuerat,
1943 2187 2000 2231 et
2039 2187 2452 2232 sacrosanctum
2478 2175 2662 2228 crucis
2709 2174 2920 2244 lignum
2954 2173 3220 2227 restituit.
3255 2173 3416 2226 Anno
3455 2187 3574 2240 seq.
3613 2172 3715 2241 qui

455 2255 695 2312 llcraclii
749 2259 998 2316 decimus
1033 2278 1216 2317 nonus
1249 2271 1388 2328 erat,
1429 2262 1636 2318 Christi
1680 2264 1802 2318 6'29.
1846 2265 1898 2318 Is
1931 2265 2174 2318 recedens
2207 2261 2700 2332 Constantinopoli,
2731 2260 2912 2328 inquit
2936 2259 3326 2328 Theophanes,
3353 2275 3476 2328 pag.
3505 2258 3636 2322 273,
3659 2265 3722 2312 ct

453 2345 600 2416 apud
651 2345 850 2404 Baron.
879 2349 946 2404 ad
988 2365 1194 2404 annum
1225 2351 1350 2412 628.
1373 2367 1432 2406 n.
1465 2353 1516 2406 l.
1553 2352 1676 2422 Ipso
1701 2354 1836 2407 ueris
1869 2354 2022 2408 initio
2063 2351 2412 2422 proﬁciscitur
2445 2347 2892 2418 Hierosolymam,
2943 2347 3174 2416 pretiosa
3209 2362 3274 2398 ac
3309 2345 3512 2413 viri/ica
3545 2347 3720 2400 crucis

455 2431 602 2502 ligna
631 2445 908 2505 reportans
943 2438 1011 2490 ad
1041 2439 1340 2506 gratiarum
1392 2440 1624 2492 actiones
1653 2439 1966 2494 reddendas.
2001 2438 2236 2510 Cumque
2275 2437 2602 2492 Tiberiadem
2633 2436 2870 2496 adiisset,
2907 2449 3218 2486 accusavere
3261 2430 3550 2486 Chris'iani
3606 2431 3724 2484 He-

451 2519 650 2574 braeum
679 2525 956 2592 quemdam
986 2527 1198 2578 nomine
1225 2525 1528 2596 Benjamiu,
1562 2529 1714 2596 quasi
1734 2529 1833 2582 sibi
1857 2528 2000 2582 mala
2031 2528 2312 2596 facientem
2343 2542 2360 2579 :
2397 2534 2511 2578 erat
2543 2525 2680 2578 enim
2719 2521 3006 2576 admodum
3032 2520 3340 2590 apulentus,
3367 2521 3720 2590 quisuscepe-

452 2615 538 2658 rat
567 2608 942 2678 imperatorem
967 2619 1014 2663 et
1047 2613 1330 2665 exercitum
1356 2613 1490 2682 ejus.
1523 2613 1586 2666 In
1613 2631 1730 2667 eum
1756 2625 2042 2668 commotus
2065 2617 2355 2684 imperator
2385 2615 2460 2666 ait
2483 2630 2500 2666 :
2525 2612 2630 2668 Cur
2653 2611 2902 2665 molestus
2929 2627 2980 2663 es
3007 2608 3328 2664 Christianis
3355 2621 3402 2661 et
3423 2608 3542 2676 ﬁdei
3560 2607 3726 2663 Chri-

451 2695 644 2748 stiana:
669 2713 830 2764 quam
857 2697 969 2750 colo
989 2699 1012 2750 ?
1031 2701 1378 2770 eamdemque
1405 2699 1736 2754 admonitum
1759 2709 1814 2752 ut
1836 2703 2095 2767 crederet,
2120 2702 2488 2770 redditumque
2514 2699 2894 2764 Christianum,
2928 2698 2982 2752 in
3015 2699 3168 2750 domo
3201 2696 3472 2751 Eustachii
3501 2695 3724 2766 Neapo-

455 2780 634 2846 litani,
676 2783 750 2834 itu
788 2799 926 2836 nunc
947 2783 1200 2838 Samaria
1243 2785 1348 2852 (vel
1375 2786 1559 2854 potius
1587 2785 1813 2854 Sichem)
1855 2787 2068 2851 dicitur,
2103 2788 2364 2854 baptizari
2389 2786 2582 2850 coluit;
2617 2786 2758 2856 apud
2781 2802 2898 2838 eum
2939 2786 3078 2838 enim
3115 2786 3403 2854 imperator
3431 2793 3506 2837 est
3533 2786 3718 2854 hospi-

451 2880 618 2924 tatus.
643 2870 918 2940 Ingressus
948 2871 1134 2926 deinde
1156 2875 1445 2945 imperator
1502 2873 1944 2942 Hierosolymam,
1969 2876 2208 2930 restituto
2227 2879 2346 2944 jam
2378 2877 2644 2929 Zacharia
2670 2873 2935 2945 pontiﬁce,
2969 2873 3284 2926 venerande
3313 2874 3480 2926 crucis
3509 2872 3720 2940 viviﬁci:

451 2957 598 3026 ligna
629 2959 682 3012 in
716 2960 990 3030 proprium
1023 2957 1196 3012 locum
1225 2943 1475 3030 reposuit,
1501 2960 1863 3032 plurimasque
1898 2961 2002 3014 Deo
2041 2965 2142 3033 egit
2177 2943 2384 3036 gratias
2421 2967 2590 3035 :quin
2641 2943 2690 3017 et
2725 2963 2892 3034 pulsis
2923 2962 3124 3017 Judteis
3159 2963 3222 3016 ab
3263 2961 3386 3014 urbe
3411 2971 3622 3020 sancta,
3653 2977 3720 3013 ne

451 3045 523 3098 ad
561 3047 772 3100 tertium
801 3063 965 3114 usque
992 3045 1305 3100 milliarium
1329 3049 1374 3102 ei
1412 3050 1912 3118 appropinquarent
1939 3050 2172 3104 districto
2197 3053 2476 3120 prohibuit.
2511 3051 2590 3106 Ad
2615 3065 2734 3104 eam
2769 3049 3116 3104 occasionem
3147 3046 3718 3116 revocandum,quod

449 3132 650 3203 legitur
689 3134 742 3187 in
776 3133 1050 3188 Breviario
1079 3133 1319 3188 Romano
1377 3135 1466 3188 die
1525 3137 1590 3188 li
1620 3135 1906 3204 Septemb.
1941 3137 2303 3196 Exaltationis
2337 3151 2538 3196 sanctae
2573 3139 2758 3194 crucis
2813 3138 3090 3192 memoriae
3127 3145 3472 3198 consecrata,
3503 3136 3720 3190 scilicet

451 3235 576 3298 cum
611 3220 900 3274 lleraclius
939 3237 1076 3274 auro
1122 3230 1178 3274 et
1205 3222 1436 3290 gemmis
1491 3231 1720 3276 ornatus
1773 3223 1978 3290 lignum
2013 3227 2199 3282 crucis
2237 3235 2568 3296 reportaret,
2599 3227 2778 3296 ipsum
2823 3225 3076 3278 insistere
3113 3229 3367 3276 coactum
3423 3221 3528 3275 sub
3557 3231 3718 3290 porta

449 3321 556 3374 qua
589 3305 656 3358 ad
683 3305 948 3360 Calvaria:
975 3317 1220 3362 montem
1240 3315 1359 3362 erat
1387 3307 1526 3373 iter;
1561 3310 1940 3380 monitumque
1973 3322 2261 3382 prapterea
2290 3329 2318 3366 a
2337 3313 2621 3378 Zacharia,
2653 3319 2712 3364 ut
2731 3328 2800 3365 eo
2825 3311 3024 3365 vestitu
3051 3309 3322 3376 deposito,
3359 3307 3718 3362 humiliorem

451 3403 780 3458 assumeret,
811 3394 1061 3462 paruisse
1097 3395 1512 3464 imperatorem,
1542 3405 1598 3450 et
1645 3397 1916 3466 reliquum
1947 3399 2047 3452 vite
2102 3401 2240 3454 citra
2282 3399 2446 3454 ullam
2485 3399 2860 3454 dillicultatem
2915 3395 3242 3450 coniecisse.
3298 3393 3497 3448 Suidas
3545 3393 3720 3448 refert

451 3479 502 3534 ll
543 3481 754 3534 destnm
789 3481 956 3536 fuisse
993 3482 1548 3552 Hierosolymitanum
1575 3484 1964 3552 patriareham.
1998 3487 2218 3556 quando
2245 3487 2532 3542 I‘lcraclius
2573 3501 2791 3556 crucem
2825 3493 3070 3538 sanctam
3109 3481 3166 3534 in
3197 3481 3490 3551 pristinum
3525 3481 3712 3534 locum

453 3569 726 3638 reposuit,
759 3571 914 3636 quasi
936 3571 1048 3640 jam
1087 3581 1216 3624 tunc
1253 3571 1584 3626 decessisset
1614 3571 1930 3635 Zacharias.
1957 3574 2052 3628 sed
2079 3574 2402 3644 Theophani
2431 3574 2526 3642 qui
2555 3573 2650 3626 illo
2673 3570 2954 3640 antiquior
2987 3569 3113 3632 fuit,
3143 3569 3330 3638 potius
3363 3567 3708 3622 credendum

449 3668 558 3710 est.
587 3658 704 3710 Non
727 3669 906 3711 tamen
925 3657 1018 3710 diu
1049 3657 1354 3726 supervixit
1377 3659 1690 3714 Zacharias.
1729 3660 2018 3729 Nicephori
2054 3661 2344 3732 Catalogus
2379 3661 2430 3714 ei
2471 3659 2660 3730 viginti
2686 3659 2824 3713 duos
2853 3672 3026 3712 annos
3053 3657 3338 3727 rcgiminis
3369 3655 3585 3718 tribuit,
3617 3655 3714 3724 qui

450 3745 520 3798 ah
551 3759 696 3798 anno
731 3743 834 3797 609
861 3743 926 3798 ad
957 3744 1050 3798 65!
1111 3754 1259 3800 recte
1311 3754 1724 3814 computantur,
1749 3747 1820 3802 ita
1855 3757 1915 3802 ut
1945 3749 2148 3802 obierit
2176 3763 2242 3802 eo
2272 3762 2418 3802 anno
2445 3747 2568 3802 (‘51.
2604 3745 2772 3798 Addit
2801 3743 3231 3812 Papcbrochius,
3255 3742 3439 3795 Tract.
3477 3739 3712 3809 prielim.

449 3832 518 3884 ad
567 3841 604 3884 t.
633 3830 702 3884 ιιι
739 3831 918 3884 Actor.
942 3840 1246 3885 sanctorum
1299 3831 1448 3894 Maii,
1483 3848 1538 3900 p.
1565 3834 1730 3895 51m.
1775 3835 1898 3898 157,
1922 3835 2028 3890 col.
2053 3836 2108 3896 2.
2139 3835 2304 3890 vitam
2341 3835 2460 3904 ejus
2495 3832 2716 3888 extendi
2765 3847 2927 3901 posse
2961 3845 3136 3900 usque
3171 3829 3240 3882 ad
3271 3843 3474 3883 annum
3507 3826 3630 3890 6'53,
3667 3829 3714 3880 si

451 3933 740 3972 successor
761 3919 883 3988 ejus
905 3918 1183 3972 Modestus
1225 3933 1336 3972 uno
1372 3919 1548 3972 solum
1579 3935 1722 3973 anno
1755 3929 1850 3974 aut
1891 3921 2117 3976 biennio
2161 3938 2270 3976 non
2309 3921 2523 3990 integro
2562 3919 2747 3974 sedem
2788 3917 3048 3972 tenuerit.
3082 3917 3284 3972 Verum
3325 3915 3378 3968 hi
3409 3913 3498 3976 22,
3525 3913 3609 3966 vel
3653 3923 3718 3966 ut

449 4005 662 4060 Latina:
697 4005 944 4076 quaedam
981 4007 1212 4076 catalogi
1247 4007 1544 4076 Nicephori
1575 4007 1962 4062 translationes
2000 4009 2226 4072 habent,
2275 4009 2344 4060 24
2379 4006 2657 4060 Zachariae
2679 4005 3032 4074 episcopatus
3076 4002 3232 4067 anui,
3271 4015 3556 4070 perperam
3586 4014 3716 4052 om-

453 4092 813 4147 ninoibidcm
840 4102 1170 4148 revocantur
1189 4092 1258 4146 ad
1289 4102 1505 4164 tempus
1537 4093 1684 4163 quod
1703 4094 1823 4164 ejus
1851 4095 2226 4164 captivitatem
2260 4092 2564 4164 prmcessit.
2599 4091 2812 4146 Colitur
2831 4087 3128 4144 Zacharias
3153 4089 3211 4142 in
3245 4087 3458 4141 Menceis
3489 4085 3716 4141 ϐιωσο-

451 4195 574 4234 rum
607 4179 698 4235 die
723 4181 786 4234 2|
817 4179 1088 4234 Februar.

697 4503 1324 4596 ZACHABIIE
1429 4507 1642 4598 HIE
1667 4503 2578 4598 ROSOLYMITANI
2689 4499 3484 4590 PATBIARCHJE

1675 4701 2490 4833 EPISTOLA.

525 4929 866 4988 (Bibliotheca
899 4933 1124 4984 Patrum
1145 4969 1159 4992 ,
1197 4933 1330 4982 tom.
1365 4926 1484 4988 XII,
1519 4941 1575 4995 p.
1603 4923 1725 4978 985.
1755 4922 1962 4995 Testus
1981 4928 2168 4995 autem
2177 4917 2421 4995 Crazcus
2449 4917 2778 4995 desumptus
2805 4923 2892 4970 est
2927 4927 3208 4995 ex_0per_e
3250 4912 3448 4995 Fuge:
3499 4911 3718 4995 C2“:-

443 4981 925 5060 ns'ﬁ'éiiﬁiihiu;
1012 4981 1196 5054 Sancti
1229 4981 1452 5051 Joannis
1474 4981 1826 5066 Cltrysostonti
1843 4993 1906 5046 de
1931 4990 2214 5044 educandis
2235 4988 2410 5042 liberis
2441 4987 2570 5042 liber
2595 4981 2808 5052 aureus,
2831 4995 2965 5050 etc.,
2999 4981 3224 5038 Parisiis
3261 4983 3414 5046 Ιϋῦὄ,
3435 4981 3512 5035 in.
3547 4981 3606 5037 8.

459 5213 636 5284 Vidnte
685 5227 916 5280 sponsae,
945 5211 1144 5267 civitati
1172 5211 1338 5284 regis
1375 5209 1552 5279 Magni
1606 5208 1779 5284 liberis
1808 5209 2023 5284 orbator,

2139 5207 2218 5278 Τεῖ
2271 5203 2625 5284 Ζηρευσιίετη
2688 5205 2930 5280 νύμφη·
2978 5197 3052 5284 ei
3085 5196 3484 5284 ἀῖεκξέξοθετῖη

522 5265 1182 5358 Πίξενᾳὲῇιψῆἷιίιηόίαν-εξῃὶ
1201 5265 1487 5358 pistorem"
1521 5295 1630 5358 non
1655 5279 1867 5358 habenti
1885 5297 1903 5358 ς
1937 5265 2028 5336 sed
2187 5265 2308 5358 "toi?
2336 5265 2664 5358 ’ξβαιζελὲὦς
2862 5265 3130 5358 perduci:

600 5335 1080 5425 reliquiisﬁomnibu's
1106 5335 1160 5404 iii
1189 5335 1395 5407 Christo
1415 5351 1679 5425 Ecclesiis,
1705 5335 2026 5425 residuisque

2203 5335 2424 5413 :zoijtim
2467 5335 2895 5425 Ἰξρρύσᾳλήςί·
2927 5335 3026 5392 erat
3071 5335 3315 5425 ‘ndojatg
3345 5335 3440 5418 se
3467 5335 3721 5413 domare;

525 5405 578 5476 in
606 5405 729 5500 illis,
744 5405 1172 5500 ﬁliisnorpltaluis‘,
1201 5405 1382 5490 pastor
1409 5422 1642 5488 humilis,
1667 5405 1832 5486 solus,
1865 5405 2036 5492 capti—

2203 5419 2273 5471 ἐν
2303 5405 2960 5500 ΧρᾶγτρἜθξκλησίξῑις,
2989 5407 3092 5486 erat
3131 5405 3253 5470 τοῖς
3278 5405 3347 5494 ἐξ·
3373 5405 3581 5500 auter}
3609 5421 3717 5500 περ.

523 5509 640 5558 vus,
681 5481 974 5550 Za'eltarias'
1019 5481 1284 5548 minimus.
1629 5481 1639 5488 ’
1821 5481 1829 5486 ’
1931 5481 1941 5492 ’

2204 5481 2568 5555 τίιλείιρθεῖσι
2591 5481 2822 5558 τέκνοις
2839 5481 3142 5558 ὀρέξανοῖς,
3168 5481 3392 5558 πςιμῂν
3413 5481 3715 5538 ταπεινός.

2202 5542 2445 5624 ἐρημῦς,
2477 5542 2878 5622 (ιὶχδιιιίλωτὸς,⁷
2899 5542 3199 5614 Ζαχαρίας
3217 5542 3566 5609 ἐλάχιστος.

529 5647 716 5708 Crat'a
746 5653 924 5719 vobis,
955 5651 1074 5718 lilii,
1115 5661 1170 5708 et
1192 5650 1505 5722 benignitas
1525 5691 1540 5716 ,
1572 5659 1626 5706 et
1657 5648 2034 5704 misericordia

2207 5645 2380 5716 Χάρις
2410 5645 2559 5714 ὑμῖν,
2596 5641 2762 5695 τέκνα
2811 5641 2906 5691 καὶ
2953 5633 3342 5704 εὐσπλαγχνὶα,
3391 5633 3487 5685 καὶ
3541 5631 3713 5696 ἔλεος.

465 5755 496 5798 a
528 5739 638 5800 Deo
660 5745 818 5802 Patre
843 5755 1068 5814 nostro,
1121 5745 1422 5800 animatum
1469 5759 1532 5800 ac
1585 5741 1810 5798 humani
1865 5741 2036 5812 ipsius

2138 5738 2287 5810 παρὰ
2310 5737 2443 5792 Θεοῦ
2465 5735 2674 5808 Πατρὸς
2708 5731 2864 5804 ήμῶν
2916 5727 3234 5801 φιλοψύχου,
3277 5725 3373 5782 καὶ
3405 5723 3719 5797 φιλανθρώ-
