4038 6208
263 349 383 414 3229

1692 347 2047 408 EPISTOLA
2059 391 2076 409 .

3361 344 3505 409 3230

267 477 368 524 που,
400 456 547 522 ἄξιον
577 455 766 520 ὅντως,
794 454 888 508 καὶ
917 453 1012 506 νῦν
1040 453 1232 510 εἰπεῖν,
1271 452 1364 506 καὶ
1389 451 1448 516 ἐξ
1475 451 1824 523 εὐχαριστίας

1933 456 2144 524 generis
2171 462 2410 516 amante,
2449 452 3016 521 clementissimoque.
3050 460 3187 507 utet
3226 470 3373 511 nune
3421 455 3508 509 di-

262 555 346 622 τῆς
383 548 517 620 πρὸς
547 547 692 618 ὑμᾶς
717 546 1010 615 ἐπιπολῆς
1037 543 1325 614 ἄρξασθαι.

321 727 431 796 Ετη
455 729 521 781 τὸ
549 726 739 796 ὄνομα
761 725 981 792 Κυρίου
1005 721 1438 790 εὐλογημένον,
1465 722 1552 774 ὅτι
1578 724 1649 776 οὐ
1681 722 1832 776 κατὰ

256 823 354 884 τὰς
374 818 664 885 ἁμαρτίας
685 814 855 884 ἡμῶν
877 815 1172 881 ἐποίησεν
1195 812 1362 881 ἡμῖν,
1389 813 1531 864 οὐδὲ
1553 815 1700 866 κατὰ
1724 814 1830 879 τὰς

250 908 498 973 ἀνομίας
541 905 711 974 ήμῶν
750 902 1173 958 ἀνταπέὃωκεν
1201 902 1363 968 ἡμῖν.
1405 901 1616 968 Ὅμως,
1665 902 1828 970 Οἵμοι

251 1002 338 1054 ὅτι
363 1001 463 1068 τῆς
490 999 629 1054 Σιὼν
653 997 1054 1066 ἐμακρύνθην,
1083 995 1179 1048 καὶ
1210 994 1644 1060 κατεσκήνωσα
1681 997 1831 1062 μετὰ

247 1090 365 1143 τῶν
392 1088 798 1165 σκηνωμάτων
827 1086 1054 1152 Κηὸάρο
1097 1085 1173 1148 ὡς
1221 1083 1384 1137 Δαόὶδ
1432 1084 1612 1138 ποθῶν
1651 1086 1825 1153 κάγὼ,

245 1179 462 1244 ψάλλων
503 1179 694 1241 νυκτὸς
732 1177 826 1231 καὶ¹
871 1176 1102 1246 ἡμέρας,
1153 1175 1341 1228 τοῦτον
1377 1176 1434 1228 ὲν
1482 1179 1591 1237 τοῖς
1626 1176 1828 1245 χείλεσι

249 1294 353 1346 μου
400 1277 490 1330 τὸν
533 1275 713 1344 στίχον
758 1273 1092 1342 περιφέρων·
1135 1271 1277 1326 Ἐὰν
1293 1271 1658 1340 ἐπιλάθωμαί
1688 1289 1824 1335 σου,

259 1367 674 1434 Ἰερουσαλὴμ.
711 1364 1010 1433 ἐπιλησθῇ
1039 1365 1077 1431 ἡ
1111 1363 1279 1427 δεξιά
1301 1380 1442 1432 μου,
1470 1363 1502 1434 ἦ
1534 1363 1626 1417 τοῦ
1659 1367 1716 1416 ἐν
1744 1364 1827 1418 col.

244 1457 534 1527 ἐλαχίστου
565 1454 719 1509 λαοῦ.

319 1544 563 1601 Γνωστὸν
609 1545 748 1597 ἔστω
791 1545 937 1612 ὑμῖν,
979 1541 1217 1610 ἀδελφοὶ,
1266 1541 1346 1594 ὅτι
1393 1543 1484 1594 καὶ
1520 1545 1681 1612 ἡμεῖς
1726 1543 1824 1596 ἐπὶ

247 1636 372 1694 τῶν
419 1635 701 1704 ποταμῶν
737 1631 1114 1695 Βαϐυλῶνος,
1137 1630 1265 1684 ἐκεῖ
1308 1631 1691 1698 ἐκαθίσαμεν,
1723 1631 1823 1684 καὶ

243 1726 658 1794 ἐκλαύσαμεν,
672 1724 742 1776 ἐν
760 1721 839 1787 τῷ
855 1719 1202 1790 μνησθῆναι
1217 1717 1374 1788 ἡμᾶς
1396 1719 1500 1784 τῆς
1528 1721 1700 1786 Σιὼν,
1728 1719 1821 1773 τοῦ

245 1817 519 1884 Γολγοθά..
557 1817 653 1870 τοῦ
691 1812 953 1879 ζωοποιοῦ
1017 1813 1317 1882 μνήματος,
1366 1813 1464 1882 τῆς
1496 1812 1824 1882 ἀειμνήστου

247 1908 517 1978 Βηθλεέμ.
555 1909 683 1961 Ἰδοὺ
728 1905 966 1974 ἀδελφοὶ,
1003 1906 1257 1972 Ἦραμεν
1298 1904 1438 1970 τοὺς
1483 1907 1827 1975 ὀφθαλμοὺς

246 1997 421 2065 ἡμῶν
440 2000 532 2064 εις
553 1998 626 2052 τὰ
649 1997 755 2065 ὅρη
778 1995 950 2059 Σιὼν,
983 1994 1123 2050 ὅθεν
1145 1995 1273 2064 ἣξει
1299 1996 1337 2062 ἡ
1363 1997 1616 2063 βοήθεια
1636 1998 1823 2066 ἡμῶν.

244 2084 570 2145 Ἀκούσατε,
589 2082 1090 2152 οιλελυτρωμένοι
1130 2085 1248 2139 ὑπὸ
1281 2086 1524 2152 Kvplov,
1552 2085 1658 2150 οὓς
1683 2087 1825 2140 ἐλυ-

247 2176 519 2244 τρὼσατο
545 2178 614 2232 ἐκ
647 2175 846 2244 χειρὸς
891 2175 1143 2243 ἐχθρῶν,
1181 2174 1277 2227 καὶ
1329 2177 1392 2228 ἐκ
1438 2178 1544 2230 τῶν
1596 2178 1829 2246 θλίψεων

251 2267 457 2322 ἔσωσεν
473 2269 689 2331 αὐτούς·
719 2269 983 2323 ἀκούσατε
1004 2269 1104 2338 τῆς
1124 2268 1264 2336 ἐμῆς
1285 2268 1470 2337 φωνῆς
1491 2268 1584 2321 τοῦ
1606 2270 1827 2340 δεσμίου

251 2357 548 2430 Ζαχαρίου.
580 2361 670 2428 Μὴ
695 2359 838 2428 μέγα
861 2361 1184 2430 φρονήσητε.
1209 2359 1289 2411 ὅτι
1313 2359 1544 2428 Χριστὸς
1571 2361 1713 2430 ὑμᾶς
1733 2361 1830 2428 τῆς

249 2448 498 2512 δουλείας
542 2449 650 2502 τῶν
691 2449 901 2520 ἐχθρῶν
949 2449 1234 2518 ἐρρύσατο.
1276 2449 1488 2519 Ὁρᾶτε,
1529 2450 1726 2519 μήπως
1753 2451 1829 2513 ὡς

251 2539 414 2602 νόθοι,
447 2540 540 2592 καὶ
577 2541 674 2610 οὐχ
715 2540 790 2600 ὡς
834 2541 940 2592 υἱοὶ
985 2541 1395 2609 κατελείφθητε.
1435 2543 1571 2610 Φησὶ
1599 2543 1727 2612 γάρ·
1763 2545 1829 2596 El

254 2630 424 2696 ἐκτὸς
447 2631 715 2697 παιδείας
743 2632 905 2697 ἐστὲ,
936 2632 1046 2700 ἄρα
1073 2635 1233 2686 νόθοι
1264 2633 1357 2686 καὶ
1389 2635 1500 2701 οὐχ
1524 2633 1643 2686 vlo!
1665 2634 1826 2687 ἐστε.

328 2720 585 2779 Βλέπετε,
643 2722 937 2791 φοϐηθῆτε,
987 2723 1081 2774 καὶ
1139 2723 1363 2782 ἑαυτοὺς
1418 2722 1825 2790 ἀσφαλίσασθεο

256 2813 449 2883 μήπως
471 2811 701 2864 ἐνταῦθα
725 2812 799 2874 ὡς
829 2813 1032 2874 ἐκεῖνος
1062 2812 1090 2862 ὁ
1114 2810 1264 2863 κατᾶ
1274 2811 1523 2880 Λάζαρον
1551 2812 1825 2876 πλούσιος,

252 2901 313 2955 ὲν
338 2904 538 2972 τρυφῇ,
575 2901 666 2955 καὶ
696 2901 879 2954 ἀνέσει
913 2898 1198 2967 ζήσαντες,
1230 2902 1322 2955 καὶ
1365 2901 1530 2969 μηδὲν
1564 2893 1829 2973 ¹θλιϐερθηι

255 2991 668 3062 ὑπομείναντες,
701 2993 818 3043 ἐκεῖ
846 2990 944 3050 τὰς
977 2990 1276 3051 ἀθανάτους
1301 2991 1571 3059 τιμωρίας
1625 2992 1830 3046 ἀποῖά·

254 3083 406 3151 σητε.
447 3083 664 3152 Ὁρᾶτε,
710 3082 906 3152 μήπως
933 3081 1164 3134 ἐνταῦθα
1200 3081 1277 3148 τῷ
1305 3080 1432 3151 οἴνῳ
1465 3082 1557 3135 καὶ
1585 3085 1649 3152 τῇ
1684 3100 1828 3136 σπα-

251 3172 386 3246 τάλῃ
407 3172 709 3242 χαίροντες,
769 3173 886 3224 ἐκεῖ
939 3173 1197 3240 σταγόνος
1229 3171 1420 3237 ὓδατος
1472 3173 1822 3244 δεηθήσεσθε.

252 3261 498 3333 Νήψατε,
536 3263 735 3332 μήπως
752 3261 984 3318 ἐνταῦθα
1019 3263 1114 3333 τῆς
1129 3262 1373 3326 δουλείας
1399 3263 1824 3332 ἀπαλλαγέντες,

255 3352 370 3403 ἐκεῖ
391 3350 490 3419 τῆς
516 3350 607 3404 τοῦ
660 3350 798 3404 Θεοῦ
831 3350 1006 3420 ὅψεως
1030 3353 1354 3422 χωρισθῆτε.
1395 3354 1486 3424 Μὴ
1517 3353 1657 3424 μέγα
1692 3373 1827 3424 φρο-

251 3443 414 3506 νεῖτε,
445 3441 662 3511 ἀδελφοί
684 3459 697 3471 ο
740 3443 800 3495 οὐ
837 3442 944 3512 γὰρ
985 3443 1060 3505 ὡς
1101 3444 1343 3507 δικαίους
1375 3444 1520 3513 ὑμᾶς
1549 3448 1578 3499 ὁ
1628 3447 1830 3518 Κύριος

253 3531 614 3604 ὲλυτρώσατο,
655 3533 770 3586 ἀλλ’
810 3534 885 3597 ὼς
909 3534 1189 3605 ῥᾳθύμους
1247 3536 1342 3588 καὶ
1373 3536 1692 3606 ἀδοκίμους,
1722 3536 1831 3590 δώ-

256 3638 353 3686 σας
378 3623 506 3693 ὑμῖν
529 3623 718 3693 καιρὸν
746 3624 881 3694 πρὸς
903 3625 1213 3692 μετάνοιαν,
1247 3625 1384 3696 πλὴν
1433 3627 1515 3680 ὅτι
1541 3627 1602 3680 τὸ
1639 3627 1831 3697 μέλλον

253 3712 475 3782 ἄδηλον·
537 3713 795 3774 πολλάκις
860 3713 989 3785 γὰρ·
1051 3715 1290 3784 σήμερον
1346 3715 1689 3786 μακροθυμεῖ
1745 3716 1830 3786 ἐφ’

252 3803 397 3872 ὑμᾶς
417 3820 429 3833 ·
459 3802 645 3874 αὔριον
682 3803 738 3856 δὲ
765 3804 1099 3873 παραδίδωσι
1132 3804 1224 3856 καὶ
1248 3804 1415 3873 ὑμᾶς.
1443 3806 1553 3860 Καὶ
1569 3805 1676 3878 γὰρ
1697 3823 1833 3875 συγ-

253 3892 480 3964 γνώμης
513 3894 692 3963 πάσης
717 3895 866 3948 ὲστὶν
897 3894 1136 3959 ἀνάξιον,
1161 3896 1288 3950 ὅταν
1314 3896 1439 3958 τοὺς
1455 3893 1721 3964 ἑταίρους,
1739 3896 1834 3950 καὶ

250 3983 512 4052 ἀδελφοὺς
562 3982 717 4054 ὑμῶν
759 3983 992 4054 ὁρῶντες
1045 3984 1102 4037 ἐν
1159 3982 1437 4053 βασάνοις,
1488 3984 1562 4054 μὴ
1605 3984 1833 4048 ἑαυτοὺς

249 4075 642 4148 διορθώσησθε.
667 4075 779 4146 Οὐχ
813 4076 976 4146 ὁρᾶτε
1014 4075 1131 4138 πῶς
1162 4075 1256 4128 ἐπὶ
1287 4075 1394 4128 τῶν
1437 4075 1830 4146 δικαστηρίων,

249 4165 415 4224 ἄλλου
446 4165 862 4236 ὲξεταζομένου,
899 4167 1100 4228 πάντες
1131 4168 1180 4218 oi
1241 4165 1506 4236 παρόντες
1545 4167 1638 4220 καὶ
1667 4165 1831 4237 ὁρῶν·

245 4274 367 4320 τες,
389 4259 528 4327 τάχα
554 4258 610 4310 δὲ
641 4258 734 4312 καὶ
755 4259 804 4311 οἱ
837 4259 1146 4325 ἀκούοντες,
1176 4257 1454 4326 φρίττουσι
1482 4257 1578 4310 καὶ
1603 4257 1834 4326 φοσοῦν-

244 4363 360 4412 ται,
394 4349 626 4403 καὶτῶν
675 4349 862 4405 κακῶν
899 4332 1240 4420 ἀπέχονταις
1270 4350 1361 4420 Μὴ
1412 4350 1682 4415 ξενίζεσθε
1721 4353 1836 4406 ὃτι-

1935 559 2144 607 Camus,
2181 560 2279 613 par
2307 557 2501 598 revera
2541 543 2729 604 etiam,
2766 551 2828 595 ιιι
2868 551 3107 595 nostram
3151 543 3216 597 ad
3253 560 3350 598 vos
3395 549 3510 615 epl-

1935 636 2130 693 stolam
2162 652 2191 689 a
2222 636 2522 704 gratiarum
2547 635 2762 689 actione
2799 634 3104 688 ordiamur.

2003 725 2082 779 Sit
2107 742 2290 778 nomen
2324 725 2533 778 Domini
2554 726 2879 778 benedictum
2902 725 3067 791 ‘,quia
3093 742 3195 778 non
3225 727 3510 780 secundum

1933 825 2144 886 peccata
2186 826 2365 868 nostra
2394 817 2514 886 fecit
2544 817 2707 879 nobis,
2747 832 2914 885 neque
2950 817 3234 868 secundum
3267 817 3513 884 iniquita-

1933 919 2007 962 tcs
2047 918 2253 962 nostras
2286 907 2583 960 retribuit”.
2626 907 3014 960 Verumtamen
3061 923 3079 960 :
3120 907 3232 960 Heu
3263 908 3510 977 me,quia
3547 957 3564 966 ,.

1933 1000 2082 1069 longe
2107 1001 2275 1070 factus
2316 1013 2346 1051 a
2389 996 2574 1058 Sione,
2604 997 2836 1050 habitavi
2881 1008 2996 1050 cum
3029 996 3383 1050 tabernac‘ulis
3411 996 3511 1051 Ce-

1931 1091 2096 1154 dar’;
2134 1089 2413 1144 desiderio
2469 1095 2525 1142 et
2571 1089 2708 1156 ipse,
2744 1089 2819 1139 nti
2853 1088 3056 1150 David,
3091 1089 3184 1142 diu
3236 1099 3512 1158 noctuque

1931 1181 2189 1250 psallens,
2241 1189 2405 1247 atque
2436 1193 2656 1231 versum
2708 1179 2854 1230 hunc
2899 1179 3060 1232 labiis
3087 1181 3508 1243 circumferens,

1929 1287 1994 1325 ac
2025 1285 2122 1324 ore
2160 1283 2393 1322 versans
2431 1286 2444 1320 :
2476 1267 2532 1321 Si
2558 1269 2746 1321 oblitus
2771 1269 2915 1335 [uero
2947 1271 3043 1330 tui,
3085 1269 3375 1323 Jerusalem
3397 1275 3514 1338 (aut

1929 1361 2182 1431 pauxilla:
2205 1359 2382 1430 plebis
2402 1375 2524 1429 quae
2555 1360 2609 1412 in
2627 1368 2678 1414 te
2703 1361 2831 1430 est),
2847 1360 3092 1413 oblivioni
3122 1361 3274 1414 detur
3297 1363 3513 1415 dextera

1929 1471 2046 1508 mea
2068 1456 2110 1506 ⁸.

1999 1529 2198 1597 Notum
2227 1543 2300 1596 sit
2333 1541 2490 1594 vobis
2515 1581 2528 1604 ,
2557 1539 2776 1604 fratres,
2819 1541 2964 1608 quod
3006 1549 3062 1594 et
3092 1558 3192 1596 nos
3235 1560 3392 1614 super
3420 1547 3520 1615 ﬂu-

1928 1636 2072 1687 mina
2098 1633 2376 1702 Babylonis
2406 1632 2516 1685 illic
2543 1632 2792 1694 sedimus,
2824 1641 2871 1683 et
2895 1633 3152 1701 ﬂeuimus,
3187 1634 3313 1686 dum
3342 1651 3517 1688 recor-

1929 1727 2182 1779 daremur
2228 1723 2471 1788 Sionis',
2495 1722 2782 1792 Golgotha,
2817 1722 3016 1776 vivifici
3059 1725 3334 1793 sepulcri,
3373 1727 3507 1781 nulli

1931 1832 2170 1886 unquam
2207 1815 2471 1869 oblivioni
2502 1813 2776 1868 tradenda:
2804 1813 3106 1867 Bethleem.
3141 1816 3221 1868 En
3265 1815 3464 1870 fratres
3497 1831 3512 1868 :

1894 1924 1897 1926 '
1929 1909 2238 1962 Levavimus
2267 1905 2441 1961 oculos
2476 1913 2680 1957 nostros
2718 1906 2772 1956 in
2804 1902 2979 1958 Siouis
3031 1915 3253 1971 montes,
3277 1908 3414 1961 unde
3430 1924 3516 1961 ve-

1931 2002 2034 2053 niet
2059 1997 2317 2051 auxilium
2346 1995 2760 2058 nobis“.Audite,
2789 1995 3043 2064 redempti
3063 2014 3092 2048 a
3116 1995 3356 2062 Domino,
3387 2013 3515 2068 quos

1931 2090 2146 2142 redemit
2174 2089 2236 2140 de
2257 2103 2420 2140 manu
2447 2087 2782 2139 inimicorum
2807 2086 2849 2148 ⁷,
2878 2095 2935 2139 et
2965 2101 3029 2139 ex
3063 2087 3517 2146 tribulationibus

1931 2179 2161 2232 salvavit
2193 2192 2308 2230 eos.
2338 2175 2535 2229 Audite
2595 2190 2788 2228 vocem
2833 2190 3034 2237 meam,
3082 2176 3254 2230 vincti
3308 2176 3510 2233 Zacha-

1932 2271 2044 2324 riae.
2075 2269 2251 2323 Nolite
2286 2269 2499 2321 animos
2544 2266 2758 2329 tollere,
2799 2266 2944 2335 quod
2975 2283 3070 2320 vos
3090 2265 3346 2321 Christus
3374 2267 3512 2320 libe-

1931 2361 2136 2416 raverit
2163 2359 2231 2413 ab
2260 2358 2500 2413 hostium
2543 2359 2828 2413 servitute.
2867 2358 3060 2411 Videte
3095 2373 3164 2410 ne
3215 2356 3354 2410 forte
3391 2367 3510 2412 tan-

1931 2466 2094 2521 quam
2151 2450 2347 2519 spurii,
2378 2463 2488 2502 non
2537 2458 2798 2517 tanquam
2855 2447 2952 2500 filii
3003 2447 3181 2500 relicti
3235 2447 3374 2500 sitis.
3422 2448 3515 2500 Ait

1930 2544 2077 2597 enim
2121 2542 2221 2596 :Si
2249 2550 2399 2596 extra
2430 2541 2768 2610 disciplinam
2807 2541 2950 2603 estis,
2996 2553 3116 2608 ergo
3161 2537 3412 2604 adulteri,
3463 2545 3514 2592 et

1931 2649 2034 2686 non
2065 2632 2166 2700 ﬁlii
2201 2635 2322 2686 estis
2343 2631 2386 2686 ⁸.

2007 2725 2220 2788 Videte,
2259 2725 2471 2788 timete,
2505 2723 2662 2778 vobis
2694 2721 2798 2792 ipsi
2845 2730 3057 2787 cavete,
3121 2737 3190 2777 ne
3230 2721 3368 2775 forte
3398 2721 3511 2785 hic,

1929 2819 2082 2872 velut
2118 2818 2210 2871 ille
2241 2817 2433 2870 Lazari
2466 2816 2622 2871 dives
2649 2817 2692 2880 θ,
2727 2815 2781 2868 in
2817 2813 3032 2869 deliciis
3065 2829 3130 2868 ac
3185 2813 3517 2867 remissione

1930 2909 2100 2962 vitam
2133 2916 2382 2975 agentes,
2445 2923 2510 2959 ac
2542 2921 2667 2959 cum
2705 2906 2843 2958 nihil
2901 2905 3196 2957 molestum
3250 2903 3513 2966 tuleritis,

1931 3011 2135 3054 teterna
2167 2998 2278 3052 illic
2301 2998 2570 3066 supplicia
2600 2997 2898 3066 recipiatis.
2925 2995 3140 3058 Videte,
3172 3009 3242 3048 ne
3262 2994 3402 3048 forte
3424 2993 3512 3050 hic

1933 3090 2064 3143 vino
2115 3089 2390 3157 lantisquc
2419 3088 2660 3157 dapibus
2709 3088 3075 3148 luxuriantes,
3142 3087 3254 3140 illic
3305 3093 3513 3156 guttam

1928 3197 2086 3251 aquae
2115 3179 2461 3235 desideretis.
2533 3179 2836 3249 Diligenter
2901 3179 3190 3242 attendite,
3223 3179 3516 3248 nequando

1933 3274 2024 3328 hic
2055 3273 2321 3328 servitute
2354 3272 2596 3336 liberati,
2649 3271 2760 3325 illic
2806 3286 2834 3323 a
2871 3271 2966 3324 Dei
3016 3271 3224 3324 visione
3267 3281 3518 3324 extorres

1931 3366 2074 3422 sitis.
2097 3365 2300 3429 Nolite,
2323 3363 2545 3429 fratres,
2600 3364 2769 3416 altum
2809 3374 3039 3431 sapere;
3103 3377 3214 3415 non
3251 3360 3398 3415 enim
3418 3375 3515 3416 vos

1931 3457 2199 3512 Dominus
2235 3455 2684 3523 tanquamjustos
2707 3453 2982 3516 liberavit,
3013 3452 3109 3506 sed
3138 3453 3289 3506 velut
3321 3468 3518 3522 segnes

1931 3564 1996 3603 ac
2028 3546 2315 3617 reprobos,
2351 3544 2667 3598 concedens
2731 3550 2950 3611 tempus
3008 3552 3071 3595 ut
3129 3543 3513 3612 pmnitentiam

1932 3637 2124 3709 agatis.
2154 3636 2356 3692 Verum
2391 3635 2519 3703 quia
2552 3633 2763 3686 incerta
2819 3632 2992 3686 futuri
3030 3633 3148 3686 alea
3196 3640 3300 3696 est,
3351 3633 3516 3686 hodie

1932 3743 2056 3783 cum
2085 3728 2138 3780 in
2154 3742 2251 3780 vos
2273 3725 2548 3793 patienter
2571 3732 2714 3793 agat,
2748 3739 2846 3777 vos
2875 3738 3096 3792 quoque
3123 3723 3177 3776 in
3209 3722 3514 3776 crastinum

1934 3815 2119 3869 tradit.
2157 3813 2376 3867 Etenim
2408 3811 2557 3864 nulla
2595 3826 2824 3880 prorsus
2841 3810 3001 3864 venia
3033 3809 3184 3880 digni
3209 3810 3378 3875 estis;
3419 3809 3515 3879 qui

1934 3905 2175 3968 scilicet,
2210 3918 2336 3957 cum
2375 3903 2577 3956 fratres
2605 3909 2819 3954 vestros
2854 3901 2910 3954 in
2945 3901 3239 3956 tormentis
3256 3901 3512 3964 videatis,

1933 3996 2217 4053 emendari
2251 3995 2356 4064 ipsi
2392 3994 2619 4048 minime
2645 3992 2941 4048 studeatis.
2991 3991 3187 4047 Nonne
3233 3993 3433 4048 videtis
3455 4001 3518 4047 ut

1935 4092 1991 4146 in
2028 4090 2424 4153 tribunalibus,
2464 4095 2748 4158 quaerente
2807 4095 3042 4156 praetore
3073 4086 3241 4140 unius
3270 4101 3513 4150 causam,

1935 4184 2031 4254 qui
2056 4191 2238 4238 astant
2267 4195 2482 4245 omnes,
2508 4194 2572 4233 ac
2603 4179 2696 4249 qui
2742 4178 2956 4242 vident,
3013 4178 3144 4248 quin
3175 4187 3232 4232 et
3257 4177 3397 4231 forte
3419 4192 3518 4231 an-

1937 4277 2176 4340 dientes,
2199 4276 2449 4337 timeant,
2482 4289 2546 4327 ac
2581 4272 3041 4335 contremiscam,
3093 4278 3261 4340 atque
3285 4286 3314 4325 a
3356 4271 3516 4325 malis

1937 4366 2290 4422 abstineant?
2313 4365 2390 4418 Ne
2420 4365 2622 4418 mirum
2653 4363 2929 4428 videatur,
2966 4363 3112 4433 quod
3139 4378 3169 4417 e
3201 4371 3515 4417 sanctorum

246 4439 358 4507 πέρ
377 4455 520 4504 τινες
559 4441 695 4495 ὅσιοι
745 4440 1281 4513 ᾐχμαλωτίσθησαν·
1331 4441 1477 4505 τινὲς
1529 4442 1586 4494 δὲ
1643 4443 1830 4513 ἄνομοι

1940 4473 2176 4513 numero
2199 4455 2422 4526 quidam
2450 4456 2654 4526 captivi
2688 4457 2793 4510 acti
2821 4465 2970 4519 sunt,
3022 4462 3186 4524 atque
3213 4471 3280 4509 ex
3309 4455 3516 4523 impro-

243 4529 655 4602 ἐλυτρώθησαν.
717 4531 1064 4601 Ἀκούσωμεν
1117 4532 1210 4586 τοῦ
1266 4533 1474 4601 Κυρίου
1546 4533 1828 4602 λέγοντος·

240 4621 348 4689 Μὴ
372 4621 481 4692 γὰρ
505 4616 591 4676 ὧν
616 4622 684 4677 τὸ
710 4618 850 4692 αἷμα
869 4622 1111 4692 ἐξέχεεν
1134 4621 1391 4689 Πιλᾶτος
1411 4623 1562 4692 μετὰ
1590 4625 1709 4678 τῶν
1732 4630 1834 4682 θυ-

241 4712 404 4768 σιῶν
427 4715 896 4786 ἀμαρτωλότεροι
922 4715 1166 4768 πάντων
1187 4716 1558 4785 ἐτύγχανον;
1583 4719 1654 4772 οὐ
1677 4720 1834 4788 λέγω

238 4805 413 4871 ὑμῖν,
463 4805 554 4859 ὅτι
597 4805 708 4860 ἐὰν
750 4806 910 4878 [ἀλλ’
959 4806 1087 4878 ἐὰν]
1131 4806 1218 4876 μὴ
1256 4807 1700 4876 μετανοήσητε,
1734 4809 1834 4864 καὶ

233 4895 420 4963 ὑμεῖς
444 4896 728 4964 ὡσαύτως
769 4897 1112 4953 ἀπολεῖσθε.
1139 4900 1247 4952 Καὶ
1271 4901 1450 4965 πάλιν,
1478 4905 1541 4956 οι
1563 4902 1708 4956 δέκα
1734 4901 1836 4956 καὶ

234 4987 402 5039 ὀκτὼ
428 4987 518 5057 ἐφ’
546 4984 635 5055 οἷς
655 4989 878 5044 ἔπεσεν
903 4993 935 5044 ὁ
965 4991 1191 5060 πύργος
1212 4993 1318 5047 τοῦ
1357 4994 1620 5063 Σιλωὴμ,
1651 4996 1841 5065 ἀμαρ-

233 5080 566 5147 τωλότεροι
598 5075 760 5150 ἦσαν
785 5082 946 5146 παρὰ
966 5081 1197 5149 πάντας
1224 5083 1366 5152 τοὺς
1394 5089 1712 5153 οἰκοῦντας
1748 5087 1843 5142 Ἰε-

221 5170 605 5240 ρουσαλήμ;
651 5172 789 5241 οὐχὶ
848 5174 1004 5244 λέγω
1048 5174 1210 5243 ὑμῖν,
1243 5175 1331 5229 ὅτι
1379 5179 1490 5232 ἐὰν
1521 5177 1680 5250 [ἀλλ’
1709 5180 1842 5254 ἐὰν]

221 5257 325 5326 μὴ
347 5259 788 5329 μετανοήσητε,
813 5264 911 5319 καὶ
954 5265 1124 5333 ὑμεῖς
1165 5267 1448 5335 ὡσαύτως
1491 5270 1838 5326 ἀπολεῖσθε.

326 5349 647 5412 Ἀκούσατε,
674 5354 768 5406 καὶ
796 5355 1089 5426 φοϐήθητε,
1121 5361 1218 5416 καὶ
1247 5362 1322 5433 μὴ
1380 5362 1537 5432 ἡμῶν
1595 5364 1704 5418 τῶν
1751 5365 1839 5419 δε-

224 5438 426 5507 Gy.th
455 5441 915 5514 ἑπιλάθησθε.Ἒν
932 5446 1092 5516 σῶμά
1118 5453 1286 5520 ἐσμεν
1313 5455 1610 5526 ἀμφότεροι
1632 5473 1646 5486 ο
1668 5457 1836 5509 ἁκού-

227 5545 433 5599 σωμεν
466 5531 558 5586 τοῦ
595 5534 917 5591 Ἀποστόλου
945 5539 1190 5609 λέγοντος
1213 5560 1228 5576 ·
1248 5541 1390 5600 Ἐὰν
1419 5545 1489 5600 ἐν
1506 5547 1695 5616 μέλος
1716 5548 1832 5603 πά·-

317 5646 335 5678 ⁸
379 5645 523 5706 Psal.
553 5662 680 5712 cxu,
705 5646 772 5706 2.’

854 5653 1044 5728 ’Psal.
1067 5656 1268 5728 (311,10.
1347 5659 1366 5694 ³
1406 5659 1548 5716 Psal.
1580 5676 1722 5724 εχιτ,
1756 5663 1807 5717 5.
1887 5662 1907 5693 ⁸
1941 5664 2084 5720 Psal.
2121 5680 2335 5728 cxsxvt,
2371 5664 2424 5717 5.
2499 5667 2520 5699 ³
2549 5665 2682 5721 ibid.
2712 5667 2762 5719 l.

1931 4547 2018 4603 bis
2035 4549 2260 4617 quidam
2312 4547 2604 4616 redempti.
2651 4545 2960 4600 Audiamus
2994 4546 3289 4599 Dominum
3325 4545 3516 4599 dicen-

1936 4647 2084 4695 tem:
2118 4639 2331 4693 Putatis
2375 4639 2514 4709 quod
2541 4640 2643 4702 his,
2679 4654 2904 4709 quorum
2944 4639 3257 4706 sanguinem
3307 4636 3515 4690 Pilatus

1937 4730 2148 4786 miscuit
2171 4748 2292 4785 cum
2322 4729 2626 4799 sacrificiis,
2658 4745 2768 4799 prce
2806 4728 3043 4781 omnibus
3080 4737 3373 4798 peccatores
3405 4727 3516 4797 fue-

1935 4829 2056 4874 runt
2084 4820 2108 4873 ?
2164 4819 2304 4883 Non,
2331 4819 2446 4872 dico
2470 4819 2610 4872 vobis
2639 4833 2656 4870 .'
2688 4817 2778 4870 sed
2802 4817 2848 4870 si
2874 4817 3240 4886 paenitentiam
3278 4833 3381 4868 non
3411 4817 3513 4869 Ita-

1937 4911 2172 4976 bueritis,
2195 4911 2440 4964 similiter
2487 4919 2535 4962 et
2591 4909 2692 4979 ipsi
2749 4908 2983 4979 peribitis
3020 4909 3086 4960 ¹⁰.
3161 4908 3228 4962 Et
3263 4907 3510 4962 iterum:

1937 5002 2028 5056 Illi
2043 5003 2217 5056 decem
2247 5011 2294 5055 et
2319 5010 2452 5066 octo,
2485 5018 2648 5071 supra
2661 5018 2806 5070 .qnos
2840 5001 3022 5054 cecidit
3054 5001 3213 5054 turris
3244 5002 3298 5053 in
3350 4998 3511 5066 Siloe,

1938 5097 2135 5166 putatis
2173 5095 2313 5166 quod
2338 5104 2634 5163 peccatores
2669 5095 2864 5164 fuerint
2891 5110 3000 5164 pra?
3017 5093 3516 5148 omnibusbabitan-

1940 5187 2074 5242 tibus
2105 5190 2160 5241 in
2188 5185 2532 5242 Jerusalem?
2563 5184 2680 5240 Non
2711 5188 2827 5240 dico
2859 5189 3044 5248 vobis;
3091 5185 3182 5239 sed
3221 5185 3322 5238 nisi
3349 5184 3514 5255 poeni-

1941 5277 2162 5329 tentiam
2191 5277 2420 5346 egeritis,
2448 5275 2666 5344 perinde
2689 5286 2737 5329 et
2768 5276 2867 5344 ipsi
2913 5276 3144 5343 peribitis
3175 5275 3241 5328 “.
3491 5278 3498 5284 ”

2010 5367 2309 5431 Audite,et
2330 5368 2544 5433 timete,
2598 5382 2702 5421 nec
2729 5383 2832 5422 nos
2861 5367 3076 5421 vinctos
3100 5363 3364 5420 oblivioni
3397 5371 3512 5417 tra-

1935 5459 2067 5514 dite.
2103 5459 2280 5516 Unum
2315 5460 2534 5529 utrique
2567 5475 2770 5529 corpus
2800 5475 3008 5514 sumus.
3036 5458 3337 5513 Audiamus
3364 5456 3512 5526 Apo«

1933 5553 2137 5606 stolum
2170 5551 2444 5606 dicentem
2485 5569 2498 5605 :
2542 5550 2598 5607 Si
2625 5555 2833 5624 patitur
2863 5569 3024 5606 unum
3056 5551 3368 5615 membrum,
3398 5561 3511 5602 om-

2842 5667 2861 5696 ⁸
2890 5665 3032 5720 Psal.
3063 5680 3186 5733 cxx,
3225 5666 3273 5721 l.
3320 5667 3340 5697 ⁷
3364 5665 3508 5722 Psal.

223 5729 355 5786 cu,
396 5718 452 5773 2.
523 5717 741 5811 {Hahn
767 5738 865 5786 ιιι,
895 5726 971 5822 8.¹
1027 5726 1047 5757 ³
1077 5717 1216 5783 Luc.
1256 5744 1364 5799 xvt,
1397 5730 1482 5784 l9.
1562 5732 1603 5762 ¹⁰
1632 5717 1768 5792 Luc.
1799 5748 1915 5803 xm,
1943 5717 2443 5808 72:7”“vibid.'l,5.
