4038 6208
296 257 432 324 δὶθό

1745 255 2107 318 EPISTOLA
2120 303 2134 316 .

3411 251 3554 319 £231

293 373 404 437 σθε,
435 368 588 423 αὐτοὶ
606 366 661 421 δὲ
679 365 1117 438 δουλεύουσι.Μὴ
1144 367 1322 421 τοίνυν
1351 366 1679 438 διακείμενοι
1702 365 1873 431 οὕτως

1988 367 2248 430 habeant,
2297 364 2604 436 negligatis.
2636 362 2838 420 Audite
2873 361 3168 418 Dominum
3222 363 3544 422 dicentem:

292 461 624 532 ἀμελήσητε.
666 457 961 512 Ἀκούσατε
1011 459 1103 512 τοῦ
1135 459 1340 529 Κυρίου
1390 459 1659 527 λέγοντοςο
1708 456 1874 523 Ἑνῷ

289 553 477 620 μέτρῳ
495 549 782 619 μετρεῖτε,
807 550 1374 617 ἀντιμετρηθήσεται
1402 550 1562 619 ὑμῖν.
1585 551 1692 602 Καὶ
1713 549 1873 603 πάλιν

293 641 566 712 μνήσθητε
594 641 668 704 ώς
700 641 941 708 ἐλάλησα
973 642 1101 709 ὑμῖν
1147 640 1228 693 ἔτι
1254 639 1328 693 ὢν
1357 640 1475 710 μεθ’
1507 641 1662 710 ὑμῶν
1691 641 1748 692 ἐν
1771 639 1874 692 Γαο

287 732 489 804 λιλαία,
540 731 734 800 λέγων.
787 733 868 784 ὅτι
899 733 1125 797 Ὄντως,
1159 731 1344 798 τέκνα,
1379 731 1578 802 πολλὴν
1624 732 1734 802 δρῶ
1774 732 1873 800 τὴν

289 824 552 894 ἀμέλειαν
597 825 676 886 είς
708 823 880 890 ὑμᾶς’
937 821 1137 892 πολλὴν
1192 821 1291 890 τὴν
1324 819 1631 891 ρᾳθυμίαν·
1672 820 1873 889 πολλὴν

286 919 383 986 τὴν
400 916 612 970 ἀδικίαν
634 932 648 946 ο
673 915 872 983 πολλὴν
895 915 992 984 τὴν
1017 913 1323 980 ἀγνωσίαν·
1363 912 1560 981 πολλὴν
1596 912 1693 980 τὴν
1743 927 1873 980 μισ-

287 1010 550 1079 αδελφίαν
587 1025 600 1039 ·
656 1006 855 1077 πολλὴν
915 1009 1014 1076 τὴν
1062 1008 1171 1059 τῶν
1205 1005 1579 1070 ἀποστολικών
1635 1002 1872 1055 κανόνων

287 1102 586 1156 κατάλυσιν
623 1101 715 1153 καὶ
736 1099 1166 1169 καταφρόνησιν,
1191 1099 1284 1151 καὶ
1317 1099 1417 1151 οὐκ
1444 1092 1562 1149 οἶδα
1608 1099 1756 1148 ποῖον
1784 1095 1871 1148 τὲ-

286 1190 378 1254 lo;
408 1190 588 1255 ’ἕξουσι
617 1189 687 1242 τὰ
713 1188 834 1242 καθ’
875 1190 1022 1258 ἡμᾶς
1042 1206 1054 1219 ο
1089 1189 1182 1240 καὶ
1218 1189 1352 1257 πρὸς
1379 1187 1549 1239 ταῦτα
1582 1185 1872 1254 ἀντιφθεγ,

286 1283 510 1352 γόμενοι
538 1281 775 1348 ἐλέγετε,
804 1281 884 1334 ὅτι
912 1279 1297 1350 Φιλάνθρωπός
1327 1281 1470 1331 ἐστιν
1504 1281 1532 1331 6
1583 1277 1738 1343 Θεὸς,
1779 1280 1872 1331 καὶ

286 1375 388 1427 οὐκ
430 1372 660 1424 ἔπλασεν
696 1373 846 1441 ἡμᾶς
919 1371 1005 1424 ἵνα
1047 1370 1292 1441 ἀπολέσῃ
1336 1372 1502 1440 ἡμᾶς,
1536 1370 1669 1423 ἀ).λά
1701 1369 1872 1439 δῶρον

290 1464 458 1516 σώσει
491 1463 662 1533 ἡμᾶς.
702 1461 899 1531 Κάμοῦ
925 1460 1194 1528 λέγοντος,
1231 1462 1312 1514 ὅτι
1346 1460 1480 1514 Θεοῦ
1510 1450 1666 1529 λόγος
1725 1461 1872 1512 ἐστὶν

283 1555 372 1608 διὰ
400 1553 494 1607 τοῦ
525 1554 709 1615 Δαϐιδ,
744 1555 824 1608 ὅτι
867 1554 1072 1616 πάντας
1126 1555 1252 1615 τοὺς
1303 1553 1659 1623 ἁμαρτωλοὺς
1702 1551 1873 1616 ἐξολο-

287 1643 528 1714 θρεύσει,
553 1642 714 1706 αὐτὸς
737 1641 1006 1694 ἀποδώσει
1027 1642 1244 1712 ἑκάστῳ
1270 1643 1414 1694 κατά
1433 1648 1498 1694 τα
1523 1641 1660 1712 ἔργα
1679 1639 1868 1699 αὑτοῦ,

1977 456 2042 511 In
2076 473 2180 526 qua
2215 472 2465 509 mensura
2498 455 2663 509 mensi
2695 453 2918 524 fueritis,
2976 455 3281 508 remetiatur
3311 454 3447 508 vobis
3483 456 3555 509 ὀ.

1977 549 2222 618 Itemque
2248 557 2580 602 mementote
2613 564 2719 618 qua
2753 548 2962 602 ratione
3008 548 3229 601 loculus
3265 549 3366 601 sim
3399 547 3571 609 vobis,

1977 656 2102 694 cum
2129 640 2310 694 adhuc
2342 640 2631 695 vobiscum
2659 655 2835 694 essem
2875 641 2927 694 in
2958 636 3200 702 Gaiihea,
3224 639 3296 690 ita
3321 638 3510 692 dicens
3539 655 3552 690 :

1978 729 2299 792 Plane,lilii,
2330 730 2608 800 ingentem
2635 731 2688 783 in
2714 729 2869 783 vobis
2902 729 3060 782 video
3100 729 3390 784 incuriam.
3417 728 3556 780 mul-

1979 830 2086 875 tam
2111 822 2423 890 segnitiem,
2456 822 2797 890 injustitiam,
2831 822 3220 891 ignorantiam,
3253 820 3556 873 fraternum

1976 912 2190 974 odium,
2243 912 2671 980 apostolicorum
2727 919 2998 964 canonum
3068 909 3555 979 transgressionem

1976 1013 2141 1071 atque
2178 1013 2577 1071 contemptum,
2635 1018 2737 1055 nec
2771 1002 2887 1055 scio
2937 1017 3175 1069 quonam
3221 1017 3306 1054 res
3357 1009 3556 1053 nostra:

1977 1110 2224 1149 evasttrzc
2253 1094 2381 1147 sint.
2417 1095 2494 1147 Ad
2534 1109 2654 1162 quae
2677 1109 2771 1147 vos
2797 1096 2877 1148 sic
2910 1110 2976 1146 ex
3008 1095 3238 1146 adverso
3259 1092 3558 1162 responde-

1977 1184 2119 1238 batis
2147 1201 2159 1236 :
2195 1184 2379 1236 Bonus
2412 1193 2496 1238 est
2528 1185 2706 1245 Deus,‘
2746 1200 2847 1236 nec
2888 1199 2988 1236 nos
3015 1183 3226 1237 creavit
3270 1192 3328 1236 ut
3360 1183 3556 1251 perde-

1975 1283 2076 1336 ret,
2105 1273 2200 1327 Sed
2237 1275 2484 1343 utgratis
2517 1274 2746 1326 salutem
2777 1272 3019 1326 afferret.
3059 1272 3249 1341 Mente
3297 1273 3514 1326 dim-nte
3539 1313 3552 1334 .

1974 1365 2196 1419 Davidis
2237 1381 2333 1418 ore
2359 1365 2603 1418 locutum
2640 1364 2836 1427 Deum,
2893 1364 3029 1426 fore,
3062 1372 3121 1416 ut
3147 1379 3336 1417 otnnes
3367 1378 3560 1431 pecca-

1975 1465 2124 1510 tores
2147 1456 2430 1526 disperdat
2463 1457 2531 1518 ²¹,
2555 1472 2618 1510 ac
2651 1455 2847 1510 reddat
2872 1455 3171 1523 unicuique
3199 1455 3349 1522 juxta
3391 1467 3558 1522 Opem

1972 1550 2152 1612 sua”,
2183 1548 2382 1601 iterum
2415 1548 2760 1601 excusabatis
2785 1547 3170 1600 excusationes
3212 1547 3266 1599 in
3309 1555 3556 1614 peccatu,

1975 1639 2152 1694 donec
2186 1641 2338 1694 venit
2373 1641 2454 1693 ira
2502 1640 2711 1693 Domini
2748 1651 2785 1694 ll
2807 1657 2974 1711 mque
3005 1639 3149 1693 velut
3171 1655 3201 1692 e
3235 1655 3454 1702 somno,
3481 1637 3560 1691 sic

288 1734 450 1786 πάλιν
489 1731 922 1804 προεφασίζεσοε
949 1731 1251 1801 προφάσεις
1280 1732 1336 1783 ὲν
1397 1731 1716 1801 ἁμαρτίαις,
1767 1728 1870 1792 ἕως

1976 1731 2198 1786 excitati
2234 1748 2446 1791 sumus.
2477 1744 2542 1782 ac
2578 1747 2676 1786 nos
2709 1733 2956 1785 animum
2989 1729 3244 1798 decipere
3266 1730 3432 1783 stulta
3461 1747 3558 1783 lit?-

286 1820 348 1880 οὗ
367 1822 574 1896 ἧλθενή
605 1823 743 1895 ὀργὴ
763 1821 857 1876 τοῦ
885 1821 1090 1891 Κυρίου
1109 1837 1121 1850 ⁸
1144 1821 1239 1873 καὶ
1262 1821 1380 1874 τότε
1394 1821 1581 1891 ὥσπερ
1629 1818 1686 1884 ἐξ
1705 1819 1871 1870 ὖπνου

288 1916 460 1979 οὕτως
491 1915 872 1984 διανέστημεν,
903 1913 996 1964 καὶ
1020 1911 1264 1982 ἔγνωμεν
1293 1912 1372 1964 ὃτι
1398 1921 1402 1923 “
1429 1909 1653 1968 ἑαυτοὺς
1682 1912 1874 1979 saepev-

289 2009 622 2078 απατοῦμεν,
654 2007 842 2079 μωρὰς
889 2007 1108 2070 ἐλπίδας
1154 2007 1364 2069 ἑαυτοῖς
1424 2006 1871 2074 ὑποσπείραντες.

290 2102 496 2163 Πάντες
515 2097 806 2168 ἐπαιδεύθη
816 2115 934 2167 μεν,
958 2098 1019 2149 οὐ
1043 2098 1246 2160 πάντες
1267 2097 1321 2149 δὲ
1339 2097 1536 2166 ὁμοίως
1555 2095 1870 2163 θλιϐόμεθα.

300 2190 466 2244 Ἀλλά
491 2190 691 2252 πάντες
727 2184 1147 2256 ἀγωνισώμεθα.
1173 2188 1480 2259 Περιάρατε
1527 2188 1629 2257 τὴν
1665 2188 1834 2256 μέθην
1857 2202 1872 2218 ο

293 2277 578 2331 παύσασθε
615 2277 724 2329 τών
758 2277 1024 2347 πορνειῶν
1046 2318 1059 2340 ,
1091 2275 1371 2330 παύσασθε
1419 2277 1528 2328 τῶν
1575 2275 1872 2344 λοιδοριῶν,

293 2367 576 2422 παύσασθε
609 2365 702 2420 τοῦ
732 2365 1100 2437 θησαυρίζειν,
1143 2367 1376 2438 ὁρῶντες
1411 2368 1506 2420 νῦν
1555 2369 1760 2436 αἵματα
1787 2383 1875 2418 πι-

297 2457 694 2529 πρασκόμενα·
737 2456 1018 2509 παύσασθε
1077 2460 1173 2528 τῆς
1219 2457 1511 2528 ῥᾳθυμίας,
1575 2456 1873 2525 σχολάσατε

295 2549 410 2608 ταῖς
431 2547 766 2615 ἐκκλησίαις,
799 2546 1091 2617 σχολάσατε
1117 2548 1349 2616 δεήσεσι.
1373 2548 1605 2617 ouem
1644 2549 1873 2611 ἑαυτοὺς

302 2639 514 2707 μικρὸν,
536 2636 622 2690 διὰ
652 2643 775 2700 τοὺς
795 2638 1142 2708 θλιϐομένους
1169 2640 1357 2694 πολλὰ.
1393 2641 1598 2703 Πάντες
1643 2639 1872 2709 συνδρά-

300 2747 428 2800 μετε
459 2732 536 2793 είς
591 2730 688 2800 τὴν
735 2730 842 2784 τῶν
903 2731 1143 2799 ἀδελφῶν
1173 2730 1322 2798 ὑμῶν
1370 2733 1645 2801 πρόνοιαν.
1685 2735 1745 2784 υἱ
1773 2732 1874 2800 μὲν

299 2822 534 2890 ἔχοντες,
565 2819 652 2872 διὰ
683 2820 790 2872 τῶν
828 2821 1144 2890 χρημάτων.
1189 2821 1263 2872 Ού
1301 2821 1439 2891 φοϐῇ
1479 2822 1570 2873 τὸν
1602 2822 1754 2884 Θεὸν,
1782 2821 1874 2874 άν-

297 2909 479 2978 θρωπε
503 2927 517 2975 ;
543 2909 666 2962 οὐδὲ
694 2909 828 2962 αὐτὸ
859 2911 917 2962 τὸ
968 2911 1206 2973 συνειδός
1241 2926 1333 2962 σου
1397 2910 1645 2980 μαστίζει
1681 2929 1760 2974 σε,
1794 2913 1874 2964 ὅτι

1975 1823 2061 1878 bis
2090 1822 2261 1878 ascita
2306 1823 2739 1891 exspectatione,
2791 1821 3166 1891 cognovimus.
3210 1820 3412 1874 Omnes
3468 1835 3560 1873 ca—

1975 1913 2159 1982 stigati
2191 1930 2404 1975 sumus,
2439 1927 2493 1967 at
2520 1930 2625 1967 non
2652 1929 2844 1967 omnes
2880 1913 3104 1982 perinde
3131 1911 3560 1982 aﬂiigimunVc-

1976 2021 2098 2058 rum
2122 2021 2314 2058 omnes
2336 2007 2636 2059 enitantur.
2662 2005 2887 2059 Auferte
2910 2003 3237 2058 ebrietatem
3275 2021 3288 2056 :
3322 2003 3558 2058 desinite

1977 2095 2265 2161 fornicari,
2320 2096 2559 2150 desinite
2609 2097 2820 2166 jactare
2845 2094 3127 2160 com-icia;
3175 2094 3412 2149 desinite
3439 2095 3560 2148 the-

1975 2203 2169 2240 sauros
2186 2181 2490 2250 cumulare,
2525 2201 2648 2239 cum
2682 2203 2828 2241 nunc
2851 2185 3080 2239 videatis
3108 2184 3305 2238 licitari
3334 2185 3557 2255 sangui-

1975 2293 2121 2332 nem.
2151 2277 2447 2347 Segnitiem
2480 2278 2752 2342 excutite;
2786 2277 3036 2331 ecclesiis
3076 2283 3280 2338 vacate,
3305 2276 3560 2345 precibus

1978 2385 2205 2440 Operam
2231 2370 2443 2438 ponite.
2473 2369 2744 2422 Modicum
2772 2369 2900 2437 quid
2932 2368 3245 2422 aﬂlictionis
3273 2367 3558 2431 asSumite,

1975 2478 2168 2518 eorum
2202 2463 2377 2532 gratia
2411 2477 2646 2531 quorum
2681 2462 2875 2531 ingens
2913 2459 3137 2514 afﬂictio
3162 2467 3266 2514 est.
3327 2459 3561 2514 Paribus

1976 2565 2170 2604 omnes
2190 2551 2387 2604 studiis
2420 2562 2478 2604 ut
2512 2551 2778 2604 fratribus
2832 2549 3210 2619 prospiriatis,
3261 2548 3557 2604 accurrite.

1977 2638 2079 2705 Qui
2103 2639 2311 2693 habent
2337 2640 2622 2708 pecunias,
2650 2639 2958 2692 conferant.
3001 2638 3045 2694 0
3064 2639 3247 2701 homo,
3267 2655 3372 2691 non
3400 2637 3560 2692 times

1977 2734 2188 2788 Deum?
2215 2733 2328 2788 Nec
2379 2734 2492 2803 ipsa
2529 2733 2868 2788 conscientia
2925 2733 3172 2802 vapules,
3209 2732 3354 2803 quod
3401 2730 3562 2787 Chri-

1978 2834 2124 2878 stum
2155 2825 2346 2878 videas
2374 2825 2441 2877 ab
2468 2824 2736 2893 improbis
2763 2822 2927 2890 trahi,
2978 2839 3040 2877 ac
3083 2823 3345 2893 jugulari,
3391 2831 3559 2892 tuque

1978 2914 2270 2982 pecuniam
2301 2914 2583 2967 occultos?
2628 2929 2692 2966 ac
2721 2929 2844 2967 cum
2882 2915 3059 2982 possis
3086 2915 3320 2968 animam
3354 2917 3556 2970 salvam

295 3003 425 3072 ὁρᾷς
448 3000 538 3052 τὸν
562 3000 796 3072 Χριστὸν
827 3000 930 3053 ὑπὸ
959 3002 1175 3070 ἀνόμων
1205 3001 1500 3072 συρόμενον
1547 3004 1642 3056 καὶ
1673 3003 1873 3069 agam-

1983 3002 2184 3063 facere,
2214 3003 2372 3072 cujus
2401 3019 2503 3057 nec
2538 3003 2778 3079 mundus
2813 3005 3106 3057 universus
3136 3006 3371 3072 pretium
3414 3021 3559 3061 exae-

302 3110 488 3162 μενον,
524 3093 616 3144 καὶ
649 3093 712 3144 σὺ
743 3091 813 3144 τὰ
842 3093 1101 3162 χρήματα
1131 3092 1569 3161 κατοκρύπτεις;
1601 3093 1692 3146 καὶ
1717 3093 1875 3146 δυνά-

301 3199 460 3254 μενος
496 3183 669 3236 σώσαι
694 3181 893 3253 ψυχὴν,
919 3179 983 3254 ἦ,
1012 3184 1132 3246 ὅλος
1161 3185 1188 3236 ὁ
1230 3184 1432 3254 κόσμος
1479 3185 1577 3236 οὐκ
1599 3184 1870 3249 ἀντάξιος,

295 3274 356 3327 οὐ
391 3271 603 3338 σώζεις,
634 3274 766 3326 ἀλλά
808 3276 930 3346 γίνῃ
981 3275 1423 3344 ἀνθρωποκτόνος
1448 3293 1463 3342 ;
1490 3277 1618 3328 ὅταν
1651 3277 1756 3346 γάρ
1788 3293 1873 3339 τις

299 3364 597 3434 δυνάμενος
621 3365 794 3418 σῶσαι
831 3365 920 3418 τὸν
957 3365 1204 3435 ἀδελφὸν,
1246 3368 1322 3437 μὴ
1350 3366 1512 3419 σώσει
1557 3367 1871 3437 προθύμως,

297 3458 362 3508 ὲκ
388 3457 483 3525 τῆς
512 3455 688 3526 χειρὸς
712 3455 876 3509 αὑτοῦ
907 3455 1091 3509 λοιπὸν
1116 3458 1176 3509 τὸ
1214 3453 1266 3509 αἶ
1277 3475 1352 3527 μα
1383 3457 1548 3510 αὑτοῦ
1580 3459 1872 3528 ἀπαιτήσει

298 3546 517 3620 Κύριος.
541 3547 614 3600 Ού
649 3547 809 3615 μόνον
847 3543 909 3612 δὴ
925 3546 1010 3598 διὰ
1044 3546 1343 3616 χρημάτων
1385 3547 1468 3600 δεῖ
1493 3548 1739 3614 γίνεσθαι
1770 3551 1869 3617 τὴν

300 3639 642 3709 συμπάθειαν
665 3655 678 3668 ο
702 3637 763 3690 ού
796 3636 906 3705 γὰρ
937 3639 1152 3690 πάντων
1189 3639 1215 3690 6
1254 3637 1502 3698 πλοῦτος.
1529 3641 1621 3691 Διὸ
1642 3639 1874 3702 ἕκαστος

295 3733 363 3786 δι’
383 3726 444 3785 οὗ
470 3731 688 3785 δύναται
745 3731 950 3801 τρόπου
981 3731 1445 3802 συγκακοπαοήσῃ
1471 3748 1486 3762 ·
1522 3731 1612 3784 διὰ
1636 3749 1874 3802 προσευο

297 3823 419 3894 χῆς,
440 3823 529 3877 διὰ
557 3823 834 3894 νηστείας,
863 3821 952 3876 διὰ
993 3822 1315 3892 χαμευνίας,
1337 3823 1426 3876 διὰ
1455 3823 1728 3893 δακρύων,
1786 3822 1875 3895 διᾲ

295 3915 658 3978 διδασκαλίας.

380 4009 468 4060 Ἐν
503 4006 722 4069 πολλαῖς
751 4004 862 4075 γὰρ
892 4005 1179 4073 ἀνάγκαις,
1222 4003 1464 4071 ἀδελφοὶ,
1517 4003 1757 4074 σήμερον
1807 4004 1875 4058 τὰ

295 4097 560 4168 ἡμέτερα.
601 4095 941 4164 Ἐμϐλέψατε
998 4095 1117 4159 πώς
1156 4097 1306 4147 πᾶσα
1336 4094 1546 4164 ἡλικία,
1603 4095 1698 4146 καὶ
1725 4095 1876 4148 πᾶσα

295 4187 422 4252 ἀξία
437 4185 776 4257 μαστίζεται.
802 4187 891 4238 Διὸ
917 4186 1010 4238 καὶ
1041 4187 1242 4247 πάντες
1264 4185 1622 4256 αίχμάὶωτοι,
1653 4185 1870 4239 πάντων

295 4276 449 4344 ὑμῶν
464 4268 537 4327 ὧν
553 4276 580 4327 6
598 4273 800 4344 Κύριος
817 4273 1182 4346 ἐλυτρώσατο,
1201 4275 1453 4344 δεόμεθα,
1472 4277 1872 4346 οἱκτειρήσατε.

1980 3103 2132 3160 quet,
2163 3093 2214 3145 id
2261 3093 2482 3147 minimc
2503 3105 2749 3162 prtestcs,
2785 3095 2882 3148 sed
2910 3095 3185 3150 homicida
3222 3096 3358 3149 fias?
3417 3096 3555 3152 Cum

1976 3183 2121 3235 enim
2168 3183 2292 3252 quis
2359 3185 2589 3238 salutem
2663 3185 2820 3238 fratri
2871 3196 3128 3254 prtestare
3211 3197 3410 3257 potest,
3455 3205 3559 3245 nec

1976 3285 2230 3344 prompto
2254 3275 2436 3328 animo
2466 3285 2707 3344 praestat,
2744 3276 2892 3328 illius
2912 3277 3022 3345 jam
3047 3277 3306 3331 Dominus
3335 3281 3558 3349 sangui-

1979 3384 2100 3422 nem
2129 3367 2196 3422 de
2223 3368 2342 3438 ejus
2365 3385 2526 3422 manu
2561 3368 2828 3438 requiret.
2887 3368 3001 3422 Nec
3030 3385 3162 3422 vero
3185 3371 3437 3438 pecuniis
3467 3389 3557 3424 su-

1973 3460 2086 3514 lum
2109 3461 2410 3530 praestanda
2438 3462 2821 3515 misericordia
2845 3480 2858 3514 :
2881 3478 3005 3514 cum
3027 3477 3124 3514 nec
3144 3463 3402 3516 oumibus
3424 3479 3557 3536 opes

1974 3560 2288 3620 suppetant.
2330 3551 2693 3616 Quamobrem
2749 3553 3130 3621 unusquisque
3188 3554 3390 3621 quibus
3427 3557 3556 3610 licet

1977 3641 2154 3696 modis
2207 3642 2482 3695 miseriam
2519 3644 2746 3705 relevet,
2806 3643 3087 3712 precibus,
3138 3643 3369 3713 jejunio,
3429 3645 3555 3700 lecti

1976 3728 2200 3796 duritie,
2231 3731 2507 3801 lacryntis,
2539 3732 2814 3787 doctrina.

2047 4013 2264 4068 Etenim
2299 4013 2352 4068 in
2381 4013 2593 4084 magnis
2620 4013 2896 4083 angustiis
2922 4015 3107 4077 hodie,
3149 4013 3366 4080 fratres,
3417 4015 3556 4070 exsi-

1975 4114 2130 4160 stunt
2163 4120 2251 4158 res
2280 4118 2502 4159 nosme.
2526 4103 2890 4160 Considerate
2905 4106 3180 4174 quomodo
3197 4106 3378 4159 omnis
3398 4114 3551 4170 astas,

1977 4196 2266 4266 omnisque
2287 4195 2426 4250 ordo
2451 4211 2516 4252 ac
2549 4197 2790 4268 dignitas
2821 4198 3053 4251 verbera
3073 4198 3328 4266 patiatur.
3354 4196 3556 4262 Quam-

1977 4288 2164 4342 obrem
2196 4287 2362 4342 ctiam
2391 4303 2490 4343 vos
2513 4302 2704 4342 omnes
2734 4327 2748 4352 ,
2793 4289 2937 4358 quod
2979 4289 3124 4342 Deus
3158 4288 3392 4343 redemit
3422 4329 3440 4352 ,
3465 4304 3555 4342 (ao

308 4370 518 4441 Ἱερεῖς,
555 4369 951 4440 συμπαθήσατε
1000 4370 1244 4433 πολιοῖς·
1281 4369 1717 4441 σπλαγχνίσθητε
1777 4388 1873 4439 νη-

1982 4379 2116 4449 ptivi
2156 4395 2347 4435 omnes
2370 4395 2649 4451 rogamus,
2678 4389 2738 4434 ut
2771 4381 3166 4436 misereamini.
3200 4380 3550 4442 Sacerdotes,

297 4466 462 4528 πίοις,
483 4466 742 4536 ἐλεήσατε
775 4466 973 4535 χήρας,
1008 4467 1100 4518 καὶ
1126 4467 1284 4535 χεῖρα
1303 4464 1549 4536 ὀρέξατεο
1584 4465 1781 4525 πάντες
1813 4463 1870 4516 δὲ

295 4556 633 4609 σπουδάσατε
661 4555 755 4608 τοῦ
781 4557 918 4608 κατά
946 4553 1171 4624 δύναμιν
1201 4555 1716 4624 ἀντιλαμϐάνεσθαι.
1747 4555 1870 4606 Ἀσ-

292 4647 556 4712 πάζονταί
589 4663 672 4709 σε,
705 4645 862 4712 Σιὼν,
912 4647 1091 4700 πάντα
1139 4645 1208 4698 τὰ
1246 4647 1412 4698 τέκνα
1454 4663 1570 4704 σου.
1620 4646 1866 4714 λέγοντα,

293 4736 677 4791 Ἀσπάσασθε
698 4736 765 4801 ἐξ
783 4735 950 4805 ἡμῶν
965 4736 1105 4802 τοὺς
1116 4737 1322 4806 ἁγίους
1339 4738 1581 4802 τόπους,
1595 4736 1865 4804 ἀδελφοί.

307 4828 666 4891 Ἀσπάζονται
706 4828 850 4897 ὑμᾶς
911 4828 1146 4890 ἅπαντες
1178 4831 1224 4882 ot
1269 4830 1393 4898 ἐμοὶ
1437 4827 1714 4882 σύνδουλοι
1770 4829 1866 4881 καὶ

295 4917 746 4986 συναιχμάλωτοι.
788 4917 851 4970 Ἦ
903 4918 1082 4988 χάρις,
1117 4919 1212 4969 καὶ
1270 4919 1304 4988 ἡ
1340 4919 1660 4988 ἀνάκλησις,
1711 4918 1805 4972 καὶ
1831 4919 1865 4988 ἡ

290 5005 608 5073 ἀνάστασις,
629 5007 717 5059 διὰ
735 5008 832 5077 τῆς
854 5008 1014 5074 ἁγίας
1043 5007 1390 5072 ἀναστάσεως
1422 5007 1543 5079 μεθ’
1573 5007 1746 5080 ἡμῶν,
1769 5009 1865 5062 καὶ

296 5097 418 5170 μεθ’
435 5099 608 5168 ὑμῶν.
658 5099 715 5150 ’Δ
723 5099 851 5170 μήν.

376 5273 419 5306 ⁸⁸
448 5273 640 5330 Matth.
665 5292 762 5344 ru,
790 5276 847 5332 ﬁ.
924 5277 965 5309 ³³
991 5276 1136 5334 Psai.
1161 5291 1336 5343 cxuv,
1381 5275 1472 5330 20.
1546 5277 1591 5309 “
1629 5277 1786 5331 Rom.
1823 5292 1882 5332 ιι.
1909 5275 1962 5331 6.

1971 4471 2128 4525 canis
2149 4486 2402 4541 aspersus
2433 4487 2613 4536 senes,
2642 4488 2869 4542 pueros,
2930 4473 3188 4535 infantes,
3221 4472 3420 4526 viduas
3450 4473 3552 4526 mi-

1976 4562 2250 4616 seratione
2268 4564 2694 4634 prosequimiui,
2731 4579 2798 4619 ac
2828 4579 3052 4618 manum
3082 4563 3368 4634 porrigite.
3393 4562 3553 4616 Salu-

1977 4657 2093 4704 tant
2121 4659 2196 4712 te,
2244 4650 2398 4713 Sion,
2445 4668 2638 4706 omnes
2669 4653 2764 4706 filii
2802 4653 2902 4715 tui,
2945 4653 3192 4707 dicentes
3240 4670 3254 4706 :
3305 4648 3551 4706 Salutate

1977 4755 2040 4794 ea:
2075 4750 2252 4797 nostra
2274 4743 2483 4798 nomine
2503 4743 2617 4798 loca
2639 4757 2849 4808 sancta,
2879 4745 3094 4815 fratres.
3143 4744 3393 4800 Salutant
3449 4758 3550 4798 vos

1975 4847 2168 4888 omnes
2193 4837 2445 4890 conservi
2489 4837 2615 4900 mei,
2635 4853 2699 4891 ac
2719 4836 3048 4906 concaptivi.
3087 4833 3294 4900 Gratia,
3323 4844 3380 4891 et
3413 4849 3552 4890 conv

1979 4913 2196 4979 Solatio,
2221 4927 2284 4968 ac
2314 4917 2669 4983 resurrectio,
2693 4933 2786 4988 per
2807 4926 3053 4975 sanctam
3089 4921 3550 4978 resurrectionem

1978 5007 2280 5076 nobiscum,
2314 5025 2377 5066 ac
2406 5010 2708 5070 vobiscum.
2736 5012 2932 5069 Amen.
