4038 6208
525 217 661 283 3235

1991 219 2301 283 INCERTI

549 427 3752 454 Mm

1930 602 2408 757 lNCllli'l‘l

865 890 1016 978 DE
1111 886 1600 977 PERSICA
1685 886 2482 976 CAPTIVITATE
2567 883 3288 978 OPUSCULUM
3361 868 3491 974 (³).

593 1219 718 1274 Haec
742 1217 808 1270 ad
842 1231 938 1274 eos:
963 1216 1058 1287 qui
1093 1213 1856 1285 liicrOSolymishabitabant,
1889 1227 1982 1266 seu
2009 1228 2096 1282 po-

2283 1208 2468 1263 Ταῦτα
2517 1211 2654 1280 πρὸς
2705 1211 2830 1275 τοὺς
2874 1213 2932 1265 ἐν
2963 1211 3322 1282 Ἰερουσαλὴμ
3375 1199 3800 1286 κατοικοῦντας,

523 1311 636 1363 tius
679 1311 791 1362 illic
831 1307 1038 1362 residui
1072 1313 1250 1367 erant,
1315 1302 1490 1355 bonus
1521 1303 1714 1356 I-‘astor
1749 1303 2099 1372 significavit.

522 1399 658 1454 Tum
692 1399 838 1454 enim
872 1400 941 1452 iis
970 1413 1109 1466 quos
1143 1411 1330 1448 secum
1367 1395 1624 1456 habebat,
1669 1403 1780 1446 tum
1819 1395 1908 1462 qui
1943 1395 2101 1463 longe

522 1492 684 1562 positi
710 1501 888 1552 erant,
929 1489 1168 1542 habebat
1212 1503 1440 1551 curam,
1517 1495 1683 1554 atque
1732 1485 1818 1539 his
1865 1486 2100 1541 maxime

521 1586 614 1654 qui
643 1585 695 1638 in
730 1584 895 1638 Sione
930 1582 1228 1652 degebant.
1281 1581 1400 1634 Non
1423 1580 1571 1634 enim
1603 1579 1826 1633 nescius
1859 1587 1976 1632 erat
2019 1580 2101 1632 vir

517 1677 715 1731 beatus
738 1685 978 1746 quantus
1027 1674 1186 1728 dolor
1227 1687 1418 1726 eorum
1465 1672 1698 1741 angebat
1739 1671 1924 1724 corda.
1965 1672 2100 1725 Fere

521 1783 760 1837 namque
797 1767 930 1836 ipsis
982 1766 1202 1836 gravius
1245 1763 1622 1831 dolebantq‘ui
1667 1763 1866 1831 captivi
1919 1763 2097 1817 abacti

516 1857 756 1921 fuerant,
788 1873 911 1911 cum
949 1857 1166 1910 scilicet
1197 1856 1469 1908 salutares
1506 1855 1652 1908 aedes
1683 1854 1798 1908 solo
1829 1864 1986 1907 tenus
2016 1853 2100 1906 di-

523 1960 678 2004 rutas
701 1951 876 2004 oculis
912 1951 1244 2019 aSpicerent,
1277 1963 1340 2003 ac
1371 1964 1426 2002 se
1443 1962 1628 2010 cruce,
1669 1954 1908 2016 pastore,
1935 1963 2098 2016 grege

520 2041 705 2104 simul,
739 2057 802 2094 ac
824 2056 934 2094 uno
977 2041 1128 2095 velut
1161 2051 1440 2094 momento
1481 2039 1777 2094 destitutos
1825 2039 2096 2092 viderent.

515 2131 704 2200 Neque
735 2131 788 2185 id
814 2132 1011 2197 modo;
1070 2131 1166 2186 sed
1200 2139 1257 2186 et
1303 2129 1600 2185 multitudo
1658 2129 1985 2182 cadaverum
2041 2129 2094 2182 in

515 2221 764 2288 civitate,
797 2238 862 2278 ac
892 2238 1056 2292 quem
1095 2223 1182 2276 illa
1212 2221 1544 2276 exhalabant
1591 2219 1824 2274 fetorem
1875 2233 1983 2272 non
2021 2219 2099 2272 le-

517 2309 661 2362 viter
682 2309 1079 2374 excruciabat;
1114 2325 1305 2364 eorum
1333 2311 1609 2378 praecipue
1641 2323 1762 2377 qua:
1808 2321 1968 2359 nosse
1999 2321 2097 2374 po-

518 2409 768 2453 tuerunt.
797 2401 1004 2454 Horum
1037 2416 1159 2470 qua:
1182 2399 1422 2454 diximus
1446 2407 1530 2453 est
1561 2399 1856 2470 praeclarus
1908 2397 2096 2467 junior

515 2499 706 2544 noster
727 2491 1080 2555 Nicodemus,
1103 2491 1361 2559 illiusque
1387 2489 1502 2544 fere
1524 2490 1843 2559 Magdalena
1869 2489 2090 2557 coniux,

2210 1299 2410 1367 μᾶλλον
2433 1299 2486 1351 δὲ
2511 1299 2991 1368 καταλειφθέντας,
3022 1301 3050 1353 ὁ
3070 1303 3230 1366 καλδς
3259 1305 3469 1374 Ποιμὴν
3488 1307 3792 1376 ἐσήμανεν.

2208 1389 2454 1457 ’Ἱίῖμελεν
2473 1392 2580 1460 γὰρ
2605 1391 2752 1460 αὐτῷ
2783 1393 2876 1445 καὶ
2918 1395 3046 1463 περὶ
3079 1393 3186 1446 τῶν
3219 1397 3315 1448 σὺν
3363 1397 3533 1466 αὐτῷ,
3559 1399 3656 1450 καί
3682 1399 3796 1450 τῶν

2202 1478 2310 1530 ἀπὸ
2341 1479 2587 1548 μήκοθεν
2616 1479 2784 1532 ὄντων
2805 1497 2818 1511 ·
2869 1481 2962 1533 καὶ⁵
3020 1482 3254 1550 μάλιστα
3304 1483 3414 1535 τῶν
3443 1486 3501 1536 ἐν
3525 1487 3592 1555 τῇ
3627 1486 3794 1540 Σιών.

2203 1569 2499 1636 Ἐγίνωσκε
2527 1571 2635 1640 γὰρ
2659 1573 2685 1622 ὁ
2723 1571 3032 1641 μακαρίτης
3059 1574 3154 1640 τὴν
3183 1573 3349 1626 οὖσαν
3367 1575 3558 1645 ὀδύνην
3589 1578 3650 1628 ἐν
3671 1579 3798 1638 ταῖς

2203 1659 2456 1730 καριῖίαις
2485 1661 2687 1722 αὐτῶν.
2720 1660 2842 1711 Τῶν
2893 1662 3436 1730 αἰχμαλωτισθέντων
3465 1665 3574 1737 γὰρ
3600 1668 3796 1736 τιεδὲν

2203 1751 2598 1822 χαλεπωτέρως
2663 1753 3014 1823 ἐδαμάζοντο,
3081 1753 3183 1821 πρὸ
3212 1752 3504 1823 ὀφθαλμῶν
3551 1757 3795 1826 ὁρῶντες

2199 1841 2325 1902 τοὺς
2357 1841 2658 1912 σωτηρίους
2674 1842 2854 1906 οἴκους
2885 1843 2978 1896 ἐπὶ
3007 1842 3099 1896 τοῦ
3137 1843 3364 1912 ὲδάξους
3391 1847 3734 1916 ἐρριμμένου
3753 1867 3792 1912 ·,

2203 1933 2294 1983 καὶ
2325 1934 2415 1985 τὸν
2439 1935 2691 2004 σταυρὸν,
2728 1935 2822 1986 καί
2850 1935 2940 1988 τὸν
2973 1935 3225 2005 ποιμένα,
3284 1935 3379 1988 καὶ
3411 1937 3505 2006 τὴν
3549 1937 3792 2008 ποίμνην

2201 2021 2291 2089 ὑφ’
2331 2021 2389 2074 ἓν
2436 2025 2634 2086 αὐτοὺς
2667 2023 3088 2088 καταλιπόντας.
3124 2026 3197 2077 Οὐ
3229 2027 3388 2096 μόνον
3414 2026 3492 2090 δὲ,
3523 2027 3662 2079 ἀλλὰ
3695 2031 3792 2080 καὶ

2161 2106 2170 2114 ’
2198 2113 2258 2165 τὸ
2279 2113 2481 2182 πλῆθος
2502 2113 2610 2165 τῶν
2647 2115 2704 2166 ἐν
2725 2117 2790 2184 τῇ
2829 2115 2983 2166 πόλει
3043 2116 3440 2183 σκηνωμάτων,
3475 2117 3570 2168 καὶ
3597 2117 3630 2186 ἡ
3667 2115 3792 2168 τοὺ-

2199 2221 2306 2256 των
2321 2201 2575 2268 δυσωδία,
2614 2203 2673 2254 οὐ
2715 2202 2954 2272 μετρίως
2984 2203 3185 2265 αὐτοὺς
3213 2203 3528 2268 ἐϐασάνιζε,
3555 2205 3654 2256 καὶ
3679 2205 3790 2272 μά-

2197 2293 2356 2346 λιστα
2385 2286 2570 2362 ὧνπερ
2605 2293 2894 2364 γνωρίζειν
2923 2293 3203 2362 ἠδύναντο.
3241 2295 3526 2365 Μαρτυρεῖ
3565 2297 3682 2357 τοῖς
3707 2295 3790 2346 εί-

2203 2383 2458 2452 ρημένοις
2496 2377 2648 2446 οὗτος
2682 2384 2710 2434 ὁ
2747 2383 2910 2446 καλὸς
2943 2383 3236 2454 νέοςήμῶν
3271 2385 3596 2454 Νικόδημος,
3629 2387 3724 2438 καὶ
3755 2389 3788 2456 ἡ

2198 2474 2389 2525 τούτου
2445 2473 2628 2544 σχεδὸν
2693 2473 3027 2544 Μαγδαληνὴ
3090 2473 3341 2542 σύζυγος,
3399 2475 3430 2544 ἡ
3479 2473 3624 2544 καλὴ
3693 2477 3792 2528 καὶ

516 2582 792 2652 egregium
855 2596 952 2650 par
997 2595 1060 2634 ac
1083 2580 1386 2634 studiosum
1418 2597 1431 2632 :
1479 2581 1570 2648 qui
1600 2581 1860 2633 nimirum
1885 2579 2096 2634 facinus

2203 2563 2464 2616 σπουδαία
2490 2563 2750 2636 ξυνωρί;’
2787 2565 2834 2616 oi
2865 2563 3014 2627 ἄξιον
3033 2564 3198 2626 ὖντως
3257 2565 3474 2632 μνήμης
3501 2564 3598 2616 καὶ
3659 2581 3795 2631 συγ-

518 2671 786 2724 mcmoria
822 2686 884 2724 ac
927 2671 1240 2725 litterarum
1275 2669 1650 2723 monumentis
1682 2669 1905 2739 dignum
1935 2669 2095 2738 plane

517 2759 834 2812 ediderunt.
873 2759 983 2812 Hos
1035 2758 1128 2827 qui
1181 2759 1353 2811 velint
1397 2759 1767 2828 interrogent,
1840 2773 1904 2810 ac
1949 2758 2095 2812 clare

515 2857 666 2919 gesta
703 2861 816 2902 lum
839 2847 1232 2919 Hierosolymis
1255 2849 1491 2902 discent.

587 2940 650 2993 lli
683 2939 853 3000 enim,
901 2939 956 2992 hi
995 2940 1217 2993 virtutis
1241 2941 1484 2993 cultores
1533 2955 1596 2992 ac
1623 2939 1742 3002 Dei,
1790 2939 1884 2992 ubi
1914 2941 2100 2994 hostes

513 3027 799 3092 exiissem,
831 3027 996 3094 inque
1043 3026 1322 3080 Persidem
1353 3026 1640 3088 abiissent,
1689 3035 1854 3079 totam
1887 3028 2098 3080 circum

517 3118 710 3184 urbem
765 3132 829 3170 ac
861 3118 1015 3170 vicos
1064 3117 1387 3180 lustrantes,
1457 3116 1647 3184 sicque
1699 3116 1928 3169 fratrum
1961 3117 2097 3170 reli-

515 3207 674 3275 quias
707 3209 888 3276 jacere
924 3207 1348 3274 conspicientes,
1405 3205 1712 3258 mercedem
1759 3205 1863 3259 sibi
1903 3215 2100 3274 parant

513 3307 718 3352 αξιοι-ηε
747 3315 806 3352 re
831 3297 947 3364 ipsa
1013 3295 1285 3348 memoria
1345 3295 1774 3348 consecrandam
1807 3313 1820 3347 :
1858 3297 2099 3365 projecta

517 3387 664 3441 enim
697 3387 935 3455 sparsim
967 3385 1172 3455 ubique
1196 3385 1464 3440 cadavera
1487 3385 1648 3439 simul
1675 3394 2016 3449 acervantes,
2043 3385 2096 3438 in

519 3493 685 3546 specu
705 3477 1010 3546 deponunt,
1048 3491 1170 3545 qua:
1211 3483 1296 3530 est
1321 3484 1447 3530 ante
1481 3485 1693 3544 portam
1726 3475 1794 3529 ad
1821 3476 2099 3546 sexaginta

516 3568 758 3638 quinque
783 3567 972 3621 millia.

587 3659 644 3713 Si
675 3659 800 3728 quis
827 3659 995 3729 igitur
1019 3673 1084 3713 ex
1111 3659 1180 3712 iis
1205 3659 1298 3728 qui
1331 3669 1483 3712 certo
1519 3659 1716 3723 sciant,
1753 3676 1916 3716 nosse
1945 3661 2097 3722 velit,

517 3764 584 3803 cx
631 3749 738 3803 illis
767 3747 1020 3817 exquirat
1051 3765 1064 3799 :
1095 3749 1384 3816 palamque
1429 3747 1730 3812 docebunt,
1779 3762 1843 3800 ac
1889 3745 2097 3810 dicent,

515 3853 640 3906 qua:
678 3853 780 3891 nos
816 3852 1036 3907 quoque
1081 3837 1418 3906 aspeximus.
1467 3837 1584 3902 Qua
1661 3851 1856 3904 nempe
1926 3836 2098 3890 forma

517 3936 682 3996 atque
711 3925 902 3982 habitu
928 3935 1242 3996 prostarent
1282 3928 1428 3981 beati
1482 3928 1600 3982 solo
1633 3928 1815 3992 strati,
1868 3927 1961 3995 qui
1993 3928 2097 3982 sub

517 4016 572 4071 id
598 4026 812 4086 tempus
841 4017 1240 4088 Hierosolymis
1273 4025 1594 4072 meruerunt
1641 4017 1840 4071 occidi.
1890 4017 2042 4071 Alter
2067 4034 2099 4072 a

516 4109 698 4179 capite
728 4108 794 4161 ad
821 4123 918 4162 cor
957 4123 1130 4177 usque
1161 4108 1344 4178 gladio
1369 4109 1570 4161 vulnus
1597 4114 1886 4176 acceperat
1911 4124 1925 4172 ;
1959 4109 2098 4161 alter

519 4199 590 4255 ab
614 4201 861 4253 humeris
896 4199 962 4252 ad
995 4215 1169 4269 usque
1191 4209 1461 4252 ventrem.
1523 4197 1676 4251 Alius
1703 4198 1969 4266 quinque,
2002 4197 2100 4252 de-

517 4303 710 4342 cemve
738 4288 880 4340 ictus
905 4286 960 4342 in
997 4287 1274 4341 intestinis
1305 4286 1545 4341 habebat
1577 4303 1592 4338 :
1627 4287 1769 4339 alius
1824 4287 2097 4340 dissectus

517 4379 756 4442 medius,
789 4378 956 4446 inque
987 4375 1099 4431 duo
1121 4377 1333 4430 divisus
1365 4385 1502 4430 erat.
1557 4377 1686 4440 Alii,
1724 4385 1916 4430 ventre
1962 4389 2096 4431 ense

517 4469 768 4539 perfosso
812 4467 1070 4521 intestina
1103 4469 1290 4522 omnia
1315 4468 1491 4523 eﬂusa
1527 4477 1685 4522 erant
1719 4486 1732 4521 :
1765 4469 1934 4522 alium
1976 4467 2096 4520 ovis

517 4557 694 4612 instar
721 4559 776 4612 in
811 4557 1044 4612 macello
1098 4557 1208 4626 diri
1256 4557 1546 4613 carniﬁces
1601 4559 1658 4616 in
1711 4558 1887 4612 frusta
1937 4557 2094 4626 plura

519 4651 897 4706 conciderant.

585 4740 729 4806 Quid
779 4759 912 4798 vero
954 4743 1357 4799 miserabiliora
1403 4740 1550 4795 alia?
1618 4739 1724 4792 Alii
1789 4737 1844 4791 in
1897 4737 2095 4806 plateis

517 4831 831 4900 spectaculo
857 4835 1180 4902 prostabant
1205 4877 1218 4898 ,
1252 4833 1344 4887 alii
1369 4831 1424 4884 in
1446 4826 2090 4892 oratoriisnembantur;

519 4921 610 4976 alii
635 4937 758 4976 cum
791 4923 846 4975 in
887 4922 1085 4978 Sancta
1118 4933 1436 4978 sanctorum
1462 4919 1584 4990 opis
1615 4933 1780 4972 causa
1831 4917 2094 4984 confuge-

517 5019 682 5063 rent:
717 5010 858 5063 alius
897 5011 1246 5064 Dominicum
1279 5023 1518 5077 corpus;
1583 5007 1724 5060 alius
1775 5005 1981 5060 Christi
2009 5013 2094 5059 te-

519 5113 658 5154 nens
684 5114 926 5154 crucem.
955 5099 1108 5154 Alter
1131 5100 1184 5153 in
1217 5099 1479 5168 piscinam
1501 5097 1784 5167 ingressus
1804 5095 2092 5166 jugulaba-

2199 2659 2420 2725 γραφῆς
2466 2656 2836 2724 ἐργασάμενοι
2883 2655 3233 2725 κατόρθωμα.
3273 2656 3538 2718 Ἐκείνους
3575 2656 3626 2708 οἱ
3663 2657 3792 2725 βου·

2198 2747 2413 2816 λομενοι
2445 2749 2827 2817 ἐρωτάτωσαν,
2855 2748 2950 2801 καὶ
2979 2747 3165 2818 σαφῶς
3228 2747 3594 2817 μανθάνουσιν
3641 2747 3694 2800 τί
3729 2749 3791 2800 τδ

2198 2836 2257 2888 ἐν
2302 2837 2658 2907 Ἰερουσαλὴμ
2695 2837 3006 2906 γενόμενον.

2273 2905 2431 2976 Οὗτοι
2477 2905 2630 2995 γὰρ,
2667 2905 2837 2989 οὗτοι,
2891 2905 3168 2978 σπουδαῖοι
3217 2927 3310 2979 καὶ
3345 2925 3603 2994 φιλόθεοι,
3649 2929 3790 2998 μετὰ

2198 3017 2297 3084 τῗλν
2328 3015 2434 3068 τῶν
2461 3015 2670 3086 ἐχθρῶν
2699 3016 2896 3080 ἔξοδον,
2929 3019 3022 3069 καὶ
3053 3018 3144 3069 ἐπὶ
3180 3018 3416 3084 Περσίδα
3433 3018 3662 3072 κάξοῖον
3691 3036 3790 3073 πι-

2205 3107 2532 3177 ριερχόμενοι
2601 3107 2697 3176 τὴν
2751 3109 2904 3159 πόλιν
2931 3107 3166 3173 ἅπασαν,
3224 3109 3319 3162 καὶ
3350 3111 3448 3169 τὰς
3487 3112 3786 3176 πολιτείας,

2201 3199 2295 3250 καὶ
2325 3197 2558 3268 ὁρῶντες
2590 3197 2650 3251 οὗ
2662 3216 2762 3262 τως
2786 3199 3012 3269 κείμενα
3037 3199 3106 3251 τὰ
3135 3199 3244 3252 τῶν
3261 3199 3504 3268 ἀδελφῶν
3531 3201 3784 3270 λείψανα,

2201 3287 2611 3355 περιποιοῦνται
2641 3289 2856 3350 ἑαυτοῖς
2890 3287 3101 3358 μισθὸν,
3133 3288 3301 3350 ὅντως
3330 3291 3409 3350 είς
3436 3290 3603 3342 αἰῶνα
3645 3309 3786 3360 μνη-

2204 3377 2584 3445 μονευόμενον.
2629 3377 2737 3428 Καὶ
2759 3375 3184 3440 ἐπισυνάξαντες
3213 3378 3270 3429 ἐν
3320 3383 3398 3448 τῷ
3461 3381 3600 3430 κατᾶ
3635 3381 3784 3452 μέρη

2203 3465 2620 3534 κατεῤῥιμμένα
2653 3466 3012 3536 σκηνώματα.
3045 3468 3396 3521 ἀποτίθενται
3438 3472 3494 3520 ἐν
3526 3472 3786 3540 σπηλαίῳ

2203 3553 2308 3624 πρὸ
2340 3556 2439 3623 τῆς
2466 3555 2696 3618 πόλεως.
2725 3559 2851 3626 ἄχρι
2881 3557 3130 3627 χιλιάδων
3163 3559 3422 3628 ἐξήκοντα
3453 3560 3634 3616 πέντε.

2273 3645 2342 3697 Et'
2356 3663 2438 3708 τις
2455 3647 2636 3700 τοίνυν
2669 3647 2911 3716 βούλοιτο
2940 3649 3090 3719 παρὰ
3119 3649 3227 3700 τῶν
3243 3647 3302 3702 εὖ
3327 3651 3543 3702 εἰδότων
3561 3651 3782 3720 μαθεῖν,

2201 3735 2399 3800 αὐτοὺς
2430 3735 2766 3801 ἐξεταζέτω·
2828 3741 3066 3793 κάκεῖνοι
3126 3741 3311 3809 σαφῶς
3341 3741 3629 3808 διδάξουσι,
3687 3747 3786 3797 καὶ

2205 3827 2439 3898 ἐροῦσιν,
2479 3827 2623 3900 ἅπερ
2657 3831 2750 3882 καὶ
2783 3832 2944 3900 ἡμεῖς
2968 3831 3312 3901 ἑωράκαμεν.
3335 3833 3512 3895 Ποξοις
3539 3833 3784 3904 σχήμασι

2205 3919 2297 3968 καὶ
2321 3919 2476 3987 ἤθεσι
2507 3919 2825 3989 προέκειντο
2857 3923 2950 3973 ἐπὶ
3004 3921 3098 3974 τοῦ
3140 3923 3370 3989 ἐδάφους
3419 3925 3470 3974 οἱ
3517 3927 3784 3994 μακάριοι

2201 4009 2258 4059 ἐν
2302 4008 2653 4080 Ἰερουσαλὴμ
2705 4013 3123 4082 κατασφαγῆναι
3175 4013 3530 4076 ἀξιωθέντες·
3575 4018 3606 4068 ὀ
3679 4017 3784 4086 μὲν

2200 4097 2308 4152 ἀπὸ
2334 4099 2578 4170 κεφαλῆς
2625 4100 2731 4163 ἓως
2783 4101 3011 4171 καρδίας
3044 4103 3146 4170 τὴν
3173 4104 3386 4172 πληγὴν
3415 4104 3627 4157 λαϐὠνο
3661 4111 3690 4160 ὀ
3723 4107 3786 4160 δέ

2199 4189 2306 4241 ἀπὸ
2321 4187 2486 4258 ὤμων
2511 4189 2614 4252 ἕως
2633 4189 2842 4254 κοιλίας
2870 4208 2884 4222 ·
2909 4191 3086 4256 ἄλλος,
3112 4195 3319 4264 πέντεῆ
3347 4194 3478 4246 δέκα
3505 4198 3788 4266 ῥομφαίας

2200 4281 2258 4331 ἐν
2287 4284 2396 4343 τοῖς
2427 4281 2676 4347 ἐγκάτοις
2709 4279 2887 4351 εἶχεν·
2951 4283 3136 4354 ἕτερος
3171 4285 3310 4338 κατὰ
3368 4286 3538 4356 μέσης
3570 4305 3788 4357 κεκομ-

2203 4369 2383 4438 μένος,
2417 4369 2512 4422 καὶ
2547 4371 2625 4431 είς
2655 4369 2749 4421 δύο
2783 4369 3113 4442 διῃρημένος
3139 4389 3152 4402 ·
3187 4373 3346 4436 ἄλλος
3383 4375 3546 4426 πάλιν
3593 4377 3654 4426 ἐν
3711 4379 3784 4444 τῇ

2201 4459 2444 4530 μαχαίρᾳ
2465 4461 2564 4530 τὴν
2591 4461 2802 4514 κοιλίαν
2832 4467 3249 4533 κεκεντημένος,
3282 4467 3374 4518 καὶ
3409 4467 3584 4517 πάντα
3613 4467 3782 4518 αξιτοῦ

2196 4550 2265 4600 τὰ
2295 4550 2444 4612 ἐντὸς
2477 4551 2814 4620 προχυθέντα
2833 4568 2846 4583 ·
2877 4539 3062 4622 ’ἔτερος
3089 4555 3248 4624 δίκην
3291 4555 3564 4625 προϐάτου
3599 4559 3664 4608 ἐν
3685 4575 3786 4626 μα-

2198 4639 2370 4710 κέλλῳ
2398 4643 2476 4704 είς
2517 4642 2686 4693 πολλὰ
2710 4643 2847 4712 μέλη
2885 4645 3184 4715 κατεκόπη.

2265 4732 2399 4786 Τίδὲ
2415 4732 2482 4784 τὰ
2507 4731 2640 4784 ἄλλα
2664 4733 2999 4803 ἐλεεινότερα
3025 4751 3041 4800 ;
3065 4737 3128 4786 Οἱ
3155 4737 3253 4805 μὲν
3275 4737 3334 4789 ἐν
3351 4739 3468 4800 ταῖς
3497 4736 3783 4800 πλατείαις

2196 4823 2514 4891 προέκειντο
2542 4821 2721 4892 θέαμα
2743 4839 2757 4856 ·
2777 4823 2926 4877 ἄλλοι
2956 4827 3015 4877 ἐν
3050 4829 3162 4888 τοῖς
3193 4827 3504 4896 εὐκτηρέοις
3525 4843 3542 4857 ο
3597 4829 3780 4899 ἕτεροι

2195 4912 2276 4973 είς
2297 4915 2364 4964 τὰ
2386 4913 2548 4980 Ἅγια
2577 4913 2688 4967 τῶν
2715 4915 2886 4982 ἁγίων
2912 4917 3346 4986 καταφεύγοντες
3363 4921 3444 4982 είς
3483 4919 3740 4990 βοήθειαν
3763 4937 3778 4950 ·

2195 5005 2289 5055 καὶ
2319 5005 2345 5055 ὁ
2369 5003 2491 5071 μὲν,
2527 5003 2587 5056 τὸ
2615 5005 2773 5075 σῶμα
2800 5005 2859 5058 τὸ
2884 5009 3210 5060 Δεσποτικόν
3230 5025 3244 5039 ο
3275 5011 3300 5060 ὁ
3327 5009 3404 5071 δὲ,
3433 5009 3526 5062 τὸν
3547 5012 3784 5080 σταυρὸν

2195 5093 2286 5144 τοῦ
2311 5093 2544 5164 Χριστοῦ
2577 5096 2820 5164 κατέχων
2840 5115 2853 5126 ·
2888 5097 3070 5168 ἕτερος
3093 5101 3148 5150 ἐν
3167 5102 3230 5169 τῇ
3259 5098 3617 5171 κολυμϐήθρᾳ
3647 5119 3784 5153 xz:-

517 5197 630 5256 tur,
668 5191 806 5244 alter
829 5191 1026 5245 subtus
1049 5191 1220 5244 altare
1249 5191 1472 5244 latitans
1519 5207 1532 5243 :
1571 5187 1885 5256 ﬁebantque
1928 5186 2090 5240 victi-

2203 5187 2518 5254 ερχὸμενοςσ
2549 5189 2646 5240 καὶ
2673 5187 2829 5252 ἄλλος
2854 5189 2958 5242 ὑπὸ
2993 5190 3377 5262 θυσιαστήριον
3443 5193 3782 5262 κρυϐθμενος

515 5293 627 5345 ma,
654 5280 845 5335 eadem
872 5281 1094 5351 quidem
1137 5280 1233 5334 Dei
1278 5277 1670 5335 comminantis
1695 5277 1962 5339 vindicta,
1993 5275 2089 5348 qui

517 5377 702 5427 tamen
740 5371 1017 5426 diversum
1037 5371 1306 5442 judicium
1367 5385 1430 5425 ac
1461 5368 1807 5440 mysterium,
1843 5364 1924 5420 uti
1951 5365 2092 5420 dixi-

591 5507 664 5574 (Ι)
707 5506 857 5562 Istud
886 5507 1190 5578 apusculum
1239 5514 1372 5560 totos
1412 5503 1680 5578 Antistitis
1721 5501 2099 5578 Hier_o_so_lymi—

520 5573 880 5646 taai'spiiitus
918 5573 1033 5649 pra
1065 5595 1118 5632 se
1150 5579 1250 5648 fert
1276 5593 1293 5632 :
1322 5578 1546 5647 fortasse
1572 5576 1682 5644 ipse
1725 5581 1798 5626 est
1831 5573 2096 5627 Modestus

2197 5277 2580 5345 ἐσφαγιάζετο.
2637 5281 2748 5334 Καὶ
2777 5279 2936 5334 θυσία
2980 5283 3237 5350 ἐγίνοντο,
3276 5284 3405 5352 μίαν
3443 5284 3542 5352 μὲν
3581 5286 3782 5352 ἔχουσι

2198 5369 2298 5438 τὴν
2323 5368 2573 5439 ἀπειλὴν,
2606 5371 2862 5443 διάφορον
2895 5371 2952 5425 δέ
3001 5372 3062 5425 τὸ
3109 5375 3285 5444 κρῖμα
3325 5373 3417 5426 καὶ
3477 5373 3541 5424 τὸ
3575 5374 3783 5442 pacti;-

2203 5507 2416 5628 εἴξαῗῖίέ
2447 5507 2620 5632 tegam
2645 5511 3006 5581 captivitatem
3033 5512 3102 5566 ad
3123 5513 3235 5582 ejus
3261 5513 3399 5567 sedis
3419 5509 3779 5582 gubr'naculc
