4038 6208
344 243 483 307 3237

1487 242 1585 300 DE
1623 241 1944 302 PERSICA
1980 243 2498 306 CAPTIVITATE.

3446 237 3590 300 321‘}

345 367 482 418 ριον,
513 347 702 420 ὥσπερ
734 347 828 401 καὶ
858 348 949 402 ἐπὶ
982 347 1359 419 αἰχμαλωσίας
1394 347 1674 418 ἐλέγομεν.
1706 349 1782 402 0-3
1814 349 1905 421 γὰρ

2023 366 2149 407 mus
2169 352 2238 406 de
2257 354 2598 422 captivitate,
2647 351 2936 406 haberent.
2961 351 3078 406 Non
3103 351 3249 406 enim
3294 365 3485 406 omnes
3513 357 3592 408 ob

345 439 546 500 παντες
567 439 632 494 δι’
663 439 938 510 ἁμαρτίαν
972 439 1488 510 αἰχμαλωτισθησαν
1507 455 1519 470 ·
1546 439 1662 492 ἀλλ’
1695 440 1781 492 ἵνα
1813 442 1920 509 ἁμ-

343 531 560 602 φότεροι
602 535 666 585 ὲκ
716 533 816 602 τῆς
855 533 1134 602 ὑπομονῆς
1196 532 1408 601 δόκιμοι
1449 530 1742 597 γένωνται·
1772 531 1920 585 ἄλλοι

347 620 433 675 ἵνα
459 622 548 675 τὸν
581 623 708 676 λαὸν
753 623 1140 692 ὀλιγωροῦντα,
1171 622 1351 688 λόγοις
1413 619 1798 690 νουθετήσωσι,
1828 623 1921 674 καὶ

347 714 857 785 παραμυθήσωνται
879 732 891 745 ·
925 716 1101 784 ἕτεροι
1131 715 1208 779 δὲ,
1245 715 1331 766 ἵνα
1366 713 1464 784 τὴν
1498 713 1792 782 μέλλουσαν
1825 714 1920 766 κό-

344 801 500 856 λασιν
529 806 863 876 κουφοτέραν
889 806 1102 872 ἕξουσιν
1126 821 1140 834 ⁸
1175 805 1317 868 τινὲς
1347 804 1424 869 δὲ,
1467 805 1555 858 ἵνα
1606 804 1809 874 ταύτης
1841 805 1920 867 εἰς

347 893 552 962 πλῆρες
566 895 975 962 ἀπαλλαγῶσιν.
1873 954 1879 959 ,

418 985 616 1038 Λοιπδν
646 985 702 1037 δὲ
733 986 868 1055 πρὸς
892 985 990 1055 τὴν
1014 986 1483 1042 ἐπακολουθοῦσαν
1513 992 1694 1056 αὐτοῖς
1716 994 1918 1064 Ολίῷιν,

347 1078 440 1129 καὶ
471 1077 606 1145 πρὸς
633 1077 731 1139 τὰς
759 1079 1054 1148 γενομένας
1098 1078 1274 1131 αὐτῶν
1299 1080 1596 1149 ἁμαρτίας,
1643 1086 1785 1154 τάχα
1832 1089 1919 1140 at!-

345 1165 798 1237 χμαλωτίσΟησ-αν
818 1170 910 1220 καὶ
934 1170 1138 1232 παῖδες,
1166 1170 1312 1232 ὅπως
1346 1172 1500 1224 αὐτοὶ
1525 1173 1623 1242 μὲν
1648 1177 1721 1244 μὴ
1740 1177 1915 1247 χείρο-

345 1273 434 1319 νες
481 1258 784 1324 γένωνταιθ
818 1261 866 1312 oi
927 1261 981 1313 δὲ
1023 1259 1249 1322 τούτους
1292 1265 1650 1333 γεννήσαντες
1707 1267 1791 1318 διὰ
1824 1269 1920 1336 τῆς

345 1348 566 1400 ἐκείνων
592 1351 840 1414 παιδείας
878 1355 1341 1422 σωφρονισῦὦσιν.
1371 1359 1530 1419 Ἴσως
1554 1358 1608 1410 δὲ
1644 1360 1733 1411 καὶ
1749 1360 1917 1421 ἄλλοι,

344 1439 532 1509 ἐπειδὴ
561 1443 628 1493 τὰ
651 1443 756 1494 τῶν
787 1445 996 1497 ἀσεϐῶν
1029 1445 1132 1515 ἤθη
1185 1450 1364 1499 πιστοὶ
1396 1449 1752 1519 ὑπάρχοντεῦ
1781 1453 1920 1521 ἡ’ία’

345 1530 568 1586 ποῦσαν.
600 1535 692 1585 καὶ
723 1533 1054 1587 ὲποθοῦσαν·
1099 1537 1179 1589 διὸ
1235 1540 1326 1590 καὶ
1363 1542 1678 1609 παρέδωκεν
1727 1543 1918 1604 αὐτοὺς

345 1619 548 1686 Κύριος
587 1623 727 1674 κατά
765 1625 862 1685 τὰς
888 1625 1184 1696 ἐπιθυμίας
1208 1628 1410 1681 αὐτῶν.
1445 1621 1508 1680 (ὶὶ
1531 1630 1587 1682 δὲ
1615 1633 1707 1682 καὶ
1737 1634 1800 1683 ἐκ
1824 1634 1918 1700 τῆς

345 1710 589 1773 παιδείας
621 1713 858 1781 χείρονες
881 1715 1149 1782 ἐγένοντο.
1191 1718 1282 1769 καὶ
1314 1719 1545 1786 Χριστὸν
1585 1722 1910 1791 ἠρνήσαντο,

344 1800 436 1851 καὶ
465 1799 636 1863 οὕτως
663 1803 724 1854 τὸ
757 1803 930 1872 πέρας
981 1806 1074 1857 τοῦ
1105 1805 1221 1875 βίου
1267 1809 1610 1878 ἐποιήσαντο.
1659 1814 1819 1866 Ἀλλά
1850 1833 1913 1882 γε

343 1890 484 1940 κατὰ
513 1890 610 1959 τὴν
646 1892 785 1962 ἐμὴν
816 1893 1090 1959 ὑπόνοιαν,
1141 1898 1236 1950 καὶ
1286 1900 1350 1951 ἐκ
1399 1899 1499 1968 τῆς
1538 1902 1915 1970 αἰχμαλωσίας

342 1978 715 2050 λυτρούμενοι,
745 1984 811 2037 τὰ
841 1985 1008 2056 χείρω
1035 1987 1269 2055 ἤμελλον
1302 1991 1754 2060 διαπράττεσθαι.
1804 1998 1913 2050 Καὶ

341 2068 512 2122 ταῦτα
553 2072 651 2142 οὐχ
712 2074 1002 2144 ὁρίζοντες,
1034 2077 1168 2131 ἀλλὰ
1218 2079 1446 2150 γνώμην
1491 2081 1724 2148 διδόντες
1753 2086 1911 2157 λέγο·

344 2175 464 2228 μεν.
965 2185 972 2188 ·

421 2251 656 2320 Ὀμοίως
701 2255 758 2308 δὲ
803 2258 894 2309 καὶ
923 2259 1015 2311 ἐπὶ
1067 2260 1164 2330 τῆς
1210 2269 1586 2336 κατασφαγῆς,
1628 2269 1794 2341 πολλή
1832 2289 1910 2334 τις

347 2341 436 2394 Ital.
461 2343 788 2416 ἀσύγκριτος
822 2351 853 2417 ἡ
899 2350 1129 2422 διαιρορά
1182 2354 1523 2427 καθέστηκεν
1544 2375 1556 2387 °
1590 2360 1747 2413 ἄλλον
1802 2347 1911 2434 γὰρ

345 2435 533 2507 μισθὸν
572 2438 682 2507 ἔχει.
706 2443 732 2492 ὁ
785 2441 850 2494 δι’
879 2441 1106 2512 ἄρνησιν
1145 2448 1385 2517 Χριστοῦ
1439 2452 1906 2524 ἁποκτενόμενος·

339 2529 399 2581 ὲν
425 2529 573 2601 αὐτῷ
596 2531 702 2599 γὰρ
723 2527 790 2601 ἦν
817 2535 875 2586 τὸ
898 2537 1255 2605 ἀρνῇσασῢαι,
1274 2543 1476 2595 καὶτοῦ
1501 2544 1731 2598 Θανάτου
1754 2552 1837 2601 ix;
1853 2551 1910 2602 ί-

340 2636 429 2670 νου
478 2619 865 2686 διασώζεσθαιο
915 2631 1008 2678 καὶ
1050 2629 1205 2682 ἄλλον
1234 2632 1391 2687 πάλιν
1426 2635 1515 2687 τὸν
1569 2638 1910 2707 πολεμοῦντα

338 2710 448 2768 τοῖς
488 2707 720 2778 ἐχθροῖς,
771 2712 862 2764 ὑπ’
919 2715 1100 2768 αὐτῶν
1135 2719 1494 2788 ἀναιρεῖσθαι.
1532 2727 1738 2791 Ἄλλως
1768 2734 1909 2787 κατὰ

335 2797 434 2866 τὴν
455 2798 716 2870 διαφορὰν
745 2803 852 2854 τῶν
904 2805 1207 2874 ἀρνήσεων,
1241 2812 1335 2862 καὶ
1363 2812 1398 2877 ἡ
1423 2814 1644 2879 κόλασις
1675 2820 1904 2884 γίνεται.

349 2888 682 2958 ἸΙρνὴσαντο
714 2893 891 2944 τοίνυν
931 2897 1074 2958 τινὲς
1131 2898 1221 2949 τὸν
1263 2901 1492 2966 Χριστὸν
1542 2906 1606 2956 ἐκ
1659 2908 1909 2976 βασάνων

336 2985 670 3052 αἰκιζόμενοι
692 2975 720 3015 ”
745 2988 918 3056 ἕτεροι
951 2991 1014 3043 ἐκ
1040 2991 1229 3061 πείνης
1274 2996 1365 3045 καὶ
1404 2995 1562 3065 δίψης
1598 3001 1690 3049 καὶ
1743 3017 1906 3054 κακο-
1936 3025 1976 3077 C

335 3073 586 3135 παθείας,
615 3079 712 3143 τῆς
738 3079 936 3146 σαρκὸς
961 3082 1300 3150 φεισάμενοι.
1329 3084 1510 3138 Ἀλλοι
1557 3090 1737 3154 πάλιν,
1764 3092 1794 3161 ἢ
1821 3093 1909 3147 διὰ

332 3163 547 3228 κάλλος,
582 3164 613 3234 ἢ
648 3165 734 3218 διὰ
767 3167 925 3233 δόξαν
965 3173 1058 3224 τοῦ
1108 3174 1372 3242 παρόντος
1414 3177 1528 3246 βίον
1582 3181 1909 3251 ἠρνήσαντο.

332 3254 490 3318 Τινὲς
511 3257 870 3328 ἠπατήθησαν
897 3264 976 3325 είς
1012 3265 1288 3328 ἀσέϐειαν,
1320 3269 1506 3336 νήπιοι
1552 3273 1645 3324 καὶ
1692 3275 1907 3344 ἀνόητοι

331 3347 688 3414 τυγχάνοντες
738 3350 904 3402 καλοῦ
949 3355 1041 3406 καὶ
1095 3356 1290 3409 κακοῦ.
1325 3359 1541 3414 Τούτων
1574 3362 1814 3428 πάντων,
1858 3369 1906 3419 oi

337 3435 435 3503 μὲν
462 3437 736 3508 πρότεροι,
774 3441 1146 3516 ἐλαφροτέραν
1204 3450 1424 3512 πάντως
1474 3454 1581 3505 τῶν
1637 3455 1906 3526 δευτέρων

330 3525 428 3597 τὴν
459 3528 754 3594 μέλλουσαν
792 3534 1012 3587 κόλασιν
1049 3538 1405 3605 ὑπομένουσιν
1429 3556 1444 3568 ⁶
1489 3543 1539 3593 oi
1561 3543 1616 3595 δὲ
1641 3525 1903 3615 δεύτεροι,

331 3618 663 3690 ὀλιγωτὲρας
682 3620 791 3675 τῶν
808 3625 1006 3694 τρίτων
1031 3627 1128 3689 τὰς
1152 3628 1420 3697 μάστιγας
1459 3633 1792 3698 κομίζονται.
1832 3639 1904 3690 Τὸ

331 3708 388 3763 δὲ
411 3710 589 3780 τρίτον
622 3713 814 3782 κρῖμα,
847 3715 1060 3769 πάντων
1086 3719 1236 3772 ἐστὶν
1265 3719 1617 3792 ἀθλιώτερον.

401 3972 532 4042 Περὶ
559 3974 613 4027 δὲ
637 3975 744 4026 τῶν
767 3977 997 4044 νηπίων,
1048 3979 1112 4032 ἃν
1163 3981 1258 4050 μὲν
1290 3982 1394 4052 πρὸ
1435 3983 1667 4039 Θανάτου
1709 3989 1901 4060 ἄνδρες

329 4062 594 4129 ἐγένοντο,
663 4067 756 4118 καὶ
795 4069 874 4131 εἰς
912 4069 1261 4140 συναίσθησιν
1303 4068 1486 4142 ἦλθον,
1541 4075 1636 4128 καὶ
1672 4078 1746 4148 μὴ
1803 4082 1900 4133 ἑπ-

329 4153 616 4224 ἐστρεψαν,
646 4160 738 4210 καὶ
765 4161 919 4213 αὐτοὶ
936 4165 1000 4231 τῇ
1029 4163 1244 4216 κολάσει
1267 4165 1541 4220 ἐπέπεσαν
1559 4185 1572 4198 ⁸
1590 4170 1637 4222 oi
1661 4171 1715 4223 δὲ
1744 4172 1899 4224 ἀπει-

328 4261 412 4314 pet
445 4247 826 4318 ἀρνησάμενοι,
863 4252 956 4305 καὶ
988 4255 1090 4324 πρὸ
1119 4259 1430 4326 φρονήσεως
1453 4261 1545 4313 τοῦ
1577 4261 1692 4331 βίου
1712 4262 1898 4315 λυθέν-

2022 453 2247 512 peccata
2275 445 2329 497 in
2359 446 2734 514 captivitatem
2795 443 2900 496 acti
2967 453 3116 506 sunt,
3150 444 3244 498 sed
3280 452 3339 496 ut
3373 445 3593 513 utrique

2023 534 2307 602 patientia:
2332 536 2530 588 merito
2555 534 2769 604 probati
2811 534 3109 588 evaderent
3138 554 3148 587 :
3181 535 3274 588 alii
3317 544 3377 588 ιιι
3423 551 3598 605 pOpu-

2022 627 2134 680 lum
2161 615 2528 698 negligentius
2567 638 2817 696 agentem
2861 626 3046 680 verbis
3101 627 3478 690 admonerent,
3533 642 3598 680 ac

2023 720 2486 783 consolarentur;
2521 720 2633 781 alii,
2668 729 2725 772 ut
2757 718 2837 772 eis
2869 717 3151 771 remissius
3177 718 3318 770 foret
3352 717 3597 770 futurum-

2023 810 2378 880 supplieium,
2408 809 2631 878 quidam
2659 817 2717 861 ut
2745 808 2904 877 plene
2935 807 3068 861 illud
3095 807 3416 861 evaderent.

2091 989 2208 1044 1ῐιιιιι
2246 1003 2376 1042 vero
2397 997 2765 1043 conscntanee
2817 1003 3006 1042 eorum
3035 1002 3231 1055 penne,
3288 1001 3350 1038 ac
3383 1001 3480 1054 pro
3511 1002 3600 1038 ra-

2025 1079 2173 1132 tione
2203 1081 2486 1148 culparum
2533 1079 2598 1133 iis
2629 1080 3071 1138 commissarum,
3138 1077 3277 1129 forte
3325 1093 3392 1128 an
3441 1076 3600 1144 pueri-

2023 1184 2241 1236 quoque
2275 1170 2476 1236 captivi
2519 1169 2698 1222 abacti
2741 1177 2888 1232 sunt,
2921 1175 2979 1219 ut
3034 1183 3101 1219 ne
3163 1167 3264 1235 ipsi
3299 1166 3606 1219 deteriores-

2024 1259 2240 1322 ficrent,
2266 1275 2329 1313 ac
2383 1269 2637 1328 parentes
2670 1260 2888 1312 illorum
2924 1259 3283 1326 castigatione
3335 1256 3605 1310 sobrieta-

2025 1360 2132 1404 tem
2175 1350 2546 1403 addiseerent.
2593 1348 2754 1401 Forte
2789 1363 2922 1399 vero
2959 1348 3124 1400 etiam
3156 1346 3269 1406 alii,
3321 1344 3464 1414 quod
3498 1344 3599 1398 imo

2022 1441 2238 1509 piorum
2278 1455 2478 1503 mores,
2509 1440 2610 1507 ipsi
2650 1439 2702 1490 in
2735 1437 2941 1490 Christi
2980 1437 3178 1490 castris
3211 1445 3485 1489 merentes
3512 1435 3597 1488 di-

2023 1532 2270 1584 lexerant
2309 1546 2372 1582 ae.
2423 1531 2733 1599 cupierant,
2777 1529 2980 1582 idcirco
3015 1529 3177 1581 etiam
3232 1528 3460 1581 tradidit
3505 1543 3604 1581 eos

2023 1622 2294 1676 Dominus
2325 1621 2627 1674 secundum
2653 1620 2924 1673 desideria
2952 1633 3165 1672 eorum.
3211 1619 3313 1671 Alii
3347 1635 3411 1670 ex
3434 1617 3598 1671 (-asti-
3635 1616 3650 1630 “

2023 1712 2240 1779 ιιιηίοιιθ
2270 1712 2484 1780 pejores
2522 1720 2837 1765 evaserunt.
2884 1727 2946 1760 ac
2977 1717 3171 1776 negato
3198 1707 3436 1770 Christo,
3470 1722 3596 1760 eunt

2024 1800 2078 1853 in
2131 1803 2376 1862 minium,
2436 1802 2561 1855 vita:
2617 1800 2778 1853 finem
2846 1809 3200 1868 acceperunt.
3281 1799 3596 1860 Enimvero,

2021 1877 2283 1961 quantum
2316 1893 2448 1945 mihi
2475 1891 2687 1961 opinari
2716 1893 2870 1957 licet,
2893 1891 2969 1953 lii,
3012 1891 3090 1943 vel
3120 1890 3162 1944 si
3190 1906 3254 1943 ex
3280 1890 3598 1959 captivitate

2021 1984 2294 2052 redempti
2320 1992 2528 2048 essent,
2584 1985 2768 2052 pejora
2801 1991 2955 2036 erant
2987 1983 3276 2051 [ιλιι-σιωπή.
3337 1983 3412 2036 ita
3464 1998 3598 2036 vero

1997 2077 2276 2141 “dicimus,
2309 2093 2414 2144 non
2444 2084 2501 2128 ut
2532 2074 2829 2144 quidquam
2856 2075 3207 2138 deiiuiamus,
3239 2082 3459 2128 certove
3505 2089 3593 2128 as-

2019 2182 2288 2230 seramus,
2313 2167 2406 2220 sed
2428 2177 2487 2220 ut
2516 2167 2681 2220 animi
2711 2183 2932 2221 Sensum
2962 2166 3296 2236 aperiamus.

2091 2257 2266 2312 Simili
2297 2274 2425 2313 vero
2453 2258 2670 2313 ratione
2705 2260 2868 2312 etiam
2917 2257 2970 2311 in
3021 2275 3154 2311 nece
3189 2257 3358 2319 illata,
3401 2257 3593 2328 ingens

2019 2349 2296 2418 quoddam
2351 2365 2415 2404 ac
2494 2349 2919 2418 incomparabile
2985 2348 3201 2402 exsistit
3269 2348 3590 2403 discrimen.

2017 2437 2191 2491 Aliam
2218 2439 2364 2492 enim
2398 2437 2709 2492 mercedem
2736 2438 3100 2507 consequitur
3133 2437 3226 2505 qui
3281 2437 3589 2506 negationis

2018 2530 2772 2598 eonvictusmortemOppetit
2815 2530 3004 2598 (penes
3041 2530 3187 2582 enim
3245 2529 3396 2582 iilutn
3448 2537 3588 2592 erat,

2019 2629 2130 2672 tum
2153 2627 2211 2671 ut
2237 2628 2479 2689 negaret,
2515 2629 2626 2671 tum
2664 2627 2722 2670 ut
2755 2635 2811 2671 se
2843 2635 2973 2672 nece
2999 2619 3084 2671 illa
3112 2617 3588 2684 cximcret",aliam

2017 2711 2239 2776 iterum,
2265 2728 2427 2780 quem
2456 2726 2638 2780 pugna
2676 2709 3062 2779 defungentcm
3092 2709 3354 2763 adversus
3383 2709 3588 2774 hostes,

2015 2805 2083 2857 ab
2109 2805 2172 2856 iis
2201 2804 2496 2873 contigerit
2519 2801 2718 2856 occidi.
2748 2803 3042 2865 Prwlcrea,
3077 2817 3175 2870 pro
3231 2801 3588 2869 negationum

2015 2892 2353 2951 discrimine,
2402 2893 2681 2944 diversum
2715 2908 2932 2958 quoque
2963 2892 3291 2959 supplicium
3340 2891 3584 2945 exsistit.

2015 2983 2364 3051 Negaverunt
2408 2983 2591 3049 itaque
2630 2981 2799 3048 aliqui
2851 2980 3130 3034 Christum
3168 2997 3233 3034 ex
3281 2990 3588 3034 tormentu-

2012 3089 2128 3124 rum
2184 3073 2431 3124 cruciatu
2490 3071 2876 3130 devictizalii.
2931 3071 3073 3124 fame
3113 3080 3166 3123 et
3208 3071 3299 3124 siti
3360 3071 3584 3140 aliaque

2009 3164 2260 3231 corporis
2309 3163 2685 3227 alllictatione,
2752 3163 2805 3215 in
2853 3177 3078 3215 carnem
3123 3162 3583 3231 indulgentiores,

2007 3254 2276 3308 deterriti.
2300 3255 2402 3307 Alii
2438 3255 2662 3318 iterum,
2692 3261 2785 3306 aut
2812 3261 3038 3320 propter
3088 3253 3582 3322 pulchritudinem,

2007 3355 2102 3400 aut
2140 3356 2362 3416 propter
2387 3347 2570 3400 δακτυιὶ
2616 3346 2777 3416 hujus
2811 3345 3062 3416 gloriam.
3111 3345 3342 3412 Quidam
3368 3346 3582 3415 decepti

2008 3448 2066 3491 ut
2091 3439 2352 3505 impietati
2377 3440 2800 3503 assentirentur,
2841 3455 2964 3492 cum
2999 3439 3211 3505 parvuli
3251 3447 3456 3500 essent,
3482 3453 3584 3489 nec

2007 3527 2373 3596 intelligentia
2409 3530 2677 3596 pollerent
2708 3529 2835 3581 boni
2905 3543 2968 3580 ac
3016 3529 3164 3580 mali.
3205 3527 3280 3579 Ex
3337 3528 3422 3581 bis
3467 3544 3586 3580 οιιι-

2004 3616 2172 3668 nibus
2230 3617 2445 3685 priores
2506 3617 2772 3671 leviorem
2830 3616 3058 3684 reliquis
3115 3618 3206 3685 qui
3276 3629 3584 3685 sequuntur

2003 3721 2219 3774 poenam
2250 3708 2302 3759 in
2331 3707 2515 3762 futuro
2533 3709 2742 3762 dabunt
2779 3727 2791 3762 :
2829 3707 3054 3762 secundi
3085 3708 3374 3777 pauciores
3401 3712 3581 3763 tertiis

2003 3798 2190 3866 plagas
2223 3799 2602 3866 reportabunt.
2633 3800 2878 3854 Tertium
2902 3799 3140 3868 denique.
3169 3800 3439 3869 judicium
3462 3814 3580 3853 om-

2001 3889 2153 3942 nium
2187 3889 2401 3943 exsistit
2437 3889 2990 3944 miserabilissimum.

2069 3992 2224 4058 Quod
2251 4002 2433 4046 autem
2479 3993 2545 4046 ad
2577 3993 2809 4048 infantes
2835 4003 3064 4063 spectat,
3104 3994 3162 4055 ii,
3195 3995 3238 4048 si
3265 4005 3388 4049 ante
3427 4011 3577 4048 mor-

2003 4091 2111 4138 tem
2149 4083 2202 4136 in
2237 4085 2385 4137 viros
2409 4085 2706 4148 evaserint,
2732 4100 3069 4154 sensumque
3091 4087 3272 4154 adepti
3305 4102 3413 4140 non
3455 4089 3576 4140 fue-

2000 4175 2112 4228 rint
2148 4176 2421 4242 conversi,
2448 4175 2548 4245 ipsi
2574 4191 2793 4245 quoque
2845 4175 3118 4245 supplicio
3171 4177 3392 4232 obnoxii
3422 4191 3574 4233 sunt.

2000 4267 2094 4320 Sin
2127 4278 2330 4332 autem,
2369 4284 2491 4322 cum
2542 4270 2713 4340 ignari
2765 4280 2975 4334 essent,
3003 4279 3296 4340 negarunt,
3351 4285 3414 4324 ac
3445 4281 3575 4326 ante

325 4352 436 4398 τες,
496 4339 698 4392 τούτων
762 4341 822 4393 τὸ
865 4346 1037 4413 κρῖμα
1071 4347 1229 4415 μόνος
1279 4351 1306 4402 ὁ
1353 4351 1544 4422 κριτὴς
1585 4354 1889 4415 ἐπίσταται,

2007 4368 2210 4412 enatam
2236 4360 2580 4428 prudentiam
2607 4372 2992 4432 maturumque
3013 4363 3282 4433 judicium
3308 4363 3448 4416 vivis
3475 4379 3572 4415 ex-

323 4424 512 4498 ὦσπερ
542 4432 632 4480 καὶ
676 4431 779 4483 τῶν
831 4432 1031 4513 λοιπῶν
1086 4438 1280 4503 οἵτινες
1324 4443 1521 4504 πάντες
1572 4445 1892 4514 τιμωρηθή-

326 4533 527 4580 σονται,
564 4522 611 4572 εί
647 4520 719 4588 μὴ
755 4521 842 4574 διὰ
877 4527 1162 4592 μετανοίας
1201 4531 1584 4601 μεμελημένης
1618 4536 1710 4586 καὶ
1777 4536 1893 4586 ἐπι-

324 4608 486 4660 πόνου
514 4612 556 4662 Χ
565 4612 732 4681 ριστῴ
791 4613 1286 4684 ὲξομολογήσωνται
1305 4661 1318 4681 ,
1362 4623 1595 4689 Χριστὸν
1649 4625 1740 4675 ἐπὶ
1785 4626 1892 4678 τῶν

321 4697 539 4766 ἀνόμων
563 4700 940 4768 κηρύττοντες,
969 4705 1060 4756 καὶ
1089 4704 1304 4770 δούλους
1328 4707 1493 4761 αὐτοῦ
1521 4711 1748 4773 ἑαυτοὺς
1773 4713 1889 4763 ὄνος

324 4789 606 4857 μάζοντες.
646 4791 704 4844 '0
751 4793 858 4864 γὰρ
911 4795 1286 4866 ἀρνησάμενός
1336 4817 1402 4868 με
1449 4799 1755 4869 ἔμπροσθεν
1785 4801 1892 4855 τῶν

319 4877 644 4950 ἀνθρώπων,
693 4881 1004 4952 ἔμπροσθεν
1036 4887 1196 4938 πάλιν
1224 4887 1332 4939 τῶν
1377 4890 1680 4960 ἀνθρώπων
1714 4910 1888 4961 χρεωο

320 4973 437 5023 στεῑ
464 4971 558 5042 τὴν
581 4973 871 5042 ὁμολογίαν
897 4977 1248 5045 ποιήσασθαι.
1301 4979 1374 5030 Τὸ
1407 4980 1515 5050 γὰρ
1569 4986 1743 5052 κρῖμα
1795 4983 1889 5036 τοῦ

318 5059 454 5114 Θεοῦ
491 5063 720 5133 φοϐερὸν
765 5066 856 5118 καὶ
893 5067 1211 5132 ἀδίκαστον,
1242 5072 1334 5122 καὶ
1369 5071 1521 5144 παρὰ
1552 5075 1749 5126 πᾶσιν·
1789 5075 1887 5144 μάο

315 5147 475 5204 λιστα
503 5152 560 5204 δὲ
582 5154 709 5223 παρ’
738 5156 891 5224 ἡμῖν,
933 5158 1318 5229 ἀκατάληπτον
1352 5161 1648 5231 ἐξαιρέτως
1693 5164 1753 5216 τὸ
1797 5167 1888 5218 ἐπὶ

313 5239 410 5292 τοῦ
440 5244 700 5310 παρόντος
720 5246 1062 5316 τελούμενον.
1096 5250 1189 5313 Τίς
1220 5251 1328 5322 γὰρ
1359 5253 1431 5323 μὴ
1459 5255 1883 5323 ὲκπλαγήσεται,

315 5327 457 5396 ὁρῶν
483 5331 540 5382 ὲν
556 5334 619 5400 τῇ
653 5334 848 5406 ἀπειλῇ
874 5354 1026 5399 τινας
1046 5339 1104 5402 ἐξ
1126 5340 1280 5409 ἡμῶν
1307 5345 1368 5394 ἐκ
1397 5345 1626 5413 πτωχῶν
1652 5345 1887 5417 πλουτή-

315 5429 550 5502 τανταςο
587 5419 646 5483 ἐξ
674 5422 906 5494 ἀπορίας
955 5428 1036 5490 εἰς
1074 5429 1334 5500 εὐπορίαν
1366 5432 1712 5502 ἐληλυθότας.
1754 5437 1886 5488 Δοῦ-

311 5501 393 5555 λοι
445 5506 768 5578 ἐκυρίευσαν
803 5516 897 5566 καὶ
927 5516 1182 5572 δεσπόται
1209 5501 1706 5595 κατεδουλώθησαν.
1734 5527 1792 5578 ΟΞ
1827 5528 1884 5578 ἐν

307 5593 594 5664 πλατείαις
642 5604 735 5656 καὶ
786 5606 1011 5678 ἀγοραῖς
1048 5610 1481 5682 ἀναστραφέντες
1533 5617 1589 5668 ὲν
1657 5616 1883 5687 ἐρήμοις

1997 4451 2291 4514 cesserint,
2322 4451 2806 4522 horumjudicinm
2839 4457 2988 4509 solus
3017 4455 3188 4510 Judex
3224 4455 3397 4518 novit,
3437 4468 3493 4509 ut
3515 4469 3572 4507 et

1996 4540 2357 4609 reliquorum,
2386 4559 2522 4612 quos
2542 4560 2736 4598 mones
2760 4554 2944 4598 manet
2971 4561 3150 4614 pmna,
3173 4546 3278 4599 nisi
3310 4547 3471 4610 seria,
3505 4562 3572 4600 ac

1994 4630 2200 4685 laboris
2232 4634 2391 4700 plena
2434 4635 2760 4704 pwnitcntia
2817 4636 3098 4690 Christum
3158 4635 3393 4692 confessi
3437 4654 3566 4691 eum

1993 4721 2417 4790 prtedicaverint
2445 4741 2629 4779 coram
2687 4727 2974 4795 improbis,
3007 4742 3069 4780 ac
3102 4726 3327 4780 seilli-us
3377 4743 3570 4784 servos

1992 4811 2219 4879 professi
2251 4813 2478 4868 fuerint.
2501 4814 2604 4880 Qui
2634 4817 2782 4870 enim
2810 4818 3088 4886 negaverit
3124 4834 3210 4872 me
3247 4835 3432 4872 coram
3465 4821 3566 4873 lio-

1991 4902 2256 4967 minibus,
2284 4919 2508 4958 necesse
2549 4905 2715 4960 habet
2751 4917 2889 4961 utet
2920 4907 3121 4961 iterum
3158 4896 3343 4962 coram
3366 4909 3565 4964 iisdem

1990 4993 2332 5048 confiteatur.
2369 4995 2739 5050 Tremendum
2773 5001 2918 5053 enim
2949 4999 3042 5053 Dei
3069 4999 3336 5068 judicium
3383 5017 3444 5055 ac
3480 5001 3564 5054 in-

1990 5095 2329 5152 corruptum,
2363 5104 2488 5141 eum
2521 5087 2575 5141 in
2607 5089 2882 5155 onmibus,
2919 5099 3032 5143 tum
3061 5090 3334 5160 pra-cipue
3381 5091 3434 5144 in
3456 5107 3560 5144 no-

1988 5172 2111 5239 bis;
2168 5178 2629 5248 singulariterque
2663 5181 2842 5249 majus
2878 5196 3041 5248 quam
3075 5187 3134 5234 ut
3164 5182 3558 5249 comprehendi

1986 5265 2178 5334 possit,
2227 5268 2370 5336 quod
2424 5269 2917 5338 impraesentiarum
2965 5272 3164 5341 agitur.
3225 5272 3357 5337 Quis
3408 5273 3557 5326 enim

1986 5373 2094 5411 non
2125 5367 2350 5426 stupore
2372 5359 2660 5430 deligatur,
2689 5363 2781 5431 qui
2801 5361 2985 5416 videat
3010 5363 3274 5432 quosdam
3304 5375 3554 5417 nostrttm

1985 5444 2242 5499 saeviente
2277 5446 2370 5499 Dci
2409 5447 2484 5500 ira
2513 5465 2578 5501 ex
2630 5449 2970 5518 pauperibus
2997 5451 3172 5505 factos
3225 5452 3443 5513 divites,
3489 5468 3556 5508 ex

1983 5533 2170 5601 egenis
2201 5535 2439 5589 evasisse
2467 5535 2808 5606 locupletes?
2841 5538 2993 5592 Servi
3020 5539 3282 5592 dotninati
3311 5550 3460 5600 sunt,
3491 5556 3554 5594 ac

1985 5619 2192 5675 domini
2239 5621 2294 5674 in
2326 5623 2646 5679 servitutem
2677 5624 2899 5680 redacti.
2949 5624 3050 5693 Qui
3106 5627 3159 5680 in
3190 5627 3410 5698 plateis,
3462 5613 3552 5684 ai-
