4038 6208
313 240 439 306 3241

1432 236 1529 297 DE
1562 234 1879 297 PERSICA
1916 236 2430 299 CAPTIVITATE.

3409 237 3548 302 3242

313 352 553 427 γράψητε
578 348 645 405 τὰ
672 347 963 419 λεγόμενα,
1012 343 1265 417 δεόμεθα,
1295 343 1391 399 καὶ
1419 342 1872 415 παρακαλοῦμεν.

1989 347 2159 418 probi,
2182 348 2374 414 nolite,
2402 363 2735 419 quaesumus,
2762 363 2826 404 ac
2849 347 3302 415 obseeramus,ea
3317 366 3439 420 qua:
3466 352 3551 408 di-

310 440 667 511 Καθὰψασθαι
682 438 796 510 γὰρ
819 437 1003 491 λοιπὸν
1027 435 1136 489 τῶν
1168 434 1290 489 καθ’
1315 434 1463 503 ἡμᾶς
1493 433 1881 505 ρᾳθυμοτέρων

311 534 626 606 βουλόμεθα.
644 531 914 603 Πρότερον
935 530 994 584 δέ
1009 529 1139 599 περὶ
1162 526 1342 582 αὐτῶν
1368 525 1756 598 φθεγγώμεθα,
1787 527 1883 581 καὶ

307 623 592 699 ἀρχόμενοι
620 622 888 695 λέγωμεν.

374 801 677 871 Εὐλογητὸς
709 796 781 863 εἴ,
819 798 845 852 ὁ
874 797 1027 861 Θεὸς,
1063 795 1092 847 ό
1126 798 1191 849 ἐκ
1234 793 1329 847 τοῦ
1378 795 1453 864 μὴ
1502 796 1655 856 ὄντος
1688 796 1767 857 εἱς
1821 794 1882 846 τὸ

307 890 442 948 εἶναι
473 890 806 962 παραγαγὼν
826 890 975 960 ἡμᾶς
995 906 1009 920 ο
1040 890 1068 941 ὁ
1090 890 1152 940 ἐκ
1172 886 1275 954 γῆς
1318 884 1644 947 διαπλάσας,
1677 886 1769 936 καὶ
1799 886 1881 947 εἰς

307 987 407 1056 γῆν
451 984 831 1052 ἀποστρέφων,
885 982 979 1036 καὶ
1030 982 1094 1033 ἐκ
1124 980 1329 1047 ταύτης
1357 976 1521 1032 πάλιν
1563 975 1882 1047 παραδόξως

307 1076 552 1147 ἐγείρων.
583 1074 698 1146 Πρὸ
727 1072 944 1127 πάντων
990 1069 1224 1124 δυσωπῶ
1257 1069 1437 1123 πάσαν
1474 1066 1676 1137 ψυχὴν,
1712 1066 1881 1120 ἀκού-

306 1183 470 1220 ουσαν
493 1166 622 1236 περὶ
648 1164 750 1234 τῆς
807 1161 1083 1234 ἡμετέρας
1112 1158 1488 1222 ἁποϐιώσεως,
1541 1162 1621 1222 εἰς
1660 1157 1880 1229 συμπά-

309 1258 457 1312 θειαν
488 1255 796 1327 κινηθῆναι,
823 1253 919 1308 καὶ
947 1254 1039 1306 τὸν
1065 1253 1198 1305 Θεὸν
1228 1250 1521 1315 αἰτεῖσθαι,
1552 1250 1700 1312 ὅπως
1731 1248 1881 1302 ἀθλί-

311 1367 476 1413 πτως,
522 1348 844 1410 ἀκινδύνως.
889 1344 1301 1415 ἀνεμποδίστως
1331 1342 1622 1414 παρελθεῖν
1661 1358 1728 1411 με
1780 1341 1881 1404 τὰς

307 1443 482 1516 ἀρχὰς
525 1439 751 1502 καὶτὰς
796 1437 1078 1503 ἐξουσίας·
1109 1437 1206 1489 καὶ
1258 1436 1384 1497 τούς
1432 1434 1667 1505 πικροὺς
1709 1430 1881 1484 τελώ-

307 1518 433 1603 νας,
446 1534 542 1588 καὶ
565 1532 1015 1603 κοσμοκράτορας
1058 1528 1154 1583 τοῦ
1191 1529 1351 1598 ἀέρος
1377 1525 1591 1591 τούτου,
1620 1526 1713 1580 καὶ
1738 1524 1878 1594 φθά-

311 1643 400 1680 σαι
423 1618 506 1696 ’με
535 1624 627 1677 τὸν
674 1622 813 1694 ἀέρα
843 1622 941 1691 τῆς
969 1618 1304 1690 ἐλευθερίας,
1354 1618 1446 1670 καὶ
1476 1615 1694 1687 Χριστῷ
1743 1614 1882 1685 μετά

1983 441 2156 495 cenda
2192 449 2339 507 sunt,
2368 441 2525 495 irrita
2564 440 2767 495 habere
2815 449 2871 496 et
2920 457 3199 512 spernere.
3246 443 3377 499 Sum
3398 447 3549 504 enim

1978 530 2091 601 jam
2133 547 2229 587 eos
2274 532 2736 601 reprehensurus,
2793 533 2888 603 qui
2938 534 2994 589 in
3054 535 3217 591 nobis
3269 538 3551 607 segniores

1985 632 2131 677 sunt.
2154 624 2310 677 Prius
2333 638 2465 678 vero
2494 623 2561 677 de
2580 624 2667 678 his
2689 624 2997 694 loquamur,
3025 640 3089 682 ac
3116 641 3424 683 sermonem
3454 644 3550 683 or-

1986 712 2226 767 diamur.

2051 801 2378 856 Benedictus
2404 817 2485 870 es,
2518 803 2682 866 Deus,
2716 804 2931 874 quinos
2955 820 3021 858 ex
3061 805 3234 861 nihilo
3267 809 3323 860 in
3366 823 3553 863 rerum

1982 895 2235 946 natu‘ram
2275 893 2581 962 produxisti
2617 911 2628 946 :
2678 894 2771 963 qui
2822 911 2852 948 e
2897 901 3043 948 terra
3079 894 3345 961 formasti,
3388 895 3556 965 inque

1984 993 2188 1038 terram
2223 984 2463 1047 reducis,
2489 999 2554 1038 ac
2580 1000 2769 1039 rursus
2794 999 2860 1039 ex
2888 1000 2951 1038 ea
2975 984 3303 1040 mirabiliter
3323 986 3551 1041 excitus.

1980 1070 2042 1125 In
2092 1071 2285 1140 primis
2328 1086 2482 1141 rogo,
2534 1072 2783 1141 quisquis
2820 1086 3002 1126 meum
3043 1071 3111 1125 ab
3158 1072 3417 1128 humanis
3458 1088 3555 1127 ex-

1980 1178 2216 1227 cessum,
2249 1174 2592 1233 mortemquc
2644 1165 2900 1229 audierit,
2934 1174 2995 1219 ut
3026 1167 3405 1222 misericordia
3435 1183 3555 1223 meo

1983 1264 2198 1320 veatur,
2228 1255 2601 1325 precibusque
2629 1255 2697 1309 ad
2729 1257 2899 1310 Deum
2928 1266 3072 1326 agat,
3114 1266 3196 1323 ut,
3229 1258 3381 1312 omni
3433 1275 3555 1313 mo-

1980 1346 2157 1411 lestia,
2205 1347 2476 1417 periculo,
2550 1347 2944 1417 impedimento
3001 1349 3237 1413 solutus,
3285 1358 3556 1405 transeam

1979 1438 2325 1508 principatus
2356 1454 2421 1492 ac
2453 1446 2789 1508 potestates;
2838 1440 3179 1509 acerbosque
3210 1440 3554 1510 publicanos,

1980 1544 2045 1584 ac
2066 1529 2253 1583 mundi
2286 1536 2531 1584 rectores
2568 1528 2712 1583 aeris
2739 1528 2924 1599 hujus,
2967 1527 3321 1599 liberumque
3359 1539 3555 1585 nactus

1981 1633 2188 1684 aerem,
2207 1618 2427 1673 Christo
2463 1634 2589 1673 cum
2616 1618 2814 1673 ﬁducia
2846 1617 3028 1683 sistar,
3071 1633 3134 1673 ac
3156 1620 3331 1688 partis
3362 1635 3557 1675 eorum

309 1690 625 1791 παρρησίας
654 1690 1098 1787 παρασταθῖψαι,
1127 1712 1223 1765 καὶ
1254 1711 1355 1779 τῆς
1386 1708 1514 1767 ,τῶν
1562 1707 1883 1777 σωζομένων

1989 1710 2081 1779 qui
2106 1710 2287 1765 salute
2310 1709 2552 1765 donandi
2578 1718 2705 1765 sunt
2727 1708 2867 1766 efﬁci
2897 1724 3132 1764 merear.

312 1809 528 1881 μερίδος
547 1805 867 1877 ἀξιωθῆναι.

388 1901 627 1967 Ἐπεϊτα,
661 1899 812 1953 πᾶσα
848 1894 1053 1964 σπουδὴ
1088 1893 1183 1947 καὶ
1235 1893 1386 1946 πᾶσα
1415 1890 1635 1946 πάντων
1665 1889 1885 1960 φροντὶς

308 1992 531 2063 γένηται
560 1991 656 2046 καὶ
690 1988 974 2053 πόνος,ἴνα
995 1984 1168 2040 αἰτοῦ
1207 1983 1344 2038 Θεοῦ
1361 1981 1681 2051 Ἑκκλησίαι
1707 1981 1887 2051 φυλα-

308 2086 510 2157 χθῶσιν
551 2083 814 2149 ἀσειστοι,
845 2080 946 2150 τὴν
972 2078 1140 2149 ὀρθὴν
1166 2077 1351 2130 πίστιν
1404 2073 1720 2146 ἁμολύντως
1755 2090 1886 2126 κατ-

310 2178 553 2250 έχουσαι,
576 2176 671 2230 καὶ
694 2174 821 2237 τούς
844 2169 1055 2226 ἑαυτῶν
1085 2168 1349 2239 ποιμένας
1369 2167 1499 2237 θεόφ
1509 2183 1665 2237 ρονας
1687 2181 1887 2236 κεκτη-

314 2270 493 2341 μέναι.
528 2269 703 2321 Ὅπου
729 2265 836 2336 γὰρ
860 2265 889 2316 ὁ
922 2264 1128 2334 ποιμὴν
1172 2260 1402 2329 ἀγαθὸς.
1441 2259 1561 2311 ἐκεῖ
1585 2257 1734 2327 καὶὴ
1769 2255 1888 2308 ποί-

315 2378 420 2433 μνη
448 2358 761 2428 ἀγάλλεται.
784 2356 958 2410 Ὅπου
983 2353 1188 2425 ποιμὴν
1202 2354 1364 2414 ὅσιος,
1387 2350 1505 2403 ἐκεῖ
1533 2347 1796 2418 σκιρτῶσι
1820 2346 1888 2400 τὰ

311 2453 581 2523 πρόϐατα.
618 2451 790 2503 Ὅπου
829 2446 1032 2518 ποιμὴν
1090 2445 1373 2516 ἔμπειρος,
1407 2443 1527 2495 ἐκεῖ
1583 2439 1736 2493 λύκοι
1788 2439 1888 2492 οὐκ

315 2545 609 2616 ἰσχύουσιν.
628 2543 800 2596 Ὅπου
829 2539 1083 2593 εὐσέϐεια
1109 2538 1282 2603 ἀνθεῖ,
1314 2536 1431 2588 ἐκεῖ
1453 2537 1481 2588 ό
1496 2533 1623 2597 λαὸς
1646 2532 1885 2586 εὐπλοεῖ.

311 2638 423 2693 Kal.
465 2636 569 2707 γάρ
621 2633 920 2705 οὐδαμόθεν
971 2629 1239 2703 ἑτέρωθεν
1269 2625 1727 2695 κλυδωνιζόμεθα,
1772 2623 1887 2677 ἀλλ’

312 2730 392 2783 ὃτι
419 2731 467 2783 οἱ
490 2728 588 2799 μὲν
612 2727 797 2780 πολλοὶ
819 2725 930 2778 τῶν
958 2724 1263 2787 ποιμένων,
1300 2721 1396 2774 καὶ
1424 2716 1774 2789 κυϐερνητῶν
1812 2715 1891 2782 ἐξ·

315 2820 498 2875 έλιπον
513 2836 525 2848 ·
562 2818 652 2871 καὶ
671 2816 823 2872 αὐτοὶ
839 2817 893 2868 δὲ
906 2816 955 2868 οἱ
980 2813 1453 2880 καταλειφθέντες,
1479 2811 1540 2864 οὐ
1571 2811 1769 2880 πολλὴν
1791 2809 1889 2878 τὴν

315 2906 565 2979 φροντίδα
611 2904 953 2974 κατέχουσιν,
983 2902 1045 2954 οὐ
1085 2899 1285 2970 πολλὴν
1311 2900 1407 2970 τὴν
1438 2898 1672 2965 σπουδήν
1693 2911 1708 2927 '
1755 2896 1891 2949 ἀλλὰ

2057 1900 2217 1966 Tum,
2248 1901 2428 1955 omnis
2456 1899 2758 1970 diligentia,
2802 1897 3095 1968 omnisque
3117 1896 3362 1952 omnium
3403 1911 3556 1961 cura,

1986 1993 2625 2067 aclaborradhibeatur,
2674 2000 2734 2047 ut
2770 1991 2867 2045 Dei
2917 1990 3179 2045 Ecclesiae
3220 1991 3562 2045 inconcussa:

1987 2086 2390 2149 custodiantur,
2431 2096 2637 2141 rectam
2692 2086 2851 2140 ﬁdem
2907 2086 3196 2155 impollnte
3235 2084 3557 2145 retinentes,

1987 2189 2051 2229 ac
2102 2175 2389 2244 religiosos
2431 2184 2681 2244 pastores
2735 2189 2864 2228 suos
2914 2173 3200 2226 habentes.
3254 2169 3357 2225 Ubi
3413 2167 3559 2221 enim

1986 2266 2169 2321 bonus
2197 2276 2406 2336 pastor,
2440 2265 2554 2320 illic
2576 2280 2798 2335 quoque
2825 2263 3063 2319 exsultat
3109 2276 3258 2332 grex.
3290 2258 3395 2314 Ubi
3431 2273 3558 2312 san-

1988 2370 2111 2414 ctus
2135 2367 2341 2428 pastor,
2391 2356 2504 2412 illic
2529 2356 2776 2428 gestiunt
2801 2370 2949 2409 oves.
2985 2353 3089 2408 Ubi
3111 2351 3323 2422 peritus
3351 2358 3557 2419 pastor.

1988 2450 2102 2505 illic
2166 2450 2313 2520 lupis
2388 2449 2538 2503 vires
2625 2447 2910 2502 deﬁciunt.
2979 2445 3082 2499 Ubi
3120 2443 3293 2513 pietas
3362 2440 3557 2499 ﬂoret.

1986 2542 2100 2597 illic
2147 2558 2234 2597 res
2284 2541 2431 2612 plebi
2484 2554 2745 2611 prospere
2791 2538 3015 2591 cedunt.
3068 2536 3181 2590 Nec
3220 2534 3367 2587 enim
3412 2531 3561 2585 aliud

1989 2634 2289 2706 quidquam
2338 2634 2395 2689 in
2439 2648 2601 2688 causa
2641 2640 2745 2696 est,
2779 2640 2839 2685 ut
2895 2630 2975 2684 sic
3019 2627 3351 2683 ﬁuctuemus
3400 2631 3564 2693 atque

1984 2729 2277 2798 jactemur,
2305 2742 2467 2798 quam
2495 2726 2624 2795 quia
2651 2739 2844 2795 magna
2897 2729 3181 2791 pastorum
3214 2733 3341 2788 pars
3370 2731 3434 2770 ac
3463 2732 3565 2787 gu-

1989 2820 2345 2873 bernatorum
2413 2817 2773 2871 defecerunt:
2831 2814 3044 2882 ipsique
3103 2809 3240 2864 adeo
3297 2807 3566 2861 hactenus

1992 2909 2202 2963 residui
2229 2924 2340 2962 non
2374 2907 2533 2961 valde
2562 2913 2777 2970 curant,
2818 2914 2913 2957 aut
2958 2901 3296 2971 diligentiam
3334 2898 3562 2951 multam

315 3000 558 3069 φίλαυτοι
585 2995 890 3065 γεγονότες,
929 2994 1032 3048 οὐκ
1076 2992 1320 3063 εὐχερῶς
1362 2988 1749 3061 προαιροῦνται
1792 2987 1888 3056 τὴν

1993 3001 2291 3065 adhibent;
2322 3000 2437 3063 sed,
2470 2998 2596 3053 facti
2625 2996 2708 3052 sui
2742 3008 3027 3066 perperam
3051 2986 3566 3052 amatores,‘nolunt

313 3091 488 3162 ψυχὴν
510 3089 648 3160 ὐπέρ
668 3086 776 3157 τῶν
799 3086 1090 3156 προϐάτων
1116 3083 1363 3137 τίθεσθαι
1382 3096 1397 3113 '
1424 3080 1617 3143 ἄλλους
1634 3077 1889 3147 φωτίζειν

316 3178 737 3251 ἐπιχειροῦντες,
790 3178 945 3233 αὐτοὶ
997 3177 1296 3247 ἀφώτιστοι
1348 3172 1744 3241 τυγχάνοντεςο
1797 3171 1893 3222 καὶ

317 3271 457 3343 ὑπὲρ
485 3270 656 3325 ἄλλων
678 3269 812 3323 Θεὸν
864 3267 1219 3329 ἱκετεύοντες,
1247 3262 1699 3343 ἀπαρρησίαστον
1732 3260 1885 3315 ἔνδον

315 3363 376 3417 τὸ
404 3339 640 3424 συνειδὸς
673 3361 1048 3431 περιέχουσινο
1093 3358 1170 3422 ὡς
1200 3357 1278 3420 εἰς
1308 3355 1505 3419 αὐτοὺς
1548 3339 1886 3423 πληροῦσθαι

316 3453 378 3508 τὸ
421 3454 527 3506 ὐπὸ
562 3452 654 3506 τοῦ
691 3452 897 3522 Κυρίου
940 3450 1252 3522 εἰρημένον,
1279 3445 1485 3513 Ἰατρὲ,
1518 3443 1895 3512 θεράπευσον

319 3542 596 3595 σεαυτόν.
621 3539 748 3601 Καὶ,
783 3540 1043 3592 Ἔκϐαλε
1068 3535 1305 3604 πρῶτον
1326 3535 1443 3601 τὴν
1463 3532 1648 3585 δοκὸν
1674 3533 1894 3600 ὀφθαλ-

315 3633 434 3702 μοῦ
461 3648 599 3695 σου,
633 3631 737 3686 εῖθ¹
770 3631 956 3695 οὕτως
980 3628 1296 3699 ἐμϐλέπεις
1323 3627 1407 3693 εἷς
1441 3624 1507 3678 τὸ
1536 3622 1763 3691 κάρφος
1787 3620 1894 3674 τοῦ

316 3724 585 3794 ἀδελφοῦ
618 3739 756 3778 σου.

400 3814 812 3870 Ἀκουσόιτωσαν
834 3814 881 3866 οἱ
915 3813 1100 3883 ἱερεῖς,
1117 3811 1166 3863 οἱ
1194 3809 1284 3863 τὸν
1303 3809 1428 3862 λαὸν
1449 3808 1693 3877 ἀγιόιζειν
1706 3805 1895 3873 λέγον-

316 3926 408 3974 τες
429 3926 441 3940 ο
469 3909 518 3962 oi
539 3911 602 3978 τῇ
631 3910 831 3977 φρικτῇ
856 3906 948 3958 καὶ
970 3904 1178 3973 φοϐερᾷ
1204 3900 1449 3972 τραπέζῃ
1470 3898 1887 3968 παριστάμενον

317 4004 367 4056 οἱ
427 4000 533 4053 τῶν
580 3998 832 4068 Σεραφὶμ
876 3986 1185 4066 μειζότερον
1232 3990 1450 4059 ἀξίωμα
1502 3987 1891 4060 περικείμενοι.

332 4094 566 4153 Ἐκεῖνος
599 4091 698 4143 οὐκ
726 4088 1023 4157 ἐτόλμησεν
1048 4087 1114 4156 τῇ
1144 4084 1287 4153 χειρὶ
1321 4081 1413 4134 τοῦ
1436 4082 1704 4151 ἄνθρακος
1756 4080 1897 4149 ἅψα-

321 4184 468 4249 σθαι,
486 4181 598 4235 ἀλλ’
621 4183 677 4235 ἐν
697 4181 764 4251 τῇ
792 4178 969 4230 λαϐίδι
989 4175 1161 4244 τούτῳ
1187 4172 1583 4245 προσέψαυσενο
1606 4171 1669 4223 σὺ
1695 4170 1752 4222 δὲ
1776 4171 1897 4231 ταῖς

320 4275 506 4345 χερσίν
528 4290 617 4326 σου
639 4274 759 4333 ταῖς
786 4269 1037 4341 πηλίναις
1061 4266 1129 4318 τὰ
1156 4267 1269 4326 τοῖς
1290 4263 1539 4334 Σεραφὶμ
1561 4261 1764 4316 ἀθέατα
1781 4261 1897 4313 δια-

1992 3094 2152 3149 facile
2185 3108 2286 3163 pro
2319 3092 2514 3147 ovibus
2542 3090 2776 3143 animam
2802 3100 3042 3157 ponere:
3083 3083 3219 3137 alios
3251 3078 3566 3135 illuminare

1993 3188 2265 3251 nituntur,
2326 3199 2449 3239 eum
2496 3183 2597 3252 ipsi
2654 3182 2776 3235 luce
2853 3183 3108 3233 careant:
3168 3172 3446 3242 supplices
3497 3169 3567 3223 ad

1992 3280 2164 3334 Deum
2203 3292 2395 3348 preces
2428 3290 2525 3345 pro
2556 3273 2678 3327 aliis
2725 3269 2989 3333 ofierunt,
3028 3266 3125 3338 qui
3164 3260 3567 3320 conscientiam

1994 3372 2144 3426 nulla
2189 3370 2481 3440 pollentem
2513 3364 2731 3427 ﬁducia,
2758 3363 2927 3418 nullis
2956 3361 3150 3415 fultam
3175 3355 3391 3412 meritis
3418 3353 3569 3408 intus

1994 3461 2384 3517 circumferant
2410 3477 2422 3511 :
2465 3466 2522 3510 ut
2555 3457 2609 3509 in
2633 3456 2738 3509 illis
2766 3455 3082 3521 impleatur,
3105 3447 3253 3518 quod
3277 3463 3304 3500 a
3338 3445 3570 3499 Domino

1996 3549 2203 3604 dictum
2237 3557 2341 3611 est,
2375 3546 2593 3609 Medico,
2617 3559 2743 3597 cura
2770 3550 2817 3594 te
2844 3543 3015 3610 ipsum
3042 3537 3107 3590 “.
3135 3537 3239 3591 Et:
3286 3534 3431 3603 Ejice
3452 3534 3567 3601 pri-
3652 3586 3655 3587 ν

1991 3647 2141 3695 mum
2175 3641 2373 3694 trabem
2404 3640 2466 3691 de
2504 3637 2652 3691 oculo
2685 3646 2791 3701 tuo,
2843 3642 3057 3702 tumque
3086 3630 3276 3684 videbis
3312 3628 3568 3697 festucam

1998 3734 2181 3802 fratris
2210 3733 2284 3783 lui
2319 3730 2384 3782 ’⁵.

2065 3825 2284 3888 Audite,
2319 3821 2650 3878 sacerdotes.
2678 3817 2772 3886 qui
2801 3811 3144 3870 sanctiﬁcare
3174 3809 3394 3881 plebem
3437 3822 3569 3876 pro-

1986 3902 2267 3971 ﬁtemini:
2302 3912 2392 3982 qui
2437 3908 2734 3965 tremendce
2768 3922 2831 3961 ac
2857 3902 3195 3959 formidabili
3240 3913 3442 3953 mensae
3478 3911 3569 3951 as-

1996 4006 2223 4071 sistitis;
2287 4003 2379 4074 qui
2430 4017 2540 4071 pra:
2590 3997 2878 4068 Seraphim
2921 3996 3184 4065 majorem
3245 3989 3568 4060 dignitatem

1996 4097 2275 4153 consecuti
2301 4097 2453 4151 estis.
2481 4094 2576 4148 Ille
2607 4107 2717 4145 non
2744 4104 2909 4143 ausus
2940 4094 3023 4141 est
3068 4084 3360 4139 carbonem
3396 4095 3564 4133 manu

1997 4191 2333 4260 contingere,
2364 4186 2457 4242 sed
2498 4200 2622 4239 eum
2673 4182 2882 4251 forcipe
2932 4176 3263 4232 strinxit":
3324 4182 3383 4227 tu
3437 4186 3571 4225 vero

1997 4284 2163 4338 luteis
2194 4282 2301 4335 tuis
2352 4278 2607 4333 manibus
2645 4275 2925 4344 inaspecta
2966 4269 3256 4338 Seraphim
3310 4262 3570 4337 mysteria

318 4366 429 4428 δεῖς
452 4360 661 4437 [διδοῖς]
681 4362 973 4432 μυστήρια.
987 4359 1124 4412 Ποία
1142 4374 1236 4410 σου
1256 4356 1362 4425 ἄρα
1379 4356 1412 4424 ἠ
1433 4352 1580 4417 δεξιά
1600 4351 1780 4421 ἐκείνη
1805 4351 1888 4403 ὐπι

1999 4373 2308 4431 distribuis.
2348 4370 2604 4437 Quaenam
2628 4382 2758 4438 ergo
2798 4376 2890 4420 tua
2928 4365 3017 4418 illa
3062 4361 3284 4416 dextera
3323 4373 3443 4413 esse
3475 4355 3572 4411 de-

320 4457 509 4529 ἁρχειν
533 4456 761 4526 ὢφειλεί
792 4455 971 4522 Πόσην
1002 4449 1347 4518 καθαρότητα
1382 4447 1439 4498 ἐν
1468 4447 1635 4515 ἐαυτῇ
1673 4443 1892 4513 περιϐε-

318 4551 571 4618 ϐλῆσθαι,
601 4547 694 4601 τοῦ
715 4543 944 4616 οὐρανοῦ
970 4541 1324 4613 ὑψηλοτέραν,
1356 4538 1463 4591 τῶν
1480 4534 1727 4604 ἀγγέλων
1752 4535 1891 4603 λαμ-

315 4642 612 4713 προτέραν,
633 4639 741 4693 τῶν
758 4635 1039 4711 Χερουϐὶμ
1062 4630 1258 4701 ἀγιωτέ
1266 4647 1364 4700 ραν
1385 4627 1493 4680 εἰθε
1519 4627 1619 4679 κᾶν
1635 4626 1732 4695 τῆς
1752 4626 1891 4677 ἀκα-

317 4733 547 4804 θαρσίας
558 4728 983 4802 ἀπηλλαγμένην
999 4728 1011 4779 l
1030 4725 1100 4777 Οὐ
1122 4724 1435 4794 φρίττομεν,
1452 4719 1569 4772 εἰπέ
1592 4735 1700 4787 μοι,
1719 4714 1896 4768 τοιαύ-

313 4841 417 4895 της
432 4823 588 4893 δόξης
606 4825 661 4874 ἐν
676 4823 794 4882 ταῖς
811 4819 997 4890 χερσὶν
1012 4815 1398 4884 ἐφαπτόμενοι,
1417 4811 1506 4864 καὶ
1526 4806 1762 4860 τοιοῦτον
1781 4804 1893 4873 πῦρ

316 4917 641 4986 κατέχοντες
677 4909 1060 4982 ἁπερχόμεθα;
1093 4906 1415 4975 Κλέπτομεν
1436 4906 1493 4955 ἐν
1523 4902 1643 4962 ταῖς
1681 4899 1890 4968 χερσὶν,

316 5008 632 5080 κρατοῦμεν
674 5002 1032 5072 ἀκαθαρσίας,
1094 4996 1433 5067 ψηλαφῶμεν
1480 4991 1548 5044 τὰ
1594 4990 1669 5059 μὴ
1718 5002 1891 5058 προσ-

316 5103 544 5171 ήκοντα,
579 5094 897 5169 ἁρπαζομεν
922 5096 979 5145 ἐν
999 5092 1189 5152 αὐταῖς
1218 5088 1287 5141 τὰ
1309 5085 1561 5154 ἀλλότρια
1581 5100 1596 5114 ο
1613 5083 1888 5151 τύπτομεν

316 5193 383 5244 ἐν
403 5190 591 5251 αὐταῖς
613 5189 702 5241 τὸν
736 5184 988 5253 ἀδελφὸν,
1037 5180 1336 5253 μολύνομεν
1370 5178 1463 5228 καὶ
1490 5172 1791 5243 πισσοῦμεν
1822 5171 1887 5225 δι’

316 5282 523 5348 αὐτῶν,
546 5283 639 5336 καὶ
660 5280 759 5352 τὴν
774 5278 975 5349 ψυχὴν,
1008 5276 1101 5328 καὶ
1125 5275 1186 5326 τὸ
1218 5270 1435 5340 πνεῦμα
1454 5283 1467 5298 ⁸
1500 5267 1596 5320 καὶ
1634 5263 1892 5336 ἐχόμεθα,

314 5375 416 5429 καὶ
442 5377 508 5446 τῇ
543 5375 744 5445 φρικτῇ
792 5368 1041 5441 τραπέζῃ
1092 5354 1191 5420 καῖ
1223 5363 1429 5433 φοϐερᾷ
1485 5355 1892 5429 παριστάμεθα,

314 5470 416 5523 καὶ
443 5467 514 5523 τὰ
540 5467 677 5538 μέλη
705 5463 797 5518 τοῦ
830 5458 1068 5534 Χριστοῦ
1093 5455 1497 5529 διαμερίζομεν.
1564 5508 1567 5509 ν

395 5670 440 5704 ’³
470 5668 604 5724 Luc.
636 5682 709 5729 ιν,
732 5665 823 5720 25.
934 5663 978 5693 “
1015 5661 1150 5717 Luc.
1180 5675 1253 5723 rt,
1288 5656 1379 5711 42.
1490 5654 1534 5687 ³⁸
1559 5652 1663 5707 lsa.
1690 5663 1763 5715 γι,
1797 5647 1850 5704 6.

560 5765 835 5824 ΡΑτιιοι..
869 5757 986 5818 Gn.
1024 5754 1187 5814 LXX
1203 5751 1364 5811 XVI.

1999 4467 2185 4522 heret!
2211 4465 2384 4530 Quam
2416 4469 2695 4532 eporteret
2728 4458 2987 4528 praeferre
3034 4451 3382 4514 munditiam,
3428 4449 3569 4503 ccelo

1999 4553 2401 4614 sublimiorem,
2472 4546 2900 4618 splendidiorem
2970 4540 3199 4609 angelis,
3265 4536 3567 4591 Cherubim

2000 4644 2368 4701 sanctiorem!
2397 4651 2562 4710 atque
2596 4639 2803 4692 utinam
2842 4634 2925 4688 vel
2983 4627 3343 4686 immnnditiaa
3378 4640 3572 4695 pecca-

1998 4740 2151 4808 tique
2182 4734 2512 4791 immunem!
2542 4731 2661 4786 Non
2691 4730 3000 4783 horremus.
3032 4721 3247 4784 amabo,
3284 4717 3378 4787 qui
3405 4714 3574 4770 clari-

2001 4841 2165 4887 tatem
2214 4826 2483 4900 ejusmodi
2535 4822 2790 4877 manibus
2833 4822 3259 4873 contrectantes,
3308 4825 3371 4863 ac
3409 4809 3571 4862 talem

1998 4933 2252 4978 tenentes
2301 4921 2502 4989 ignem,
2546 4910 2930 4968 discedamus?
2973 4909 3243 4962 Furamur
3292 4900 3568 4964 manibus,

1999 5010 2407 5067 immunditiam
2461 5014 2730 5067 tenemus,
2791 5014 2912 5070 quae
2971 4996 3125 5050 nefas
3170 4997 3566 5053 attrectamus,

1996 5106 2171 5159 aliena
2198 5102 2459 5171 rapimus,
2483 5098 2678 5151 fratres
2709 5093 3004 5155 caedimus;
3038 5088 3232 5141 harum
3254 5095 3423 5153 opera
3448 5080 3567 5134 ani—

1998 5212 2148 5251 mum
2208 5170 2573 5263 spiritumque
2606 5186 2923 5257 polluimus,
2957 5181 3219 5249 velutque
3251 5175 3373 5246 pice
3409 5170 3572 5257 obni-

1992 5302 2255 5361 gramus;
2311 5300 2373 5338 ac
2400 5279 2697 5336 tremenda:
2721 5273 3164 5342 formidabilique
3192 5282 3395 5324 mensae
3429 5256 3569 5319 assi-

1994 5378 2211 5443 stimus,
2243 5382 2406 5444 atque
2433 5369 2638 5427 Christi
2665 5364 2909 5422 membra
2940 5361 3257 5418 dividimus.

3044 5717 3155 5782 102
