4038 6208
517 253 656 320 3243

1786 245 2093 309 INCER’I’I
2138 245 2511 307 AUCTORIS

3612 245 3748 312 32M

583 366 725 435 Quid
749 365 893 421 enim
913 366 936 419 ?
956 365 1018 420 in
1039 365 1268 421 macello
1292 373 1459 429 astas,
1504 360 1715 417 homo?
1757 361 1864 415 Eos
1897 360 2083 416 saltem

2259 357 2326 411 Τί
2353 359 2490 429 γ’άρ;
2524 358 2613 412 Ἐν
2642 357 2896 432 μακέλλῳ
2958 356 3309 432 παρίστασαι,
3336 357 3626 432 ἇνθρωπες
3655 364 3756 418 Ηί-

515 458 732 512 imitare
759 456 854 526 qui
898 455 1063 526 regiae
1112 470 1313 509 mensa:
1365 453 1677 518 assistunt;
1733 448 2083 518 corruptibili

513 549 614 616 iHi,
640 563 704 603 ac
731 547 985 603 sensibus
1039 545 1323 615 expositae.
1365 545 1505 599 Num
1533 543 1679 598 enim
1719 555 1943 611 prorsus
1998 539 2088 593 hic

514 650 792 697 terrenum
822 638 955 708 quid
986 637 1189 709 agitur?
1229 637 1371 691 Num
1414 648 1645 706 prorsus
1689 631 1942 688 sublimis
1971 629 2087 686 elli-

511 731 694 786 ceris?
717 729 951 784 Omnino
978 728 1032 782 in
1057 736 1222 791 terra,
1239 741 1349 780 non
1371 725 1424 779 iu
1447 740 1573 780 aere
1598 722 1900 780 consistis?
1923 722 2085 791 quin-

513 824 624 877 imo
649 822 702 876 in
729 821 891 884 caelo,
916 834 1024 874 nec
1059 818 1111 872 id
1149 817 1332 883 modo,
1379 817 1474 873 sed
1514 826 1776 887 tanquam
1801 812 2084 870 Dominico

512 915 632 983 ipso
680 913 880 965 throno
929 911 1173 975 assistas,
1215 908 1295 963 sic
1346 919 1399 963 te
1440 909 1674 963 horrore
1717 923 1782 962 ac
1843 916 2082 962 tremore

512 1001 648 1056 allici
677 1000 988 1070 Oportebat.
1016 999 1083 1054 Et
1108 998 1240 1068 quid
1279 998 1428 1062 dico,
1462 1007 1721 1068 tanquam
1750 997 1951 1050 throno
1973 994 2082 1048 Do-

512 1093 756 1147 minico?
780 1091 902 1147 Scio
933 1092 1122 1161 plures
1146 1089 1398 1144 mordere
1428 1105 1548 1158 quze
1575 1088 1830 1150 dicimus,
1862 1085 1957 1141 sed
1975 1083 2082 1139 dici

509 1194 574 1234 ea
608 1193 833 1233 necesse
866 1187 950 1232 est
979 1178 1049 1232 ob
1072 1193 1136 1231 ca
1159 1193 1280 1247 quae
1312 1187 1602 1246 geruntur.
1629 1177 1724 1230 Est
1749 1175 1896 1230 enim
1935 1187 2084 1228 nunc

509 1271 677 1325 animi
703 1285 1079 1335 commonere,
1105 1271 1283 1340 deque
1320 1269 1506 1324 divina
1543 1270 1647 1324 hac
1696 1285 1760 1324 ac
1796 1269 2083 1324 incruenta

510 1364 689 1418 hostia
717 1363 1104 1426 disserentem,
1128 1362 1416 1416 horrorem
1447 1362 1712 1416 incutere.
1741 1361 1904 1416 Forte
1935 1360 2080 1416 enim

510 1453 837 1524 quibusdam
862 1467 892 1506 e
923 1467 980 1506 re
1012 1459 1159 1506 esset
1195 1451 1265 1505 ab
1309 1466 1374 1506 ea
1426 1451 1617 1520 procul
1661 1451 1946 1505 absistere.
1993 1449 2081 1504 Si-

509 1543 732 1614 quidem
758 1543 906 1597 euim
940 1542 1006 1605 is,
1033 1541 1125 1610 qui
1159 1541 1377 1612 indigne
1403 1540 1696 1595 manducat
1715 1548 1770 1595 et
1803 1541 1942 1595 bibit
1973 1541 2080 1595 Do-

509 1636 771 1692 minicum
801 1651 1021 1705 corpus,
1050 1635 1320 1704 judicium
1349 1635 1455 1689 sibi
1509 1635 1801 1689 manducat
1826 1643 1882 1689 et
1902 1634 2076 1702 bibit;

2191 466 2362 519 μησαι
2390 450 2495 503 κᾶν
2517 451 2644 513 τοὺς
2658 452 2717 503 έν
2737 451 2985 524 τραπέζῃ
3013 449 3264 524 βασιλικῇ
3294 452 3747 524 παρισταμένους,

2188 544 2253 613 τῇ
2291 543 2525 614 φθαρτῇ,
2550 544 2617 614 τῇ
2646 542 2899 614 αίσθητῇ.
2935 543 3115 608 Ὅλως
3147 543 3258 614 γὰρ
3295 537 3399 598 ὧδε
3421 543 3660 613 ἐπίγειον
3697 545 3748 598 τί

2187 635 2454 697 ποιεῖται;
2516 631 2735 704 [ἐννοῶν
2788 632 3095 706 ὀφείλεις;]
3153 634 3292 698 ὅλως
3351 635 3640 706 μετάρσιος
3686 635 3744 689 οὐ

2185 720 2308 794 γίνῃ
2335 738 2349 786 ;
2375 720 2512 784 ὅλως
2537 721 2630 775 ἐπὶ
2665 724 2788 793 γῆς,
2818 723 2911 775 καὶ
2937 722 3039 776 οὐκ
3066 724 3124 775 ὲν
3149 721 3228 790 τῷ
3261 722 3450 790 ἀέρει;
3475 721 3669 792 μᾶλλον
3690 721 3745 776 δὲ

2183 814 2242 866 ὲν
2269 812 2347 882 τῷ
2367 812 2581 884 οὐρανῷ
2599 830 2614 846 ’
2637 815 2733 868 καὶ
2765 814 2827 867 οὺ
2891 815 3072 884 μόνον,
3097 814 3214 869 ἀλλ’
3247 814 3325 879 ὡς
3375 815 3524 886 αὐτῷ
3556 813 3634 886 τῷ
3661 818 3749 868 Δε-

2186 905 2428 976 σποτικῷ
2463 905 2639 978 θρόνῳ
2683 906 3111 977 παριστάμενος,
3139 905 3312 970 οὕτως
3366 907 3614 978 φρίττειν
3661 908 3754 962 καὶ

2185 997 2410 1067 τρέμειν
2459 997 2643 1068 ἐχρῆν.
2674 998 2786 1050 Καὶ
2827 998 2880 1050 τί
2919 998 3082 1065 λέγω,
3105 997 3184 1060 ὡς
3229 999 3288 1051 ὲν
3320 999 3398 1068 τῷ
3443 997 3618 1069 θρόνῳ
3659 1000 3756 1051 Δε-

2187 1084 2460 1156 σποτικῷ;
2521 1081 2653 1139 Οἶδα
2705 1086 2788 1139 ὅτι
2842 1087 3068 1150 πολλοὺς
3134 1085 3318 1140 δάκνει
3357 1085 3425 1139 τὰ
3468 1085 3753 1157 λεγόμενα,

2183 1175 2301 1230 ἀλλ’
2351 1176 2560 1248 ἀνάγκη
2619 1177 2852 1248 ῥηθῆναι
2902 1177 2992 1231 διὰ
3045 1177 3114 1230 τὰ
3161 1178 3427 1248 λεγόμενα
3473 1177 3584 1249 [ισ.
3613 1178 3755 1245 γινό-

2187 1264 2364 1337 μενα].
2391 1266 2661 1339 Βούλομαι
2693 1270 2802 1340 γὰρ
2823 1271 3129 1340 ὑπομνῆσαι
3157 1269 3274 1331 νῦν,
3308 1270 3405 1322 καὶ
3442 1269 3756 1338 δυσωπῆσαι

2184 1359 2312 1429 περὶ
2339 1359 2538 1428 ταύτης
2561 1361 2660 1430 τῆς
2687 1360 2836 1425 Θείας
2872 1363 2968 1415 καὶ
2993 1360 3332 1432 ἀναιμάκτου
3366 1361 3574 1424 θυσίας.
3606 1361 3758 1431 Τάχα

2183 1448 2289 1518 γάρ
2327 1464 2435 1500 τισι
2480 1448 2776 1518 συνέφερεν
2827 1451 3041 1521 μακρὰν
3081 1450 3286 1522 ταύτης
3327 1451 3647 1521 ἀπέχεσθαι.
3693 1452 3757 1504 Ei

2183 1538 2290 1610 γὰρ
2316 1539 2344 1591 ὁ
2375 1539 2608 1604 ἀναξίως
2637 1541 2831 1594 ἐσθίων
2859 1542 2952 1595 καὶ
2981 1542 3150 1596 πίνων
3187 1543 3250 1596 τὸ
3275 1543 3369 1596 τοῦ
3404 1542 3606 1614 Κυρίου
3653 1543 3763 1595 σῶ-

2152 1698 2155 1702 .
2188 1648 2285 1699 μα,
2309 1631 2479 1700 κρίμα
2498 1632 2677 1703 ἐαυτῷ
2694 1633 2859 1687 ἐσθίει
2889 1635 2982 1688 καὶ
3002 1634 3168 1687 πίνει·
3196 1634 3250 1687 τί
3271 1634 3457 1689 λοιπὸν
3473 1635 3502 1688 ό
3530 1634 3762 1700 ἀναξίως

509 1730 640 1800 quid
667 1731 777 1800 jam
813 1700 916 1782 ille.
934 1728 1027 1797 qui
1051 1700 1279 1798 indigne
1307 1743 1434 1782 cum
1462 1727 1762 1792 ministrat,
1812 1736 1927 1781 tum
1981 1700 2077 1782 su;-

2183 1721 2465 1786 διακονῶν,
2517 1723 2613 1776 καὶ
2649 1700 3079 1795 μεταλαμϐάνων
3106 1742 3122 1791 ;
3147 1727 3258 1779 Καὶ
3299 1726 3399 1778 οὐκ
3440 1725 3758 1794 αἰδούμεθα,

507 1819 643 1874 mit?
675 1820 792 1874 Non
839 1817 1026 1887 pudet,
1061 1818 1153 1896 qui
1209 1817 1454 1872 exterius
1491 1825 1671 1872 vestes
1715 1831 2078 1881 assumamus,

509 1925 702 1964 manus
729 1909 998 1971 lavemus,
1027 1905 1225 1960 calceis
1277 1919 1541 1960 ornemus
1568 1903 1758 1974 pedes,
1812 1902 1972 1958 faciei
2016 1916 2081 1956 ac

510 2000 675 2071 capiti
735 1999 990 2054 decorem
1069 1997 1422 2061 asciseamus,
1494 1995 1701 2050 mundo
1771 1995 2080 2065 fulgeamus

509 2091 735 2156 amictu,
768 2087 1028 2156 intusque
1055 2086 1259 2140 diaboli
1290 2085 1420 2143 vitia
1449 2084 1624 2139 induti
1654 2084 1849 2150 simus,
1877 2092 2077 2138 totum-

508 2198 618 2253 que
646 2180 1102 2237 contenebratum
1129 2177 1396 2241 animum,
1436 2190 1500 2231 ac
1533 2183 1740 2230 vestem
1785 2175 1905 2245 ejus
1948 2188 2082 2228 con-

509 2280 824 2342 spurcatam
854 2271 1194 2334 habeamus;
1224 2268 1317 2338 qui
1352 2267 1615 2322 nimirum
1639 2266 1750 2337 jam
1775 2265 1830 2319 in
1851 2279 2080 2336 corpore

509 2378 575 2418 ac
611 2361 872 2420 exteriori
901 2375 1121 2431 pompa,
1144 2373 1257 2414 non
1281 2357 1336 2412 in
1362 2356 1561 2427 spiritu
1594 2370 1660 2412 ac
1689 2355 1924 2411 veritate
1970 2355 2080 2410 Do-

510 2453 661 2506 mino
685 2449 1034 2506 serviamus?

586 2542 760 2598 Vultis
772 2542 1001 2609 etaliam
1030 2549 1345 2595 nostrorum
1357 2538 1702 2594 sacerdotum
1716 2535 2083 2592 miserabilio-

515 2647 632 2686 rem
665 2630 1030 2685 calamitatem
1079 2642 1374 2696 casumque
1403 2641 1787 2696 exsequamur,
1817 2624 1975 2695 cujus
1995 2623 2082 2677 vel

510 2720 628 2789 ipsa
657 2718 866 2774 auditio
899 2723 1106 2772 metum
1149 2731 1215 2771 ac
1250 2724 1516 2770 terrorem
1540 2714 1702 2769 facit?
1726 2713 1965 2766 Audiant
1986 2711 2080 2781 qui

507 2811 782 2875 laborant,
809 2824 872 2864 ac
899 2807 1283 2864 emendentur.
1318 2807 1544 2862 Praestat
1570 2805 1717 2860 enim
1749 2820 1780 2858 a
1805 2819 1864 2859 re
1898 2803 2081 2858 divina

509 2902 798 2966 absistere,
835 2913 1024 2970 quam,
1060 2913 1185 2952 cum
1207 2896 1286 2951 illi
1333 2896 1574 2962 intersis,
1600 2895 1791 2950 oculos
1821 2895 1875 2948 in
1917 2893 2083 2948 facies

509 2994 741 3049 decoras
801 2991 1181 3060 formososque
1233 2989 1420 3043 vultus
1455 3003 1621 3059 vagos
1661 2988 1888 3058 jactare.
1939 2984 2085 3040 Con-
2109 3025 2150 3080 ρ

510 3085 785 3148 tremisce,
826 3083 992 3137 homo
1019 3099 1035 3147 ;
1061 3081 1117 3136 in
1140 3089 1299 3136 terra:
1334 3077 1712 3150 penetralibus
1745 3077 1968 3139 abdere,
2010 3091 2080 3132 ne

509 3176 652 3246 ignis
704 3173 1049 3228 descendens
1109 3178 1398 3226 consumat
1463 3177 1538 3223 te.
1591 3167 1873 3238 Siquidem
1931 3166 2080 3221 enim

505 3267 681 3322 Moses
722 3280 846 3320 cum
893 3263 963 3318 ad
1001 3271 1285 3316 terrenum
1335 3260 1534 3314 rubum
1593 3259 1753 3314 Vellet
1795 3257 2077 3324 accedere,

502 3359 773 3414 hactenus
797 3351 1337 3425 prohibetur,donec
1358 3351 1536 3406 solvat
1552 3350 1986 3405 calceamentum
2010 3349 2076 3416 ’νς

497 3447 706 3520 potiori
736 3461 836 3502 nos
880 3445 1042 3515 longe
1103 3442 1319 3498 ratione
1375 3441 1472 3512 qui
1523 3441 1731 3511 angelis
1777 3439 2081 3512 inaspecta-

2183 1813 2379 1880 ἔξωθεν
2412 1815 2512 1886 μὲν
2538 1815 2616 1888 τῷ
2643 1815 2854 1884 σώματι
2880 1815 3314 1882 ἐξαλλάττοντες,
3346 1817 3442 1870 καὶ
3459 1820 3650 1888 χεῖρας
3681 1817 3762 1871 νί-

2183 1921 2430 1972 πτοντες,
2481 1907 2576 1960 καὶ
2612 1907 2778 1972 πόδας
2808 1907 3120 1978 ὑποδήμασι
3169 1908 3520 1976 κοσμοῦντες,
3551 1909 3647 1962 καὶ
3692 1908 3762 1962 τὰ

2182 1996 2469 2067 πρόσωπα,
2504 1998 2600 2052 καὶ
2633 1997 2731 2069 τὴν
2781 1997 3025 2070 κεφαλὴν
3061 1997 3524 2064 καλλωπίζοντες*
3552 1999 3760 2054 ἔνδυσιν

2183 2087 2427 2158 καθαρὰν
2462 2088 2558 2142 καὶ
2587 2089 3005 2160 ἀστράπτουσαν
3049 2089 3294 2160 ἔχοντεςο
3345 2090 3552 2146 ἔσωθεν
3577 2090 3658 2155 δὲ,
3690 2093 3758 2162 τῇ

2180 2176 2322 2250 ψυχῇ
2359 2178 2428 2233 τὰ
2465 2178 2612 2246 πάθη
2659 2181 2753 2234 τοῦ
2801 2180 3050 2235 διαϐόλου
3088 2183 3478 2253 ἠμφιεσμένοι,
3507 2182 3603 2236 καὶ
3631 2181 3761 2251 ὅλην

2180 2268 2279 2340 τὴν
2302 2268 2474 2340 ψυχὴν
2503 2271 2915 2342 έσκοτισμένην,
2950 2273 3044 2326 καὶ
3095 2274 3194 2344 τὴν
3225 2273 3428 2341 ἐσθῆτα
3456 2273 3631 2343 αὐτῆς
3664 2289 3762 2342 μερ

2185 2358 2529 2430 μολυσμένην
2559 2359 2801 2430 ἔχοντεςο
2845 2363 2904 2415 ὲν
2935 2364 3149 2433 σώματι
3193 2364 3377 2418 λοιπὸν
3407 2363 3502 2418 καὶ
3533 2363 3758 2436 θεωρίᾳ,

2181 2451 2280 2503 ούκ
2302 2451 2359 2504 έν
2387 2451 2658 2521 πνεύματι
2698 2453 2790 2506 καὶ
2820 2455 3044 2526 ἀληθείᾳ
3068 2456 3146 2526 τῷ
3169 2455 3358 2526 Κυρίῳ
3382 2455 3756 2523 δουλεύοντες

2257 2539 2522 2594 Βούλεσθε
2575 2543 2877 2612 γυμνώσω,
2910 2546 3002 2598 καὶ
3052 2545 3247 2617 ἑτέραν
3284 2546 3396 2600 τῶν
3440 2545 3555 2599 καθ’
3597 2547 3758 2615 ἡμᾶς

2181 2631 2308 2694 τοὺς
2335 2633 2499 2701 ἱερεῖς
2525 2632 2894 2705 ὲλεεινοτὰτην
2918 2636 3222 2710 συμφορᾲν,
3244 2637 3338 2690 καὶ
3353 2637 3388 2706 ἡ
3411 2637 3760 2705 ἁκοὴζφόϐον,

2184 2722 2279 2774 καὶ
2340 2723 2540 2792 τρόμος
2596 2723 2929 2794 καθέστηκε;
2973 2725 3344 2779 Ἀκουέτωσαν
3365 2727 3415 2780 oi
3451 2724 3760 2789 νοσοῦντες,

2185 2813 2279 2866 καὶ
2307 2811 2759 2883 διορθούσθωσαν.
2801 2817 3057 2886 ’Ἄμεινον
3104 2819 3213 2886 γὰρ
3268 2819 3366 2888 τῆς
3415 2816 3761 2887 λειτουργίας

2184 2903 2540 2972 ἀφίστασθαι,
2563 2905 2598 2975 ἢ
2627 2907 2684 2959 ὲν
2714 2906 2851 2978 αὐτῇ
2889 2906 3019 2960 ὄντα
3037 2907 3166 2970 τοὺς
3186 2907 3496 2978 ὀφθαλμοὺς
3550 2908 3632 2970 είς
3657 2907 3761 2970 τὰς

2184 2995 2294 3050 τῶν
2325 2994 2630 3064 προσώπων
2677 2997 2983 3068 εὐμορφίας
3042 3000 3362 3070 ῥέμϐεσθαι.
3397 2999 3610 3072 Φρίξον,
3661 2998 3762 3052 ἀν-

2185 3084 2371 3156 θρωπε
2392 3101 2406 3116 ⁸
2435 3087 2515 3148 είς
2533 3086 2637 3156 γῆν
2662 3088 3012 3159 καταδύθητι,
3039 3089 3114 3161 μὴ
3137 3091 3393 3145 κατελθὸν
3414 3091 3526 3164 πῦρ
3547 3090 3764 3144 ἀναλώ-

2187 3192 2269 3229 σει
2305 3193 2382 3231 σε.
2413 3177 2476 3230 Ei
2516 3178 2626 3248 γὰρ
2647 3180 2710 3248 τῇ
2745 3179 2975 3250 ὲπιγείῳ
3001 3181 3149 3252 βάτῳ
3185 3182 3546 3254 προσεγγίσαι
3598 3181 3763 3253 θελήο

2187 3281 2287 3329 σας
2311 3266 2551 3337 Μωῦσῆς
2571 3307 2586 3330 ,
2618 3267 2888 3328 κωλύεται
2917 3271 3046 3343 ἄχρι
3057 3291 3074 3335 ;
3097 3265 3159 3326 οὗ
3188 3271 3340 3326 λύσει
3377 3273 3440 3325 τὸ
3474 3271 3758 3342 ὑπόδημα,

2183 3355 2334 3427 πόσῳ
2359 3372 2423 3424 γε
2448 3357 2648 3426 μᾶλλον
2667 3359 2827 3430 ἡμεῖς
2851 3360 2943 3415 τὸν
2958 3361 3214 3432 ἀγγέλοις
3247 3363 3477 3418 ἀθέατον
3494 3363 3760 3434 ὁρῶντες,

2181 3445 2276 3536 καὶ
2329 3445 2712 3517 ψηλαφῶντες,
2769 3451 2864 3504 καὶ
2895 3452 3426 3536 μεταλαμϐάνονςες,
3460 3452 3763 3523 ὀφείλομεν

501 3541 670 3596 bilem
689 3551 1004 3600 cernamus,
1028 3543 1455 3601 contrectemus,
1478 3547 1777 3596 sumamus,
1805 3531 2079 3586 solvamus

2183 3533 2338 3590 λύσαι
2373 3537 2442 3592 τὰ
2480 3538 2649 3610 νεκρὰ
2691 3541 2786 3596 καὶ
2807 3542 3019 3606 όζοδίας
3046 3545 3286 3614 γέμοντα
3335 3531 3472 3614 ἔργα
3511 3542 3610 3613 τῆς
3649 3541 3764 3610 ψυ-

502 3645 727 3687 necesse
757 3638 842 3684 est
872 3636 1088 3682 mortua
1143 3626 1310 3680 animi
1343 3640 1506 3695 opera
1546 3639 1610 3679 ac
1644 3623 1857 3678 fauoris
1890 3623 2071 3692 plena.

2183 3628 2304 3697 κῆς·
2335 3628 2514 3694 Τόπος
2542 3632 2643 3703 τῆς
2667 3634 2948 3704 τραπέζης
2973 3635 3073 3705 τῆς
3095 3635 3273 3706 μυκῆς
3302 3635 3516 3706 ἡβάτος
3538 3651 3551 3664 ·
3577 3633 3765 3698 τύπος

504 3722 698 3777 Rubus
729 3719 876 3774 enim
914 3715 1156 3788 mystica:
1188 3716 1356 3787 hujus
1403 3730 1607 3770 mensae
1637 3713 1805 3785 ﬁgura
1826 3731 1839 3769 :
1863 3714 2076 3768 calcea-

2183 3719 2234 3772 δὲ
2262 3719 2369 3772 τῶν
2399 3721 2816 3794 ἁμαρτημάτων
2859 3726 2928 3778 τὰ
2981 3726 3326 3798 ὑποδήματα.
3389 3727 3606 3798 Ταύτην
3651 3726 3766 3797 τὴν

504 3828 690 3871 menta
723 3829 877 3878 vero,
903 3812 1074 3884 ﬁgura
1106 3821 1484 3882 peccatorum.
1524 3809 1888 3864 Tretnendam
1933 3809 2076 3864 hanc

2183 3811 2413 3883 φοϐερὰν
2450 3813 2788 3886 λειτουργίαν
2811 3816 2977 3871 Δαϐὶδ
3013 3819 3232 3890 τρέμων
3255 3819 3460 3887 ελεγενο
3487 3821 3765 3887 Niphaten

503 3921 620 3961 rem
653 3906 864 3959 sacram
904 3903 1179 3959 reveritus
1216 3901 1410 3967 David,
1442 3901 1652 3956 aiebat:
1692 3901 1900 3955 Lavabo
1936 3902 2075 3954 inter

2183 3903 2244 3957 ἐν
2273 3903 2488 3972 ἀθώοις
2516 3905 2624 3972 τὰς
2653 3906 2857 3976 χεῖράς
2884 3926 3004 3977 μου
3024 3950 3040 3975 ,
3073 3910 3175 3966 καί
3217 3909 3512 3966 κυκλώσω
3539 3911 3609 3965 τὸ
3645 3916 3766 3966 θυ-

500 3998 799 4050 innoeeutes
828 4008 1015 4047 manus
1049 4007 1211 4052 meas.
1256 4000 1305 4046 et
1343 3991 1672 4046 circumdabo
1710 3989 1884 4046 altare
1904 4000 2071 4058 tuum,

2183 3995 2535 4066 σιαστήριόν
2558 4012 2698 4066 σου,
2733 3999 2930 4067 Κύριε.

499 4085 724 4140 Domine
759 4085 827 4137 “.

570 4174 986 4247 EXpergiscere,
1022 4173 1207 4228 homo.
1266 4173 1336 4229 Ut
1379 4171 1510 4243 quid
1539 4171 1628 4226 his
1679 4170 1770 4240 qui
1805 4170 2072 4226 accedunt

2258 4179 2577 4251 Ἀνάνηψον,
2613 4182 2887 4252 ἄνθρωπε.
2923 4182 2990 4238 Τί
3019 4186 3129 4248 τοῖς
3178 4186 3637 4258 προσερχομένοις
3659 4188 3770 4242 λέ·-

499 4267 580 4321 ais
606 4283 621 4319 :
653 4265 856 4333 Corpus
889 4271 937 4317 et
969 4265 1187 4333 sanguis
1207 4263 1346 4333 Agni
1377 4263 1490 4328 Dei,
1521 4263 1660 4333 quod
1691 4264 1782 4317 tibi
1813 4267 1975 4317 datur
2013 4265 2068 4318 in

2183 4287 2238 4338 γε
2247 4287 2315 4334 ις,
2329 4270 2501 4340 Σῶμα
2523 4273 2621 4326 καὶ
2642 4268 2784 4342 αἷμα
2805 4274 2913 4328 τοῦ
2927 4275 3135 4344 Ἀμνοῦ
3152 4277 3256 4331 τοῦ
3277 4276 3424 4332 Θεοῦ
3439 4277 3775 4347 διδόμενόν

501 4358 861 4412 remissionem
891 4355 1266 4425 peccatorum?
1287 4355 1426 4421 Quid
1465 4355 1649 4409 dicis?
1685 4355 1868 4408 Alium
1896 4372 2062 4411 cona-

2183 4375 2270 4413 γοι
2292 4361 2380 4424 είς
2405 4359 2626 4428 ἄφεσιν
2653 4362 2974 4431 ἁμαρτιῶν;
3004 4364 3068 4417 Τί
3101 4365 3282 4433 λέγεις
3307 4384 3322 4433 ;
3352 4367 3542 4420 ’Δλλον
3565 4368 3773 4421 καθαί-

501 4449 578 4502 ris
599 4445 923 4509 emundare,
945 4459 1048 4500 nec
1066 4444 1162 4499 tibi
1181 4458 1367 4498 curam
1392 4445 1574 4515 geris?
1599 4443 1664 4498 In
1687 4446 2066 4512 remissionem,

2183 4467 2280 4503 new
2299 4452 2616 4522 ἐπιχειρεῖς.
2643 4454 2735 4506 καὶ
2757 4454 2932 4524 ἐαυτῷ
2956 4454 3015 4508 ού
3038 4456 3342 4526 φροντίζεις
3363 4475 3377 4522 ;
3395 4461 3500 4523 Εἰς
3527 4457 3772 4527 ἄφεσιν

499 4538 658 4602 dicis,
699 4544 1061 4608 peccatorum;
1099 4551 1163 4590 ac
1188 4546 1266 4601 tu,
1313 4535 1426 4605 ipsa
1454 4536 1838 4606 mysteriorum
1870 4537 2072 4607 imper-

2183 4541 2466 4610 ίμαρτιῶν
2489 4543 2686 4610 λέγεις,
2705 4547 2798 4597 καὶ
2821 4547 2885 4600 σὺ
2907 4545 3221 4616 προσθήκην
3244 4549 3546 4620 ἁμαρτιῶν,
3574 4551 3676 4603 καὶ⁵
3706 4553 3771 4604 ἐν

504 4631 719 4691 titione,
762 4628 863 4682 tibi
921 4627 1038 4697 ipse
1085 4634 1434 4697 peccatorum
1489 4629 1748 4698 majorem
1799 4631 2069 4684 sarcinam

2183 4633 2306 4702 ιύτῇ
2330 4635 2394 4703 τῇ
2419 4634 2701 4702 μεταδόσει
2737 4635 2976 4706 ἐργάζῃ;
3018 4638 3298 4709 Ἐννόησον
3338 4639 3438 4709 τῆς
3471 4641 3771 4712 τραπέζης

495 4724 667 4779 facis?
693 4722 882 4793 Cogita
915 4721 1254 4777 tremendam
1299 4722 1444 4777 illam
1471 4737 1712 4778 mensam
1758 4738 1926 4778 casum
1951 4739 2069 4796 my-

2183 4726 2385 4795 ὲκείνης
2419 4728 2517 4797 τῆς
2548 4728 2784 4798 φοϐερᾶς
2814 4728 2908 4782 τοῦ
2931 4730 3154 4784 δειπνοῦ
3192 4730 3286 4784 τοῦ
3321 4733 3582 4801 μυστικοῦ
3607 4734 3770 4806 [κατ’

493 4816 664 4879 ειίειε,
686 4813 1040 4883 inveniesque
1061 4822 1259 4868 cuncta
1282 4813 1440 4868 nobis
1461 4814 1512 4868 in
1534 4830 1597 4868 ea
1622 4813 1831 4884 figurali
1854 4815 2064 4870 ratione

2183 4817 2286 4870 ἑλλε
2296 4817 2410 4887 ιψον
2423 4817 2537 4884 τοῦ,
2553 4835 2621 4870 πε
2629 4817 2704 4890 pi]
2713 4859 2726 4882 ,
2742 4820 2834 4872 καὶ
2845 4820 2906 4872 εύ
2915 4823 2978 4892 ρή
2985 4837 3096 4884 σεις
3111 4822 3167 4874 ἐν
3185 4823 3376 4892 ἐκείνῳ
3386 4822 3602 4876 ἅπαντα
3617 4825 3655 4888 ὴ
3664 4827 3773 4894 μῖν

494 4905 754 4978 ιιι-αιάίοω
773 4903 1288 4967 fuisse.Videamus,
1314 4904 1567 4968 obsecro,
1583 4905 1800 4975 singuli,
1815 4921 1920 4975 qua
1938 4905 2064 4960 huic

2183 4910 2418 4972 τυπικῶς
2435 4911 2824 4980 προειρημένα.
2835 4911 3062 4982 Ἰδωμεν
3076 4911 3310 4966 δυσωπῶ
3322 4914 3550 4978 ἕκαστος
3571 4916 3769 4986 ἡμῶν,

493 4997 705 5054 ratione
733 4997 1071 5059 assistamus,
1100 5013 1168 5050 ne
1192 4995 1331 5050 forte
1351 5013 1449 5050 nos
1471 5013 1689 5066 quoque
1724 4998 1873 5051 velut
1894 4997 2062 5053 Judas

2183 5000 2289 5064 πῶς
2337 5002 2396 5054 ὲν
2442 5001 2614 5072 ταύτῃ
2664 5004 3062 5074 παριστάμεθα,
3102 5005 3296 5075 μήπως
3331 5007 3423 5059 καὶ
3473 5007 3635 5076 ἡμεῖς
3685 5008 3772 5074 ὡς

491 5091 769 5146 Christum
797 5089 1137 5160 spiritalibus
1163 5087 1366 5143 Judaais
1398 5089 1714 5158 prodamus.
1749 5090 1885 5146 Cum
1919 5090 2065 5144 enim

2185 5094 2384 5156 Ἰούδας
2409 5094 2500 5147 τὸν
2532 5094 2768 5164 Χριστὸν
2793 5098 2904 5159 τοῖς
2937 5099 3145 5166 νοητοῖς
3183 5097 3458 5162 Ἰουδαίοις
3482 5099 3773 5169 προδίδωο

492 5199 618 5240 cum
643 5198 710 5238 eo
736 5190 1016 5238 morantes
1049 5181 1193 5236 inter
1225 5182 1304 5236 rei
1347 5198 1518 5238 sacra:
1569 5184 1908 5239 tremendam
1939 5185 2066 5240 fun-

2183 5202 2294 5257 μεν.
2317 5187 2487 5240 Ὅταν
2517 5185 2628 5256 γὰρ
2650 5186 2748 5240 σὺν
2784 5187 2932 5255 αὐτῷ
2955 5187 3318 5258 διατρίϐοντες
3350 5189 3409 5241 ὲν
3438 5191 3504 5260 τῇ
3540 5189 3774 5264 φοϐερᾷ

492 5278 730 5333 ctionem
777 5274 1248 5345 sacrificiumque,
1305 5277 1483 5331 locum
1527 5275 1739 5332 Satanae
1793 5279 1849 5332 in
1899 5279 2064 5334 corde

2183 5276 2477 5348 λειτουργίᾳ
2505 5278 2596 5329 καὶ
2626 5277 2806 5348 θυσίᾳ,
2829 5277 3015 5347 χώραν
3039 5276 3116 5348 τῷ
3144 5279 3358 5348 Σατανᾴ
3394 5278 3662 5350 δώσωμεν
3705 5283 3771 5335 ἑν

491 5376 680 5420 nostro
700 5365 1038 5428 dederimus,
1063 5364 1198 5418 nihil
1225 5365 1406 5418 minus
1429 5365 1528 5434 ipsi
1556 5365 1900 5421 tradidimus.
1921 5369 2063 5435 Quid

2183 5373 2235 5441 τῇ
2271 5369 2465 5441 καρδίᾳ
2504 5372 2570 5441 τῇ
2599 5370 2864 5440 ἡμετέρα,
2888 5369 3038 5422 οὐδὲν
3074 5358 3238 5441 ηττον
3267 5371 3362 5424 καὶ
3408 5371 3571 5441 ἡμεῖς
3602 5390 3769 5444 παρ-

491 5469 621 5509 vero
665 5455 832 5508 etiam
877 5453 1054 5524 pelvis
1104 5455 1193 5508 ille
1245 5453 1608 5510 formidabilis
1660 5456 1944 5526 admonet,
2000 5476 2062 5514 ac

2183 5460 2475 5530 εδὼκαμεν.
2501 5461 2566 5512 Τί
2585 5460 2637 5514 δὲ
2667 5461 2758 5514 καῖ
2779 5463 2806 5514 ὁ
2824 5459 3023 5532 νιπτὴρ
3049 5460 3079 5512 ὁ
3105 5461 3332 5533 φοϐερὸς
3363 5464 3509 5534 ἡμᾶς
3535 5464 3764 5528 ἐκεῖνος

598 5636 641 5664 ’⁷
667 5633 839 5689 Exod.
872 5649 948 5699 ιιι,
986 5636 1036 5688 5.
1155 5634 1198 5665 ²⁸
1237 5635 1388 5688 Psal.
1424 5651 1547 5698 xxv,
1579 5636 1628 5689 6.
