4038 6208
331 218 470 287 3245

1448 219 1546 281 DE
1584 218 1903 280 PERSICA
1935 217 2454 280 CAPTIVITATE.
2504 234 2509 239 ‘

3420 217 3559 282 32ιὶ6

326 336 585 400 διδάσκει,
609 332 701 388 καὶ
733 331 880 404 ἡτοῦ
926 332 1134 385 λεντίου
1172 329 1469 404 περίζωσις
1490 349 1506 399 ;
1529 333 1642 404 Τὴν
1667 333 1777 387 τῶν
1806 333 1887 387 διο

2009 330 2308 387 mecinctio
2340 330 2537 385 lintei?
2566 344 2764 401 nempe
2808 331 3187 400 magistrorum
3252 338 3413 402 atque
3467 349 3561 403 pa-

326 425 625 487 δασκὰλων,
671 422 767 477 καὶ
817 422 1094 492 ποιμένων
1139 422 1297 491 δῆλον
1330 424 1411 475 ὅτι
1447 423 1882 491 συγκατάϐασιν.

327 518 387 571 Τί
407 518 463 571 δὲ
496 516 645 587 δηλοῖ
668 514 749 579 τὸ,
780 514 1088 586 ἀρξάμενον
1104 514 1210 567 ἀπὸ
1233 513 1341 565 τῶν
1372 515 1614 584 ἐσχάτων
1652 515 1756 578 ἓως
1785 514 1893 568 τῶν

328 611 556 680 πρώτων
610 608 817 661 νίπτειν
855 605 980 669 τοὺς
1035 603 1234 671 πόδας;
1269 606 1638 658 Ἀκουέτωσαν
1688 607 1737 658 οἱ
1795 607 1895 670 τὰς

327 698 724 770 προκαθεδρίας
753 696 1062 768 ζητοῦντες,
1100 695 1217 757 πῶς
1244 696 1274 747 δ
1312 696 1544 766 Χριστὸς
1567 697 1694 760 τοὺς
1739 696 1896 766 ἐσχά-

325 809 449 854 τους
484 790 751 857 ὲδόξασεν,
784 789 865 842 διὸ
889 790 985 841 καὶ
1021 787 1226 855 ἔλεγεν
1260 788 1537 841 Ἔσονται
1566 791 1621 841 οί
1650 788 1895 856 ἔσχατοι

326 881 669 950 πρῶτοι,καὶ
693 883 746 934 οί
768 879 982 948 πρῶτοι
1008 880 1277 947 ἔσχατοι.
1295 879 1404 930 Καὶ
1431 879 1488 931 ὲν
1520 879 1616 948 μὲν
1641 881 1706 948 τῇ
1730 878 1896 949 sine

327 974 423 1042 τῆς
461 971 626 1041 ζωῆς,
665 971 726 1024 οὑ
760 970 1116 1042 φροντίζομεν
1133 968 1252 1021 οὑδὲ
1282 968 1485 1038 πρῶτοι
1527 967 1645 1021 οὑδὲ
1668 969 1885 1038 ἔσχατοι

328 1062 713 1132 ἀπογραφῆναι
733 1077 746 1090 ·
781 1062 839 1113 ὲν
884 1060 941 1113 δὲ
970 1061 1037 1128 τῇ
1077 1058 1285 1130 ματαίᾳ
1307 1058 1433 1131 δὸξῃ
1462 1059 1571 1110 τῶν
1598 1056 1896 1128 ἀνθρώπων

331 1150 657 1224 μαινόμεθα,
714 1151 809 1204 καὶ
842 1150 1094 1221 ἀλλήλοις
1130 1149 1220 1203 διὰ
1260 1149 1466 1219 ταύτην
1514 1147 1893 1217 κατεσθίομεν.

397 1244 493 1306 Τίς
516 1243 664 1295 ἐστιν
695 1242 941 1312 πρῶτοςς
975 1242 1057 1305 τίς
1098 1242 1244 1294 ἐστὶν
1301 1241 1525 1310 ἔσχατος
1545 1238 1785 1307 ;’Βούλει
1815 1255 1896 1291 σοι

329 1331 490 1397 είπω,
543 1330 627 1394 τίς
671 1332 700 1383 ὁ
726 1331 940 1402 πρῶτος
963 1329 1115 1400 παρὰ
1161 1330 1381 1401 Χριστῷ
1402 1344 1415 1358 '
1442 1330 1671 1383 ἄκουσον
1696 1327 1898 1391 εύθέως

328 1423 479 1483 τίνας
509 1421 837 1491 μακαρίζει·
877 1420 1182 1489 Μακάριοι,
1219 1420 1405 1491 φησὶν,
1453 1423 1504 1474 οί
1550 1419 1771 1487 πτωχοί
1818 1418 1898 1483 τῷ

330 1504 643 1579 πνεύματι,
669 1510 757 1564 ὅτι
785 1510 982 1566 αὐτῶν
1012 1511 1180 1565 ἐστὶν
1207 1513 1246 1580 ή
1269 1510 1558 1574 ,βασιλεία
1581 1508 1697 1563 τῶν
1720 1510 1898 1575 οὐρα-

329 1604 472 1658 γῶν.
506 1605 598 1673 Μὴ
631 1597 804 1664 εἶπεν,
847 1602 1119 1672 Μακάριοι
1155 1604 1201 1655 οἱ
1246 1602 1451 1671 πρῶτοι
1486 1599 1564 1670 τῷ
1596 1600 1829 1669 σώματι,
1861 1595 1894 1666 ἢ

330 1697 380 1749 οἱ
416 1694 622 1765 πρῶτοι
650 1693 728 1763 τῷ
754 1692 1051 1762 ἀξιώματι,
1081 1692 1112 1763 ἢ
1142 1696 1198 1746 ἐν
1218 1692 1580 1761 ,διαδήμασινς
1615 1688 1897 1757 Οὐδαμῶς.
1930 1682 1972 1737 Β

330 1786 502 1843 Πᾶσα
525 1785 635 1856 γὰρ
666 1784 815 1849 δόξα
840 1782 1151 1851 ἀνθρώπου
1181 1782 1260 1846 ὡς
1281 1782 1463 1846 ἄνθος
1485 1781 1719 1849 χόρτου.
1745 1780 1901 1832 Πᾶσα

330 1875 632 1938 δυναστεία,
661 1873 737 1937 ὡς
770 1872 897 1926 σκιά
930 1872 1263 1943 μεσέμϐρσυ,
1292 1872 1341 1924 εί
1368 1871 1462 1923 καὶ
1493 1869 1587 1924 νῦν
1618 1868 1762 1932 τινὲς
1803 1870 1903 1921 ἑπ-

332 1966 610 2038 αίρωνται.
642 1963 752 2016 Ποῦ
785 1964 834 2016 οί
873 1963 930 2029 ἐξ
975 1964 1170 2024 αἰῶνος
1209 1961 1485 2031 βασιλεῖς;
1526 1959 1661 2028 πρὸς
1704 1959 1902 2021 αὑτοὺς

332 2057 441 2125 γάρ
462 2052 897 2123 ἀποφθέγξομαι’
923 2052 1017 2104 καὶ
1046 2048 1202 2104 αὑτοὶ
1228 2050 1337 2119 γὰρ
1361 2048 1657 2119 ἅνθρωποι,
1686 2048 1781 2100 καὶ
1804 2050 1903 2116 τῆς

331 2145 609 2217 ἡμετέρας
642 2143 857 2213 φύσεως
885 2142 1241 2211 ὑπάρχουσιν.
1272 2138 1382 2192 Ποῦ
1424 2139 1471 2191 οί
1503 2138 1743 2191 τοσοῦτοι
1772 2138 1903 2208 ἡγε-

336 2240 531 2307 μόνες;
561 2235 665 2288 ποῦ
698 2236 747 2288 οί
776 2234 1068 2296 δυνάσται;
1100 2230 1203 2285 ποῦ
1231 2233 1279 2284 οἱ
1312 2229 1682 2295 ὲξουσιασταί;
1720 2230 1779 2282 Ei
1806 2228 1903 2298 μὲν

334 2325 514 2394 ἀγαθά
556 2324 949 2395 διεπράξαντο,
996 2323 1090 2376 καλ.
1138 2322 1238 2388 τὰς
1295 2322 1676 2383 πιστευθείσας
1721 2321 1904 2384 αὑτοῖς

333 2417 513 2487 ψυχὰς
540 2414 823 2480 διέσωσαν,
854 2413 1071 2477 πάντως
1098 2414 1157 2467 ὲν
1195 2415 1306 2476 τοϊς
1343 2412 1688 2483 ἐπουρανίοις
1728 2413 1905 2481 ὑπάρ-

333 2523 547 2579 χουσινο
579 2508 628 2559 εἰ
656 2506 712 2559 δὲ
740 2507 838 2576 τῆς
877 2506 1112 2575 ποίμνης
1141 2503 1448 2574 ἠμέλησαν,
1472 2503 1690 2566 πάντως
1718 2505 1774 2557 ὲν
1793 2505 1906 2566 τοῖς

336 2596 707 2667 καταχθονίοις
752 2596 1139 2668 διατρίϐουσιν.
1188 2596 1571 2662 Παιδεύθητε,
1602 2593 1824 2661 πάντες
1851 2593 1906 2648 οί

337 2691 640 2760 κρίνοντες
663 2688 778 2757 τὴν
800 2687 934 2758 γῆνο
967 2688 1339 2742 δουλεύσατε
1380 2687 1460 2753 τῷ
1484 2688 1678 2755 Κυρίῳ
1709 2688 1778 2741 ἐν
1802 2688 1907 2756 φό-

339 2786 435 2849 σῳο
468 2782 787 2837 δουλεύσατε
808 2778 955 2845 αὑτῷ
982 2780 1040 2832 ἐν
1055 2779 1303 2850 ἀληθείᾳ,
1327 2780 1426 2832 καὶ
1454 2779 1906 2847 ἀγαλλιάσασθε

339 2875 495 2940 αὐτῷ
522 2876 591 2929 ἐν
607 2874 817 2942 τρόμῳ.
844 2873 939 2934 Εἰς
966 2870 1256 2941 πρόσωπον
1277 2870 1385 2939 γάρ
1414 2868 1579 2922 αὑτοῦ
1609 2870 1753 2938 ὑμᾶς
1784 2868 1907 2923 ἑτα-

1999 431 2209 477 storum
2262 423 2785 492 modestiamjdoeet
2843 439 2906 479 ac
2955 424 3360 479 demissionem.
3418 425 3559 491 Quid

1994 530 2183 584 porro,
2213 516 2358 585 quod
2389 516 2659 586 incipiens
2680 531 2709 569 a
2734 516 3047 571 novissimis
3064 516 3129 570 ad
3159 515 3368 586 primos
3388 531 3562 585 usque

1994 607 2141 662 lavet
2169 608 2380 676 pedes?
2436 607 2677 662 Audiant
2702 609 2795 677 qui
2829 608 3036 678 primas
3064 616 3317 677 quaerunt
3357 607 3516 661 sedes
3546 650 3560 672 ,

1996 716 2102 769 qua
2123 699 2375 755 Christus
2402 702 2616 755 ratione
2641 701 2968 755 novissimos
2986 699 3391 762 elariﬁeaverit,
3419 697 3563 752 unde

1995 798 2052 846 et
2081 791 2333 847 dicebat:
2382 792 2558 846 Erunt
2594 793 2862 846 novissimi
2892 793 3070 862 primi,
3104 798 3153 843 et
3187 791 3344 859 primi
3392 791 3565 842 novis-

1993 884 2115 936 simi
2155 884 2221 937 ’9.
2252 884 2327 938 Ae
2361 884 2584 953 quidem
2616 884 2670 937 in
2698 883 2840 937 libro
2880 883 3006 936 vita:
3040 898 3149 935 non
3192 894 3449 934 curamus
3481 879 3566 931 vel

1997 974 2159 1043 primi
2189 974 2561 1037 deseribi,vel
2612 975 2936 1029 novissimi:
2986 984 3048 1029 ut
3087 983 3272 1028 autem
3318 972 3371 1027 in
3418 972 3567 1027 inani

1997 1062 2282 1118 hominum
2308 1065 2503 1134 gloria,
2541 1065 2717 1119 insani
2749 1065 3044 1130 ambimus,
3084 1065 3262 1134 obque
3306 1064 3452 1119 illam
3479 1064 3567 1119 in-

1997 1153 2173 1209 vicem
2197 1155 2546 1208 devoramus.

2069 1244 2205 1310 Quis
2246 1244 2457 1313 primus
2492 1243 2614 1297 est?
2639 1242 2764 1312 quis
2804 1243 3178 1298 novissimus?
3222 1245 3317 1299 Vis
3365 1244 3566 1308 diram,

1998 1332 2122 1403 quis
2164 1332 2306 1402 apud
2338 1332 2618 1387 Christum
2657 1334 2883 1386 exsistat
2918 1332 3167 1401 primus?
3205 1332 3345 1386 Audi
3384 1334 3567 1386 statim

1999 1439 2266 1493 quosnam
2315 1424 2507 1478 beatos
2550 1425 2908 1493 pronuntiet:
2952 1424 3127 1489 Beati,
3182 1425 3381 1494 inquit,
3439 1443 3573 1497 pau-

1999 1530 2146 1583 peres
2173 1515 2384 1584 spiritu,
2426 1517 2549 1584 quia
2580 1517 2814 1585 ipsorum
2844 1523 2922 1568 est
2958 1531 3178 1584 regnum
3221 1515 3469 1569 caelorum
3502 1518 3568 1569 ³⁰.

2000 1604 2143 1658 Num
2177 1604 2343 1658 dixit:
2374 1604 2523 1660 Beati
2555 1607 2648 1674 qui
2691 1620 2920 1674 corpore
2957 1605 3117 1675 primi
3158 1614 3306 1671 sunt,
3352 1616 3447 1661 aut
3478 1607 3571 1677 qui

2000 1696 2166 1766 primi
2211 1696 2512 1768 dignitate?
2543 1698 2661 1751 sive
2689 1697 2783 1766 qui
2823 1697 3033 1767 fulgent
3070 1696 3423 1751 diademate?
3462 1698 3572 1752 Ne-

2001 1802 2297 1856 quaquam.
2325 1786 2504 1841 Omnis
2522 1788 2667 1841 enim
2691 1787 2860 1858 gloria
2882 1789 3104 1841 hominis
3118 1790 3249 1841 sicut
3265 1792 3359 1859 [los
3384 1790 3488 1858 feni
3505 1790 3571 1843 ³¹.

2001 1878 2195 1932 Omnis
2239 1878 2483 1946 potentia
2536 1878 2689 1932 velut
2735 1878 2931 1932 umbra
2980 1879 3305 1943 meridiana,
3356 1880 3571 1934 tametsi

2000 1984 2151 2023 nunc
2168 1968 2389 2038 quidam
2410 1968 2732 2024 efferantur.
2750 1969 2984 2025 Ubinam
3010 1986 3187 2040 reges,
3204 1964 3309 2039 qui
3324 1986 3354 2025 a
3375 1973 3573 2026 suaequ

2001 2061 2257 2117 fuerunt?
2300 2062 2366 2117 ad
2410 2079 2507 2118 eos
2562 2063 2712 2117 enim
2757 2071 2914 2118 verto
2953 2078 3300 2120 sermonem:
3344 2080 3471 2119 nam
3517 2076 3576 2120 et

2004 2154 2109 2223 ipsi
2144 2154 2397 2211 homines
2439 2167 2587 2219 sunt,
2621 2170 2686 2211 ac
2719 2154 2969 2226 ejusdem
3011 2154 3302 2211 nobiscum
3342 2165 3571 2211 natura.

2003 2245 2236 2301 Ubinam
2272 2247 2408 2300 tanti
2440 2246 2517 2300 illi
2549 2245 2759 2301 duces?
2795 2245 2888 2300 ubi
2922 2247 3254 2316 optimates?
3280 2247 3373 2302 ubi
3419 2247 3574 2318 prin-

2004 2339 2195 2408 cipes?
2220 2339 2386 2394 Plane
2410 2338 2455 2393 si
2477 2337 2697 2408 quidem
2717 2336 2862 2392 bona
2879 2337 3213 2408 egerunt,7ae
3234 2335 3577 2391 conereditas

2004 2431 2109 2487 sibi
2140 2430 2348 2485 animas
2381 2430 2617 2500 sospites
2662 2437 2974 2493 servarunt,
3023 2428 3080 2483 in
3120 2426 3435 2482 coelestibus
3463 2442 3579 2479 om-

2004 2522 2137 2576 nino
2169 2522 2474 2576 exsistunt:
2537 2522 2625 2576 sin
2685 2529 2867 2575 autem
2922 2520 3285 2590 neglexerunt
3328 2532 3569 2589 gregem,

2005 2614 2297 2684 prorsusln
2315 2612 2505 2667 inferis
2526 2612 2883 2667 demorantur
2901 2631 2913 2665 :
2934 2610 3253 2669 Erudimini.
3282 2624 3474 2663 omnes
3490 2609 3579 2677 qui

1998 2704 2254 2773 judicatis
2277 2712 2473 2757 terram
2501 2718 2519 2767 ;
2544 2703 2732 2756 servile
2773 2701 2994 2755 Domino
3026 2701 3081 2753 in
3131 2701 3316 2753 timore
3335 2699 3401 2751 ³¹.
3444 2698 3579 2752 Ser-

2006 2797 2119 2849 vite
2154 2795 2232 2849 illi
2262 2796 2317 2849 in
2352 2795 2610 2859 veritate,
2671 2802 2721 2847 et
2755 2792 3015 2847 exsultate
3059 2793 3107 2845 ei
3150 2793 3203 2845 in
3244 2801 3466 2845 tremore
3507 2790 3576 2843 ”.

2012 2885 2120 2939 Vos
2132 2884 2279 2937 enim
2301 2892 2363 2937 ut
2381 2886 2499 2953 ejus
2513 2898 2803 2952 personam
2825 2881 3400 2951 gereretis,eonstiluit
3415 2894 3581 2949 super

340 2968 429 3033 ξεν
455 2966 547 3017 ἐπὶ
572 2963 671 3032 τῆς
692 2962 816 3030 γῆς.
847 2958 1180 3026 Παιδεύθητε
1205 2958 1269 3009 ὲκ
1291 2956 1392 3023 τῆς
1410 2954 1575 3009 αὑτοῦ
1604 2955 1908 3024 φιλανθρω-

2014 2982 2240 3028 terram.
2283 2975 2363 3030 Ex
2410 2974 2562 3029 illius
2608 2972 2899 3028 clementia
2947 2972 3280 3027 documento
3330 2979 3578 3039 accepto,

339 3057 493 3123 πίας,
519 3056 613 3108 καὶ
642 3054 717 3123 μὴ
751 3049 1113 3106 ἀναϐάλλεσθε
1137 3047 1235 3110 τὰς
1256 3047 1363 3099 τῶν
1395 3046 1663 3116 δεομένων
1682 3046 1907 3109 ἱκεσίας.

352 3146 409 3198 '0
438 3144 548 3215 γὰρ
576 3142 703 3196 λαοῦ
729 3140 1122 3214 προϊστάμενος
1152 3137 1246 3191 καὶ
1273 3137 1483 3207 κεφαλὴ
1514 3136 1796 3206 ὑπάρχων,
1824 3135 1914 3188 εύ-

339 3239 475 3308 χερῆ
504 3234 849 3306 ἀληθῶςξτὴν
893 3230 1187 3296 ἀπώλειαν,
1219 3229 1358 3299 ὑπὲρ
1395 3226 1494 3299 τὴν
1527 3227 1795 3298 σωτηρίαν
1822 3225 1916 3280 κέ-

342 3343 562 3398 κτηται.
581 3327 644 3378 Οί
667 3325 775 3395 γάρ
806 3322 914 3376 τῶν
938 3319 1440 3391 παραπονουμένων
1468 3317 1782 3387 στεναγμοὶ,
1813 3316 1914 3368 οὑκ

342 3418 503 3472 ἐῶσιν
537 3416 700 3471 αὑτοῦ
738 3416 834 3485 τὴν
873 3412 1180 3486 προσευχὴν
1220 3412 1356 3483 πρὸς
1393 3410 1524 3464 Θεδν
1556 3407 1913 3479 ἀνέρχεσθαι·

344 3509 459 3565 ἀλλ’
501 3508 690 3578 ῶσπερ
720 3510 898 3576 τεῖχος
948 3503 1220 3575 σιδηροῦν,
1246 3502 1420 3563 οὑτως
1454 3498 1622 3570 αὐτὴν
1648 3486 1917 3567 ἀντιπέμ-

345 3617 557 3667 πουσιν,
586 3600 679 3653 καὶ
711 3598 990 3668 ἄπρακτον
1019 3593 1443 3664 ἀπεργάζονται.
1494 3591 1687 3658 Μέγας
1734 3590 1763 3641 ὁ
1807 3588 1917 3642 τῶν

343 3692 530 3763 ψυχῶν
572 3690 843 3753 κίνδυνος·
879 3686 1021 3758 μέγα
1064 3686 1127 3739 τὸ
1167 3686 1373 3739 τούτων
1405 3683 1647 3754 φορτίον·
1682 3679 1917 3751 φοϐερὸν

344 3784 408 3837 τὸ
431 3782 635 3837 τούτων
660 3784 854 3852 κρῖμα,
885 3781 982 3833 καὶ
1006 3781 1120 3841 τοῖς
1157 3776 1372 3840 πολλοῖς
1398 3775 1756 3830 ἐπικίνδυνον.

416 3876 739 3946 Μετρήσατε
791 3873 849 3939 ἐξ
906 3870 1135 3935 ἑαυτῶν,
1178 3871 1271 3922 καὶ
1299 3867 1471 3932 οὑτως
1519 3868 1628 3920 τῶν
1651 3866 1917 3937 δεομένων

348 3967 694 4022 είσακούσετε
738 3967 795 4019 ὲν
843 3965 1018 4034 τάχει,
1052 3962 1239 4034 ὥσπερ
1272 3962 1368 4015 καὶ
1416 3961 1574 4031 ὑμεῖς
1621 3958 1771 4027 παρὰ
1799 3958 1918 4029 Θεῷ

348 4059 638 4114 σπεύδεται
667 4056 1101 4125 ὑπακουσθήναι.
1142 4053 1464 4108 Ἀναλάδετε
1503 4052 1602 4121 τὴν
1652 4051 1760 4105 τῶν
1806 4052 1919 4104 ίκε-

348 4152 616 4205 τευόντων
675 4149 818 4217 ὑμᾶς
851 4146 1051 4216 θλίψιν,
1085 4146 1182 4201 καὶ
1229 4145 1491 4216 ποιήσατε
1548 4144 1607 4196 ὲν
1635 4142 1790 4212 τάχει
1819 4142 1919 4212 τὴν

349 4242 566 4296 δικαίαν
597 4241 896 4312 ἐκδίκησιν.
924 4240 1037 4293 Οὐκ
1067 4239 1243 4292 οἴδατε
1273 4238 1353 4291 ὅτι
1387 4235 1522 4308 μετὰ
1547 4236 1645 4306 τὴν
1668 4234 1727 4299 ἐξ
1751 4233 1918 4303 ὕψους

2013 3064 2183 3119 nolite
2215 3064 2527 3135 rogantium
2558 3078 2677 3125 vos,
2726 3077 2790 3117 ac
2820 3077 3120 3133 egenorum
3151 3059 3582 3130 supplicationes

2015 3156 2257 3211 differre.
2310 3155 2414 3222 Qui
2468 3155 2616 3209 enim
2671 3154 2876 3225 populo
2910 3152 3184 3222 prmsidet,
3226 3166 3290 3206 ac
3326 3151 3379 3205 ei
3417 3157 3583 3218 eaput

2012 3246 2302 3316 pnefeetus
2322 3254 2426 3313 est,
2458 3245 2676 3301 facilius
2704 3259 2898 3299 revera
2922 3242 3287 3312 perditionem
3316 3239 3579 3303 inveniat,

2012 3354 2174 3409 quam
2206 3347 2266 3393 ut
2298 3339 2530 3392 salutem
2559 3337 2934 3392 nanciscatur.
2972 3334 3312 3389 Atliietorum
3343 3346 3582 3400 namque

2012 3431 2248 3500 gemitus
2292 3446 2402 3483 non
2448 3430 2637 3484 sinunt
2686 3437 2747 3482 ut
2790 3430 2911 3498 ejus
2942 3425 3011 3479 ad
3037 3425 3206 3479 Deum
3237 3439 3432 3493 preces
3483 3438 3577 3477 su-

2014 3519 2214 3573 blimes
2246 3518 2533 3583 ferantur;
2562 3517 2657 3571 sed
2693 3526 2953 3586 tanquam
2997 3530 3188 3569 murus
3219 3514 3452 3579 ferreus,
3504 3514 3585 3568 sic

2018 3609 2097 3662 illi
2126 3609 2225 3663 has
2258 3608 2552 3677 repellunt,
2588 3623 2653 3663 ac
2690 3608 2875 3662 irritas
2928 3605 3186 3659 reddunt.
3230 3604 3429 3674 Ingens
3466 3604 3585 3657 ani-

2016 3715 2231 3754 morum
2262 3699 2595 3770 perieulum,
2633 3699 2827 3769 ingens
2870 3696 3068 3752 boium
3105 3711 3269 3750 onus.
3316 3695 3585 3749 Tremen-

2015 3791 2146 3846 dum
2174 3790 2466 3863 judicium,
2505 3807 2568 3846 ac
2590 3791 2775 3846 multis
2800 3790 2931 3845 alea:
2964 3789 3207 3859 plenum.

2085 3884 2167 3939 Ex
2196 3884 2372 3948 vobis,
2409 3884 2513 3953 ipsi
2559 3898 2654 3938 vos
2696 3881 2998 3937 metimini:
3037 3880 3228 3951 sicque
3280 3877 3389 3933 cito
3428 3878 3587 3933 vobis

2016 3977 2292 4046 supplices
2320 3975 2648 4037 exaudietis,
2680 3972 3142 4044 quemadmodum
3162 3981 3223 4027 ut
3247 3971 3389 4042 apud
3415 3972 3585 4025 Deum

2015 4064 2383 4119 exaudiamini
2409 4064 2509 4133 ipsi
2530 4063 2807 4133 'satagitis.
2854 4063 3120 4117 Recreate
3161 4077 3324 4131 quam
3351 4062 3426 4115 illi
3448 4059 3586 4114 ami-

2019 4157 2266 4212 etionem
2293 4156 2588 4218 sustinent,
2618 4169 2681 4208 ac
2708 4155 2909 4224 justam
2933 4152 3096 4207 cilius
3116 4151 3278 4207 facite
3304 4152 3586 4205 ultionem.

2017 4248 2159 4303 Num
2184 4248 2411 4303 nescitis
2448 4245 2755 4317 secundum
2802 4260 3096 4315 supernam
3153 4258 3335 4313 opem,
3396 4243 3451 4296 in
3491 4257 3589 4296 vos

349 4332 622 4405 βοήθειαν,
657 4333 737 4395 είς
769 4332 913 4401 ὑμᾶς
942 4331 1141 4392 πάντες
1177 4329 1227 4381 οἱ
1270 4326 1737 4397 καταπονούμενοι
1771 4328 1908 4379 ἀπο-

2021 4337 2266 4391 omnium
2299 4350 2593 4389 conversos
2619 4333 2809 4388 oculos
2837 4332 2931 4403 qui
2980 4332 3195 4402 injuriis
3234 4332 3361 4386 ullis
3399 4333 3588 4401 oppri-

348 4424 671 4489 6λέπουσινς
714 4424 929 4495 Ὁρᾶτε,
966 4421 1263 4492 προσέχετε
1313 4420 1509 4490 ὑμεῖς·
1544 4418 1618 4489 μὴ
1666 4418 1915 4486 εὐλογίας

349 4516 472 4570 κατ’
495 4516 674 4569 αὑτῶν
726 4516 833 4568 τῶν
867 4513 1238 4583 ἀδικουμένων
1267 4510 1590 4581 κομίσησθε,
1613 4509 1918 4579 δυναμένας

346 4608 515 4669 δντως
535 4606 766 4678 χωρίσαι
797 4606 941 4676 ὑμᾶς
961 4606 1055 4656 τοῦ
1083 4604 1375 4673 προσώπου
1403 4603 1498 4654 τοῦ
1531 4601 1667 4654 Θεοῦ
1685 4619 1698 4631 ·
1744 4600 1916 4663 τύπος

347 4701 515 4753 πᾶσιν
539 4697 847 4770 ἀνθρώποις
900 4696 1137 4765 γίνεσθε,
1171 4694 1340 4759 τύπος
1375 4693 1599 4762 ἀγαθὸς,
1628 4694 1799 4755 τύπος
1822 4692 1917 4746 καὶ

346 4792 652 4861 ὑπόδειγμα
704 4791 883 4860 πάσης
930 4788 1327 4859 ἀγαθοεργίας·
1363 4786 1531 4849 τύπος
1568 4786 1872 4857 πραότητος
1898 4800 1913 4815 ⁸

345 4885 441 4936 καὶ
473 4883 580 4955 πρὸ
627 4881 845 4934 πάντων
884 4880 1307 4950 ἀμνησικακίας.
1362 4880 1542 4932 Τύπον
1596 4878 1827 4948 ἔχοντες.
1856 4878 1917 4931 τὺ

349 4973 544 5044 μέλλον
596 4972 1102 5043 ἀπροσωπόληπτον
1129 4972 1499 5042 δικαστήριον,
1538 4970 1628 5023 τὸν
1656 4969 1917 5039 ἀδωροδό-

345 5080 512 5133 κητον
538 5062 747 5131 κριτὴν,
780 5062 855 5133 μὴ
889 5063 977 5116 διὰ
1002 5062 1106 5115 τῶν
1126 5061 1313 5133 δώρων
1342 5061 1431 5114 τὸν
1462 5060 1683 5130 ἱδρῶτα,
1715 5060 1914 5129 μᾶλλον

345 5154 404 5205 δὲ
430 5153 496 5205 τὰ
532 5153 737 5222 αἵματα
782 5151 893 5204 τῶν
936 5152 1119 5222 χηρῶν
1158 5153 1251 5204 καλ.
1280 5150 1531 5222 ὀρφανῶν
1579 5150 1914 5203 κατεσθίετε.

347 5238 475 5307 Πῦρ
507 5245 637 5314 γὰρ,
672 5244 835 5313 φησὶν
882 5244 910 5294 ὁ
956 5242 1236 5312 Σολομὼν,
1289 5242 1682 5312 καταφάγεται
1714 5242 1918 5307 οἴκους

347 5335 743 5403 δωροδεκτῶν.
775 5336 865 5406 Μὴ
904 5335 989 5387 διὰ
1044 5334 1191 5404 δῶρα
1244 5334 1546 5404 πιπράσετε
1595 5334 1654 5386 τὸ
1694 5333 1917 5400 δίκαιον,

350 5427 441 5481 ἵνα
472 5425 547 5497 μὴ
575 5424 650 5488 ὡς
670 5427 901 5496 Χριστὸν
924 5426 1255 5497 πολήσαντες
1290 5425 1568 5497 κρίνησθε.

456 5603 501 5635 ²⁹
525 5603 717 5659 Matth.
760 5620 851 5671 xx,
887 5605 971 5661 16.
1084 5607 1128 5640 ³ο
1162 5606 1356 5661 Matth.
1388 5622 1445 5671 ν,
1482 5606 1536 5659 ὅ.

1647 5608 1687 5640 ³¹
1727 5606 1832 5662 lsa.
1872 5622 1959 5673 XL,
1987 5607 2038 5661 6.

2020 4426 2285 4480 muntur?
2319 4425 2531 4489 Videte,
2565 4423 2868 4478 attendite:
2916 4422 3085 4477 nolite
3114 4437 3343 4476 munera
3390 4424 3591 4474 adver-

2021 4532 2115 4571 sus
2164 4517 2328 4584 ipsos,
2373 4530 2511 4584 quos
2562 4514 2775 4583 injurize
2818 4513 3063 4583 fatigant,
3121 4514 3392 4581 accipere,
3443 4513 3590 4582 ejus-

2021 4606 2167 4661 modi
2206 4605 2363 4674 plane
2398 4614 2471 4673 qut
2507 4620 2536 4657 a
2589 4604 2686 4657 Dei
2728 4619 2824 4657 vos
2862 4601 3001 4656 faeie
3053 4616 3306 4671 separare
3352 4601 3586 4654 valeant.

2022 4697 2248 4753 Cunctis
2290 4712 2478 4750 norma
2521 4704 2697 4751 estote
2752 4712 2765 4748 :
2822 4710 3013 4750 norma
3062 4694 3227 4759 bona,
3274 4707 3465 4747 norma
3527 4708 3592 4745 ac

2021 4790 2331 4859 exemplum
2399 4788 2525 4842 boni
2582 4788 2760 4842 omnis
2798 4787 2982 4855 operis
3031 4803 3045 4840 :
3097 4786 3344 4840 lenitatis
3391 4783 3589 4842 forma.

2022 4897 2087 4935 ac
2126 4881 2446 4951 cumprimis
2470 4879 2660 4943 animi,
2693 4894 2854 4947 quem
2898 4878 3047 4932 nulla
3093 4877 3417 4948 injuriarum
3470 4891 3589 4930 me-

2022 4973 2192 5027 moria
2236 4972 2488 5025 lacessat.
2540 4969 2643 5036 Qui
2669 4970 2917 5024 futurum
2958 4968 3217 5033 tribunal,
3250 4968 3398 5022 nulla
3432 4982 3592 5021 acce~

2021 5064 2224 5134 ptionis
2246 5078 2601 5132 personarum
2628 5062 2748 5116 labe
2773 5060 3045 5123 laborans,
3061 5059 3300 5130 judieem
3343 5056 3585 5111 muneri-

2022 5156 2125 5210 bus
2152 5155 2526 5224 ineorruptum
2564 5155 2790 5208 formam
2822 5152 3109 5217 habeatis;
3144 5151 3311 5204 nolite
3341 5147 3592 5203 commit-

2025 5254 2142 5301 tere
2181 5255 2239 5299 ut
2273 5261 2563 5300 munerum
2607 5245 2926 5314 acceptione
2970 5243 3249 5306 sudorem,
3283 5256 3377 5296 seu
3409 5238 3593 5311 potius

2026 5336 2346 5407 sanguinem
2407 5336 2692 5390 viduarum
2760 5349 2823 5388 ac
2907 5334 3242 5404 pupillorum
3295 5330 3589 5387 devoretis.

2025 5427 2168 5498 Ignis
2186 5427 2355 5492 enim,
2383 5426 2565 5497 inquit
2615 5426 2893 5493 Salomon,
2920 5427 3185 5485 devoravit
3209 5425 3387 5481 domos
3414 5439 3594 5478 eorum

2151 5608 2193 5638 ³³
2226 5606 2366 5662 Psal.
2419 5622 2478 5673 ll,
2513 5606 2600 5661 10.
2712 5606 2756 5638 ³³
2786 5603 2926 5660 Ibid.
2954 5603 3036 5659 11.
