4038 6208
463 289 600 356 3247

1710 275 1882 335 INCE
1891 274 2022 334 RTI
2060 269 2432 333 AUCTORIS

3601 257 3744 321 3258

467 402 555 472 qui
603 413 821 452 munera
869 393 1088 447 libenter
1145 389 1409 460 accipiunt
1463 385 1530 440 ⁸⁸.
1590 383 1768 439 Nolito
1818 390 2047 452 propter
2079 394 2309 436 munera
2359 378 2449 448 jus
2473 373 2733 440 vendere,
2757 387 2825 428 ne
2892 380 3148 442 tanquam
3187 368 3388 426 Christi
3429 367 3752 425 venditores

465 490 672 562 judicio
709 485 930 542 obnoxii
963 483 1100 539 sitis.

538 581 600 636 In
626 593 884 649 magnum
914 590 1105 631 revera
1142 572 1380 629 stadium
1428 567 1673 640 provecti
1723 565 1878 631 estis,
1933 579 2044 635 quo

2216 560 2310 622 Εἰς
2343 557 2484 627 μέγα
2523 555 2740 626 ἀληθῶς
2801 553 3035 624 σκάμμα
3079 549 3414 622 προὴχηητε,
3467 550 3737 623 ὀξυτέραν

464 670 772 742 promptior
801 668 974 722 salute
1021 664 1288 726 interitio,
1349 661 1628 729 animique
1661 659 1893 713 exitium
1948 656 2040 711 sit.

465 761 521 814 Si
562 757 784 828 quidem
827 755 972 810 enim
1013 752 1252 824 ingentis
1309 748 1537 820 periculi
1579 747 1661 802 sui
1709 745 1885 816 ipsius
1930 744 2046 815 pri-

466 858 769 918 vatumque
819 845 1091 916 judicium
1140 850 1246 906 est,
1301 848 1506 910 quanto
1567 838 1740 907 magis
1791 845 1854 890 ut
1919 833 2045 904 quis

467 941 630 993 etiam
667 936 858 1006 populi
908 935 1132 989 nomine
1177 930 1494 1004 judicetur?
1541 929 1798 999 Vigilate,
1827 943 1953 982 nam
1984 934 2043 980 et

469 1047 567 1086 vos
596 1046 815 1100 quoque
841 1030 1044 1098 Regem
1083 1039 1294 1096 regum,
1327 1023 1577 1077 Judicem
1623 1020 1896 1091 iudicum,
1919 1018 2047 1072 'Do-

472 1123 682 1177 minum
712 1122 1064 1175 dominorum
1093 1117 1150 1170 in
1175 1115 1332 1171 caelis
1347 1113 1566 1168 habetis
1592 1131 1605 1166 :
1634 1112 1698 1166 In
1730 1128 1832 1182 quo
1845 1109 2046 1181 judicio

474 1209 850 1270 iudicaveritis,
878 1203 1244 1272 iudicabimini
1271 1219 1288 1256 :
1323 1211 1369 1255 et
1399 1203 1454 1254 in
1485 1217 1589 1270 qua
1614 1215 1858 1252 mensura
1881 1197 2047 1250 mensi

473 1299 698 1368 fueritis,
733 1297 1038 1349 remetietur
1071 1294 1212 1347 vobis
1249 1293 1317 1348 ⁸⁸.
1365 1291 1439 1346 De
1465 1289 1623 1345 vobis
1650 1290 2043 1344 admonemur:

472 1387 645 1441 Nolite
681 1385 941 1453 conﬁdere
966 1385 1022 1438 in
1055 1382 1399 1454 principibus,
1430 1382 1484 1435 in
1511 1380 1636 1448 ﬁliis
1665 1381 1956 1442 hominum,
1991 1379 2046 1431 in

475 1478 657 1548 quibus
689 1494 788 1530 non
825 1485 902 1529 est
933 1473 1079 1528 salus
1103 1475 1168 1527 ⁸⁸.
1207 1473 1285 1527 Ac
1325 1473 1484 1542 plane
1525 1471 1744 1525 merito.
1787 1470 1921 1524 Nam
1954 1467 2047 1538 qui

475 1567 646 1621 salvat
679 1580 939 1628 ammam,
991 1564 1104 1618 Deo
1157 1562 1432 1617 conditori
1477 1561 1674 1616 similis
1713 1577 1726 1613 :
1785 1575 1914 1630 ergo
1951 1559 2048 1628 qui

475 1657 710 1711 animam
736 1654 939 1725 perdit,
978 1655 1130 1709 velut
1173 1653 1428 1708 diabolus
1474 1652 1788 1706 destructor
1816 1649 2048 1704 exsistit.

475 1748 612 1804 Vide
643 1764 711 1802 ne
736 1759 811 1811 tc,
858 1746 952 1816 qui
986 1758 1287 1816 purpuram
1335 1759 1400 1798 ac
1427 1743 1679 1798 diadema
1709 1743 1935 1798 indutus
1953 1742 2049 1806 sis,

475 1840 729 1894 diabolus
765 1840 820 1894 in
847 1839 1163 1909 superbiam
1191 1845 1334 1908 agat.
1386 1836 1512 1892 Noli
1549 1835 1698 1891 enim
1719 1849 1786 1890 eo
1831 1833 2053 1888 nomine

477 1932 696 2002 gloriari
722 1949 737 1997 ;
777 1931 873 1985 sed
903 1939 1075 1985 treme
1104 1946 1168 1984 ac
1199 1931 1351 1984 time.

547 2023 685 2076 Num
719 2022 919 2076 audisti
947 2023 1040 2091 qui
1069 2022 1178 2076 ait:
1223 2021 1469 2076 Potentes
1513 2026 1750 2090 potenter
1796 2024 2058 2072 tormenta

480 2117 747 2186 patientur
769 2114 854 2166 ’7?
883 2113 962 2166 Ad
989 2113 1222 2168 salutem
1255 2128 1352 2166 vos
1373 2110 1562 2182 populi
1583 2107 1846 2164 Dominus
1869 2106 2064 2178 prafe-

481 2209 576 2275 cit,
606 2224 714 2262 non
743 2206 807 2261 ad
831 2205 1231 2275 perditionem;
1258 2213 1635 2273 utegcnorum
1659 2199 2058 2266 misereamini,

425 2369 428 2371 Α
484 2315 593 2354 non
618 2307 677 2353 ut
699 2311 891 2353 eorum
930 2311 1018 2350 res
1064 2295 1308 2364 rapiatis.
1338 2293 1522 2349 Vitam
1571 2308 1602 2347 a
1647 2293 1896 2348 criminis
1937 2292 2063 2347 labe

483 2406 698 2461 puram,
714 2386 1014 2460 praepositi,
1039 2385 1432 2451 assumite,‘ne,
1457 2398 1584 2438 cum
1608 2383 1745 2439 alios
1765 2383 2064 2438 admonere

485 2496 709 2536 necesse
755 2480 895 2542 erit,
960 2476 1397 2532 confundamini.
1443 2477 1731 2546 lncrepate
1767 2475 2064 2546 inquietos,

486 2571 736 2626 inﬁrmos
771 2566 1172 2632 misereamini,
1200 2565 1270 2620 iis
1303 2565 1398 2635 qui
1445 2564 1735 2620 oﬂ'endunt
1775 2563 2064 2634 ignoscite,

487 2665 544 2720 in
585 2678 681 2718 eos
705 2663 800 2732 qui
843 2675 955 2715 non
1009 2659 1376 2714 emendantur
1419 2655 1871 2718 animadvertite,
1903 2671 2068 2725 pere-

488 2756 678 2826 griuos
742 2751 1044 2822 suscipite,
1119 2750 1336 2804 viribus
1397 2747 1675 2804 destitutis
1736 2747 2067 2802 ministrate.

488 2845 612 2901 Noli
641 2845 865 2899 dicere:
909 2843 1024 2897 Rex
1049 2856 1190 2896 sum.
1226 2840 1306 2896 Ne
1339 2839 1574 2894 dixeris:
1624 2839 1757 2895 Sum
1792 2839 2066 2909 princeps,

491 2945 588 2992 aut
620 2942 803 3006 caput.
859 2932 1090 3000 Quando
1134 2947 1200 2987 ea
1247 2941 1301 2986 te
1349 2929 1619 2985 modestia
1675 2929 1932 2985 demittes
1963 2943 2070 2999 qua

490 3027 778 3091 Dominus,
810 3025 908 3096 qui
940 3037 1044 3079 nec
1068 3038 1356 3092 servorum
1401 3021 1731 3094 dedignatus
1767 3028 1852 3076 est
1904 3018 2073 3091 pedes

491 3119 675 3174 lavare
691 3120 715 3172 ?

563 3211 744 3264 Vultis
772 3209 1058 3265 ostendam
1081 3207 1236 3262 vobis
1262 3223 1387 3263 cum
1417 3209 1559 3278 regis
1587 3221 1802 3273 vocem,
1829 3213 1944 3261 tum
1980 3221 2075 3274 pa-

496 3297 791 3352 triarclne?
831 3298 999 3352 David
1033 3296 1256 3366 quidem
1301 3297 1520 3352 aiebat:
1565 3297 1674 3368 Ego
1711 3315 1825 3351 sum
1859 3298 2068 3361 vermis,

497 3395 544 3438 et
575 3400 676 3436 non
709 3385 900 3449 homo;
937 3383 1276 3454 opprobrium
1305 3385 1579 3438 hominum
1619 3393 1666 3438 et
1695 3385 1918 3454 abjectio
1958 3381 2071 3452 ple-

497 3476 571 3530 bis
606 3476 674 3529 ".
709 3476 983 3530 Abraham
1029 3490 1194 3530 vero:
1231 3478 1342 3547 Ego
1387 3492 1504 3530 sum
1547 3483 1712 3541 terra,
1759 3485 1809 3528 et
1847 3476 1976 3530 cinis
2004 3475 2072 3532 ³⁹.

500 3567 770 3622 Similiter
795 3567 962 3622 etiam
987 3568 1228 3623 Joannes
1250 3567 1494 3638 Baptista
1543 3567 1726 3622 aiebat
1752 3585 1765 3621 :
1804 3567 1924 3622 Non
1957 3583 2072 3620 sum

497 3654 685 3724 dignus
733 3663 788 3706 ut
821 3654 1026 3709 solvam
1057 3657 1340 3726 corrigiam
1385 3655 1735 3708 calceamenti
1759 3654 1969 3709 Christi
1998 3655 2068 3706 ‘9.

497 3747 803 3800 Audiamus
853 3758 1169 3800 sanctorum
1231 3745 1577 3809 modestiam,
1627 3756 1684 3801 et
1729 3745 2070 3800 azmulemur.

499 3837 894 3902 Quamobrem,
931 3837 1116 3900 homo,
1145 3835 1315 3889 altum
1349 3836 1538 3905 sapis?
1570 3835 1648 3889 Eo
1682 3835 1902 3889 nomine
1927 3834 2074 3904 quod

500 3944 594 3982 rex
625 3929 720 3992 sis,
751 3927 898 3997 quod
939 3928 1247 3990 thesauros,
1272 3925 1596 3991 exercitum,
1617 3940 1806 3981 servos
1835 3924 2078 3979 habeas?

502 4021 646 4090 quod
674 4020 848 4079 forma
879 4028 1126 4089 praestes,
1159 4018 1306 4089 quod
1336 4019 1414 4075 sis
1455 4018 1762 4074 substantia
1807 4018 2073 4087 locuples,

501 4111 647 4179 quod
671 4110 940 4180 sapientia
972 4110 1272 4179 ingenuus,
1313 4108 1457 4178 quod
1503 4109 1714 4179 pollens
1742 4109 2078 4178 prudentia?

505 4205 837 4272 licquisuam
883 4203 998 4256 lucc
1058 4201 1246 4255 dediti
1303 4200 1552 4270 quisnam
1599 4199 1826 4254 tribuit?
1884 4200 2078 4254 Nonne

503 4295 799 4355 Christus?
851 4294 992 4348 Num
1039 4293 1131 4346 illa
1184 4293 1474 4347 nobiscum
1538 4293 1702 4346 nata?
1765 4292 1906 4347 Num
1971 4308 2076 4346 una

505 4385 794 4439 nobiscum
853 4383 1316 4453 proficiscentur?
1371 4383 1513 4437 Num
1561 4383 1650 4438 illa
1694 4383 2081 4440 condidimus?

506 4475 966 4544 Haudquaquam.
1048 4473 1191 4540 Quin
1256 4474 1361 4530 etsi
1439 4475 1774 4546 accepimus,
1840 4490 1953 4530 non
2022 4475 2077 4529 in

507 4576 753 4622 nostrum
783 4566 1024 4636 ipsorum
1062 4581 1244 4630 usum,
1267 4567 1361 4621 sed
1384 4565 1451 4620 ad
1476 4567 1752 4636 egentium
1793 4566 2076 4622 solandam

508 4659 767 4728 inopiam.
831 4659 941 4713 Nos
999 4674 1128 4712 vero
1187 4659 1267 4713 sic
1337 4657 1604 4713 atlicimur
1651 4660 1800 4714 velut
1846 4660 2076 4714 immor-

510 4750 644 4804 tales
675 4749 866 4812 simus,
901 4763 966 4803 ac
999 4749 1054 4803 in
1113 4758 1439 4820 perpetuum
1488 4749 1696 4805 divitiis
1733 4763 1956 4805 manere
1987 4765 2081 4804 va-

508 4841 736 4893 lcamus.

578 4931 686 4988 Sed
717 4941 773 4988 et
825 4947 996 4996 nunc,
1053 4933 1346 4989 universos
1398 4935 1650 5000 obsecro,
1703 4935 1964 5006 praesides
2017 4949 2081 4990 ac

508 5024 784 5090 subditos,
827 5037 1015 5080 servos
1048 5039 1110 5079 ac
1143 5024 1416 5090 dominos,
1473 5026 1742 5097 ingenuos
1799 5043 1863 5082 ac
1925 5027 2082 5098 igno-

507 5115 670 5182 biles,
707 5125 1116 5182 convertamur,
1152 5117 1195 5171 si
1226 5117 1383 5183 libet,
1415 5118 1482 5173 ab
1514 5135 1700 5174 errore
1738 5119 1838 5174 via»:
1859 5128 2080 5184 nostrae,

510 5215 895 5264 convertamur
922 5223 951 5261 a
980 5207 1280 5276 'prioribus
1331 5210 1596 5266 moribus.
1628 5211 1786 5266 Nunc
1813 5213 1981 5276 enim,
2018 5220 2077 5264 ut

509 5314 774 5372 unquam.
804 5299 1186 5355 conversionis
1215 5312 1450 5371 tempus.
1481 5302 1619 5357 Ecce
1665 5313 1878 5374 tempus
1900 5303 2078 5374 pomi-

514 5391 718 5456 tentiaa,
753 5391 1062 5462 ingruentis
1092 5407 1226 5463 ergo
1272 5393 1628 5462 captivitatis.
1657 5391 1818 5450 Ecce
1863 5405 2080 5466 tempus

510 5480 877 5536 confessionis
901 5481 1133 5537 fratrum
1154 5492 1474 5539 nostrorum
1497 5485 2078 5557 castigationis‘causa.

582 5616 626 5648 "‘
666 5617 779 5694 imo
801 5617 904 5673 Job
933 5620 1130 5694 χιλῷ.
1207 5626 1252 5659 ³⁸
1281 5626 1471 5682 Matth.
1501 5643 1598 5694 vlt,
1623 5627 1679 5682 2.
1756 5626 1800 5659 ³⁸
1833 5625 1974 5682 Psal.
2003 5641 2159 5694 cxtv,
2185 5627 2240 5680 2.

510 5686 602 5740 27.
680 5687 722 5719 ⁸ο
753 5689 911 5743 Joan.
950 5706 986 5751 l,
1015 5689 1104 5744 ‘26.

2155 652 2276 723 ἕχον
2318 651 2420 720 τὴν
2453 649 2728 704 ἀπώλειαν
2778 646 2918 716 ὑπὲρ
2967 647 3066 716 τὴν
3125 643 3420 714 σωτηρίαν.
3455 645 3650 716 Εὶγάρ
3673 647 3738 699 τδ

2151 740 2345 795 ἑαυτοῦ
2375 742 2554 810 κρῖμα
2580 737 2765 792 δοῦναι
2790 736 3037 794 κίνδυνος
3074 733 3249 810 μέγας
3276 732 3602 803 καθέστηκε,
3640 737 3740 789 πό..

2155 849 2232 902 σῳ
2263 848 2327 900 γε
2361 830 2561 900 μᾶλλον
2598 827 2689 881 καὶ
2723 824 2816 880 τοῦ
2843 824 2974 879 λαοῦ
2998 842 3012 890 ;
3037 823 3288 893 Νήψατε,
3325 825 3408 876 ὅτι
3439 823 3589 892 ἔχετε
3645 827 3743 880 καὶ

2155 924 2312 994 ὑμεῖς
2336 925 2393 976 ὲν
2413 921 2659 988 οὐρανοῖς
2690 915 2920 970 Βασιλέα
2946 915 3056 968 τῶν
3090 913 3378 984 βασιλέων,
3405 916 3498 967 καὶ
3534 917 3751 986 Κριτὴν

2151 1015 2259 1068 τῶν
2276 1014 2480 1084 κριτῶν
2502 1029 2517 1044 ’
2545 1011 2812 1081 Δικαστὴν
2838 1008 2948 1061 τῶν
2975 1003 3270 1070 δικαστῶν,
3301 1007 3396 1060 καὶ
3417 1006 3618 1077 Κύριον
3636 1008 3752 1059 τῶν

2153 1104 2378 1176 κυρίων,
2420 1104 2524 1158 Ἕν
2553 1095 2601 1168 ᾧ
2647 1103 2880 1170 κρίματι
2929 1099 3182 1168 κρίνετε,
3215 1096 3604 1168 κριθήσεσθε’
3650 1100 3751 1154 και

2151 1197 2224 1253 ἐν
2269 1191 2316 1265 ᾧ
2353 1195 2546 1266 nemo)
2571 1193 2834 1264 μετρεῖτε
2859 1235 2874 1259 ,
2923 1191 3360 1262 μετρηθήσεται
3407 1192 3569 1262 ὑμῖν.
3603 1194 3756 1260 Περὶ

2157 1288 2311 1359 ὑμῶν
2341 1286 2852 1360 παραγγελλόμεθα,
2891 1285 2989 1354 Μὴ
3013 1285 3358 1340 πεποιθέναι
3397 1285 3487 1338 ἐπ’
3535 1285 3759 1354 ἄρχωσι

2153 1399 2280 1447 τας,
2307 1380 2404 1434 ἐπὶ
2438 1379 2606 1445 υἱοὺς
2649 1379 2979 1448 ἀνθρώπων
3007 1372 3095 1444 οἷς
3125 1379 3233 1431 οὐκ
3260 1377 3431 1431 ἔστιν·
3459 1377 3756 1445 σωτηρία.

2155 1475 2266 1528 Καὶ
2317 1473 2460 1544 μάλα
2516 1471 2765 1534 εἰκότως.
2811 1471 2870 1524 '0
2905 1469 3003 1540 μὲν
3049 1469 3158 1540 γὰρ
3187 1469 3366 1540 ψυχὴν
3411 1468 3628 1533 σώζων,
3678 1467 3760 1531 ὡς

2157 1564 2289 1627 Θεὸς
2319 1566 2347 1618 ό
2384 1563 2605 1629 κτίζωνο
2637 1561 2831 1615 οὐκοῦν
2857 1560 3082 1631 όψυχὴν
3119 1557 3454 1632 [ἀπολλύων]
3476 1559 3757 1613 ἀπόλλων.

2156 1657 2231 1718 ὡς
2259 1657 2498 1720 διάϐολος
2521 1657 2549 1709 ό
2577 1655 2880 1710 καταλύων.
2918 1655 3061 1726 Ὅρα
3093 1656 3165 1726 μή
3203 1671 3262 1708 σε
3299 1654 3388 1708 τὸν
3413 1655 3510 1725 τὴν
3541 1655 3761 1726 Imp-7'6-

2163 1771 2260 1824 ραν
2313 1754 2408 1807 καὶ
2455 1753 2518 1806 τὸ
2565 1751 2810 1822 διάδημα
2865 1749 3246 1820 περικείμενον
3313 1750 3671 1820 έξεπαιρέτω
3730 1752 3761 1803 ό

2159 1845 2420 1908 διάϐολος.
2465 1845 2557 1916 Μὴ
2603 1844 2712 1916 γὰρ
2759 1843 2848 1897 διά
2897 1842 3053 1895 τοῦτο
3090 1841 3362 1914 καυχήσῃ,
3394 1841 3533 1894 ἀλλά
3560 1841 3757 1910 φοϐοῦ,

2098 1927 2138 1981 Β
2169 1936 2264 1990 καὶ
2289 1935 2481 2007 τρέμε.

2235 2028 2350 2081 Οὐκ
2375 2027 2610 2098 ἤκουσας
2629 2023 2725 2078 τοῦ
2756 2023 3025 2090 λέγοντος,
3051 2020 3300 2076 Aurata!
3323 2019 3594 2087 δυνατῶς
3621 2020 3758 2076 ἐτα-

2163 2119 2516 2185 σθήσονται.
2556 2117 2650 2179 Εἰς
2691 2112 3082 2184 σωτηρίανξτοῦ
3125 2111 3256 2165 λαοῦ
3305 2114 3334 2166 ό
3369 2113 3576 2183 Κύριος
3605 2114 3759 2183 ἡμᾶς

2165 2210 2558 2282 προεπήσατο,
2583 2207 2685 2260 οὐκ
2719 2207 2806 2268 εἰς
2837 2204 3132 2258 ἀπώλειαν.
3160 2201 3267 2256 Τοῦ
3293 2202 3460 2255 ἐλεεῖν
3487 2204 3612 2266 τοὺς
3635 2203 3754 2258 δεοο

2168 2301 2384 2373 μένους,
2446 2299 2507 2352 οὐ
2553 2297 2734 2368 μέντοι
2793 2295 3144 2367 ἀφαρπάζειν
3169 2294 3239 2349 τὰ
3264 2294 3396 2363 ζτῶν
3449 2293 3751 2364 δεομένων.

2170 2393 2494 2462 ’Δμεμπτον
2524 2389 2637 2460 βίον
2694 2387 3014 2452 ἀναλάϐετε,
3049 2387 3100 2440 οἱ
3153 2385 3516 2456 προεστῶτες,
3551 2387 3640 2439 ἵνα
3674 2387 3754 2459 μὴ

2166 2483 2387 2554 ἐτέρους
2442 2479 2838 2543 νουθετοῦντες,
2897 2476 3254 2548 ιντρέπεσοε.
3316 2477 3440 2539 Τοῖς
3489 2477 3755 2542 ἀτάκτοκ

2167 2573 2458 2643 ἐπιτιμᾶτε
2479 2589 2493 2603 ·
2525 2572 2640 2634 τοῖς
2673 2568 2928 2624 ἀσθενέσι
2956 2567 3282 2640 συμπάθητε
3303 2584 3319 2598 ·
3351 2570 3462 2630 τοῖς
3491 2567 3758 2622 πταίουσι

2170 2663 2574 2734 συγγινώσκετε
2598 2680 2612 2694 ·
2629 2665 2740 2726 τοῖς
2766 2659 3116 2730 ἀδιορθώτοις
3138 2659 3402 2731 ὲπεξέρχε
3412 2659 3503 2713 σΘε
3524 2676 3536 2689 ·
3565 2660 3757 2725 ξένους

2169 2753 2492 2826 εἰσδέχεσθε·
2514 2753 2794 2816 ἀδυνάτοις
2821 2752 3144 2807 διακονεῖτε.
3165 2751 3258 2821 Μὴ
3281 2752 3461 2823 εἴπῃς·
3487 2752 3759 2816 Βασιλεύς

2171 2851 2316 2918 εἰμι’
2352 2847 2426 2918 μὴ
2465 2848 2650 2919 εἰπῃςο
2684 2847 2893 2916 ’Λρχων
2915 2845 2948 2914 ἢ
2971 2843 3204 2913 κεφαλή.
3239 2844 3374 2896 Πότε
3397 2860 3761 2914 ταπεινοφροο

2171 2936 2356 3006 νήσεις
2377 2933 2628 2989 τοσοῦτον
2658 2934 2780 2987 ὅσον
2802 2935 2830 2987 ό
2851 2932 3074 3005 Κύριος,
3098 2933 3156 2997 ὃς
3172 2933 3272 2985 οὐκ
3303 2931 3618 3003 ἀπηξίωσεν
3635 2933 3758 2986 δού-

2172 3027 2279 3081 λων
2304 3027 2472 3091 πόδας
2502 3026 2674 3096 νίψαι.

2244 3209 2508 3264 Βούλεσθε
2551 3207 2868 3280 ύμῖνδείξω
2917 3206 3012 3261 καὶ
3048 3204 3312 3276 βασιλέως
3336 3202 3430 3260 καὶ
3485 3207 3762 3275 πατριάρ-

2175 3320 2269 3373 χου
2305 3301 2486 3371 φωνάς
2510 3303 2600 3367 ;’0
2625 3301 2723 3370 μὲν
2754 3300 2917 3353 Δαεὶδ
2949 3300 3151 3370 ἔλεγεν·
3186 3296 3326 3365 Ἐγὼ
3347 3297 3461 3367 ειμι
3485 3297 3760 3363 σκώληξ,

2175 3393 2273 3450 καὶ
2301 3394 2410 3448 οὐκ
2438 3393 2770 3462 ἄνθρωπος’
2802 3392 3034 3459 ὄνειδος
3076 3391 3424 3462 ἀνθρώπων,
3456 3390 3551 3444 καὶ
3580 3389 3766 3454 ἐξου-

2174 3487 2400 3557 θένημα
2447 3487 2622 3541 λαοῦ.
2673 3486 2733 3539 '0
2783 3487 2839 3540 δὲ
2900 3487 3178 3557 Ἀδραάμσ
3208 3485 3354 3555 Ἑγώ
3392 3484 3598 3554 sign-ri
3660 3484 3760 3537 καὶ

2174 3578 2426 3644 σποδός.
2456 3578 2687 3648 Ὁμοίως
2716 3579 2808 3631 καὶ
2852 3579 2880 3632 ό
2912 3577 3224 3650 Βαπτιστὴς
3272 3578 3522 3646 ἰωάννης
3549 3575 3760 3642 ἔλεγεν-

2179 3672 2300 3724 Οὐκ
2331 3670 2449 3739 ειμι
2485 3669 2652 3736 ἄξιος
2678 3670 2778 3723 ἵνα
2805 3669 2912 3723 τόν
2943 3669 3156 3740 uicina
3189 3669 3361 3723 λύσω
3385 3665 3490 3721 τοῦ
3527 3664 3764 3730 b.1061}-

2170 3778 2357 3832 ματος
2386 3761 2646 3832 Χριστοῦ.
2699 3760 3048 3832 ’Δκούσωμεν
3098 3761 3198 3832 τὴν
3225 3759 3334 3813 τῶν
3365 3759 3536 3826 ἀγίων
3567 3755 3766 3808 ταπεί-

2176 3871 2360 3921 νωσιν,
2392 3854 2486 3907 καὶ
2524 3852 2874 3926 ζηλώσωμεν.
2901 3853 2996 3917 Εἰς
3027 3853 3080 3907 τί
3119 3853 3563 3923 μεγαλοφρονεῐς,
3594 3843 3640 3902 ὦ
3664 3849 3768 3902 ἀν-

2177 3944 2362 4015 Ορωπε
2383 3961 2396 3975 ο
2428 3947 2507 4008 εἰς
2543 3945 2789 4014 βασιλέα,
2829 3946 2861 4016 ἦ
2893 3948 2972 4010 εἰς
3009 3944 3393 4016 θηεαυροὺς,ἦ
3428 3943 3506 4006 εἰς
3533 3941 3770 4013 στρατός

2177 4037 2336 4103 πεδα,
2361 4037 2394 4106 ἢ
2423 4037 2500 4101 εἰς
2528 4037 2804 4104 δουλείαν;
2836 4038 2918 4100 εἰς
2959 4037 3174 4101 κάλλος,
3209 4035 3241 4106 ἢ
3273 4035 3352 4098 εἰς
3379 4033 3645 4104 ῦπαρσινς
3676 4032 3767 4094 εἰς

2179 4129 2388 4198 σοφίαν,
2419 4127 2549 4198 ﬂet;
2579 4129 2867 4200 tppdvrgctv;
2888 4129 2995 4182 Καὶ
3021 4130 3101 4191 τίς
3129 4129 3156 4180 ό
3179 4127 3351 4180 ταῦτα
3383 4125 3570 4190 δόσιςς
3604 4125 3702 4188 Τίς
3735 4127 3766 4178 ό

2176 4221 2349 4275 ταῦτα
2382 4221 2779 4291 χαρισάμενοςς
2823 4221 2936 4273 Οὐκ
2971 4218 3288 4290 όΧριστός;
3324 4217 3398 4289 μὴ
3435 4216 3553 4287 μεθ’
3598 4215 3766 4286 ἡμῶν

2178 4309 2577 4381 ὲγεννήθησαν;
2628 4307 2702 4380 μὴ
2765 4309 2883 4381 μεθ’
2937 4309 3093 4380 ἡμῶν
3160 4306 3626 4379 συμπορεύονται;
3680 4306 3765 4374 μὴ

2179 4402 2340 4472 ἡμεῖς
2386 4401 2523 4454 αύτά
2573 4400 2942 4471 έκτισάμεθα;
2978 4399 3266 4469 Οὐδαμῶς.
3300 4399 3362 4452 Et
3400 4397 3456 4450 δὲ
3503 4397 3599 4451 καὶ
3626 4395 3766 4449 ἐλά-ι

2180 4492 2402 4562 εουμεν,
2435 4493 2496 4546 οὐ
2519 4493 2607 4548 διὰ
2635 4492 2733 4564 τὴν
2767 4492 2976 4546 έαυτὼν
3015 4491 3222 4562 χρείαν,
3251 4489 3386 4544 ἀλλά
3415 4487 3509 4542 καὶ⁸
3537 4486 3629 4539 διὰ
3658 4484 3766 4556 τὴν

2179 4585 2287 4638 τῶν
2304 4585 2571 4656 δεομένων
2593 4585 2933 4656 περίστασιν.
2964 4583 3154 4654 Ἡμεῖς
3172 4582 3230 4634 δὲ
3248 4581 3420 4644 οὕτως
3434 4578 3766 4647 διακείμεθα

2175 4678 2366 4749 ὥσπερ
2394 4677 2669 4732 ἀοανάτοι.
2705 4676 2800 4730 καὶ
2816 4677 2898 4740 εἰς
2927 4675 3100 4728 αἰῶνα
3127 4675 3240 4736 τοῖς
3262 4673 3538 4743 χρήμασιν
3565 4669 3763 4741 διαμέ-

2175 4789 2286 4826 νειν
2307 4771 2616 4841 δυνάμενοι.

2252 4935 2414 4990 Ἀλλά
2446 4933 2543 4989 καὶ
2600 4933 2695 4986 νῦν
2747 4932 2983 4986 δυσωπῶ
3029 4931 3295 4996 ἅπαντας,
3337 4931 3605 5002 ἄρχοντας
3658 4929 3762 4983 καὶ

2171 5027 2526 5099 ἀρχομένους,
2586 5023 2805 5087 δούλους
2870 5023 2964 5076 mi.
3013 5022 3302 5088 δεσπότας,
3363 5024 3608 5090 εὐγενεῖς
3656 5022 3761 5076 καὶ

2172 5121 2406 5188 ἀγενεῖς,
2450 5115 2890 5188 ἐπιστρέψωμεν,
2913 5117 2960 5166 εἰ
2989 5114 3154 5180 δοκεῖ,
3177 5115 3241 5167 ἐκ
3265 5114 3471 5184 πλάνης
3496 5112 3597 5182 τῆς
3630 5113 3758 5166 ὁδοῦ

2177 5208 2367 5282 ἡμῶν·
2427 5206 2846 5277 ἐπιστρέψωμεν
2914 5203 3022 5256 τῶν
3090 5205 3371 5274 προτέρων
3457 5201 3762 5272 cumdeth

2179 5300 2356 5372 ἡμῶν.
2393 5298 2756 5369 Ἐπιστροφῆς
2813 5296 2920 5366 γὰρ
2967 5294 3176 5364 καιρὸς,
3209 5295 3286 5359 ὡς
3317 5295 3592 5352 οὐδέποτε.
3624 5297 3758 5349 Ἰδοὺ

2181 5393 2374 5464 καιρὸς
2400 5387 2812 5462 μετανοίας,διὰ
2839 5388 2939 5457 τὴν
2969 5389 3325 5460 ἐπικειμένην
3355 5387 3758 5458 αἶχμαλωσίαν.

2195 5485 2324 5538 Ἰδοὺ
2348 5484 2538 5555 καιρός
2563 5479 2858 5553 ὲξομολογή
2869 5497 3026 5546 σεως,
3051 5480 3138 5534 διά
3166 5481 3294 5546 τοὺς
3330 5481 3761 5552 παιδευομένους

2349 5627 2392 5659 ³⁷
2427 5625 2555 5696 Sap.
2592 5640 2668 5691 vi,
2695 5621 2750 5677 7.
2827 5620 2872 5655 ³⁸
2913 5621 3054 5678 Psal.
3090 5637 3200 5687 χιι,
3237 5623 3290 5680 7.
3367 5621 3410 5656 ”
3432 5619 3572 5678 Gen.
3603 5635 3761 5690 mn,
