4038 6208
341 319 485 386 3249

1483 338 1573 397 DE
1615 339 1935 402 PERSICA
1966 343 2480 417 CAPTIVITATE.

3462 366 3602 431 32.50

337 434 599 504 ἀδελφοὺς
624 435 807 507 ήμῶν.
851 434 982 491 ’ἰδοὺ
1014 439 1206 511 καιρὸς
1234 440 1494 512 δεήσεως,
1524 445 1604 500 διὸ
1634 449 1917 520 ¹προσέχω-

2028 454 2170 512 Ecce
2204 468 2419 531 tempus
2447 464 2756 532 orationis;
2797 471 3153 538 quamobrem
3201 475 3492 546 diligenter
3514 480 3602 538 his

339 541 437 594 μεν
467 525 604 595 μετὰ
637 527 924 599 ἀκριϐείας
967 532 1080 595 τοῖς
1109 530 1425 603 λεγομένοις
1445 552 1460 567 σ
1492 539 1588 591 καὶ
1638 540 1714 612 μή
1756 546 1917 611 μόνον

335 616 682 688 ἀκούσωμεν,
741 619 880 674 ἁλλὰ
953 622 1049 675 καί
1098 624 1439 696 ποιήσωμεν.
1500 628 1921 704 Ἐπιστήσωμεν

334 707 428 761 τὸν
457 708 603 774 νοῦν,
642 711 967 782 παρακαλῶ,
1003 714 1125 767 ἐπεὶ
1158 716 1253 769 καὶ
1305 718 1591 790 βασιλικῆς
1630 722 1922 796 ἐπιστολῆς

337 800 959 874 ὑπαναγινωσκομένης,
983 804 1187 869 πάντες
1210 808 1464 879 τρέχουσι
1483 825 1497 838 ·
1529 813 1731 877 πάντες
1752 833 1921 869 σπου-

335 890 556 957 δάζουσι
573 909 590 924 ο
612 892 812 958 πάντες
835 895 1025 964 μαθεῖν
1046 897 1385 971 ἐπιζητοῦσι.
1422 903 1533 956 Καὶ
1563 903 1615 956 τί
1648 905 1791 975 λέγω
1819 908 1921 976 βα-

337 984 547 1054 σιλικῆς
572 985 873 1051 κελεύσεως
892 988 1406 1062 ἀναγινωσκομένης
1428 1010 1444 1059 ;
1468 994 1803 1067 κιθαριστῶν
1828 1000 1922 1053 καὶ

338 1073 571 1128 αὐλιτῶν
591 1075 686 1128 καὶ
714 1076 897 1146 μίμων
923 1077 1236 1146 ἀκούοντες,
1268 1082 1408 1151 μετὰ
1426 1082 1623 1154 πολλῆς
1639 1086 1738 1157 τῆς
1761 1104 1923 1142 σπου-

336 1163 430 1233 δῆς
450 1166 855 1237 παριστάμεθα,
897 1168 984 1223 ἵνα
1042 1171 1267 1242 αἰσχρὸν
1301 1172 1514 1241 γέλωτα
1568 1175 1916 1248 θεασώμεθα,

339 1254 433 1308 καὶ
456 1255 719 1327 ἀσχήμων
769 1260 1113 1329 πραγμάτων
1150 1261 1376 1330 παίγνια
1410 1266 1812 1337 ἱστορήσωμεν.
1856 1269 1917 1321 Εί

337 1343 433 1397 οὖν
484 1346 543 1398 ἐν
578 1347 689 1409 τοῖς
717 1346 808 1400 τοῦ
844 1348 1090 1402 διαϐόλου
1154 1350 1407 1422 θεάμασι,
1445 1354 1678 1408 τοιοῦτοι
1724 1356 1923 1427 θερμοὶ

340 1436 435 1487 καὶ
486 1437 758 1506 πρόθυμοι
811 1440 1171 1511 τυγχάνομεν,
1208 1442 1381 1513 πόσην
1443 1442 1666 1499 κόλασιν
1695 1446 1913 1519 ἕξομεν,

337 1526 420 1579 ὅτι
449 1527 508 1580 ἐν
543 1529 661 1591 ταῖς
688 1527 1008 1599 ἐκκλησίαις
1063 1532 1205 1602 μετὰ
1246 1533 1503 1606 τοιαύτης
1540 1536 1799 1608 ἀμελείας
1824 1542 1920 1594 κα)⁸

341 1617 613 1688 ῥᾳθυμίας
659 1620 750 1671 καὶ
777 1620 992 1686 ἀτονίας
1047 1623 1346 1695 ίστάμεθα·
1404 1625 1594 1699 ῶσπερ
1623 1629 1688 1683 ὲκ
1722 1632 1915 1702 πυρὸς,

337 1706 509 1770 οὓτως
547 1710 645 1777 τῆς
683 1713 992 1783 προσευχῆς
1036 1712 1284 1786 ἐξιλῆσαι
1336 1717 1691 1786 σπεύδοντες;
1724 1720 1819 1774 κα)⁸
1855 1720 1917 1774 τὸ

2031 562 2155 617 qua:
2196 551 2480 621 dicuntur,
2535 557 2777 613 animum
2835 563 3224 631 attendamus;
3281 583 3380 623 nec
3421 571 3599 627 solum

2022 637 2332 709 audiamus,
2358 643 2455 699 sed
2480 653 2536 699 et
2557 644 2843 703 faciamus.
2866 650 3125 721 Mentem,
3151 655 3402 725 obsecro,
3433 660 3598 716 adbi-

2024 727 2252 787 beamus
2296 750 2310 787 :
2361 737 2513 805 nam:
2540 749 2597 792 ct
2641 741 2852 811 regium
2920 744 3161 814 diploma
3206 762 3331 803 cum
3377 751 3598 822 legitur,

2023 833 2217 876 omnes
2247 835 2566 894 accurrunt,
2599 844 2792 887 omnes
2823 834 3046 890 solliciti
3081 848 3230 905 sunt,
3284 854 3349 893 ac
3375 838 3596 904 favent;

2023 925 2215 969 omnes
2248 915 2462 972 discere
2485 929 2759 991 satagunt.
2788 924 2931 990 Quid
2977 944 3108 983 vero
3139 928 3285 996 dico,
3332 946 3457 985 cum
3510 930 3597 985 di-

2022 1002 2206 1072 ploma
2235 1006 2451 1076 regium
2481 1008 2728 1080 legitur?
2766 1014 2947 1069 Etiam
2989 1018 3341 1087 citharoedos,
3379 1027 3437 1077 et
3465 1019 3599 1076 tibi-

2021 1094 2203 1160 cines,
2234 1113 2300 1152 ac
2328 1099 2528 1156 mimos
2552 1103 2864 1171 audientes,
2898 1108 3069 1162 multa
3120 1110 3405 1181 diligentia
3452 1122 3599 1169 asta-

2020 1200 2162 1251 mus,
2198 1196 2259 1242 ut
2282 1189 2426 1245 risus
2453 1192 2678 1247 obsceni
2712 1205 3055 1264 spectatores
3080 1199 3273 1268 simus,
3304 1218 3600 1273 rerumque

2022 1273 2437 1334 inhonestarum
2469 1281 2681 1337 ludicra
2722 1294 3104 1343 contueamur.
3146 1289 3281 1345 Cum
3335 1292 3499 1361 igitur
3544 1295 3600 1348 in

2021 1366 2585 1439 diaboli-spectaculis
2625 1375 2705 1429 sic
2748 1375 3020 1434 ferventes
3042 1389 3205 1449 atque
3225 1383 3435 1438 alacres
3459 1386 3601 1439 exsi-

2022 1458 2243 1523 stimus.
2275 1476 2541 1529 quasnam
2581 1463 2837 1522 dabimus
2870 1483 3080 1537 pinnas,
3108 1472 3201 1539 qui
3242 1473 3295 1526 in
3353 1474 3605 1529 ecclesiis

2021 1566 2146 1604 cum
2177 1558 2324 1605 tanta
2351 1554 2565 1608 incuria
2624 1570 2689 1609 ac
2718 1557 2992 1622 socordia,
3025 1559 3219 1629 sicque
3273 1563 3487 1618 remissi
3516 1578 3603 1618 as-

2020 1641 2315 1709 sistamus;
2351 1658 2414 1697 ac
2448 1644 2597 1699 velut
2627 1645 2696 1699 ab
2723 1646 2868 1716 igne,
2904 1648 2982 1702 sic
3014 1664 3044 1702 a
3076 1651 3335 1718 precibus
3389 1654 3600 1708 resilire

2021 1731 2310 1786 confestim
2360 1733 2724 1790 studeamus?
2767 1735 3034 1806 Quodque
3084 1740 3308 1808 gravius
3335 1750 3441 1807 est,
3473 1758 3598 1796 cum

337 1798 737 1871 χαλεπώτερον,
772 1803 851 1856 ὅτι
882 1807 974 1857 καὶ
996 1806 1367 1877 είσερχόμενοι
1393 1810 1451 1862 ἐν
1477 1810 1670 1872 αὐταῖς
1728 1812 1795 1866 δι’
1824 1813 1912 1878 ἐξ·-

2022 1823 2289 1880 ecclesias
2321 1824 2696 1896 ingrediamur
2719 1828 2787 1881 ad
2808 1827 3044 1883 delenda
3065 1841 3308 1900 peccata,
3340 1833 3599 1901 quando-

337 1888 548 1958 άλειψιν
586 1890 1020 1963 ἁμαρτημάτων,
1052 1893 1196 1948 ἐστιν
1223 1894 1362 1950 ὥστε
1395 1899 1713 1972 προσθήκην
1746 1902 1912 1973 θραυ-

339 1980 523 2049 μόιτων
544 1981 853 2059 ποιούμενοι
874 1983 1233 2055 ἐξερχόμεθα.
1270 1988 1379 2042 Καὶ
1412 1988 1528 2051 πῶς
1551 1990 1660 2059 ἐγὼ
1680 1992 1742 2045 τὸ
1764 1994 1913 2065 εἰρη-

340 2072 502 2143 μένον
531 2076 742 2146 ποιήσω
772 2077 1110 2146 κατάδηλον;
1143 2079 1254 2149 Ούχ
1292 2081 1363 2144 ὡς
1400 2081 1618 2153 ἐτέρους
1648 2086 1908 2157 κατακρί-

335 2182 461 2231 νων,
486 2165 622 2219 ἀλλὰ
655 2166 722 2219 τὰ
756 2166 949 2220 ἑαυτοῦ
985 2168 1351 2241 ἐλαττώματα
1374 2170 1744 2243 θριαμϐεύων.

406 2257 541 2311 Εἰπέ
572 2276 684 2329 μοι,
720 2260 778 2314 ἐν
828 2262 946 2325 ταῖς
988 2261 1307 2332 ἐκκλησίαις
1339 2265 1431 2318 καὶ
1463 2267 1773 2339 εὐκτηρίοις
1799 2270 1909 2322 εἰσ-

343 2348 651 2420 ερχόμενοι,
708 2351 854 2415 τίνος
886 2351 1072 2431 ἕνεκεν
1105 2355 1221 2409 ἐκεῖ
1255 2358 1630 2428 πορευόμεθα;
1686 2361 1911 2426 Πάντως

335 2443 500 2514 ἐρεῖς,
528 2442 626 2496 Διά
654 2448 963 2515 προσευχήν
982 2463 995 2477 ·
1029 2446 1095 2500 δι’
1126 2447 1398 2519 ἐξάλειψιν
1426 2453 1906 2523 παραπτωμάτων.

335 2534 505 2603 Κάγὼ
541 2552 623 2588 σοι
652 2536 781 2605 ἐρῶ,
816 2537 941 2601 Πῶς
967 2532 1059 2593 οὗν
1099 2539 1167 2593 δι’
1222 2540 1385 2612 ἕτερα
1422 2543 1811 2613 εἰσερχόμενοι,
1843 2545 1910 2597 τὰ

334 2626 548 2681 ἐναντία
569 2627 1062 2700 διαπράττομεν.Τί
1094 2634 1287 2698 ποιεῖς,
1311 2631 1561 2702 ἄνθρωπε
1581 2651 1595 2701 ;
1618 2633 1717 2689 Διά
1740 2652 1910 2705 προσ-

247 2762 255 2770 .
335 2714 497 2787 ευχήν
539 2717 913 2788 εἰσελήλυθας,
966 2719 1062 2772 καὶ
1092 2723 1161 2774 τά
1192 2722 1482 2790 πρόσωπα,
1503 2725 1595 2777 καὶ
1632 2725 1693 2778 τὸ
1718 2725 1911 2789 κάλλος

332 2804 396 2859 τὸ
424 2807 498 2877 μὴ
521 2807 612 2861 σδν
645 2808 983 2875 κανονίζειςς
1036 2809 1105 2863 δι’
1153 2811 1431 2881 ἐξάλειψιν
1480 2815 1785 2885 ἁμαρτιῶν,
1815 2817 1910 2869 καὶ

332 2898 543 2963 τούτοις
578 2899 902 2968 προστιθῶν,
925 2901 1025 2954 οὐκ
1051 2902 1281 2973 αἰσχύνῃ
1309 2904 1479 2956 ποιῶν
1518 2905 1608 2957 τὸν
1639 2902 1786 2959 οἷκον
1815 2907 1907 2960 τοῦ

333 2990 469 3044 Θεοῦ
488 2990 746 3058 πρόξενόν
764 3006 845 3043 σοι
868 2990 1143 3061 ἁμαρτίας
1163 3008 1185 3058 ;.
1210 2992 1297 3045 ἵνα
1327 2993 1421 3047 τοῦ
1451 2996 1776 3065 ἐπουρανίου
1807 2997 1911 3051 Βα-

248 3078 252 3085 ’
335 3081 527 3144 σιλέως
566 3082 843 3151 μυστήρια
865 3079 1061 3154 θεάσῃ,
1091 3083 1188 3136 καὶ
1216 3082 1287 3137 τὰ
1327 3083 1423 3138 τοῦ
1475 3086 1720 3142 διαϐόλου
1771 3088 1910 3159 πρά-

334 3187 522 3241 γματα
542 3188 607 3224 πε
614 3170 910 3246 ριεργάζῃ;
934 3172 1019 3226 ἵνα
1036 3174 1150 3237 τοῖς
1182 3172 1480 3245 ὀφθαλμοῖς
1493 3176 1789 3250 δακρύσῃς,
1824 3180 1917 3232 καὶ

336 3260 558 3324 τούτους
606 3263 687 3325 είς
737 3262 1004 3333 οὐρανοὺς
1044 3263 1357 3339 ἀνυψώσῃς,
1418 3268 1514 3320 καὶ
1559 3268 1732 3323 ταῦτα
1762 3270 1917 3340 ἀφὼν

335 3355 455 3415 ταῖς
482 3353 726 3422 γυναιξὶν
756 3355 814 3407 ἐν
837 3354 1027 3419 αύταῖς
1054 3356 1308 3429 διανεύῃ;
1342 3358 1428 3412 ἴνα
1456 3359 1551 3414 τοῦ
1585 3361 1916 3416 Δεσποτικοῦ

339 3446 590 3517 σώματος
652 3447 710 3499 ἐν
755 3446 834 3518 τῷ
914 3448 1142 3518 στόματι
1189 3450 1538 3523 ἀπολαύσῃς,
1591 3452 1684 3506 καὶ
1745 3454 1917 3508 ταῦτα

338 3536 583 3613 ιταύτας]
606 3539 1142 3610 προσομιλῶν,τοῦτο
1184 3541 1459 3610 μολύνεις;

417 3632 483 3684 Ὢ
515 3632 759 3701 πονηρᾶς
791 3631 1125 3702 ἐναλλαγῆςί
1156 3631 1201 3686 ὣ
1235 3633 1333 3703 τῆς
1378 3636 1759 3709 κατασχούσης
1803 3655 1916 3692 ’πω⁹

342 3721 595 3795 ρώσεωςι
624 3722 757 3777 Ούδὲ
789 3723 888 3794 τὴν
913 3722 1062 3795 ὤραν
1086 3724 1187 3795 τῆς
1232 3728 1537 3798 προσευχῆς
1558 3727 1636 3798 τῷ
1669 3728 1789 3800 Θεῷ
1823 3731 1916 3785 τὸν

339 3816 463 3871 νοῦν
485 3815 908 3887 ἀναπέμπομεν,
932 3815 1068 3869 ἀλλὰ
1107 3816 1204 3870 καὶ
1238 3816 1408 3887 αὐτὴν
1456 3820 1578 3881 ταῖς
1619 3820 1918 3890 ἡμετέραις

334 3906 722 3978 πλημμελείας
746 3905 1143 3978 ἀσχολούμεθα.
1191 3905 1345 3961 Εἴπω
1373 3907 1468 3961 καὶ
1522 3907 1711 3980 ἕτερον
1759 3910 1919 3979 χαλε-⁹

339 3995 583 4067 πώτερον
615 3996 829 4051 τούτου.
854 3998 994 4062 Τοὺς
1020 3998 1282 4067 ἀδελφοὺς
1310 3998 1472 4070 ήμῶν
1506 4000 1767 4065 πολλάκις
1786 4019 1920 4074 προ-

342 4088 680 4159 κομίζοντες,
712 4089 744 4160 ἢ
769 4088 944 4156 λιτὰς,
978 4090 1073 4144 καὶ⁸
1104 4090 1314 4155 ἱκεσίας
1342 4091 1420 4162 τῷ
1449 4090 1568 4163 Θεῷ
1596 4092 1737 4163 ὑπὲρ
1762 4093 1921 4146 ἀπει-

339 4182 449 4236 λῶν
501 4182 888 4253 προφὲροντος,
948 4184 1042 4235 καὶ
1087 4184 1266 4236 ἐκεῖσε
1318 4186 1434 4248 τοῖς
1496 4187 1920 4258 προειρημένοις

341 4271 794 4343 ἐνασχολούμεθα.
826 4274 935 4327 Καὶ
978 4273 1165 4338 ἁπλῶς
1211 4276 1391 4329 πᾶσαν
1448 4277 1605 4348 ήμῶν
1645 4278 1743 4349 τὴν
1774 4277 1920 4348 ζωὴν

341 4365 420 4437 τῷ
450 4365 679 4436 διαϐόλῳ
712 4365 1215 4437 κατεδουλώσαμεν.
1263 4367 1352 4421 Ἐν
1388 4368 1685 4438 ἁμαρτίαις
1716 4368 1923 4439 κοιμώ-

2020 1930 2128 1984 que
2160 1917 2475 1972 accessione
2508 1916 2830 1973 vulneribus
2869 1920 3032 1984 facta,
3062 1922 3418 1991 egredimur?
3448 1922 3599 1989 Quo-

2018 2022 2146 2060 nam
2168 2022 2303 2061 vero
2336 2008 2524 2074 modo,
2551 2008 2700 2078 quod
2726 2008 2934 2063 dictum
2974 2019 3079 2077 est,
3113 2012 3553 2083 planumfaciam
3578 2016 3599 2067 ’ί

2018 2098 2242 2168 Utique,
2270 2116 2379 2155 non
2415 2109 2474 2154 ut
2502 2101 2870 2156 condemnem
2901 2101 3061 2169 alios,
3089 2103 3185 2159 sed
3218 2114 3278 2157 ut
3308 2121 3459 2160 meos
3483 2105 3598 2175 ipse

2018 2188 2269 2244 defectus
2302 2191 2607 2247 traducam.

2088 2278 2206 2347 Dic,
2255 2296 2463 2350 quasso,
2516 2282 2575 2337 in
2633 2285 2897 2344 ecclesias
2945 2303 3011 2344 ac
3050 2290 3292 2345 oratoria
3341 2289 3597 2361 ingressi,

2017 2387 2125 2441 qua
2158 2373 2289 2429 illuc
2317 2389 2483 2430 causa
2521 2377 2817 2435 venimus?
2855 2381 3094 2438 Omnino
3137 2383 3327 2438 dices:
3372 2382 3443 2439 Ut
3469 2399 3597 2454 pre-

2017 2478 2111 2520 ces
2143 2463 2473 2533 fundamus;
2509 2477 2570 2523 ut
2594 2469 2795 2526 delicta
2822 2472 3166 2530 aboleamus.
3196 2474 3276 2529 Ad
3307 2490 3430 2544 qua:
3463 2490 3595 2546 ego:

2014 2549 2127 2606 Cur
2159 2551 2330 2622 igitur
2356 2554 2590 2611 aliorum
2616 2572 2782 2614 causa
2812 2560 3073 2632 ingressi,
3108 2564 3389 2619 contraria
3411 2573 3598 2633 patra-

2015 2642 2181 2698 mus?
2214 2643 2358 2711 Quid
2382 2644 2537 2713 facis,
2584 2648 2784 2706 homo?
2831 2650 3113 2723 ingressus
3139 2670 3199 2710 es
3267 2662 3329 2708 ut
3383 2665 3435 2709 te
3486 2655 3598 2725 ipse

2017 2732 2073 2788 in
2111 2749 2303 2803 preces
2366 2736 2528 2795 dares
2575 2756 2588 2793 :
2631 2742 2929 2813 vultusque
3000 2760 3065 2800 ac
3128 2746 3600 2816 pulchritudinem

2018 2843 2129 2882 non
2154 2836 2300 2883 tuam
2327 2830 2397 2884 ad
2426 2832 2690 2887 amussim
2719 2850 2925 2891 vocans
2952 2837 3166 2892 curiose
3194 2838 3497 2906 expendis?
3518 2838 3599 2892 Ad

2016 2918 2246 2974 delenda
2279 2929 2505 2991 peccata
2537 2939 2552 2977 :
2592 2925 2863 2995 pluraque
2897 2927 3181 2996 prioribus
3214 2930 3442 2997 addens,
3488 2945 3600 2985 non

2016 3010 2301 3067 erubescis
2334 3012 2559 3068 domum
2585 3015 2681 3070 Dei
2712 3015 2989 3072 oilicinam
3046 3033 3112 3073 ac
3153 3019 3440 3074 tabernam
3486 3035 3602 3075 rne-

2019 3101 2273 3158 ritoriam
2332 3103 2518 3161 facere
2566 3108 2825 3177 peccati?
2879 3108 2950 3166 Ut
2997 3111 3239 3165 ccelestis
3280 3112 3425 3182 regis
3480 3127 3601 3180 my-

2023 3193 2195 3248 steria
2250 3197 2682 3266 contempleris;
2741 3213 2939 3269 resque
2976 3200 3281 3257 diabolicas
3309 3202 3603 3273 diligenter

2016 3285 2288 3340 attendis?
2320 3285 2391 3343 Ut
2420 3288 2602 3344 oculis
2623 3288 2823 3345 fundas
2857 3291 3149 3364 lacrymas,
3203 3308 3268 3348 ac
3320 3292 3378 3347 in
3426 3294 3597 3349 cmlos

2016 3375 2282 3433 sublimes
2327 3393 2426 3434 eos
2468 3380 2657 3436 tollas:
2691 3381 2890 3453 hisque
2941 3383 3146 3451 missis,
3183 3380 3511 3440 mulieribus
3546 3385 3600 3439 in

2016 3465 2098 3521 eis
2115 3467 2315 3523 lascive
2337 3471 2575 3525 annuis?
2599 3472 2669 3527 Ut
2695 3473 3039 3528 Dominicum
3059 3489 3260 3549 corpus
3276 3490 3373 3531 ore
3394 3492 3599 3540 sumas,

2018 3573 2082 3613 ac
2098 3560 2373 3629 mysteriis
2394 3561 2624 3630 fruarisj:
2656 3562 2903 3634 illudque
2920 3566 3005 3621 his
3024 3566 3346 3637 colloquens
3367 3569 3602 3635 polluis?

2085 3649 2130 3706 Ο
2153 3652 2348 3707 malam
2375 3656 2894 3710 commutationem!
2923 3673 2955 3711 ο
2984 3657 3169 3712 cordis
3193 3658 3455 3712 duritiam
3479 3662 3490 3711 ι
3522 3658 3601 3712 Nc

2023 3742 2295 3797 orationis
2312 3742 2540 3812 quidem
2575 3752 2823 3813 tempore
2860 3744 3103 3800 animum
3126 3746 3195 3801 ad
3230 3747 3401 3802 Deum
3429 3746 3600 3816 erigi—

2018 3847 2143 3888 mus
2170 3850 2181 3885 :
2209 3832 2306 3889 sed
2333 3848 2400 3889 eo
2420 3850 2639 3905 quoque
2658 3834 2874 3891 delictis
2893 3836 3095 3892 nostris
3113 3852 3389 3899 vacamus.
3417 3838 3601 3892 Dicam

2019 3933 2075 3979 et
2094 3924 2245 3979 aliud
2277 3924 2384 3983 isto
2410 3927 2713 3982 molestius.
2744 3927 2962 3982 Fratres
2987 3936 3209 3985 nostros
3229 3943 3339 3984 non
3358 3944 3483 3984 raro
3505 3945 3602 3999 po-
3684 3970 3693 3977 ς

2020 4017 2132 4072 tius
2166 4017 2593 4087 praetendentes,
2621 4034 2788 4088 quam
2830 4028 2890 4076 ut
2912 4019 3023 4073 Deo
3053 4034 3247 4088 preces
3284 4036 3347 4076 ac
3388 4021 3601 4091 suppli-

2024 4106 2277 4162 cationes
2305 4106 2377 4163 ob
2422 4108 2542 4177 ejus
2588 4107 2645 4162 in
2683 4124 2784 4164 nos
2823 4108 3036 4180 ﬂagella
3075 4109 3392 4177 offeramus,
3433 4112 3599 4165 etiam

2021 4199 2135 4256 illic
2173 4200 2262 4254 his
2301 4215 2423 4270 qua:
2451 4200 2713 4266 diximus,
2754 4212 2970 4273 tempus
3002 4205 3256 4260 terimus.
3286 4205 3488 4276 Atque,
3542 4215 3603 4261 ut

2022 4292 2195 4349 verbo
2229 4292 2430 4357 dicam,
2462 4293 2631 4349 vitam
2680 4302 2847 4349 totam
2902 4296 3123 4351 diabolo
3163 4297 3494 4354 addiximus.
3539 4299 3600 4353 In

2022 4386 2264 4456 peccatis
2288 4384 2612 4452 dormimus,
2645 4386 2699 4440 in
2732 4388 2976 4456 peccatis
2998 4403 3028 4442 e
3049 4404 3243 4444 somno
3266 4389 3593 4455 excitamur,

346 4458 509 4529 μεθα,
538 4460 595 4511 ἐν
618 4458 916 4530 ἁμαρτίαις
941 4458 1266 4530 ἐγειρόμεθα
1284 4477 1298 4492 ο
1322 4461 1380 4513 ἐν
1400 4462 1698 4533 ἁμαρτίαις
1724 4481 1917 4535 προερ-

2027 4478 2082 4533 in
2117 4477 2361 4548 peccatis
2388 4478 2763 4547 procedimus,
2794 4479 2848 4533 in
2894 4480 3131 4549 peccatis
3163 4482 3500 4549 recedimus;
3542 4483 3599 4536 in

344 4550 576 4624 χόμεθα,
606 4553 687 4615 εἰς
709 4551 986 4623 ἁμαρτίας
1032 4551 1451 4622 ἀναχωροῦμενο
1508 4556 1587 4619 είς
1618 4556 1917 4627 ἁμαρτίας,

346 4644 438 4697 καὶ
460 4644 517 4696 ἐν
540 4643 876 4714 ἐκκλησίαις,
899 4643 992 4696 καὶ
1027 4644 1085 4697 ἐν
1102 4644 1213 4705 τοῖς
1237 4643 1428 4709 οίκοις,
1457 4645 1551 4697 καὶ
1567 4648 1623 4699 ἐν
1641 4649 1759 4710 ταῖς
1789 4649 1919 4717 ἀγο-

346 4729 598 4806 ραῖς,⁴καὶ
613 4737 670 4788 ἐν
686 4737 797 4798 τοῖς
816 4736 1062 4806 μνήμασι
1078 4735 1438 4807 πορευόμεθα.
1456 4737 1566 4791 Καὶ
1579 4738 1637 4791 τὸ
1648 4738 1923 4809 ἀνοητότε-

345 4846 460 4900 ρον,
472 4830 553 4882 ὅτι
565 4826 736 4890 οὕτως
748 4828 823 4898 τῷ
839 4828 1067 4881 διαϐόλω
1077 4826 1439 4895 δουλεύοντες,
1453 4829 1549 4885 καὶ
1563 4831 1621 4883 ἐν
1634 4833 1796 4885 παντὶ
1810 4850 1922 4887 και-

346 4919 445 4990 ρῷ,
475 4921 569 4974 καὶ
592 4919 760 4990 τόπῳ,
778 4920 871 4971 καὶ
893 4918 1199 4989 πράγματι,
1216 4919 1307 4973 τὸν
1323 4919 1456 4975 Θεὸν
1475 4923 1920 4994 παροργίςοντες,

345 5010 596 5080 λέγομεν,
650 5010 746 5063 καὶ
783 5008 1123 5080 ξενιζόμεοα,
1156 5010 1426 5078 λέγοντες·
1456 5012 1628 5068 Πόθεν
1656 5016 1916 5082 ἀπειλαί;

346 5100 511 5154 πόθεν
541 5102 597 5154 αί
626 5101 898 5169 παιδεῖαι;
927 5101 1093 5157 πόθεν
1121 5104 1154 5174 ή
1183 5104 1561 5174 αἰχμαλωσίας
1596 5105 1808 5178 πόθενή
1838 5126 1923 5161 το-

334 5190 516 5263 σαύτη
538 5193 677 5263 ὀργὴ
700 5195 788 5263 ἐφ’
820 5195 967 5264 ἡμᾶς
990 5211 1005 5261 ς

422 5285 485 5337 Ὢ
523 5284 722 5353 πολλῆς
776 5288 870 5340 καὶ
907 5285 1190 5357 ἀμυθήτου
1232 5286 1581 5359 πωρώσεωςι
1618 5290 1746 5355 τοὺς
1770 5292 1923 5346 ἀδελ-

345 5376 481 5445 φοὺς
537 5379 594 5430 ὲν
649 5378 898 5449 μνημείῳ
966 5380 1382 5448 κατατιθέντες,
1452 5382 1574 5437 οὐδὲ
1623 5384 1682 5451 ἐξ
1754 5386 1925 5458 αὐτῆς

348 5468 579 5536 θεωρίας
608 5472 688 5534 εἰς
714 5471 1066 5541 συναίσθησιν
1090 5473 1381 5545 ἐρχόμεθα.
1415 5475 1748 5546 Ἐμϐλέψατε
1789 5477 1925 5547 πρὸς

346 5558 437 5611 τὸν
466 5560 653 5627 τάφον,
698 5563 748 5615 οί
782 5562 1032 5632 ἄφρονες,
1069 5566 1163 5618 καὶ
1206 5566 1537 5636 ἀνανήψατε.
1590 5568 1925 5639 Ἐμόλέψατε

351 5649 487 5718 πρὸς
513 5652 612 5723 τὴν
642 5656 824 5726 σορὸν,
850 5658 900 5709 οἱ
934 5659 1355 5730 μεγαλόφρονες,
1405 5662 1499 5714 καὶ
1538 5662 1613 5733 μὴ
1657 5661 1921 5730 φυσᾶσθε.

333 5735 521 5811 εἸὄετε
560 5740 628 5795 τά
666 5742 825 5809 ὀστᾶ,
857 5747 905 5799 οἱ
933 5748 1295 5818 ποριζόμενοι,
1354 5751 1444 5804 καὶ
1496 5752 1569 5823 μὴ
1610 5751 1922 5822 ἐπαίρεσθε.

2024 4570 2268 4640 peccatis
2313 4569 2368 4624 in
2402 4571 2675 4635 ecclesiis,
2712 4571 2765 4625 in
2797 4571 3073 4637 domibus,
3110 4572 3165 4625 in
3216 4572 3359 4637 foro,
3406 4575 3461 4627 in
3511 4588 3600 4628 ses

2026 4661 2238 4731 pulcris
2287 4660 2614 4716 incedimus.
2667 4660 2935 4730 Quodque
2983 4661 3301 4716 dementius
3329 4671 3434 4728 est,
3473 4681 3596 4718 cum

2025 4756 2106 4809 sic
2159 4754 2376 4809 diabolo
2431 4755 2760 4818 serviamus,
2816 4753 3081 4824 omnique
3130 4762 3397 4824 tempore,
3455 4756 3594 4820 locu,

2025 4847 2246 4917 negotio
2287 4847 2381 4901 Dei
2410 4847 2547 4901 iram
2591 4862 2978 4916 provocemus,
3016 4846 3254 4902 dicimus
3290 4859 3497 4913 tamen,
3532 4864 3596 4902 ac

2022 4953 2122 4994 ceu
2152 4955 2355 4993 novum
2380 4939 2645 4994 mirantes
2670 4939 2904 4995 dicimus
2928 4957 2941 4993 :
2970 4940 3251 4995 Undenam
3272 4941 3475 4995 mina}?
3499 4958 3600 4994 un-

2023 5029 2220 5086 denam
2258 5030 2509 5101 ﬂagella?
2555 5031 2825 5087 undcnam
2877 5032 3259 5102 captivitates?
3320 5032 3596 5087 undcnam

2024 5130 2175 5176 tanta
2202 5121 2296 5175 Dei
2332 5123 2386 5175 in
2412 5137 2512 5176 nos
2536 5122 2659 5177 ira?

2095 5297 2140 5355 Ο
2172 5314 2443 5370 magnam,
2484 5315 2547 5355 ac
2591 5298 2853 5370 majorem
2900 5299 3161 5371 cogitatu,
3209 5300 3395 5355 cordis
3446 5299 3600 5354 duri-

2025 5391 2187 5444 tiem!
2216 5390 2355 5444 Cum
2378 5389 2573 5445 fratres
2598 5390 2652 5444 in
2678 5391 2929 5460 sepulcro
2961 5408 3251 5462 ponamus,
3285 5408 3353 5447 nc
3387 5408 3454 5447 ex
3483 5393 3599 5461 ipso

2026 5480 2251 5551 quidem
2284 5492 2509 5550 aspectu
2553 5480 2609 5534 in
2658 5497 2881 5537 sensum
2928 5483 3202 5537 venimus.
3250 5484 3492 5553 Aspicite
3544 5483 3600 5535 in

2027 5574 2362 5642 sepulcrum,
2393 5573 2566 5639 stulti,
2599 5588 2663 5629 ac
2695 5574 3021 5642 resipiscitc.
3063 5574 3303 5644 Aspicite
3338 5576 3392 5629 in
3448 5575 3601 5628 locu-

2028 5663 2140 5717 lum
2178 5680 2505 5734 urnamque,
2552 5665 2646 5733 qui
2679 5666 2851 5719 altum
2886 5668 3100 5736 sapitis,
3126 5677 3181 5722 ct
3204 5669 3376 5722 nolite
3402 5665 3605 5720 animis

2032 5764 2361 5814 tumescere.
2422 5757 2608 5815 Videte
2644 5773 2790 5825 ossa,
2822 5759 3021 5830 arguti,
3069 5771 3126 5815 ct
3179 5760 3349 5816 nolite
3387 5756 3601 5813 cii‘crri.
