4038 6208
462 331 600 402 3251
1734 332 2042 396 INCERTI
2083 329 2462 394 AUCTORIS
3573 337 3722 405 3352

461 444 568 502 Sed
604 441 710 501 etsi
751 441 1028 514 sapientes
1058 443 1213 510 estis,
1255 443 1361 500 etsi
1413 443 1584 500 multa
1627 443 1845 514 polletis
1895 457 2032 513 pru-

2149 441 2308 497 Ἀ).λά
2331 441 2430 496 ἐὰν
2462 441 2617 511 σοφοὶ
2641 441 2785 509 ἐστὲ,
2807 440 2904 496 ἐὰν
2925 439 3126 514 πολλήν
3147 440 3406 514 φρόνησιν
3425 444 3721 517 κέκτησθε,

459 532 670 594 dentia,
716 532 933 595 docete,
965 531 1166 587 edieite
1209 532 1266 586 in
1318 531 1429 586 illis
1475 531 1758 601 corruptis
1809 531 2031 585 ossibus

2147 533 2385 600 Βιδάξατέ
2424 550 2513 604 με,
2545 533 2640 587 καὶ
2683 533 3058 606 ἑρμηνεύσατέ
3099 551 3190 606 μοι
3235 535 3295 588 ὲν
3334 535 3566 604 ἐκείνοις
3604 545 3725 606 τοῖς

459 625 711 694 quisnam
773 639 892 688 rex,
940 637 1003 677 ac
1042 623 1167 693 quis
1213 621 1491 692 privatus;
1548 622 1676 692 quis
1744 631 2028 693 tyrannus,

2147 622 2546 692 Βιεφθαρμένοις
2569 624 2798 686 ὀστέοις,
2830 621 2914 687 τίς
2943 623 3090 677 ἐστὶν
3110 623 3139 676 ὀ
3164 623 3440 693 βασιλεὺς,
3471 628 3565 682 καὶ
3586 632 3667 695 τίς
3689 633 3720 685 6

457 731 523 771 ac
577 716 700 786 quis
752 715 1083 781 imbecillis;
1135 714 1263 785 quis
1317 713 1491 777 dives,
1524 729 1589 769 ac
1621 713 1745 784 quis
1778 729 2028 784 pauper;

2147 711 2350 783 ἰδιώτης
2373 728 2388 742 °
2439 713 2523 776 τίς
2561 713 2590 766 6
2624 713 2906 784 τύραννος,
2944 715 3037 768 καὶ
3068 715 3151 778 τίς
3191 717 3220 770 6
3250 715 3542 782 ἀδύνατος’
3575 722 3657 784 τίς
3689 725 3719 777 6

458 808 583 878 quis
609 807 849 878 sapiens,
880 823 945 863 ac
979 807 1104 877 quis
1129 808 1426 877 insipiens;
1461 808 1586 878 quis
1622 821 1780 878 puer,
1807 823 1872 861 ac
1903 806 2030 876 quis

2147 801 2408 868 πλούσιος,
2426 801 2523 854 καὶ
2545 803 2855 873 τὶςόπένης
2874 821 2887 834 ο
2920 804 3002 867 τίς
3034 805 3063 856 6
3094 805 3285 874 σοφὸς.
3315 807 3408 860 καὶ
3440 809 3562 873 τίςό
3589 812 3720 865 ἄσο-

457 913 669 963 senex;
715 913 964 968 quaenam
1017 897 1265 967 speciosa
1311 899 1514 969 puella,
1564 914 1628 954 ac
1670 913 1795 968 qua:
1850 911 2028 962 anus;

2147 909 2252 962 p0;'
2273 893 2356 957 τίς
2385 895 2414 946 6
2436 895 2587 957 παῖς,
2607 894 2703 948 καὶ
2723 893 2807 957 τίς
2836 894 2865 946 6
2893 894 2954 963 γέ
2965 911 3072 965 ρων
3092 911 3106 924 ·
3139 895 3265 950 ποία
3283 898 3314 966 ή
3334 897 3536 969 ὲνειδὴς
3555 900 3719 971 κόρη,

457 1000 708 1056 quaenam
747 984 963 1041 ﬂorenti
1020 986 1242 1050 decore,
1294 1002 1359 1042 ac
1408 1002 1528 1058 qua!
1559 988 1719 1041 annis
1762 986 2026 1041 marcida.

2147 985 2227 1039 ιαὶ
2250 985 2384 1039 ποία
2411 986 2444 1056 ή
2471 985 2677 1055 γραῦςο
2710 986 2840 1039 ποία
2868 987 2901 1057 ή
2931 985 3247 1042 ἀπανθοῦσα
3271 987 3347 1058 τῷ
3369 990 3588 1057 κάλλει,
3621 994 3723 1045 καὶ

456 1076 599 1133 Num
628 1083 785 1146 potes
823 1075 1048 1131 dicere?
1088 1091 1219 1130 num
1269 1077 1419 1131 vales
1461 1075 1796 1130 ostendere?
1848 1074 2033 1130 Haud-

2147 1077 2262 1132 ποία
2280 1080 2314 1150 ή
2339 1077 2677 1149 μαρανθεϊσα
2704 1075 2782 1147 τῷ
2799 1077 2995 1148 χρόνῳ.
3027 1077 3119 1148 Μή
3137 1077 3280 1148 ἔχεις
3300 1081 3476 1133 εἰπεῖν
3496 1099 3512 1144 ;
3536 1083 3611 1152 μὴ
3628 1084 3725 1136 δύο

457 1182 752 1238 quaquam.
796 1166 987 1222 Nonne
1028 1180 1223 1221 omnes
1267 1166 1408 1222 cinis
1453 1166 1676 1221 effecti?
1721 1181 1904 1220 nonne
1950 1164 2031 1221 fa-

2147 1187 2289 1224 ρασαι
2315 1169 2515 1236 δεῖξαις
2553 1167 2840 1239 Οὐδαμῶς.
2857 1169 2931 1222 Ού
2959 1169 3158 1232 πάντες
3183 1169 3332 1233 κόνις
3353 1170 3626 1237 ἐγένοντο;
3658 1173 3722 1224 ού

2131 1264 2332 1326 πάντες
2371 1262 2584 1333 τέφρας
2630 1263 2690 1314 οὐ
2725 1261 2925 1324 πάντες
2973 1261 3272 1331 σκωλήκων
3303 1261 3401 1314 καὶ
3452 1261 3725 1328 δυσωδίας

2132 1355 2392 1426 πλήρεις;
2419 1353 2480 1406 ού
2507 1353 2724 1416 πάντως
2754 1353 2848 1405 καὶ⁵
2869 1353 3016 1422 ήμᾶς
3039 1351 3098 1404 τὸ
3121 1352 3250 1404 αὐτὸ
3269 1353 3527 1422 ποτήριον
3543 1354 3723 1425 μένει;

2130 1446 2191 1499 ού
2234 1445 2452 1509 πάντως
2489 1445 2523 1515 ἡ
2559 1443 2697 1514 αὕτη
2741 1444 2891 1509 ὀδός;
2926 1441 3000 1512 μὴ
3034 1441 3340 1507 ἁπατᾶσθε,
3371 1437 3417 1496 ὦ
3451 1444 3721 1515 ἄφρονες

2133 1537 2210 1609 μή
2239 1537 2604 1607 πλανήσωμεν
2628 1536 2872 1598 ἑαυτοὺς,
2896 1527 2941 1586 ὧ
2964 1533 3126 1603 φίλοι.
3160 1534 3344 1587 Πάντα
3371 1534 3480 1604 γὰρ
3508 1535 3726 1606 παρὲρπ

458 1627 813 1691 praetereunt,
845 1634 908 1675 ac
956 1629 1191 1689 pereunt
1219 1619 1402 1673 omnia
1437 1635 1450 1673 :
1489 1628 1546 1674 et
1593 1619 1736 1674 sicut
1762 1635 1954 1689 passer
1997 1636 2028 1676 ο

2147 1647 2318 1700 (ονται
2349 1628 2446 1683 καὶ
2477 1626 2809 1681 ἀπόλλυνται
2839 1641 2852 1656 ⁸
2885 1625 2977 1679 καλ
3004 1623 3193 1692 ὥσπερ
3225 1624 3505 1695 στρουθίον
3535 1627 3600 1678 ὲκ
3620 1627 3726 1696 τῆς

460 1706 714 1760 manibus
741 1705 969 1775 nostris,
1005 1707 1086 1761 sic
1123 1707 1308 1761 omnia
1355 1716 1580 1776 repente
1626 1709 1866 1763 avolant.
1918 1709 2031 1765 Hac

2147 1719 2318 1790 (Et.pr
2354 1718 2532 1788 ἡμῶν,
2564 1716 2736 1778 οὕτως
2769 1714 3028 1784 ἐξαίφνης
3054 1715 3335 1767 πέτανται.
3367 1714 3538 1768 Τοῦτο
3555 1718 3726 1784 γινώ-

460 1792 716 1849 Salomon
747 1794 977 1849 scientia
999 1794 1192 1857 fretus,
1215 1793 1432 1849 aiebat:
1457 1793 1673 1849 Vanitas
1705 1798 2033 1861 sanitatum;

2147 1777 2334 1864 ξκώνό
2364 1777 2636 1879 ξολομὼν,
2667 1777 2880 1873 ἐλεγεψ
2904 1777 3248 1870 ’Μάταιότης
3281 1777 3721 1874 ματαιοτήίτων,

460 1887 640 1940 omnia
712 1887 922 1941 vanitas
979 1885 1048 1941 ".
1119 1885 1292 1940 David
1356 1900 1577 1955 quoque
1652 1886 1707 1940 id
1763 1886 2030 1957 cogitans,

2147 1900 2205 1954 τὰ
2265 1897 2462 1952 πάντα
2505 1895 2850 1967 ματαιότης.
2888 1893 3058 1947 Τοῦτο
3095 1893 3290 1946 ἐννοῶν
3336 1896 3430 1948 καὶ
3477 1897 3508 1949 ὀ
3556 1896 3725 1950 Δαϐὶδ

460 1975 772 2033 clamabat:
823 1975 886 2031 In
935 1977 1167 2047 imagine
1216 1977 1503 2048 pertransit
1556 1977 1750 2031 homo:
1802 1985 1850 2031 et
1900 1993 2034 2031 vane

2147 1990 2284 2044 ὲϐὀαο
2325 1988 2430 2043 Ἐν
2457 1989 2644 2044 εικόνι
2673 1986 3084 2054 διαπορεύεται
3113 1984 3446 2054 ἅνθρωπος,
3476 1987 3577 2041 καί
3609 1987 3722 2057 μά⁸

459 2073 808 2127 conturbatur
845 2071 912 2126 δ’.

2147 2099 2248 2151 την
2274 2080 2659 2151 ταράσσεται.

530 2167 667 2221 Vere
697 2164 866 2229 enim,
903 2176 1033 2218 vere
1055 2161 1280 2230 frustra,
1303 2163 1490 2226 homo,
1526 2162 1766 2218 turbaris
1791 2179 1806 2228 ;
1829 2161 2034 2218 frustra

2205 2176 2416 2236 Ὄντως
2446 2172 2576 2244 γὰρ,
2599 2172 2768 2235 ὅντως
2786 2170 2964 2242 μάτην
2983 2170 3249 2242 ταράττῃ,
3277 2169 3532 2242 ἄνθρωπε
3558 2187 3575 2205 ο
3610 2171 3720 2242 μά..

460 2255 675 2322 curris;
702 2255 904 2312 frustra
924 2255 1142 2312 laboras
1172 2256 1407 2323 enitens,
1440 2256 1811 2318 tumultuaris,
1832 2256 2036 2326 cogita-

2147 2283 2233 2336 την
2261 2264 2478 2336 τρέχεις
2499 2279 2516 2297 ο
2550 2264 2728 2333 μάτην
2780 2259 2976 2324 κοπίας
3005 2261 3427 2332 ἀγωνιζόμενος,
3453 2260 3722 2333 θορυϐού-

460 2349 671 2404 tionum
705 2355 899 2405 aestum
925 2347 1132 2415 ferens,
1173 2364 1262 2404 res
1287 2348 1472 2404 saeculi
1500 2348 1654 2403 brevi
1689 2359 1809 2418 post
1830 2350 2036 2417 peritu-

2147 2374 2322 2428 μενος,
2350 2355 2743 2425 χειμαζόμενος
2761 2367 2776 2382 ο
2812 2352 3061 2421 συνάγων
3081 2352 3153 2406 τά
3193 2351 3311 2423 μετ’
3341 2352 3522 2420 ὀλίγον
3550 2352 3725 2406 ἀπολ-

461 2456 553 2494 ras
581 2440 887 2511 colligens;
926 2456 1018 2497 res
1045 2440 1341 2512 ejusmodi,
1378 2451 1442 2495 ut
1472 2441 1527 2495 in
1558 2441 1646 2496 die
1669 2441 1862 2511 judicii
1897 2441 2035 2495 nihil

2147 2443 2341 2514 λύμενα
2371 2441 2464 2495 τοῦ
2492 2441 2608 2512 βίου
2636 2441 2932 2512 πράγματα
2953 2457 2968 2472 ο
2997 2441 3068 2494 τὰ
3103 2441 3269 2512 μηδέν
3317 2457 3377 2494 σε
3412 2442 3467 2496 ἐν
3523 2441 3723 2512 ἡμέρᾳ.

465 2541 517 2586 te
545 2533 740 2603 juvare
771 2531 1011 2588 valeant.
1063 2532 1306 2587 Tametsi
1339 2532 1487 2587 enim
1514 2533 1803 2588 thesauros
1845 2549 2037 2588 omnes

2147 2535 2376 2606 κρίσεως
2405 2532 2688 2602 ὠφελῆσαι
2743 2530 3018 2600 ἰσχύοντα.
3057 2532 3178 2586 Κᾶν
3217 2532 3328 2603 γὰρ
3349 2531 3550 2594 πάντας
3582 2533 3724 2595 τοὺς

463 2623 1018 2694 congregaverimus,
1072 2622 1206 2678 nudi
1257 2639 1325 2678 ex
1382 2623 1486 2678 hac
1513 2623 1622 2678 vita
1663 2625 2033 2694 egrediemur,

2147 2625 2446 2697 θησαυροὺς
2481 2623 2918 2694 ἐπισυνάξωμεν,
2951 2623 3150 2693 γυμνοὶ
3179 2623 3272 2677 τοῦ
3299 2623 3566 2693 παρόντος
3594 2622 3722 2693 βίου

463 2713 541 2767 uti
573 2721 628 2767 et
657 2713 888 2783 ingressi
947 2728 1156 2768 sumus.
1213 2712 1357 2767 Nudi
1414 2727 1628 2777 revera,
1674 2713 2033 2780 miserabiles,

2147 2714 2491 2785 ἐξερχόμεθα,
2522 2713 2712 2786 ὥσπερ
2742 2715 2836 2768 καὶ
2887 2713 3229 2786 εἰσήλθομεν.
3271 2714 3474 2785 Γυμνοὶ
3522 2716 3722 2778 ὅντως,

463 2805 666 2869 moesti,
690 2803 990 2870 tenebrosi,
1017 2804 1262 2870 contriti,
1295 2804 1527 2869 onerati,
1559 2804 1806 2869 revelati,
1835 2804 2034 2872 timidi,

2147 2806 2382 2871 ὲλεεινοὶ,
2418 2805 2758 2876 σκυθρωποὶ,
2794 2805 3082 2870 σκοτεινοὶ,
3123 2805 3594 2876 συντετριμμένοι,
3621 2823 3725 2860 πε·-

466 2897 687 2968 trepidi,
725 2895 1042 2967 pudebundi
1067 2935 1082 2962 ,
1137 2895 1424 2952 doloribus
1450 2895 1617 2961 anxii,
1645 2895 1890 2961 solliciti,
1942 2897 2038 2950 de-

2147 2899 2490 2970 φορτωμὲνοι,
2511 2897 3010 2968 τετραχηλισμένοι,
3031 2898 3278 2968 ἔμφοϐοι,
3302 2898 3572 2970 ἔντρομοι,
3589 2917 3728 2955 κατ-

465 2975 719 3045 ωἰεεοὶη
743 2998 943 3045 terram
977 2990 1160 3055 vultu;
1194 3005 1259 3044 ac
1305 2990 1398 3060 qui
1434 2990 1631 3045 bonam
1662 2987 2037 3045 defensionem

2147 2987 2320 3056 ηφεῖς,
2371 2985 2645 3054 ὀδυνηροὶ,
2691 2987 3044 3056 ὲμμέριμνοι,
3087 2990 3166 3050 είς
3186 2987 3292 3057 γῆν
3321 2988 3383 3041 τὸ
3428 2988 3725 3058 πρόσωπον

463 3083 670 3136 nullam
698 3081 1094 3151 paraverimus.
1116 3081 1229 3136 Hoc
1258 3091 1508 3136 nostrum
1535 3090 1882 3150 peccatorum
1907 3081 2032 3148 iter,

2147 3077 2368 3149 ἔχοντες,
2397 3075 2691 3144 ἀπολογίαν
2722 3076 2778 3129 δὲ
2808 3077 3017 3146 ἀγαθὴν
3036 3076 3110 3148 μὴ
3131 3077 3584 3149 εύτρεπήςαντες.
3615 3079 3726 3132 Οὓ-

467 3175 561 3242 qui
597 3174 650 3227 in
681 3173 828 3227 curis
853 3173 1020 3227 vitam
1056 3187 1300 3242 agamus,
1335 3187 1400 3226 ac
1422 3172 1477 3225 in
1507 3173 1794 3228 doloribus
1828 3173 2036 3228 moria-

2147 3188 2246 3234 τως
2280 3170 2328 3224 οί
2363 3167 2677 3241 ἁμαρτωλοὶ
2700 3170 3045 3241 πορευόμεθα
3073 3171 3132 3222 ὲν
3165 3170 3400 3241 φροντίδι
3430 3171 3719 3242 ζήσαντες,

470 3279 614 3317 mur.
644 3262 734 3316 Sic
777 3262 1077 3330 scpclimur
1105 3298 1119 3323 ,
1175 3261 1255 3315 sic
1284 3261 1654 3331 resurgimus,
1711 3262 1900 3332 sicque
1940 3277 2042 3318 nos

2147 3262 2238 3315 καὶ
2265 3264 2322 3316 ἐν
2347 3261 2556 3324 ὀδύναις
2585 3261 2930 3332 θνήσκοντες.
2997 3261 3184 3326 οὕτως
3239 3261 3576 3332 θαπτόμεθα,
3628 3263 3726 3316 οὗ-

456 1257 585 1311 villa
607 1257 631 1309 ?
656 1257 849 1311 Nonne
874 1257 1156 1310 vermibus
1187 1264 1422 1322 scatent,
1450 1257 1792 1326 fmtentque?
1833 1257 2029 1312 Nonne

459 1347 604 1402 idem
629 1362 732 1402 nos
769 1362 988 1416 quoque
1027 1347 1252 1401 omnino
1293 1348 1552 1417 poculum
1577 1349 1796 1402 manet?
1834 1348 2028 1404 Nonne

458 1453 688 1508 prorsus
725 1437 916 1492 eadem
951 1437 1076 1491 via?
1107 1437 1287 1491 Nolite
1326 1453 1532 1502 errare,
1571 1437 1914 1508 insipientes.
1951 1439 2030 1494 Ne

457 1545 560 1584 nos
595 1529 720 1598 ipsi,
765 1527 1100 1593 charissimi,
1149 1527 1510 1598 decipiamus.
1543 1527 1736 1584 Omnia
1790 1545 2028 1600 namque

470 3353 576 3424 ipsi
633 3351 1000 3408 defendimus.
1043 3349 1346 3417 Quinimo,
1403 3352 1482 3406 sic
1541 3351 1932 3408 confundimur
1984 3354 2040 3408 in

470 3442 672 3498 acerbo
703 3441 817 3506 illo,
853 3440 1006 3512 orbis
1026 3439 1292 3504 universi,
1329 3438 1640 3504 tremendo,
1671 3455 1735 3494 ac
1766 3439 2042 3511 plerisque

472 3535 803 3600 tenebroso,
864 3547 1232 3604 personarum
1283 3535 1656 3603 acceptionem
1711 3535 1918 3589 nullam
1942 3535 2044 3590 ha-

472 3628 636 3683 bente
657 3669 671 3693 ,
695 3628 1036 3696 incorrupto,
1062 3625 1433 3695 inexplicabili
1473 3625 1699 3697 judicio,
1729 3641 1793 3681 ac
1825 3626 2046 3681 carniﬁ-

473 3719 631 3786 cina;
684 3717 780 3773 ubi
837 3723 1080 3773 tremunt
1135 3716 1332 3787 angeli,
1379 3725 1660 3785 ponuntur
1688 3717 1866 3780 sedes,
1915 3717 2046 3774 libri

477 3809 842 3880 aperiuntur,
888 3823 953 3862 ac
1004 3806 1454 3878 incxstinguibile
1501 3807 1852 3863 tenebrosum
1906 3808 2047 3879 ignis

477 3901 682 3956 flumen
711 3899 946 3955 exsistit.

550 4093 1025 4163 Quemadmodum
1057 4093 1204 4148 enim
1232 4093 1540 4164 plumbum,
1566 4102 1661 4148 aut
1687 4092 1780 4164 pix
1822 4093 1932 4164 igni
1956 4108 2046 4150 so-

478 4187 618 4251 luta,
659 4187 739 4242 sic
760 4195 817 4242 et
859 4186 1001 4257 ignis
1045 4184 1138 4240 ille
1168 4185 1350 4240 omnis
1378 4198 1578 4255 expers
1605 4185 1748 4241 lucis
1789 4195 1893 4241 est.
1944 4185 2048 4241 Ubi

479 4279 710 4334 immitis
769 4278 1010 4342 vermis,
1067 4292 1130 4332 ac
1180 4277 1606 4348 insoporabilis;
1667 4278 1759 4333 ubi
1808 4278 2052 4334 tenebrae

2141 3371 2249 3418 τως
2268 3352 2626 3424 ἀνιστάμεθα,
2653 3354 2929 3417 καὶοῦτως
2951 3354 3388 3426 ἀπολογούμεθα,
3411 3355 3607 3426 μᾶλλον
3631 3354 3719 3420 δὲ,

2142 3446 2315 3510 οὕτως
2346 3445 2737 3517 αἰσχυνόμεθα,
2770 3447 2846 3510 είς
2873 3447 3048 3500 ἐκεῖνο
3085 3447 3145 3501 τὸ
3172 3449 3392 3519 πικρὸν,
3423 3448 3502 3511 είς
3537 3449 3723 3502 ἐκεῖνο

2143 3538 2205 3592 τὸ
2241 3537 2637 3607 οἰκουμενικὸν,
2691 3538 2752 3591 τὸ
2786 3537 3015 3608 φοϐερὸν
3065 3539 3298 3602 καὶτοῖς
3329 3538 3543 3602 πολλοῖς
3593 3556 3726 3593 σκο-

2145 3629 2346 3684 τεινόν·
2405 3628 2466 3682 τὸ
2511 3629 3040 3700 ,ἁπροσωπόληπτον,
3085 3630 3147 3684 τὸ
3185 3630 3613 3702 ἀδωροδόκητον,
3655 3631 3725 3684 τὸ

2147 3723 2545 3794 ἀνερμήνευτον
2609 3721 2990 3793 δικαστήριον,
3069 3723 3164 3777 καὶ
3233 3725 3540 3796 κριτήριον,
3623 3724 3728 3778 καὶ

2147 3814 2530 3884 κολαστήριονο
2573 3813 2706 3866 61:00
2732 3813 2951 3882 ἄγγελοι
2997 3815 3324 3886 τρέμουσινο
3353 3816 3486 3869 ὅπου
3538 3815 3727 3887 θρόνοι

2148 3904 2414 3970 τίθενται,
2439 3905 2571 3958 61:00
2603 3905 2660 3958 αί
2694 3905 2867 3976 βίϐλοι
2888 3907 3214 3976 ἀνοίγονται,
3253 3909 3387 3962 61:00
3410 3909 3438 3962 6
3458 3907 3730 3973 ἄσϐεστος

2148 3999 2241 4052 τοῦ
2275 3998 2444 4070 πυρὸς
2471 4000 2741 4064 σκοτεινὸς
2765 4003 3030 4073 ποταμός.

2222 4090 2432 4160 ’Ὠσπερ
2457 4091 2566 4161 γάρ
2606 4091 2875 4163 μόλιϐδος,
2913 4094 2946 4164 ἢ
2977 4094 3148 4148 πίσσα
3175 4092 3440 4165 λελυμένη
3474 4091 3581 4147 ὑπὸ
3613 4108 3731 4146 πυ-

2155 4181 2265 4253 ρὸς.
2295 4181 2470 4246 οὕτως
2495 4183 2589 4238 καὶ
2611 4183 2671 4237 τὸ
2713 4182 2823 4255 πῦρ
2863 4185 3384 4255 ὲκεῖνοάφώτιστον
3438 4187 3728 4256 τυγχάνει.

2153 4274 2386 4328 Ὅπου-ὀ
2412 4275 2690 4346 ἀνήμερος
2716 4273 2952 4347 σκώληξ,
2998 4279 3094 4331 καὶ
3127 4279 3423 4350 ἀκοίμητος
3442 4295 3455 4308 ·
3487 4279 3619 4331 ὅπου
3662 4278 3735 4332 τὸ

479 4369 632 4424 nulla
669 4368 856 4423 diluta:
876 4368 998 4423 luce
1021 4383 1036 4434 ;
1062 4366 1155 4420 ubi
1181 4367 1353 4421 tristis
1381 4375 1614 4422 tartarus
1638 4368 1816 4423 onmis
1861 4383 2044 4424 exsors

2153 4362 2456 4433 ἀφώτιστον
2487 4363 2695 4430 σκότος,
2725 4365 2859 4419 61:00
2889 4366 2918 4418 6
2961 4366 3218 4438 ὀδυνηρὸς
3271 4368 3539 4438 τάρταρος
3572 4370 3601 4421 6
3644 4369 3734 4439 μὴ

479 4462 714 4528 caloris;
748 4462 842 4518 ubi
873 4461 1017 4533 jugis
1048 4461 1317 4531 ejulatus:
1345 4458 1438 4512 ubi
1471 4458 1795 4515 immortalis
1823 4461 2044 4528 stridor;

2159 4456 2401 4527 μετέχων
2430 4454 2659 4526 θέρμης,
2687 4456 2820 4510 ὅπου
2847 4458 2876 4511 6
2909 4458 3170 4528 ἁσίγητος
3205 4459 3500 4530 κλαυθμὸς,
3539 4459 3681 4514 61000
3704 4461 3736 4513 6

480 4552 576 4608 ubi
613 4553 957 4624 sempiterna:
997 4552 1281 4622 lacrymaa;
1317 4549 1409 4603 ubi
1448 4550 1659 4604 nullum
1703 4551 1866 4606 finem
1899 4551 2054 4606 habi-

483 4645 593 4699 turi
619 4645 894 4716 gemitus;
928 4645 1021 4699 ubi
1059 4644 1242 4699 luctus
1288 4644 1532 4715 cogitatu
1563 4643 1766 4714 major;
1794 4643 1885 4697 ubi
1920 4659 2051 4699 cru-

481 4735 803 4792 ciandorum
873 4750 1038 4790 voces
1132 4734 1477 4789 miserabiles
1553 4747 1618 4788 ac
1683 4732 2048 4789 tristissima:

482 4827 687 4890 Parce,
752 4839 950 4896 parce;
1011 4826 1152 4891 sine,
1203 4826 1355 4891 sine;
1414 4825 1706 4888 miserere,
1757 4821 2050 4892 miserere;

485 4933 664 4983 serva,
697 4933 892 4984 serva;
920 4918 1108 4989 judex,
1134 4916 1320 4988 judex.
1365 4916 1467 4972 Ubi
1504 4931 1610 4970 non
1655 4915 1821 4982 risus,
1848 4915 1943 4971 sed
1965 4917 2052 4970 lu-

483 5018 606 5064 ctus
628 5017 711 5064 est
754 5027 766 5062 :
803 5008 897 5063 ubi
937 5023 1046 5063 non
1067 5008 1348 5078 gaudium,
1385 5006 1480 5061 sed
1514 5007 1777 5077 gemitus;
1809 5007 1902 5061 ubi
1943 5023 2052 5062 non

481 5100 694 5167 laetitia,
719 5099 816 5155 sed
842 5099 1031 5168 dolor;
1057 5099 1148 5153 ubi
1185 5114 1296 5153 non
1335 5099 1567 5160 deliciae.
1607 5099 1702 5154 sed
1727 5098 1929 5169 judex;
1961 5099 2052 5154 ubi

2157 4545 2511 4617 ἀτελεύτητος
2540 4545 2805 4617 βρυγμὸς,
2834 4547 2968 4601 61:00
2990 4549 3050 4600 τὸ
3072 4547 3287 4602 αἰώνιον
3313 4549 3567 4620 δάκρυον,
3591 4550 3734 4603 ὅπου

2159 4641 2209 4694 οἱ
2235 4639 2485 4708 ἀσίγητοι
2516 4639 2831 4708 στεναγμοὶ,
2872 4639 3005 4693 61:00
3033 4641 3093 4694 τὸ
3130 4640 3564 4712 ἀπαραμύθητον
3594 4641 3738 4694 πέν-

2162 4731 2273 4795 θος,
2305 4733 2436 4784 ὄπου
2474 4731 2582 4783 τῶν
2603 4730 3043 4801 βασανιζομένων
3074 4733 3129 4784 αἱ
3164 4731 3340 4801 φωναὶ
3371 4731 3604 4785 ἐλεειναὶ
3631 4735 3739 4786 καὶ

2149 4823 2406 4894 ὀδυνηραί
2425 4839 2440 4853 ο
2469 4824 2676 4887 Φείσαι,
2705 4825 2887 4892 φεῖσαι
2907 4840 2918 4851 ’
2945 4825 3102 4890 άνες,
3130 4824 3256 4888 ἄνες
3275 4839 3290 4853 '
3319 4824 3562 4895 ἐλέησον,
3581 4824 3738 4894 ἐλέη-

2154 4932 2284 4968 σον·
2340 4913 2531 4979 σῶσον,
2589 4913 2798 4967 σώσονο
2829 4913 3080 4976 δικαστά,
3133 4914 3396 4970 δικαστά⁶
3437 4915 3574 4968 ὅπου
3625 4916 3740 4969 οὐκ

2157 5008 2273 5060 ἔστι
2304 5007 2497 5075 γέλως,
2527 5007 2664 5061 ἀλλά
2719 5009 2914 5079 θρῆνος
2933 5027 2947 5043 ο
2979 5011 3111 5063 61:00
3169 5011 3269 5063 οὐκ
3316 5009 3431 5062 ἔστι
3456 5008 3737 5079 χαρμονὴ,

2155 5097 2292 5152 ἀλλά
2335 5098 2677 5168 στεναγμόςο
2711 5099 2846 5153 61:00
2910 5100 3010 5152 οὐκ
3047 5100 3197 5153 ἐστιν
3245 5099 3574 5170 εὐφροσύνη,
3613 5097 3742 5151 ἀλλ’

483 5208 595 5248 non
623 5208 774 5262 opes,
801 5192 898 5247 sed
927 5191 1166 5247 tenebrae
1193 5209 1206 5244 :
1237 5190 1331 5244 ubi
1351 5205 1460 5245 non
1491 5190 1689 5245 choros
1719 5206 1878 5261 agere
1902 5191 2044 5257 licet1

2160 5191 2318 5262 ὀδύνη
2340 5207 2355 5221 ·
2383 5191 2515 5244 61:00
2550 5191 2651 5245 οὐκ
2676 5191 2790 5245 ἐστι
2825 5194 3025 5265 τρυφὴ.
3053 5193 3189 5248 ἁλλά
3217 5194 3436 5264 κριτής
3469 5191 3605 5245 61:00
3631 5191 3743 5243 οὐκ

451 5317 456 5320 -
487 5284 584 5341 sed
613 5284 849 5355 suspiria
868 5284 1109 5339 trahere.
1140 5282 1445 5337 Tremenda
1464 5283 1580 5338 haec
1607 5282 1835 5350 auditu;
1863 5298 2044 5338 verum

2165 5282 2279 5336 ἔστι
2322 5281 2572 5347 πλοῦτος,
2608 5282 2744 5336 ἀλλά
2778 5285 2986 5347 σκότος’
3017 5285 3150 5338 ὅπου
3183 5285 3284 5337 οὐκ
3309 5283 3424 5336 ἐστι
3449 5281 3743 5354 χορεῦσαι,

487 5375 770 5431 tremenda
825 5377 998 5448 magis
1081 5391 1147 5432 ac
1205 5376 1476 5430 amariora
1528 5384 1749 5445 aspectu
1801 5392 1816 5430 :
1883 5376 2044 5446 majus

2167 5371 2304 5427 ἀλλά
2328 5370 2596 5436 στενάξαι.
2627 5372 2862 5443 Φοϐερὸν
2887 5373 2949 5427 τὸ
2985 5373 3156 5427 ταῦτα
3186 5373 3436 5440 ἀκοῦσαι,
3473 5373 3611 5425 ἀλλά
3639 5389 3745 5440 φο-

488 5465 726 5539 denique
775 5468 845 5524 ad
909 5469 1212 5524 cruciatum
1271 5483 1334 5523 ac
1376 5468 1654 5523 miseriam
1685 5508 1700 5533 ,
1747 5476 1808 5522 nt
1858 5482 1922 5524 ea
1970 5483 2044 5540 pa

2167 5465 2474 5537 ϐερώτερον
2523 5463 2616 5518 καὶ
2664 5465 2989 5536 πικρότερον
3028 5465 3227 5518 ἰδέσθαι
3248 5481 3262 5494 ·
3291 5465 3385 5518 καὶ
3418 5461 3583 5518 πάλιν
3607 5461 3742 5516 ὀδυ-

490 5553 707 5610 tiamur.
2170 5555 2463 5628 νηρότερον
2483 5556 2574 5611 καὶ
2601 5553 2931 5626 ἀθλιώτερον
2953 5555 3014 5610 τὸ
3035 5555 3207 5611 ταῦτα
3235 5553 3448 5611 παθεῖν.

601 5727 642 5760 ⁸⁸
675 5731 852 5786 Eccle.
879 5747 918 5799 l,
951 5731 1005 5787 2.
1121 5733 1160 5764 ”
1191 5733 1332 5792 Psal.
1359 5750 1582 5801 xxxvnt,
1609 5737 1660 5791 ’1.
