4038 6208
333 297 475 363 3253

1467 283 1567 345 DE
1601 279 1917 343 PERSICA
1957 280 2472 343 CAPTIVITATE.

3448 278 3588 344 32M

404 403 470 457 Τί
498 400 603 471 γάρ
631 399 778 454 ἐστὶν
825 399 1033 455 ίδέσοαι
1083 399 1264 453 πᾶσαν
1293 395 1392 468 τὴν
1429 396 1607 451 κτίσιν
1650 395 1910 465 ἐξαίφνης

2081 392 2356 460 Quantum
2405 389 2551 449 enim
2582 400 2702 458 est,
2745 403 2806 447 ut
2855 403 3077 463 repente
3117 401 3365 449 creatura
3407 388 3589 449 omnis

332 492 719 563 ἀνισταμένην,
754 492 849 546 καὶ
870 492 1264 563 συναγομένην,
1298 490 1393 546 καί⁵
1425 490 1913 563 κατακρινομένην,

333 588 429 643 καὶ
458 586 708 641 διδοῦσαν
735 586 891 650 δίκας
945 585 1083 655 ὑπὲρ
1112 584 1313 654 λόγων,
1368 584 1507 654 ὑπὲρ
1534 581 1734 653 ἔργων,
1774 581 1919 650 ὑπὲρ

334 678 610 749 λογισμῶν
632 677 906 748 πονηρῶν.
954 675 1145 745 ἸΙμεῖς
1188 676 1245 729 δέ
1299 675 1394 730 καὶ
1424 674 1564 746 ὑπὲρ
1594 672 1689 726 τοῦ
1721 672 1917 741 βαπτί-

338 787 563 841 σματος,
621 770 761 839 ὑπὲρ
806 767 905 834 τῆς
931 766 1040 820 τῶν
1082 766 1396 837 μυστηρίων
1423 764 1643 831 ἀναξίου
1680 762 1917 834 μεταλή-

336 862 505 932 ψεως,
539 861 680 931 ὑπὲρ
711 858 1030 929 ἱερωσύνης,
1064 858 1207 928 ὑπὲρ
1256 855 1597 927 λειτουργίας
1636 854 1917 926 ἠμελημέ-

339 967 458 1020 νης,
483 949 622 1019 ὑπὲρ
644 945 717 1002 ῶν
734 950 792 1002 ἐν
814 949 988 1012 νυκτὶ,
1013 948 1154 1019 ὑπὲρ
1212 940 1287 1002 ῶν
1317 948 1375 999 ἐν
1406 945 1627 1017 σκοτείᾳ
1658 946 1751 1000 τὸν
1781 944 1915 999 Θεὸν

341 1041 795 1112 παρωργίσαμεν.
833 1041 1025 1107 Μέγας
1063 1040 1249 1108 φόϐος,
1269 1040 1519 1108 ἀδελφοὶ,
1556 1039 1697 1093 τότε·
1744 1038 1917 1109 μέγας

340 1129 545 1200 τρόμος
564 1145 578 1158 ·
619 1129 828 1199 μεγάλη
854 1131 888 1199 ή
926 1130 1110 1199 ἡμέρα
1133 1145 1146 1158 °
1187 1129 1397 1200 μεγάλη
1427 1131 1461 1199 ή
1490 1128 1702 1199 ἀνάγκη
1730 1130 1764 1199 ή
1795 1129 1917 1182 τότε

344 1218 605 1289 γινομένη
625 1234 639 1248 ·
668 1213 759 1272 οἷα
787 1217 910 1272 οὔτε
934 1218 1176 1288 γέγονεν,
1214 1218 1337 1273 οὔτε
1372 1220 1658 1290 γενήσεται
1688 1219 1792 1281 ἓως
1819 1218 1919 1287 τῆς

344 1309 553 1381 ἡμέρας
579 1308 814 1379 ἐκείνης,
845 1310 934 1363 ὅτε
964 1310 997 1380 ή
1022 1310 1117 1374 νὺξ
1139 1309 1440 1382 καταλάϐῃ,
1472 1310 1560 1363 ὅτε
1588 1311 1621 1381 ή
1652 1308 1803 1379 φωνὴ
1823 1325 1918 1377 γε-

344 1404 587 1472 νήσεται·
636 1401 765 1455 Ἰδοὺ
808 1401 857 1454 6'
879 1401 1109 1472 Κριτής,
1144 1402 1495 1474 ἁμαρτωλοί·
1524 1398 1764 1467 ’δίκαιοι,
1789 1402 1921 1456 ἀνά-

348 1510 508 1562 στητε
555 1494 635 1556 είς
678 1492 778 1563 τὴν
812 1493 1115 1560 ἀπάντησιν
1170 1492 1354 1548 αὑτοῦ.
1418 1494 1553 1547 Τότε
1602 1494 1651 1545 οί
1700 1494 1921 1560 ἄγγελοι

346 1577 762 1652 προτρέχόυσιν,
815 1583 868 1634 αί
902 1580 1198 1648 σάλπιγγες
1237 1581 1453 1651 βοῶσιν,
1513 1581 1580 1633 τὰ
1632 1582 1809 1649 ἄστρα
1835 1580 1923 1632 πί-

346 1689 592 1740 πτουσιν,
626 1673 654 1725 6
690 1671 841 1742 ἥλιος
881 1669 1187 1733 σκοτίξεται
1214 1711 1229 1734 ,
1286 1671 1337 1723 oi
1366 1672 1586 1739 οὐρανοὶ
1615 1670 1689 1733 ὼς
1718 1670 1923 1739 βιϐλίον

2015 485 2244 547 excitari
2297 493 2575 549 cernatur,
2628 483 2687 538 in
2718 500 2887 539 unum
2921 484 3064 555 cogi,
3113 485 3491 551 condemnari,
3526 501 3591 541 ae

2015 589 2205 644 ptenas
2232 574 2385 638 dare,
2424 575 2495 629 ob
2521 574 2711 639 verba,
2749 589 2938 645 Opera,
2964 590 3160 645 pravas
3210 577 3590 646 cogitationes.

2015 664 2126 720 Nos
2157 674 2342 720 autem
2368 666 2532 720 etiam
2553 666 2897 736 baptismatis
2931 668 3174 732 nomine,
3207 669 3592 738 mysteriorum

2018 756 2255 828 indignae
2283 759 2631 828 sumptionis.
2654 761 2970 824 sacerdotii,
2998 762 3257 831 neglecta:
3298 761 3375 814 rei
3401 775 3591 823 sacrae,

2017 863 2207 904 eorum
2238 848 2542 905 facinorum
2578 851 2780 920 quibus
2822 853 2875 905 in
2910 859 3094 917 nocte,
3133 850 3334 920 quibus
3364 850 3597 903 faventi-

2019 941 2123 997 bus
2146 942 2390 997 tenebris
2414 942 2481 995 ad
2506 943 2642 996 iram
2679 944 2850 996 Deum
2890 944 3330 1013 provocavimus.
3370 941 3595 1011 Magnus

2021 1040 2174 1098 tunc,
2194 1032 2415 1098 fratres,
2440 1033 2638 1099 timor;
2680 1048 2910 1103 magnus
2938 1043 3177 1097 tremor;
3215 1032 3333 1086 dies
3362 1045 3589 1101 magna;

2020 1140 2235 1193 magna,
2263 1140 2385 1193 qua:
2408 1133 2539 1177 tunc
2560 1124 2689 1187 erit,
2706 1124 3003 1178 necessitas
3033 1142 3046 1177 :
3071 1124 3247 1193 qualis
3270 1139 3449 1192 neque
3468 1122 3591 1185 fuit,

2021 1232 2200 1285 neque
2233 1215 2341 1271 erit
2380 1231 2554 1284 usque
2593 1215 2662 1269 ad
2694 1216 2840 1269 diem
2894 1216 3062 1279 illam,
3108 1216 3328 1284 quando
3359 1231 3465 1269 nox
3495 1231 3594 1283 ap-

2020 1307 2365 1380 prehendet;
2398 1309 2620 1378 quando
2643 1324 2747 1362 vox
2778 1308 2870 1362 fiet
2894 1326 2907 1361 :
2928 1308 3067 1363 Ecce
3105 1308 3278 1363 Judex
3299 1349 3312 1371 ,
3345 1316 3598 1376 peceato-

2023 1418 2140 1468 res;
2167 1404 2323 1473 justi,
2370 1404 2647 1473 exsurgite
2688 1403 2743 1456 in
2784 1418 3073 1458 occursum
3095 1406 3233 1472 ejus.
3271 1402 3427 1456 Tunc
3469 1418 3602 1471 pra:-

2024 1500 2250 1546 current
2279 1493 2481 1562 angeli,
2540 1493 2685 1547 tubze
2713 1493 3003 1561 clangent,
3059 1492 3229 1548 stellae
3258 1491 3484 1555 cadent,
3518 1490 3599 1545 sol

2023 1583 2466 1646 obtenebreseet,
2497 1584 2622 1638 caeli
2653 1584 2804 1637 velut
2834 1582 2976 1635 liber
3003 1583 3421 1644 convolventur,
3472 1582 3601 1634 luna

2024 1674 2249 1743 peribit,
2285 1675 2455 1731 stella:
2498 1675 2754 1729 foliorum
2796 1690 2947 1729 more
2973 1674 3269 1738 deeident;
3303 1681 3517 1728 montes
3543 1682 3605 1726 ut

348 1764 694 1827 εἱλίσσονται,
725 1764 757 1833 ὴ
800 1762 997 1832 σελήνη
1026 1762 1344 1829 ἀπόλλυται,
1381 1765 1447 1816 τά
1491 1763 1665 1833 ἄστρα
1688 1762 1762 1824 ὡς
1787 1760 1925 1830 φύλ-

2038 1781 2151 1821 cera
2198 1766 2524 1835 liquescent,
2580 1767 2761 1821 fontes
2809 1774 3081 1831 arescent,
3154 1766 3410 1819 universa
3458 1774 3602 1819 terra

347 1856 415 1908 λα
440 1856 754 1920 πίπτουσιν,
784 1855 853 1909 τὰ
885 1854 985 1926 ὅρη
1011 1853 1087 1917 ὡς
1116 1854 1288 1925 κηρὸς
1343 1856 1692 1926 τακήσονται,
1730 1854 1785 1906 al
1816 1871 1923 1925 πη-

347 1946 445 2015 γαὶ
499 1945 948 2017 ξηρανθήσονται,
984 1949 1134 2003 πᾶσα
1174 1948 1208 2017 ἠ
1274 1946 1347 2016 γῆ
1398 1946 1812 2017 κλονηθήσεται,
1868 1946 1924 1998 αἱ

351 2037 580 2092 ἀϐύσσοι
604 2038 887 2110 τρέμουσι,
930 2040 998 2093 τά
1034 2038 1362 2110 καταχθόνια
1396 2040 1653 2104 σείονται,
1684 2038 1754 2091 τὰ
1804 2037 1929 2091 ἐπί-

350 2145 501 2197 γεια,
530 2128 599 2182 τά
622 2129 868 2201 οὐράνια.
904 2129 986 2183 Τά
1016 2130 1127 2184 ἀνω
1150 2130 1245 2183 καὶ
1284 2129 1354 2183 τά
1388 2129 1539 2182 κάτω
1567 2128 1812 2198 ἀνάγκης
1837 2127 1929 2196 γέ-

353 2234 569 2291 μουσιν.
602 2220 953 2292 ᾹίΔυνάμεις
984 2221 1078 2275 τοῦ
1113 2221 1387 2285 Βασιλέως
1426 2221 1838 2293 προτρέχουσιν,
1861 2222 1930 2274 τὰ

356 2310 612 2380 Σεραφὶμ
645 2311 828 2381 βοῶσι,
847 2311 917 2365 τά
941 2311 1295 2384 ὲξαπτέρυγα
1322 2312 1580 2377 σείονται,
1608 2314 1677 2366 τά
1724 2313 1929 2383 Χερου-

355 2399 460 2471 ϐὶμ
488 2401 868 2469 εὐλαϐοῦνται,
895 2403 965 2456 τά
991 2404 1248 2473 μνήματα
1265 2402 1592 2471 ἀνοίγονται,
1616 2402 1684 2457 τὰ
1702 2400 1933 2471 σώματα

355 2494 691 2562 ἀνίστανται,
727 2497 782 2549 αί
808 2495 979 2567 ψυχαὶ
1012 2496 1354 2569 ἀθροίζονται
1376 2513 1391 2528 ⁸
1423 2496 1480 2550 at
1515 2495 1763 2559 κολάσεις
1793 2494 1934 2547 έτοι-

361 2600 471 2652 μοι,
506 2584 561 2636 αἱ
586 2584 913 2650 ἀπολαύσεις
945 2588 1251 2657 γεγόνασιν.

430 2673 635 2743 Μηδεὶς
666 2677 730 2746 τῇ
762 2676 1058 2731 ἀναστάσει
1102 2678 1424 2733 ἀπιστείτωο
1466 2678 1655 2750 μηδεὶς
1684 2677 1754 2731 τὰ
1774 2674 1933 2744 λεγό-

364 2780 498 2834 μενα
530 2764 897 2831 ἐξουθενείτω.
941 2768 1267 2837 Γενήσονται
1300 2769 1411 2838 γὰρ
1438 2769 1626 2834 ὅντως,
1671 2769 1766 2822 καὶ
1799 2768 1935 2837 ἀλη-

362 2854 472 2918 θῶς
504 2856 847 2924 γενήσονται.
890 2857 1240 2927 Ἀκούσωμεν
1298 2859 1391 2912 τοῦ
1419 2860 1624 2927 Κυρίου
1662 2859 1936 2927 λέγοντος,

361 2945 466 3010 ὅτι,
485 2947 593 2999 Καὶ
618 2947 677 2999 al
696 2945 985 3013 Δυνάμεις
1006 2945 1124 3000 τῶν
1142 2946 1414 3013 οὐρανῶν
1428 2963 1511 3000 σα
1526 2946 1933 3013 κευθήσονται.

2026 1858 2327 1929 quatietur,
2350 1858 2525 1930 abyssi
2566 1866 2837 1924 trement;
2869 1857 3107 1923 inferna,
3156 1858 3462 1920 terrestria,
3486 1871 3602 1911 εαξη

2023 1948 2181 2003 lestia
2221 1949 2492 2004 nutabunt
2526 1968 2539 2003 :
2579 1965 2775 2020 supera
2824 1959 2988 2018 atque
3046 1949 3221 2003 infera
3275 1948 3603 2003 necessitate

2026 2041 2186 2111 plena
2214 2051 2398 2096 erunt.
2445 2041 2691 2097 Virtutes
2730 2040 2864 2110 Regi
2894 2048 3238 2109 praecurrunt
3273 2056 3286 2092 :
3319 2038 3605 2108 Seraphim

2029 2133 2288 2197 clamant,
2320 2132 2469 2188 senis
2488 2133 2590 2187 alis
2615 2132 2831 2202 praediti
2863 2131 3279 2195 concutiuntur,
3306 2129 3605 2187 Cherubim

2028 2222 2351 2285 formidant,
2375 2230 2734 2277 monumenta
2772 2222 3134 2292 aperiuntur,
3164 2236 3396 2289 corpora
3430 2235 3609 2273 resur-

2030 2320 2189 2382 gunt,
2223 2312 2420 2367 animae
2436 2321 2869 2383 congregantur;
2905 2310 3159 2381 expedita
3188 2309 3482 2379 ‘supplicia,
3515 2324 3609 2363 vo-

2031 2398 2271 2468 luptates
2301 2407 2607 2455 cesserunt.

2108 2664 2284 2720 Nemo
2337 2663 2501 2718 [idem
2541 2663 2941 2719 resurrectioni
3004 2662 3214 2718 abnuat
3254 2678 3461 2718 :nemo
3490 2678 3613 2731 qua:

2038 2753 2301 2810 dicuntur
2330 2754 2488 2808 nihili
2518 2752 2703 2818 faciat,
2740 2768 2804 2809 ac
2828 2762 3074 2823 spernat.
3096 2753 3255 2808 Fient
3279 2753 3449 2818 enim,
3485 2752 3616 2807 fient

2042 2860 2254 2899 revera.
2310 2844 2617 2898 Audiamus
2672 2844 2965 2898 Dominum
3008 2844 3284 2898 dicentem
3336 2842 3615 2896 :Virtutcs

2038 2935 2289 2990 calorum
2323 2936 2784 2989 commovebuntur
2810 2942 2899 2990 :et
2927 2934 3105 2988 omnis
3132 2942 3275 2988 terra
3298 2950 3408 2987 non
3431 2932 3619 2987 turba-

362 3034 459 3086 καὶ
513 3034 662 3086 πᾶσα
690 3034 723 3103 ή
753 3034 823 3101 γῆ
862 3034 922 3086 ού
950 3034 1389 3105 ταραχθήσεται;
1420 3035 1484 3087 At
1514 3035 1783 3105 Δυνάμεις
1826 3034 1935 3087 τῶν

2044 3026 2238 3081 bitur?
2296 3027 2541 3082 Virtutes
2584 3026 2850 3081 eoalorum
2910 3025 3445 3089 commovebuntur,
3496 3040 3619 3094 quae

360 3124 605 3194 οὐρανῶν
639 3124 1077 3194 σαλευθήσονται,
1110 3126 1166 3178 αἱ
1214 3126 1482 3195 μηδέποτε
1524 3128 1935 3196 ἀμαρτήσασαι,

2044 3134 2325 3189 nunquam
2353 3128 2740 3189 peccaverunt,
2764 3136 2886 3189 qua:
2912 3120 3190 3174 illustrant
3215 3120 3380 3173 corda
3412 3126 3616 3182 nostra,

364 3216 421 3269 αἱ
467 3215 565 3276 τάς
621 3214 845 3285 καρδίας
873 3215 1031 3285 ἡμῶν
1066 3216 1416 3283 φωτίζουσαι,
1451 3218 1506 3269 αἱ
1545 3218 1633 3269 τὸν
1690 3217 1822 3269 Θεὸν
1853 3217 1942 3269 ἀεὶ

366 3302 794 3374 ὑμνολογοῦσαι·
836 3304 930 3357 καὶ
998 3304 1113 3367 πῶς
1160 3304 1267 3374 ἄρα
1304 3306 1465 3375 ἡμεῖς
1524 3305 1789 3376 μέλλομεν
1818 3306 1943 3359 τότε

366 3396 742 3467 ὗφίστασθαι;
801 3396 976 3459 Πολὺς
1017 3399 1044 3449 ὁ
1085 3396 1266 3465 φόϐος,
1318 3398 1608 3467 ἀδιήγητος
1654 3399 1684 3451 ὁ
1717 3398 1940 3467 τρόμος,

366 3487 765 3556 ἀνερμήνευτος
790 3486 823 3553 ή
865 3485 1100 3553 ἀνάγκη,
1138 3485 1445 3554 ἀμέτρητος
1475 3487 1508 3550 ἡ
1541 3484 1770 3556 αἰσχύνη
1822 3485 1943 3537 τότε

368 3575 477 3635 τοῖς
510 3574 629 3628 κατ’
668 3572 768 3641 ἐμὲ
798 3573 1076 3645 γινομένη,
1105 3575 1230 3625 ὅταν
1260 3572 1439 3626 αὐτῶν
1482 3573 1942 3644 θριαμϐεύωνται,

369 3661 599 3719 ἐνώπιον
619 3662 728 3715 τῶν
757 3662 1022 3733 οὐρανίων
1043 3665 1135 3717 καὶ
1163 3663 1443 3732 ἐπιγείων,
1468 3664 1715 3733 ἀγγέλων
1740 3666 1834 3718 καὶ
1855 3666 1947 3719 ἀν-

370 3752 625 3825 Θρώπων,
652 3751 747 3805 καὶ
775 3750 1189 3821 δημοσιεύονται
1216 3752 1268 3803 αἱ
1304 3752 1571 3824 πορνεῖαι,
1596 3752 1650 3803 al
1687 3754 1942 3821 μοιχεῖαι,

368 3847 439 3899 τὰ
473 3844 666 3915 ψεύδη,
708 3845 763 3897 ai
796 3844 1091 3914 ἐπιορκίαι,
1120 3842 1239 3906 πῶς
1262 3843 1380 3896 τότε
1412 3842 1794 3913 αἱσχύνονταις
1829 3842 1946 3906 πῶς

370 3937 665 4009 τήκονται;
699 3936 889 4004 Μέγας
942 3937 971 3988 6
1017 3934 1226 4006 χειμὼν
1276 3935 1482 3997 ἐκεῖνος
1543 3933 1683 3986 τότεο
1720 3932 1890 4005 μέγας
1918 3934 1946 3986 6

371 4029 601 4094 κλύδων,
619 4029 746 4100 χαλε
756 4027 830 4099 τιὴ
845 4030 879 4099 ή
900 4028 1242 4098 περίστασις,
1260 4025 1505 4096 ἀκατάλη
1516 4041 1643 4088 πτος
1666 4024 1945 4095 ήάνάγκη,

371 4124 401 4179 6
432 4121 730 4192 ὀλολυγμὸς
754 4121 1067 4192 ἀδιήγητος.

445 4213 709 4267 Βούλεσθε
739 4212 810 4267 τὰ
848 4216 966 4268 κατ’
1014 4215 1230 4283 ἐκείνην
1289 4214 1388 4284 τὴν
1447 4212 1684 4283 φοϐερὰν
1735 4212 1949 4283 ἡμέραν

373 4309 777 4382 ἀκριϐεστέρως
825 4308 1203 4379 ἐξετάσωμενς
1259 4308 1533 4379 Συμφέρει
1579 4308 1687 4379 γὰρ
1734 4306 1950 4377 ἀληθῶς

2044 3227 2166 3282 qua:
2218 3227 2439 3281 semper
2485 3213 2599 3267 Deo
2652 3213 2863 3267 cantica
2910 3228 2976 3267 ac
3016 3211 3208 3267 laudes
3252 3211 3617 3280 depromunt;

2045 3317 2283 3373 quonam
2342 3302 2508 3373 igitur
2552 3318 2701 3357 nunc
2756 3302 2921 3356 modo
2962 3316 3066 3356 nos
3092 3301 3496 3356 consistemus?
3539 3300 3623 3354 in-

2044 3410 2181 3465 gens
2213 3395 2409 3459 timor,
2441 3394 2831 3449 inenarrabilis
2863 3403 3072 3448 tremor
3106 3393 3409 3447 necessitas
3460 3393 3618 3447 inex-

2045 3482 2338 3551 plicabilis,
2369 3483 2671 3535 immensus
2699 3491 2828 3535 tunc
2868 3481 3047 3549 pudor
3078 3480 3185 3532 illis
3214 3480 3305 3547 qui
3339 3479 3443 3533 mei
3470 3480 3624 3533 simi-

2047 3579 2130 3634 les
2155 3579 2450 3634 exsistunt.
2479 3579 2615 3634 Cum
2639 3594 2830 3633 eorum
2871 3594 3055 3633 coram
3109 3578 3321 3647 angelis
3350 3586 3406 3632 et
3441 3578 3621 3631 homi-

2047 3671 2213 3725 nibus
2249 3670 2611 3724 traducentur
2639 3685 2704 3723 ac
2742 3669 2967 3738 publica
2996 3668 3342 3722 notabuntur
3373 3668 3620 3734 infamia,

2048 3760 2445 3815 fornicationes
2472 3800 2487 3825 ,
2533 3760 2831 3823 adulteria,
2859 3758 3166 3823 mendacia,
3199 3758 3460 3829 perjuria,
3512 3775 3623 3827 quo

2052 3858 2183 3904 tunc
2207 3850 2369 3905 modo
2390 3851 2839 3906 confundentur?
2870 3850 3151 3920 quomodo
3179 3832 3574 3905 contabescent
3601 3853 3623 3903 ἱ)

2049 3942 2241 4014 Magna
2282 3952 2415 3998 tunc
2461 3949 2778 4013 tempestas,
2813 3942 3004 4013 ingens
3034 3943 3296 4013 procella,
3325 3943 3506 4012 gravis
3536 3958 3626 3997 cad

2049 4033 2285 4099 lamitas,
2318 4034 2557 4106 cogitatu
2593 4034 2765 4106 major
2789 4035 3108 4101 necessitas,
3153 4034 3621 4105 ejulatusinenar-

2052 4126 2259 4181 rabilis.
3536 4144 3567 4162 κ

2124 4218 2303 4274 Vultis
2332 4233 2454 4288 qua:
2470 4218 2539 4273 ad
2568 4217 2970 4273 formidabilem
3011 4218 3164 4272 illum
3201 4217 3347 4272 diem
3378 4226 3627 4288 spectant

2054 4312 2369 4382 diligentius
2417 4309 2818 4379 exquiramus?
2858 4309 3091 4379 Expedit
3135 4309 3283 4365 enim
3341 4326 3531 4365 revera
3568 4321 3629 4365 ut

374 4401 579 4470 ταύτης
606 4401 726 4454 καθ’
757 4400 906 4471 ὥραν
947 4398 1304 4470 μνημονεύειν
1340 4402 1397 4453 ἐν
1445 4402 1599 4453 νυκτὶ
1624 4400 1716 4453 καὶ
1741 4402 1773 4469 ἡ
1784 4400 1847 4469 μέ
1859 4416 1935 4471 ραι

2056 4402 2203 4457 omni
2260 4402 2414 4465 hora,
2470 4410 2637 4455 noctu
2700 4400 2932 4470 diuque,
2995 4400 3143 4455 illius
3188 4401 3623 4456 meminerimus.

377 4494 443 4547 Τί
472 4489 563 4547 οὖν
593 4493 755 4563 φησὶν
784 4493 812 4544 6
840 4490 1075 4561 Δανιήλ;
1104 4488 1431 4557 Ἐθεώρουν
1460 4491 1529 4543 ἐν
1565 4490 1807 4559 ὁράματι
1841 4488 1935 4557 τῆς

2056 4495 2197 4562 Quid
2230 4508 2363 4563 ergo
2397 4493 2471 4546 ait
2500 4493 2729 4547 Daniel?
2766 4494 3011 4547 Videbam
3034 4496 3086 4547 in
3111 4495 3306 4548 visione
3332 4498 3517 4561 noctis,
3539 4497 3629 4549 do-

376 4585 620 4651 νυκτὸς,
669 4583 779 4649 ἕως
827 4579 899 4637 οὗ
940 4582 1139 4649 θρόνοι
1183 4580 1506 4647 ἐτέθησαν
1550 4583 1646 4635 καὶ
1687 4580 1950 4645 Παλαιὸς

376 4678 613 4748 ἡμέρων
640 4674 944 4730 ἐκάθισεν.
989 4674 1050 4727 '0
1085 4674 1293 4741 θρόνος
1330 4673 1517 4727 αὺτοῦ
1548 4672 1699 4741 φλὸξ
1728 4674 1947 4740 πυρός·

378 4774 432 4825 οὶ
460 4767 661 4838 τροχοί
689 4766 876 4822 αὑτοῦ
900 4765 1019 4832 πῦρ
1045 4769 1290 4835 φλέγονο
1322 4765 1585 4834 ποταμὸς
1622 4765 1810 4831 πυρὸς
1831 4757 1953 4817 εἷλ-

379 4879 487 4915 κεν
512 4861 852 4929 ἔμπροσθεν
878 4857 1085 4911 αὐτοῦ.
1121 4859 1317 4911 Χίλιαι
1364 4856 1628 4925 χιλιάδες
1654 4855 1953 4926 παρεστή-

380 4968 562 5007 κασιν
608 4949 787 5015 αὐτῷ,
822 4950 921 5003 καί
963 4950 1169 5019 μυρίαι
1214 4950 1499 5019 μυριάδες
1542 4950 1958 5018 ἐλειτουργοῦν

380 5040 560 5106 αὐτῷ.
604 5040 919 5109 Κριτήριον
949 5039 1221 5104 ἐκάθισε,
1266 5039 1363 5093 καὶ
1400 5040 1607 5103 ,βίϐλοι
1659 5040 1959 5108 ἀνεῴχθη-

382 5149 519 5186 σαν.
548 5130 696 5200 Ἐγὼ
745 5131 970 5199 Δανιὴλ
1019 5130 1183 5196 ἴδον,
1235 5132 1332 5186 καὶ
1386 5130 1590 5200 ἔφριξε
1624 5132 1688 5184 τὸ
1722 5130 1959 5199 πνεῦμά

379 5240 519 5293 μου,
564 5224 659 5276 καὶ
702 5223 739 5291 ἡ
769 5222 978 5291 ὅρασις
1012 5220 1118 5290 τῆς
1149 5222 1420 5292 κεφαλῆς
1437 5240 1556 5292 μου
1582 5221 1957 5291 συνετάρασ-

383 5314 498 5368 σέν
526 5332 621 5383 με.
658 5314 861 5367 Βαῦαίῐ
904 5314 933 5365 ὁ
956 5316 1239 5384 προφήτης
1271 5316 1451 5384 ὅραμα
1485 5313 1643 5385 μόνον
1670 5315 1767 5384 τῆς
1801 5313 1957 5367 κολά-

388 5423 524 5468 σεως
564 5405 687 5460 ἰδὼν
721 5405 905 5476 ἔφριξε
940 5406 1032 5459 καὶ
1082 5406 1135 5458 τί
1159 5401 1266 5477 ἄρα
1305 5408 1464 5476 ἡμεῖς
1509 5405 1775 5477 μέλλομεν
1818 5406 1956 5459 ὑπο-

2058 4604 2151 4641 nec
2194 4587 2371 4640 throni
2411 4587 2564 4655 positi
2600 4595 2770 4639 sunt:
2810 4595 2857 4639 et
2912 4585 3171 4655 Antiquus
3219 4588 3423 4641 dierum
3474 4590 3626 4641 sedit.

2059 4678 2293 4733 Thronus
2327 4679 2672 4749 ejusﬂamma
2696 4679 2830 4747 ignis
2852 4694 2870 4731 :
2903 4685 3030 4731 rota:
3057 4679 3171 4749 ejus
3199 4680 3332 4749 ignis
3363 4682 3630 4750 ﬂagrans:

2059 4773 2251 4841 ﬂumen
2279 4772 2413 4840 ignis
2446 4769 2684 4822 trahebat
2723 4770 2775 4821 in
2805 4780 3075 4839 conspectu
3103 4771 3236 4839 ejus.
3279 4770 3424 4824 Mille
3462 4770 3632 4824 millia

2063 4859 2375 4913 assistebant
2429 4860 2495 4921 ei,
2526 4866 2576 4910 ct
2605 4859 2743 4911 dena
2779 4858 2949 4911 millia
2993 4858 3183 4911 denum
3222 4860 3444 4913 millium
3475 4863 3631 4914 mini-

2063 4950 2305 5003 strabant
2329 4951 2393 5003 ei.
2422 4948 2687 5002 Jullicium
2721 4950 2875 5015 sedit,
2907 4959 2955 5003 et
2996 4950 3115 5004 libri
3138 4954 3307 5022 aperti
3334 4962 3477 5005 sunt.
3520 4953 3634 5023 Ego

2065 5042 2261 5097 Daniel
2290 5043 2414 5105 vidi,
2444 5051 2491 5095 et
2520 5045 2721 5098 horruit
2753 5045 2967 5113 spiritus
3000 5060 3141 5097 mens
3177 5060 3195 5097 :
3225 5052 3272 5097 et
3293 5046 3421 5099 visio
3447 5048 3634 5115 capitis

2066 5135 2168 5186 mei
2190 5132 2519 5186 conturbavit
2552 5148 2632 5185 me
2653 5132 2716 5187 ".
2748 5133 2905 5201 Papae
2931 5134 2943 5185 l
2983 5131 3257 5201 Propheta
3281 5132 3397 5186 visa
3425 5141 3632 5186 tantum

2063 5227 2319 5297 supplicii
2347 5227 2529 5296 specie
2554 5226 2770 5281 horruit
2808 5244 2820 5279 :
2848 5228 3045 5296 ecquid
3071 5228 3231 5282 nobis
3260 5227 3505 5281 futurum
3529 5236 3632 5287 est,

2066 5331 2191 5371 cum
2228 5316 2281 5370 in
2318 5332 2406 5371 res
2432 5318 2577 5386 ipsas
2631 5326 3015 5387 tormentaque
3065 5318 3401 5381 venerimus,
3454 5328 3636 5371 astan-

2049 5414 2149 5485 .tes
2177 5406 2331 5471 nudi,
2355 5423 2416 5462 ac
2447 5417 2795 5478 peccatorum
2824 5409 2943 5462 solo
2973 5423 3142 5463 onere
3167 5407 3419 5478 gravati?

389 5496 589 5567 μένειν,
624 5497 751 5550 ὅταν
805 5498 883 5560 εἰς
926 5495 1065 5551 αύτά
1104 5496 1172 5550 τά
1206 5497 1509 5569 πράγματα
1557 5496 1823 5567 έλοωμεν,
1874 5496 1969 5552 καὶ
2020 5496 2264 5568 βάσανα·
2306 5498 2701 5572 παριστάμενοι
2750 5500 2965 5571 γυμνοὶ,
3022 5499 3113 5553 καὶ
3160 5498 3223 5554 τὸ
3281 5494 3499 5570 φορτίον
3526 5496 3635 5552 τῶι

386 5591 799 5663 ἁμαρτημάτων
830 5590 989 5661 μ’ὁνον
1021 5592 1448 5662 πεφορτωμένοι.

461 5707 506 5738 ⁸³
532 5708 645 5763 Dan
704 5724 797 5775 vn,
829 5708 861 5762 9
884 5723 1034 5779 seqq.
