  <div class='ocr_page' id='page_1' title='image "/cluster/home/n/w/nwhite01/storage/ocr_20150623/86:2/hvd.32044054112354/755.png"; bbox 0 0 4038 6208; ppageno 0'>
   <div class='ocr_carea' id='block_1_1' title="bbox 438 275 580 343">
    <p class='ocr_par' dir='ltr' id='par_1_1' title="bbox 438 275 580 343">
     <span class='ocr_line' id='line_1_1' title="bbox 438 275 580 343; baseline -0.028 0"><span class='ocrx_word' id='word_1_1' title='bbox 438 275 580 343; x_wconf 69' lang='grc' dir='ltr'><strong>3ξῦ5</strong></span> 
     </span>
    </p>
   </div>
   <div class='ocr_carea' id='block_1_2' title="bbox 1686 283 2409 346">
    <p class='ocr_par' dir='ltr' id='par_1_2' title="bbox 1686 283 2409 346">
     <span class='ocr_line' id='line_1_2' title="bbox 1686 283 2409 346; baseline 0.004 -3"><span class='ocrx_word' id='word_1_2' title='bbox 1686 283 1997 345; x_wconf 81' lang='lat' dir='ltr'><strong>INCERTI</strong></span> <span class='ocrx_word' id='word_1_3' title='bbox 2030 285 2409 346; x_wconf 78' lang='lat' dir='ltr'><strong>AUCTORIS</strong></span> 
     </span>
    </p>
   </div>
   <div class='ocr_carea' id='block_1_3' title="bbox 3546 289 3693 355">
    <p class='ocr_par' dir='ltr' id='par_1_3' title="bbox 3546 289 3693 355">
     <span class='ocr_line' id='line_1_3' title="bbox 3546 289 3693 355; baseline 0.007 -1"><span class='ocrx_word' id='word_1_4' title='bbox 3546 289 3693 355; x_wconf 69' lang='lat'><strong>3256</strong></span> 
     </span>
    </p>
   </div>
   <div class='ocr_carea' id='block_1_4' title="bbox 461 384 2008 466">
    <p class='ocr_par' dir='ltr' id='par_1_4' title="bbox 461 384 2008 461">
     <span class='ocr_line' id='line_1_4' title="bbox 461 384 2008 461; baseline 0.003 -20"><span class='ocrx_word' id='word_1_5' title='bbox 461 411 465 415; x_wconf 79' lang='lat'><strong><em>~</em></strong></span> <span class='ocrx_word' id='word_1_6' title='bbox 497 387 660 448; x_wconf 79' lang='lat' dir='ltr'><strong>Tunc</strong></span> <span class='ocrx_word' id='word_1_7' title='bbox 685 384 1134 456; x_wconf 85' lang='lat' dir='ltr'><strong>blasphemorum</strong></span> <span class='ocrx_word' id='word_1_8' title='bbox 1167 385 1276 456; x_wconf 86' lang='lat' dir='ltr'><strong>igni</strong></span> <span class='ocrx_word' id='word_1_9' title='bbox 1311 387 1583 444; x_wconf 71' lang='lat' dir='ltr'><strong>torrenda:</strong></span> <span class='ocrx_word' id='word_1_10' title='bbox 1611 387 1851 461; x_wconf 80' lang='lat' dir='ltr'><strong>linguae:</strong></span> <span class='ocrx_word' id='word_1_11' title='bbox 1880 399 2008 446; x_wconf 86' lang='lat' dir='ltr'><strong>tunc</strong></span> 
     </span>
    </p>
   </div>
   <div class='ocr_carea' id='block_1_5' title="bbox 2113 384 3690 466">
    <p class='ocr_par' dir='ltr' id='par_1_5' title="bbox 2185 391 3690 466">
     <span class='ocr_line' id='line_1_5' title="bbox 2185 391 3690 466; baseline 0.006 -21"><span class='ocrx_word' id='word_1_12' title='bbox 2185 392 2319 446; x_wconf 84' lang='grc' dir='ltr'>Τότε</span> <span class='ocrx_word' id='word_1_13' title='bbox 2349 392 2458 446; x_wconf 87' lang='grc' dir='ltr'><strong>τῶν</strong></span> <span class='ocrx_word' id='word_1_14' title='bbox 2515 391 2854 463; x_wconf 76' lang='grc' dir='ltr'>βλασφήμων</span> <span class='ocrx_word' id='word_1_15' title='bbox 2903 394 2959 448; x_wconf 81' lang='grc' dir='ltr'>αι</span> <span class='ocrx_word' id='word_1_16' title='bbox 3011 393 3257 463; x_wconf 84' lang='grc' dir='ltr'><strong>γλῶσσαι</strong></span> <span class='ocrx_word' id='word_1_17' title='bbox 3308 397 3690 466; x_wconf 72' lang='grc' dir='ltr'>φλογίζονται*</span> 
     </span>
    </p>
   </div>
   <div class='ocr_carea' id='block_1_6' title="bbox 431 479 2010 551">
    <p class='ocr_par' dir='ltr' id='par_1_6' title="bbox 431 479 2010 551">
     <span class='ocr_line' id='line_1_6' title="bbox 431 479 2010 551; baseline 0.001 -15"><span class='ocrx_word' id='word_1_18' title='bbox 431 481 828 537; x_wconf 90' lang='lat' dir='ltr'><strong>fornicatorum</strong></span> <span class='ocrx_word' id='word_1_19' title='bbox 869 479 1150 535; x_wconf 81' lang='lat' dir='ltr'><strong>exurenda</strong></span> <span class='ocrx_word' id='word_1_20' title='bbox 1203 495 1470 551; x_wconf 80' lang='lat' dir='ltr'><strong>corpora;</strong></span> <span class='ocrx_word' id='word_1_21' title='bbox 1522 489 1652 537; x_wconf 90' lang='lat' dir='ltr'><strong>tunc</strong></span> <span class='ocrx_word' id='word_1_22' title='bbox 1690 483 2010 539; x_wconf 89' lang='lat' dir='ltr'><strong>convician-</strong></span> 
     </span>
    </p>
   </div>
   <div class='ocr_carea' id='block_1_7' title="bbox 439 571 2008 645">
    <p class='ocr_par' dir='ltr' id='par_1_7' title="bbox 439 571 2008 645">
     <span class='ocr_line' id='line_1_7' title="bbox 439 571 2008 645; baseline 0.002 -16"><span class='ocrx_word' id='word_1_23' title='bbox 439 573 576 630; x_wconf 91' lang='lat' dir='ltr'><strong>tium</strong></span> <span class='ocrx_word' id='word_1_24' title='bbox 623 571 964 628; x_wconf 90' lang='lat' dir='ltr'><strong>conterenda</strong></span> <span class='ocrx_word' id='word_1_25' title='bbox 1013 589 1131 638; x_wconf 88' lang='lat' dir='ltr'><strong>ora,</strong></span> <span class='ocrx_word' id='word_1_26' title='bbox 1182 589 1285 628; x_wconf 90' lang='lat' dir='ltr'><strong>nec</strong></span> <span class='ocrx_word' id='word_1_27' title='bbox 1337 574 1447 629; x_wconf 84' lang='lat' dir='ltr'><strong>erit</strong></span> <span class='ocrx_word' id='word_1_28' title='bbox 1509 576 1604 645; x_wconf 88' lang='lat' dir='ltr'><strong>qui</strong></span> <span class='ocrx_word' id='word_1_29' title='bbox 1655 576 2008 632; x_wconf 76' lang='lat' dir='ltr'><strong>misereatur.</strong></span> 
     </span>
    </p>
   </div>
   <div class='ocr_carea' id='block_1_8' title="bbox 435 661 2006 734">
    <p class='ocr_par' dir='ltr' id='par_1_8' title="bbox 435 661 2006 734">
     <span class='ocr_line' id='line_1_8' title="bbox 435 661 2006 734; baseline 0.001 -16"><span class='ocrx_word' id='word_1_30' title='bbox 435 662 592 718; x_wconf 86' lang='lat' dir='ltr'><strong>Tunc</strong></span> <span class='ocrx_word' id='word_1_31' title='bbox 637 662 1102 718; x_wconf 84' lang='lat' dir='ltr'><strong>immiscricordes</strong></span> <span class='ocrx_word' id='word_1_32' title='bbox 1155 661 1668 718; x_wconf 88' lang='lat' dir='ltr'><strong>immiscricorditer</strong></span> <span class='ocrx_word' id='word_1_33' title='bbox 1719 665 2006 734; x_wconf 87' lang='lat' dir='ltr'><strong>puniendi.</strong></span> 
     </span>
    </p>
   </div>
   <div class='ocr_carea' id='block_1_9' title="bbox 433 753 2009 826">
    <p class='ocr_par' dir='ltr' id='par_1_9' title="bbox 433 753 2009 826">
     <span class='ocr_line' id='line_1_9' title="bbox 433 753 2009 826; baseline 0.004 -19"><span class='ocrx_word' id='word_1_34' title='bbox 433 753 588 809; x_wconf 86' lang='lat' dir='ltr'><strong>Tunc</strong></span> <span class='ocrx_word' id='word_1_35' title='bbox 630 755 911 824; x_wconf 82' lang='lat' dir='ltr'><strong>superfluo</strong></span> <span class='ocrx_word' id='word_1_36' title='bbox 958 755 1108 809; x_wconf 89' lang='lat' dir='ltr'><strong>cultu</strong></span> <span class='ocrx_word' id='word_1_37' title='bbox 1147 755 1500 824; x_wconf 86' lang='lat' dir='ltr'><strong>gloriantium</strong></span> <span class='ocrx_word' id='word_1_38' title='bbox 1553 757 1740 812; x_wconf 94' lang='lat' dir='ltr'><strong>vultus</strong></span> <span class='ocrx_word' id='word_1_39' title='bbox 1781 757 2009 826; x_wconf 81' lang='lat' dir='ltr'><strong>fuligine</strong></span> 
     </span>
    </p>
   </div>
   <div class='ocr_carea' id='block_1_10' title="bbox 434 843 2008 916">
    <p class='ocr_par' dir='ltr' id='par_1_10' title="bbox 434 843 2008 916">
     <span class='ocr_line' id='line_1_10' title="bbox 434 843 2008 916; baseline 0.004 -18"><span class='ocrx_word' id='word_1_40' title='bbox 434 843 740 898; x_wconf 83' lang='lat' dir='ltr'><strong>inﬁcicndi.</strong></span> <span class='ocrx_word' id='word_1_41' title='bbox 775 845 930 900; x_wconf 89' lang='lat' dir='ltr'><strong>Tunc</strong></span> <span class='ocrx_word' id='word_1_42' title='bbox 961 845 1632 916; x_wconf 8' lang='lat' dir='ltr'><strong>impudicevannuentium</strong></span> <span class='ocrx_word' id='word_1_43' title='bbox 1671 850 1815 904; x_wconf 91' lang='lat' dir='ltr'><strong>oculi</strong></span> <span class='ocrx_word' id='word_1_44' title='bbox 1850 851 2008 905; x_wconf 89' lang='lat' dir='ltr'><strong>obte-</strong></span> 
     </span>
    </p>
   </div>
   <div class='ocr_carea' id='block_1_11' title="bbox 432 935 2011 1011">
    <p class='ocr_par' dir='ltr' id='par_1_11' title="bbox 432 935 2011 1011">
     <span class='ocr_line' id='line_1_11' title="bbox 432 935 2011 1011; baseline 0.005 -22"><span class='ocrx_word' id='word_1_45' title='bbox 432 935 721 990; x_wconf 86' lang='lat' dir='ltr'><strong>nebrandi.</strong></span> <span class='ocrx_word' id='word_1_46' title='bbox 751 935 885 1002; x_wconf 85' lang='lat' dir='ltr'><strong>Quis</strong></span> <span class='ocrx_word' id='word_1_47' title='bbox 922 937 1289 992; x_wconf 77' lang='lat' dir='ltr'><strong>misereatur?</strong></span> <span class='ocrx_word' id='word_1_48' title='bbox 1313 939 1447 1006; x_wconf 88' lang='lat' dir='ltr'><strong>Quis</strong></span> <span class='ocrx_word' id='word_1_49' title='bbox 1475 941 1704 995; x_wconf 79' lang='lat' dir='ltr'><strong>salutem</strong></span> <span class='ocrx_word' id='word_1_50' title='bbox 1749 945 2011 1011; x_wconf 79' lang='lat' dir='ltr'><strong>praestet?</strong></span> 
     </span>
    </p>
   </div>
   <div class='ocr_carea' id='block_1_12' title="bbox 432 1025 2012 1102">
    <p class='ocr_par' dir='ltr' id='par_1_12' title="bbox 432 1025 2012 1102">
     <span class='ocr_line' id='line_1_12' title="bbox 432 1025 2012 1102; baseline 0.004 -20"><span class='ocrx_word' id='word_1_51' title='bbox 432 1025 538 1082; x_wconf 87' lang='lat' dir='ltr'><strong>Ubi</strong></span> <span class='ocrx_word' id='word_1_52' title='bbox 579 1037 710 1082; x_wconf 90' lang='lat' dir='ltr'><strong>tunc</strong></span> <span class='ocrx_word' id='word_1_53' title='bbox 729 1029 1030 1097; x_wconf 89' lang='lat' dir='ltr'><strong>parentes?</strong></span> <span class='ocrx_word' id='word_1_54' title='bbox 1063 1029 1156 1084; x_wconf 92' lang='lat' dir='ltr'><strong>ubi</strong></span> <span class='ocrx_word' id='word_1_55' title='bbox 1190 1030 1536 1086; x_wconf 88' lang='lat' dir='ltr'><strong>fratres?ubi</strong></span> <span class='ocrx_word' id='word_1_56' title='bbox 1560 1033 1752 1102; x_wconf 88' lang='lat' dir='ltr'><strong>pater?</strong></span> <span class='ocrx_word' id='word_1_57' title='bbox 1771 1034 1866 1088; x_wconf 88' lang='lat' dir='ltr'><strong>ubi</strong></span> <span class='ocrx_word' id='word_1_58' title='bbox 1897 1051 2012 1090; x_wconf 91' lang='lat' dir='ltr'><strong>ma-</strong></span> 
     </span>
    </p>
   </div>
   <div class='ocr_carea' id='block_1_13' title="bbox 432 1119 2009 1192">
    <p class='ocr_par' dir='ltr' id='par_1_13' title="bbox 432 1119 2009 1192">
     <span class='ocr_line' id='line_1_13' title="bbox 432 1119 2009 1192; baseline 0.008 -21"><span class='ocrx_word' id='word_1_59' title='bbox 432 1119 551 1172; x_wconf 81' lang='lat' dir='ltr'><strong>ter?</strong></span> <span class='ocrx_word' id='word_1_60' title='bbox 564 1119 657 1172; x_wconf 89' lang='lat' dir='ltr'><strong>ubi</strong></span> <span class='ocrx_word' id='word_1_61' title='bbox 675 1119 886 1175; x_wconf 88' lang='lat' dir='ltr'><strong>amicus</strong></span> <span class='ocrx_word' id='word_1_62' title='bbox 901 1122 924 1174; x_wconf 91' lang='lat'><strong>?</strong></span> <span class='ocrx_word' id='word_1_63' title='bbox 941 1121 1032 1174; x_wconf 92' lang='lat' dir='ltr'><strong>ubi</strong></span> <span class='ocrx_word' id='word_1_64' title='bbox 1054 1137 1242 1191; x_wconf 86' lang='lat' dir='ltr'><strong>regum</strong></span> <span class='ocrx_word' id='word_1_65' title='bbox 1260 1124 1663 1192; x_wconf 80' lang='lat' dir='ltr'><strong>magniﬁcentia</strong></span> <span class='ocrx_word' id='word_1_66' title='bbox 1679 1125 1702 1178; x_wconf 91' lang='lat'><strong>?</strong></span> <span class='ocrx_word' id='word_1_67' title='bbox 1719 1125 1859 1192; x_wconf 83' lang='lat' dir='ltr'><strong>Quid</strong></span> <span class='ocrx_word' id='word_1_68' title='bbox 1877 1143 2009 1183; x_wconf 86' lang='lat' dir='ltr'><strong>vero</strong></span> 
     </span>
    </p>
   </div>
   <div class='ocr_carea' id='block_1_14' title="bbox 432 1209 2004 1289">
    <p class='ocr_par' dir='ltr' id='par_1_14' title="bbox 432 1209 2004 1289">
     <span class='ocr_line' id='line_1_14' title="bbox 432 1209 2004 1289; baseline 0.008 -26"><span class='ocrx_word' id='word_1_69' title='bbox 432 1209 558 1264; x_wconf 87' lang='lat' dir='ltr'><strong>dico</strong></span> <span class='ocrx_word' id='word_1_70' title='bbox 591 1221 745 1280; x_wconf 86' lang='lat' dir='ltr'><strong>pater</strong></span> <span class='ocrx_word' id='word_1_71' title='bbox 766 1227 830 1266; x_wconf 88' lang='lat' dir='ltr'><strong>ac</strong></span> <span class='ocrx_word' id='word_1_72' title='bbox 861 1222 1040 1267; x_wconf 88' lang='lat' dir='ltr'><strong>mater</strong></span> <span class='ocrx_word' id='word_1_73' title='bbox 1059 1213 1082 1265; x_wconf 72' lang='grc' dir='ltr'><strong>’ἓ</strong></span> <span class='ocrx_word' id='word_1_74' title='bbox 1101 1213 1211 1267; x_wconf 83' lang='lat' dir='ltr'><strong>Nec</strong></span> <span class='ocrx_word' id='word_1_75' title='bbox 1238 1215 1412 1284; x_wconf 81' lang='lat' dir='ltr'><strong>angeli</strong></span> <span class='ocrx_word' id='word_1_76' title='bbox 1445 1215 1570 1284; x_wconf 90' lang='lat' dir='ltr'><strong>ipsi,</strong></span> <span class='ocrx_word' id='word_1_77' title='bbox 1597 1232 1698 1271; x_wconf 88' lang='lat' dir='ltr'><strong>nec</strong></span> <span class='ocrx_word' id='word_1_78' title='bbox 1721 1227 2004 1289; x_wconf 84' lang='lat' dir='ltr'><strong>martyres,</strong></span> 
     </span>
    </p>
   </div>
   <div class='ocr_carea' id='block_1_15' title="bbox 432 1304 1762 1371">
    <p class='ocr_par' dir='ltr' id='par_1_15' title="bbox 432 1304 1762 1371">
     <span class='ocr_line' id='line_1_15' title="bbox 432 1304 1762 1371; baseline 0.005 -16"><span class='ocrx_word' id='word_1_79' title='bbox 432 1317 537 1356; x_wconf 91' lang='lat' dir='ltr'><strong>nec</strong></span> <span class='ocrx_word' id='word_1_80' title='bbox 556 1304 812 1371; x_wconf 89' lang='lat' dir='ltr'><strong>apostoli,</strong></span> <span class='ocrx_word' id='word_1_81' title='bbox 849 1313 981 1358; x_wconf 90' lang='lat' dir='ltr'><strong>tunc</strong></span> <span class='ocrx_word' id='word_1_82' title='bbox 999 1305 1349 1360; x_wconf 87' lang='lat' dir='ltr'><strong>obsecrantes</strong></span> <span class='ocrx_word' id='word_1_83' title='bbox 1377 1307 1762 1362; x_wconf 69' lang='lat' dir='ltr'><strong>etaudicntur.</strong></span> 
     </span>
    </p>
   </div>
   <div class='ocr_carea' id='block_1_16' title="bbox 501 1392 2005 1469">
    <p class='ocr_par' dir='ltr' id='par_1_16' title="bbox 501 1392 2005 1469">
     <span class='ocr_line' id='line_1_16' title="bbox 501 1392 2005 1469; baseline 0.005 -21"><span class='ocrx_word' id='word_1_84' title='bbox 501 1392 698 1458; x_wconf 81' lang='lat' dir='ltr'><strong>Nemo,</strong></span> <span class='ocrx_word' id='word_1_85' title='bbox 755 1393 984 1458; x_wconf 77' lang='lat' dir='ltr'><strong>fratres,</strong></span> <span class='ocrx_word' id='word_1_86' title='bbox 1040 1396 1281 1465; x_wconf 90' lang='lat' dir='ltr'><strong>seipsum</strong></span> <span class='ocrx_word' id='word_1_87' title='bbox 1337 1408 1522 1452; x_wconf 89' lang='lat' dir='ltr'><strong>mente</strong></span> <span class='ocrx_word' id='word_1_88' title='bbox 1585 1398 1845 1469; x_wconf 84' lang='lat' dir='ltr'><strong>decipiat.</strong></span> <span class='ocrx_word' id='word_1_89' title='bbox 1906 1402 2005 1457; x_wconf 88' lang='lat' dir='ltr'><strong>Ubi</strong></span> 
     </span>
    </p>
   </div>
   <div class='ocr_carea' id='block_1_17' title="bbox 433 1484 2008 1561">
    <p class='ocr_par' dir='ltr' id='par_1_17' title="bbox 433 1484 2008 1561">
     <span class='ocr_line' id='line_1_17' title="bbox 433 1484 2008 1561; baseline 0.006 -23"><span class='ocrx_word' id='word_1_90' title='bbox 433 1484 582 1539; x_wconf 90' lang='lat' dir='ltr'><strong>cnim</strong></span> <span class='ocrx_word' id='word_1_91' title='bbox 619 1485 766 1540; x_wconf 89' lang='lat' dir='ltr'><strong>Deus</strong></span> <span class='ocrx_word' id='word_1_92' title='bbox 800 1486 1064 1542; x_wconf 87' lang='lat' dir='ltr'><strong>adversus</strong></span> <span class='ocrx_word' id='word_1_93' title='bbox 1104 1488 1381 1543; x_wconf 86' lang='lat' dir='ltr'><strong>hominem</strong></span> <span class='ocrx_word' id='word_1_94' title='bbox 1417 1491 1708 1557; x_wconf 85' lang='lat' dir='ltr'><strong>clauserit,</strong></span> <span class='ocrx_word' id='word_1_95' title='bbox 1739 1493 1864 1561; x_wconf 85' lang='lat' dir='ltr'><strong>quis</strong></span> <span class='ocrx_word' id='word_1_96' title='bbox 1897 1494 2008 1561; x_wconf 90' lang='lat' dir='ltr'><strong>jam</strong></span> 
     </span>
    </p>
   </div>
   <div class='ocr_carea' id='block_1_18' title="bbox 434 1575 2006 1650">
    <p class='ocr_par' dir='ltr' id='par_1_18' title="bbox 434 1575 2006 1650">
     <span class='ocr_line' id='line_1_18' title="bbox 434 1575 2006 1650; baseline 0.008 -23"><span class='ocrx_word' id='word_1_97' title='bbox 434 1575 689 1644; x_wconf 88' lang='lat' dir='ltr'><strong>aperiat?</strong></span> <span class='ocrx_word' id='word_1_98' title='bbox 723 1576 828 1632; x_wconf 89' lang='lat' dir='ltr'><strong>Ubi</strong></span> <span class='ocrx_word' id='word_1_99' title='bbox 871 1585 1002 1633; x_wconf 91' lang='lat' dir='ltr'><strong>tunc</strong></span> <span class='ocrx_word' id='word_1_100' title='bbox 1048 1579 1384 1650; x_wconf 84' lang='lat' dir='ltr'><strong>optimates?</strong></span> <span class='ocrx_word' id='word_1_101' title='bbox 1423 1579 1649 1636; x_wconf 82' lang='lat' dir='ltr'><strong>Confusi</strong></span> <span class='ocrx_word' id='word_1_102' title='bbox 1700 1593 1848 1638; x_wconf 91' lang='lat' dir='ltr'><strong>sunt.</strong></span> <span class='ocrx_word' id='word_1_103' title='bbox 1902 1585 2006 1640; x_wconf 85' lang='lat' dir='ltr'><strong>Ubi</strong></span> 
     </span>
    </p>
   </div>
   <div class='ocr_carea' id='block_1_19' title="bbox 431 1668 2003 1739">
    <p class='ocr_par' dir='ltr' id='par_1_19' title="bbox 431 1668 2003 1739">
     <span class='ocr_line' id='line_1_19' title="bbox 431 1668 2003 1739; baseline 0.006 -17"><span class='ocrx_word' id='word_1_104' title='bbox 431 1668 691 1739; x_wconf 77' lang='lat' dir='ltr'><strong>iudices?</strong></span> <span class='ocrx_word' id='word_1_105' title='bbox 735 1670 956 1727; x_wconf 83' lang='lat' dir='ltr'><strong>Judicio</strong></span> <span class='ocrx_word' id='word_1_106' title='bbox 1000 1671 1241 1727; x_wconf 88' lang='lat' dir='ltr'><strong>damnati</strong></span> <span class='ocrx_word' id='word_1_107' title='bbox 1295 1683 1444 1726; x_wconf 89' lang='lat' dir='ltr'><strong>sunt.</strong></span> <span class='ocrx_word' id='word_1_108' title='bbox 1513 1673 1616 1728; x_wconf 87' lang='lat' dir='ltr'><strong>Ubi</strong></span> <span class='ocrx_word' id='word_1_109' title='bbox 1685 1683 1815 1729; x_wconf 90' lang='lat' dir='ltr'><strong>tunc</strong></span> <span class='ocrx_word' id='word_1_110' title='bbox 1863 1679 2003 1731; x_wconf 81' lang='lat' dir='ltr'><strong>servi</strong></span> 
     </span>
    </p>
   </div>
   <div class='ocr_carea' id='block_1_20' title="bbox 2110 481 3695 554">
    <p class='ocr_par' dir='ltr' id='par_1_20' title="bbox 2110 481 3695 554">
     <span class='ocr_line' id='line_1_20' title="bbox 2110 481 3695 554; baseline 0.007 -20"><span class='ocrx_word' id='word_1_111' title='bbox 2110 482 2232 535; x_wconf 86' lang='grc' dir='ltr'>τότε</span> <span class='ocrx_word' id='word_1_112' title='bbox 2255 481 2325 535; x_wconf 88' lang='grc' dir='ltr'><strong>τά</strong></span> <span class='ocrx_word' id='word_1_113' title='bbox 2349 482 2460 537; x_wconf 91' lang='grc' dir='ltr'><strong>τῶν</strong></span> <span class='ocrx_word' id='word_1_114' title='bbox 2492 481 2706 552; x_wconf 85' lang='grc' dir='ltr'>πορνῶν</span> <span class='ocrx_word' id='word_1_115' title='bbox 2750 481 2977 554; x_wconf 84' lang='grc' dir='ltr'>σώματα</span> <span class='ocrx_word' id='word_1_116' title='bbox 3008 485 3397 540; x_wconf 81' lang='grc' dir='ltr'><strong>κατακαίοντα.</strong></span> <span class='ocrx_word' id='word_1_117' title='bbox 3427 488 3560 541; x_wconf 70' lang='grc' dir='ltr'>Τότε</span> <span class='ocrx_word' id='word_1_118' title='bbox 3582 491 3695 545; x_wconf 89' lang='grc' dir='ltr'><strong>τῶν</strong></span> 
     </span>
    </p>
   </div>
   <div class='ocr_carea' id='block_1_21' title="bbox 2111 572 3695 646">
    <p class='ocr_par' dir='ltr' id='par_1_21' title="bbox 2111 572 3695 646">
     <span class='ocr_line' id='line_1_21' title="bbox 2111 572 3695 646; baseline 0.008 -22"><span class='ocrx_word' id='word_1_119' title='bbox 2111 572 2368 644; x_wconf 86' lang='grc' dir='ltr'>λοιδόρων</span> <span class='ocrx_word' id='word_1_120' title='bbox 2387 575 2457 628; x_wconf 74' lang='grc' dir='ltr'><strong>τὰ</strong></span> <span class='ocrx_word' id='word_1_121' title='bbox 2487 577 2731 645; x_wconf 83' lang='grc' dir='ltr'>στόματα</span> <span class='ocrx_word' id='word_1_122' title='bbox 2787 577 3184 646; x_wconf 70' lang='grc' dir='ltr'>συντρίϐονται,</span> <span class='ocrx_word' id='word_1_123' title='bbox 3240 577 3337 630; x_wconf 72' lang='grc' dir='ltr'>καὶ</span> <span class='ocrx_word' id='word_1_124' title='bbox 3351 577 3450 632; x_wconf 82' lang='grc' dir='ltr'>οὐκ</span> <span class='ocrx_word' id='word_1_125' title='bbox 3478 579 3629 635; x_wconf 72' lang='grc' dir='ltr'>ἔσται</span> <span class='ocrx_word' id='word_1_126' title='bbox 3662 584 3695 636; x_wconf 84' lang='grc'>6</span> 
     </span>
    </p>
   </div>
   <div class='ocr_carea' id='block_1_22' title="bbox 2111 665 3691 738">
    <p class='ocr_par' dir='ltr' id='par_1_22' title="bbox 2111 665 3691 738">
     <span class='ocr_line' id='line_1_22' title="bbox 2111 665 3691 738; baseline 0.007 -22"><span class='ocrx_word' id='word_1_127' title='bbox 2111 665 2438 722; x_wconf 84' lang='grc' dir='ltr'>ἐλεῶν.Τότε</span> <span class='ocrx_word' id='word_1_128' title='bbox 2466 667 2513 719; x_wconf 77' lang='grc' dir='ltr'>οἱ</span> <span class='ocrx_word' id='word_1_129' title='bbox 2539 667 2874 737; x_wconf 69' lang='grc' dir='ltr'><strong>ἄσπλαγχνος.</strong></span> <span class='ocrx_word' id='word_1_130' title='bbox 2905 666 3152 738; x_wconf 79' lang='grc' dir='ltr'><strong>ἀνηλεῶς</strong></span> <span class='ocrx_word' id='word_1_131' title='bbox 3179 668 3525 732; x_wconf 78' lang='grc' dir='ltr'>κολάζονται.</span> <span class='ocrx_word' id='word_1_132' title='bbox 3556 673 3691 727; x_wconf 83' lang='grc' dir='ltr'>Τότε</span> 
     </span>
    </p>
   </div>
   <div class='ocr_carea' id='block_1_23' title="bbox 2111 755 3693 828">
    <p class='ocr_par' dir='ltr' id='par_1_23' title="bbox 2111 755 3693 828">
     <span class='ocr_line' id='line_1_23' title="bbox 2111 755 3693 828; baseline 0.006 -21"><span class='ocrx_word' id='word_1_133' title='bbox 2111 755 2603 826; x_wconf 77' lang='grc' dir='ltr'><strong>καλλωπιζομένων</strong></span> <span class='ocrx_word' id='word_1_134' title='bbox 2631 757 2700 810; x_wconf 83' lang='grc' dir='ltr'>τὰ</span> <span class='ocrx_word' id='word_1_135' title='bbox 2730 758 2999 828; x_wconf 87' lang='grc' dir='ltr'>πρόσωπα</span> <span class='ocrx_word' id='word_1_136' title='bbox 3029 757 3406 812; x_wconf 76' lang='grc' dir='ltr'>ἀσϐολοῦνται.</span> <span class='ocrx_word' id='word_1_137' title='bbox 3429 759 3563 815; x_wconf 83' lang='grc' dir='ltr'>Τότε</span> <span class='ocrx_word' id='word_1_138' title='bbox 3581 764 3693 816; x_wconf 85' lang='grc' dir='ltr'><strong>τῶν</strong></span> 
     </span>
    </p>
   </div>
   <div class='ocr_carea' id='block_1_24' title="bbox 2109 847 3690 920">
    <p class='ocr_par' dir='ltr' id='par_1_24' title="bbox 2109 847 3690 920">
     <span class='ocr_line' id='line_1_24' title="bbox 2109 847 3690 920; baseline 0.004 -20"><span class='ocrx_word' id='word_1_139' title='bbox 2109 847 2465 902; x_wconf 75' lang='grc' dir='ltr'>διανευόντων</span> <span class='ocrx_word' id='word_1_140' title='bbox 2497 850 2546 902; x_wconf 77' lang='grc' dir='ltr'>οἱ</span> <span class='ocrx_word' id='word_1_141' title='bbox 2587 848 2860 920; x_wconf 76' lang='grc' dir='ltr'>ὀφθαλμοὶ</span> <span class='ocrx_word' id='word_1_142' title='bbox 2903 851 3264 914; x_wconf 74' lang='grc' dir='ltr'>σκοτίζονται.</span> <span class='ocrx_word' id='word_1_143' title='bbox 3300 851 3396 916; x_wconf 84' lang='grc' dir='ltr'>Τίς</span> <span class='ocrx_word' id='word_1_144' title='bbox 3423 853 3452 905; x_wconf 90' lang='lat'><strong>6</strong></span> <span class='ocrx_word' id='word_1_145' title='bbox 3477 854 3690 919; x_wconf 78' lang='grc' dir='ltr'>ὲλεῶνς</span> 
     </span>
    </p>
   </div>
   <div class='ocr_carea' id='block_1_25' title="bbox 2107 939 3696 1016">
    <p class='ocr_par' dir='ltr' id='par_1_25' title="bbox 2107 939 3696 1016">
     <span class='ocr_line' id='line_1_25' title="bbox 2107 939 3696 1016; baseline 0.004 -24"><span class='ocrx_word' id='word_1_146' title='bbox 2107 940 2194 1004; x_wconf 86' lang='grc' dir='ltr'><strong>τίς</strong></span> <span class='ocrx_word' id='word_1_147' title='bbox 2215 941 2243 993; x_wconf 91' lang='lat'><strong>6</strong></span> <span class='ocrx_word' id='word_1_148' title='bbox 2269 939 2458 1003; x_wconf 71' lang='grc' dir='ltr'>σώζων</span> <span class='ocrx_word' id='word_1_149' title='bbox 2479 957 2494 1006; x_wconf 92' lang='lat'><strong>;</strong></span> <span class='ocrx_word' id='word_1_150' title='bbox 2516 940 2626 994; x_wconf 91' lang='grc' dir='ltr'><strong>Ποῦ</strong></span> <span class='ocrx_word' id='word_1_151' title='bbox 2660 941 2984 1016; x_wconf 72' lang='grc' dir='ltr'>τότεγονεῖς</span> <span class='ocrx_word' id='word_1_152' title='bbox 3007 957 3022 1006; x_wconf 92' lang='lat'><strong>;</strong></span> <span class='ocrx_word' id='word_1_153' title='bbox 3055 940 3159 994; x_wconf 88' lang='grc' dir='ltr'><strong>ποῦ</strong></span> <span class='ocrx_word' id='word_1_154' title='bbox 3180 941 3436 1012; x_wconf 81' lang='grc' dir='ltr'>ἀδελφοίς</span> <span class='ocrx_word' id='word_1_155' title='bbox 3461 944 3566 996; x_wconf 89' lang='grc' dir='ltr'><strong>ποῦ</strong></span> <span class='ocrx_word' id='word_1_156' title='bbox 3593 963 3696 999; x_wconf 67' lang='grc' dir='ltr'>παν</span> 
     </span>
    </p>
   </div>
   <div class='ocr_carea' id='block_1_26' title="bbox 2108 1031 3697 1104">
    <p class='ocr_par' dir='ltr' id='par_1_26' title="bbox 2108 1031 3697 1104">
     <span class='ocr_line' id='line_1_26' title="bbox 2108 1031 3697 1104; baseline 0.004 -20"><span class='ocrx_word' id='word_1_157' title='bbox 2108 1032 2250 1102; x_wconf 85' lang='grc' dir='ltr'>τήρ;</span> <span class='ocrx_word' id='word_1_158' title='bbox 2287 1031 2392 1084; x_wconf 87' lang='grc' dir='ltr'><strong>ποῦ</strong></span> <span class='ocrx_word' id='word_1_159' title='bbox 2451 1034 2667 1104; x_wconf 67' lang='grc' dir='ltr'>μήτηρ*</span> <span class='ocrx_word' id='word_1_160' title='bbox 2700 1031 2805 1085; x_wconf 88' lang='grc' dir='ltr'><strong>ποῦ</strong></span> <span class='ocrx_word' id='word_1_161' title='bbox 2861 1032 3015 1099; x_wconf 80' lang='grc' dir='ltr'>φίλος</span> <span class='ocrx_word' id='word_1_162' title='bbox 3037 1050 3051 1064; x_wconf 74' lang='grc' dir='ltr'><strong><em>ο</em></strong></span> <span class='ocrx_word' id='word_1_163' title='bbox 3087 1032 3189 1086; x_wconf 86' lang='grc' dir='ltr'><strong>ποῦ</strong></span> <span class='ocrx_word' id='word_1_164' title='bbox 3218 1035 3250 1101; x_wconf 82' lang='grc' dir='ltr'><strong>ἡ</strong></span> <span class='ocrx_word' id='word_1_165' title='bbox 3285 1034 3397 1087; x_wconf 87' lang='grc' dir='ltr'><strong>τῶν</strong></span> <span class='ocrx_word' id='word_1_166' title='bbox 3424 1033 3697 1103; x_wconf 83' lang='grc' dir='ltr'>βασιλέων</span> 
     </span>
    </p>
   </div>
   <div class='ocr_carea' id='block_1_27' title="bbox 2113 1121 3696 1195">
    <p class='ocr_par' dir='ltr' id='par_1_27' title="bbox 2113 1121 3696 1195">
     <span class='ocr_line' id='line_1_27' title="bbox 2113 1121 3696 1195; baseline 0.006 -22"><span class='ocrx_word' id='word_1_167' title='bbox 2113 1121 2411 1192; x_wconf 79' lang='grc' dir='ltr'>φαντασία;</span> <span class='ocrx_word' id='word_1_168' title='bbox 2437 1123 2550 1176; x_wconf 72' lang='grc' dir='ltr'><strong>Καὶ</strong></span> <span class='ocrx_word' id='word_1_169' title='bbox 2565 1123 2616 1176; x_wconf 94' lang='grc' dir='ltr'><strong>τί</strong></span> <span class='ocrx_word' id='word_1_170' title='bbox 2639 1123 2784 1192; x_wconf 82' lang='grc' dir='ltr'>λέγω</span> <span class='ocrx_word' id='word_1_171' title='bbox 2808 1123 2994 1194; x_wconf 82' lang='grc' dir='ltr'>πατὴρ</span> <span class='ocrx_word' id='word_1_172' title='bbox 3014 1123 3108 1177; x_wconf 72' lang='grc' dir='ltr'>καὶ</span> <span class='ocrx_word' id='word_1_173' title='bbox 3137 1125 3355 1195; x_wconf 79' lang='grc' dir='ltr'>μήτηρς</span> <span class='ocrx_word' id='word_1_174' title='bbox 3379 1127 3512 1180; x_wconf 78' lang='grc' dir='ltr'>Οὐδὲ</span> <span class='ocrx_word' id='word_1_175' title='bbox 3537 1128 3696 1182; x_wconf 80' lang='grc' dir='ltr'>αὐτοὶ</span> 
     </span>
    </p>
   </div>
   <div class='ocr_carea' id='block_1_28' title="bbox 2109 1214 3696 1286">
    <p class='ocr_par' dir='ltr' id='par_1_28' title="bbox 2109 1214 3696 1286">
     <span class='ocr_line' id='line_1_28' title="bbox 2109 1214 3696 1286; baseline 0.004 -20"><span class='ocrx_word' id='word_1_176' title='bbox 2109 1215 2157 1266; x_wconf 76' lang='lat'><strong>0?</strong></span> <span class='ocrx_word' id='word_1_177' title='bbox 2191 1214 2432 1282; x_wconf 80' lang='grc' dir='ltr'>ἄγγελοι,</span> <span class='ocrx_word' id='word_1_178' title='bbox 2464 1214 2584 1267; x_wconf 82' lang='grc' dir='ltr'>οὐδὲ</span> <span class='ocrx_word' id='word_1_179' title='bbox 2616 1215 2666 1268; x_wconf 80' lang='grc' dir='ltr'>οἱ</span> <span class='ocrx_word' id='word_1_180' title='bbox 2722 1215 3024 1286; x_wconf 82' lang='grc' dir='ltr'>μάρτυρες,</span> <span class='ocrx_word' id='word_1_181' title='bbox 3059 1215 3181 1269; x_wconf 84' lang='grc' dir='ltr'>οὐδὲ</span> <span class='ocrx_word' id='word_1_182' title='bbox 3237 1217 3544 1286; x_wconf 81' lang='grc' dir='ltr'>ἀπόστολοι,</span> <span class='ocrx_word' id='word_1_183' title='bbox 3567 1219 3696 1272; x_wconf 86' lang='grc' dir='ltr'>τότε</span> 
     </span>
    </p>
   </div>
   <div class='ocr_carea' id='block_1_29' title="bbox 2110 1305 2980 1375">
    <p class='ocr_par' dir='ltr' id='par_1_29' title="bbox 2110 1305 2980 1375">
     <span class='ocr_line' id='line_1_29' title="bbox 2110 1305 2980 1375; baseline 0.006 -19"><span class='ocrx_word' id='word_1_184' title='bbox 2110 1305 2554 1375; x_wconf 84' lang='grc' dir='ltr'>παρακαλοῦντες</span> <span class='ocrx_word' id='word_1_185' title='bbox 2587 1307 2980 1361; x_wconf 78' lang='grc' dir='ltr'>εἰσακούονται.</span> 
     </span>
    </p>
   </div>
   <div class='ocr_carea' id='block_1_30' title="bbox 2175 1399 3697 1474">
    <p class='ocr_par' dir='ltr' id='par_1_30' title="bbox 2175 1399 3697 1474">
     <span class='ocr_line' id='line_1_30' title="bbox 2175 1399 3697 1474; baseline 0.003 -22"><span class='ocrx_word' id='word_1_186' title='bbox 2175 1399 2400 1468; x_wconf 75' lang='grc' dir='ltr'>Μηδεὶς,</span> <span class='ocrx_word' id='word_1_187' title='bbox 2433 1399 2670 1466; x_wconf 73' lang='grc' dir='ltr'>ἀδελφοὶ,</span> <span class='ocrx_word' id='word_1_188' title='bbox 2699 1399 2888 1452; x_wconf 72' lang='grc' dir='ltr'>ἑαυτὸν</span> <span class='ocrx_word' id='word_1_189' title='bbox 2913 1401 3334 1470; x_wconf 82' lang='grc' dir='ltr'>φρεναπατάτω.</span> <span class='ocrx_word' id='word_1_190' title='bbox 3366 1403 3540 1456; x_wconf 83' lang='grc' dir='ltr'>Ὅπου</span> <span class='ocrx_word' id='word_1_191' title='bbox 3579 1403 3697 1474; x_wconf 79' lang='grc' dir='ltr'><strong>γὰρ</strong></span> 
     </span>
    </p>
   </div>
   <div class='ocr_carea' id='block_1_31' title="bbox 2109 1489 3692 1561">
    <p class='ocr_par' dir='ltr' id='par_1_31' title="bbox 2109 1489 3692 1561">
     <span class='ocr_line' id='line_1_31' title="bbox 2109 1489 3692 1561; baseline 0.004 -20"><span class='ocrx_word' id='word_1_192' title='bbox 2109 1489 2242 1552; x_wconf 78' lang='grc' dir='ltr'>Θεὸς</span> <span class='ocrx_word' id='word_1_193' title='bbox 2270 1489 2459 1560; x_wconf 77' lang='grc' dir='ltr'>κλείσῃ</span> <span class='ocrx_word' id='word_1_194' title='bbox 2517 1489 2661 1543; x_wconf 83' lang='grc' dir='ltr'>κατὰ</span> <span class='ocrx_word' id='word_1_195' title='bbox 2700 1489 3015 1561; x_wconf 83' lang='grc' dir='ltr'>ἀνθρώπου,</span> <span class='ocrx_word' id='word_1_196' title='bbox 3070 1490 3282 1556; x_wconf 85' lang='grc' dir='ltr'>λοιπὸν,</span> <span class='ocrx_word' id='word_1_197' title='bbox 3316 1493 3398 1558; x_wconf 90' lang='grc' dir='ltr'><strong>τίς</strong></span> <span class='ocrx_word' id='word_1_198' title='bbox 3448 1494 3692 1561; x_wconf 80' lang='grc' dir='ltr'>ἀνοίξεις</span> 
     </span>
    </p>
   </div>
   <div class='ocr_carea' id='block_1_32' title="bbox 2110 1579 3692 1653">
    <p class='ocr_par' dir='ltr' id='par_1_32' title="bbox 2110 1579 3692 1653">
     <span class='ocr_line' id='line_1_32' title="bbox 2110 1579 3692 1653; baseline 0.004 -21"><span class='ocrx_word' id='word_1_199' title='bbox 2110 1579 2220 1632; x_wconf 90' lang='grc' dir='ltr'><strong>Ποῦ</strong></span> <span class='ocrx_word' id='word_1_200' title='bbox 2259 1580 2379 1633; x_wconf 88' lang='grc' dir='ltr'>τότε</span> <span class='ocrx_word' id='word_1_201' title='bbox 2429 1579 2715 1650; x_wconf 78' lang='grc' dir='ltr'>ἄρχοντεςς</span> <span class='ocrx_word' id='word_1_202' title='bbox 2754 1580 3188 1652; x_wconf 80' lang='grc' dir='ltr'>ᾜσχυνήθησαν.</span> <span class='ocrx_word' id='word_1_203' title='bbox 3248 1582 3359 1636; x_wconf 91' lang='grc' dir='ltr'><strong>Ποῦ</strong></span> <span class='ocrx_word' id='word_1_204' title='bbox 3404 1583 3692 1653; x_wconf 84' lang='grc' dir='ltr'>δικασταίς</span> 
     </span>
    </p>
   </div>
   <div class='ocr_carea' id='block_1_33' title="bbox 2111 1671 3695 1746">
    <p class='ocr_par' dir='ltr' id='par_1_33' title="bbox 2111 1671 3695 1746">
     <span class='ocr_line' id='line_1_33' title="bbox 2111 1671 3695 1746; baseline 0.003 -20"><span class='ocrx_word' id='word_1_205' title='bbox 2111 1671 2742 1743; x_wconf 51' lang='grc' dir='ltr'>Κατεδικάσθησανηηοῦ</span> <span class='ocrx_word' id='word_1_206' title='bbox 2767 1673 2888 1726; x_wconf 90' lang='grc' dir='ltr'>τότε</span> <span class='ocrx_word' id='word_1_207' title='bbox 2918 1675 2968 1726; x_wconf 86' lang='grc' dir='ltr'><strong>οί</strong></span> <span class='ocrx_word' id='word_1_208' title='bbox 3021 1673 3196 1728; x_wconf 84' lang='grc' dir='ltr'>δοῦλοι</span> <span class='ocrx_word' id='word_1_209' title='bbox 3221 1675 3272 1728; x_wconf 79' lang='grc' dir='ltr'>οἱ</span> <span class='ocrx_word' id='word_1_210' title='bbox 3303 1677 3695 1746; x_wconf 80' lang='grc' dir='ltr'>μαστιζόμενυι</span> 
     </span>
    </p>
   </div>
   <div class='ocr_carea' id='block_1_34' title="bbox 434 1752 2008 1835">
    <p class='ocr_par' dir='ltr' id='par_1_34' title="bbox 434 1761 2007 1832">
     <span class='ocr_line' id='line_1_34' title="bbox 434 1761 2007 1832; baseline 0.005 -18"><span class='ocrx_word' id='word_1_211' title='bbox 434 1761 572 1815; x_wconf 83' lang='lat' dir='ltr'><strong>dure</strong></span> <span class='ocrx_word' id='word_1_212' title='bbox 596 1762 960 1832; x_wconf 83' lang='lat' dir='ltr'><strong>vapulantes?</strong></span> <span class='ocrx_word' id='word_1_213' title='bbox 983 1763 1084 1819; x_wconf 86' lang='lat' dir='ltr'><strong>Ubi</strong></span> <span class='ocrx_word' id='word_1_214' title='bbox 1118 1763 1328 1819; x_wconf 61' lang='lat' dir='ltr'><strong>ancilla:</strong></span> <span class='ocrx_word' id='word_1_215' title='bbox 1360 1764 1452 1819; x_wconf 88' lang='lat' dir='ltr'><strong>hic</strong></span> <span class='ocrx_word' id='word_1_216' title='bbox 1479 1779 1509 1818; x_wconf 88' lang='lat' dir='ltr'><strong>a</strong></span> <span class='ocrx_word' id='word_1_217' title='bbox 1537 1765 1698 1821; x_wconf 90' lang='lat' dir='ltr'><strong>nobis</strong></span> <span class='ocrx_word' id='word_1_218' title='bbox 1719 1767 2007 1823; x_wconf 88' lang='lat' dir='ltr'><strong>laboribus</strong></span> 
     </span>
    </p>
   </div>
   <div class='ocr_carea' id='block_1_35' title="bbox 2113 1752 3694 1835">
    <p class='ocr_par' dir='ltr' id='par_1_35' title="bbox 2113 1759 3694 1835">
     <span class='ocr_line' id='line_1_35' title="bbox 2113 1759 3694 1835; baseline 0.001 -17"><span class='ocrx_word' id='word_1_219' title='bbox 2113 1765 2375 1835; x_wconf 76' lang='grc' dir='ltr'>ἀφειδῶςς</span> <span class='ocrx_word' id='word_1_220' title='bbox 2403 1763 2514 1818; x_wconf 89' lang='grc' dir='ltr'><strong>Ποῦ</strong></span> <span class='ocrx_word' id='word_1_221' title='bbox 2536 1764 2593 1817; x_wconf 77' lang='grc' dir='ltr'>αἱ</span> <span class='ocrx_word' id='word_1_222' title='bbox 2619 1763 2876 1829; x_wconf 85' lang='grc' dir='ltr'>δουλίδες,</span> <span class='ocrx_word' id='word_1_223' title='bbox 2903 1765 2959 1818; x_wconf 77' lang='grc' dir='ltr'>αἱ</span> <span class='ocrx_word' id='word_1_224' title='bbox 2994 1764 3464 1835; x_wconf 87' lang='grc' dir='ltr'>καταπονούμεναι</span> <span class='ocrx_word' id='word_1_225' title='bbox 3494 1759 3597 1820; x_wconf 81' lang='grc' dir='ltr'>ὧδε</span> <span class='ocrx_word' id='word_1_226' title='bbox 3632 1766 3694 1832; x_wconf 76' lang='grc' dir='ltr'>ἐξ</span> 
     </span>
    </p>
   </div>
   <div class='ocr_carea' id='block_1_36' title="bbox 434 1854 2010 1922">
    <p class='ocr_par' dir='ltr' id='par_1_36' title="bbox 434 1854 2010 1922">
     <span class='ocr_line' id='line_1_36' title="bbox 434 1854 2010 1922; baseline 0.004 -17"><span class='ocrx_word' id='word_1_227' title='bbox 434 1854 754 1922; x_wconf 75' lang='lat' dir='ltr'><strong>oppressae?</strong></span> <span class='ocrx_word' id='word_1_228' title='bbox 782 1854 938 1908; x_wconf 83' lang='lat' dir='ltr'><strong>&#39;l‘unc</strong></span> <span class='ocrx_word' id='word_1_229' title='bbox 970 1855 1006 1909; x_wconf 92' lang='lat' dir='ltr'><strong>ii</strong></span> <span class='ocrx_word' id='word_1_230' title='bbox 1038 1855 1092 1909; x_wconf 93' lang='lat' dir='ltr'><strong>in</strong></span> <span class='ocrx_word' id='word_1_231' title='bbox 1125 1855 1286 1911; x_wconf 91' lang='lat' dir='ltr'><strong>bonis</strong></span> <span class='ocrx_word' id='word_1_232' title='bbox 1337 1864 1536 1922; x_wconf 89' lang='lat' dir='ltr'><strong>erunt;</strong></span> <span class='ocrx_word' id='word_1_233' title='bbox 1583 1857 1779 1911; x_wconf 90' lang='lat' dir='ltr'><strong>horum</strong></span> <span class='ocrx_word' id='word_1_234' title='bbox 1828 1867 2010 1912; x_wconf 91' lang='lat' dir='ltr'><strong>autem</strong></span> 
     </span>
    </p>
   </div>
   <div class='ocr_carea' id='block_1_37' title="bbox 437 1941 2011 2016">
    <p class='ocr_par' dir='ltr' id='par_1_37' title="bbox 437 1941 2011 2016">
     <span class='ocr_line' id='line_1_37' title="bbox 437 1941 2011 2016; baseline 0.002 -21"><span class='ocrx_word' id='word_1_235' title='bbox 437 1941 645 1996; x_wconf 87' lang='lat' dir='ltr'><strong>domini</strong></span> <span class='ocrx_word' id='word_1_236' title='bbox 669 1942 724 1995; x_wconf 89' lang='lat' dir='ltr'><strong>in</strong></span> <span class='ocrx_word' id='word_1_237' title='bbox 757 1941 1169 1998; x_wconf 87' lang='lat' dir='ltr'><strong>cruciamentis.</strong></span> <span class='ocrx_word' id='word_1_238' title='bbox 1204 1943 1304 1998; x_wconf 89' lang='lat' dir='ltr'><strong>Ubi</strong></span> <span class='ocrx_word' id='word_1_239' title='bbox 1332 1944 1646 2016; x_wconf 79' lang='lat' dir='ltr'><strong>superfluus</strong></span> <span class='ocrx_word' id='word_1_240' title='bbox 1681 1944 1862 1998; x_wconf 91' lang='lat' dir='ltr'><strong>cultus</strong></span> <span class='ocrx_word' id='word_1_241' title='bbox 1882 1960 2011 1999; x_wconf 87' lang='lat' dir='ltr'><strong>cor-</strong></span> 
     </span>
    </p>
   </div>
   <div class='ocr_carea' id='block_1_38' title="bbox 434 2033 2010 2104">
    <p class='ocr_par' dir='ltr' id='par_1_38' title="bbox 434 2033 2010 2104">
     <span class='ocr_line' id='line_1_38' title="bbox 434 2033 2010 2104; baseline 0.004 -16"><span class='ocrx_word' id='word_1_242' title='bbox 434 2033 632 2104; x_wconf 86' lang='lat' dir='ltr'><strong>poris?</strong></span> <span class='ocrx_word' id='word_1_243' title='bbox 662 2034 765 2090; x_wconf 92' lang='lat' dir='ltr'><strong>Ubi</strong></span> <span class='ocrx_word' id='word_1_244' title='bbox 793 2042 977 2091; x_wconf 87' lang='lat' dir='ltr'><strong>vestes</strong></span> <span class='ocrx_word' id='word_1_245' title='bbox 1007 2035 1302 2104; x_wconf 84' lang='lat' dir='ltr'><strong>exquisitis</strong></span> <span class='ocrx_word' id='word_1_246' title='bbox 1335 2037 1617 2092; x_wconf 89' lang='lat' dir='ltr'><strong>coloribus</strong></span> <span class='ocrx_word' id='word_1_247' title='bbox 1647 2038 1874 2094; x_wconf 67' lang='lat' dir='ltr'><strong>tinctae?</strong></span> <span class='ocrx_word' id='word_1_248' title='bbox 1907 2038 2010 2094; x_wconf 91' lang='lat' dir='ltr'><strong>Ubi</strong></span> 
     </span>
    </p>
   </div>
   <div class='ocr_carea' id='block_1_39' title="bbox 435 2127 2016 2198">
    <p class='ocr_par' dir='ltr' id='par_1_39' title="bbox 435 2127 2016 2198">
     <span class='ocr_line' id='line_1_39' title="bbox 435 2127 2016 2198; baseline 0.004 -18"><span class='ocrx_word' id='word_1_249' title='bbox 435 2127 554 2181; x_wconf 90' lang='lat' dir='ltr'><strong>auri</strong></span> <span class='ocrx_word' id='word_1_250' title='bbox 569 2127 861 2196; x_wconf 87' lang='lat' dir='ltr'><strong>probatio?</strong></span> <span class='ocrx_word' id='word_1_251' title='bbox 884 2127 984 2184; x_wconf 91' lang='lat' dir='ltr'><strong>Ubi</strong></span> <span class='ocrx_word' id='word_1_252' title='bbox 1003 2128 1213 2198; x_wconf 77' lang='lat' dir='ltr'><strong>argenti</strong></span> <span class='ocrx_word' id='word_1_253' title='bbox 1230 2129 1436 2184; x_wconf 87' lang='lat' dir='ltr'><strong>sonus?</strong></span> <span class='ocrx_word' id='word_1_254' title='bbox 1455 2129 1558 2186; x_wconf 89' lang='lat' dir='ltr'><strong>Ubi</strong></span> <span class='ocrx_word' id='word_1_255' title='bbox 1586 2131 1850 2186; x_wconf 91' lang='lat' dir='ltr'><strong>unionum</strong></span> <span class='ocrx_word' id='word_1_256' title='bbox 1874 2132 2016 2187; x_wconf 64' lang='lat' dir='ltr'><strong>aesti-</strong></span> 
     </span>
    </p>
   </div>
   <div class='ocr_carea' id='block_1_40' title="bbox 436 2220 2012 2281">
    <p class='ocr_par' dir='ltr' id='par_1_40' title="bbox 436 2220 2012 2281">
     <span class='ocr_line' id='line_1_40' title="bbox 436 2220 2012 2281; baseline 0.004 -7"><span class='ocrx_word' id='word_1_257' title='bbox 436 2220 647 2274; x_wconf 89' lang='lat' dir='ltr'><strong>matio?</strong></span> <span class='ocrx_word' id='word_1_258' title='bbox 670 2220 765 2275; x_wconf 93' lang='lat' dir='ltr'><strong>ubi</strong></span> <span class='ocrx_word' id='word_1_259' title='bbox 789 2231 1020 2277; x_wconf 91' lang='lat' dir='ltr'><strong>ornatus</strong></span> <span class='ocrx_word' id='word_1_260' title='bbox 1040 2221 1347 2278; x_wconf 86' lang='lat' dir='ltr'><strong>manuum?</strong></span> <span class='ocrx_word' id='word_1_261' title='bbox 1381 2222 1485 2278; x_wconf 86' lang='lat' dir='ltr'><strong>Ubi</strong></span> <span class='ocrx_word' id='word_1_262' title='bbox 1506 2223 1760 2280; x_wconf 68' lang='lat' dir='ltr'><strong>deliciae?</strong></span> <span class='ocrx_word' id='word_1_263' title='bbox 1784 2223 1889 2280; x_wconf 89' lang='lat' dir='ltr'><strong>Ubi</strong></span> <span class='ocrx_word' id='word_1_264' title='bbox 1922 2225 2012 2281; x_wconf 84' lang='lat' dir='ltr'><strong>di-</strong></span> 
     </span>
    </p>
   </div>
   <div class='ocr_carea' id='block_1_41' title="bbox 437 2310 2012 2383">
    <p class='ocr_par' dir='ltr' id='par_1_41' title="bbox 437 2310 2012 2383">
     <span class='ocr_line' id='line_1_41' title="bbox 437 2310 2012 2383; baseline 0.006 -21"><span class='ocrx_word' id='word_1_265' title='bbox 437 2325 597 2366; x_wconf 81' lang='lat' dir='ltr'><strong>versa</strong></span> <span class='ocrx_word' id='word_1_266' title='bbox 618 2311 788 2365; x_wconf 88' lang='lat' dir='ltr'><strong>vina?</strong></span> <span class='ocrx_word' id='word_1_267' title='bbox 811 2310 914 2367; x_wconf 91' lang='lat' dir='ltr'><strong>Ubi</strong></span> <span class='ocrx_word' id='word_1_268' title='bbox 947 2312 1122 2383; x_wconf 84' lang='lat' dir='ltr'><strong>equi?</strong></span> <span class='ocrx_word' id='word_1_269' title='bbox 1155 2312 1262 2368; x_wconf 91' lang='lat' dir='ltr'><strong>Ubi</strong></span> <span class='ocrx_word' id='word_1_270' title='bbox 1284 2312 1441 2368; x_wconf 89' lang='lat' dir='ltr'><strong>frena</strong></span> <span class='ocrx_word' id='word_1_271' title='bbox 1487 2315 1694 2370; x_wconf 90' lang='lat' dir='ltr'><strong>aurea?</strong></span> <span class='ocrx_word' id='word_1_272' title='bbox 1726 2313 1830 2371; x_wconf 91' lang='lat' dir='ltr'><strong>Ubi</strong></span> <span class='ocrx_word' id='word_1_273' title='bbox 1869 2331 1900 2372; x_wconf 91' lang='lat' dir='ltr'><strong>a</strong></span> <span class='ocrx_word' id='word_1_274' title='bbox 1933 2317 2012 2372; x_wconf 85' lang='lat' dir='ltr'><strong>la-</strong></span> 
     </span>
    </p>
   </div>
   <div class='ocr_carea' id='block_1_42' title="bbox 440 2403 2016 2463">
    <p class='ocr_par' dir='ltr' id='par_1_42' title="bbox 440 2403 2016 2463">
     <span class='ocr_line' id='line_1_42' title="bbox 440 2403 2016 2463; baseline 0.006 -9"><span class='ocrx_word' id='word_1_275' title='bbox 440 2411 556 2456; x_wconf 88' lang='lat' dir='ltr'><strong>tere</strong></span> <span class='ocrx_word' id='word_1_276' title='bbox 586 2403 920 2459; x_wconf 91' lang='lat' dir='ltr'><strong>currentes?</strong></span> <span class='ocrx_word' id='word_1_277' title='bbox 965 2405 1068 2460; x_wconf 91' lang='lat' dir='ltr'><strong>Ubi</strong></span> <span class='ocrx_word' id='word_1_278' title='bbox 1122 2407 1340 2460; x_wconf 88' lang='lat' dir='ltr'><strong>turbam</strong></span> <span class='ocrx_word' id='word_1_279' title='bbox 1389 2407 1780 2463; x_wconf 83' lang='lat' dir='ltr'><strong>submoventes</strong></span> <span class='ocrx_word' id='word_1_280' title='bbox 1825 2408 2016 2463; x_wconf 86' lang='lat' dir='ltr'><strong>servi?</strong></span> 
     </span>
    </p>
   </div>
   <div class='ocr_carea' id='block_1_43' title="bbox 437 2493 2015 2565">
    <p class='ocr_par' dir='ltr' id='par_1_43' title="bbox 437 2493 2015 2565">
     <span class='ocr_line' id='line_1_43' title="bbox 437 2493 2015 2565; baseline 0.004 -17"><span class='ocrx_word' id='word_1_281' title='bbox 437 2493 542 2548; x_wconf 88' lang='lat' dir='ltr'><strong>Ubi</strong></span> <span class='ocrx_word' id='word_1_282' title='bbox 575 2495 828 2565; x_wconf 62' lang='lat' dir='ltr'><strong>superba</strong></span> <span class='ocrx_word' id='word_1_283' title='bbox 866 2494 1050 2550; x_wconf 81' lang='lat' dir='ltr'><strong>:edes?</strong></span> <span class='ocrx_word' id='word_1_284' title='bbox 1092 2496 1192 2552; x_wconf 92' lang='lat' dir='ltr'><strong>Ubi</strong></span> <span class='ocrx_word' id='word_1_285' title='bbox 1252 2496 1305 2550; x_wconf 94' lang='lat' dir='ltr'><strong>in</strong></span> <span class='ocrx_word' id='word_1_286' title='bbox 1355 2497 1690 2552; x_wconf 82' lang='lat' dir='ltr'><strong>formidabili</strong></span> <span class='ocrx_word' id='word_1_287' title='bbox 1730 2498 1819 2552; x_wconf 93' lang='lat' dir='ltr'><strong>illa</strong></span> <span class='ocrx_word' id='word_1_288' title='bbox 1877 2498 2015 2554; x_wconf 92' lang='lat' dir='ltr'><strong>hora</strong></span> 
     </span>
    </p>
   </div>
   <div class='ocr_carea' id='block_1_44' title="bbox 439 2585 2012 2655">
    <p class='ocr_par' dir='ltr' id='par_1_44' title="bbox 439 2585 2012 2655">
     <span class='ocr_line' id='line_1_44' title="bbox 439 2585 2012 2655; baseline 0.003 -17"><span class='ocrx_word' id='word_1_289' title='bbox 439 2585 532 2653; x_wconf 89' lang='lat' dir='ltr'><strong>qui</strong></span> <span class='ocrx_word' id='word_1_290' title='bbox 595 2585 987 2639; x_wconf 90' lang='lat' dir='ltr'><strong>resurrectioni</strong></span> <span class='ocrx_word' id='word_1_291' title='bbox 1040 2600 1104 2639; x_wconf 92' lang='lat' dir='ltr'><strong>ac</strong></span> <span class='ocrx_word' id='word_1_292' title='bbox 1160 2585 1432 2655; x_wconf 88' lang='lat' dir='ltr'><strong>supplicio</strong></span> <span class='ocrx_word' id='word_1_293' title='bbox 1487 2586 1787 2642; x_wconf 90' lang='lat' dir='ltr'><strong>detrahunt</strong></span> <span class='ocrx_word' id='word_1_294' title='bbox 1817 2588 2012 2653; x_wconf 82' lang='lat' dir='ltr'><strong>fidem,</strong></span> 
     </span>
    </p>
   </div>
   <div class='ocr_carea' id='block_1_45' title="bbox 2114 1853 3695 1925">
    <p class='ocr_par' dir='ltr' id='par_1_45' title="bbox 2114 1853 3695 1925">
     <span class='ocr_line' id='line_1_45' title="bbox 2114 1853 3695 1925; baseline 0.001 -18"><span class='ocrx_word' id='word_1_295' title='bbox 2114 1855 2274 1925; x_wconf 80' lang='grc' dir='ltr'>ἡμῶν</span> <span class='ocrx_word' id='word_1_296' title='bbox 2299 1871 2314 1919; x_wconf 87' lang='lat'><strong>;</strong></span> <span class='ocrx_word' id='word_1_297' title='bbox 2345 1855 2480 1908; x_wconf 85' lang='grc' dir='ltr'><strong>Τότε</strong></span> <span class='ocrx_word' id='word_1_298' title='bbox 2513 1855 2667 1909; x_wconf 77' lang='grc' dir='ltr'>αὐτοὶ</span> <span class='ocrx_word' id='word_1_299' title='bbox 2689 1855 2748 1908; x_wconf 82' lang='grc' dir='ltr'>ὲν</span> <span class='ocrx_word' id='word_1_300' title='bbox 2773 1853 3015 1922; x_wconf 77' lang='grc' dir='ltr'><strong>ἀγαθοῖς,</strong></span> <span class='ocrx_word' id='word_1_301' title='bbox 3047 1855 3097 1907; x_wconf 82' lang='grc' dir='ltr'>οἱ</span> <span class='ocrx_word' id='word_1_302' title='bbox 3117 1854 3171 1907; x_wconf 82' lang='grc' dir='ltr'>δὲ</span> <span class='ocrx_word' id='word_1_303' title='bbox 3203 1855 3406 1909; x_wconf 87' lang='grc' dir='ltr'>τούτων</span> <span class='ocrx_word' id='word_1_304' title='bbox 3431 1855 3695 1910; x_wconf 72' lang='grc' dir='ltr'>δεσπόται</span> 
     </span>
    </p>
   </div>
   <div class='ocr_carea' id='block_1_46' title="bbox 2113 1944 3695 2018">
    <p class='ocr_par' dir='ltr' id='par_1_46' title="bbox 2113 1944 3695 2018">
     <span class='ocr_line' id='line_1_46' title="bbox 2113 1944 3695 2018; baseline -0.001 -18"><span class='ocrx_word' id='word_1_305' title='bbox 2113 1949 2170 2000; x_wconf 80' lang='grc' dir='ltr'>ὲν</span> <span class='ocrx_word' id='word_1_306' title='bbox 2201 1946 2505 2018; x_wconf 77' lang='grc' dir='ltr'>θλιόεροῖς;</span> <span class='ocrx_word' id='word_1_307' title='bbox 2538 1945 2650 2001; x_wconf 89' lang='grc' dir='ltr'><strong>Ποῦ</strong></span> <span class='ocrx_word' id='word_1_308' title='bbox 2670 1945 2698 1998; x_wconf 97' lang='lat'><strong>6</strong></span> <span class='ocrx_word' id='word_1_309' title='bbox 2727 1944 3116 2014; x_wconf 72' lang='grc' dir='ltr'>καλλωπισμὸς</span> <span class='ocrx_word' id='word_1_310' title='bbox 3142 1944 3234 1998; x_wconf 88' lang='grc' dir='ltr'><strong>τοῦ</strong></span> <span class='ocrx_word' id='word_1_311' title='bbox 3267 1945 3548 2016; x_wconf 86' lang='grc' dir='ltr'>σώματος;</span> <span class='ocrx_word' id='word_1_312' title='bbox 3579 1945 3695 2000; x_wconf 90' lang='grc' dir='ltr'><strong>Ποῦ</strong></span> 
     </span>
    </p>
   </div>
   <div class='ocr_carea' id='block_1_47' title="bbox 2113 2035 3692 2109">
    <p class='ocr_par' dir='ltr' id='par_1_47' title="bbox 2113 2035 3692 2109">
     <span class='ocr_line' id='line_1_47' title="bbox 2113 2035 3692 2109; baseline 0 -17"><span class='ocrx_word' id='word_1_313' title='bbox 2113 2039 2167 2092; x_wconf 80' lang='grc' dir='ltr'>αἱ</span> <span class='ocrx_word' id='word_1_314' title='bbox 2189 2039 2348 2109; x_wconf 76' lang='grc' dir='ltr'>χροαὶ</span> <span class='ocrx_word' id='word_1_315' title='bbox 2375 2039 2484 2090; x_wconf 89' lang='grc' dir='ltr'><strong>τῶν</strong></span> <span class='ocrx_word' id='word_1_316' title='bbox 2509 2038 2770 2108; x_wconf 75' lang='grc' dir='ltr'>ἱματίωνς</span> <span class='ocrx_word' id='word_1_317' title='bbox 2799 2035 2907 2091; x_wconf 90' lang='grc' dir='ltr'><strong>Ποῦ</strong></span> <span class='ocrx_word' id='word_1_318' title='bbox 2933 2038 2968 2106; x_wconf 74' lang='grc' dir='ltr'>ἡ</span> <span class='ocrx_word' id='word_1_319' title='bbox 2994 2036 3090 2090; x_wconf 90' lang='grc' dir='ltr'><strong>τοῦ</strong></span> <span class='ocrx_word' id='word_1_320' title='bbox 3115 2037 3335 2108; x_wconf 84' lang='grc' dir='ltr'>χρυσίου</span> <span class='ocrx_word' id='word_1_321' title='bbox 3357 2037 3654 2109; x_wconf 73' lang='grc' dir='ltr'>δοκιμασία</span> <span class='ocrx_word' id='word_1_322' title='bbox 3676 2057 3692 2104; x_wconf 92' lang='lat'><strong>;</strong></span> 
     </span>
    </p>
   </div>
   <div class='ocr_carea' id='block_1_48' title="bbox 2113 2127 3693 2201">
    <p class='ocr_par' dir='ltr' id='par_1_48' title="bbox 2113 2127 3693 2201">
     <span class='ocr_line' id='line_1_48' title="bbox 2113 2127 3693 2201; baseline -0.001 -17"><span class='ocrx_word' id='word_1_323' title='bbox 2113 2129 2225 2184; x_wconf 87' lang='grc' dir='ltr'><strong>Ποῦ</strong></span> <span class='ocrx_word' id='word_1_324' title='bbox 2258 2132 2286 2184; x_wconf 87' lang='lat'><strong>6</strong></span> <span class='ocrx_word' id='word_1_325' title='bbox 2316 2129 2522 2193; x_wconf 85' lang='grc' dir='ltr'>κτύπος</span> <span class='ocrx_word' id='word_1_326' title='bbox 2542 2129 2638 2182; x_wconf 81' lang='grc' dir='ltr'><strong>τοῦ</strong></span> <span class='ocrx_word' id='word_1_327' title='bbox 2670 2127 2936 2200; x_wconf 85' lang='grc' dir='ltr'>ἀργύρου,</span> <span class='ocrx_word' id='word_1_328' title='bbox 2961 2127 3065 2182; x_wconf 88' lang='grc' dir='ltr'><strong>ποῦ</strong></span> <span class='ocrx_word' id='word_1_329' title='bbox 3088 2129 3144 2182; x_wconf 82' lang='grc' dir='ltr'><strong>αί</strong></span> <span class='ocrx_word' id='word_1_330' title='bbox 3195 2127 3305 2181; x_wconf 89' lang='grc' dir='ltr'><strong>τῶν</strong></span> <span class='ocrx_word' id='word_1_331' title='bbox 3335 2130 3693 2201; x_wconf 77' lang='grc' dir='ltr'>μαργαριτῶν</span> 
     </span>
    </p>
   </div>
   <div class='ocr_carea' id='block_1_49' title="bbox 2112 2218 3693 2292">
    <p class='ocr_par' dir='ltr' id='par_1_49' title="bbox 2112 2218 3693 2292">
     <span class='ocr_line' id='line_1_49' title="bbox 2112 2218 3693 2292; baseline 0 -19"><span class='ocrx_word' id='word_1_332' title='bbox 2112 2221 2270 2289; x_wconf 87' lang='grc' dir='ltr'>τιμαί</span> <span class='ocrx_word' id='word_1_333' title='bbox 2293 2237 2308 2288; x_wconf 89' lang='grc'><strong>;</strong></span> <span class='ocrx_word' id='word_1_334' title='bbox 2334 2221 2447 2274; x_wconf 88' lang='grc' dir='ltr'><strong>Ποῦ</strong></span> <span class='ocrx_word' id='word_1_335' title='bbox 2481 2222 2514 2292; x_wconf 79' lang='grc' dir='ltr'>ἡ</span> <span class='ocrx_word' id='word_1_336' title='bbox 2543 2220 2812 2292; x_wconf 84' lang='grc' dir='ltr'>κόσμησις</span> <span class='ocrx_word' id='word_1_337' title='bbox 2835 2220 2945 2274; x_wconf 87' lang='grc' dir='ltr'><strong>τῶν</strong></span> <span class='ocrx_word' id='word_1_338' title='bbox 2973 2220 3191 2292; x_wconf 88' lang='grc' dir='ltr'>χειρῶν.</span> <span class='ocrx_word' id='word_1_339' title='bbox 3242 2218 3352 2273; x_wconf 89' lang='grc' dir='ltr'><strong>Ποῦ</strong></span> <span class='ocrx_word' id='word_1_340' title='bbox 3383 2221 3416 2291; x_wconf 84' lang='grc' dir='ltr'><strong>ἡ</strong></span> <span class='ocrx_word' id='word_1_341' title='bbox 3463 2221 3647 2292; x_wconf 65' lang='grc' dir='ltr'>τρυᾳξ</span> <span class='ocrx_word' id='word_1_342' title='bbox 3675 2238 3693 2286; x_wconf 90' lang='lat'><strong>;</strong></span> 
     </span>
    </p>
   </div>
   <div class='ocr_carea' id='block_1_50' title="bbox 2114 2308 3697 2382">
    <p class='ocr_par' dir='ltr' id='par_1_50' title="bbox 2114 2308 3697 2382">
     <span class='ocr_line' id='line_1_50' title="bbox 2114 2308 3697 2382; baseline -0.001 -16"><span class='ocrx_word' id='word_1_343' title='bbox 2114 2312 2226 2366; x_wconf 93' lang='grc' dir='ltr'><strong>Ποῦ</strong></span> <span class='ocrx_word' id='word_1_344' title='bbox 2247 2313 2276 2365; x_wconf 89' lang='lat'><strong>6</strong></span> <span class='ocrx_word' id='word_1_345' title='bbox 2300 2308 2443 2376; x_wconf 70' lang='grc' dir='ltr'>οἶνος</span> <span class='ocrx_word' id='word_1_346' title='bbox 2470 2313 2499 2365; x_wconf 84' lang='grc' dir='ltr'><strong>ό</strong></span> <span class='ocrx_word' id='word_1_347' title='bbox 2530 2311 2818 2382; x_wconf 83' lang='grc' dir='ltr'>διάφορος;</span> <span class='ocrx_word' id='word_1_348' title='bbox 2853 2309 2961 2366; x_wconf 85' lang='grc' dir='ltr'><strong>Ποῦ</strong></span> <span class='ocrx_word' id='word_1_349' title='bbox 2989 2311 3040 2363; x_wconf 85' lang='grc' dir='ltr'><strong>οἱ</strong></span> <span class='ocrx_word' id='word_1_350' title='bbox 3061 2311 3252 2376; x_wconf 74' lang='grc' dir='ltr'>ἵπποις</span> <span class='ocrx_word' id='word_1_351' title='bbox 3286 2309 3394 2363; x_wconf 93' lang='grc' dir='ltr'><strong>Ποῦ</strong></span> <span class='ocrx_word' id='word_1_352' title='bbox 3413 2309 3463 2362; x_wconf 83' lang='grc' dir='ltr'><strong>οί</strong></span> <span class='ocrx_word' id='word_1_353' title='bbox 3501 2313 3697 2381; x_wconf 82' lang='grc' dir='ltr'>χρυσοί</span> 
     </span>
    </p>
   </div>
   <div class='ocr_carea' id='block_1_51' title="bbox 2114 2401 3696 2474">
    <p class='ocr_par' dir='ltr' id='par_1_51' title="bbox 2114 2401 3696 2474">
     <span class='ocr_line' id='line_1_51' title="bbox 2114 2401 3696 2474; baseline -0.002 -18"><span class='ocrx_word' id='word_1_354' title='bbox 2114 2402 2355 2474; x_wconf 78' lang='grc' dir='ltr'>χαλινοίς</span> <span class='ocrx_word' id='word_1_355' title='bbox 2379 2402 2489 2456; x_wconf 89' lang='grc' dir='ltr'><strong>Ποῦ</strong></span> <span class='ocrx_word' id='word_1_356' title='bbox 2507 2403 2556 2455; x_wconf 88' lang='grc' dir='ltr'><strong>οί</strong></span> <span class='ocrx_word' id='word_1_357' title='bbox 2583 2401 3022 2474; x_wconf 73' lang='grc' dir='ltr'>παρατρέχοντες</span> <span class='ocrx_word' id='word_1_358' title='bbox 3043 2418 3059 2467; x_wconf 89' lang='grc'>;</span> <span class='ocrx_word' id='word_1_359' title='bbox 3078 2401 3188 2454; x_wconf 92' lang='grc' dir='ltr'><strong>Ποῦ</strong></span> <span class='ocrx_word' id='word_1_360' title='bbox 3212 2403 3258 2453; x_wconf 80' lang='grc' dir='ltr'>οξ</span> <span class='ocrx_word' id='word_1_361' title='bbox 3285 2401 3696 2472; x_wconf 82' lang='grc' dir='ltr'>παρασύροντες</span> 
     </span>
    </p>
   </div>
   <div class='ocr_carea' id='block_1_52' title="bbox 2113 2493 3692 2564">
    <p class='ocr_par' dir='ltr' id='par_1_52' title="bbox 2113 2493 3692 2564">
     <span class='ocr_line' id='line_1_52' title="bbox 2113 2493 3692 2564; baseline -0.003 -15"><span class='ocrx_word' id='word_1_362' title='bbox 2113 2495 2290 2549; x_wconf 88' lang='grc' dir='ltr'>δοῦλοι</span> <span class='ocrx_word' id='word_1_363' title='bbox 2319 2512 2332 2561; x_wconf 91' lang='lat'><strong>;</strong></span> <span class='ocrx_word' id='word_1_364' title='bbox 2363 2493 2472 2549; x_wconf 91' lang='grc' dir='ltr'><strong>Ποῦ</strong></span> <span class='ocrx_word' id='word_1_365' title='bbox 2504 2494 2560 2547; x_wconf 82' lang='grc' dir='ltr'>αῑ</span> <span class='ocrx_word' id='word_1_366' title='bbox 2599 2493 2766 2549; x_wconf 72' lang='grc' dir='ltr'>οἰκίαι</span> <span class='ocrx_word' id='word_1_367' title='bbox 2798 2493 3313 2564; x_wconf 82' lang='grc' dir='ltr'>κεκαλλωπισμέναι</span> <span class='ocrx_word' id='word_1_368' title='bbox 3341 2510 3356 2559; x_wconf 87' lang='grc'>;</span> <span class='ocrx_word' id='word_1_369' title='bbox 3392 2493 3496 2546; x_wconf 88' lang='grc' dir='ltr'><strong>Ποῦ</strong></span> <span class='ocrx_word' id='word_1_370' title='bbox 3528 2494 3586 2545; x_wconf 84' lang='grc' dir='ltr'>ὲν</span> <span class='ocrx_word' id='word_1_371' title='bbox 3615 2495 3692 2563; x_wconf 82' lang='grc' dir='ltr'>τῇ</span> 
     </span>
    </p>
   </div>
   <div class='ocr_carea' id='block_1_53' title="bbox 2116 2584 3696 2658">
    <p class='ocr_par' dir='ltr' id='par_1_53' title="bbox 2116 2584 3696 2658">
     <span class='ocr_line' id='line_1_53' title="bbox 2116 2584 3696 2658; baseline -0.001 -19"><span class='ocrx_word' id='word_1_372' title='bbox 2116 2587 2324 2658; x_wconf 78' lang='grc' dir='ltr'>φοὸερᾷ</span> <span class='ocrx_word' id='word_1_373' title='bbox 2353 2585 2475 2656; x_wconf 73' lang='grc' dir='ltr'>ὥρα</span> <span class='ocrx_word' id='word_1_374' title='bbox 2501 2585 2687 2656; x_wconf 78' lang='grc' dir='ltr'>ἐκείνῃ</span> <span class='ocrx_word' id='word_1_375' title='bbox 2731 2585 2781 2639; x_wconf 73' lang='grc' dir='ltr'>οἱ</span> <span class='ocrx_word' id='word_1_376' title='bbox 2809 2587 2874 2656; x_wconf 75' lang='grc' dir='ltr'><strong>τῇ</strong></span> <span class='ocrx_word' id='word_1_377' title='bbox 2900 2586 3196 2639; x_wconf 82' lang='grc' dir='ltr'>ἀναστάσει</span> <span class='ocrx_word' id='word_1_378' title='bbox 3255 2587 3346 2637; x_wconf 69' lang='grc' dir='ltr'>καὶ</span> <span class='ocrx_word' id='word_1_379' title='bbox 3377 2587 3441 2654; x_wconf 78' lang='grc' dir='ltr'><strong>τῇ</strong></span> <span class='ocrx_word' id='word_1_380' title='bbox 3467 2584 3696 2638; x_wconf 79' lang='grc' dir='ltr'>κολάσει</span> 
     </span>
    </p>
   </div>
   <div class='ocr_carea' id='block_1_54' title="bbox 437 2674 2008 2750">
    <p class='ocr_par' dir='ltr' id='par_1_54' title="bbox 437 2674 2008 2748">
     <span class='ocr_line' id='line_1_54' title="bbox 437 2674 2008 2748; baseline 0.005 -21"><span class='ocrx_word' id='word_1_381' title='bbox 437 2674 698 2744; x_wconf 81' lang='lat' dir='ltr'><strong>velutque</strong></span> <span class='ocrx_word' id='word_1_382' title='bbox 751 2675 1092 2731; x_wconf 87' lang='lat' dir='ltr'><strong>immortales</strong></span> <span class='ocrx_word' id='word_1_383' title='bbox 1136 2675 1216 2730; x_wconf 89' lang='lat' dir='ltr'><strong>sic</strong></span> <span class='ocrx_word' id='word_1_384' title='bbox 1247 2691 1306 2731; x_wconf 89' lang='lat' dir='ltr'><strong>se</strong></span> <span class='ocrx_word' id='word_1_385' title='bbox 1341 2677 1590 2732; x_wconf 82' lang='lat' dir='ltr'><strong>habent?</strong></span> <span class='ocrx_word' id='word_1_386' title='bbox 1633 2678 1738 2734; x_wconf 92' lang='lat' dir='ltr'><strong>Ubi</strong></span> <span class='ocrx_word' id='word_1_387' title='bbox 1770 2678 1863 2748; x_wconf 88' lang='lat' dir='ltr'><strong>qui</strong></span> <span class='ocrx_word' id='word_1_388' title='bbox 1894 2679 2008 2735; x_wconf 84' lang='lat' dir='ltr'><strong>the—</strong></span> 
     </span>
    </p>
   </div>
   <div class='ocr_carea' id='block_1_55' title="bbox 2113 2674 3697 2750">
    <p class='ocr_par' dir='ltr' id='par_1_55' title="bbox 2119 2677 3697 2750">
     <span class='ocr_line' id='line_1_55' title="bbox 2119 2677 3697 2750; baseline -0.001 -19"><span class='ocrx_word' id='word_1_389' title='bbox 2119 2680 2194 2750; x_wconf 82' lang='grc' dir='ltr'>μὴ</span> <span class='ocrx_word' id='word_1_390' title='bbox 2244 2678 2613 2744; x_wconf 78' lang='grc' dir='ltr'>πιστεύοντες,</span> <span class='ocrx_word' id='word_1_391' title='bbox 2660 2678 2756 2732; x_wconf 74' lang='grc' dir='ltr'>καὶ</span> <span class='ocrx_word' id='word_1_392' title='bbox 2795 2678 2870 2741; x_wconf 83' lang='grc' dir='ltr'><strong>ὡς</strong></span> <span class='ocrx_word' id='word_1_393' title='bbox 2901 2677 3156 2731; x_wconf 80' lang='grc' dir='ltr'>ἀθάνατοι</span> <span class='ocrx_word' id='word_1_394' title='bbox 3183 2677 3514 2746; x_wconf 83' lang='grc' dir='ltr'>διακείμενοι</span> <span class='ocrx_word' id='word_1_395' title='bbox 3539 2695 3554 2741; x_wconf 89' lang='lat'><strong>;</strong></span> <span class='ocrx_word' id='word_1_396' title='bbox 3578 2677 3697 2730; x_wconf 85' lang='grc' dir='ltr'><strong>Ποῦ</strong></span> 
     </span>
    </p>
   </div>
   <div class='ocr_carea' id='block_1_56' title="bbox 435 2765 2008 2840">
    <p class='ocr_par' dir='ltr' id='par_1_56' title="bbox 435 2765 2008 2838">
     <span class='ocr_line' id='line_1_56' title="bbox 435 2765 2008 2838; baseline 0.002 -19"><span class='ocrx_word' id='word_1_397' title='bbox 435 2776 632 2820; x_wconf 78' lang='lat' dir='ltr'><strong>sauros</strong></span> <span class='ocrx_word' id='word_1_398' title='bbox 666 2773 950 2834; x_wconf 82' lang='lat' dir='ltr'><strong>aggerum,</strong></span> <span class='ocrx_word' id='word_1_399' title='bbox 985 2765 1336 2820; x_wconf 89' lang='lat' dir='ltr'><strong>necfratrum</strong></span> <span class='ocrx_word' id='word_1_400' title='bbox 1376 2765 1729 2822; x_wconf 87' lang='lat' dir='ltr'><strong>miseratione</strong></span> <span class='ocrx_word' id='word_1_401' title='bbox 1777 2777 2008 2838; x_wconf 83' lang='lat' dir='ltr'><strong>tangun-</strong></span> 
     </span>
    </p>
   </div>
   <div class='ocr_carea' id='block_1_57' title="bbox 2113 2765 3692 2840">
    <p class='ocr_par' dir='ltr' id='par_1_57' title="bbox 2114 2767 3692 2840">
     <span class='ocr_line' id='line_1_57' title="bbox 2114 2767 3692 2840; baseline -0.003 -16"><span class='ocrx_word' id='word_1_402' title='bbox 2114 2771 2165 2824; x_wconf 75' lang='grc' dir='ltr'>οἱ</span> <span class='ocrx_word' id='word_1_403' title='bbox 2191 2768 2635 2840; x_wconf 76' lang='grc' dir='ltr'>θησαυρίζοντες,</span> <span class='ocrx_word' id='word_1_404' title='bbox 2665 2769 2761 2823; x_wconf 82' lang='grc' dir='ltr'>καὶ</span> <span class='ocrx_word' id='word_1_405' title='bbox 2797 2768 2923 2831; x_wconf 79' lang='grc' dir='ltr'>τοὺς</span> <span class='ocrx_word' id='word_1_406' title='bbox 2969 2767 3230 2838; x_wconf 75' lang='grc' dir='ltr'>ἀδελφοὺς</span> <span class='ocrx_word' id='word_1_407' title='bbox 3263 2767 3340 2838; x_wconf 77' lang='grc' dir='ltr'>μὴ</span> <span class='ocrx_word' id='word_1_408' title='bbox 3370 2767 3692 2834; x_wconf 77' lang='grc' dir='ltr'>ὲλεοῦντεςς</span> 
     </span>
    </p>
   </div>
   <div class='ocr_carea' id='block_1_58' title="bbox 438 2852 2008 2931">
    <p class='ocr_par' dir='ltr' id='par_1_58' title="bbox 438 2852 2008 2926">
     <span class='ocr_line' id='line_1_58' title="bbox 438 2852 2008 2926; baseline 0.003 -19"><span class='ocrx_word' id='word_1_409' title='bbox 438 2853 572 2908; x_wconf 90' lang='lat' dir='ltr'><strong>tur?</strong></span> <span class='ocrx_word' id='word_1_410' title='bbox 601 2852 708 2908; x_wconf 92' lang='lat' dir='ltr'><strong>Ubi</strong></span> <span class='ocrx_word' id='word_1_411' title='bbox 739 2861 922 2908; x_wconf 83' lang='lat' dir='ltr'><strong>vestes</strong></span> <span class='ocrx_word' id='word_1_412' title='bbox 952 2854 1142 2910; x_wconf 56' lang='lat' dir='ltr'><strong>serica:</strong></span> <span class='ocrx_word' id='word_1_413' title='bbox 1167 2855 1191 2908; x_wconf 88' lang='lat'><strong>?</strong></span> <span class='ocrx_word' id='word_1_414' title='bbox 1225 2853 1330 2911; x_wconf 91' lang='lat' dir='ltr'><strong>Ubi</strong></span> <span class='ocrx_word' id='word_1_415' title='bbox 1359 2853 1601 2924; x_wconf 86' lang='lat' dir='ltr'><strong>hyssus?</strong></span> <span class='ocrx_word' id='word_1_416' title='bbox 1637 2855 1742 2912; x_wconf 93' lang='lat' dir='ltr'><strong>Ubi</strong></span> <span class='ocrx_word' id='word_1_417' title='bbox 1770 2855 2008 2926; x_wconf 80' lang='lat' dir='ltr'><strong>pretiosa</strong></span> 
     </span>
    </p>
   </div>
   <div class='ocr_carea' id='block_1_59' title="bbox 2113 2852 3696 2931">
    <p class='ocr_par' dir='ltr' id='par_1_59' title="bbox 2117 2858 3696 2931">
     <span class='ocr_line' id='line_1_59' title="bbox 2117 2858 3696 2931; baseline -0.002 -16"><span class='ocrx_word' id='word_1_418' title='bbox 2117 2860 2226 2915; x_wconf 91' lang='grc' dir='ltr'><strong>Ποῦ</strong></span> <span class='ocrx_word' id='word_1_419' title='bbox 2258 2859 2328 2914; x_wconf 80' lang='grc' dir='ltr'><strong>τὰ</strong></span> <span class='ocrx_word' id='word_1_420' title='bbox 2361 2859 2562 2931; x_wconf 83' lang='grc' dir='ltr'>σηρικά</span> <span class='ocrx_word' id='word_1_421' title='bbox 2592 2877 2607 2927; x_wconf 87' lang='grc'>;</span> <span class='ocrx_word' id='word_1_422' title='bbox 2646 2858 2756 2913; x_wconf 90' lang='grc' dir='ltr'><strong>Ποῦ</strong></span> <span class='ocrx_word' id='word_1_423' title='bbox 2785 2859 2856 2913; x_wconf 82' lang='grc' dir='ltr'>τὰ</span> <span class='ocrx_word' id='word_1_424' title='bbox 2882 2859 3148 2930; x_wconf 85' lang='grc' dir='ltr'>βύσσινα;</span> <span class='ocrx_word' id='word_1_425' title='bbox 3180 2859 3290 2912; x_wconf 86' lang='grc' dir='ltr'><strong>Ποῦ</strong></span> <span class='ocrx_word' id='word_1_426' title='bbox 3322 2859 3389 2911; x_wconf 74' lang='grc' dir='ltr'><strong>τα</strong></span> <span class='ocrx_word' id='word_1_427' title='bbox 3414 2858 3696 2928; x_wconf 78' lang='grc' dir='ltr'>πολύτιμα</span> 
     </span>
    </p>
   </div>
   <div class='ocr_carea' id='block_1_60' title="bbox 439 2945 2008 3024">
    <p class='ocr_par' dir='ltr' id='par_1_60' title="bbox 439 2945 2008 3017">
     <span class='ocr_line' id='line_1_60' title="bbox 439 2945 2008 3017; baseline 0.002 -17"><span class='ocrx_word' id='word_1_428' title='bbox 439 2946 848 3002; x_wconf 90' lang='lat' dir='ltr'><strong>calceamenta?</strong></span> <span class='ocrx_word' id='word_1_429' title='bbox 875 2945 978 3001; x_wconf 90' lang='lat' dir='ltr'><strong>Ubi</strong></span> <span class='ocrx_word' id='word_1_430' title='bbox 1009 2948 1332 3017; x_wconf 89' lang='lat' dir='ltr'><strong>unguenta?</strong></span> <span class='ocrx_word' id='word_1_431' title='bbox 1361 2946 1465 3002; x_wconf 87' lang='lat' dir='ltr'><strong>Ubi</strong></span> <span class='ocrx_word' id='word_1_432' title='bbox 1509 2963 1665 3002; x_wconf 75' lang='lat' dir='ltr'><strong>vanae</strong></span> <span class='ocrx_word' id='word_1_433' title='bbox 1691 2947 2008 3003; x_wconf 89' lang='lat' dir='ltr'><strong>infumatio-</strong></span> 
     </span>
    </p>
   </div>
   <div class='ocr_carea' id='block_1_61' title="bbox 2113 2945 3694 3024">
    <p class='ocr_par' dir='ltr' id='par_1_61' title="bbox 2117 2950 3694 3024">
     <span class='ocr_line' id='line_1_61' title="bbox 2117 2950 3694 3024; baseline -0.001 -19"><span class='ocrx_word' id='word_1_434' title='bbox 2117 2952 2480 3024; x_wconf 84' lang='grc' dir='ltr'>ὑποδήματα;</span> <span class='ocrx_word' id='word_1_435' title='bbox 2511 2951 2622 3004; x_wconf 88' lang='grc' dir='ltr'><strong>Ποῦ</strong></span> <span class='ocrx_word' id='word_1_436' title='bbox 2652 2953 2720 3006; x_wconf 79' lang='grc' dir='ltr'>τὰ</span> <span class='ocrx_word' id='word_1_437' title='bbox 2757 2951 2939 3022; x_wconf 88' lang='grc' dir='ltr'>μύρα;</span> <span class='ocrx_word' id='word_1_438' title='bbox 2972 2951 3082 3004; x_wconf 92' lang='grc' dir='ltr'><strong>Ποῦ</strong></span> <span class='ocrx_word' id='word_1_439' title='bbox 3107 2953 3175 3004; x_wconf 77' lang='grc' dir='ltr'>τὰ</span> <span class='ocrx_word' id='word_1_440' title='bbox 3216 2950 3570 3021; x_wconf 77' lang='grc' dir='ltr'>κακνίσματα</span> <span class='ocrx_word' id='word_1_441' title='bbox 3625 2951 3694 3004; x_wconf 67' lang='grc' dir='ltr'>τὰ</span> 
     </span>
    </p>
   </div>
   <div class='ocr_carea' id='block_1_62' title="bbox 438 3036 2008 3113">
    <p class='ocr_par' dir='ltr' id='par_1_62' title="bbox 438 3036 2008 3108">
     <span class='ocr_line' id='line_1_62' title="bbox 438 3036 2008 3108; baseline 0 -16"><span class='ocrx_word' id='word_1_442' title='bbox 438 3052 539 3092; x_wconf 85' lang='lat' dir='ltr'><strong>nes</strong></span> <span class='ocrx_word' id='word_1_443' title='bbox 559 3077 572 3102; x_wconf 97' lang='lat'><strong>,</strong></span> <span class='ocrx_word' id='word_1_444' title='bbox 609 3050 843 3107; x_wconf 92' lang='lat' dir='ltr'><strong>quarum</strong></span> <span class='ocrx_word' id='word_1_445' title='bbox 870 3046 1090 3108; x_wconf 89' lang='lat' dir='ltr'><strong>sumptu</strong></span> <span class='ocrx_word' id='word_1_446' title='bbox 1120 3037 1419 3108; x_wconf 85' lang='lat' dir='ltr'><strong>juvenibus</strong></span> <span class='ocrx_word' id='word_1_447' title='bbox 1442 3037 1610 3093; x_wconf 89' lang='lat' dir='ltr'><strong>decor</strong></span> <span class='ocrx_word' id='word_1_448' title='bbox 1637 3036 2008 3093; x_wconf 82' lang='lat' dir='ltr'><strong>conciliatur?</strong></span> 
     </span>
    </p>
   </div>
   <div class='ocr_carea' id='block_1_63' title="bbox 2113 3036 3692 3113">
    <p class='ocr_par' dir='ltr' id='par_1_63' title="bbox 2120 3041 3692 3113">
     <span class='ocr_line' id='line_1_63' title="bbox 2120 3041 3692 3113; baseline 0 -17"><span class='ocrx_word' id='word_1_449' title='bbox 2120 3044 2346 3111; x_wconf 86' lang='grc' dir='ltr'>μάταια,</span> <span class='ocrx_word' id='word_1_450' title='bbox 2379 3046 2446 3096; x_wconf 71' lang='grc' dir='ltr'>τὰ</span> <span class='ocrx_word' id='word_1_451' title='bbox 2471 3043 2549 3106; x_wconf 78' lang='grc' dir='ltr'><strong>εἰς</strong></span> <span class='ocrx_word' id='word_1_452' title='bbox 2575 3042 2635 3095; x_wconf 79' lang='grc' dir='ltr'>τὸ</span> <span class='ocrx_word' id='word_1_453' title='bbox 2647 3042 2840 3106; x_wconf 86' lang='grc' dir='ltr'>κάλλος</span> <span class='ocrx_word' id='word_1_454' title='bbox 2856 3041 2956 3112; x_wconf 81' lang='grc' dir='ltr'>τῆς</span> <span class='ocrx_word' id='word_1_455' title='bbox 2981 3041 3231 3113; x_wconf 87' lang='grc' dir='ltr'>νεότητος</span> <span class='ocrx_word' id='word_1_456' title='bbox 3246 3041 3652 3113; x_wconf 80' lang='grc' dir='ltr'>ἀναλισκόμενα</span> <span class='ocrx_word' id='word_1_457' title='bbox 3673 3058 3692 3073; x_wconf 75' lang='grc' dir='ltr'><strong><em>ο</em></strong></span> 
     </span>
    </p>
   </div>
   <div class='ocr_carea' id='block_1_64' title="bbox 439 3108 2008 3205">
    <p class='ocr_par' dir='ltr' id='par_1_64' title="bbox 439 3127 2008 3198">
     <span class='ocr_line' id='line_1_64' title="bbox 439 3127 2008 3198; baseline 0.001 -16"><span class='ocrx_word' id='word_1_458' title='bbox 439 3128 493 3182; x_wconf 89' lang='lat' dir='ltr'><strong>id</strong></span> <span class='ocrx_word' id='word_1_459' title='bbox 521 3144 652 3184; x_wconf 89' lang='lat' dir='ltr'><strong>vero</strong></span> <span class='ocrx_word' id='word_1_460' title='bbox 675 3144 798 3183; x_wconf 86' lang='lat' dir='ltr'><strong>cum</strong></span> <span class='ocrx_word' id='word_1_461' title='bbox 825 3129 1095 3198; x_wconf 88' lang='lat' dir='ltr'><strong>quosdam</strong></span> <span class='ocrx_word' id='word_1_462' title='bbox 1123 3129 1403 3183; x_wconf 82' lang='lat' dir='ltr'><strong>videamus</strong></span> <span class='ocrx_word' id='word_1_463' title='bbox 1432 3127 1609 3183; x_wconf 88' lang='lat' dir='ltr'><strong>frusto</strong></span> <span class='ocrx_word' id='word_1_464' title='bbox 1639 3128 1796 3198; x_wconf 86' lang='lat' dir='ltr'><strong>panis</strong></span> <span class='ocrx_word' id='word_1_465' title='bbox 1824 3144 2008 3198; x_wconf 85' lang='lat' dir='ltr'><strong>egere,</strong></span> 
     </span>
    </p>
   </div>
   <div class='ocr_carea' id='block_1_65' title="bbox 2113 3108 3692 3205">
    <p class='ocr_par' dir='ltr' id='par_1_65' title="bbox 2114 3108 3692 3205">
     <span class='ocr_line' id='line_1_65' title="bbox 2114 3108 3692 3205; baseline 0.001 -19"><span class='ocrx_word' id='word_1_466' title='bbox 2114 3108 2399 3188; x_wconf 74' lang='grc' dir='ltr'>καὶταῦτα</span> <span class='ocrx_word' id='word_1_467' title='bbox 2425 3135 2658 3204; x_wconf 81' lang='grc' dir='ltr'>ὁρῶντες</span> <span class='ocrx_word' id='word_1_468' title='bbox 2681 3136 2833 3198; x_wconf 83' lang='grc' dir='ltr'>τινὰς</span> <span class='ocrx_word' id='word_1_469' title='bbox 2854 3108 3166 3203; x_wconf 77' lang='grc' dir='ltr'>κλάσματος</span> <span class='ocrx_word' id='word_1_470' title='bbox 3192 3135 3355 3205; x_wconf 80' lang='grc' dir='ltr'>ἄρτου</span> <span class='ocrx_word' id='word_1_471' title='bbox 3380 3108 3692 3205; x_wconf 53' lang='grc' dir='ltr'>δεομένους,</span> 
     </span>
    </p>
   </div>
   <div class='ocr_carea' id='block_1_66' title="bbox 437 3219 2008 3298">
    <p class='ocr_par' dir='ltr' id='par_1_66' title="bbox 437 3219 2008 3290">
     <span class='ocr_line' id='line_1_66' title="bbox 437 3219 2008 3290; baseline 0.003 -18"><span class='ocrx_word' id='word_1_472' title='bbox 437 3220 664 3289; x_wconf 84' lang='lat' dir='ltr'><strong>vinique</strong></span> <span class='ocrx_word' id='word_1_473' title='bbox 705 3221 886 3290; x_wconf 90' lang='lat' dir='ltr'><strong>ipsum</strong></span> <span class='ocrx_word' id='word_1_474' title='bbox 920 3220 1149 3276; x_wconf 89' lang='lat' dir='ltr'><strong>odorem</strong></span> <span class='ocrx_word' id='word_1_475' title='bbox 1175 3219 1516 3285; x_wconf 84' lang='lat' dir='ltr'><strong>desiderare,</strong></span> <span class='ocrx_word' id='word_1_476' title='bbox 1557 3235 1661 3275; x_wconf 90' lang='lat' dir='ltr'><strong>nec</strong></span> <span class='ocrx_word' id='word_1_477' title='bbox 1699 3221 1808 3275; x_wconf 90' lang='lat' dir='ltr'><strong>illis</strong></span> <span class='ocrx_word' id='word_1_478' title='bbox 1839 3221 2008 3276; x_wconf 89' lang='lat' dir='ltr'><strong>mise-</strong></span> 
     </span>
    </p>
   </div>
   <div class='ocr_carea' id='block_1_67' title="bbox 2113 3219 3695 3298">
    <p class='ocr_par' dir='ltr' id='par_1_67' title="bbox 2113 3224 3695 3298">
     <span class='ocr_line' id='line_1_67' title="bbox 2113 3224 3695 3298; baseline 0.001 -20"><span class='ocrx_word' id='word_1_479' title='bbox 2113 3225 2202 3278; x_wconf 61' lang='grc' dir='ltr'><strong>ναὶ¹</strong></span> <span class='ocrx_word' id='word_1_480' title='bbox 2239 3225 2560 3297; x_wconf 75' lang='grc' dir='ltr'>ὀσφρήσεως</span> <span class='ocrx_word' id='word_1_481' title='bbox 2599 3227 2741 3281; x_wconf 75' lang='grc' dir='ltr'>οἴνου</span> <span class='ocrx_word' id='word_1_482' title='bbox 2801 3224 3226 3296; x_wconf 74' lang='grc' dir='ltr'>ἐπιθυμοῦντας,</span> <span class='ocrx_word' id='word_1_483' title='bbox 3280 3227 3372 3279; x_wconf 77' lang='grc' dir='ltr'>καὶ</span> <span class='ocrx_word' id='word_1_484' title='bbox 3415 3226 3490 3298; x_wconf 78' lang='grc' dir='ltr'>μὴ</span> <span class='ocrx_word' id='word_1_485' title='bbox 3531 3227 3695 3298; x_wconf 76' lang='grc' dir='ltr'>ἐλεή-</span> 
     </span>
    </p>
   </div>
   <div class='ocr_carea' id='block_1_68' title="bbox 437 3327 678 3366">
    <p class='ocr_par' dir='ltr' id='par_1_68' title="bbox 437 3327 678 3366">
     <span class='ocr_line' id='line_1_68' title="bbox 437 3327 678 3366; baseline 0.004 -1"><span class='ocrx_word' id='word_1_486' title='bbox 437 3327 678 3366; x_wconf 75' lang='lat' dir='ltr'><strong>reamur.</strong></span> 
     </span>
    </p>
   </div>
   <div class='ocr_carea' id='block_1_69' title="bbox 506 3412 2007 3485">
    <p class='ocr_par' dir='ltr' id='par_1_69' title="bbox 506 3412 2007 3485">
     <span class='ocr_line' id='line_1_69' title="bbox 506 3412 2007 3485; baseline 0.001 -17"><span class='ocrx_word' id='word_1_487' title='bbox 506 3414 649 3481; x_wconf 87' lang='lat' dir='ltr'><strong>Quid</strong></span> <span class='ocrx_word' id='word_1_488' title='bbox 681 3421 814 3469; x_wconf 89' lang='lat' dir='ltr'><strong>tunc</strong></span> <span class='ocrx_word' id='word_1_489' title='bbox 833 3412 1108 3485; x_wconf 88' lang='lat' dir='ltr'><strong>juvabunt</strong></span> <span class='ocrx_word' id='word_1_490' title='bbox 1160 3413 1454 3470; x_wconf 88' lang='lat' dir='ltr'><strong>ambitioso</strong></span> <span class='ocrx_word' id='word_1_491' title='bbox 1489 3430 1638 3470; x_wconf 93' lang='lat' dir='ltr'><strong>nunc</strong></span> <span class='ocrx_word' id='word_1_492' title='bbox 1661 3424 1859 3471; x_wconf 92' lang='lat' dir='ltr'><strong>ornatu</strong></span> <span class='ocrx_word' id='word_1_493' title='bbox 1879 3415 2007 3470; x_wconf 88' lang='lat' dir='ltr'><strong>lecti</strong></span> 
     </span>
    </p>
   </div>
   <div class='ocr_carea' id='block_1_70' title="bbox 436 3493 2006 3577">
    <p class='ocr_par' dir='ltr' id='par_1_70' title="bbox 436 3493 2006 3577">
     <span class='ocr_line' id='line_1_70' title="bbox 436 3493 2006 3577; baseline 0.001 -19"><span class='ocrx_word' id='word_1_494' title='bbox 436 3493 748 3574; x_wconf 87' lang='lat' dir='ltr'><strong>splendidi?</strong></span> <span class='ocrx_word' id='word_1_495' title='bbox 775 3505 879 3562; x_wconf 90' lang='lat' dir='ltr'><strong>Ubi</strong></span> <span class='ocrx_word' id='word_1_496' title='bbox 920 3514 1052 3560; x_wconf 92' lang='lat' dir='ltr'><strong>tunc</strong></span> <span class='ocrx_word' id='word_1_497' title='bbox 1082 3506 1175 3575; x_wconf 88' lang='lat' dir='ltr'><strong>qui</strong></span> <span class='ocrx_word' id='word_1_498' title='bbox 1221 3507 1559 3576; x_wconf 88' lang='lat' dir='ltr'><strong>pauperibus</strong></span> <span class='ocrx_word' id='word_1_499' title='bbox 1609 3507 2006 3577; x_wconf 90' lang='lat' dir='ltr'><strong>improperant,</strong></span> 
     </span>
    </p>
   </div>
   <div class='ocr_carea' id='block_1_71' title="bbox 433 3595 2011 3669">
    <p class='ocr_par' dir='ltr' id='par_1_71' title="bbox 433 3595 2011 3669">
     <span class='ocr_line' id='line_1_71' title="bbox 433 3595 2011 3669; baseline 0.002 -19"><span class='ocrx_word' id='word_1_500' title='bbox 433 3611 639 3665; x_wconf 87' lang='lat' dir='ltr'><strong>eosque</strong></span> <span class='ocrx_word' id='word_1_501' title='bbox 663 3596 1032 3652; x_wconf 89' lang='lat' dir='ltr'><strong>aversantur?</strong></span> <span class='ocrx_word' id='word_1_502' title='bbox 1056 3595 1176 3662; x_wconf 91' lang='lat' dir='ltr'><strong>Quo</strong></span> <span class='ocrx_word' id='word_1_503' title='bbox 1215 3605 1345 3652; x_wconf 91' lang='lat' dir='ltr'><strong>tunc</strong></span> <span class='ocrx_word' id='word_1_504' title='bbox 1368 3598 1720 3661; x_wconf 87' lang='lat' dir='ltr'><strong>amandandi,</strong></span> <span class='ocrx_word' id='word_1_505' title='bbox 1749 3600 1844 3669; x_wconf 91' lang='lat' dir='ltr'><strong>qui</strong></span> <span class='ocrx_word' id='word_1_506' title='bbox 1881 3615 2011 3654; x_wconf 87' lang='lat' dir='ltr'><strong>con-</strong></span> 
     </span>
    </p>
   </div>
   <div class='ocr_carea' id='block_1_72' title="bbox 435 3685 2010 3759">
    <p class='ocr_par' dir='ltr' id='par_1_72' title="bbox 435 3685 2010 3759">
     <span class='ocr_line' id='line_1_72' title="bbox 435 3685 2010 3759; baseline 0.004 -19"><span class='ocrx_word' id='word_1_507' title='bbox 435 3686 659 3740; x_wconf 83' lang='lat' dir='ltr'><strong>stitutos</strong></span> <span class='ocrx_word' id='word_1_508' title='bbox 681 3685 734 3739; x_wconf 94' lang='lat' dir='ltr'><strong>in</strong></span> <span class='ocrx_word' id='word_1_509' title='bbox 762 3686 1188 3742; x_wconf 89' lang='lat' dir='ltr'><strong>necessitatibus</strong></span> <span class='ocrx_word' id='word_1_510' title='bbox 1210 3686 1561 3756; x_wconf 85' lang='lat' dir='ltr'><strong>despiciunt?</strong></span> <span class='ocrx_word' id='word_1_511' title='bbox 1588 3688 1684 3742; x_wconf 92' lang='lat' dir='ltr'><strong>ubi</strong></span> <span class='ocrx_word' id='word_1_512' title='bbox 1732 3690 2010 3759; x_wconf 84' lang='lat' dir='ltr'><strong>sapientes</strong></span> 
     </span>
    </p>
   </div>
   <div class='ocr_carea' id='block_1_73' title="bbox 435 3776 2010 3848">
    <p class='ocr_par' dir='ltr' id='par_1_73' title="bbox 435 3776 2010 3848">
     <span class='ocr_line' id='line_1_73' title="bbox 435 3776 2010 3848; baseline 0.004 -19"><span class='ocrx_word' id='word_1_513' title='bbox 435 3789 499 3830; x_wconf 88' lang='lat' dir='ltr'><strong>ac</strong></span> <span class='ocrx_word' id='word_1_514' title='bbox 527 3776 815 3831; x_wconf 87' lang='lat' dir='ltr'><strong>oratores?</strong></span> <span class='ocrx_word' id='word_1_515' title='bbox 853 3777 947 3831; x_wconf 91' lang='lat' dir='ltr'><strong>ubi</strong></span> <span class='ocrx_word' id='word_1_516' title='bbox 982 3777 1039 3831; x_wconf 90' lang='lat' dir='ltr'><strong>in</strong></span> <span class='ocrx_word' id='word_1_517' title='bbox 1073 3778 1346 3848; x_wconf 77' lang='lat' dir='ltr'><strong>tympanis</strong></span> <span class='ocrx_word' id='word_1_518' title='bbox 1399 3786 1456 3833; x_wconf 91' lang='lat' dir='ltr'><strong>et</strong></span> <span class='ocrx_word' id='word_1_519' title='bbox 1491 3779 1681 3835; x_wconf 89' lang='lat' dir='ltr'><strong>choris</strong></span> <span class='ocrx_word' id='word_1_520' title='bbox 1710 3779 1900 3836; x_wconf 91' lang='lat' dir='ltr'><strong>vinum</strong></span> <span class='ocrx_word' id='word_1_521' title='bbox 1925 3780 2010 3835; x_wconf 78' lang='lat' dir='ltr'><strong>bi-</strong></span> 
     </span>
    </p>
   </div>
   <div class='ocr_carea' id='block_1_74' title="bbox 433 3866 2012 3940">
    <p class='ocr_par' dir='ltr' id='par_1_74' title="bbox 433 3866 2012 3940">
     <span class='ocr_line' id='line_1_74' title="bbox 433 3866 2012 3940; baseline 0.004 -20"><span class='ocrx_word' id='word_1_522' title='bbox 433 3866 673 3921; x_wconf 88' lang='lat' dir='ltr'><strong>bentes?</strong></span> <span class='ocrx_word' id='word_1_523' title='bbox 724 3866 840 3932; x_wconf 88' lang='lat' dir='ltr'><strong>ubi,</strong></span> <span class='ocrx_word' id='word_1_524' title='bbox 873 3883 1080 3937; x_wconf 68' lang='lat' dir='ltr'><strong>quwso,</strong></span> <span class='ocrx_word' id='word_1_525' title='bbox 1113 3877 1265 3934; x_wconf 90' lang='lat' dir='ltr'><strong>tunc,</strong></span> <span class='ocrx_word' id='word_1_526' title='bbox 1300 3884 1365 3924; x_wconf 87' lang='lat' dir='ltr'><strong>ac</strong></span> <span class='ocrx_word' id='word_1_527' title='bbox 1396 3870 1675 3940; x_wconf 91' lang='lat' dir='ltr'><strong>quomodo</strong></span> <span class='ocrx_word' id='word_1_528' title='bbox 1720 3873 1895 3926; x_wconf 89' lang='lat' dir='ltr'><strong>acturi</strong></span> <span class='ocrx_word' id='word_1_529' title='bbox 1925 3873 2012 3927; x_wconf 84' lang='lat' dir='ltr'><strong>lu-</strong></span> 
     </span>
    </p>
   </div>
   <div class='ocr_carea' id='block_1_75' title="bbox 433 3959 2010 4033">
    <p class='ocr_par' dir='ltr' id='par_1_75' title="bbox 433 3959 2010 4033">
     <span class='ocr_line' id='line_1_75' title="bbox 433 3959 2010 4033; baseline 0.004 -20"><span class='ocrx_word' id='word_1_530' title='bbox 433 3964 607 4021; x_wconf 82' lang='lat' dir='ltr'><strong>ctum,</strong></span> <span class='ocrx_word' id='word_1_531' title='bbox 633 3959 729 4028; x_wconf 89' lang='lat' dir='ltr'><strong>qui</strong></span> <span class='ocrx_word' id='word_1_532' title='bbox 778 3960 1040 4014; x_wconf 89' lang='lat' dir='ltr'><strong>continue</strong></span> <span class='ocrx_word' id='word_1_533' title='bbox 1073 3959 1210 4016; x_wconf 86' lang='lat' dir='ltr'><strong>risui</strong></span> <span class='ocrx_word' id='word_1_534' title='bbox 1257 3960 1587 4032; x_wconf 80' lang='lat' dir='ltr'><strong>indulgent?</strong></span> <span class='ocrx_word' id='word_1_535' title='bbox 1620 3962 1712 4017; x_wconf 91' lang='lat' dir='ltr'><strong>ubi</strong></span> <span class='ocrx_word' id='word_1_536' title='bbox 1747 3964 1842 4033; x_wconf 88' lang='lat' dir='ltr'><strong>qui</strong></span> <span class='ocrx_word' id='word_1_537' title='bbox 1878 3965 2010 4019; x_wconf 90' lang='lat' dir='ltr'><strong>reli-</strong></span> 
     </span>
    </p>
   </div>
   <div class='ocr_carea' id='block_1_76' title="bbox 432 4050 2012 4126">
    <p class='ocr_par' dir='ltr' id='par_1_76' title="bbox 432 4050 2012 4126">
     <span class='ocr_line' id='line_1_76' title="bbox 432 4050 2012 4126; baseline 0.005 -23"><span class='ocrx_word' id='word_1_538' title='bbox 432 4050 617 4120; x_wconf 80' lang='lat' dir='ltr'><strong>giosos</strong></span> <span class='ocrx_word' id='word_1_539' title='bbox 640 4051 892 4108; x_wconf 87' lang='lat' dir='ltr'><strong>homines</strong></span> <span class='ocrx_word' id='word_1_540' title='bbox 913 4053 1395 4108; x_wconf 87' lang='lat' dir='ltr'><strong>subsannant?ubi</strong></span> <span class='ocrx_word' id='word_1_541' title='bbox 1415 4054 1508 4122; x_wconf 89' lang='lat' dir='ltr'><strong>qui</strong></span> <span class='ocrx_word' id='word_1_542' title='bbox 1532 4055 1681 4110; x_wconf 88' lang='lat' dir='ltr'><strong>nulla</strong></span> <span class='ocrx_word' id='word_1_543' title='bbox 1711 4065 2012 4126; x_wconf 88' lang='lat' dir='ltr'><strong>tanguntur</strong></span> 
     </span>
    </p>
   </div>
   <div class='ocr_carea' id='block_1_77' title="bbox 431 4142 2009 4214">
    <p class='ocr_par' dir='ltr' id='par_1_77' title="bbox 431 4142 2009 4214">
     <span class='ocr_line' id='line_1_77' title="bbox 431 4142 2009 4214; baseline 0.004 -18"><span class='ocrx_word' id='word_1_544' title='bbox 431 4156 566 4197; x_wconf 87' lang='lat' dir='ltr'><strong>cura</strong></span> <span class='ocrx_word' id='word_1_545' title='bbox 619 4142 925 4214; x_wconf 88' lang='lat' dir='ltr'><strong>dicuntque</strong></span> <span class='ocrx_word' id='word_1_546' title='bbox 962 4162 976 4198; x_wconf 89' lang='lat'><strong>:</strong></span> <span class='ocrx_word' id='word_1_547' title='bbox 1010 4144 1251 4199; x_wconf 77' lang='lat' dir='ltr'><strong>Edamus</strong></span> <span class='ocrx_word' id='word_1_548' title='bbox 1311 4155 1358 4199; x_wconf 85' lang='lat' dir='ltr'><strong>et</strong></span> <span class='ocrx_word' id='word_1_549' title='bbox 1392 4146 1660 4212; x_wconf 79' lang='lat' dir='ltr'><strong>bibamus;</strong></span> <span class='ocrx_word' id='word_1_550' title='bbox 1704 4163 1822 4201; x_wconf 73' lang='lat' dir='ltr'><strong>cras</strong></span> <span class='ocrx_word' id='word_1_551' title='bbox 1872 4149 2009 4202; x_wconf 84' lang='lat' dir='ltr'><strong>enim</strong></span> 
     </span>
    </p>
   </div>
   <div class='ocr_carea' id='block_1_78' title="bbox 433 4233 2008 4306">
    <p class='ocr_par' dir='ltr' id='par_1_78' title="bbox 433 4233 2008 4306">
     <span class='ocr_line' id='line_1_78' title="bbox 433 4233 2008 4306; baseline 0.004 -20"><span class='ocrx_word' id='word_1_552' title='bbox 433 4235 724 4286; x_wconf 83' lang='lat' dir='ltr'><strong>moriemur</strong></span> <span class='ocrx_word' id='word_1_553' title='bbox 746 4233 832 4287; x_wconf 79' lang='lat'><strong>“?</strong></span> <span class='ocrx_word' id='word_1_554' title='bbox 857 4234 961 4290; x_wconf 89' lang='lat' dir='ltr'><strong>Ubi</strong></span> <span class='ocrx_word' id='word_1_555' title='bbox 997 4235 1095 4288; x_wconf 87' lang='lat' dir='ltr'><strong>Dei</strong></span> <span class='ocrx_word' id='word_1_556' title='bbox 1125 4234 1340 4289; x_wconf 89' lang='lat' dir='ltr'><strong>timoris</strong></span> <span class='ocrx_word' id='word_1_557' title='bbox 1370 4244 1798 4306; x_wconf 87' lang='lat' dir='ltr'><strong>contemptores,</strong></span> <span class='ocrx_word' id='word_1_558' title='bbox 1836 4237 2008 4292; x_wconf 84' lang='lat' dir='ltr'><strong>nihil-</strong></span> 
     </span>
    </p>
   </div>
   <div class='ocr_carea' id='block_1_79' title="bbox 431 4325 2009 4396">
    <p class='ocr_par' dir='ltr' id='par_1_79' title="bbox 431 4325 2009 4396">
     <span class='ocr_line' id='line_1_79' title="bbox 431 4325 2009 4396; baseline 0.005 -19"><span class='ocrx_word' id='word_1_559' title='bbox 431 4337 541 4394; x_wconf 91' lang='lat' dir='ltr'><strong>que</strong></span> <span class='ocrx_word' id='word_1_560' title='bbox 571 4339 724 4379; x_wconf 90' lang='lat' dir='ltr'><strong>suam</strong></span> <span class='ocrx_word' id='word_1_561' title='bbox 757 4340 858 4395; x_wconf 90' lang='lat' dir='ltr'><strong>pro</strong></span> <span class='ocrx_word' id='word_1_562' title='bbox 885 4325 980 4379; x_wconf 90' lang='lat' dir='ltr'><strong>illo</strong></span> <span class='ocrx_word' id='word_1_563' title='bbox 1019 4325 1278 4380; x_wconf 88' lang='lat' dir='ltr'><strong>tribunali</strong></span> <span class='ocrx_word' id='word_1_564' title='bbox 1322 4326 1696 4382; x_wconf 87' lang='lat' dir='ltr'><strong>defensionem</strong></span> <span class='ocrx_word' id='word_1_565' title='bbox 1728 4339 2009 4396; x_wconf 88' lang='lat' dir='ltr'><strong>curantes,</strong></span> 
     </span>
    </p>
   </div>
   <div class='ocr_carea' id='block_1_80' title="bbox 2113 3332 2327 3381">
    <p class='ocr_par' dir='ltr' id='par_1_80' title="bbox 2113 3332 2327 3381">
     <span class='ocr_line' id='line_1_80' title="bbox 2113 3332 2327 3381; baseline 0.014 -12"><span class='ocrx_word' id='word_1_566' title='bbox 2113 3332 2327 3381; x_wconf 86' lang='grc' dir='ltr'>σαντες.</span> 
     </span>
    </p>
   </div>
   <div class='ocr_carea' id='block_1_81' title="bbox 2183 3408 3692 3480">
    <p class='ocr_par' dir='ltr' id='par_1_81' title="bbox 2183 3408 3692 3480">
     <span class='ocr_line' id='line_1_81' title="bbox 2183 3408 3692 3480; baseline -0.001 -16"><span class='ocrx_word' id='word_1_567' title='bbox 2183 3408 2248 3464; x_wconf 93' lang='grc' dir='ltr'>Τί</span> <span class='ocrx_word' id='word_1_568' title='bbox 2289 3425 2346 3462; x_wconf 85' lang='grc' dir='ltr'><strong>σε</strong></span> <span class='ocrx_word' id='word_1_569' title='bbox 2381 3408 2502 3461; x_wconf 88' lang='grc' dir='ltr'>τότε</span> <span class='ocrx_word' id='word_1_570' title='bbox 2527 3409 2902 3480; x_wconf 65' lang='grc' dir='ltr'>ὠῳελήσουσιν</span> <span class='ocrx_word' id='word_1_571' title='bbox 2938 3410 2992 3462; x_wconf 78' lang='grc' dir='ltr'>αἱ</span> <span class='ocrx_word' id='word_1_572' title='bbox 3043 3409 3136 3463; x_wconf 92' lang='grc' dir='ltr'><strong>νῦν</strong></span> <span class='ocrx_word' id='word_1_573' title='bbox 3164 3411 3533 3480; x_wconf 83' lang='grc' dir='ltr'>κοσμούμεναι</span> <span class='ocrx_word' id='word_1_574' title='bbox 3560 3409 3692 3462; x_wconf 73' lang='grc' dir='ltr'>κλίο</span> 
     </span>
    </p>
   </div>
   <div class='ocr_carea' id='block_1_82' title="bbox 2111 3501 3695 3572">
    <p class='ocr_par' dir='ltr' id='par_1_82' title="bbox 2111 3501 3695 3572">
     <span class='ocr_line' id='line_1_82' title="bbox 2111 3501 3695 3572; baseline -0.003 -14"><span class='ocrx_word' id='word_1_575' title='bbox 2111 3520 2232 3570; x_wconf 74' lang='grc' dir='ltr'>ναις</span> <span class='ocrx_word' id='word_1_576' title='bbox 2264 3501 2373 3556; x_wconf 91' lang='grc' dir='ltr'><strong>Ποῦ</strong></span> <span class='ocrx_word' id='word_1_577' title='bbox 2401 3501 2521 3555; x_wconf 89' lang='grc' dir='ltr'>τότε</span> <span class='ocrx_word' id='word_1_578' title='bbox 2543 3502 2592 3554; x_wconf 80' lang='grc' dir='ltr'>οἱ</span> <span class='ocrx_word' id='word_1_579' title='bbox 2615 3503 2741 3564; x_wconf 83' lang='grc' dir='ltr'>τοὺς</span> <span class='ocrx_word' id='word_1_580' title='bbox 2775 3503 3025 3572; x_wconf 77' lang='grc' dir='ltr'>πτωχοὺς</span> <span class='ocrx_word' id='word_1_581' title='bbox 3064 3501 3410 3566; x_wconf 80' lang='grc' dir='ltr'>ὀνειδίζοντες</span> <span class='ocrx_word' id='word_1_582' title='bbox 3432 3501 3525 3554; x_wconf 73' lang='grc' dir='ltr'>καὶ</span> <span class='ocrx_word' id='word_1_583' title='bbox 3551 3505 3695 3557; x_wconf 80' lang='grc' dir='ltr'>ἀπο-</span> 
     </span>
    </p>
   </div>
   <div class='ocr_carea' id='block_1_83' title="bbox 2115 3594 3691 3668">
    <p class='ocr_par' dir='ltr' id='par_1_83' title="bbox 2115 3594 3691 3668">
     <span class='ocr_line' id='line_1_83' title="bbox 2115 3594 3691 3668; baseline -0.001 -18"><span class='ocrx_word' id='word_1_584' title='bbox 2115 3595 2493 3668; x_wconf 73' lang='grc' dir='ltr'>στρειρόμενοι.</span> <span class='ocrx_word' id='word_1_585' title='bbox 2531 3594 2638 3648; x_wconf 92' lang='grc' dir='ltr'><strong>Ποῦ</strong></span> <span class='ocrx_word' id='word_1_586' title='bbox 2677 3595 2798 3648; x_wconf 86' lang='grc' dir='ltr'>τότε</span> <span class='ocrx_word' id='word_1_587' title='bbox 2858 3594 3109 3666; x_wconf 73' lang='grc' dir='ltr'>μέλλουσι</span> <span class='ocrx_word' id='word_1_588' title='bbox 3144 3594 3612 3665; x_wconf 73' lang='grc' dir='ltr'>παραπέμπεσθαι</span> <span class='ocrx_word' id='word_1_589' title='bbox 3640 3596 3691 3648; x_wconf 74' lang='grc' dir='ltr'>οἱ</span> 
     </span>
    </p>
   </div>
   <div class='ocr_carea' id='block_1_84' title="bbox 2111 3685 3694 3759">
    <p class='ocr_par' dir='ltr' id='par_1_84' title="bbox 2111 3685 3694 3759">
     <span class='ocr_line' id='line_1_84' title="bbox 2111 3685 3694 3759; baseline -0.001 -19"><span class='ocrx_word' id='word_1_590' title='bbox 2111 3685 2551 3759; x_wconf 77' lang='grc' dir='ltr'>παραϐλέποντες</span> <span class='ocrx_word' id='word_1_591' title='bbox 2583 3687 2709 3746; x_wconf 73' lang='grc' dir='ltr'>τοὺς</span> <span class='ocrx_word' id='word_1_592' title='bbox 2758 3686 2816 3740; x_wconf 79' lang='grc' dir='ltr'>ὲν</span> <span class='ocrx_word' id='word_1_593' title='bbox 2857 3685 3156 3755; x_wconf 83' lang='grc' dir='ltr'>ἀνάγκαις;</span> <span class='ocrx_word' id='word_1_594' title='bbox 3207 3685 3316 3740; x_wconf 93' lang='grc' dir='ltr'><strong>Ποῦ</strong></span> <span class='ocrx_word' id='word_1_595' title='bbox 3340 3687 3388 3738; x_wconf 86' lang='grc' dir='ltr'><strong>οί</strong></span> <span class='ocrx_word' id='word_1_596' title='bbox 3422 3686 3576 3755; x_wconf 62' lang='grc' dir='ltr'>σοφοὶ</span> <span class='ocrx_word' id='word_1_597' title='bbox 3597 3685 3694 3738; x_wconf 78' lang='grc' dir='ltr'><strong>καὶ</strong></span> 
     </span>
    </p>
   </div>
   <div class='ocr_carea' id='block_1_85' title="bbox 2113 3772 3692 3851">
    <p class='ocr_par' dir='ltr' id='par_1_85' title="bbox 2113 3772 3692 3851">
     <span class='ocr_line' id='line_1_85' title="bbox 2113 3772 3692 3851; baseline -0.003 -18"><span class='ocrx_word' id='word_1_598' title='bbox 2113 3783 2343 3851; x_wconf 81' lang='grc' dir='ltr'>ῥήτορες</span> <span class='ocrx_word' id='word_1_599' title='bbox 2361 3795 2376 3812; x_wconf 79' lang='grc' dir='ltr'><strong>ο</strong></span> <span class='ocrx_word' id='word_1_600' title='bbox 2405 3779 2507 3834; x_wconf 86' lang='grc' dir='ltr'><strong>ποῦ</strong></span> <span class='ocrx_word' id='word_1_601' title='bbox 2529 3779 2578 3832; x_wconf 79' lang='grc' dir='ltr'>οἱ</span> <span class='ocrx_word' id='word_1_602' title='bbox 2615 3779 2752 3848; x_wconf 88' lang='grc' dir='ltr'><strong>μετά</strong></span> <span class='ocrx_word' id='word_1_603' title='bbox 2783 3779 3084 3850; x_wconf 85' lang='grc' dir='ltr'>τυμπάνων</span> <span class='ocrx_word' id='word_1_604' title='bbox 3115 3778 3212 3831; x_wconf 74' lang='grc' dir='ltr'>καὶ</span> <span class='ocrx_word' id='word_1_605' title='bbox 3239 3777 3416 3850; x_wconf 84' lang='grc' dir='ltr'>χορῶν</span> <span class='ocrx_word' id='word_1_606' title='bbox 3441 3777 3533 3831; x_wconf 75' lang='grc' dir='ltr'>τὸν</span> <span class='ocrx_word' id='word_1_607' title='bbox 3545 3772 3692 3830; x_wconf 76' lang='grc' dir='ltr'>οἶνον</span> 
     </span>
    </p>
   </div>
   <div class='ocr_carea' id='block_1_86' title="bbox 2112 3868 3688 3942">
    <p class='ocr_par' dir='ltr' id='par_1_86' title="bbox 2112 3868 3688 3942">
     <span class='ocr_line' id='line_1_86' title="bbox 2112 3868 3688 3942; baseline -0.003 -17"><span class='ocrx_word' id='word_1_608' title='bbox 2112 3872 2395 3938; x_wconf 82' lang='grc' dir='ltr'>πίνοντες;</span> <span class='ocrx_word' id='word_1_609' title='bbox 2439 3871 2548 3925; x_wconf 88' lang='grc' dir='ltr'><strong>Ποῦ</strong></span> <span class='ocrx_word' id='word_1_610' title='bbox 2587 3871 2694 3942; x_wconf 78' lang='grc' dir='ltr'>ἄρα</span> <span class='ocrx_word' id='word_1_611' title='bbox 2725 3871 2868 3934; x_wconf 84' lang='grc' dir='ltr'>τότε,</span> <span class='ocrx_word' id='word_1_612' title='bbox 2919 3869 2952 3941; x_wconf 79' lang='grc' dir='ltr'>ἢ</span> <span class='ocrx_word' id='word_1_613' title='bbox 3005 3869 3121 3934; x_wconf 86' lang='grc' dir='ltr'><strong>πῶς</strong></span> <span class='ocrx_word' id='word_1_614' title='bbox 3156 3868 3408 3940; x_wconf 76' lang='grc' dir='ltr'>μέλλουσι</span> <span class='ocrx_word' id='word_1_615' title='bbox 3448 3868 3688 3939; x_wconf 72' lang='grc' dir='ltr'>θρηνεῖν,</span> 
     </span>
    </p>
   </div>
   <div class='ocr_carea' id='block_1_87' title="bbox 2109 3963 3694 4039">
    <p class='ocr_par' dir='ltr' id='par_1_87' title="bbox 2109 3963 3694 4039">
     <span class='ocr_line' id='line_1_87' title="bbox 2109 3963 3694 4039; baseline -0.003 -19"><span class='ocrx_word' id='word_1_616' title='bbox 2109 3969 2158 4020; x_wconf 79' lang='grc' dir='ltr'>οἱ</span> <span class='ocrx_word' id='word_1_617' title='bbox 2188 3967 2451 4039; x_wconf 85' lang='grc' dir='ltr'>διηνεκῶς</span> <span class='ocrx_word' id='word_1_618' title='bbox 2487 3965 2778 4036; x_wconf 80' lang='grc' dir='ltr'>γελῶντες·</span> <span class='ocrx_word' id='word_1_619' title='bbox 2813 3964 2916 4019; x_wconf 90' lang='grc' dir='ltr'><strong>ποῦ</strong></span> <span class='ocrx_word' id='word_1_620' title='bbox 2949 3966 2997 4018; x_wconf 79' lang='grc' dir='ltr'>οἱ</span> <span class='ocrx_word' id='word_1_621' title='bbox 3024 3965 3152 4028; x_wconf 60' lang='grc' dir='ltr'>τοὺς</span> <span class='ocrx_word' id='word_1_622' title='bbox 3184 3963 3433 4027; x_wconf 79' lang='grc' dir='ltr'>εὐλαϐεῖς</span> <span class='ocrx_word' id='word_1_623' title='bbox 3481 3979 3694 4034; x_wconf 78' lang='grc' dir='ltr'>μυκτη-</span> 
     </span>
    </p>
   </div>
   <div class='ocr_carea' id='block_1_88' title="bbox 2111 4052 3698 4130">
    <p class='ocr_par' dir='ltr' id='par_1_88' title="bbox 2111 4052 3698 4130">
     <span class='ocr_line' id='line_1_88' title="bbox 2111 4052 3698 4130; baseline -0.004 -17"><span class='ocrx_word' id='word_1_624' title='bbox 2111 4060 2387 4130; x_wconf 77' lang='grc' dir='ltr'>ρίζοντεςο</span> <span class='ocrx_word' id='word_1_625' title='bbox 2443 4057 2547 4112; x_wconf 86' lang='grc' dir='ltr'><strong>ποῦ</strong></span> <span class='ocrx_word' id='word_1_626' title='bbox 2583 4059 2632 4111; x_wconf 80' lang='grc' dir='ltr'>οἱ</span> <span class='ocrx_word' id='word_1_627' title='bbox 2665 4055 3099 4129; x_wconf 86' lang='grc' dir='ltr'>ἀμεριμνῶντες,</span> <span class='ocrx_word' id='word_1_628' title='bbox 3142 4055 3236 4108; x_wconf 71' lang='grc' dir='ltr'>καὶ</span> <span class='ocrx_word' id='word_1_629' title='bbox 3274 4055 3543 4123; x_wconf 84' lang='grc' dir='ltr'>λέγοντες·</span> <span class='ocrx_word' id='word_1_630' title='bbox 3577 4052 3698 4107; x_wconf 77' lang='grc' dir='ltr'><strong>Φά-</strong></span> 
     </span>
    </p>
   </div>
   <div class='ocr_carea' id='block_1_89' title="bbox 2109 4145 3692 4221">
    <p class='ocr_par' dir='ltr' id='par_1_89' title="bbox 2109 4145 3692 4221">
     <span class='ocr_line' id='line_1_89' title="bbox 2109 4145 3692 4221; baseline -0.003 -19"><span class='ocrx_word' id='word_1_631' title='bbox 2109 4167 2303 4221; x_wconf 78' lang='grc' dir='ltr'>γωμεν</span> <span class='ocrx_word' id='word_1_632' title='bbox 2347 4149 2446 4204; x_wconf 78' lang='grc' dir='ltr'>καὶ</span> <span class='ocrx_word' id='word_1_633' title='bbox 2493 4149 2738 4220; x_wconf 83' lang='grc' dir='ltr'>πίωμεν·</span> <span class='ocrx_word' id='word_1_634' title='bbox 2791 4149 3003 4216; x_wconf 76' lang='grc' dir='ltr'>αὔριον</span> <span class='ocrx_word' id='word_1_635' title='bbox 3038 4147 3146 4218; x_wconf 81' lang='grc' dir='ltr'>γὰρ</span> <span class='ocrx_word' id='word_1_636' title='bbox 3185 4145 3692 4214; x_wconf 72' lang='grc' dir='ltr'>ἁποθνήσκομενς</span> 
     </span>
    </p>
   </div>
   <div class='ocr_carea' id='block_1_90' title="bbox 2111 4237 3694 4312">
    <p class='ocr_par' dir='ltr' id='par_1_90' title="bbox 2111 4237 3694 4312">
     <span class='ocr_line' id='line_1_90' title="bbox 2111 4237 3694 4312; baseline -0.008 -14"><span class='ocrx_word' id='word_1_637' title='bbox 2111 4244 2221 4298; x_wconf 90' lang='grc' dir='ltr'><strong>Ποῦ</strong></span> <span class='ocrx_word' id='word_1_638' title='bbox 2261 4244 2311 4297; x_wconf 83' lang='grc' dir='ltr'>οἱ</span> <span class='ocrx_word' id='word_1_639' title='bbox 2345 4242 2436 4296; x_wconf 90' lang='grc' dir='ltr'><strong>τοῦ</strong></span> <span class='ocrx_word' id='word_1_640' title='bbox 2466 4243 2632 4312; x_wconf 78' lang='grc' dir='ltr'>φόϐου</span> <span class='ocrx_word' id='word_1_641' title='bbox 2668 4241 2762 4295; x_wconf 92' lang='grc' dir='ltr'><strong>τοῦ</strong></span> <span class='ocrx_word' id='word_1_642' title='bbox 2795 4240 2931 4294; x_wconf 88' lang='grc' dir='ltr'>Θεοῦ</span> <span class='ocrx_word' id='word_1_643' title='bbox 2955 4237 3440 4311; x_wconf 81' lang='grc' dir='ltr'>καταφρονοῦντες,</span> <span class='ocrx_word' id='word_1_644' title='bbox 3473 4239 3564 4291; x_wconf 69' lang='grc' dir='ltr'><strong>καὶ</strong></span> <span class='ocrx_word' id='word_1_645' title='bbox 3589 4239 3694 4305; x_wconf 72' lang='grc' dir='ltr'>τῆς</span> 
     </span>
    </p>
   </div>
   <div class='ocr_carea' id='block_1_91' title="bbox 2112 4329 3696 4405">
    <p class='ocr_par' dir='ltr' id='par_1_91' title="bbox 2112 4329 3696 4405">
     <span class='ocr_line' id='line_1_91' title="bbox 2112 4329 3696 4405; baseline -0.005 -16"><span class='ocrx_word' id='word_1_646' title='bbox 2112 4336 2318 4389; x_wconf 80' lang='grc' dir='ltr'>ἑαυτῶν</span> <span class='ocrx_word' id='word_1_647' title='bbox 2358 4333 2656 4403; x_wconf 85' lang='grc' dir='ltr'>ἀπολογίας</span> <span class='ocrx_word' id='word_1_648' title='bbox 2683 4332 2938 4405; x_wconf 80' lang='grc' dir='ltr'>φροντίδα</span> <span class='ocrx_word' id='word_1_649' title='bbox 2975 4331 3050 4402; x_wconf 80' lang='grc' dir='ltr'>μὴ</span> <span class='ocrx_word' id='word_1_650' title='bbox 3081 4329 3412 4400; x_wconf 86' lang='grc' dir='ltr'>ποιούμενοι,</span> <span class='ocrx_word' id='word_1_651' title='bbox 3443 4329 3581 4382; x_wconf 79' lang='grc' dir='ltr'><strong>ἀλλά</strong></span> <span class='ocrx_word' id='word_1_652' title='bbox 3611 4329 3696 4381; x_wconf 80' lang='grc' dir='ltr'><strong>λέ·</strong></span> 
     </span>
    </p>
   </div>
   <div class='ocr_carea' id='block_1_92' title="bbox 429 4414 2008 4515">
    <p class='ocr_par' dir='ltr' id='par_1_92' title="bbox 429 4414 2008 4490">
     <span class='ocr_line' id='line_1_92' title="bbox 429 4414 2008 4490; baseline 0.004 -21"><span class='ocrx_word' id='word_1_653' title='bbox 429 4415 526 4469; x_wconf 86' lang='lat' dir='ltr'><strong>sed</strong></span> <span class='ocrx_word' id='word_1_654' title='bbox 569 4414 817 4471; x_wconf 87' lang='lat' dir='ltr'><strong>dicentes</strong></span> <span class='ocrx_word' id='word_1_655' title='bbox 849 4433 862 4470; x_wconf 92' lang='lat'><strong>:</strong></span> <span class='ocrx_word' id='word_1_656' title='bbox 897 4414 1375 4471; x_wconf 88' lang='lat' dir='ltr'><strong>Clementissimus</strong></span> <span class='ocrx_word' id='word_1_657' title='bbox 1413 4417 1558 4474; x_wconf 89' lang='lat' dir='ltr'><strong>Deus</strong></span> <span class='ocrx_word' id='word_1_658' title='bbox 1585 4427 1691 4483; x_wconf 89' lang='lat' dir='ltr'><strong>est,</strong></span> <span class='ocrx_word' id='word_1_659' title='bbox 1735 4433 1800 4474; x_wconf 86' lang='lat' dir='ltr'><strong>ac</strong></span> <span class='ocrx_word' id='word_1_660' title='bbox 1839 4419 2008 4490; x_wconf 78' lang='lat' dir='ltr'><strong>gratis</strong></span> 
     </span>
    </p>
   </div>
   <div class='ocr_carea' id='block_1_93' title="bbox 2113 4414 3700 4515">
    <p class='ocr_par' dir='ltr' id='par_1_93' title="bbox 2113 4422 3700 4500">
     <span class='ocr_line' id='line_1_93' title="bbox 2113 4422 3700 4500; baseline -0.004 -18"><span class='ocrx_word' id='word_1_661' title='bbox 2113 4445 2302 4500; x_wconf 86' lang='grc' dir='ltr'>γοντες</span> <span class='ocrx_word' id='word_1_662' title='bbox 2325 4445 2338 4458; x_wconf 93' lang='grc'><strong>·</strong></span> <span class='ocrx_word' id='word_1_663' title='bbox 2363 4427 2745 4500; x_wconf 81' lang='grc' dir='ltr'>Φιλάνθρωπος</span> <span class='ocrx_word' id='word_1_664' title='bbox 2797 4427 2943 4480; x_wconf 78' lang='grc' dir='ltr'>ἐστὶν</span> <span class='ocrx_word' id='word_1_665' title='bbox 2981 4428 3008 4480; x_wconf 87' lang='lat'><strong>6</strong></span> <span class='ocrx_word' id='word_1_666' title='bbox 3032 4425 3187 4490; x_wconf 72' lang='grc' dir='ltr'>Θεὸς,</span> <span class='ocrx_word' id='word_1_667' title='bbox 3209 4423 3305 4477; x_wconf 67' lang='grc' dir='ltr'>καὶ</span> <span class='ocrx_word' id='word_1_668' title='bbox 3357 4423 3528 4493; x_wconf 85' lang='grc' dir='ltr'>δῶρον</span> <span class='ocrx_word' id='word_1_669' title='bbox 3548 4422 3700 4477; x_wconf 81' lang='grc' dir='ltr'>ἐλεεῖ</span> 
     </span>
    </p>
   </div>
   <div class='ocr_carea' id='block_1_94' title="bbox 431 4507 1169 4563">
    <p class='ocr_par' dir='ltr' id='par_1_94' title="bbox 431 4507 1169 4563">
     <span class='ocr_line' id='line_1_94' title="bbox 431 4507 1169 4563; baseline 0.001 -3"><span class='ocrx_word' id='word_1_670' title='bbox 431 4507 594 4562; x_wconf 88' lang='lat' dir='ltr'><strong>nobis</strong></span> <span class='ocrx_word' id='word_1_671' title='bbox 619 4507 854 4562; x_wconf 87' lang='lat' dir='ltr'><strong>salutem</strong></span> <span class='ocrx_word' id='word_1_672' title='bbox 879 4507 1169 4563; x_wconf 89' lang='lat' dir='ltr'><strong>concedet.</strong></span> 
     </span>
    </p>
   </div>
   <div class='ocr_carea' id='block_1_95' title="bbox 501 4597 2006 4676">
    <p class='ocr_par' dir='ltr' id='par_1_95' title="bbox 501 4597 2006 4676">
     <span class='ocr_line' id='line_1_95' title="bbox 501 4597 2006 4676; baseline 0.006 -23"><span class='ocrx_word' id='word_1_673' title='bbox 501 4597 642 4663; x_wconf 78' lang='lat' dir='ltr'><strong>Heu,</strong></span> <span class='ocrx_word' id='word_1_674' title='bbox 674 4599 892 4661; x_wconf 86' lang='lat' dir='ltr'><strong>fratres.</strong></span> <span class='ocrx_word' id='word_1_675' title='bbox 917 4601 1192 4671; x_wconf 86' lang='lat' dir='ltr'><strong>quomodo</strong></span> <span class='ocrx_word' id='word_1_676' title='bbox 1216 4611 1348 4657; x_wconf 88' lang='lat' dir='ltr'><strong>tunc</strong></span> <span class='ocrx_word' id='word_1_677' title='bbox 1381 4601 1763 4673; x_wconf 82' lang='lat' dir='ltr'><strong>deplorabunt,</strong></span> <span class='ocrx_word' id='word_1_678' title='bbox 1793 4607 1921 4676; x_wconf 85' lang='lat' dir='ltr'><strong>quia</strong></span> <span class='ocrx_word' id='word_1_679' title='bbox 1941 4623 2006 4662; x_wconf 88' lang='lat' dir='ltr'><strong>ea</strong></span> 
     </span>
    </p>
   </div>
   <div class='ocr_carea' id='block_1_96' title="bbox 431 4691 2004 4767">
    <p class='ocr_par' dir='ltr' id='par_1_96' title="bbox 431 4691 2004 4767">
     <span class='ocr_line' id='line_1_96' title="bbox 431 4691 2004 4767; baseline 0.006 -23"><span class='ocrx_word' id='word_1_680' title='bbox 431 4705 554 4760; x_wconf 67' lang='lat' dir='ltr'><strong>qum</strong></span> <span class='ocrx_word' id='word_1_681' title='bbox 583 4691 731 4747; x_wconf 91' lang='lat' dir='ltr'><strong>dicta</strong></span> <span class='ocrx_word' id='word_1_682' title='bbox 761 4701 912 4758; x_wconf 88' lang='lat' dir='ltr'><strong>sunt,</strong></span> <span class='ocrx_word' id='word_1_683' title='bbox 946 4701 1062 4748; x_wconf 91' lang='lat' dir='ltr'><strong>tum</strong></span> <span class='ocrx_word' id='word_1_684' title='bbox 1084 4693 1424 4764; x_wconf 89' lang='lat' dir='ltr'><strong>loquuntur,</strong></span> <span class='ocrx_word' id='word_1_685' title='bbox 1464 4703 1579 4749; x_wconf 92' lang='lat' dir='ltr'><strong>tum</strong></span> <span class='ocrx_word' id='word_1_686' title='bbox 1607 4698 1814 4767; x_wconf 82' lang='lat' dir='ltr'><strong>agunt?</strong></span> <span class='ocrx_word' id='word_1_687' title='bbox 1855 4697 2004 4765; x_wconf 89' lang='lat' dir='ltr'><strong>Quo-</strong></span> 
     </span>
    </p>
   </div>
   <div class='ocr_carea' id='block_1_97' title="bbox 431 4783 2009 4859">
    <p class='ocr_par' dir='ltr' id='par_1_97' title="bbox 431 4783 2009 4859">
     <span class='ocr_line' id='line_1_97' title="bbox 431 4783 2009 4859; baseline 0.006 -23"><span class='ocrx_word' id='word_1_688' title='bbox 431 4783 595 4838; x_wconf 88' lang='lat' dir='ltr'><strong>modo</strong></span> <span class='ocrx_word' id='word_1_689' title='bbox 626 4794 758 4839; x_wconf 90' lang='lat' dir='ltr'><strong>tunc</strong></span> <span class='ocrx_word' id='word_1_690' title='bbox 785 4785 1065 4856; x_wconf 86' lang='lat' dir='ltr'><strong>plangent,</strong></span> <span class='ocrx_word' id='word_1_691' title='bbox 1101 4802 1206 4842; x_wconf 84' lang='lat' dir='ltr'><strong>nec</strong></span> <span class='ocrx_word' id='word_1_692' title='bbox 1244 4787 1351 4843; x_wconf 92' lang='lat' dir='ltr'><strong>erit</strong></span> <span class='ocrx_word' id='word_1_693' title='bbox 1380 4788 1473 4859; x_wconf 90' lang='lat' dir='ltr'><strong>qui</strong></span> <span class='ocrx_word' id='word_1_694' title='bbox 1507 4803 1700 4843; x_wconf 87' lang='lat' dir='ltr'><strong>eorum</strong></span> <span class='ocrx_word' id='word_1_695' title='bbox 1745 4790 2009 4846; x_wconf 77' lang='lat' dir='ltr'><strong>miserea-</strong></span> 
     </span>
    </p>
   </div>
   <div class='ocr_carea' id='block_1_98' title="bbox 432 4873 2008 4948">
    <p class='ocr_par' dir='ltr' id='par_1_98' title="bbox 432 4873 2008 4948">
     <span class='ocr_line' id='line_1_98' title="bbox 432 4873 2008 4948; baseline 0.008 -21"><span class='ocrx_word' id='word_1_696' title='bbox 432 4873 566 4928; x_wconf 83' lang='lat' dir='ltr'><strong>tu&#39;r?</strong></span> <span class='ocrx_word' id='word_1_697' title='bbox 610 4873 824 4942; x_wconf 87' lang='lat' dir='ltr'><strong>Quanta</strong></span> <span class='ocrx_word' id='word_1_698' title='bbox 873 4878 1093 4932; x_wconf 87' lang='lat' dir='ltr'><strong>trahent</strong></span> <span class='ocrx_word' id='word_1_699' title='bbox 1139 4879 1376 4948; x_wconf 88' lang='lat' dir='ltr'><strong>suspiria</strong></span> <span class='ocrx_word' id='word_1_700' title='bbox 1404 4919 1418 4946; x_wconf 89' lang='lat'><strong>,</strong></span> <span class='ocrx_word' id='word_1_701' title='bbox 1475 4895 1580 4936; x_wconf 87' lang='lat' dir='ltr'><strong>nec</strong></span> <span class='ocrx_word' id='word_1_702' title='bbox 1645 4882 1866 4937; x_wconf 90' lang='lat' dir='ltr'><strong>ullusin</strong></span> <span class='ocrx_word' id='word_1_703' title='bbox 1911 4898 2008 4939; x_wconf 91' lang='lat' dir='ltr'><strong>eos</strong></span> 
     </span>
    </p>
   </div>
   <div class='ocr_carea' id='block_1_99' title="bbox 432 4967 2008 5042">
    <p class='ocr_par' dir='ltr' id='par_1_99' title="bbox 432 4967 2008 5042">
     <span class='ocr_line' id='line_1_99' title="bbox 432 4967 2008 5042; baseline 0.006 -21"><span class='ocrx_word' id='word_1_704' title='bbox 432 4967 788 5023; x_wconf 83' lang='lat' dir='ltr'><strong>miseratione</strong></span> <span class='ocrx_word' id='word_1_705' title='bbox 816 4978 1091 5040; x_wconf 87' lang='lat' dir='ltr'><strong>tangetur,</strong></span> <span class='ocrx_word' id='word_1_706' title='bbox 1132 4979 1226 5024; x_wconf 88' lang='lat' dir='ltr'><strong>aut</strong></span> <span class='ocrx_word' id='word_1_707' title='bbox 1265 4971 1424 5027; x_wconf 88' lang='lat' dir='ltr'><strong>malis</strong></span> <span class='ocrx_word' id='word_1_708' title='bbox 1446 4973 1689 5042; x_wconf 88' lang='lat' dir='ltr'><strong>eripiet?</strong></span> <span class='ocrx_word' id='word_1_709' title='bbox 1720 4973 2008 5040; x_wconf 90' lang='lat' dir='ltr'><strong>Quomodo</strong></span> 
     </span>
    </p>
   </div>
   <div class='ocr_carea' id='block_1_100' title="bbox 429 5059 2007 5137">
    <p class='ocr_par' dir='ltr' id='par_1_100' title="bbox 429 5059 2007 5137">
     <span class='ocr_line' id='line_1_100' title="bbox 429 5059 2007 5137; baseline 0.007 -26"><span class='ocrx_word' id='word_1_710' title='bbox 429 5071 487 5111; x_wconf 87' lang='lat' dir='ltr'><strong>se</strong></span> <span class='ocrx_word' id='word_1_711' title='bbox 520 5066 650 5114; x_wconf 89' lang='lat' dir='ltr'><strong>tunc</strong></span> <span class='ocrx_word' id='word_1_712' title='bbox 689 5059 1042 5131; x_wconf 87' lang='lat' dir='ltr'><strong>deplangcnt,</strong></span> <span class='ocrx_word' id='word_1_713' title='bbox 1077 5059 1326 5118; x_wconf 88' lang='lat' dir='ltr'><strong>dicentes</strong></span> <span class='ocrx_word' id='word_1_714' title='bbox 1357 5082 1370 5117; x_wconf 90' lang='lat'><strong>:</strong></span> <span class='ocrx_word' id='word_1_715' title='bbox 1397 5065 1488 5120; x_wconf 75' lang='lat' dir='ltr'><strong>Vae</strong></span> <span class='ocrx_word' id='word_1_716' title='bbox 1512 5105 1526 5129; x_wconf 89' lang='lat'><strong>,</strong></span> <span class='ocrx_word' id='word_1_717' title='bbox 1562 5081 1665 5129; x_wconf 63' lang='lat' dir='ltr'><strong>vas,</strong></span> <span class='ocrx_word' id='word_1_718' title='bbox 1719 5066 1823 5137; x_wconf 93' lang='lat' dir='ltr'><strong>ipsi</strong></span> <span class='ocrx_word' id='word_1_719' title='bbox 1847 5067 2007 5122; x_wconf 89' lang='lat' dir='ltr'><strong>nobis</strong></span> 
     </span>
    </p>
   </div>
   <div class='ocr_carea' id='block_1_101' title="bbox 430 5149 2007 5226">
    <p class='ocr_par' dir='ltr' id='par_1_101' title="bbox 430 5149 2007 5226">
     <span class='ocr_line' id='line_1_101' title="bbox 430 5149 2007 5226; baseline 0.008 -24"><span class='ocrx_word' id='word_1_720' title='bbox 430 5149 752 5207; x_wconf 89' lang='lat' dir='ltr'><strong>illusimus?</strong></span> <span class='ocrx_word' id='word_1_721' title='bbox 788 5149 928 5207; x_wconf 77' lang='lat' dir='ltr'><strong>Vere</strong></span> <span class='ocrx_word' id='word_1_722' title='bbox 960 5153 1059 5223; x_wconf 81' lang='lat' dir='ltr'><strong>ipsi</strong></span> <span class='ocrx_word' id='word_1_723' title='bbox 1106 5170 1208 5208; x_wconf 88' lang='lat' dir='ltr'><strong>nos</strong></span> <span class='ocrx_word' id='word_1_724' title='bbox 1228 5153 1572 5226; x_wconf 84' lang='lat' dir='ltr'><strong>decepimus.</strong></span> <span class='ocrx_word' id='word_1_725' title='bbox 1598 5156 1766 5214; x_wconf 88' lang='lat' dir='ltr'><strong>Plane</strong></span> <span class='ocrx_word' id='word_1_726' title='bbox 1794 5160 2007 5215; x_wconf 79' lang='lat' dir='ltr'><strong>erravi-</strong></span> 
     </span>
    </p>
   </div>
   <div class='ocr_carea' id='block_1_102' title="bbox 429 5244 2004 5320">
    <p class='ocr_par' dir='ltr' id='par_1_102' title="bbox 429 5244 2004 5320">
     <span class='ocr_line' id='line_1_102' title="bbox 429 5244 2004 5320; baseline 0.008 -27"><span class='ocrx_word' id='word_1_727' title='bbox 429 5255 552 5295; x_wconf 81' lang='lat' dir='ltr'><strong>mus</strong></span> <span class='ocrx_word' id='word_1_728' title='bbox 606 5257 799 5297; x_wconf 89' lang='lat' dir='ltr'><strong>errore</strong></span> <span class='ocrx_word' id='word_1_729' title='bbox 867 5244 1192 5314; x_wconf 85' lang='lat' dir='ltr'><strong>gravissimo</strong></span> <span class='ocrx_word' id='word_1_730' title='bbox 1244 5261 1308 5302; x_wconf 91' lang='lat' dir='ltr'><strong>ac</strong></span> <span class='ocrx_word' id='word_1_731' title='bbox 1353 5258 1579 5304; x_wconf 67' lang='lat' dir='ltr'><strong>aeterno.</strong></span> <span class='ocrx_word' id='word_1_732' title='bbox 1637 5249 2004 5320; x_wconf 89' lang='lat' dir='ltr'><strong>Docebamur,</strong></span> 
     </span>
    </p>
   </div>
   <div class='ocr_carea' id='block_1_103' title="bbox 427 5335 2004 5409">
    <p class='ocr_par' dir='ltr' id='par_1_103' title="bbox 427 5335 2004 5409">
     <span class='ocr_line' id='line_1_103' title="bbox 427 5335 2004 5409; baseline 0.006 -21"><span class='ocrx_word' id='word_1_733' title='bbox 427 5350 532 5389; x_wconf 88' lang='lat' dir='ltr'><strong>nec</strong></span> <span class='ocrx_word' id='word_1_734' title='bbox 596 5335 842 5390; x_wconf 78' lang='lat' dir='ltr'><strong>animum</strong></span> <span class='ocrx_word' id='word_1_735' title='bbox 895 5336 1338 5394; x_wconf 85' lang='lat' dir='ltr'><strong>attendebamus.</strong></span> <span class='ocrx_word' id='word_1_736' title='bbox 1391 5340 1881 5409; x_wconf 82' lang='lat' dir='ltr'><strong>Admonebamur,</strong></span> <span class='ocrx_word' id='word_1_737' title='bbox 1939 5349 2004 5398; x_wconf 85' lang='lat' dir='ltr'><strong>ac</strong></span> 
     </span>
    </p>
   </div>
   <div class='ocr_carea' id='block_1_104' title="bbox 427 5429 2001 5498">
    <p class='ocr_par' dir='ltr' id='par_1_104' title="bbox 427 5429 2001 5498">
     <span class='ocr_line' id='line_1_104' title="bbox 427 5429 2001 5498; baseline 0.007 -17"><span class='ocrx_word' id='word_1_738' title='bbox 427 5429 843 5496; x_wconf 64' lang='lat' dir='ltr'><strong>spcrneb‘amus.</strong></span> <span class='ocrx_word' id='word_1_739' title='bbox 875 5430 1340 5488; x_wconf 85' lang='lat' dir='ltr'><strong>Contestabantur</strong></span> <span class='ocrx_word' id='word_1_740' title='bbox 1373 5435 1552 5498; x_wconf 86' lang='lat' dir='ltr'><strong>nobis,</strong></span> <span class='ocrx_word' id='word_1_741' title='bbox 1588 5449 1689 5490; x_wconf 88' lang='lat' dir='ltr'><strong>nec</strong></span> <span class='ocrx_word' id='word_1_742' title='bbox 1711 5436 1871 5492; x_wconf 80' lang='lat' dir='ltr'><strong>fidem</strong></span> <span class='ocrx_word' id='word_1_743' title='bbox 1902 5438 2001 5492; x_wconf 86' lang='lat' dir='ltr'><strong>ha-</strong></span> 
     </span>
    </p>
   </div>
   <div class='ocr_carea' id='block_1_105' title="bbox 425 5515 2004 5598">
    <p class='ocr_par' dir='ltr' id='par_1_105' title="bbox 425 5515 2004 5598">
     <span class='ocr_line' id='line_1_105' title="bbox 425 5515 2004 5598; baseline 0.009 -28"><span class='ocrx_word' id='word_1_744' title='bbox 425 5515 711 5574; x_wconf 71' lang='lat' dir='ltr'><strong>bebamus.</strong></span> <span class='ocrx_word' id='word_1_745' title='bbox 752 5520 1066 5591; x_wconf 86' lang='lat' dir='ltr'><strong>Scripturas</strong></span> <span class='ocrx_word' id='word_1_746' title='bbox 1108 5525 1399 5581; x_wconf 86' lang='lat' dir='ltr'><strong>audientes</strong></span> <span class='ocrx_word' id='word_1_747' title='bbox 1425 5567 1439 5593; x_wconf 91' lang='lat'><strong>,</strong></span> <span class='ocrx_word' id='word_1_748' title='bbox 1500 5527 1640 5582; x_wconf 90' lang='lat' dir='ltr'><strong>male</strong></span> <span class='ocrx_word' id='word_1_749' title='bbox 1683 5531 2004 5598; x_wconf 79' lang='lat' dir='ltr'><strong>exponeba-</strong></span> 
     </span>
    </p>
   </div>
   <div class='ocr_carea' id='block_1_106' title="bbox 428 5610 2000 5690">
    <p class='ocr_par' dir='ltr' id='par_1_106' title="bbox 428 5610 2000 5690">
     <span class='ocr_line' id='line_1_106' title="bbox 428 5610 2000 5690; baseline 0.011 -30"><span class='ocrx_word' id='word_1_750' title='bbox 428 5624 570 5662; x_wconf 84' lang='lat' dir='ltr'><strong>mus.</strong></span> <span class='ocrx_word' id='word_1_751' title='bbox 601 5610 818 5665; x_wconf 78' lang='lat' dir='ltr'><strong>Juslum</strong></span> <span class='ocrx_word' id='word_1_752' title='bbox 844 5613 940 5667; x_wconf 83' lang='lat' dir='ltr'><strong>Dei</strong></span> <span class='ocrx_word' id='word_1_753' title='bbox 965 5614 1256 5683; x_wconf 84' lang='lat' dir='ltr'><strong>judicium.</strong></span> <span class='ocrx_word' id='word_1_754' title='bbox 1292 5617 1463 5690; x_wconf 58' lang='grc' dir='ltr'><strong>ωεηο</strong></span> <span class='ocrx_word' id='word_1_755' title='bbox 1495 5635 1686 5674; x_wconf 80' lang='lat' dir='ltr'><strong>revera</strong></span> <span class='ocrx_word' id='word_1_756' title='bbox 1717 5620 2000 5689; x_wconf 87' lang='lat' dir='ltr'><strong>punimur.</strong></span> 
     </span>
    </p>
   </div>
   <div class='ocr_carea' id='block_1_107' title="bbox 502 5721 988 5793">
    <p class='ocr_par' dir='ltr' id='par_1_107' title="bbox 502 5721 988 5793">
     <span class='ocr_line' id='line_1_107' title="bbox 502 5721 988 5793; baseline 0.004 -15"><span class='ocrx_word' id='word_1_757' title='bbox 502 5721 545 5752; x_wconf 74' lang='lat'>“</span> <span class='ocrx_word' id='word_1_758' title='bbox 577 5723 744 5779; x_wconf 83' lang='lat' dir='ltr'><strong>lCor.</strong></span> <span class='ocrx_word' id='word_1_759' title='bbox 783 5742 868 5793; x_wconf 79' lang='lat' dir='ltr'><strong>xv,</strong></span> <span class='ocrx_word' id='word_1_760' title='bbox 897 5727 988 5781; x_wconf 75' lang='lat'><strong>5‘2.</strong></span> 
     </span>
    </p>
   </div>
   <div class='ocr_carea' id='block_1_108' title="bbox 2197 4523 2282 4585">
    <p class='ocr_par' dir='ltr' id='par_1_108' title="bbox 2197 4523 2282 4585">
     <span class='ocr_line' id='line_1_108' title="bbox 2197 4523 2282 4585; baseline 0.012 -11"><span class='ocrx_word' id='word_1_761' title='bbox 2197 4523 2282 4585; x_wconf 82' lang='grc' dir='ltr'><strong>ἇς.</strong></span> 
     </span>
    </p>
   </div>
   <div class='ocr_carea' id='block_1_109' title="bbox 2114 4523 3694 4682">
    <p class='ocr_par' dir='ltr' id='par_1_109' title="bbox 2114 4523 3694 4682">
     <span class='ocr_line' id='line_1_109' title="bbox 2114 4523 3694 4682; baseline -0.004 -16"><span class='ocrx_word' id='word_1_762' title='bbox 2114 4523 2368 4682; x_wconf 39' lang='lat' dir='ltr'><strong>Maian,</strong></span> <span class='ocrx_word' id='word_1_763' title='bbox 2404 4610 2644 4681; x_wconf 72' lang='grc' dir='ltr'>ἀδελφοὶ,</span> <span class='ocrx_word' id='word_1_764' title='bbox 2687 4609 2802 4674; x_wconf 85' lang='grc' dir='ltr'><strong>πῶς</strong></span> <span class='ocrx_word' id='word_1_765' title='bbox 2830 4611 2953 4664; x_wconf 88' lang='grc' dir='ltr'>τότε</span> <span class='ocrx_word' id='word_1_766' title='bbox 2983 4610 3270 4682; x_wconf 77' lang='grc' dir='ltr'>μέλλουσιν</span> <span class='ocrx_word' id='word_1_767' title='bbox 3300 4607 3694 4680; x_wconf 77' lang='grc' dir='ltr'>ἀποδύρεσθαι,</span> 
     </span>
    </p>
   </div>
   <div class='ocr_carea' id='block_1_110' title="bbox 2113 4699 3698 4773">
    <p class='ocr_par' dir='ltr' id='par_1_110' title="bbox 2113 4699 3698 4773">
     <span class='ocr_line' id='line_1_110' title="bbox 2113 4699 3698 4773; baseline -0.004 -17"><span class='ocrx_word' id='word_1_768' title='bbox 2113 4705 2160 4756; x_wconf 82' lang='grc' dir='ltr'>οἱ</span> <span class='ocrx_word' id='word_1_769' title='bbox 2189 4703 2255 4756; x_wconf 78' lang='grc' dir='ltr'><strong>τὰ</strong></span> <span class='ocrx_word' id='word_1_770' title='bbox 2287 4701 2660 4773; x_wconf 82' lang='grc' dir='ltr'>προειρημένα</span> <span class='ocrx_word' id='word_1_771' title='bbox 2689 4700 2956 4766; x_wconf 80' lang='grc' dir='ltr'>εἰπόντες,</span> <span class='ocrx_word' id='word_1_772' title='bbox 3009 4702 3104 4754; x_wconf 69' lang='grc' dir='ltr'>καὶ</span> <span class='ocrx_word' id='word_1_773' title='bbox 3164 4701 3491 4772; x_wconf 83' lang='grc' dir='ltr'>ποιήσαντες</span> <span class='ocrx_word' id='word_1_774' title='bbox 3519 4715 3534 4764; x_wconf 90' lang='lat'><strong>;</strong></span> <span class='ocrx_word' id='word_1_775' title='bbox 3565 4699 3698 4761; x_wconf 87' lang='grc' dir='ltr'><strong>Πῶς</strong></span> 
     </span>
    </p>
   </div>
   <div class='ocr_carea' id='block_1_111' title="bbox 2113 4791 3698 4864">
    <p class='ocr_par' dir='ltr' id='par_1_111' title="bbox 2113 4791 3698 4864">
     <span class='ocr_line' id='line_1_111' title="bbox 2113 4791 3698 4864; baseline -0.003 -15"><span class='ocrx_word' id='word_1_776' title='bbox 2113 4795 2234 4850; x_wconf 86' lang='grc' dir='ltr'>τότε</span> <span class='ocrx_word' id='word_1_777' title='bbox 2263 4795 2538 4864; x_wconf 75' lang='grc' dir='ltr'>κόψονται,</span> <span class='ocrx_word' id='word_1_778' title='bbox 2571 4793 2665 4846; x_wconf 77' lang='grc' dir='ltr'>καὶ</span> <span class='ocrx_word' id='word_1_779' title='bbox 2696 4793 2796 4846; x_wconf 76' lang='grc' dir='ltr'>οὐκ</span> <span class='ocrx_word' id='word_1_780' title='bbox 2824 4791 2975 4846; x_wconf 76' lang='grc' dir='ltr'>ἔσται</span> <span class='ocrx_word' id='word_1_781' title='bbox 3003 4793 3029 4846; x_wconf 77' lang='lat'><strong>6</strong></span> <span class='ocrx_word' id='word_1_782' title='bbox 3061 4792 3224 4846; x_wconf 77' lang='grc' dir='ltr'>ἐλεῶν</span> <span class='ocrx_word' id='word_1_783' title='bbox 3252 4792 3483 4856; x_wconf 68' lang='grc' dir='ltr'>αὐτούςς</span> <span class='ocrx_word' id='word_1_784' title='bbox 3541 4792 3698 4845; x_wconf 86' lang='grc' dir='ltr'>Πόσα</span> 
     </span>
    </p>
   </div>
   <div class='ocr_carea' id='block_1_112' title="bbox 2117 4881 3694 4954">
    <p class='ocr_par' dir='ltr' id='par_1_112' title="bbox 2117 4881 3694 4954">
     <span class='ocr_line' id='line_1_112' title="bbox 2117 4881 3694 4954; baseline -0.004 -14"><span class='ocrx_word' id='word_1_785' title='bbox 2117 4885 2484 4952; x_wconf 77' lang='grc' dir='ltr'>στενὰξουσιν,</span> <span class='ocrx_word' id='word_1_786' title='bbox 2519 4885 2610 4938; x_wconf 70' lang='grc' dir='ltr'>καὶ</span> <span class='ocrx_word' id='word_1_787' title='bbox 2635 4884 2735 4938; x_wconf 68' lang='grc' dir='ltr'>οὒκ</span> <span class='ocrx_word' id='word_1_788' title='bbox 2763 4884 2914 4938; x_wconf 77' lang='grc' dir='ltr'>ἔστιν</span> <span class='ocrx_word' id='word_1_789' title='bbox 2951 4887 2978 4938; x_wconf 89' lang='grc' dir='ltr'>ὀ</span> <span class='ocrx_word' id='word_1_790' title='bbox 3006 4883 3270 4954; x_wconf 84' lang='grc' dir='ltr'>οἱκτέρων</span> <span class='ocrx_word' id='word_1_791' title='bbox 3298 4883 3518 4947; x_wconf 73' lang='grc' dir='ltr'>αὐτοὺς,</span> <span class='ocrx_word' id='word_1_792' title='bbox 3564 4881 3694 4935; x_wconf 75' lang='grc' dir='ltr'>οὐδὲ</span> 
     </span>
    </p>
   </div>
   <div class='ocr_carea' id='block_1_113' title="bbox 2113 4974 3694 5049">
    <p class='ocr_par' dir='ltr' id='par_1_113' title="bbox 2113 4974 3694 5049">
     <span class='ocr_line' id='line_1_113' title="bbox 2113 4974 3694 5049; baseline -0.004 -18"><span class='ocrx_word' id='word_1_793' title='bbox 2113 4979 2142 5031; x_wconf 86' lang='lat'><strong>6</strong></span> <span class='ocrx_word' id='word_1_794' title='bbox 2168 4979 2531 5049; x_wconf 86' lang='grc' dir='ltr'>λυτρούμενος</span> <span class='ocrx_word' id='word_1_795' title='bbox 2556 4994 2570 5045; x_wconf 87' lang='lat'>;</span> <span class='ocrx_word' id='word_1_796' title='bbox 2604 4977 2729 5041; x_wconf 87' lang='grc' dir='ltr'><strong>Πῶς</strong></span> <span class='ocrx_word' id='word_1_797' title='bbox 2748 4978 2865 5030; x_wconf 89' lang='grc' dir='ltr'>τότε</span> <span class='ocrx_word' id='word_1_798' title='bbox 2898 4975 3123 5039; x_wconf 77' lang='grc' dir='ltr'>ἑαυτοὺς</span> <span class='ocrx_word' id='word_1_799' title='bbox 3145 4974 3583 5036; x_wconf 83' lang='grc' dir='ltr'>κατακόπτοντες</span> <span class='ocrx_word' id='word_1_800' title='bbox 3607 4974 3694 5026; x_wconf 79' lang='grc' dir='ltr'><strong>εἶ-</strong></span> 
     </span>
    </p>
   </div>
   <div class='ocr_carea' id='block_1_114' title="bbox 2115 5063 3698 5139">
    <p class='ocr_par' dir='ltr' id='par_1_114' title="bbox 2115 5063 3698 5139">
     <span class='ocr_line' id='line_1_114' title="bbox 2115 5063 3698 5139; baseline -0.004 -15"><span class='ocrx_word' id='word_1_801' title='bbox 2115 5084 2310 5124; x_wconf 87' lang='grc' dir='ltr'>πωσιν·</span> <span class='ocrx_word' id='word_1_802' title='bbox 2349 5070 2510 5134; x_wconf 78' lang='grc' dir='ltr'>Ούαὶ,</span> <span class='ocrx_word' id='word_1_803' title='bbox 2552 5069 2694 5134; x_wconf 71' lang='grc' dir='ltr'>οὐαὶ,</span> <span class='ocrx_word' id='word_1_804' title='bbox 2733 5070 2958 5132; x_wconf 74' lang='grc' dir='ltr'>ἑαυτοὺς</span> <span class='ocrx_word' id='word_1_805' title='bbox 3010 5067 3403 5139; x_wconf 79' lang='grc' dir='ltr'>ἐχλευάααμεν.</span> <span class='ocrx_word' id='word_1_806' title='bbox 3447 5063 3698 5134; x_wconf 73' lang='grc' dir='ltr'>’Λληθῶς</span> 
     </span>
    </p>
   </div>
   <div class='ocr_carea' id='block_1_115' title="bbox 2117 5153 3698 5232">
    <p class='ocr_par' dir='ltr' id='par_1_115' title="bbox 2117 5153 3698 5232">
     <span class='ocr_line' id='line_1_115' title="bbox 2117 5153 3698 5232; baseline -0.007 -17"><span class='ocrx_word' id='word_1_807' title='bbox 2117 5161 2342 5226; x_wconf 73' lang='grc' dir='ltr'>ἑαυτοὺς</span> <span class='ocrx_word' id='word_1_808' title='bbox 2374 5161 2754 5232; x_wconf 73' lang='grc' dir='ltr'>ὴπατήταμεν.</span> <span class='ocrx_word' id='word_1_809' title='bbox 2790 5160 2997 5222; x_wconf 81' lang='grc' dir='ltr'>Ὄντως</span> <span class='ocrx_word' id='word_1_810' title='bbox 3030 5157 3412 5228; x_wconf 78' lang='grc' dir='ltr'>ὲπλανήθημεν</span> <span class='ocrx_word' id='word_1_811' title='bbox 3477 5153 3698 5224; x_wconf 75' lang='grc' dir='ltr'>πλάνην</span> 
     </span>
    </p>
   </div>
   <div class='ocr_carea' id='block_1_116' title="bbox 2113 5245 3698 5325">
    <p class='ocr_par' dir='ltr' id='par_1_116' title="bbox 2113 5245 3698 5325">
     <span class='ocr_line' id='line_1_116' title="bbox 2113 5245 3698 5325; baseline -0.006 -19"><span class='ocrx_word' id='word_1_812' title='bbox 2113 5253 2373 5325; x_wconf 80' lang='grc' dir='ltr'>χαλεπὴν,</span> <span class='ocrx_word' id='word_1_813' title='bbox 2407 5252 2501 5306; x_wconf 62' lang='grc' dir='ltr'>καλ.</span> <span class='ocrx_word' id='word_1_814' title='bbox 2530 5251 2766 5305; x_wconf 77' lang='grc' dir='ltr'>αἰώνιον.</span> <span class='ocrx_word' id='word_1_815' title='bbox 2805 5248 3246 5321; x_wconf 81' lang='grc' dir='ltr'>Ἐδιδασκόμεθα,</span> <span class='ocrx_word' id='word_1_816' title='bbox 3273 5246 3368 5302; x_wconf 79' lang='grc' dir='ltr'>καὶ</span> <span class='ocrx_word' id='word_1_817' title='bbox 3405 5245 3466 5299; x_wconf 73' lang='grc' dir='ltr'>οὐ</span> <span class='ocrx_word' id='word_1_818' title='bbox 3517 5259 3698 5313; x_wconf 80' lang='grc' dir='ltr'>προσ·</span> 
     </span>
    </p>
   </div>
   <div class='ocr_carea' id='block_1_117' title="bbox 2111 5336 3698 5416">
    <p class='ocr_par' dir='ltr' id='par_1_117' title="bbox 2111 5336 3698 5416">
     <span class='ocr_line' id='line_1_117' title="bbox 2111 5336 3698 5416; baseline -0.008 -18"><span class='ocrx_word' id='word_1_819' title='bbox 2111 5345 2348 5416; x_wconf 77' lang='grc' dir='ltr'>είχομεν.</span> <span class='ocrx_word' id='word_1_820' title='bbox 2409 5343 2886 5414; x_wconf 82' lang='grc' dir='ltr'>Ἐνουθετούμεθα,</span> <span class='ocrx_word' id='word_1_821' title='bbox 2950 5343 3044 5395; x_wconf 63' lang='grc' dir='ltr'><strong>καλ⁹</strong></span> <span class='ocrx_word' id='word_1_822' title='bbox 3093 5337 3552 5410; x_wconf 73' lang='grc' dir='ltr'>κατεφρονοῦμεν.</span> <span class='ocrx_word' id='word_1_823' title='bbox 3603 5336 3698 5387; x_wconf 65' lang='grc' dir='ltr'><strong>Δις</strong></span> 
     </span>
    </p>
   </div>
   <div class='ocr_carea' id='block_1_118' title="bbox 2111 5426 3700 5507">
    <p class='ocr_par' dir='ltr' id='par_1_118' title="bbox 2111 5426 3700 5507">
     <span class='ocr_line' id='line_1_118' title="bbox 2111 5426 3700 5507; baseline -0.006 -18"><span class='ocrx_word' id='word_1_824' title='bbox 2111 5435 2491 5507; x_wconf 85' lang='grc' dir='ltr'>εμαρτύραντο</span> <span class='ocrx_word' id='word_1_825' title='bbox 2520 5437 2671 5507; x_wconf 76' lang='grc' dir='ltr'>ἡμῖν,</span> <span class='ocrx_word' id='word_1_826' title='bbox 2730 5436 2822 5489; x_wconf 73' lang='grc' dir='ltr'>καὶ</span> <span class='ocrx_word' id='word_1_827' title='bbox 2851 5437 2950 5489; x_wconf 82' lang='grc' dir='ltr'>οὐκ</span> <span class='ocrx_word' id='word_1_828' title='bbox 2979 5433 3356 5502; x_wconf 80' lang='grc' dir='ltr'>ἐπιστεύομεν.</span> <span class='ocrx_word' id='word_1_829' title='bbox 3389 5429 3512 5484; x_wconf 90' lang='grc' dir='ltr'>Τῶν</span> <span class='ocrx_word' id='word_1_830' title='bbox 3549 5426 3700 5498; x_wconf 83' lang='grc' dir='ltr'>Γρα-</span> 
     </span>
    </p>
   </div>
   <div class='ocr_carea' id='block_1_119' title="bbox 2115 5519 3692 5599">
    <p class='ocr_par' dir='ltr' id='par_1_119' title="bbox 2115 5519 3692 5599">
     <span class='ocr_line' id='line_1_119' title="bbox 2115 5519 3692 5599; baseline -0.006 -18"><span class='ocrx_word' id='word_1_831' title='bbox 2115 5529 2230 5597; x_wconf 73' lang='grc' dir='ltr'><strong>φῶν</strong></span> <span class='ocrx_word' id='word_1_832' title='bbox 2285 5527 2607 5593; x_wconf 87' lang='grc' dir='ltr'>ἀκούοντες,</span> <span class='ocrx_word' id='word_1_833' title='bbox 2658 5527 2860 5591; x_wconf 86' lang='grc' dir='ltr'>ταύτας</span> <span class='ocrx_word' id='word_1_834' title='bbox 2915 5524 3335 5599; x_wconf 82' lang='grc' dir='ltr'>παρηγούμεθα.</span> <span class='ocrx_word' id='word_1_835' title='bbox 3404 5520 3604 5575; x_wconf 72' lang='grc' dir='ltr'>Δικαία</span> <span class='ocrx_word' id='word_1_836' title='bbox 3655 5519 3692 5589; x_wconf 74' lang='grc' dir='ltr'><strong>ὴ</strong></span> 
     </span>
    </p>
   </div>
   <div class='ocr_carea' id='block_1_120' title="bbox 2115 5610 3688 5692">
    <p class='ocr_par' dir='ltr' id='par_1_120' title="bbox 2115 5610 3688 5692">
     <span class='ocr_line' id='line_1_120' title="bbox 2115 5610 3688 5692; baseline -0.007 -18"><span class='ocrx_word' id='word_1_837' title='bbox 2115 5639 2292 5692; x_wconf 74' lang='grc' dir='ltr'>κριτις</span> <span class='ocrx_word' id='word_1_838' title='bbox 2371 5620 2465 5674; x_wconf 91' lang='grc' dir='ltr'><strong>τοῦ</strong></span> <span class='ocrx_word' id='word_1_839' title='bbox 2531 5619 2686 5676; x_wconf 89' lang='grc' dir='ltr'>Θεοῦ.</span> <span class='ocrx_word' id='word_1_840' title='bbox 2791 5621 2995 5685; x_wconf 68' lang='lat' dir='ltr'><strong>&quot;Ome,</strong></span> <span class='ocrx_word' id='word_1_841' title='bbox 3066 5617 3234 5684; x_wconf 74' lang='grc' dir='ltr'>ἀξίως</span> <span class='ocrx_word' id='word_1_842' title='bbox 3319 5610 3688 5683; x_wconf 76' lang='grc' dir='ltr'>κολαζόμεθα.</span> 
     </span>
    </p>
   </div>
  </div>
