4038 6208
405 276 545 343 I557

1524 286 1621 350 DE
1661 290 1977 355 PERSICA
2014 292 2532 357 CAPTIVITATE.

3511 293 3652 359 3258

422 394 658 469 ’Δληθῶς
745 396 1059 471 πρεπόντως
1139 392 1215 455 ὧν
1241 400 1557 474 ἐπράξαμεν
1660 405 1971 477 ἀπολαμϐά-

2088 407 2228 464 Vere
2272 407 2467 462 merito
2502 421 2602 477 pro
2633 419 2825 461 eorum
2854 421 2978 478 qute
3023 404 3402 464 commisimus
3443 408 3654 466 ratione

408 507 593 561 νομεν.

480 580 639 649 Οὐαὶ,
678 581 818 648 οὐαὶ,
844 580 931 636 διά
960 584 1294 657 πρόσκαιρον
1321 587 1418 655 τῆς
1449 589 1649 659 σαρκὸς
1669 591 1865 665 ἡδονὴν
1881 595 1983 667 τὴν

412 675 685 747 ῥυπαρὰν,
728 676 835 729 ίδοῦ
860 675 1104 729 ἀθάνατα
1135 676 1573 749 βασανιζόμεθαί
1609 684 1820 755 Μικρὸν
1853 687 1981 759 χρό-

409 787 499 823 νον
536 769 610 839 μὴ
634 768 1053 835 σπουδάσαντες,
1084 771 1132 823 οἱ
1164 770 1443 836 τάλαντες,
1468 773 1680 840 ἑαυτοῖς
1712 777 1810 849 τὴν
1870 796 1982 832 σω-

408 861 605 930 τηρίαν
656 861 1087 931 ἀπεκλείσαμεν.
1141 861 1241 915 Διά
1301 862 1633 937 πρόσκαιρον
1668 867 1847 933 δόξαν,
1882 870 1983 940 τῆς

410 952 641 1021 ἀληθοῦς
693 953 863 1017 ὅντως
905 953 1064 1025 δόξης
1131 954 1487 1027 ὲξεπέσαμεν.
1537 957 1636 1013 Διά
1697 959 1856 1030 σῶμα
1888 963 1982 1013 καὶ

410 1045 715 1114 ἀκάθαρτον
743 1044 975 1117 τρυφὴν,
1002 1045 1103 1115 τῆς
1118 1045 1213 1099 τοῦ
1241 1048 1572 1118 παραδείσου
1596 1050 1810 1121 τρυφῆς
1828 1052 1982 1104 ἐστε-

413 1136 680 1207 ρήθημεν.
720 1136 820 1190 Διά
861 1136 1092 1196 πλοῦτον
1150 1137 1401 1208 μάταιον,
1456 1139 1551 1192 τοῦ
1600 1140 1834 1195 πλούτου
1882 1141 1983 1209 τῆς

413 1228 691 1299 βασιλείας
751 1227 1117 1299 ἀπετύχομεν.
1162 1228 1351 1300 Ἐντῷ
1400 1231 1615 1301 ματαίῳ
1635 1230 1791 1285 αἰῶνι
1821 1233 1982 1302 ἡμεῖς

411 1318 828 1390 ἀπελαύσαμεν·
859 1319 973 1374 ἀλλ’
1006 1322 1066 1374 ὲν
1112 1319 1307 1389 τούτῳ,
1335 1321 1385 1375 oi
1442 1322 1516 1393 μὴ
1553 1322 1979 1389 ἀπολαύσαντες,

412 1410 813 1481 εὐφραίνονται.
850 1410 965 1464 Νῦν
992 1411 1038 1464 οἱ
1076 1409 1473 1481 νηστεύσαντες
1510 1410 1812 1481 τρυφῶσιν.
1865 1409 1981 1463 Νῦν

411 1502 460 1555 οι
482 1502 646 1569 ἀγνδν
675 1501 771 1555 καὶ
801 1500 1026 1557 ἄσπιλον
1053 1502 1151 1556 καὶ¹
1185 1503 1483 1573 ἀμὸλυντον
1510 1502 1571 1557 τὸ
1616 1503 1773 1572 σῶμα
1815 1502 1985 1571 φυλά-

413 1591 622 1657 ξαντες,
646 1593 727 1655 είς
748 1591 837 1647 τὸν
862 1591 1115 1663 οὐράνιον
1143 1591 1410 1662 νυμφῶνα
1456 1591 1773 1663 χορεύοντες
1800 1591 1980 1661 εἰσέρ-

412 1699 616 1752 χονται.
647 1679 762 1733 Νῦν
799 1682 845 1734 οί
877 1680 1211 1743 κλαύσαντες
1240 1679 1596 1749 ἀγάλλονται·
1633 1680 1683 1733 οἱ
1706 1695 1981 1751 καταφρο-

2084 513 2405 569 reeiptmus.

2151 592 2276 646 Vae!
2304 593 2417 645 vae!
2454 590 2525 645 ob
2557 601 2987 660 temporaneam,
3009 591 3291 646 sordidam
3321 592 3503 648 carnis
3531 592 3659 648 libi-

2083 683 2290 748 dinem,
2316 699 2385 739 en
2414 692 2680 739 aeternum
2720 684 3069 739 cruciamur!
3114 685 3270 750 Quod
3318 685 3471 740 brevi
3519 696 3658 742 tem-

2082 791 2216 846 pore
2247 791 2469 846 operam
2508 776 2695 830 miseri
2720 791 2834 831 non
2861 777 3207 839 navavimus,
3235 779 3467 833 salutem
3497 777 3657 831 nobis

2082 867 2439 922 exclusimus.
2489 865 2571 921 Ob
2605 875 3014 937 temporaneam
3067 868 3295 940 gloriam
3323 884 3455 923 vera
3499 870 3660 938 plane

2082 960 2257 1030 gloria
2312 957 2637 1014 excidimus.
2678 957 2759 1014 0b
2784 975 2987 1029 corpus
3027 975 3092 1014 ac
3132 961 3377 1029 impuras
3405 960 3660 1029 volupta-

2083 1056 2187 1114 tes,
2216 1046 2459 1118 paradisi
2488 1046 2705 1102 deliciis
2736 1047 2935 1117 privati
2960 1064 3170 1103 sumus.
3201 1049 3283 1103 0b
3310 1064 3476 1103 vanas
3514 1048 3658 1103 divi-

2083 1138 2210 1202 tias,
2271 1137 2426 1207 regni
2455 1152 2617 1206 opes,
2644 1137 2952 1192 amisimus.
2997 1138 3057 1192 In
3106 1152 3247 1192 vano
3276 1138 3476 1194 saeculo
3516 1138 3661 1193 bona

2081 1229 2434 1298 percepimus
2468 1245 2484 1282 :
2521 1238 2578 1283 at
2628 1228 2721 1298 qui
2758 1242 2869 1283 non
2898 1239 3292 1299 perceperunt,
3337 1229 3393 1283 in
3428 1229 3535 1283 isto
3566 1230 3662 1284 lae-

2082 1329 2291 1376 tantur.
2318 1320 2477 1375 Nunc
2503 1319 2597 1390 qui
2623 1321 2968 1391 jejunarunt,
3004 1321 3061 1375 in
3088 1322 3303 1376 deliciis
3334 1332 3484 1375 sunt.
3504 1322 3664 1375 Nunc

2081 1412 2177 1483 qui
2203 1420 2415 1467 castum
2449 1427 2514 1468 ac
2568 1412 2687 1467 sine
2721 1413 2934 1467 macula
2975 1413 3437 1482 impollutumque
3465 1427 3665 1481 corpus

2084 1513 2463 1570 servaverunt,
2498 1504 2555 1558 in
2588 1505 2871 1560 ccclestem
2897 1505 3197 1559 thalamum
3223 1505 3423 1559 choros
3443 1512 3667 1573 agentes

2084 1594 2490 1665 ingrediuntur.
2512 1594 2669 1650 Nunc
2687 1595 2988 1657 exsultant,
3023 1594 3079 1648 hi
3113 1596 3208 1663 qui
3241 1596 3541 1648 luxerunt:
3569 1594 3667 1663 qui

2085 1693 2540 1755 contempserunt
2562 1692 2806 1751 terrena,
2832 1685 3075 1741 caelestia
3117 1686 3416 1755 recipiunt.
3450 1685 3657 1741 Omnes

410 1774 672 1844 νήσαντες
700 1772 809 1827 τῶν
848 1772 1107 1841 ἐπιγείων
1151 1771 1597 1843 ἀπολαμὸἀνουσι
1638 1772 1706 1825 τὰ
1736 1772 1983 1843 ούράνια.

2088 1778 2396 1844 exsultant;
2452 1777 2554 1831 soli
2580 1792 2684 1831 nos
2733 1777 2920 1833 miseri
2972 1792 3072 1847 pro
3117 1776 3332 1832 meritis
3391 1784 3667 1831 tormento

414 1866 619 1929 Πάντες
644 1864 993 1935 ἀγάλλονται,
1027 1865 1180 1936 μόνοι
1208 1865 1265 1919 δὲ
1302 1866 1463 1937 ἡμεῖς
1488 1867 1536 1919 οἱ
1568 1864 1764 1929 ἄθλιοι,
1801 1867 1868 1935 τῇ
1897 1880 1988 1917 κο-

409 1956 566 2011 λάσει
594 1956 760 2024 ἀξίως
785 1956 1261 2027 κατεδικάσθημεν
1280 1974 1294 1988 ·
1327 1958 1420 2011 καὶ
1443 1956 1537 2010 νῦν
1561 1956 1859 2027 κράζομεν,
1890 1954 1986 2009 καὶ

409 2048 509 2101 οὐκ
541 2047 688 2100 ἐστιν
716 2047 745 2099 ό
772 2046 937 2100 ἐλεῶν
960 2062 974 2077 ·
1006 2047 1356 2117 στενάζομεν,
1392 2048 1486 2101 καὶ
1513 2048 1614 2101 ούκ
1643 2046 1791 2101 ἔστιν
1823 2047 1850 2099 ὁ
1880 2045 1987 2100 σώ-

411 2139 521 2203 ζων
543 2154 556 2170 ·
587 2139 882 2209 βρύχομεν,
906 2138 999 2192 καὶ
1011 2139 1187 2203 οὐδεὶς
1202 2140 1231 2192 ὁ
1251 2138 1637 2212 ἐξαιρούμενος
1655 2155 1670 2171 ·
1699 2140 1985 2209 κλαίομεν,

410 2229 506 2283 καὶ
534 2230 709 2293 οὐδεὶς
737 2232 766 2282 ό
787 2230 1142 2301 παρακαλῶν.

484 2322 601 2374 Ἵνα
631 2321 724 2375 οὖν
761 2321 857 2375 καὶ
881 2323 1040 2392 ἡμεῖς
1072 2322 1146 2393 μὴ
1178 2322 1296 2393 μετ’
1326 2322 1551 2376 ἐκείνων
1576 2325 1687 2376 τῶν
1735 2325 1984 2392 ἀφρόνων

412 2412 508 2466 καὶ
541 2411 809 2477 ἐλεεινῶν,
852 2412 921 2466 τὰ
973 2413 1197 2467 τοιαῦτα
1246 2415 1467 2484 ῥήματα
1507 2415 1569 2467 ὲν
1625 2413 1703 2483 τῷ
1738 2414 1985 2483 μέλλοντι

413 2504 569 2557 αίῶνι
598 2503 991 2574 μετανοοῦντες
1007 2505 1243 2576 ἀνόνητα
1263 2506 1525 2576 είπωμεν,
1545 2506 1722 2569 δεῦτε,
1741 2506 1987 2576 προφθά-

413 2610 592 2665 σωμεν
628 2593 692 2647 τὸ
737 2595 947 2647 ἑαυτῶν
1001 2595 1175 2659 τέλος.
1208 2596 1577 2667 Προλάόωμεν
1605 2596 1697 2651 τὸν
1733 2596 1984 2663 θάνατον,

416 2686 502 2742 ἵνα
538 2689 617 2767 μὴ
677 2687 1102 2759 προληφοῶμεν.
1157 2690 1468 2760 Δράμωμεν
1494 2690 1630 2762 πρὸς
1658 2691 1890 2762 Χριστὸν
1927 2691 1986 2745 ἐν

413 2780 524 2849 ὅσῳ
555 2782 614 2834 ὲν
642 2782 708 2849 τῇ
736 2778 876 2850 θύρᾳ
903 2778 1195 2844 καθέζεται
1241 2782 1369 2843 τοὺς
1401 2782 1797 2850 μετανοοῦντας
1838 2782 1988 2851 δεχόα

416 2888 596 2942 μενος.
636 2870 987 2938 Στενάξωμεν
1010 2888 1024 2901 ·
1065 2873 1514 2942 μετανοήσωμεν·
1552 2873 1984 2943 ὲξυπνισθῶμεν,

411 2961 623 3032 δέομαι,
649 2962 712 3014 ὲκ
736 2962 830 3014 τοῦ
856 2960 1023 3015 ῦπνου
1050 2961 1157 3014 τῶν
1181 2962 1420 3031 ἀνομιῶν
1450 2963 1630 3034 ἡμῶν.
1651 2963 1987 3033 ’Υψὼσωμεν

412 3052 511 3115 τὰς
542 3054 727 3123 χεῖρας
758 3051 914 3122 ἡμῶν
947 3054 1083 3124 πρὸς
1113 3053 1206 3107 τὸν
1237 3053 1409 3107 σῶσαι
1433 3053 1749 3125 δυνάμενον,
1786 3055 1883 3108 καὶ
1919 3056 1989 3108 εί-

414 3157 625 3213 πωμεν·
663 3142 865 3210 Κύριε,
891 3142 1121 3210 σῶσον,
1156 3145 1570 3215 ἀπολλύμεθα.
1609 3146 1787 3202 Μόνον
1817 3146 1986 3200 σπεύ-

416 3249 599 3302 σωμεν
639 3235 767 3303 πρὶν
799 3234 828 3286 ὁ
856 3232 1007 3305 ἥλιος
1035 3235 1169 3307 δύσῃ
1189 3252 1204 3267 ·
1235 3235 1366 3307 πρὶν
1396 3237 1429 3308 ἡ
1469 3236 1608 3309 θύρα
1630 3235 1985 3307 ἀποκλεισθῇ·

414 3326 521 3395 πρὸ
576 3325 671 3378 τοῦ
718 3326 821 3395 τὴν
874 3327 1184 3400 πανήγυριν
1222 3327 1489 3400 λυθῆναι·
1526 3329 1657 3402 πρὶν
1691 3330 1725 3399 ἡ
1756 3329 1854 3395 νὺξ
1889 3331 1989 3401 τῆς

413 3417 764 3482 ἀναστάσεως
808 3416 961 3489 ἔλθῃ,
1018 3419 1113 3473 καὶ
1143 3419 1320 3483 οὐδεὶς
1371 3419 1713 3491 ἐργάσασθαι
1740 3419 1987 3474 δύναται.

483 3594 575 3667 Μὴ
627 3595 989 3665 πλανηθῶμεν
1012 3611 1026 3626 ·
1051 3596 1152 3650 οὐκ
1183 3595 1331 3648 ἔστιν
1353 3598 1409 3649 ὲν
1441 3596 1539 3666 ᾄδῃ
1566 3594 1952 3666 ἐξομολόγησις
1972 3610 1987 3626 ⁶

412 3686 516 3739 ούκ
583 3684 731 3738 ἔστιν
778 3684 1107 3751 ἀνάκλησις·
1160 3684 1261 3737 οὐκ
1302 3682 1418 3737 ἔστι
1482 3684 1758 3752 μετάνοια.
1806 3680 1991 3734 Ταῦτα

414 3775 523 3829 τῶν
559 3775 853 3845 αἱρετικῶν
882 3775 948 3827 τά
968 3774 1234 3844 δόγματα.
1269 3774 1380 3845 Οὐχ
1408 3775 1624 3846 ὁρῶμεν
1662 3776 1789 3838 τοὺς
1824 3792 1992 3829 κατα-

414 3868 616 3930 δίκους,
656 3867 743 3920 ὅτε
779 3865 874 3919 ἐὰν
917 3865 1219 3936 δυνηθῶσιν
1248 3866 1306 3917 ὲν
1351 3865 1565 3936 φυλακῇ
1622 3865 1795 3929 ὄντες,
1827 3867 1875 3919 εί
1902 3865 1993 3919 διὰ

414 3959 521 4014 τῶν
544 3960 845 4028 συγγενῶν,
867 3958 901 4030 ἢ
926 3959 1012 4012 διὰ
1046 3959 1347 4029 χρημάτων
1384 3959 1501 4011 τῶν
1555 3958 1734 4012 αὐτῶν
1764 3958 1990 4029 ἐξευμε-

414 4051 688 4115 νίσασθαι,
733 4050 795 4105 εῦ
839 4052 933 4104 καὶ
978 4049 1188 4113 καλῶς·
1220 4052 1361 4115 ἐπεὶ,
1411 4051 1549 4105 ὲπάν
1578 4052 1675 4123 τὴν
1715 4052 1991 4122 ἀπόφασιν

413 4143 692 4213 δέξωνται,
722 4144 824 4195 οὐκ
869 4142 985 4195 ἐστι
1013 4141 1374 4211 παράκλησις.
1400 4140 1746 4211 Αίδεσθῶμεν
1778 4141 1986 4205 λοιπὸν,

414 4236 654 4304 ἀδελφοὶ,
690 4236 832 4289 πόσα
871 4234 960 4288 τὸν
997 4235 1273 4305 Δεσπότην
1335 4231 1766 4305 παροργίζομεν.
1819 4232 1991 4295 Αὐτὸς

2085 1869 2289 1925 addicti
2334 1884 2559 1935 sumus;
2616 1885 2875 1939 nuncque
2936 1870 3257 1933 clamamus,
3309 1884 3413 1925 nec
3459 1868 3669 1938 estqui

2086 1961 2447 2028 misereatur;
2496 1963 2928 2033 ingemiscimus,
2988 1979 3090 2017 nec
3144 1974 3228 2018 est
3288 1963 3383 2033 qui
3432 1963 3664 2017 salutem

2088 2062 2338 2126 praestet;
2368 2054 2689 2122 stridemus,
2722 2071 2826 2111 nec
2873 2064 2957 2111 est
2994 2055 3087 2125 qui
3111 2055 3364 2137 eripiat;
3395 2056 3666 2126 lugemus,

2085 2162 2153 2203 ac
2176 2161 2342 2203 nemo
2376 2148 2716 2202 consolatur.

2155 2323 2235 2379 Ne
2273 2338 2405 2394 ergo
2451 2339 2554 2378 nos
2590 2339 2811 2394 quoque
2844 2339 2969 2379 cum
3019 2323 3126 2379 illis
3158 2324 3549 2394 insipientibus
3590 2336 3656 2379 ac

2086 2414 2495 2469 miserabilibus
2526 2415 2692 2470 verba
2724 2415 2994 2486 ejusmodi
3049 2414 3104 2468 in
3143 2415 3328 2470 futuro
3360 2416 3560 2471 saeculo
3588 2415 3672 2468 in-

2091 2507 2214 2561 utili
2270 2507 2613 2576 pmnitudine
2667 2508 2958 2573 dicamus,
3000 2508 3221 2573 venite,
3273 2508 3672 2578 praeveniamus

2084 2606 2336 2652 nostrum
2370 2598 2557 2653 finem.
2591 2598 2937 2668 Occupemus
2968 2608 3225 2665 mortem,
3272 2614 3341 2653 ne
3395 2615 3459 2652 ea
3504 2613 3671 2653 necu-

2084 2702 2303 2757 pemur.
2334 2686 2637 2743 Curramus
2667 2688 2735 2742 ad
2782 2688 3089 2753 Christum,
3150 2690 3393 2758 quandiu
3426 2689 3479 2742 in
3514 2696 3671 2757 porta

2086 2780 2243 2835 sedet
2273 2787 2333 2834 ut
2364 2779 2595 2849 recipiat
2617 2780 2973 2848 ptenitentes.
3013 2778 3333 2844 Gemamus,
3382 2778 3661 2849 poeniten-

2088 2871 2219 2925 tiam
2269 2885 2495 2940 agamus
2533 2872 3022 2940 :expergiscamur
3047 2911 3061 2935 ,
3114 2885 3323 2939 quaso,
3354 2886 3422 2925 ex
3476 2884 3672 2923 somno

2091 2961 2447 3031 iniquitatum
2490 2971 2825 3015 nostrarum.
2866 2962 3138 3016 chemus
3182 2976 3376 3015 manus
3416 2960 3483 3014 ad
3543 2976 3672 3014 eum

2090 3053 2185 3122 qui
2215 3052 2447 3106 salutem
2489 3054 2750 3121 praestare
2780 3060 2983 3121 potest,
3024 3062 3191 3121 atque
3230 3050 3479 3105 dicamus
3517 3069 3532 3103 :
3564 3050 3674 3104 Do-

2095 3146 2255 3210 mine,
2289 3143 2441 3199 salva
2507 3161 2623 3207 nos,
2681 3145 2912 3214 perimus
2937 3143 3004 3197 ".
3059 3143 3296 3198 Tantum
3349 3141 3675 3197 festinemus

2088 3238 2405 3307 priusquam
2428 3236 2508 3291 sol
2537 3236 2751 3291 occidat
2782 3252 2797 3300 ;
2832 3236 3149 3305 priusquam
3176 3234 3668 3305 claudaturjanua;

2089 3338 2382 3398 antequam
2435 3336 2739 3382 conventus
2788 3342 2853 3381 ac
2897 3326 3158 3382 nundinae
3196 3326 3482 3381 solvantur
3517 3343 3531 3379 :
3565 3341 3665 3380 an-

2091 3429 2311 3491 tequam
2352 3421 2537 3475 veniat
2572 3419 3001 3475 resurrectionis
3030 3434 3167 3487 nox,
3209 3434 3273 3474 ac
3297 3418 3511 3474 cunctis
3539 3432 3673 3489 0pc-

2090 3511 2249 3567 randi
2271 3512 2505 3565 facultas
2536 3509 2841 3564 auferatur.

2160 3601 2411 3656 Nolimus
2463 3616 2697 3656 errare:
2729 3614 2842 3655 non
2899 3609 2984 3656 est
3030 3600 3088 3655 in
3122 3599 3339 3655 inferno
3378 3599 3670 3666 confessio,

2090 3708 2203 3749 non
2224 3702 2309 3749 est
2334 3693 2632 3759 revocatio,
2668 3709 2778 3748 non
2799 3700 2883 3748 est
2903 3692 3248 3761 poenitentia.
3274 3691 3673 3746 Ilaaretieorum

2092 3784 2207 3839 haec
2234 3784 2449 3854 placita.
2484 3785 2676 3839 Nonne
2705 3799 2829 3839 reos
2858 3783 3129 3847 videmus,
3158 3781 3403 3852 quandiu
3450 3781 3674 3850 quidem

2092 3876 2149 3930 in
2178 3889 2402 3930 carcere
2427 3882 2710 3937 tenentur,
2733 3874 2779 3927 si
2813 3888 3035 3927 suorum
3059 3872 3368 3927 ambitiosis
3392 3870 3674 3941 precibus,

2092 3977 2190 4024 aut
2226 3967 2591 4038 pecuniarum
2637 3966 2813 4021 effusa
2842 3965 3136 4037 largitione
3184 3966 3401 4035 placare
3433 3962 3675 4034 judicem

2090 4060 2339 4131 possint;
2400 4058 2542 4112 bene
2587 4056 2668 4119 id,
2719 4072 2783 4111 ac
2828 4067 2980 4112 recte
3012 4073 3025 4110 :
3058 4072 3187 4111 nam
3215 4057 3310 4111 ubi
3341 4056 3675 4111 sententiam

2091 4151 2431 4222 exceperint,
2477 4151 2619 4205 nihil
2656 4151 2890 4221 amplius
2943 4149 3171 4205 remedii
3226 4157 3332 4203 est.
3364 4148 3501 4211 :Jam
3548 4162 3673 4213 nos,

2091 4242 2310 4308 fratres,
2342 4242 2572 4310 pudeat,
2601 4243 2823 4311 quantis
2868 4241 3161 4296 Dominum
3189 4240 3257 4294 ad
3293 4240 3431 4294 iram
3478 4255 3677 4307 provo-

416 4326 716 4398 εύεργετεῖ,
745 4327 957 4391 σκέπει,
980 4326 1192 4398 τρέφει,
1230 4325 1505 4391 ζωοποιεῖ.
1534 4326 1725 4396 Ἡμεῖς
1754 4325 1811 4379 δὲ
1850 4342 1986 4395 παρ-

2095 4349 2305 4391 camus.
2334 4334 2429 4389 llle
2466 4332 2751 4389 beneficiis
2792 4333 3127 4397 demeretur,
3168 4332 3320 4401 tegit,
3355 4332 3472 4397 alit,
3507 4331 3675 4385 vitam

412 4420 724 4490 ιργίζομεν,
757 4419 1177 4492 παρακούομεν,
1222 4418 1597 4489 παροξύνομεν
1635 4419 1817 4473 αὐτόν.
1849 4417 1993 4481 Ἕως

421 4514 576 4577 πότε,
612 4511 849 4580 ἀδελφοὶ,
895 4511 1000 4573 ἕως
1027 4512 1158 4563 πότε
1190 4511 1245 4562 αἱ
1270 4510 1489 4581 ἡδοναί;
1515 4510 1621 4574 ἕως
1648 4510 1777 4563 πότε
1805 4509 1864 4561 ού
1896 4508 1994 4577 νή·-

415 4620 640 4674 φωμεν;
691 4601 795 4667 ἕως
821 4601 965 4665 τινὸς
999 4600 1331 4673 ῥᾳθυμῶμεν
1359 4616 1373 4664 ;
1405 4601 1470 4653 Οἱ
1509 4600 1783 4670 προφῆται
1806 4597 1992 4652 νουθεο

411 4694 631 4757 τοῦντες
653 4694 921 4765 ἡτόνησαν
941 4708 955 4722 ·
979 4691 1265 4746 ἀπόστολοι
1292 4689 1739 4762 παρακαλοῦντες
1767 4688 1985 4742 ἀπέκα-

415 4802 547 4858 μον·
580 4785 961 4855 εύαγγελισταὶ
1012 4784 1198 4839 λοιπὸν
1247 4785 1375 4855 παρ’
1431 4785 1564 4854 ἡμῖν
1616 4780 1893 4854 ἐλήρησαν
1921 4781 1988 4834 ’ό

413 4877 546 4939 Θεὸς
572 4876 841 4933 παιδεύων
875 4875 1158 4948 ὴτόνησεν,
1192 4876 1277 4929 ἴνα
1327 4874 1499 4939 οὕτως
1547 4873 1705 4927 εἴπω.
1753 4873 1828 4925 Ού
1878 4870 1987 4942 γὰρ

415 4968 685 5039 βούλεται,
715 4968 833 5021 οὐδὲ
864 4966 1006 5020 θέλει
1035 4965 1207 5029 οὕτως
1241 4966 1567 5021 παιδεῦσαι·
1609 4965 1670 5019 ού
1702 4964 1846 5034 φιλεῖ
1880 4980 1989 5033 μα·-

417 5058 616 5124 στίξαι,
650 5058 763 5112 ἀλλ’
796 5056 1146 5128 ἐπιστρέψαι.
1186 5055 1625 5127 Θεραπεύσωμεν
1681 5053 1867 5108 λοιπὸν
1896 5053 1987 5107 καὶ⁹

413 5150 597 5212 αύτὶν,
624 5150 809 5219 ἐπειδὴ
834 5149 923 5201 τὸν
954 5149 1198 5203 διάϐολον
1244 5149 1331 5201 ἀεὶ
1364 5147 1759 5219 θεραπεύομεν,
1789 5146 1885 5200 καὶ
1916 5146 1989 5199 τὰ

416 5241 696 5312 θελήματα
726 5240 889 5295 αὑτοῦ
916 5241 1219 5305 σπουδαίως
1250 5240 1613 5313 ἐργαζόμεθα.
1832 5296 1835 5297 ,

498 5331 882 5402 Ἐπιδείξωμεν
898 5332 1082 5387 λοιπὸν
1095 5332 1170 5403 τῷ
1186 5334 1548 5405 φιλανθρώπῳ
1564 5333 1683 5405 Θεῷ
1697 5335 1990 5405 μετάνοιαν

417 5423 851 5494 μεριμνημένην,
883 5426 980 5477 καὶ
1012 5425 1246 5495 κρίσεως
1272 5427 1484 5498 ἡμέραν
1515 5427 1985 5498 μεμελετημένην,

417 5513 509 5567 καὶ
540 5514 815 5585 ἁμαρτίαν
844 5517 975 5584 παρ’
1032 5516 1162 5586 ἡμιι
1200 5516 1601 5589 μεμισημένην,
1645 5518 1740 5573 καὶ
1764 5517 1988 5589 γνώμην

414 5603 843 5676 ἐνηλλαγμένην,
870 5606 966 5659 καὶ
982 5608 1206 5680 καρδίαν
1227 5609 1711 5683 συντετριμμένην.
1738 5610 1989 5665 Ἀνακαι-

486 5722 530 5753 ⁴⁸³
568 5723 756 5781 Matth.
796 5743 909 5794 vnl,
944 5728 1032 5783 9.3.

2088 4426 2326 4496 praebet;
2356 4440 2458 4480 nos
2483 4440 2613 4480 vero
2647 4424 2716 4479 ad
2740 4425 2879 4478 iram
2919 4440 3305 4494 provocamus,
3339 4422 3675 4491 immorigeri

2090 4530 2303 4581 sumus,
2336 4515 3045 4581 exacerbamus.Quandiu,
3069 4514 3549 4583 fratres,quandiu
3576 4527 3673 4566 νο·
3716 4550 3725 4555 -

2088 4606 2327 4675 luptates
2348 4607 2369 4658 ?
2388 4605 2643 4672 Quandiu
2673 4623 2782 4660 non
2825 4607 3146 4676 sapiemus?
3186 4606 3439 4672 Quandiu
3479 4620 3675 4675 segnes

2091 4696 2342 4751 erimus?
2386 4697 2677 4767 Propheta:
2720 4696 3080 4751 admonentes
3126 4696 3511 4766 elanguerunt,
3537 4710 3673 4764 apo-

2093 4789 2219 4844 stoli
2255 4789 2542 4844 hortantes
2572 4789 2756 4844 lassati
2812 4796 2971 4853 sunt,
3023 4787 3198 4842 divini
3250 4789 3363 4855 jam
3394 4802 3675 4856 praecones

2093 4880 2239 4951 apud
2264 4895 2366 4935 nos
2389 4888 2647 4948 tanquam
2674 4894 2847 4950 nugas
2872 4880 3162 4950 loquentes
3186 4880 3509 4935 audiuntur.
3527 4879 3678 4933 Deus

2094 4971 2414 5043 castigando
2439 4970 2664 5034 fatiscit,
2698 4980 2758 5026 ut
2785 4970 2867 5027 sic
2911 4972 3127 5042 loquar.
3160 4970 3279 5026 Non
3303 4970 3451 5025 enim
3473 4969 3674 5025 verbe-

2088 5076 2211 5117 rare
2255 5062 2455 5132 placet,
2500 5060 2598 5116 sed
2633 5069 2695 5115 ut
2744 5068 3153 5117 convertamur.
3183 5059 3326 5124 Jam,
3361 5071 3564 5127 quaeso,
3595 5054 3673 5109 illi

2086 5153 2253 5209 etiam
2276 5154 2641 5223 obsequamur
2658 5171 2672 5207 :
2691 5155 2895 5223 quippe
2925 5151 3253 5223 quidiabolo
3278 5164 3496 5218 semper
3515 5146 3677 5202 obse-

2091 5247 2336 5318 quimur,
2383 5261 2448 5301 ac
2472 5261 2593 5316 quae
2621 5246 2699 5301 illi
2745 5246 2992 5300 allubent
3017 5243 3305 5314 diligenter
3330 5248 3673 5311 praestamus.

2164 5337 2537 5392 Exhibeamus
2577 5336 2688 5407 jam
2710 5334 3112 5390 clementisimo
3143 5333 3259 5387 Dan
3284 5331 3375 5385 ino
3425 5328 3674 5384 sollicitae

2096 5427 2298 5482 mentis
2316 5427 2717 5497 ptenitentiam,
2739 5426 2970 5481 extremi
3009 5423 3201 5497 judicii
3224 5421 3423 5477 seriam
3467 5418 3675 5489 cogita-

2096 5519 2304 5575 tionem
2330 5556 2347 5584 ,
2402 5522 2613 5591 peccati
2645 5518 2856 5583 odium,
2885 5516 3057 5572 animi
3083 5512 3545 5573 immutationem,
3576 5522 3672 5563 cor

2097 5611 2419 5668 contritum.
2477 5611 2810 5668 lnnovcmur
2857 5608 3057 5665 iterum
3094 5599 3671 5691 pugnit‘entia,quippe
