4038 6208
359 306 502 374 3259

1630 308 1951 372 ‘INCERTI
1987 309 2367 374 AUCTORIS

3488 292 3630 375 me

357 433 486 476 eum
534 425 760 488 peccato
800 417 858 473 in
899 425 1178 472 vetustum
1225 417 1546 473 abierimus.
1591 419 1950 474 lmmutemus

2055 419 2329 492 νισθῶμεν
2358 419 2522 475 πάλιν
2545 419 2630 474 διὰ
2664 421 2978 492 μετανοίας,
3005 417 3190 490 ἐπειδὴ
3211 418 3636 493 ἐπαλαιῶθημεν

358 511 548 576 vitam,
573 511 824 565 utDeum
855 509 1175 580 placabilem
1199 508 1514 566 reddamus.
1551 510 1803 578 Quonam
1841 527 1940 567 au-

361 611 470 659 tem
498 605 662 659 modo
695 603 841 659 istud
887 603 1001 670 ﬁet,
1033 603 1286 658 dicturus
1319 603 1523 659 accedo
1564 621 1579 660 :

430 695 722 752 Scrutetur
738 697 1118 766 unusquisque
1141 696 1556 761 conscientiam;
1587 712 1729 752 onus
1757 713 1938 763 suum,

360 801 427 841 ae
470 788 614 843 mala
658 789 900 858 plangat.
938 787 1043 854 Qui
1092 785 1400 841 furabatur.
1449 787 1795 858 ingruentem
1843 790 1940 844 Dei

361 878 522 943 iram,
553 895 618 934 ac
645 880 893 934 futurum
921 879 1257 950 supplicium
1281 879 1551 950 cogitans,
1599 880 1772 934 furari
1798 881 1942 934 desi-

361 977 478 1021 nat.
517 967 842 1023 Fornicator
901 969 1289 1039 pmnitentiam
1339 977 1484 1038 agat,
1551 984 1616 1024 ac
1668 985 1792 1023 cum
1835 971 1946 1024 Deo

364 1057 674 1126 paciscatur
704 1058 823 1114 fore
855 1069 970 1114 uta
1010 1059 1207 1115 fmtore
1245 1059 1520 1131 ejusmodi
1552 1075 1611 1114 se
1651 1059 1946 1114 abstineat.

365 1149 688 1222 Quanquam
739 1169 874 1210 vero
919 1155 1119 1209 iterum
1167 1155 1365 1221 cadat,
1416 1163 1669 1226 resurgat
1719 1155 1945 1208 iterum.

365 1255 718 1312 pugnamque
767 1245 1039 1301 instauret
1082 1246 1348 1301 adversus
1384 1246 1689 1310 diabolum,
1733 1260 1837 1299 nec
1880 1243 1949 1298 ad

367 1343 601 1388 mortem
650 1351 827 1406 usque
875 1338 953 1392 illi
995 1338 1178 1394 cedat.
1228 1339 1495 1403 Mendax,
1549 1354 1659 1393 non
1717 1338 1953 1408 amplius

367 1424 607 1498 priorem
643 1442 849 1481 morem
873 1429 1127 1495 retineat,
1153 1431 1398 1499 cogitans
1419 1430 1564 1499 quod
1599 1429 1805 1484 dictum
1835 1438 1950 1484 est:

365 1517 564 1573 Perdes
599 1536 780 1574 omnes
818 1523 907 1592 qui
961 1521 1247 1592 loquuntur
1296 1523 1631 1575 mendacium
1659 1521 1728 1574 “‘.
1765 1521 1954 1574 llomi-

368 1608 491 1662 eida
522 1611 904 1679 paenitentiam
936 1621 1093 1682 agat:
1131 1611 1314 1666 Virum
1342 1613 1488 1666 enim
1529 1613 1854 1682 sanguinum
1907 1629 1958 1672 ει

368 1697 610 1751 dolosam
654 1699 1052 1770 abominabitur
1081 1699 1339 1754 Dominus
1361 1701 1426 1753 ".
1480 1701 1747 1755 Ebriosus
1807 1702 1959 1771 cogi-

2039 512 2107 566 δι’
2125 514 2421 585 ἁμαρτίας.
2456 511 2872 584 Ἐναλλάξωμεν
2929 514 3022 567 τὸν
3051 512 3188 583 βίον,
3217 512 3308 566 ἵνα
3363 513 3635 566 καταλλά-

2042 603 2223 673 ξωμεν
2243 604 2307 658 τὸ
2331 604 2492 660 θεῖον.
2523 605 2647 668 Πῶς
2666 605 2726 658 δέ
2758 604 2916 658 τοῦτο
2940 603 3026 657 ῐνα
3052 603 3276 675 γένηται
3292 644 3309 669 ,
3335 604 3446 673 ἐγὼ
3464 603 3634 674 λέγω⁹

2125 695 2505 768 Ἐρευνησάτω
2528 695 2758 760 ἕκαστος
2785 695 2847 750 τὸ
2880 695 3076 749 ἐαυτοῦ
3114 694 3352 758 συνειδός
3370 711 3385 727 ·
3419 695 3481 747 τὸ
3498 695 3633 748 ἐαυ-

2043 788 2138 843 τοῦ
2185 787 2426 859 φορτίον,
2461 788 2554 842 καὶ
2602 788 2673 842 τὰ
2701 787 2895 845 ἐαυτοῦ
2937 787 3083 840 κακὰ
3113 785 3380 840 κοπτέτω.
3424 786 3483 840 '0
3504 786 3634 840 κλέ-

2048 897 2190 952 πτης
2221 881 2282 935 ἐν
2304 879 2441 934 νοῶν
2461 879 2559 950 τὴν
2592 880 2951 950 ἐπικειμένην
2968 878 3220 948 ἀπειλὴν,
3249 878 3343 931 καὶ
3365 877 3463 948 τὴν
3497 877 3633 947 μέ).-

2047 973 2247 1027 λουσαν
2276 973 2519 1036 κόλασιν,
2562 971 2861 1026 παυσάσθω
2911 972 3007 1024 τοῦ
3038 969 3325 1024 κλέπτειν·
3365 971 3394 1023 ὁ
3434 971 3635 1039 πόρνος

2049 1065 2402 1128 κατανοείτω,
2439 1065 2536 1117 καὶ
2570 1065 2820 1134 στησάτω
2861 1063 2996 1136 πρὸς
3047 1061 3180 1114 Θεὸν
3226 1060 3521 1131 συνθήκας,
3546 1061 3634 1112 ὅτι

2051 1156 2148 1226 τῆς
2183 1155 2440 1226 τοιαύτης
2461 1155 2726 1219 δυσωδίας
2761 1155 3012 1209 παύεται.
3041 1155 3156 1208 Κᾶν
3189 1155 3246 1208 δέ
3272 1153 3433 1207 πάλιν
3459 1153 3627 1224 πέσῃ,

2054 1243 2216 1298 πάλιν
2247 1245 2557 1315 ἀναστήτω,
2600 1245 2694 1298 καὶ
2740 1244 2820 1314 τῷ
2871 1243 3105 1314 διαόόλῳ
3139 1242 3486 1312 πολεμείτω·
3533 1243 3634 1296 καὶ

2053 1334 2158 1398 ἕως
2194 1334 2426 1389 θανάτου
2466 1335 2649 1402 ταύτῳ
2712 1335 2784 1405 μὴ
2851 1334 3222 1405 συγχωρείτω.
3266 1334 3328 1387 '0
3363 1332 3630 1404 ψεύστης,

2059 1425 2256 1496 μηκέτι
2299 1429 2368 1497 τῇ
2413 1426 2656 1497 προτέρᾳ
2732 1425 2990 1497 συνηθείᾳ
3045 1427 3351 1497 ἐμμενέτω,
3425 1426 3634 1479 ἐννοῶν

2055 1515 2147 1569 τοῦ
2171 1516 2439 1585 λέγοντοςο
2483 1517 2745 1583 Ἄπολεῖς
2772 1517 3001 1581 πάντας
3022 1517 3165 1583 τοὺς
3190 1517 3537 1587 λαλοῦντας
3565 1520 3636 1574 τὸ

2058 1607 2304 1676 ⁴Ψεῦδος.
2351 1608 2409 1661 ⁸0
2437 1609 2722 1676 φονεύσας,
2753 1607 3112 1678 μετανοείτωο
3156 1608 3379 1677 ’Ἄνδρα
3407 1611 3516 1682 γὰρ
3544 1615 3638 1666 αἱ·

2055 1697 2262 1766 μάτων
2275 1697 2373 1750 καὶ
2388 1697 3014 1763 δόλιονβδελύσσεται
3035 1700 3269 1767 Κύριος.
3289 1701 3346 1754 Ὀ
3373 1701 3636 1770 μέθυσος,

370 1793 449 1840 tet
469 1787 818 1856 captivorum
836 1789 1099 1855 esuriem,
1137 1805 1202 1844 ac
1229 1790 1376 1860 quod
1419 1805 1487 1845 ex
1530 1790 1659 1844 vino
1705 1791 1951 1845 nascitur

2055 1789 2306 1843 ἐννοείτω
2321 1789 2420 1861 τήν
2444 1790 2553 1842 τῶν
2576 1790 2938 1861 αἰχμαλώτων
2967 1792 3178 1854 πεῖναν,
3204 1791 3300 1844 καὶ
3322 1791 3420 1861 τὴν
3449 1793 3514 1846 ἐκ
3534 1793 3634 1845 τοῦ

370 1875 659 1943 damnum,
684 1892 856 1949 seque
915 1880 1030 1950 ipse
1062 1882 1338 1936 emendet.
1369 1882 1600 1937 Adulter
1627 1897 1735 1937 non
1762 1883 1952 1952 despe-

369 1974 478 2033 ret,
522 1968 620 2024 sed
671 1978 960 2040 peccatum
1027 1971 1346 2043 deplangat,
1381 1987 1446 2028 ac
1491 1971 1707 2028 veniam
1754 1987 1951 2029 conse-

369 2068 594 2128 quetur.

440 2163 570 2239 fleri
599 2164 909 2235 proximum
940 2167 1206 2223 conviciis
1249 2167 1602 2238 petebamus;
1630 2167 1796 2224 hodie
1828 2167 1950 2224 fau-

367 2254 472 2310 stis
503 2271 632 2310 eum
675 2257 818 2312 votis
865 2275 1284 2329 prosequamur.
1332 2259 1460 2315 lleri
1486 2261 1948 2330 detrahebamus,

369 2337 536 2403 finem
567 2349 732 2405 hodie
762 2351 1087 2406 detrahendi
1123 2351 1407 2407 faciamus.
1442 2352 1572 2407 Heri
1604 2353 1792 2426 injurii
1823 2372 1948 2413 era-

369 2454 515 2504 mus,
556 2456 624 2496 eo
657 2442 879 2498 nomine
911 2443 1076 2498 hodie
1121 2445 1507 2513 poeuiteamus.
1549 2444 1679 2500 Heri
1720 2447 1949 2518 injuria-

369 2546 490 2585 rum
520 2548 793 2588 memores
833 2551 1123 2590 raneorem
1169 2537 1471 2601 alebamus,
1509 2537 1673 2592 hodie
1703 2539 1952 2609 ignosca-

369 2636 513 2677 mus.
549 2623 677 2678 Heri
722 2625 1012 2681 thesauros
1054 2627 1495 2691 cumulabamus,
1542 2628 1710 2683 hodie
1739 2629 1952 2699 disper-

369 2729 582 2784 gamus.
619 2715 749 2770 lleri
796 2717 1019 2787 superbi
1059 2718 1442 2783 tumebamus,
1495 2719 1660 2773 hodie
1705 2720 1950 2776 modeste

369 2806 667 2874 sapiamus.
685 2807 813 2862 lleri
838 2809 1040 2879 iujusto
1075 2809 1284 2865 faenore
1301 2819 1571 2881 quaestum
1595 2811 1949 2879 faciebamus,

371 2892 536 2948 hodie
573 2911 660 2950 res
686 2905 901 2952 nostras
927 2897 981 2951 in
1021 2914 1292 2968 pauperes
1324 2913 1636 2969 erogemus.
1669 2899 1773 2964 Ne,
1798 2915 1950 2972 rogo,

370 2985 518 3054 quod
551 3002 763 3054 sumus,
795 3005 1234 3060 perseveremus,
1255 3007 1324 3046 ne
1351 2999 1407 3045 et
1435 2991 1598 3046 mina:
1625 2991 1680 3045 in
1702 3005 1805 3046 nos
1832 3007 1922 3046 ma
1941 3021 1953 3032 -

371 3087 557 3133 ncant.
586 3077 740 3146 Quod
779 3096 973 3137 smnus
1001 3081 1381 3146 immutemur,
1415 3089 1476 3136 ut
1501 3089 1683 3138 cesset
1720 3082 1822 3137 ira.

443 3166 521 3221 Ne
544 3168 695 3223 dicas
731 3186 744 3222 :
781 3169 1043 3224 Peccator
1072 3187 1215 3237 sum,
1249 3171 1554 3224 sceleratus
1578 3210 1592 3235 ,
1647 3171 1948 3238 homicida,

372 3257 674 3330 veneficus,
728 3260 891 3321 latro,
949 3276 1129 3330 neque
1179 3276 1265 3315 me
1300 3260 1584 3329 suscipiet.
1636 3261 1782 3316 Nihil
1824 3264 1952 3327 tale,

374 3346 561 3414 homo,
589 3316 854 3418 roquaris.
881 3316 1024 3416 Quid
1043 3316 1200 3406 Ienim
1224 3352 1248 3404 ?
1274 3352 1417 3406 Num
1439 3316 1584 3408 0eus
1613 3316 1956 3424 propterju;

374 3445 489 3494 stos
512 3441 707 3494 venit?
749 3441 997 3507 Minime;
1061 3443 1156 3497 sed
1198 3453 1427 3514 propter
1461 3459 1562 3499 nos
1617 3445 1952 3510 luxuriosos,

375 3525 680 3600 improbos,
709 3532 1079 3602 blasphcmos,
1103 3534 1440 3601 immundos,
1474 3537 1681 3608 pigros,
1715 3536 1955 3592 fornica-

378 3627 551 3684 tores,
579 3622 890 3679 mendaces.
941 3625 1122 3681 Nostri
1172 3642 1335 3682 causa
1364 3643 1395 3682 e
1445 3629 1589 3683 cmlo
1633 3629 1952 3696 descendit;

377 3709 551 3765 nostri
588 3712 763 3782 gratia
797 3713 850 3767 in
881 3721 1040 3770 utero
1073 3715 1364 3782 habitavit,
1400 3719 1578 3787 sputis
1607 3719 1815 3774 oblitus
1849 3730 1952 3785 est,

374 3799 548 3871 virgis
563 3816 761 3867 cassus,
781 3803 931 3858 cruci
956 3803 1166 3864 aﬂixus.
1185 3805 1533 3876 Quapmpter
1545 3809 1954 3877 resipiscamus,

377 3907 588 3962 nosque
607 3894 744 3949 adeo
768 3896 967 3950 horum
998 3897 1245 3952 omnium
1273 3899 1493 3954 nomine
1528 3900 1953 3966 confessionem,

377 3998 444 4036 ac
471 3983 656 4039 cordis
683 3987 1100 4042 conversionem
1139 3988 1216 4042 illi
1247 3988 1568 4055 offeramus,
1586 4006 1654 4044 ne
1682 3991 1824 4046 forte
1857 4008 1956 4045 no-

378 4075 464 4130 bis
492 4076 637 4132 inter
658 4077 1016 4148 iudicandum
1049 4079 1368 4149 exprobret,
1417 4079 1608 4134 dicens
1650 4079 1738 4135 :0
1765 4095 1958 4149 pecca-

378 4175 548 4232 tores,
571 4184 634 4224 ac
664 4169 874 4235 miseri,
915 4171 1273 4239 quamobrem
1308 4185 1395 4225 me
1416 4170 1740 4239 sprevistis?
1763 4171 1954 4226 Nonne

376 4265 616 4311 vestram
643 4256 696 4310 in
725 4259 952 4327 gratiam
978 4259 1143 4312 homo
1175 4259 1355 4314 factus
1385 4259 1552 4313 sum?
1580 4259 1773 4314 Nonne
1796 4260 1954 4315 dice-

376 4345 525 4410 bam,
545 4346 696 4415 quia,
719 4345 836 4401 Non
861 4349 978 4402 ueni
1008 4365 1196 4402 vocare
1213 4351 1406 4418 justas,
1441 4350 1532 4402 sed
1552 4357 1844 4419 peccatores
1858 4351 1902 4383 ⁸⁸
1928 4351 1954 4405 .’

2053 1878 2199 1933 οἴνου
2229 1879 2553 1951 τικτομένην
2579 1880 2801 1951 βλάϐην,
2828 1881 2922 1933 καὶ
2946 1880 3138 1934 ἐαυτὸν
3163 1881 3527 1950 σωφονιζέτω.
3571 1881 3635 1936 '0

2059 1970 2372 2042 μοιχεύσας,
2400 1971 2474 2042 μὴ
2491 1972 2683 2026 ἑαυτὸν
2703 1971 3147 2039 ἁπογινωσκέτω,
3168 1971 3307 2026 ἀλλὰ
3325 1972 3426 2043 τὴν
3447 1973 3636 2044 ἀμαρ-

2054 2063 2176 2117 τίαν
2199 2063 2598 2136 περικοπτέτω,
2625 2064 2722 2119 καὶ
2737 2064 2986 2131 τεύξεται
3022 2063 3335 2136 συγνώμης.

2125 2151 2268 2215 Χθές
2292 2153 2668 2225 ἐλοιδοροῦμεν
2690 2153 2783 2207 τὸν
2803 2153 3028 2225 πλήσιον
3048 2171 3064 2186 ο
3091 2155 3332 2226 σήμερον
3351 2154 3517 2209 αὐτὸν
3549 2155 3638 2209 εύ-

2055 2245 2396 2318 λογήσωμεν.
2431 2247 2576 2311 Χθές
2599 2247 3085 2319 κατελαλήσαμεν·
3118 2249 3359 2319 σήμερον
3408 2249 3640 2302 παυσώ-

2061 2339 2221 2410 μεθα.
2249 2339 2390 2403 Χθές
2423 2339 2783 2410 ἐνυϐρίσαμεν
2806 2355 2820 2369 ο
2860 2341 3100 2410 σήμερον
3127 2337 3324 2411 [αὐτῷ]
3365 2339 3639 2410 μετανοή-

2060 2447 2263 2501 σωμεν.
2287 2429 2429 2493 Χθές
2469 2431 2998 2502 ἐμνησικακήσαμεν
3018 2447 3032 2461 ·
3065 2431 3305 2501 σήμερον
3341 2434 3634 2501 συγχωρή-

2060 2537 2263 2591 σωμεν.
2282 2521 2425 2584 Χθές
2446 2521 2907 2592 ἐθησαυρήσαμεν
2927 2537 2941 2552 ⁸
2963 2522 3206 2593 σήμερον
3223 2521 3629 2592 σκορπίσωμεν.

2057 2612 2199 2676 Χθές
2225 2613 2752 2683 ύπερηφανευόμεθα
2771 2629 2786 2643 ο
2837 2613 3081 2683 σήμερον
3111 2612 3632 2682 ταπεινοφρονήσω-

2061 2720 2180 2774 μεν.
2217 2702 2357 2766 Χθές
2385 2702 2584 2767 ἀδίκως
2609 2703 2923 2774 ἐτοκίξομεν
2945 2720 2960 2735 °
2993 2706 3238 2777 σήμερον
3282 2707 3377 2759 καὶ
3408 2708 3476 2760 τὰ
3505 2708 3640 2760 ἐαυ-

2056 2795 2166 2850 τῶν
2180 2794 2575 2866 μεταδώσωμεν
2591 2795 2835 2866 πένησιν.
2852 2797 2943 2866 Μὴ
2970 2797 3244 2868 μείνωμεν
3280 2798 3420 2868 ὅπερ
3439 2798 3638 2867 ἐσμὲν,

2057 2891 2313 2952 δυσωπῶ,
2347 2891 2434 2943 ἵνα
2465 2891 2540 2961 μὴ
2573 2891 2666 2943 καὶ
2697 2893 2728 2960 ἡ
2754 2892 2950 2961 ἀπειλὴ
2981 2892 3138 2963 μείνῃ
3163 2893 3248 2960 ἐφ’
3279 2894 3639 2962 ήμᾶς.”οπερ

2059 2981 2207 3035 ἐστὶν
2228 2978 2626 3051 ἐναλλάξωμεν,
2663 2983 2759 3034 καὶ
2787 2981 2978 3053 ήόργὴ
3010 2983 3309 3036 πέπαυται.

2130 3164 2222 3236 Μὴ
2254 3164 2435 3236 εἴπῃς,
2471 3164 2820 3236 Ἀμαρτωλός
2880 3164 3016 3236 είμι,
3053 3164 3391 3236 παράνομος,
3416 3165 3639 3232 ςονεὺς,

2057 3257 2366 3327 φαρμάκος,
2415 3256 2640 3327 λῃστής,
2696 3256 2794 3310 καὶ
2826 3255 2887 3308 ού
2921 3255 3283 3327 προσδέχεταί
3329 3273 3415 3326 με.
3444 3257 3640 3324 Μηδὲν

2053 3347 2292 3401 τοιοῦτον
2313 3348 2494 3419 εἴπῃς,
2521 3349 2796 3418 ἄνθρωπε.
2827 3348 2892 3401 Τί
2907 3348 3014 3420 γάρ
3034 3367 3048 3416 ;
3069 3349 3168 3402 Διὰ
3189 3348 3431 3412 δικαίους
3450 3350 3476 3401 ὁ
3497 3349 3637 3411 Θεὸς

2054 3431 2248 3506 ἦλθεν;
2277 3437 2546 3507 Οὐδαμῶς
2572 3453 2585 3467 ⁶
2617 3437 2754 3492 ἀλλὰ
2789 3438 2855 3491 δι’
2884 3439 3030 3509 ήμᾶς
3055 3439 3182 3500 τοὺς
3213 3439 3471 3502 ἀσώτους,
3502 3438 3634 3502 τοὺς

2055 3528 2308 3599 ἀνόμους,
2346 3530 2467 3592 τοὺς
2507 3528 2882 3599 βλασφήμους,
2937 3531 3064 3593 τοὺς
3091 3529 3458 3598 ἀκαθάρτους,
3501 3531 3638 3595 τοὺς

2058 3621 2355 3692 ῥᾳθύμους,
2377 3621 2504 3684 τοὺς
2546 3621 2801 3693 πόρνους,
2832 3622 2958 3686 τοὺς
2985 3621 3258 3691 ψεύστας
3293 3623 3360 3676 δι’
3401 3623 3546 3691 ήμᾷς
3576 3623 3640 3686 ἐξ

2055 3710 2286 3779 ούρανοῦ
2335 3710 2600 3781 κατῆλθεν
2621 3727 2634 3742 ο
2676 3710 2744 3764 δι’
2777 3712 2923 3782 ἡμᾶς
2954 3712 3011 3764 ἐν
3069 3713 3252 3782 μήτρα
3279 3711 3494 3781 ᾤκησεν
3522 3729 3536 3742 ο
3562 3711 3635 3765 δι’

2056 3800 2203 3868 ἡμᾶς
2225 3799 2534 3871 ἀνεπτύσθη
2555 3817 2570 3832 ο
2587 3800 2653 3853 δι’
2675 3802 2823 3870 ἡμᾶς
2849 3800 3118 3872 ἐραπίσθη
3141 3817 3152 3829 ·
3177 3801 3243 3854 δι’
3263 3802 3411 3872 ἡμᾶς
3441 3804 3641 3855 ἐσταυ-

2039 3887 2227 3958 ρώθη.
2260 3888 2350 3942 Διὸ
2380 3889 2660 3960 νήψωμεν,
2710 3890 2804 3943 καὶ
2850 3891 3304 3960 προσενέγκωμεν
3361 3889 3512 3960 αύτῷ
3539 3891 3639 3943 καὶ

2056 3980 2218 4051 ἡμεῖς
2249 3979 2390 4052 ὑπὲρ
2423 3980 2629 4034 τούτων
2659 3981 2934 4047 ἁπάντων,
2968 3980 3356 4050 ἐξομολόγησιν
3387 3981 3483 4034 καὶ
3512 3981 3639 4035 ἐπι-

2059 4069 2297 4140 στροφὴν
2327 4070 2573 4141 καρδίας,
2633 4071 2828 4141 μήπως
2866 4069 3123 4141 ὀνειδίσῃ,
3172 4071 3320 4140 ἡμᾶς
3361 4071 3418 4123 ἐν
3459 4072 3638 4142 καιρῷ

2058 4163 2310 4234 κρίσεως,
2343 4162 2515 4231 λέγων
2541 4178 2556 4192 ·
2585 4159 2655 4216 Ὦ
2709 4162 3022 4232 ἁμαρτωλοὶ
3057 4161 3148 4215 καὶ
3175 4163 3528 4234 ταλαίπωροι,
3546 4164 3641 4216 διὰ

2056 4255 2108 4309 τί
2139 4272 2240 4326 μου
2272 4255 2712 4326 κατεφρονήσατε
2741 4273 2755 4322 ;
2791 4255 2865 4308 Ού
2910 4255 2976 4308 δι’
3032 4256 3176 4325 ὑμᾶς
3203 4255 3638 4327 ἐνηνθρὼπησα;

2056 4349 2169 4402 Ούκ
2195 4346 2345 4402 εἷπον
2374 4349 2477 4413 ὅτι,
2511 4351 2632 4402 Οὐκ
2661 4345 3133 4418 ἦλθονξκαλέσαι
3159 4349 3451 4415 δικαίους,
3475 4350 3642 4404 ἀλλὰ

375 4437 556 4504 Quare
589 4452 696 4492 non
731 4438 864 4493 estis
913 4441 1200 4494 conversi?
1247 4441 1391 4507 Quid
1428 4441 1534 4496 mei
1587 4457 1751 4496 causa
1785 4442 1951 4497 susti-

2055 4441 2470 4512 ἁμαρτωλούς;
2490 4441 2589 4494 Διὰ
2611 4441 2663 4493 τί
2693 4441 2792 4495 οὐκ
2813 4441 3178 4513 ἐπεστρέψατε
3200 4459 3214 4507 ;
3239 4443 3282 4494 Τ
3287 4443 3302 4492 ί
3336 4441 3470 4511 ὑπὲρ
3503 4441 3640 4509 ἐμοῦ

376 4528 622 4584 nuistis?
655 4529 797 4596 Quid
824 4530 978 4598 mihi;
1008 4541 1070 4586 ut
1087 4548 1184 4586 vos
1214 4532 1491 4602 recipiam,
1527 4532 1778 4588 effertis?

447 4712 589 4780 Quid
619 4729 772 4785 ergo,
813 4714 1032 4780 fratres,
1068 4726 1201 4770 tunc
1243 4715 1490 4770 habituri
1543 4717 1779 4772 sumus?
1801 4717 1950 4788 jeju-

378 4803 568 4870 nium;
625 4805 872 4874 vigilias;
926 4805 1283 4876 martyrium;
1346 4806 1704 4872 castitatem;
1766 4807 1954 4862 mode-

379 4894 577 4960 stiam;
615 4896 859 4952 animum
915 4896 1052 4949 nihil
1101 4896 1348 4951 rancoris
1378 4897 1710 4965 habentem;
1738 4897 1953 4953 miseri-

379 4986 659 5052 cordiam;
721 4987 1107 5052 dilectionem;
1171 4988 1687 5057 longanimitatem?
1739 4989 1953 5044 Revera

383 5077 469 5132 his
500 5079 759 5134 omnibus
813 5079 1064 5134 destituti
1121 5094 1331 5146 sumus,
1389 5096 1492 5135 nec
1516 5081 1714 5135 horum
1769 5082 1954 5152 aliqua

380 5173 613 5244 egimus,
643 5181 704 5227 ut
734 5173 810 5227 illi
851 5171 1168 5227 offeramus.
1207 5171 1406 5227 Verum
1425 5173 1555 5243 quid
1588 5173 1751 5228 nobis
1768 5189 1954 5228 comes

381 5265 714 5321 abeuntibus
732 5266 978 5332 exsistat,
1003 5266 1170 5321 vultis
1188 5265 1413 5320 dicam?
1450 5264 1529 5318 Ne
1565 5264 1751 5319 verbis
1780 5264 1955 5319 mole-

383 5363 501 5410 stus
532 5357 635 5413 sim
665 5373 678 5410 :
715 5373 839 5412 nam
869 5359 1158 5413 veritatem
1183 5358 1401 5428 loquar.
1426 5356 1629 5412 Videre
1675 5363 1762 5410 est
1808 5355 1952 5426 apud

383 5461 484 5502 nos
506 5446 608 5504 hic.
629 5463 771 5515 esse,
797 5450 1039 5521 hincque
1075 5465 1174 5504 nos
1193 5449 1534 5516 eomitautia,
1572 5465 1633 5503 ac
1665 5465 1787 5518 quae
1826 5458 1958 5504 tunc

385 5539 760 5606 traducantur,
790 5542 1111 5612 injuriarum
1164 5541 1334 5607 labes,
1381 5540 1959 5608 iuvideutias,tumul—

465 5713 507 5742 ⁸⁸
545 5713 758 5781 Psal.\',
789 5717 839 5770 7.
915 5717 954 5746 "7
988 5715 1125 5770 ibid.
1207 5717 1248 5749 “
1285 5715 1471 5770 Matth.
1500 5731 1572 5781 Ix,
1615 5714 1692 5770 l5.

1263 6007 1280 6038 ἱ

2064 4533 2435 4604 ὑπεμείνατε;
2470 4532 2535 4586 Τί
2604 4550 2693 4604 μοι
2752 4535 3113 4604 προσφέρετε,
3153 4534 3240 4587 ἵνα
3296 4535 3437 4604 ὑμᾶς
3469 4532 3642 4597 δέξω-

2063 4639 2184 4695 μαι.

2129 4714 2195 4767 Τί
2225 4713 2318 4768 οὗν
2351 4715 2618 4787 μέλλομεν
2665 4715 2810 4786 ἔχειν
2853 4716 2998 4780 τότε,
3039 4715 3298 4786 ἀδελφοίς
3339 4717 3637 4787 νηστείανς

2057 4803 2398 4876 ἀγρυπνίαν;
2437 4805 2778 4876 μαρτυρίαν;
2837 4805 3228 4876 σωφροσύνην;
3275 4805 3639 4872 ταπείνωσιν;

2059 4893 2463 4964 ἀμνησικακίαν
2485 4910 2501 4960 ;
2523 4893 3193 4964 ἐλεημοσύνηνςάγάπηη
3219 4893 3638 4964 μακροθυμίανς

2060 4985 2227 5038 Οὐδὲν
2253 4985 2718 5056 τοιοῦτονζέχομεν
2771 4985 3007 5058 ἀληθῶς,
3043 4987 3161 5040 ούδέ
3204 4985 3518 5056 ἐπράξαμεν
3547 4989 3642 5041 ἵνα

2061 5077 2210 5148 αὐτῷ
2239 5076 2719 5148 προσενέγκωμεν.
2754 5076 2914 5130 Ἀλλὰ
2943 5077 2994 5130 τί
3014 5078 3121 5148 ἄρα
3145 5076 3262 5146 μεθ’
3290 5077 3446 5146 ήμῶν
3463 5077 3642 5146 ἀπέρ-

2059 5187 2233 5241 χεται,
2254 5168 2508 5238 βούλεσθε
2531 5167 2706 5235 sine);
2740 5167 2815 5239 μὴ
2856 5169 3085 5238 λυπήσω
3131 5169 3305 5236 λέγων
3327 5183 3343 5197 ⁸
3375 5168 3641 5237 ἀλήθειαν

2057 5263 2166 5334 γὰρ
2190 5263 2320 5335 ἐρῶ.
2369 5263 2548 5316 Ἐστὶν
2585 5261 2712 5315 ἰδεῖν
2736 5261 2866 5332 παρ’
2897 5263 2928 5331 ἡ
2940 5259 3057 5331 μῶν
3086 5260 3321 5314 ἐνταῦθα
3356 5260 3510 5322 ὄντα,
3542 5262 3642 5313 καὶ

2057 5355 2114 5406 ἐν
2142 5355 2273 5423 ἡμῖν
2299 5353 2671 5425 ἀπερχόμενα,
2701 5353 2795 5406 καὶ
2845 5351 2968 5405 τότε
3025 5352 3486 5424 θριαμϐευόμενα,
3514 5351 3640 5405 ἁδι-

2063 5444 2203 5510 κίας,
2239 5444 2614 5515 μισαδελφίας,
2639 5444 2887 5514 φθόνους,
2907 5444 3335 5508 ἀκαταστασίας,
3355 5443 3636 5515 πορνείας,

2064 5535 2254 5606 μέθας,
2289 5535 2668 5609 φιλαργυρίας.
2711 5536 3012 5608 ἐπιορκίας,
3061 5535 3407 5602 καταλαλιὰς,
3458 5534 3635 5588 λοιδο-
