4038 6208
437 282 574 351 3261

1544 291 1644 353 DE
1680 292 2004 356 PERSICA
2042 295 2572 365 CAPTIVITATE.

3561 310 3705 375 3262

439 404 583 478 9iac.
609 404 883 474 διαϐολὰς,
928 405 1426 481 ψευδομαρτυρίας,
1474 409 1736 482 αἱρέσεις,
1762 412 2008 483 διχοστα-

2120 423 2231 479 tus,
2257 415 2672 482 fornicationes,
2709 418 3078 487 temulentlas,
3128 422 3405 488 avaritias,
3436 427 3701 496 periuria.

439 501 581 564 σίας.
625 499 811 554 Ταῦτα
837 500 995 572 ήμῶν
1040 500 1111 554 τά
1152 500 1298 554 κακά
1340 499 1547 570 ἐφόδια.
1592 499 1742 572 Δῦτη
1786 502 1942 571 ήμῶν
1976 504 2010 574 ή

440 592 633 661 σέδηρα
673 590 996 653 ἀλυσις.Διὸ
1048 591 1394 662 πονήσωμεν.
1425 590 1753 663 παρακαλῶ,
1787 584 1889 644 ὧδε
1925 610 2013 661 μι-

437 682 589 754 κρὸν,
633 682 718 737 ῐνα
764 681 839 755 μὴ
872 681 1226 751 κολασθῶμεν
1262 683 1379 734 ἐκεῖ
1409 681 1574 735 πολύ·
1614 681 2011 751 ἀγωνισώμεθα

438 774 794 843 προσκαιρὸν,
830 773 918 825 ἵνα
950 771 1023 843 μὴ
1057 771 1467 841 βασανισθῶμεν
1498 770 1752 834 αἰωνίως.
1792 771 1852 824 '0
1881 771 2010 841 χρό-

439 880 528 927 νος
561 863 776 933 μικρὸς,
811 864 844 933 ή
877 862 935 915 δὲ
965 861 1144 933 κρίσις
1166 861 1372 932 μακρά.
1404 861 1479 913 Τὸ
1515 859 1670 923 τέλος
1701 861 1890 929 ἐγγὺς,
1916 862 2014 915 καὶ

437 955 466 1007 6
508 954 666 1022 φόϐος
704 953 892 1020 πολὺς,
925 954 1016 1007 καὶ
1060 954 1088 1006 6
1119 951 1261 1007 λύων
1316 952 1489 1016 οὐδεὶς
1541 952 1637 1006 καὶ
1671 953 1699 1006 6
1743 951 2017 1018 σπεύδων,

438 1045 586 1116 νικᾷ.

511 1216 649 1272 οὐαὶ
682 1216 758 1289 τῷ
776 1215 1105 1289 ρᾳθυμοῦντι
1122 1256 1139 1281 ,
1169 1217 1323 1287 ζητεῖ
1347 1215 1454 1289 γὰρ
1480 1216 1573 1271 τὸν
1603 1216 1793 1287 καιρὸν
1829 1215 1895 1271 ὃν
1922 1235 2021 1273 καη

438 1312 550 1376 κῶς
607 1311 966 1380 ἐδαπάνησεν.
1026 1310 1163 1363 Οὐαὶ
1193 1309 1274 1379 τῷ
1325 1308 1640 1379 ἀμελοῦντι,
1674 1311 1755 1363 ὅτι
1784 1307 2017 1380 ζητήσει

440 1404 672 1472 σταγόνα
701 1401 892 1465 ὓδατος
920 1404 975 1455 ἐν
1001 1402 1079 1473 τῷ
1110 1401 1264 1472 πυρί.
1301 1401 1438 1455 Οὐαὶ
1481 1400 1561 1470 τῷ
1587 1400 1914 1455 ἀπιστοῦντι
1950 1404 2015 1473 τῇ

439 1498 640 1569 κρίσει,
679 1497 761 1550 ὅτι
795 1496 883 1550 διὰ
902 1495 1012 1549 τῶν
1040 1494 1218 1565 ἔργων
1247 1494 1342 1547 καὶ
1368 1493 1476 1547 τῶν
1504 1493 1755 1565 βασάνων
1784 1493 2017 1563 πεισθή-

441 1606 614 1642 σεται.
646 1588 780 1641 Οὐαὶ
803 1587 881 1657 τῷ
919 1588 994 1657 μὴ
1024 1584 1395 1656 μετανοοῦντι,
1439 1584 1522 1638 ὅτι
1555 1584 1693 1654 πρὸς
1736 1585 2017 1656 αὐστηρὸν

439 1680 631 1751 κριτὴν
649 1678 960 1750 πορεύεται.
997 1677 1134 1730 Ούαὶ
1164 1676 1241 1746 τῷ
1268 1675 1343 1746 μή
1373 1674 1642 1746 τρέχοντι,
1669 1675 1751 1727 ὅτι
1781 1677 1846 1729 ὲν
1888 1677 2018 1747 ὲρη-

440 1774 591 1845 μίαις
615 1772 1022 1843 αὑλισθήσεται.
1052 1768 1191 1823 Οὐαὶ
1236 1768 1316 1840 τῷ
1347 1766 1720 1831 ἀπελπίζοντι,
1749 1766 1837 1820 ὅτι
1878 1765 2015 1837 πρὸς
2046 1752 2090 1811 Β

436 1864 746 1935 ἀποτόμους
779 1862 1043 1932 ἀγγέλους
1093 1862 1463 1934 παραδίδοται.
1493 1861 1708 1934 Χρυσὺν
1729 1861 1833 1931 μὲν
1855 1863 1965 1934 γὰρ
1988 1860 2019 1914 6

440 1955 711 2021 ἀπόλλων,
740 1952 897 2008 ἀλλον
935 1953 1155 2024 εὑρήσει
1177 1968 1193 1983 ο
1225 1952 1412 2024 χρόνον
1451 1952 1509 2005 δὲ
1548 1954 1577 2006 ό
1615 1951 1890 2017 ἀπόλλων,
1921 1951 2019 2021 οὐχ

437 2046 660 2118 εὑρήσει
685 2046 873 2115 ἓτερον
896 2044 1030 2116 πρὸς
1052 2043 1361 2114 μετάνοιαν.

510 2138 603 2209 Μὴ
643 2135 960 2206 φεισώμεθα
1011 2133 1284 2205 σώματος,
1316 2134 1411 2187 καὶ
1428 2132 1604 2203 ψυχὴν
1632 2130 2017 2202 ἀπολέσωμεν,

438 2225 576 2281 ἀλλά
599 2223 1013 2295 κατατρίψωμεν
1038 2221 1172 2275 αὑτό
1192 2239 1206 2255 ο
1236 2220 1448 2290 ἐπειδὴ,
1470 2217 1766 2287 Μακάριοι
1794 2222 1847 2275 οἱ
1872 2234 2018 2273 πεν-

439 2316 706 2381 θοῦντες,
734 2318 789 2368 οι
809 2312 1147 2380 πεινῶντες,
1171 2314 1225 2367 οἱ
1246 2311 1559 2381 διψῶντες,
1582 2313 1637 2365 οὶ
1661 2312 2017 2378 πονοῦντες,

442 2410 526 2464 ὅτι
559 2408 847 2480 μέλλουσιν
901 2404 1136 2460 αἰωνίων
1169 2405 1353 2457 κόπων
1408 2403 1502 2457 καὶ
1534 2403 1812 2457 κολάσεων
1838 2402 2013 2457 ἀπαλο

436 2497 747 2553 λάττεσθαι.
801 2494 875 2547 Τὸ
907 2494 1085 2563 σῶμα,
1144 2492 1314 2562 πηλός
1352 2492 1540 2543 ἐστιν’
1590 2488 1689 2542 καὶ
1736 2487 2018 2542 ἐλεύσεται

438 2590 575 2663 ὥρα,
602 2590 697 2642 καὶ
724 2586 902 2658 ἡμέρα
932 2584 1137 2655 φοϐερά
1159 2582 1254 2637 καὶ
1277 2579 1673 2652 ἀπαραίτητος,
1692 2579 1789 2634 καὶ
1814 2580 1894 2643 εἰς
1913 2578 2018 2648 γῆν

438 2681 476 2753 ἦ
529 2679 599 2749 γῆ
648 2677 971 2748 πορεύεται·
1012 2675 1109 2730 καὶ
1162 2675 1197 2746 ἡ
1242 2672 1390 2738 κόνις
1443 2673 1605 2729 πάλιν
1666 2672 1817 2737 κόνις
1865 2670 2020 2741 γένε-

437 2789 552 2829 ται.

506 2862 810 2933 Νήψωμεν,
858 2858 1131 2912 δυσωπῶο
1179 2858 1644 2929 όδοιπορήσωμεν,
1673 2855 2017 2923 όξυποδήσω-

443 2976 544 3031 μεν
563 2974 577 2989 ⁶
600 2956 879 3011 ἐλεύσεται
896 2955 1059 3018 ὅντως
1080 2953 1197 3020 ὥρα
1216 2954 1418 3023 ὲσχάτη
1450 2950 1729 3005 ἐλεύσεται
1759 2950 1975 3010 πάντως
1999 2963 2014 2978 °

444 3042 522 3121 μὴ
576 3047 804 3108 ἑαυτοὺς
851 3045 1245 3117 ἀπατήσωμεν.
1293 3043 1473 3095 Ἔστω
1531 3040 1628 3094 καὶ
1686 3037 2013 3110 τρυφῶμενο

2123 505 2572 574 detractationes,
2604 509 2878 576 convicia,
2918 512 3221 569 calumnias
3243 556 3257 579 ,
3293 515 3423 570 falsa
3456 518 3703 573 testimo-

2120 597 2231 661 nia,
2273 598 2529 665 haereses,
2554 600 2942 658 dissidiaJIaec
2968 605 3139 660 nostri
3166 606 3290 659 mali
3323 619 3697 665 commeatus:

2120 686 2239 743 haec
2284 687 2464 743 ferrea
2506 700 2693 745 nostra
2724 700 2937 747 catena.
2974 694 3186 749 Idcirco
3234 696 3548 753 laboremus
3588 700 3698 768 hic,

2120 793 2276 849 rogo,
2309 780 2598 850 tantisper,
2622 796 2692 835 ne
2734 782 2828 836 diu
2854 783 2967 839 illic
3003 800 3194 854 poenas
3223 786 3437 842 demus.
3460 789 3541 843 Ad
3567 797 3703 844 tem-

2118 887 2223 943 pus
2254 871 2605 927 decertemus
2629 914 2643 939 ,
2685 888 2757 928 ne
2783 875 3032 930 cruciatu
3070 885 3283 932 aeterno
3321 886 3697 949 torqueamur.

2120 963 2359 1032 Tempus
2391 963 2557 1018 breve
2594 970 2700 1028 est,
2737 964 2961 1035 longum
3006 966 3274 1036 judicium
3334 968 3458 1023 ﬁnis
3499 969 3695 1037 instat;

2118 1052 2311 1123 ingens
2341 1053 2524 1119 timor,
2554 1053 2648 1123 qui
2680 1054 2925 1110 decutiat
2955 1070 3118 1110 nemo
3165 1067 3291 1125 est,
3339 1059 3545 1125 vincet,
3602 1061 3699 1130 qui

2119 1143 2359 1198 festinat.

2188 1236 2279 1291 Vze
2307 1235 2486 1307 pigro,
2510 1248 2722 1306 quaret
2736 1239 2884 1294 enim
2903 1247 3118 1311 tempus
3143 1243 3289 1312 quod
3322 1244 3463 1298 male
3490 1243 3699 1299 insum-

2116 1326 2246 1398 psit.
2280 1328 2372 1383 ναξ
2402 1328 2698 1399 negligenti
2723 1372 2738 1396 ,
2770 1332 2902 1400 quia
2943 1341 3154 1402 guttam
3188 1348 3343 1402 aqua:
3386 1334 3441 1387 in
3468 1334 3699 1388 ﬂammis

2118 1418 2380 1488 requiret.
2412 1419 2505 1473 Va;
2564 1419 2729 1474 ﬁdem
2765 1415 2996 1492 judicio
3051 1422 3401 1490 detrahenti,
3444 1439 3573 1478 nam
3604 1439 3700 1493 per

2117 1524 2206 1564 res
2261 1509 2406 1578 ipsas
2454 1524 2519 1563 ac
2563 1511 2935 1566 cruciamenta
2983 1513 3060 1566 illi
3108 1513 3243 1569 ﬁdes
3291 1514 3406 1569 ﬁet.
3443 1516 3534 1570 Vae
3584 1529 3698 1568 non

2116 1600 2299 1671 agenti
2350 1598 2776 1669 paenitentiam,
2832 1602 2959 1671 quia
3008 1603 3075 1657 ad
3135 1612 3415 1658 austerum
3455 1605 3698 1675 judicem

2117 1691 2285 1746 vadit.
2323 1691 2415 1746 Va:
2451 1691 2679 1746 remisso
2704 1692 2773 1745 ad
2807 1708 3050 1759 cursum,
3076 1696 3204 1765 quia
3236 1695 3289 1749 in
3315 1696 3548 1750 desertis
3576 1712 3697 1751 ma-

2118 1782 2293 1837 nebit.
2320 1782 2411 1837 γε
2443 1780 2731 1847 difﬁdenti,
2762 1784 2891 1852 quia
2919 1785 2986 1839 ad
3008 1785 3177 1840 duros
3204 1786 3552 1856 immitesque
3597 1803 3696 1840 an-

2118 1875 2269 1946 gelos
2294 1874 2568 1929 transibit.
2590 1873 2726 1928 Nam
2766 1875 2861 1945 qui
2890 1876 3011 1930 auri
3038 1879 3309 1946 Jacturam
3357 1877 3507 1944 facit,
3544 1878 3695 1932 aliud

2119 1964 2497 2035 recuperabit;
2523 1965 2621 2035 qui
2651 1979 2784 2019 vero
2815 1966 3069 2021 amiserit
3110 1977 3349 2038 tempus,
3391 1970 3541 2023 aliud
3573 1969 3697 2023 nul-

2118 2058 2232 2114 lum
2253 2057 2322 2112 ad
2341 2056 2726 2127 paenitentiam
2758 2056 3019 2128 deinceps
3044 2059 3337 2115 obtinebit.

2189 2149 2269 2204 Nc
2319 2163 2614 2220 parcamus
2675 2148 2920 2219 corpori,
2962 2164 3027 2204 ac
3077 2150 3317 2205 animam
3365 2151 3689 2222 perdamus;

2118 2241 2253 2312 quin
2273 2239 2408 2295 illud
2440 2253 2802 2304 maceremus,
2849 2239 3121 2308 siquidem
3159 2241 3349 2295 :Beati
3370 2243 3461 2312 qui
3496 2240 3693 2311 lugent,

2119 2332 2211 2402 qui
2244 2330 2503 2394 esuriant,
2526 2330 2734 2394 sitiunt,
2774 2328 3022 2384 laborant
3044 2330 3110 2397 “,
3134 2330 3282 2401 quod
3305 2333 3528 2386 aeternis
3544 2332 3696 2386 labo-

2119 2421 2364 2493 ribusjac
2399 2420 2742 2476 cruciatibus
2792 2420 3065 2475 liberandi
3093 2430 3240 2475 sunt.
3270 2420 3484 2492 Corpus
3515 2422 3695 2476 lutum

2118 2522 2204 2568 est
2233 2529 2247 2565 :
2288 2511 2585 2580 venietque
2625 2509 2784 2575 hora,
2818 2525 2884 2564 ac
2928 2510 3211 2565 tremenda
3241 2511 3380 2576 dies,
3416 2525 3695 2581 quamque

2118 2619 2283 2660 nemo
2305 2602 2552 2674 effugiat,
2586 2616 2709 2657 cum
2735 2610 2882 2656 terra
2914 2602 2970 2656 in
3000 2611 3206 2657 terram
3250 2612 3580 2669 revertetur,
3631 2618 3697 2659 ac

2119 2695 2263 2753 cinis
2287 2695 2490 2751 iterum
2513 2693 2654 2749 cinis
2685 2692 2797 2749 ﬁet.

2199 2869 2518 2942 Vigilemus,
2539 2886 2672 2941 rogo
2697 2890 2710 2924 :
2734 2871 2839 2926 iter
2859 2871 3279 2938 contendamus,
3299 2872 3693 2928 acceleremus.

2121 2963 2319 3019 Veniet
2367 2978 2560 3017 revera
2597 2978 2857 3031 suprema
2903 2964 3043 3017 dies.
3094 2964 3291 3018 Veniet
3341 2964 3589 3028 omnino,
3626 2979 3696 3018 ne

2120 3071 2226 3111 nos
2258 3055 2610 3110 seducamus.
2642 3054 2775 3108 Esto
2807 3054 2975 3108 etiam
3005 3054 3224 3109 deliciis
3258 3055 3545 3120 fruamur;
3573 3061 3694 3109 esto

442 3120 582 3195 ἔστω
604 3142 699 3195 καὶ
733 3138 1053 3208 πλουτῶμεν
1080 3135 1437 3205 πεντήκοντα,
1482 3134 1531 3187 εἰ
1553 3134 1645 3187 καὶ
1674 3132 1867 3186 ἑκατὸν
1898 3130 2014 3199 ἐτη.

2122 3158 2182 3203 et
2222 3146 2425 3202 divites
2473 3145 2677 3211 simus,
2718 3160 2894 3200 annos
2927 3145 3352 3216 quinquaginta,
3389 3162 3486 3201 seu
3527 3148 3696 3201 etiam

441 3226 595 3293 Εἶτα,
631 3228 724 3281 καὶ
753 3226 889 3298 μετά
915 3224 1092 3288 τοῦτο,
1119 3224 1169 3276 τί
1192 3241 1207 3289 ;
1240 3222 1431 3285 Νόσος.
1457 3222 1567 3275 Καὶ
1586 3222 1650 3273 ὲκ
1674 3220 1897 3291 ταύτης,
1921 3219 1976 3271 τί
1998 3235 2013 3284 ;

451 3321 766 3390 Ἀδυναμία.
801 3320 911 3372 Καὶ
936 3320 999 3371 ἐκ
1055 3314 1280 3386 ταύτης,
1331 3314 1422 3378 "cf;
1465 3314 1530 3367 'H
1584 3311 1787 3385 φρικτὴ
1831 3309 2016 3381 ἐκείνη

439 3416 579 3487 ὥρα,
603 3414 636 3480 ἠ
670 3412 821 3481 παρά
855 3410 1068 3463 πάντων
1095 3406 1524 3483 προσδοκωμένη
1549 3405 1645 3458 καὶ
1675 3402 2012 3475 φριττομένη

439 3507 535 3562 καὶ
577 3502 944 3574 ἀμελουμένη.
981 3500 1194 3567 Μέγας,
1231 3497 1451 3565 ἀδελφοί
1483 3513 1605 3566 μου,
1634 3497 1662 3548 6
1702 3494 1866 3564 φόϐος
1893 3492 2017 3546 τότε

439 3601 669 3672 γίνεται.
696 3595 853 3664 Μέγα
895 3592 1097 3647 ἰδέσθαι
1148 3589 1326 3662 ψυχήν
1354 3588 1460 3643 ύπδ
1488 3586 1737 3656 ἀγγέλων
1790 3585 2018 3656 χωριζο-

444 3690 611 3763 μένην
630 3684 725 3740 τοῦ
757 3682 1008 3754 σώματος
1028 3681 1190 3751 κενήν
1211 3695 1227 3711 ο
1268 3678 1374 3732 ὑπὸ
1394 3677 1664 3748 δαιμόνων
1695 3675 2016 3744 λογοθετου-

444 3780 633 3855 μένην.
683 3774 913 3845 Μεγάλη
961 3775 995 3844 ή
1022 3771 1140 3843 ὥρα
1184 3771 1283 3839 τῆς
1310 3769 1555 3839 ἀνάγκης
1604 3766 1819 3821 καὶτοῦ
1847 3781 2014 3837 χωρι-

442 3871 584 3946 σμοῦ
646 3868 877 3931 ἐκείνου,
915 3866 1043 3919 ὅταν
1079 3865 1130 3918 οἱ
1173 3860 1439 3933 ὀφθαλμοὶ
1467 3859 1622 3932 ήμῶν
1655 3856 2018 3928 ἀλοιωθήσον-

442 3978 567 4017 ταιο
604 3960 732 4015 ὅταν
763 3958 797 4028 ή
822 3955 976 4026 φωνὴ
1033 3953 1138 4007 ὑπὸ
1177 3953 1277 4023 τῆς
1311 3951 1538 4021 συνοχῆς
1573 3946 2015 4019 κρατηθήσεταιο

441 4053 571 4109 δταν
601 4051 637 4123 ἡ
656 4048 877 4119 γλῶσσα
902 4044 995 4098 τὸν
1021 4043 1179 4112 λόγον
1208 4041 1270 4096 οὐ
1307 4039 1525 4095 δίδοσιν.
1552 4032 1687 4092 Εἶτα
1713 4035 2019 4106 στρέφομεν

442 4145 569 4207 τοὺς
596 4138 906 4220 ὀφθαλμοὺς
927 4130 1028 4191 ὧδε
1068 4133 1272 4206 συχνάο
1302 4132 1365 4186 τὸ
1407 4130 1626 4202 πνεῦμα
1654 4133 2014 4220 ταράττεται·

447 4233 652 4305 ἰλιγγιᾷ
677 4232 710 4304 ή
763 4219 940 4301 ψυχή’
970 4226 1265 4298 συστρέφει
1302 4223 1394 4277 τὸν
1438 4221 1565 4276 νοῦν
1596 4220 1724 4292 τῇδε
1752 4219 1979 4273 κάκεῖσε
1998 4233 2014 4250 ’

444 4326 597 4398 ζητεῖ
628 4324 722 4378 τὸν
754 4321 1015 4395 ῥυόμενον
1034 4335 1047 4349 °
1079 4318 1220 4391 τάχα
1251 4315 1308 4371 δὲ
1358 4316 1453 4370 καὶ
1484 4314 1596 4369 τῶν
1646 4309 2018 4384 παρεστώτων

2118 3248 2362 3296 centum.
2393 3237 2533 3291 Tum
2579 3252 2759 3307 eoque
2802 3238 3023 3307 expleto
3071 3247 3342 3308 tempore,
3396 3239 3698 3307 quidnam?

2116 3330 2431 3402 A'Sgritudo.
2464 3329 2542 3383 Ex
2568 3344 2633 3383 ea
2663 3344 2819 3393 vero,
2866 3330 3041 3399 quid?
3077 3330 3290 3385 Virium
3324 3326 3583 3386 defé’ctio.
3618 3331 3707 3385 Er

2116 3437 2182 3479 ea
2206 3422 2361 3485 item,
2394 3419 2566 3489 quid?
2592 3419 2900 3473 Tremenda
2957 3419 3049 3474 illa
3086 3420 3245 3484 liora,
3286 3421 3546 3476 omnibus
3588 3436 3692 3475 cx-

2118 3520 2365 3581 spectata
2389 3550 2403 3574 ,
2446 3510 2735 3564 horrorem
2772 3509 3003 3575 faciens,
3040 3526 3105 3565 ac
3120 3513 3392 3581 neglecta.
3436 3513 3696 3583 Magnus,

2116 3600 2315 3655 fratres
2342 3599 2475 3663 mei,
2509 3607 2644 3654 tunc
2673 3598 2839 3655 timor
2885 3601 3127 3671 ingruet.
3178 3603 3431 3673 Magnum
3459 3606 3696 3661 animam

2115 3692 2327 3756 videre,
2366 3707 2531 3761 quam
2574 3692 2756 3762 angeli
2803 3707 3041 3761 corpore
3088 3693 3388 3748 extrudunt
3422 3711 3688 3759 vacuam;

2116 3782 2396 3839 (laniones
2425 3782 2494 3839 ad
2528 3782 2775 3839 rationes
2804 3782 3127 3853 deposcant.
3164 3784 3355 3855 Magna
3407 3786 3540 3839 hora
3595 3801 3695 3840 ne-

2117 3875 2431 3940 cessitatis,
2478 3890 2542 3929 ac
2579 3874 2802 3929 divortii
2860 3874 3029 3938 illius,
3070 3891 3196 3930 cum
3256 3876 3699 3930 immutabuntnr

2118 3966 2296 4031 oculi;
2326 3979 2455 4020 cum
2500 3980 2567 4019 ex
2604 3964 2987 4020 imbecillitate
3022 3982 3127 4020 vox
3176 3967 3530 4036 impedietur,
3567 3982 3695 4022 cum

2117 4057 2301 4128 lingua
2317 4056 2541 4128 negabit
2559 4072 2896 4112 sermonem.
2921 4056 3178 4127 Tumque
3199 4058 3397 4112 crebro
3418 4058 3527 4112 huc
3544 4057 3693 4121 illuc,

2119 4156 2377 4219 torquet,
2417 4148 2616 4218 quaerit
2664 4148 2759 4218 qui
2815 4148 3065 4205 liberet:
3104 4149 3251 4205 forte
3293 4159 3478 4204 autem
3528 4150 3695 4205 etiam

2118 4248 2362 4295 astantes
2394 4249 2553 4311 rogat
2594 4257 2610 4294 :
2658 4240 2887 4296 forsitan
2923 4241 3090 4296 etiam
3124 4242 3271 4298 lecto
3299 4242 3567 4297 enitimur
3605 4242 3695 4297 fu-

2118 4347 2269 4403 gere.
2330 4332 2589 4388 Astantes
2631 4333 2797 4389 nobis
2847 4335 3085 4401 amicos,
3132 4335 3354 4401 fratres,
3415 4343 3693 4406 parentes,

442 4418 622 4473 δέεται
643 4433 659 4451 ο
687 4416 817 4479 ἴσως
842 4413 899 4467 δὲ
922 4413 1017 4466 καὶ
1034 4412 1133 4484 τῆς
1157 4409 1342 4479 κλίνης
1366 4407 1591 4477 φεύγειν
1621 4404 2015 4476 δοκιμάζομεν.

442 4513 488 4522 _
520 4512 534 4522 .
834 4505 861 4519 -
998 4507 1013 4522 .
1071 4506 1120 4522 ._
1157 4502 1333 4522 ηιμ..-
1389 4501 1417 4522 ε.
1457 4499 1712 4522 LQ-\---3.-
1760 4498 1790 4522 ,ι
1816 4496 1994 4522 ..-ωδ

2121 4437 2233 4478 non
2294 4424 2718 4496 cognoscimus,
2761 4425 2906 4482 forte
2954 4436 3136 4481 autem
3172 4426 3376 4498 alloqui
3416 4404 3524 4482 non
3563 4440 3694 4497 pos-

441 4512 582 4576 Τοὺς
616 4505 969 4581 παρεστῶτας
989 4506 1122 4575 ἡμῖν
1149 4502 1356 4573 φίλους,
1388 4501 1423 4571 ἢ
1451 4499 1735 4568 ἀδελφοὺς,
1760 4498 1794 4567 ἢ
1816 4496 2011 4565 γονεῖς,

441 4601 869 4677 οὖὟνωριζομεν
888 4614 902 4630 ο
929 4597 1071 4669 τάχα
1091 4595 1158 4667 δὴ
1179 4590 1800 4665 γνωρίζοντες,’λαλῆσαι
1833 4587 2015 4651 αὐτοῖς

442 4699 544 4756 οὐκ
576 4695 855 4767 ἱσχύομεν.

516 4790 638 4844 Τῶν
664 4783 1003 4858 θρηνούντων
1028 4778 1178 4852 ἡμᾶς
1206 4776 1477 4848 ἀκούομεν
1505 4774 1600 4829 καὶ
1654 4770 1880 4836 τούτους
1909 4788 2015 4825 πα-

448 4879 869 4960 ραμυθήσασθαι
913 4874 975 4928 οὐ
1015 4870 1311 4942 δυνάμεθα.
1345 4868 1429 4923 Τὰ
1481 4868 1649 4923 τέκνα
1706 4863 2019 4935 όδυνώμενα

446 4959 542 5032 καὶ
572 4972 876 5044 δακρύοντα
911 4968 1201 5038 βλέπομεν,
1252 4962 1349 5018 καὶ
1379 4962 1472 5016 τὸν
1500 4961 1661 5014 πόνον
1705 4959 1806 5028 τῆς
1842 4959 2015 5029 ὀρφα-

448 5068 567 5131 νίας
594 5063 769 5119 αὐτῶν
796 5063 1030 5133 ἔχοντες,
1052 5055 1418 5132 πορευόμεθα.
1446 5053 1557 5109 Καὶ
1578 5052 1631 5106 τί
1650 5052 1793 5121 λέγω
1814 5053 1977 5105 τέκνα
2000 5067 2015 5117 ;

460 5157 620 5230 Ἐμοὶ
652 5157 799 5210 δοκεῖ
826 5156 909 5208 ὅτι
935 5152 1150 5221 ἐκείνης
1173 5150 1273 5220 τῆς
1299 5148 1448 5219 ὥρας
1479 5142 1912 5212 καταλαϐούσης,
1930 5142 2016 5196 06-

448 5251 558 5314 δεὶς
581 5246 838 5320 μεριμνᾷ,
868 5245 929 5297 ού
958 5243 1185 5305 τέκνων,
1210 5241 1271 5293 ού
1294 5239 1485 5308 φίλων,
1513 5236 1614 5291 οὐκ
1663 5234 1929 5303 ἀδελφῶν,
1960 5232 2021 5288 οὒ

451 5336 740 5409 γυναικός*
764 5334 883 5388 οὐδὲ
916 5332 1050 5404 ἀλλη
1092 5328 1311 5401 φροντίς
1355 5346 1437 5393 τις
1495 5327 1590 5381 καὶ
1620 5325 1772 5395 λύπη
1810 5324 2023 5395 συνέχει

454 5430 633 5493 αὑτὸν,
660 5429 708 5479 εἰ
741 5425 817 5497 μή
840 5424 1002 5496 ἡτῶν
1037 5422 1231 5476 ἑαυτοῦ
1258 5423 1742 5492 παραπτωμάτων,
1784 5421 1876 5471 καὶ
1910 5416 2025 5480 πῶς

453 5521 758 5592 ἀπαντήσει
786 5510 864 5589 τῷ
892 5518 1076 5588 κριτῇ,
1111 5515 1205 5569 καὶ
1227 5514 1280 5569 τί
1299 5511 1699 5585 ἀπολογήσεται
1720 5527 1735 5544 ο
1769 5509 1863 5566 καὶ
1888 5509 2023 5581 ποίᾳ

530 5702 571 5737 ⁶⁹
599 5701 788 5759 Matth.
818 5700 871 5771 ὅ,
900 5703 933 5760 5
962 5719 1114 5775 seqq.

2119 4528 2333 4570 sumus.

2174 4766 2474 4842 "Lugentes
2504 4788 2606 4828 nos
2637 4772 2919 4840 audimus,
2959 4788 3067 4830 nec
3107 4773 3211 4830 hos
3239 4773 3511 4829 consolari
3544 4773 3697 4828 vale-

2124 4881 2268 4921 mus.
2310 4864 2571 4920 Dolentes
2635 4865 2779 4922 ﬁlios
2812 4880 2877 4921 ac
2911 4865 3109 4922 ﬁentes
3154 4865 3468 4932 cernimus;
3515 4879 3695 4934 eoque

2123 4957 2347 5013 nomine
2377 4972 2523 5026 a-gre
2548 4956 2840 5021 habentes,
2873 4958 3019 5028 quod
3062 4958 3303 5028 pupillos
3354 4957 3477 5011 illos
3529 4956 3697 5010 relin-

2123 5064 2377 5120 quamus,
2411 5048 2771 5104 discedimus.
2810 5048 3027 5119 Ecquid
3056 5048 3183 5103 dico
3226 5048 3401 5102 ﬁlios?
3428 5047 3696 5101 Existimo

2123 5156 2188 5197 ea
2236 5138 2683 5210 apprehendente
2722 5140 2882 5203 hora,
2937 5139 3216 5195 neminem
3250 5137 3547 5193 sollicitum
3574 5150 3696 5190 esse

2125 5233 2389 5297 ﬁliorum,
2461 5232 2789 5298 amicorum,
2859 5234 3126 5297 fratrum,
3185 5231 3402 5295 uxoris;
3464 5230 3697 5284 aliamve

2124 5340 2314 5381 curam
2354 5325 2543 5389 ullam,
2572 5339 2636 5379 ac
2668 5325 2949 5379 tristitiam
2985 5324 3348 5379 decedentem
3392 5322 3691 5383 incessere,

2122 5434 2289 5490 quam
2339 5433 2567 5473 suorum
2616 5417 2975 5484 delictorum,
3024 5433 3088 5473 ac
3137 5431 3375 5487 quonam
3420 5414 3584 5469 modo
3623 5414 3698 5469 sit

2125 5524 2461 5568 occursurus
2490 5508 2687 5582 judici,
2720 5508 2925 5580 quidve
2966 5523 3335 5581 responsurus
3360 5522 3375 5562 :
3402 5504 3513 5578 qua
3558 5505 3697 5563 hora
