4038 6208
355 317 508 382 3263

1627 309 1941 371 INCERTI
1981 310 2358 371 AUCTORIS

3477 308 3618 371 3264

364 445 658 503 egressura
693 432 768 488 sit
796 428 1060 485 adversus
1108 441 1236 484 eum
1281 425 1572 492 sententia,
1601 441 1666 482 ac
1698 426 1825 496 quis
1852 427 1938 497 ip-

2052 423 2164 496 ῶρᾳ
2190 427 2224 494 ἡ
2248 425 2524 494 ἀπόφασις
2549 423 2673 477 κατ’
2702 422 2866 478 αὐτοῦ
2895 423 3200 495 ἐξέρχεται,
3238 423 3331 478 καὶ
3359 423 3510 485 ποῖος
3531 422 3621 475 τό·

364 538 489 578 sum
539 525 612 579 sit
657 524 814 579 locus
859 528 1241 590 suscepturus.
1310 519 1450 573 Num
1496 517 1740 572 tenebrae
1783 527 1938 573 exte-

367 615 589 670 riores?
614 614 757 669 Num
793 627 920 682 spes
955 610 1067 665 ulla
1103 607 1496 663 misericordia:
1531 616 1646 661 tum
1691 619 1937 676 superet,

368 714 596 776 repente
631 705 852 774 cogitat,
884 711 1177 771 astantque
1208 699 1332 756 duri
1362 715 1427 756 ac
1465 699 1709 754 immites
1757 697 1939 768 angeli

367 797 436 852 ab
459 797 767 852 animarum
794 794 1028 850 Domino
1061 793 1237 847 missi.

440 889 580 943 Tum
635 903 737 942 nos
781 901 878 942 eos
922 886 1211 950 videntes,
1269 883 1364 953 qui
1427 881 1680 953 imparati
1744 883 1938 948 simus,

367 980 644 1049 quomodo
675 977 934 1032 turbandi
962 976 1194 1032 sumus?
1226 990 1329 1029 nos
1372 975 1522 1044 ipsos
1568 973 1942 1044 discerpturi?

367 1066 549 1136 fugam
570 1065 900 1136 quaesituri?
945 1065 1199 1119 conaturi
1233 1063 1482 1133 quidem,
1529 1073 1586 1119 at
1640 1064 1939 1119 incassum.

369 1156 527 1212 Tunc
588 1157 1001 1212 miserabilibus
1058 1156 1114 1210 in
1173 1171 1268 1210 eos
1329 1157 1555 1210 intentis
1612 1156 1939 1222 luminibus,

369 1248 527 1300 vultu
571 1255 791 1313 mmsto,
852 1247 1230 1311 obsecrantes,
1291 1247 1589 1316 supplices,
1649 1247 1704 1300 in
1765 1263 1941 1318 genua

370 1339 620 1409 provolvi
667 1338 943 1401 nitentes,
993 1337 1242 1392 dicemus
1290 1354 1303 1390 :
1356 1337 1691 1393 Miseremini
1744 1338 1940 1402 nostri,

372 1430 750 1500 benignissimi
769 1429 967 1500 angeli.
993 1429 1070 1483 Ne
1090 1445 1175 1483 me
1196 1428 1377 1482 fructu
1412 1429 1562 1484 omni
1594 1428 1940 1493 destitutum,

373 1519 835 1590 immundumque
879 1521 945 1574 ad
972 1520 1217 1588 judicem
1249 1519 1472 1574 trahite.
1522 1519 1601 1574 Ne
1653 1519 1803 1574 omni
1855 1536 1944 1576 me

371 1612 520 1666 bono
545 1625 712 1680 opere
744 1611 953 1664 nudum
987 1624 1219 1679 corpore
1252 1609 1551 1665 extrudite.
1583 1609 1941 1676 Miseremini,

2044 534 2143 580 πος
2197 516 2426 581 δέξεται.
2456 510 2606 585 *Λρα
2636 517 2695 569 τδ
2723 515 2991 587 ἐξώτερον
3029 516 3219 580 σκότος
3241 530 3256 580 ;
3277 510 3426 586 Ἆρα
3473 516 3623 567 ἐστὶν

2043 611 2175 679 ἡμῖν
2191 607 2344 671 ἐλπὶς
2375 607 2592 674 ὲλέουςς
2613 603 2731 661 εἶτα
2745 611 2916 662 ὲννοεί
2935 608 3216 678 ἐξαίφνης,
3239 607 3335 660 καὶ
3370 605 3623 674 ἐφίσταγο

2041 717 2132 753 ται
2187 699 2407 768 ἄγγελοι
2455 701 2760 771 ἁπόστομοι
2783 701 2936 772 παρὰ
2963 700 3058 755 τοῦ
3079 699 3351 754 Δεσπότου
3382 698 3492 751 τῶν
3513 697 3620 769 ψυ-

2044 789 2156 860 χῶν
2184 790 2602 862 ἀπεσταλμένοι.

2112 883 2245 936 Τότε
2259 883 2480 947 τούτους
2494 885 2653 954 ἡμεῖς
2671 882 3006 956 θεωροῦντες
3017 882 3430 953 ἁνευτρέπιστοι
3448 881 3624 946 ὄντες,

2044 974 2163 1038 πῶς
2200 975 2330 1045 ἄρα,
2379 975 2496 1039 πῶς
2543 976 2812 1046 μέλλομεν
2852 974 3254 1046 ταράττεσθαι;
3285 973 3626 1043 σπαράσσειν

2045 1067 2138 1118 καὶ
2160 1065 2410 1134 φεύγειν·
2451 1065 2769 1136 δοκιμάζειν
2796 1065 2917 1136 μὲν,
2957 1064 3032 1136 μὴ
3081 1064 3343 1118 δύνασθαι
3381 1063 3461 1120 δέ.
3485 1065 3625 1117 Τότε

2047 1154 2366 1224 ἀτενίζομεν
2397 1155 2532 1226 πρὸς
2558 1156 2756 1219 αὐτοὺς
2775 1156 3026 1234 ὲλεοεινοῖς
3055 1154 3378 1224 ὀφθαλμοῖς,
3404 1154 3624 1226 στυγνῷ

2048 1246 2356 1317 προσώπῳ·
2391 1245 2872 1318 παρακαλοῦντες,
2909 1247 3262 1311 ἱκετεύοντες,
3305 1252 3628 1316 γονυπετεῖν

2044 1337 2448 1408 δοκιμάζοντες,
2478 1338 2729 1409 λέγομεν·
2747 1337 3036 1410 Ἑλεήσατε
3064 1341 3233 1409 ἡμᾶς,
3257 1338 3628 1411 φιλάνθρωποι

2045 1427 2287 1498 ἄγγελοι.
2346 1429 2436 1497 Μή
2470 1446 2537 1499 με
2571 1429 2820 1498 ἄκαρπον
2876 1429 2972 1482 καὶ
2998 1428 3309 1500 ἀκάθαρτον
3361 1429 3500 1499 πρὸς
3529 1427 3629 1481 τὸν

2048 1521 2242 1594 κριτὴν
2274 1522 2636 1593 ἀπενέγκητε.
2671 1522 2760 1592 Μή
2793 1539 2860 1592 με
2887 1520 3093 1590 γυμνὸν
3146 1521 3325 1591 πάσης
3357 1521 3629 1590 ἀγαθοερ-

2047 1613 2174 1682 γίας
2213 1613 2306 1665 τοῦ
2331 1611 2583 1682 σώματος
2604 1614 2902 1684 χωρίσητε.
2946 1611 3255 1682 Ἑλεήσατε,
3296 1612 3630 1682 μιμούμενοι

373 1703 590 1756 Domini
622 1702 971 1757 clementiam
1008 1702 1230 1756 imitati.
1275 1702 1454 1758 Sinite
1508 1703 1677 1758 breve
1724 1713 1944 1774 tempus

2052 1706 2316 1759 Δεσπότου
2347 1705 2780 1778 φιλανθρωπίαν.
2825 1706 3051 1759 Ἐάσατε
3076 1705 3257 1772 ὀλίγον
3279 1705 3470 1776 χρόνον
3528 1721 3632 1774 με-

373 1794 706 1862 paenitentiae
770 1794 924 1856 dare,
993 1809 1250 1864 gemere,
1297 1794 1676 1864 eleemosynas
1736 1794 1940 1849 facere.

2052 1796 2328 1866 τανοῆσαι,
2363 1798 2631 1866 στενάξαι,
2650 1795 3015 1868 ἐλεημοσύνας
3034 1795 3281 1866 ποιῆσαι.
3314 1795 3582 1858 Δυσωπῶ,
3601 1795 3633 1846 ὀ

373 1885 562 1956 Rogo,
618 1886 816 1952 miser;
869 1887 1195 1952 exoramini,
1237 1886 1493 1942 obsecro.
1549 1885 1764 1952 Quaeso,
1821 1895 1948 1942 vota

375 1978 664 2046 suscipite,
725 1993 792 2033 eo
826 1979 973 2048 quod
1009 1979 1150 2033 male
1194 1978 1385 2044 vitam,
1420 1993 1484 2032 ac
1524 1992 1700 2033 annos
1740 1978 1946 2035 insum-

375 2067 602 2136 pserim.

405 2179 416 2192 ·
447 2158 574 2213 Hace
610 2173 642 2212 a
691 2159 854 2214 nobis
905 2168 1019 2214 tum
1068 2158 1361 2214 audientes
1405 2157 1608 2229 angeli,
1640 2157 1706 2212 ad
1736 2172 1838 2211 nos
1860 2157 1946 2210 di-

376 2257 505 2306 cent
538 2250 775 2306 :Misera
814 2252 1018 2317 anima,
1059 2252 1283 2306 ubinam
1319 2259 1462 2306 lotos
1489 2250 1608 2306 dies
1633 2259 1757 2306 tuos
1781 2250 1950 2304 eras?

377 2341 448 2398 Ut
479 2341 612 2412 quid
650 2343 1019 2412 negligentius
1058 2343 1258 2413 egisti?
1298 2341 1588 2409 Quomodo
1610 2343 1721 2412 jam
1769 2341 1950 2412 pumi-

377 2435 605 2490 tentiam
633 2435 879 2505 quazris?
909 2433 999 2489 Sol
1029 2441 1157 2490 tuus
1204 2434 1468 2504 deinceps
1513 2434 1737 2489 occidit.
1785 2434 1950 2488 Tem-

378 2541 484 2595 pus
521 2534 672 2580 tuum
718 2537 1002 2596 peractum
1044 2534 1130 2581 est
1175 2547 1190 2581 :
1231 2525 1388 2581 venit
1427 2526 1562 2580 hora
1608 2541 1734 2580 eum
1779 2524 1954 2579 infru-

377 2626 569 2671 ctuosa
594 2615 964 2672 exscindenda
989 2631 1068 2671 es.
1093 2617 1240 2671 Deus
1263 2615 1462 2687 jussit;
1495 2616 1620 2684 quis
1638 2615 1896 2684 poculum
1919 2629 1951 2669 a

380 2714 434 2760 te
455 2715 701 2760 avertere
729 2706 972 2775 poterit?
994 2706 1038 2762 Ο
1068 2706 1268 2760 misera
1298 2705 1505 2775 probro
1537 2705 1768 2768 suﬂ‘usa,
1799 2720 1954 2774 egre-

380 2798 544 2862 dere;
595 2798 794 2876 dolens
846 2812 1219 2866 maarcnsque,
1270 2812 1549 2866 separare.
1607 2796 1784 2858 Veni,
1838 2793 1952 2865 igni

380 2889 757 2945 addiscentem
785 2888 1138 2953 sententiam,
1174 2903 1276 2958 pro
1316 2898 1408 2942 tua
1439 2886 1808 2950 immochIia,
1851 2902 1952 2954 pro

379 2997 572 3038 eorum
637 2982 850 3036 ratione
917 2996 1039 3050 quae
1102 2979 1468 3045 commisisti,
1524 2979 1736 3048 excipe.
1793 2978 1953 3032 Nulla

382 3075 646 3145 deinceps
676 3073 778 3129 tibi
809 3089 934 3143 spes
972 3073 1204 3143 reliqua.
1235 3073 1356 3128 Non
1399 3081 1486 3126 est
1527 3071 1696 3135 salus,
1730 3085 1841 3125 non
1869 3077 1954 3124 est

383 3167 727 3239 penitentia,
760 3182 872 3220 non
924 3174 1009 3220 est
1038 3165 1342 3228 revocatio,
1370 3179 1482 3218 non
1513 3172 1600 3217 est
1642 3163 1955 3217 misericor-

383 3260 495 3322 dia,
537 3274 646 3312 non
669 3263 799 3314 sunt
824 3256 1209 3311 miserationes
1247 3272 1260 3308 :
1288 3254 1446 3309 deest
1481 3253 1810 3316 consolatio,
1841 3267 1951 3306 non

383 3360 469 3408 est
495 3349 852 3420 exspectatio,
892 3346 1187 3403 clementia
1215 3344 1408 3401 deficit
1442 3362 1456 3398 :
1502 3343 1655 3398 nulla
1685 3343 1784 3398 tibi
1815 3343 1954 3397 resi-

385 3443 493 3497 dua
535 3440 846 3510 benignitas
907 3456 919 3491 :
975 3437 1126 3492 nulla
1195 3434 1509 3492 cruciandse
1571 3433 1955 3489 misericordia

385 3540 629 3602 superat,
665 3529 763 3586 sed
790 3539 996 3585 aeterna
1024 3544 1209 3598 paena.

452 3625 559 3694 Qui
587 3625 704 3680 haec
732 3624 1044 3687 audiamus,
1077 3636 1142 3676 ac
1169 3635 1299 3674 vera
1333 3619 1624 3675 credamus
1662 3633 1805 3683 esse,
1843 3633 1954 3672 non

387 3719 619 3782 fabulas,
644 3717 1065 3777 contendamus,
1101 3723 1164 3768 ut
1192 3723 1320 3768 ante
1359 3712 1506 3766 illam
1543 3712 1733 3766 horam
1771 3712 1951 3781 parati

387 3811 735 3865 (xsistamus.
769 3806 1185 3863 Consuetudine
1244 3804 1498 3859 inolitum
1541 3812 1648 3868 est,
1685 3803 1786 3868 ais,
1843 3818 1953 3856 non

389 3917 610 3973 gossum
642 3899 1019 3968 pmnitentiam
1045 3912 1224 3968 agere.
1261 3895 1453 3950 Nonne
1495 3894 1653 3949 vides
1690 3895 1955 3948 lactentes

389 4009 613 4064 {net-os,
640 4009 746 4062 qua
773 3991 1034 4061 paulatim
1075 3990 1287 4043 ratione
1311 3988 1682 4042 inhibeamus.
1706 3987 1956 4041 Nolimus

392 4099 492 4139 nos
541 4085 690 4153 ipsos
733 4082 1012 4150 decipere,
1041 4079 1258 4133 fratres.
1283 4076 1561 4133 Iudicium
1595 4084 1701 4140 est,
1749 4087 1954 4131 acterna

387 4175 689 4239 cruciatio,
735 4173 874 4243 ignis
906 4170 1391 4242 inexstinguibilis,
1441 4168 1644 4223 vermis
1674 4167 1790 4237 :qui
1845 4183 1954 4221 non

388 4266 613 4329 dormit,
643 4273 902 4327 tartarus,
922 4261 1181 4331 eiulatus,
1199 4259 1664 4329 quemadmodum
1697 4259 1751 4312 in
1773 4258 1954 4312 Evan-

389 4359 548 4429 geliis
593 4356 851 4418 monuit,
914 4369 1018 4407 nec
1069 4352 1367 4421 quidquam
1428 4351 1714 4415 mentitur,
1770 4351 1951 4406 absit:

2049 1889 2238 1954 τάλας,
2251 1889 2629 1960 δυσωπήθητε,
2649 1887 2972 1960 παρακαλῶ.
2987 1887 3402 1959 Παρακλήθητε,
3415 1887 3632 1956 δέομαι,

2049 1979 2183 2033 διότι
2238 1980 2424 2044 κακῶς
2455 1980 2546 2034 τὸν
2587 1969 2780 2034 ἑαυτοῦ
2831 1979 2945 2050 βίον
2993 1979 3308 2050 ὲδαπάνησα
3356 1979 3450 2032 καὶ
3502 1979 3634 2048 ἀνή-

2051 2070 2219 2125 λωσα.

2122 2164 2306 2218 Ταῦτα
2335 2165 2465 2235 παρ’
2492 2163 2648 2234 ἡμῶν
2673 2163 2796 2218 τότε
2825 2164 3115 2227 ἀκούοντες
3163 2164 3211 2216 oi
3261 2161 3505 2231 ἄγγελοι,
3541 2160 3634 2214 λέ·-

2052 2273 2208 2324 γουσι
2237 2255 2369 2325 πρὸς
2399 2251 2643 2326 ήμᾶς·Ὦ
2674 2255 2835 2309 ἀθλία
2858 2254 3025 2325 ψυχὴ,
3053 2255 3232 2317 πάσας
3254 2271 3348 2306 σου
3378 2257 3474 2317 τὰς
3495 2254 3635 2324 ημέ-

2057 2365 2152 2418 ρας
2182 2347 2283 2401 ποῦ
2313 2343 2409 2418 ἦς;
2431 2346 2529 2400 Διά
2559 2347 2613 2399 τί
2646 2347 2963 2418 ὴμέλησας;
2995 2345 3120 2408 Πῶς
3144 2345 3268 2417 ἄρτι
3298 2347 3634 2416 μετανοῆσαι

2054 2440 2260 2508 θέλεις;
2286 2439 2388 2493 Σοῦ
2424 2438 2611 2494 λοιπὸν
2637 2441 2664 2493 ὀ
2695 2438 2843 2510 ἥλιος
2862 2437 3068 2492 ἔδυσεν.
3087 2435 3188 2490 Σοῦ
3210 2437 3239 2489 ὀ
3260 2435 3447 2506 χρόνος
3471 2436 3629 2490 τετέ-

2052 2531 2257 2586 λεσται.
2285 2531 2386 2586 Σοῦ
2413 2533 2510 2602 τῆς
2539 2533 2789 2604 ἀκάρπου
2816 2534 2850 2602 ἡ
2871 2531 3080 2601 ὲκτομὴ
3115 2528 3367 2598 ἔφθασεν.
3411 2530 3465 2583 '0
3497 2531 3632 2593 Θεὸς

2054 2624 2336 2677 ἐκέλευσεν
2359 2640 2372 2656 ο
2397 2623 2480 2688 τίς
2505 2625 2564 2677 τὸ
2598 2624 2855 2694 ποτήριον
2882 2621 3222 2692 ἀποστρέψαι
3247 2637 3338 2673 σου
3371 2619 3594 2673 δύναται
3616 2636 3634 2682 ;

2052 2709 2123 2767 Ὠ
2171 2715 2419 2781 τάλαινα,
2451 2714 2632 2782 ἔξελθε
2682 2715 2819 2784 μετά
2868 2712 3166 2784 αἰσχύνηςο
3215 2711 3450 2783 χωρίζου
3512 2711 3636 2782 μετ’

2053 2805 2264 2876 ὀδύνης.
2311 2805 2500 2876 Δεῦρο,
2555 2805 2916 2870 κσταδικάζου
2947 2807 3008 2858 ὲν
3065 2804 3198 2875 πυρὶ
3228 2803 3451 2874 αἰωνίῳ,
3485 2803 3637 2855 κατὰ

2065 2897 2164 2966 τὴν
2198 2896 2425 2960 ἀταξίαν
2450 2914 2564 2962 σου,
2584 2897 2678 2951 καὶ
2707 2895 2850 2950 κατά
2869 2896 2968 2960 τὰς
2995 2895 3220 2966 πράξεις
3247 2911 3362 2949 σου.
3389 2893 3638 2965 Οὐδεμία

2057 3004 2150 3039 σου
2171 2985 2356 3040 λοιπὸν
2379 2987 2552 3049 ἐλπίς.
2597 2988 2710 3040 Ούκ
2763 2986 2881 3040 ἐστι
2927 2987 3170 3056 σωτηρία
3195 3001 3208 3014 ·
3247 2986 3346 3038 οὐκ
3388 2985 3503 3038 ἔστι
3534 3001 3638 3054 με-

1981 3109 2022 3165 C
2054 3079 2272 3132 τάνοιαο
2308 3079 2410 3132 οὐκ
2463 3075 2610 3132 ἔστιν
2636 3077 2932 3148 ἀνάκλησις
2955 3093 2972 3107 ·
3005 3078 3105 3130 οὐκ
3151 3076 3297 3131 ἔστιν
3320 3077 3498 3139 ἕλεος·
3532 3075 3638 3128 οὐκ

2056 3171 2192 3224 είσὶν
2225 3172 2525 3242 οἰκτιρμοίο
2564 3171 2665 3224 ούκ
2713 3170 2859 3241 ἔχεις
2913 3167 3269 3240 παραμυθίαν
3293 3183 3307 3199 °
3359 3167 3456 3220 ούκ
3485 3166 3639 3218 ἔστιν

2055 3261 2295 3332 ἁναμονή
2317 3278 2331 3292 ·
2361 3263 2461 3314 ούκ
2489 3261 2634 3332 ἔχεις
2655 3260 3067 3332 φιλανρθωπίαν
3087 3275 3102 3290 ⁸
3131 3259 3229 3312 ούκ
3261 3256 3377 3310 ἔστι
3404 3275 3484 3310 σοι
3518 3257 3636 3310 λοι-

2056 3352 2157 3406 πδν
2181 3353 2557 3425 φιλανθρωπία
2582 3370 2595 3382 ο
2619 3355 2720 3407 οὐκ
2757 3352 2904 3406 ἔστιν
2933 3368 3016 3403 σοι
3045 3349 3230 3404 λοιπὸν
3260 3348 3629 3418 εύσπλαγχνία

2058 3444 2417 3517 κολαζομένη,
2451 3445 2585 3499 ἀλλά
2616 3444 2831 3508 αἰώνιος
2853 3441 3115 3515 τιμωρία.

2130 3621 2315 3676 Ταῦτα
2347 3621 2696 3686 ἀκούσαντες,
2727 3623 2822 3677 καὶ
2869 3622 3220 3687 πιστεύοντες
3253 3620 3425 3692 ἀληθῆ
3464 3616 3636 3685 εῖναι,

2059 3715 2152 3766 καὶ
2171 3714 2232 3766 ού
2259 3712 2482 3783 μύθους,
2534 3713 2951 3784 ἀγωνισώμεθα,
2987 3715 3092 3785 πρὸ
3115 3715 3212 3784 τῆς
3242 3713 3388 3784 ῶρας
3418 3713 3639 3783 ἐκείνης

2059 3799 2193 3857 εἶναι
2221 3805 2447 3875 ἕτοιμοι.
2485 3805 2843 3876 Σεσυνήθικα,
2869 3805 2964 3859 κα)⁵
3009 3807 3068 3858 οὐ
3098 3805 3334 3874 δύναμαι
3373 3805 3640 3875 μετανοῆ-

2061 3914 2172 3951 σαι.
2235 3898 2346 3966 Οὐχ
2379 3899 2510 3969 ὁρᾷς
2539 3897 2610 3951 τά
2639 3899 2810 3967 νήπια
2852 3897 2921 3951 τὰ
2954 3897 3209 3966 θηλάζειν
3243 3897 3633 3967 συνηθίσαντα,

2059 3987 2176 4051 πῶς
2212 3988 2352 4042 κατά
2391 3990 2586 4059 μικρὸν
2635 3989 3046 4060 ἀνακόπτομεν;
3103 3989 3177 4062 μὴ
3237 3989 3634 4060 πλανηθῶμεν,

2059 4077 2298 4146 ἀδελφοί.
2347 4078 2544 4149 Κρίσις
2595 4077 2773 4129 ἐστίν·
2829 4077 3048 4141 κόλασις
3113 4079 3326 4143 αίωνία,
3369 4080 3462 4131 καὶ
3522 4076 3640 4148 πῦρ

2059 4167 2340 4237 ἄσϐεστον,
2372 4170 2467 4222 καὶ
2503 4167 2716 4239 σκώληξ
2743 4168 3060 4239 ἀκοίμητος,
3094 4172 3186 4222 καὶ
3219 4172 3508 4240 τάρταρος,
3539 4173 3640 4223 καὶ

2061 4259 2323 4330 βρυγμὸς,
2353 4260 2448 4313 καὶ
2471 4259 2765 4330 κλαυθμὸς,
2783 4259 2859 4322 ὡς
2889 4261 2917 4312 ὀ
2947 4259 3144 4330 Κύριος
3173 4261 3228 4312 ὲν
3257 4263 3366 4323 τοῖς
3391 4261 3641 4329 Εὑαγγεο

2059 4351 2192 4415 λίοις
2213 4351 2614 4422 ἐμνημόνευσεν
2633 4367 2645 4380 ·
2684 4352 2777 4404 καὶ
2810 4351 2870 4403 ού
2892 4351 3162 4422 ψεύδεται,
3205 4351 3278 4421 μὴ
3303 4353 3529 4420 γένοιτο.
3566 4351 3639 4405 '0

389 4443 590 4500 Cwlum
635 4443 806 4504 enim,
851 4441 1049 4510 inquit,
1099 4450 1146 4493 et
1195 4449 1338 4494 terra
1388 4441 1722 4506 transibunt,
1800 4443 1950 4495 verba

2064 4441 2171 4510 γαρ
2212 4441 2491 4511 οὐρανὸς,
2529 4441 2714 4512 φησὶν,
2751 4443 2843 4495 καὶ
2877 4443 2914 4510 ἡ
2963 4440 3040 4510 τῇ
3082 4443 3542 4511 παρελεύσεταιθ
3578 4443 3641 4495 οἱ

390 4545 565 4591 autem
603 4553 716 4590 mea
760 4552 860 4588 non
893 4533 1334 4605 prwteribunt“'.
1371 4533 1496 4589 Hmc
1547 4535 1686 4605 ejus,
1741 4535 1956 4599 fratres,

390 4626 749 4680 formidolosa
798 4625 1007 4690 verba,
1055 4624 1510 4694 trcmendamque
1551 4625 1698 4679 illam
1742 4626 1955 4692 horam,

389 4734 556 4787 quam
597 4717 857 4783 diximus,
898 4717 1011 4786 jugi
1045 4715 1310 4770 memoria
1348 4724 1667 4781 teneamus;
1700 4732 1954 4785 vespere,

390 4822 572 4871 tuane,
606 4806 874 4871 meridie;
905 4807 960 4860 in
1004 4806 1144 4870 foro,
1175 4807 1230 4859 in
1255 4805 1512 4868 ecclesia,
1549 4805 1605 4859 in
1657 4817 1956 4874 conventu,

393 4898 448 4952 in
480 4897 646 4962 lecto,
681 4898 737 4951 in
769 4897 996 4964 balneo;
1041 4897 1096 4950 in
1145 4912 1334 4951 mensa
1377 4896 1702 4966 cumprimis
1732 4897 1963 4952 laudan-

393 4996 496 5052 tes,
534 5003 601 5042 nc
630 5003 797 5058 supra
827 4989 1048 5043 modmn
1085 4988 1301 5043 deliciis
1357 4987 1762 5056 indulgeamus.
1804 4989 1958 5043 Nun-

392 5092 557 5146 quam
601 5077 722 5148 ejus
762 5092 865 5132 nos
925 5077 1132 5131 oblivio
1171 5077 1374 5147 capiat.
1427 5078 1519 5132 Ait
1573 5080 1724 5133 enim
1776 5079 1962 5134 divina

393 5166 676 5236 Scriptura
702 5186 715 5220 :
739 5166 1035 5221 Memorare
1067 5168 1348 5222 novissima
1381 5177 1494 5234 tua,
1533 5179 1581 5223 et
1622 5172 1677 5224 in
1708 5177 1963 5224 wtcrnum

393 5273 497 5311 non
531 5257 761 5327 peccabis
779 5259 849 5311 '°.

466 5347 664 5419 Utique
693 5365 826 5405 vero
859 5351 1128 5420 tantisper
1153 5366 1256 5422 ego
1287 5351 1564 5422 Sapientis
1597 5353 1828 5408 verbum
1857 5353 1963 5408 im-

394 5447 636 5504 mutans,
677 5439 858 5496 dicam
892 5459 905 5495 :
942 5442 1238 5507 Memento,
1286 5459 1320 5498 ο
1375 5444 1561 5510 homo,
1596 5444 1828 5500 fratrum
1859 5461 1963 5500 no-

394 5536 632 5584 strorum
663 5532 758 5602 qui
790 5532 844 5587 in
877 5534 1192 5602 captivitate
1235 5534 1462 5606 degunt.
1507 5545 1564 5591 et
1608 5536 1663 5590 in
1693 5546 1960 5592 aeternum

466 5705 532 5736 δ”
577 5705 764 5762 Matth.
833 5726 978 5774 xxiv,
1041 5711 1128 5766 55.
1204 5714 1248 5746 ⁸ο
1282 5712 1450 5768 Eccli.
1490 5730 1580 5778 vn,
1614 5715 1666 5767 4.

2065 4532 2132 4585 δὲ
2162 4533 2330 4602 λόγοι
2355 4550 2474 4601 μου
2509 4534 2584 4586 οὐ
2606 4532 2691 4601 μὴ
2722 4531 3120 4600 παρέλθωσιν.
3173 4531 3393 4584 Τούτων
3443 4533 3637 4598 αὑτοῦ,

2064 4621 2302 4691 ἀδελφοὶ,
2326 4621 2432 4676 τῶν
2467 4621 2711 4692 φοϐερῶν
2743 4622 2934 4690 λόγων,
2971 4624 3064 4675 καὶ
3090 4621 3188 4691 τῆς
3224 4624 3455 4693 φρικτῆς
3487 4623 3643 4695 ὧρας

2063 4717 2278 4787 ἐκείνης
2312 4715 2414 4785 τῆς
2447 4715 2850 4788 προειρημένης
2888 4715 2974 4769 διὰ
3007 4715 3223 4775 πάντως
3252 4714 3646 4788 μνημονεύσω-

2059 4821 2178 4876 μεν·
2216 4807 2273 4858 ὲν
2293 4806 2521 4877 ἑσπέρᾳ,
2548 4806 2642 4858 καὶ
2675 4804 2839 4876 πρωῒ,
2875 4807 2969 4859 καὶ
2993 4805 3332 4876 μεσημδρίαθ
3358 4806 3414 4857 ὲν
3433 4805 3640 4876 ἀγορᾷ,

2058 4899 2114 4948 ὲν
2135 4895 2416 4966 ὶκκλησία,
2447 4898 2505 4948 ὲν
2537 4895 2863 4968 πανηγύρει,
2891 4897 2949 4950 ὲν
2979 4895 3154 4966 κλίνῃ,
3187 4897 3244 4949 ὲν
3269 4893 3550 4965 βαλανείω,
3579 4898 3644 4948 ὲν

2057 4986 2308 5059 τραπέζῃ
2335 4985 2648 5051 δοξάζοντες
2703 4986 2959 5057 μάλιστα,
3020 4987 3108 5040 ἵνα
3140 4986 3214 5057 μὴ
3243 4985 3380 5059 ὑπὲρ
3433 4985 3645 5064 μέτρον

2060 5079 2447 5149 τρυφήσωμεν.
2502 5079 2788 5149 Μηδέποτε
2819 5079 3025 5149 ταύτης
3058 5077 3473 5147 ἐπιλαθώμεθα·
3501 5077 3644 5144 φητὶ

2061 5171 2168 5240 γὰρ
2196 5170 2229 5240 ἡ
2253 5169 2372 5223 θεία
2397 5169 2609 5239 Γραφὴ,
2625 5168 3114 5239 Ὑπομιμνήσκου
3144 5168 3214 5221 τὰ
3239 5165 3469 5235 ἐσχατὰ
3491 5181 3641 5232 σου,

2061 5261 2160 5315 καὶ
2192 5265 2280 5327 εις
2312 5262 2418 5316 τὸν
2441 5261 2626 5316 αἰῶνα
2656 5263 2727 5316 οὐ
2749 5261 2836 5330 μὴ
2875 5259 3247 5328 ἁμαρτήσῃς.

2131 5354 2286 5424 Τάχα
2305 5354 2362 5408 δὲ
2382 5354 2577 5424 μικρὸν
2605 5352 2716 5422 ἐγὼ
2740 5352 2834 5406 τοῦ
2865 5352 3037 5422 Σοφοῦ
3069 5353 3160 5405 τὸν
3183 5352 3342 5420 λόγον
3375 5349 3644 5403 ἐναλλάτξ

2059 5461 2186 5510 των,
2213 5445 2374 5512 λέγω.
2408 5444 2879 5516 Ὑπομιμνήσκου,
2909 5443 2954 5496 ὦ
2993 5443 3268 5516 ἄνθρωπε,
3292 5443 3399 5497 τῶν
3427 5445 3485 5496 ὲν
3518 5444 3648 5513 αἰχ-

2065 5537 2312 5609 μαλωσίᾳ
2338 5536 2581 5608 ἀδελφῶν
2601 5537 2778 5609 ἡμῶν,
2813 5537 2908 5590 καὶ
2946 5538 3024 5601 εἰς
3052 5535 3220 5591 αἰῶνα
3242 5535 3303 5590 ού
3345 5535 3420 5607 μὴ
3455 5535 3649 5606 ἁμαρ-
