4038 6208
392 238 539 307 3265

1515 223 1615 286 DE
1654 221 1978 284 PERSICA
2014 225 2529 307 CAPTIViTATE.

3527 231 3670 301 3266

396 346 497 416 τῆς
518 360 531 374 ·
565 339 651 399 ναὶ
675 336 932 405 δυσωπῶ,
989 334 1066 409 μὴ
1094 332 1274 389 αὐτῶν
1313 331 1388 397 ὡς
1423 330 1761 401 ἄσπλαγχνοι
1792 330 1986 384 ἐπιλα-

2103 348 2199 388 aou
2250 335 2529 404 peccabis.
2580 334 2655 389 lla
2721 333 2958 391 obsecro
3007 352 3077 392 ne
3140 352 3363 400 eorum.
3409 347 3670 413 tanquam

398 433 653 508 θώμεθα·
689 430 805 487 ἀλλ’
851 433 910 486 ὲν
937 429 1105 483 παντὶ
1134 426 1312 498 καιρῷ
1343 424 1438 479 καὶ
1485 423 1636 495 τόπῳ
1676 424 1986 495 μνημονεύ-

399 546 583 601 σωμεν
600 544 615 561 ·
643 526 834 596 ὥσπερ
861 525 962 594 τὴν
994 522 1216 593 μνήμην
1244 518 1342 573 τοῦ
1386 519 1644 586 θανάτου,
1665 516 1842 581 οὕτως
1891 516 1989 575 καὶ

400 624 496 696 τὴν
529 620 757 676 ἐκείνων
791 620 849 671 ὲν
874 617 1059 679 αὐτοῖς
1087 613 1499 684 περιφέροντες.
1536 612 1665 666 Ἐὰν
1703 614 1762 665 ἐν
1791 611 1990 682 εὐκτη-

404 717 543 789 ρίοις
575 713 880 781 διάγωμεν,
910 709 1028 762 ἐκεῖ
1065 705 1245 759 αὐτῶν
1303 704 1540 775 μάλιστα
1571 704 1709 774 μετὰ
1736 702 1988 775 δακρύων

406 804 888 880 μνημονεύσωμεν.
934 799 1052 853 Κᾶν
1077 797 1239 851 πάλιν
1269 798 1326 851 ὲν
1356 795 1606 869 τραπέζῃ
1632 794 1987 865 ἀνακείμενοι

402 902 760 972 ύπάρχωμεν,
800 894 895 948 καὶ
923 894 981 946 ὲν
1014 892 1151 961 αὐτῇ
1179 889 1280 961 τὴν
1329 888 1717 959 αἰχμαλωσίαν
1770 904 1983 959 μνημο-

401 992 702 1061 νεύσωμεν,
741 986 994 1057 λέγοντες
1014 1001 1029 1018 ο
1061 984 1182 1046 Πῶς
1210 983 1259 1035 oi
1287 981 1507 1050 ἀδελφοὶ
1552 979 1709 1051 ἡμῶν
1758 980 1883 1051 ἄρτι
1910 978 1989 1050 τῷ

402 1082 548 1155 λιμῷ
569 1079 924 1153 δαμάζονται,
974 1078 1135 1148 ἡμεῖς
1158 1075 1215 1128 δὲ
1242 1073 1496 1142 ἐσθίομεν
1547 1073 1644 1125 καὶ
1696 1069 1989 1141 εὐφραινὸ-

410 1176 580 1249 μεθα;
616 1174 734 1228 Κᾶν
763 1172 822 1226 ὲν
850 1173 917 1242 τῇ
939 1169 1097 1241 κλίνῃ
1137 1165 1493 1229 καθεύδοντες
1547 1164 1644 1218 σὺν
1674 1165 1739 1235 τῇ
1774 1162 1989 1233 συμὸίῳ

409 1266 686 1339 ὲσώμεθα,
731 1264 958 1318 ἐκείνων
988 1262 1087 1332 τὴν
1119 1258 1328 1314 ἔννοιαν
1360 1256 1722 1327 ἀναλάϐωμεν
1749 1257 1987 1326 ἐκπλητ-

404 1361 644 1430 τόμενοι,
667 1358 762 1412 καὶ
783 1356 1055 1425 λέγοντεςο
1084 1352 1267 1416 Πῶςοί
1290 1351 1668 1422 εὐγενέστεροι
1701 1349 1858 1420 ἡμῶν
1892 1349 1989 1403 σὺν

404 1453 516 1515 τοῖς
548 1449 759 1522 θηρίοις
808 1449 866 1500 ὲν
921 1448 986 1517 τῇ
1018 1443 1139 1517 ὥρᾳ
1179 1442 1354 1517 ταύτῃ
1378 1443 1439 1498 ἐν
1478 1442 1707 1515 ἐρήμοις
1753 1441 1848 1496 ἐπὶ
1896 1439 1987 1495 τοῦ

407 1542 640 1613 ἐδάφους
661 1538 1038 1603 καθεύδουσιν;

476 1635 593 1689 Ούκ
637 1631 1030 1704 αἰσχυνόμεθα,
1089 1628 1330 1698 ἀδελφοὶ,
1365 1626 1489 1682 οὐδὲ
1538 1627 1639 1696 τὴν
1688 1625 1990 1697 μέλλουσαν

406 1726 589 1799 κρίσιν
618 1724 953 1796 φρίττομεν·
984 1723 1196 1792 ὅτιπερ
1242 1722 1404 1792 ἡμεῖς
1439 1720 1643 1790 σηρικὰ
1674 1720 1769 1774 καὶ
1803 1718 1989 1789 βύσσι-

406 1837 473 1873 να
506 1816 923 1888 ὲνδεδυμένοιὲν
949 1816 1016 1885 τῇ
1046 1812 1315 1884 ἐκκλησία
1336 1810 1634 1882 ἐρχόμεθα,
1666 1811 1793 1874 τοὺς
1832 1809 1987 1863 ἁδελ-

407 1914 541 1977 φοὺς
570 1911 727 1983 ἡμῶν
757 1910 864 1981 πρὸ
910 1907 1021 1961 τῶν
1064 1905 1246 1963 πυλῶν
1278 1904 1379 1975 τῆς
1421 1904 1719 1974 ἐκκλησίας
1748 1904 1991 1975 γυμνοὺς

406 2005 505 2059 καὶ
558 2002 883 2075 ὲρριμένους
947 2001 1042 2054 καὶ
1081 1996 1459 2067 ταλαιπώρους
1507 1996 1988 2067 παραϐλέποντεςς

410 2097 784 2151 Ἀκουέτωσαν
804 2095 861 2149 ai
876 2091 1247 2165 κοσμούμεναι
1267 2088 1362 2144 καὶ
1377 2086 1872 2161 καλλωπιζόμεναι,
1896 2086 1993 2143 καὶ

408 2187 834 2243 παυσάσθωσαν.

388 2272 391 2275 ¹
480 2278 546 2331 Τί
569 2279 763 2343 ποιεῖς,
780 2280 809 2331 ὁ
826 2276 1009 2346 γύναι,
1023 2275 1101 2347 τῷ
1112 2274 1289 2347 καιρῷ
1303 2275 1363 2329 ού
1380 2274 1656 2345 πρέποντα
1668 2271 1991 2346 πράγματα;

408 2366 557 2442 Ἀρα
598 2387 658 2424 σε
685 2369 745 2423 ού
788 2368 1041 2441 μαστίζει
1087 2368 1340 2439 χαλεπῶς
1388 2367 1450 2420 τὸ
1475 2366 1737 2432 συνειδὸς,
1771 2366 1853 2419 ὅτι
1886 2382 1993 2437 περ

410 2462 469 2513 ὲν
486 2458 713 2532 τοιαύτῃ
742 2458 941 2529 ἀπειλῇ
978 2456 1163 2529 χρυσῷ
1184 2457 1288 2511 καὶ
1341 2455 1709 2528 μαργαρίταις
1755 2471 1993 2509 κατακο-

413 2553 622 2624 σμήσαι
653 2550 850 2621 σουτὺν
870 2550 1160 2622 τράχηλον,
1184 2550 1282 2613 τὰς
1298 2551 1509 2620 χεῖρας,
1532 2550 1657 2612 τοὺς
1676 2547 1865 2611 πόδας,
1894 2548 1993 2617 τὴν

413 2645 611 2717 ζώνην,
643 2644 913 2716 βλέπουσα
958 2643 1085 2707 τοὺς
1119 2643 1245 2705 σοὺς
1299 2641 1587 2711 ἀδελφοὺς,
1651 2638 1781 2701 ἴσως
1812 2637 1867 2690 δὲ
1903 2636 1997 2689 καὶ

414 2737 851 2808 εὐγενεστέρους,
875 2735 1134 2806 σιδήροις,
1158 2734 1255 2787 καὶ
1284 2732 1484 2799 κλοοϊς,
1514 2732 1608 2787 καὶ
1640 2730 1815 2796 ξύλοις
1832 2743 1998 2781 πεπεα

412 2830 476 2902 δη
486 2830 699 2901 μένους,
722 2828 817 2883 κα)⁸
837 2826 1314 2898 πεφορτωμένους,
1334 2825 1429 2877 καὶ
1440 2822 1994 2893 καταϐαρουμένουςς

416 2922 529 2976 Ούκ
554 2920 885 2991 αἰδούμεθα;
910 2921 983 2974 Ού
1019 2915 1422 2988 συστεηόμεθα
1440 2916 1550 2972 τῶν
1569 2915 1825 2970 τοιούτων
1855 2929 1997 2984 πρα-

414 3015 642 3087 γμάτων
661 3030 677 3080 ;

500 3102 661 3158 Ἀλλὰ
677 3101 729 3155 τί
754 3100 955 3162 εὐθέως
977 3098 1085 3153 τῶν
1110 3097 1366 3154 τοιούτων
1385 3097 1636 3169 ἀφρόνων
1655 3094 1725 3150 τὰ
1748 3095 1999 3168 (inpura;

419 3194 518 3249 Διὰ
547 3192 726 3259 τοῦτο,
753 3191 938 3263 φησὶν,
969 3191 1204 3245 δέδωκέν
1224 3208 1314 3261 μοι
1335 3193 1363 3245 ό
1393 3189 1524 3254 Θεὸς
1555 3190 1643 3244 ῐνα
1670 3190 1848 3244 αὐτῶν
1867 3190 2003 3244 ἀπο-

418 3286 623 3353 λαύσω,
653 3286 747 3340 καὶ
766 3286 824 3339 ἐν
844 3287 1028 3349 αὐτοῖς
1057 3283 1459 3356 εύφραίνωμαι.
1491 3284 1865 3357 Πεπλάνησαι,
1896 3283 1999 3338 ἄν·

2090 422 2553 481 immisericordia
2576 426 2893 495 compositi.
2929 426 3362 497 obliviscamur;
3397 432 3493 486 sed
3518 438 3670 489 omni
3710 416 3713 419 ἢ

2090 525 2339 588 tempore
2387 534 2453 574 ac
2482 521 2608 575 loco
2641 535 2835 575 eorum
2865 522 3287 578 meminerimus
3315 534 3416 580 :ut
3454 541 3669 593 eorum,

2089 610 2237 665 haud
2274 626 2436 667 secus
2462 627 2526 667 ac
2562 612 2779 678 mortis,
2820 614 3009 683 jugem
3042 613 3097 668 in
3134 615 3297 669 nobis
3348 620 3670 674 memoriam

2090 705 2567 762 circumferamus.
2611 706 2749 761 Cum
2795 706 3070 763 fuerimus
3130 708 3185 761 in
3235 712 3499 777 oratorio,
3558 714 3673 769 illic

2090 799 2325 854 maxime
2354 815 2548 855 eorum
2582 815 2706 854 cum
2732 799 2990 870 lacrymis
3018 800 3192 856 simus
3224 817 3520 857 memores.
3544 803 3672 858 Sive

2092 890 2292 946 iterum
2325 892 2383 945 in
2420 906 2611 946 mensa
2652 891 3071 957 recumbamus,
3106 891 3162 946 in
3210 908 3274 947 ea
3311 908 3533 963 quoque
3579 910 3674 949 ea-

2090 985 2272 1054 ptivos
2310 985 2641 1051 recolamus,
2672 985 2921 1041 dicentes
2959 1004 2972 1039 :
3007 987 3296 1053 Quomodo
3324 988 3433 1059 jam
3475 989 3676 1043 fratres

2090 1077 2266 1132 nostri
2300 1077 2444 1132 fame
2473 1088 2842 1143 macerantur,
2870 1094 2971 1134 nos
3000 1096 3133 1133 vero
3165 1081 3569 1135 manducamus
3618 1089 3675 1136 et

2090 1171 2417 1239 epulamur?
2448 1170 2577 1226 Sive
2614 1171 2671 1225 in
2719 1172 2864 1227 lecto
2909 1186 3036 1226 cum
3085 1188 3257 1227 uxore
3309 1173 3675 1239 dormiamus,

2092 1261 2314 1316 illorum
2362 1277 2707 1317 resumamns
2754 1263 3101 1328 memoriam,
3139 1263 3526 1319 vehementius
3570 1266 3675 1319 mi-

2092 1360 2300 1418 rantes,
2334 1368 2398 1408 ac
2440 1353 2690 1409 dicentes
2720 1370 2733 1407 :
2766 1352 3056 1421 Quomodo
3084 1355 3179 1425 qui
3216 1354 3380 1409 nobis
3417 1362 3549 1410 sunt
3580 1372 3679 1411 no-

2093 1445 2347 1510 biliorcs,
2379 1447 2497 1517 ipsa
2524 1448 2630 1503 hac
2666 1448 2802 1503 hora
2828 1463 2955 1503 eum
2984 1448 3178 1503 bestiis
3209 1449 3265 1502 in
3285 1447 3508 1504 deserto
3527 1449 3677 1505 nuda

2093 1537 2264 1592 humo
2303 1539 2553 1593 cubant?

2163 1629 2285 1683 Non
2316 1646 2418 1685 nos
2442 1631 2634 1701 pudet,
2671 1630 2891 1697 fratres,
2926 1647 3109 1703 neque
3136 1632 3678 1704 futurumjudicium

2095 1723 2419 1791 horremus;
2475 1724 2623 1795 quod
2660 1725 2856 1781 sericis
2888 1726 3163 1798 byssoque
3195 1728 3373 1783 induti
3411 1729 3467 1784 in
3501 1730 3680 1786 eccle-

2093 1814 2231 1870 siam
2284 1817 2607 1885 veniamus,
2642 1816 2952 1889 fratresque
3001 1829 3224 1876 nostros
3283 1834 3383 1891 pro
3430 1820 3682 1878 ecclesia

2092 1907 2312 1974 foribus
2338 1910 2538 1975 nudos,
2566 1912 2867 1983 proiectos,
2895 1912 3243 1969 miserabiles
3270 1914 3682 1985 despiciamus?

2094 2002 2341 2059 Audiant
2365 2020 2489 2073 quae
2527 2004 2865 2075 superfluum
2903 2005 3177 2061 mundum
3208 2007 3493 2065 luxuriose
3517 2007 3681 2064 adbi-

2095 2093 2252 2159 bent,
2281 2110 2461 2164 eoque
2488 2095 2825 2151 abstineant.
3626 2104 3649 2133 ν

2166 2273 2331 2340 Quid,
2358 2274 2580 2338 mulier,
2607 2281 2858 2346 praestas,
2885 2291 3005 2346 qua:
3039 2286 3169 2332 sunt
3197 2275 3433 2346 tempori
3462 2275 3682 2333 dissen-

2097 2365 2295 2420 tanea?
2319 2364 2461 2419 Num
2490 2374 2544 2420 te
2572 2366 2915 2422 conscientia
2946 2368 3193 2437 graviter
3217 2367 3499 2433 verberat,
3531 2368 3683 2437 quod

2097 2456 2153 2511 in
2201 2464 2352 2511 tanta
2405 2456 2796 2511 comminantis
2842 2457 2943 2512 Dei
2992 2456 3383 2524 districtione,
3438 2473 3575 2514 auro
3618 2470 3685 2515 ac

2097 2548 2414 2620 margaritis
2436 2549 2665 2613 collum,
2695 2564 2915 2614 manus,
2954 2549 3148 2619 pedes,
3175 2565 3369 2605 zonam
3394 2565 3682 2620 perornes,

2096 2654 2225 2695 cum
2256 2638 2459 2695 fratres
2485 2638 2675 2694 videas
2700 2647 2845 2704 tuos,
2892 2638 3033 2694 forte
3068 2656 3200 2694 vero
3227 2640 3396 2695 etiam
3421 2640 3684 2696 nobiliori

2099 2741 2249 2787 ortos
2275 2740 2597 2798 stemmate,
2650 2747 2716 2788 ac
2755 2733 3096 2804 ingenuitate
3122 2743 3472 2803 praestantes,
3510 2734 3682 2799 ferro,

2096 2822 2275 2893 cippis
2337 2823 2574 2886 vinctos,
2628 2830 2880 2886 onustos,
2956 2824 3252 2892 gravatos?
3322 2823 3466 2879 Num
3522 2838 3683 2879 vere-

2102 2911 2304 2967 cundia
2328 2911 2660 2966 movemur?
2681 2911 2823 2967 Num
2854 2911 2925 2969 ab
2946 2913 3219 2984 ejusmodi
3245 2913 3409 2970 factis
3436 2922 3684 2970 actutum

2027 3020 2071 3081 α
2103 3001 2480 3058 rctrahimur?

2174 3108 2245 3164 At
2269 3108 2401 3178 quid
2430 3107 2639 3175 statim,
2674 3124 2738 3164 ea
2760 3108 3040 3165 dementia
3089 3109 3413 3167 laborantes
3443 3112 3685 3183 loquun-

2103 3199 2219 3254 tur?
2270 3198 2503 3265 Idcirco,
2528 3199 2730 3269 inquit,
2753 3200 2912 3256 dedit
2941 3201 3273 3267 mihi*Deus,
3299 3213 3363 3258 ut
3394 3203 3483 3259 his
3505 3204 3682 3271 fruar,

2103 3290 2270 3361 inque
2304 3290 2413 3345 illis
2450 3290 2701 3346 delieier.
2734 3290 2924 3357 Erras,
2945 3290 3134 3346 homo.
3164 3290 3424 3348 Redemit
3452 3300 3506 3350 te
3527 3292 3689 3351 Chri-

422 3379 628 3453 θρωπε.
670 3376 1045 3450 Ἐλυτρώσατό
1072 3393 1131 3430 σε
1158 3377 1390 3447 Χριστός
1412 3393 1425 3406 ·
1464 3375 1694 3430 πλοῦτόν
1729 3394 1811 3430 σοι
1840 3375 1996 3429 δέδω-

2103 3391 2251 3447 stus;
2302 3380 2455 3437 dedit
2506 3381 2731 3436 divitias
2770 3389 2832 3435 ut
2864 3381 3107 3437 redimas
3148 3381 3348 3439 fratres
3385 3392 3511 3441 tuos
3544 3426 3560 3451 ,
3624 3396 3687 3442 ut

423 3490 540 3539 κεν,
572 3471 661 3527 ἵνα
707 3472 834 3534 τοὺς
864 3471 988 3534 σοὺς
1016 3469 1280 3538 ἀδελφοὺς
1309 3466 1629 3539 λυτρώσῃςο
1665 3469 1752 3520 ἶνα
1815 3469 1996 3529 αὐτοῖς

2103 3487 2295 3528 eorum
2327 3473 2663 3536 miserearis,
2709 3487 2774 3527 ac
2821 3474 3208 3529 misericordia
3238 3475 3295 3529 in
3337 3491 3435 3531 eos
3466 3478 3686 3548 impen-

421 3566 806 3637 συμπαθήσῃς,
838 3564 932 3616 καὶ
954 3561 1040 3614 διὰ
1066 3562 1164 3631 τῆς
1202 3558 1568 3629 συμπαθείας,
1608 3557 1799 3610 ἑαυτὸν
1834 3556 1996 3619 ὅντως

2104 3567 2235 3629 sior,
2265 3564 2499 3618 salutem
2525 3564 2909 3633 consequaris.
2945 3564 3199 3634 Spoliare
3229 3566 3342 3622 cito
3371 3570 3683 3639 superflua,

422 3661 620 3730 odiem.
684 3656 921 3709 Εκδυσαι
946 3651 1227 3719 συντόμως
1267 3649 1337 3701 τὰ
1372 3646 1601 3719 περιττὰ
1621 3646 1714 3700 κοιλ⁸
1734 3646 1996 3717 ἀνόνητα·

2104 3672 2167 3712 ac
2184 3672 2305 3724 quae
2325 3655 2564 3711 utilitate
2583 3665 2804 3723 carent;
2838 3657 2951 3712 imo
2975 3672 3100 3726 qua:
3120 3669 3343 3724 nocent,
3368 3675 3435 3714 ac
3454 3662 3686 3720 exitium

424 3751 624 3824 μᾶλλον
650 3748 708 3803 δὲ
751 3748 819 3803 τὰ
850 3744 1091 3818 βλαδερά
1131 3744 1223 3796 καὶ
1254 3739 1496 3811 ὀλέθρια⁶
1527 3740 1791 3794 "Sinam
1811 3739 1996 3804 ὀξέως¹

2103 3747 2346 3818 pariunt.
2395 3746 2651 3801 Esuriem
2711 3756 3002 3817 promptus
3056 3748 3436 3816 amplectere:
3474 3748 3689 3822 Frange

421 3843 762 3913 Διὰθρυψον
791 3835 1042 3894 πεινῶσι
1078 3835 1185 3888 τὸν
1213 3833 1415 3903 ἄρτον.
1448 3833 1629 3886 Σῶσον
1653 3831 1996 3902 κηδεύοντας.

2105 3837 2358 3891 esurienti
2381 3851 2576 3906 panem
2600 3835 2668 3887 δι.
2700 3832 2869 3889 Serva
2900 3835 3070 3890 animi
3098 3837 3309 3893 anxios.
3362 3837 3419 3893 Si
3481 3839 3689 3897 videris

423 3937 522 3989 Ἂν
568 3933 775 4004 γυμνὸν
800 3932 940 4003 ἴδῃς,
971 3927 1160 3983 τοῦτον
1191 3926 1430 3992 ἔνδυσον,
1472 3924 1668 3980 ἐννοῶν
1692 3925 1772 3977 ὅτι
1797 3924 1996 3994 γυμνὸς

2104 3928 2340 3992 nudum,
2389 3935 2572 3981 vestes
2630 3926 2836 3995 przcbe,
2890 3928 3139 4004 cogitans
3192 3929 3309 3985 fore
3380 3940 3442 3986 ut
3501 3948 3687 3990 coram

421 4026 559 4098 πρὸς
578 4003 667 4078 τὸν
688 4022 881 4094 κριτὴν
900 4020 1202 4092 ἀπελεύσῃ.
1222 4020 1349 4073 Ἐὰν
1372 4018 1519 4084 ξένον
1539 4018 1727 4090 θεάσῃ,
1749 4016 1996 4081 ὑπόδεξαι

2103 4020 2287 4092 judice
2322 4018 2508 4073 nudus
2557 4016 2796 4073 sistaris.
2853 4017 2910 4073 Si
2964 4003 3295 4088 peregrinus
3354 4023 3686 4090 occurrerit,

421 4117 489 4171 δι’
508 4115 677 4171 αὑτοῦ
709 4114 973 4186 Χριστὸν,
1006 4113 1098 4167 τὸν
1120 4113 1210 4167 διὰ
1237 4113 1295 4166 σὲ
1324 4111 1417 4165 ἐπὶ
1445 4110 1551 4182 γῆς
1596 4108 1996 4174 ξενιτεύσαντα.

2106 4112 2327 4182 suscipe
2364 4111 2420 4165 in
2469 4127 2536 4166 co
2577 4109 2885 4178 Christum,
2915 4112 3011 4182 qui
3050 4111 3127 4166 tui
3182 4128 3347 4169 causa
3401 4114 3602 4185 hospes
3632 4117 3690 4172 in

426 4210 525 4263 “Av
553 4208 922 4281 χρεωφιλέτην
959 4205 1131 4276 λάϐῃς
1151 4206 1530 4277 ἀπορήσαντα,
1564 4200 1996 4270 γονυπετοῦντα,

2108 4214 2256 4261 terra
2289 4205 2412 4259 fuit.
2447 4204 2503 4258 Si
2534 4203 2847 4260 debitorem
2898 4220 3011 4260 non
3039 4206 3306 4261 solvendo
3332 4208 3690 4266 exsistentem

422 4300 797 4367 δυσωποῦντα,
822 4300 1015 4369 ἄφεσιν
1039 4297 1482 4371 παρακαλοῦντα,
1501 4293 1872 4364 κατανύγηθν
1897 4294 1996 4344 πᾶ-

2108 4295 2514 4367 deprehcndas,
2573 4297 2730 4367 isque
2778 4296 3053 4367 procidat,
3106 4297 3436 4365 obtestetur,
3485 4298 3691 4356 dimitti

425 4411 523 4448 σαν
552 4394 750 4466 ὀφελὴν
774 4392 1017 4462 εὔλογον,
1048 4392 1083 4464 ἢ
1142 4391 1335 4459 ἄλογον
1365 4386 1679 4460 διάρρηξον.
1709 4386 1810 4439 Ἂν
1845 4384 1996 4439 ἁσθε·

2110 4388 2389 4460 elllagitet,
2427 4388 2613 4445 animo
2643 4403 3049 4459 compungere;
3104 4374 3418 4446 cautionem
3446 4405 3689 4457 omnem,

424 4487 620 4541 νοῦντα
641 4486 785 4557 ὕψει,
810 4485 978 4552 ὀξέως
1010 4482 1369 4552 περιποίησαι
1388 4496 1403 4513 ο
1440 4480 1542 4550 τὴν
1571 4477 1670 4549 σὴν
1696 4476 1851 4545 ὑγίαν
1873 4474 2015 4528 αίδέ-

428 4578 607 4650 σθητι.
634 4579 731 4631 Ἂν
778 4576 1124 4646 αἰχμάλωτον
1178 4573 1349 4643 θεάσῃ
1404 4570 1733 4643 δακρύοντα,
1772 4564 2013 4638 προσπί-

428 4688 651 4738 πτοντα,
672 4667 1146 4740 ταλαιπωροῦντα,
1190 4661 1607 4737 χειμαζόμενον,
1640 4660 1804 4715 τόπον
1833 4661 1898 4712 ὲκ
1926 4656 2015 4710 τό·

429 4782 533 4819 που
564 4764 703 4837 πρὸς
730 4762 979 4818 εὐποιίαν
1007 4759 1429 4833 μετερχόμενον,
1451 4752 1847 4827 μαστιζόμενον
1870 4749 2014 4822 ὑπὲρ

430 4857 690 4929 Χριστοῦ,
728 4854 1229 4923 καταπονούμενον,
1264 4852 1361 4905 καὶ
1378 4849 1455 4912 ὡς
1475 4847 1671 4917 κτῆνος
1691 4841 2009 4915 πιπρασκό-

434 4949 593 5022 μενον
618 4964 632 4982 ·
658 4949 736 5019 μὴ
764 4947 922 5018 μόνον
946 4946 1204 5016 χρήματα
1224 4982 1240 5008 ,
1262 4941 1377 4995 ἀλλ’
1394 4942 1442 4999 εἰ
1458 4940 1701 5002 δυνατὸν,
1721 4937 1788 4992 τὰ
1802 4937 2013 4993 ἑαυτῶν

434 5042 663 5113 σώματα
695 5040 1114 5112 μεταδώσωμεν.
1146 5034 1328 5090 Καλὸν
1359 5034 1467 5104 γὰρ
1482 5033 1753 5104 ἀγορήσαι
1776 5032 2013 5104 Χριστὸν

432 5132 902 5203 πιπρασκόμενον.
928 5128 1039 5200 Τὴν
1075 5126 1186 5198 γὰρ
1217 5125 1400 5197 κρίσιν
1441 5126 1621 5177 πᾶσαν
1653 5121 1815 5186 αὐτὸς
1846 5122 2015 5177 πεπί-

434 5232 686 5278 οτεύται·
717 5222 813 5276 καὶ
866 5221 1053 5293 μέλλει
1108 5219 1264 5289 ἡμῖν,
1296 5217 1373 5283 ῶς
1420 5213 1574 5281 Θεδς,
1606 5214 1705 5284 τὴν
1738 5212 2017 5285 βασιλείαν

432 5316 777 5390 χαρίζεσθαι.

506 5500 620 5552 Οὐκ
638 5498 911 5569 ἀκούομεν
935 5496 987 5551 τί
1006 5497 1034 5551 ὁ
1053 5496 1306 5562 πλούσιος
1323 5495 1530 5568 ἐκεῖνος
1546 5493 1748 5552 ἔπαθεν
1763 5510 1779 5565 ;
1796 5491 2014 5566 Ἐπειδὴ

513 5686 556 5716 ⁸¹
605 5682 711 5740 lsa.
754 5697 903 5761 svnt,
938 5680 994 5738 7.

2111 4498 2219 4553 qua
2268 4481 2317 4538 is
2356 4483 2480 4554 jure
2510 4483 2595 4538 vel
2644 4483 2847 4554 injuria
2881 4482 3284 4554 obstringatur,
3314 4485 3592 4556 dirumpe.
3634 4484 3693 4541 Si

2110 4573 2360 4629 infirmos
2404 4573 2615 4639 videas,
2665 4589 2855 4629 curam
2914 4573 3101 4628 statim
3144 4573 3376 4640 adhibe;
3435 4591 3693 4632 reverere

2110 4663 2257 4733 quod
2292 4678 2462 4720 sanus
2488 4663 2607 4735 ipse
2642 4663 2900 4719 exsistas.
2939 4663 3036 4718 Sin
3064 4664 3320 4733 captivus
3377 4664 3435 4720 in
3500 4666 3697 4722 oculos

2112 4756 2385 4823 incurrat,
2407 4756 2566 4823 ﬂens,
2595 4755 2913 4827 procidcns,
2938 4754 3198 4817 amictus,
3224 4757 3485 4826 jactatus,
3514 4757 3697 4813 locum

2113 4865 2179 4905 ex
2220 4850 2341 4904 loco
2379 4848 2447 4903 ad
2498 4846 2902 4902 beneﬁcientiae
2946 4846 3260 4901 subsidium
3295 4848 3520 4918 aliquod
3579 4865 3703 4904 mu-

2115 4952 2261 5007 tans,
2286 4942 2382 5011 qui
2407 4939 2615 4996 Christi
2634 4938 3070 5010 causa'vapulet,
3095 4938 3381 4994 laboribus
3401 4949 3695 5006 atteratur,

2115 5034 2173 5089 in
2221 5031 2457 5105 iumenti
2505 5046 2720 5087 morem
2759 5040 3004 5099 veneat;
3036 5030 3242 5087 nedum
3275 5033 3561 5101 pecunias,
3599 5032 3696 5088 sed

2117 5135 2174 5182 et
2201 5134 2413 5191 nostra,
2449 5125 2494 5179 si
2529 5124 2650 5181 ﬁeri
2682 5125 2877 5195 possit,
2912 5140 3146 5195 corpora
3179 5122 3267 5178 his
3294 5124 3693 5194 impendamus.

2120 5218 2335 5272 Bonum
2366 5215 2515 5272 enim
2549 5214 2834 5271 Christum
2862 5231 3049 5271 emere
3092 5230 3311 5270 vanum
3343 5214 3699 5285 expositum;

2121 5308 2326 5379 quippe
2359 5306 2439 5362 illi
2471 5308 2856 5364 concreditum
2903 5323 3068 5364 omne
3104 5308 3412 5381 judicium;
3448 5322 3513 5362 ac
3540 5308 3703 5365 nobis

2123 5400 2263 5472 ipse,
2292 5400 2450 5458 velut
2477 5401 2646 5467 Deus,
2681 5416 2912 5473 regnum
2947 5401 3253 5473 largiturus
3289 5408 3395 5456 est.

2193 5493 2315 5552 Non
2356 5493 2615 5553 audimus
2677 5493 2809 5565 quid
2861 5492 3017 5551 diviti
3078 5493 3155 5549 illi
3213 5490 3529 5551 acciderit?
3584 5490 3705 5548 Una
