4038 6208
407 226 548 290 3267
1366 225 1769 288 MODESTUS
1814 224 2305 289 PATRIARCHA
2340 222 2750 287 HIEROSOL.
3543 221 3693 289 388

403 340 526 410 ejus
570 335 973 409 suppliciorum
1022 337 1189 403 ratio,
1258 338 1409 408 quod
1471 338 1743 393 Lazarum
1789 336 1990 409 despe-

2102 338 2189 393 τδν
2226 335 2481 409 Λάζαρον
2529 336 2806 409 ὑπεριδεν,
2856 334 3151 407 ὑπέμεινεν
3176 332 3321 406 ἅπερ
3368 331 3687 406 ὑπέμεινεν.

404 429 549 486 xerit
566 431 636 483 ε’.
658 430 819 485 Nunc
842 444 977 485 vero
1007 429 1173 485 hodie
1204 429 1394 500 plures
1419 439 1551 485 sunt
1579 430 1725 500 apud
1767 445 1870 486 nos
1891 431 1990 485 La-

2102 429 2214 486 Νῦν
2242 430 2301 484 δὲ
2335 431 2577 503 σήμερον
2619 429 2750 500 παρ’
2778 428 2938 500 ἡμῶν
2966 427 3154 483 πολλοὶ
3201 425 3466 499 Λάζαροι.
3505 428 3693 482 Καλὸν

404 520 542 575 zari.
569 521 798 576 Prtestat
843 537 1043 577 aurum
1072 521 1413 591 impendere,
1448 536 1513 576 ac
1543 519 1827 577 Christum
1867 537 1995 578 coe-

409 626 581 666 mere.
632 611 796 677 Num,
821 610 866 667 si
894 626 1125 683 regnum
1147 612 1416 666 caelorum
1436 626 1546 666 non
1565 611 1763 668 liceret
1782 628 1989 679 emere,

406 705 595 774 plures
642 703 847 759 dicturi
902 713 1063 759 erant
1096 719 1112 757 :
1144 703 1367 759 Utinam
1400 706 1667 774 pecunias
1702 720 1992 776 possemus

404 797 563 861 dare,
601 812 905 867 earumque
942 796 1124 867 pretio
1152 796 1251 853 Dei
1287 812 1519 868 regnum
1558 799 1801 855 referre!
1834 799 1992 853 Nunc

404 899 589 945 autem
623 889 799 959 palam
832 880 1086 945 videmus
1110 889 1452 958 venundari;
1486 905 1667 961 neque
1695 891 1749 946 id
1793 892 1989 958 multo,

406 989 467 1034 ut
495 978 591 1050 qui
614 979 800 1035 minus
818 980 1132 1051 locupletes
1156 989 1310 1049 sunt,
1332 983 1751 1039 excusationem
1783 983 1989 1039 nullam

402 1079 728 1141 praetexam.

472 1163 700 1232 Quisita
724 1180 961 1236 egenus,
990 1172 1184 1222 utnon
1202 1167 1378 1237 possit
1411 1167 1525 1223 duo
1555 1167 1751 1240 exigua
1778 1168 1991 1224 minuta

403 1272 603 1327 magna
652 1256 824 1311 animi
870 1256 1218 1324 incitatione,
1266 1259 1349 1314 uti
1395 1259 1567 1315 vidua
1618 1260 1809 1325 illa”,
1856 1260 1990 1315 dare

402 1348 656 1416 Christo;
688 1342 841 1420 'qua:
890 1366 1083 1406 revera
1116 1368 1184 1407 ex
1221 1367 1467 1423 paupere
1519 1352 1679 1408 dives
1712 1352 1991 1423 extemplo

402 1440 545 1497 facta
571 1444 701 1498 est?
729 1444 904 1500 Nemo
927 1445 1123 1500 inanes
1145 1446 1534 1501 excusationes
1558 1453 1789 1516 quaerat.
1817 1447 1991 1502 Nemo

404 1532 592 1587 dicat:
628 1534 750 1589 Non
800 1535 1008 1603 habeo;
1045 1551 1259 1606 pauper
1308 1552 1454 1591 sum.
1486 1536 1624 1603 Quis
1665 1553 1776 1593 non
1825 1537 1992 1593 habet

402 1623 668 1695 frigidum
697 1642 855 1697 aqua:
881 1628 1112 1684 calicem
1142 1630 1165 1681 ?
1194 1628 1332 1695 Quis
1354 1629 1429 1683 ita
1465 1644 1695 1699 egenus,
1724 1639 1783 1683 ut
1809 1629 1991 1684 bonus

2098 521 2521 593 ἀποκτήσασθαι
2548 520 2641 574 τὸν
2660 511 2885 591 χρύσδν,
2907 520 3004 575 καὶ
3023 518 3296 591 ἀγοράσαι
3317 518 3412 571 τὸν
3430 518 3689 590 Χριστόν.

2096 610 2245 686 Ἀρα
2273 615 2322 667 ει
2356 614 2432 685 μὴ
2459 609 2529 686 ἦν
2552 614 2823 684 ἀγοράσαι
2837 614 2938 685 τὴν
2966 610 3250 683 βασιλειαν
3277 609 3391 664 τῶν
3410 611 3469 664 οὗ
3481 610 3683 680 ρανῶν,

2097 706 2197 761 οὐκ
2219 701 2366 777 εῖχον
2391 706 2440 758 οἱ
2474 704 2660 759 πολλοὶ
2691 704 2871 773 λέγειν
2894 721 2911 737 ο
2942 704 3067 759 Εἴθε
3087 699 3155 776 ἦν
3190 700 3375 757 δοῦναι
3401 702 3686 773 χρήματα,

2096 798 2193 853 καὶ
2220 799 2319 869 τὴν
2351 796 2632 869 βασιλείαν
2660 796 2756 850 τοῦ
2769 796 2906 853 Θεοῦ
2930 795 3300 868 κομίσασθαις
3333 797 3456 847 νυνὶ
3476 792 3534 846 δὲ
3552 794 3693 864 ὁρῶ-

2099 909 2202 963 μεν
2235 892 2409 962 αὐτὴν
2440 889 2899 962 πιπρασκομένην
2922 888 3238 960 προφανῶς,
3286 887 3384 941 καὶ⁵
3407 885 3532 941 οὐδὲ
3560 886 3695 940 πολ-

2095 982 2213 1051 λοῦ,
2235 983 2323 1037 ἵνα
2356 982 2434 1055 μὴ
2465 980 2916 1055 προφασίσωνται
2940 982 2991 1034 οἱ
3020 978 3375 1053 πτωχότεροι.

2162 1165 2262 1229 Τις
2286 1163 2387 1218 οῦκ
2422 1163 2535 1236 ἔχει
2553 1162 2731 1217 λεπτὰ
2749 1161 2845 1216 δύο
2876 1160 3049 1236 μικρὰ
3068 1160 3252 1215 δοῦναι
3282 1158 3508 1230 Χριστῷ
3548 1156 3694 1230 μετὰ

2099 1256 2343 1329 μεγάλης
2376 1256 2709 1329 προθέσεως,
2736 1254 2812 1319 ὡς
2833 1255 3030 1327 ήχήρα
3054 1253 3261 1323 ἐκείνη,
3280 1253 3314 1323 ἡ
3342 1251 3511 1315 ὅντως
3536 1247 3691 1316 ἐξαξ-

2096 1367 2235 1421 φνης
2272 1352 2338 1403 ἐκ
2366 1349 2559 1411 πενίας
2589 1349 2978 1418 πλουτήσασας
3006 1347 3214 1419 Μηδεὶς
3236 1343 3686 1417 προφασιζὼθω.

2095 1443 2186 1514 Μή
2223 1458 2313 1512 μοι
2343 1439 2495 1510 λέγε,
2529 1440 2643 1495 οὐκ
2673 1439 2809 1510 ἔχω·
2860 1439 3078 1511 πτωχός
3121 1440 3261 1508 εἰμι.
3309 1436 3407 1501 Τίς
3440 1437 3540 1489 οὐκ
3569 1435 3691 1505 ἔχει

2097 1536 2358 1605 ποτήριον
2380 1532 2588 1604 ψυχρὸν
2619 1531 2831 1597 ὕδατος.
2860 1532 2958 1596 Τίς
2989 1532 3090 1586 οὐκ
3109 1530 3336 1601 εὐπορεῖ
3357 1528 3518 1596 λόγον
3546 1528 3693 1595 ἀγα-

2097 1627 2220 1694 θόν;
2251 1625 2347 1690 Τίς
2360 1626 2421 1679 οὐ
2432 1625 2655 1680 δύναται
2681 1625 2931 1693 στενάξαι
2958 1624 3053 1679 ἐπὶ
3079 1622 3309 1694 πτωχῷ;
3342 1621 3532 1685 Οὐδεὶς
3555 1619 3689 1675 τού-

401 1732 530 1773 eum
587 1734 771 1774 sermo
820 1719 1097 1775 deﬁciat?
1131 1720 1233 1777 Cui
1282 1737 1392 1775 non
1443 1721 1575 1776 licet
1630 1730 1691 1776 ut
1735 1722 1990 1793 pauperis

2102 1738 2206 1774 των
2232 1722 2449 1792 ἀπορεῖ.
2482 1720 2622 1774 Ἀλλ’
2645 1720 2815 1782 ὅντως
2834 1720 2868 1789 ἡ
2885 1715 3079 1789 γνώμη
3100 1714 3338 1785 ἀσθενής
3362 1728 3378 1743 ’
3406 1716 3503 1768 καὶ
3523 1712 3691 1767 τοῦτο

402 1809 761 1865 miseratione
804 1814 1033 1882 gemat?
1072 1812 1219 1867 Nulli
1252 1813 1370 1867 lucc
1403 1811 1635 1867 facultas
1679 1812 1855 1867 deest.
1916 1814 1987 1868 At

2102 1814 2473 1885 γινώσκοντες,
2503 1816 2587 1869 ὅτι
2613 1815 2706 1867 καὶ
2732 1814 2899 1884 ἡμεῖς
2925 1809 3266 1883 αἰχμάλωτοι
3290 1807 3383 1864 ὃν.
3403 1848 3417 1863 .
3435 1844 3453 1862 .

402 1916 597 1956 revera
623 1902 845 1957 animus
890 1903 1143 1958 inﬁrmus
1172 1913 1257 1959 est
1295 1921 1309 1958 :
1341 1904 1505 1974 idque
1539 1918 1667 1960 cum
1721 1906 1987 1972 sciamus,

401 2006 524 2049 esse
556 2008 658 2049 nos
682 2010 904 2065 quoque
936 1996 1255 2066 captivos...

938 2113 1161 2183 (Desunt
1198 2115 1452 2185 rcliqna.)

2750 2111 3022 2181 (Λείπει.)

476 2269 523 2302 ⁸⁸
556 2268 690 2325 Luc.
724 2283 799 2335 Vl,
837 2269 928 2328 19.
1001 2272 1048 2305 ⁵³
1079 2272 1216 2328 an.
1246 2288 1359 2338 nl,
1391 2274 1445 2328 2.

404 2451 3657 2501 W

1687 2657 1862 2703 ANNO
1906 2656 2137 2701 DOMINI
2176 2656 2388 2699 DCXIV.

1445 2827 2621 3018 MODESTUS

963 3152 1181 3243 HIE
1204 3147 2067 3245 ROSOLYMITAN
2087 3152 2223 3242 US
2321 3148 3120 3243 PATRIARCHA.

1869 3460 2199 3521 NOTITIA.

1394 3628 1697 3701 (COIBEFIS.
1733 3624 1981 3683 Biblioth.
2014 3626 2309 3681 concional.
2338 3631 2379 3682 t.
2402 3624 2447 3694 1,
2475 3642 2537 3696 p.
2563 3625 2684 3699 3i.)

464 3898 764 3963 Modestus,
792 3896 1068 3953 Zachariae
1090 3896 1144 3951 in
1170 3895 1820 3967 sedejlierosolymilana
1849 3911 2156 3961 successor,
2181 3894 2460 3966 illiusque,
2483 3910 2551 3952 eo
2580 3895 2797 3967 captivo
2823 3895 2878 3951 in
2903 3897 3131 3969 regione
3150 3898 3465 3967 Persarum,
3492 3901 3675 3958 admi-

394 3990 691 4055 nistrator;
726 3989 883 4060 cujus
915 3987 1081 4042 etiam
1116 3987 1227 4041 sint
1272 3985 1386 4051 illa,
1434 4001 1532 4056 per
1568 3996 1786 4057 tempus
1832 3985 1967 4041 illud
1993 3987 2348 4057 captivitatis,
2383 3987 2531 4042 dicta
2560 4003 2624 4042 ac
2658 3988 2863 4058 scripta
2893 3990 3137 4046 solandis
3175 3993 3362 4063 populi
3394 3994 3669 4064 reliquiis,

393 4100 516 4156 quae
544 4081 930 4153 repraasentavi
963 4080 1243 4151 manipulo
1273 4079 1366 4133 illo
1390 4087 1719 4135 tractatuum
1747 4078 2149 4151 Chrysostomi,
2176 4078 2487 4145 Severiani,
2518 4078 2700 4134 Basilii
2729 4080 3016 4147 Seleuciae,
3046 4092 3180 4149 etc.,
3208 4084 3416 4155 quibus
3448 4086 3525 4142 sic
3545 4103 3673 4158 grao

390 4180 553 4253 phibe
575 4180 695 4251 ejus
716 4176 1052 4247 captivitatis
1088 4175 1339 4230 miserias
1370 4173 1655 4245 deplorat;
1704 4173 1968 4243 quasdam
2008 4173 2232 4244 scripsit
2260 4173 2528 4229 Homilias
2550 4174 2606 4229 in
2627 4175 2892 4232 mulieres
2928 4188 3208 4248 unguenta
3239 4179 3505 4245 ferentes,
3529 4191 3588 4237 et
3608 4180 3673 4237 in

394 4278 597 4334 festum
629 4272 929 4335 Occursus,
956 4285 1188 4339 quarum
1223 4278 1481 4338 excerpta
1516 4268 1669 4323 dedit
1716 4267 1967 4332 Photius,
2010 4267 2202 4323 codice
2236 4267 2363 4332 275,
2394 4284 2460 4323 ex
2490 4283 2603 4338 quo
2651 4268 2769 4338 ipse
2809 4278 3113 4327 mutuatus.
3158 4272 3557 4329 Laudationem
3606 4274 3670 4329 in

390 4363 787 4419 Dormitioncm
828 4370 1030 4417 sanctae
1061 4360 1156 4415 Dei
1185 4358 1481 4414 Genitricis
1516 4374 1573 4413 se
1608 4359 1806 4429 legisse
1839 4359 1915 4413 ait
1954 4359 2207 4424 Photius,
2244 4359 2383 4414 nihil
2418 4368 2602 4415 tamen
2644 4360 2702 4417 in
2742 4362 2833 4417 illa
2865 4364 3240 4420 necessarium
3271 4368 3572 4433 invenisse,
3599 4386 3671 4426 ac

389 4456 659 4528 ejusmodi
695 4454 876 4526 qualia
910 4453 1078 4508 habet
1109 4451 1189 4506 illi
1228 4451 1499 4521 superior,
1532 4452 1630 4515 Εἰς
1662 4452 1759 4514 τὰς
1799 4452 2162 4523 μυροφόρους.
2193 4451 2335 4506 Sunt
2362 4463 2513 4507 certe
2543 4453 2693 4509 illius
2719 4455 3018 4525 singularia
3043 4456 3113 4513 de
3149 4458 3484 4529 Magdalena.
3511 4463 3671 4533 quod

389 4548 547 4619 virgo
579 4548 766 4613 luerit,
795 4545 947 4617 quod
995 4552 1119 4615 post
1167 4554 1369 4599 sancta:
1400 4544 1585 4599 Marize
1628 4544 2053 4610 Dormitionem,
2088 4544 2355 4601 Joannem
2401 4545 2683 4616 Ephesum
2721 4560 2913 4604 secuta
2957 4550 3063 4615 sit,
3100 4551 3290 4623 ibique
3336 4557 3679 4627 martyrium

390 4640 593 4697 obierit
621 4657 639 4695 :
671 4638 817 4711 quod
857 4636 960 4693 sub
990 4634 1159 4691 Maria
1200 4634 1295 4689 Dei
1326 4634 1607 4690 Genitrice
1637 4644 1693 4691 et
1731 4635 1949 4706 Virgine
1973 4635 2083 4691 dux
2129 4645 2186 4691 et
2229 4636 2488 4708 princeps
2520 4637 2729 4694 Christi
2760 4639 3183 4711 discipularum,
3209 4642 3291 4699 uti
3320 4643 3436 4701 fere
3464 4646 3669 4705 Petrus

389 4732 789 4804 discipulorum
817 4729 1148 4794 exsisteret;
1180 4726 1269 4782 cui
1307 4741 1602 4781 commune
1633 4742 1759 4781 cum
1793 4727 1885 4781 illa
1932 4743 2136 4783 nomen
2182 4736 2368 4783 esset:
2400 4728 2607 4798 duplici
2642 4729 2813 4786 choro
2843 4730 3242 4803 discipulorum
3265 4744 3321 4791 et
3354 4738 3671 4810 discipula-

388 4842 537 4892 rum,
568 4823 662 4895 qui
703 4821 997 4877 Dominum
1027 4827 1084 4875 et
1111 4835 1235 4889 qua:
1263 4818 1479 4874 Domini
1516 4818 1743 4874 Matrem
1793 4830 2139 4889 sequeretur,
2173 4836 2298 4876 cum
2338 4821 2553 4877 scilicet
2593 4823 2858 4878 Dominus
2903 4840 3028 4881 cum
3064 4828 3394 4886 mulieribus
3451 4850 3671 4893 sermo-

388 4937 516 4980 nem
540 4935 651 4975 non
678 4918 937 4974 misceret
963 4933 977 4969 :
1000 4914 1130 4981 Qum
1153 4913 1237 4968 vir
1265 4924 1512 4978 sanctus,
1542 4913 1745 4984 partim
1775 4929 1843 4968 es
1870 4912 2156 4983 Scriptura
2185 4913 2465 4977 habuerit,
2501 4914 2700 4985 partim
2736 4932 2803 4971 ex
2842 4932 2955 4971 sua:
2982 4918 3243 4975 Ecclesiae
3271 4922 3508 4991 quadam
3544 4934 3667 4981 tra-

389 5016 634 5081 dilione;
670 5013 728 5068 in
759 5027 924 5082 quam
955 5011 1266 5082 inquirere,
1308 5007 1491 5079 iisque
1526 5024 1862 5079 componere
1892 5024 2015 5078 quae
2056 5008 2125 5065 de
2161 5009 2476 5081 Magdalena
2517 5011 2611 5065 alii
2660 5010 2887 5078 habent,
2918 5029 3022 5069 nec
3067 5015 3164 5069 otii
3210 5017 3303 5082 sit,
3345 5034 3451 5076 nec
3487 5020 3663 5093 hujus

388 5124 587 5180 operae.
614 5106 734 5171 Non
761 5104 895 5160 satis
915 5103 1173 5159 convenit
1200 5101 1525 5173 Theophani
1547 5110 1605 5157 et
1629 5111 1821 5158 sancto
1850 5101 2185 5173 Nicephoro,
2209 5102 2561 5173 quandonam
2592 5104 2772 5161 factus
2802 5107 3096 5177 episcopus
3118 5109 3416 5175 Modestus.
3446 5122 3503 5168 et
3522 5130 3663 5169 num

389 5199 684 5259 Zacharias
711 5197 882 5253 redux
917 5212 948 5252 a
978 5194 1298 5266 captivitate
1324 5194 1445 5266 ipse
1473 5192 1732 5251 Heraclio
1770 5194 1960 5249 socius
1987 5193 2155 5249 fuerit
2208 5209 2274 5250 ac
2314 5195 2538 5267 adjutor
2578 5198 2893 5267 reponenda
2940 5199 3158 5255 Domini
3194 5216 3379 5268 cruce,
3407 5205 3495 5260 vel
3530 5218 3664 5264 ante

389 5290 536 5347 diem
565 5286 788 5343 obierit.
819 5284 958 5351 lmo,
986 5298 1122 5339 num
1159 5284 1274 5356 jam
1322 5282 1569 5340 Modesto
1608 5283 1872 5354 episcopo
1900 5282 2035 5338 urbs
2068 5294 2223 5355 capta
2268 5285 2369 5351 sit;
2413 5302 2536 5356 quae
2581 5288 2759 5343 sancti
2792 5288 3090 5361 Nicephori
3121 5294 3393 5350 sententia
3433 5298 3667 5356 videtur

388 5380 621 5435 adversa
645 5373 999 5447 Theophanis
1028 5374 1273 5430 historia:
1297 5383 1354 5428 et
1393 5373 1877 5444 chronographize.
1917 5371 2034 5441 Qua
2074 5374 2142 5430 de
2174 5391 2234 5431 re
2267 5377 2544 5445 Petavius,
2586 5378 2655 5434 ad
2694 5390 2946 5437 sanctum
2984 5382 3380 5455 Nicephorum,
3414 5386 3476 5443 P.
3509 5387 3663 5445 Goar

388 5472 451 5531 in
471 5470 829 5543 Theophane,
858 5467 1084 5540 ipseque
1114 5465 1262 5522 notis
1298 5464 1367 5521 ad
1401 5481 1528 5522 eum
1558 5474 1768 5538 poster.
