4038 6208
388 251 530 316 2269
1860 246 1983 309 NO']

2025 247 2185 307 [TIA.
3480 239 3620 305 3270

408 438 2995 464 Mm

1684 588 1986 650 NOTITIA
2021 590 2338 651 ALTERA.

1466 750 1742 821 (LEQUIEN.
1774 748 1864 805 Or.
1900 748 2093 806 Christ.
2124 760 2162 805 t.
2190 750 2278 816 111,
2306 766 2359 821 p.
2393 748 2543 819 2.38.)

464 1047 726 1104 Zacharia
749 1045 1245 1119 ilicrosolymitano
1273 1044 1584 1116 patriarcha
1623 1045 1865 1101 abducto
1900 1045 1957 1099 in
1977 1044 2258 1100 Persidem
2304 1060 2449 1099 anno
2480 1042 2681 1099 Christi
2737 1044 2859 1106 6M,
2897 1043 3044 1098 circa
3085 1058 3329 1098 mensem
3375 1041 3621 1103 Junium,

396 1145 458 1192 ut
485 1151 652 1206 supra
701 1136 911 1190 dictum
934 1145 1039 1197 est,
1076 1151 1144 1189 ne
1175 1133 1411 1204 pastoris
1439 1133 1705 1203 regimine
1751 1133 1867 1187 haec
1900 1133 2138 1186 ecclesia
2186 1142 2424 1196 careret,
2460 1133 2580 1201 ejus
2610 1132 3143 1185 administrationem
3170 1131 3403 1199 sumpsit
3443 1130 3533 1199 (ad
3567 1130 3623 1185 id

395 1224 716 1294 designatus
739 1223 931 1292 procul
956 1222 1126 1276 dubio
1157 1222 1226 1276 ab
1256 1221 1374 1291 ipso
1401 1220 1669 1274 Zacharia
1693 1236 1828 1275 suus
1858 1235 1958 1290 per
1993 1220 2297 1274 absentiam
2316 1218 2580 1284 vicarius,
2612 1234 2675 1272 ac
2703 1218 2771 1272 de
2790 1234 3061 1273 consensu
3084 1218 3465 1287 episcOporum
3495 1233 3625 1286 pro-

394 1310 591 1365 vinciae.
624 1310 719 1379 qui
748 1309 1125 1378 captivitatem
1151 1306 1479 1377 effugerant)
1509 1306 1811 1369 Modestus,
1847 1308 1915 1360 de
1946 1320 2056 1376 quo
2086 1306 2419 1361 Antiochum
2464 1305 2521 1360 in
2568 1305 2802 1374 epistola
2845 1306 2957 1375 jam
3007 1305 3175 1359 citata
3208 1304 3455 1357 locutum
3483 1304 3628 1358 vidi-

395 1413 537 1451 mus.
571 1397 622 1450 ls
644 1396 969 1465 praepositus
988 1404 1106 1450 erat
1140 1394 1459 1448 monasterii
1494 1393 1667 1447 sancti
1700 1392 1996 1447 Theodosii
2020 1394 2072 1448 in
2099 1393 2404 1459 Palzestina,
2435 1409 2502 1448 ex
2524 1393 2865 1463 Papcbroch.
2904 1402 3028 1446 tom.
3068 1391 3124 1445 11
3155 1390 3345 1454 Mart.,
3377 1392 3447 1445 ad
3488 1392 3626 1444 diem

397 1485 486 1549 11,
514 1501 566 1537 n.
610 1482 700 1546 2i,
732 1499 853 1551 pag.
889 1482 981 1542 68,
1008 1482 1107 1534 col.
1134 1481 1185 1535 2.
1215 1480 1446 1547 Quando
1474 1480 1590 1535 haec
1637 1479 1787 1534 sedis
1834 1479 2342 1549 Hierosolymitanat
2378 1494 2510 1533 cura
2539 1479 2591 1533 ei
2619 1481 2911 1533 commissa
2966 1487 3069 1540 est,
3124 1476 3449 1547 insignitum
3496 1492 3629 1546 pro-

392 1579 584 1640 pterea
609 1568 907 1638 episc0pali
937 1575 1235 1627 caractere,
1265 1566 1395 1621 licet
1427 1580 1685 1635 expresse
1724 1578 1836 1619 non
1872 1564 2093 1619 tradant
2125 1573 2402 1629 auctores,
2432 1565 2585 1617 illum
2617 1565 2707 1619 vix
2754 1564 2965 1619 inlicias
2998 1562 3178 1627 iverit,
3211 1563 3305 1632 qui
3348 1563 3626 1629 eumdem,

394 1658 616 1711 vivente
637 1656 824 1710 adhuc
849 1655 1137 1719 Zacharia,
1160 1654 1668 1724 Hierosolymorum
1692 1653 1982 1723 przesulcrn
2014 1653 2291 1707 interdum
2316 1651 2590 1706 nominari
2612 1650 2933 1705 adverterit.
2962 1650 3038 1703 Ea
3063 1651 3248 1719 itaque
3276 1649 3629 1704 administra-

390 1743 545 1797 tione
577 1750 794 1806 auctus,
822 1740 1106 1794 nominato
1137 1739 1190 1793 in
1220 1737 1469 1809 pradicti
1496 1738 1819 1794 monasterii
1841 1738 2094 1793 abbatem
2133 1738 2389 1809 Georgio.
2420 1753 2616 1808 magno
2645 1736 2867 1802 ardore,
2892 1751 3002 1795 non
3036 1736 3103 1790 iis
3149 1744 3360 1789 tantum
3397 1752 3518 1805 quae
3559 1735 3627 1790 ad

393 1829 742 1900 Spiritualem
768 1826 1077 1882 animarum
1106 1827 1440 1896 profectum,
1482 1834 1540 1881 et
1567 1826 1961 1881 monachorum
1988 1825 2263 1894 imprimis
2285 1826 2534 1895 requiem
2566 1824 2876 1879 attinebant
2910 1823 3211 1893 prospexit,
3257 1824 3350 1877 sed
3401 1824 3628 1891 insuper

396 1916 553 1986 quasi
586 1916 726 1970 alter
758 1913 1087 1977 Zorobabel,
1118 1915 1173 1967 in
1209 1913 1587 1968 restaurandis
1608 1912 1855 1969 aediﬁciis
1884 1928 1948 1968 ac
1997 1913 2214 1981 templis
2245 1929 2365 1982 qua:
2416 1912 2539 1982 igne
2572 1920 2899 1981 consumpta
2933 1911 3170 1974 fuerant,
3208 1909 3632 1966 adversantibus

393 2004 528 2059 licet
564 2012 677 2058 tota
702 2003 907 2057 virtute
936 2001 1163 2067 Iudaeis,
1194 2002 1487 2072 Persisque
1518 2002 1855 2073 tyrannicam
1876 2010 2001 2056 actu
2040 2002 2432 2056 exercentibus
2460 2000 2514 2054 in
2546 2000 2832 2055 Palaestina
2862 1999 3317 2063 dominationem,
3350 1998 3498 2068 quod
3528 1998 3630 2052 im-

395 2090 659 2161 possibile
687 2089 1003 2155 videbatur,
1036 2100 1317 2145 strenuam
1351 2088 1714 2143 nihilominus
1743 2088 1987 2143 admovit
2022 2104 2268 2159 operam.
2320 2088 2712 2143 Monachorum
2758 2088 2851 2157 qui
2887 2104 2916 2141 a
2974 2087 3263 2141 Saracenis
3316 2086 3630 2141 immaniter

398 2177 656 2233 trucidati
698 2176 916 2231 fuerant
948 2175 1239 2244 exsequias
1281 2175 1593 2230 celebrasse
1619 2175 1733 2244 jam
1766 2174 2206 2241 observavimus,
2263 2185 2523 2230 narrante
2553 2175 2846 2240 Antiocho,
2896 2174 2990 2243 qui
3044 2174 3123 2228 sic
3167 2173 3520 2243 prosequitur
3573 2173 3630 2229 in

398 2264 591 2319 eadem
623 2263 854 2333 epistola
884 2278 974 2333 pp.
1012 2260 1167 2327 1025,
1202 2261 1363 2328 1024,
1399 2270 1455 2316 et
1488 2260 1631 2330 apud
1666 2260 1866 2316 Baron.
1891 2261 1959 2316 ad
1988 2278 2118 2317 ann.
2149 2262 2251 2317 606
2300 2279 2401 2317 nn.
2440 2263 2473 2317 5
2513 2246 2652 2317 ct'6.
2679 2260 2784 2315 Nos
2816 2260 3035 2331 proinde
3073 2258 3297 2313 humiles
3332 2268 3381 2312 et
3417 2260 3627 2329 abjecti,

397 2351 575 2419 gratia
605 2350 833 2420 primum
853 2348 969 2413 Dei,
994 2349 1180 2403 deinde
1205 2350 1344 2402 seria
1376 2347 1660 2402 admodum
1688 2357 1738 2402 et
1761 2358 2013 2402 accurata
2038 2349 2313 2421 diligentia
2348 2349 2739 2420 prtememorati
2773 2348 3093 2402 sanctissimi
3125 2346 3363 2410 Modesti,
3389 2348 3630 2399 sedenta-

398 2437 537 2489 riam
563 2437 698 2490 hane
734 2436 987 2506 exigimus
1008 2436 1170 2489 vitam
1199 2436 1253 2488 in
1281 2435 1523 2489 liberiore
1565 2444 1614 2488 et
1657 2434 2176 2505 tranquillioreotio.
2219 2436 2287 2491 Et
2312 2451 2507 2491 rursus
2543 2453 2556 2489 :
2596 2433 2783 2489 Gratia
2828 2436 2952 2487 item
2984 2433 3198 2498 Christi,
3244 2434 3336 2486 sed
3374 2442 3422 2486 et
3447 2432 3631 2486 solerti

397 2522 688 2576 sedulitate
702 2523 823 2593 jam
854 2521 981 2576 dicti
1010 2522 1296 2577 venerandi
1324 2523 1563 2593 apprime
1591 2521 1774 2576 Patris
1801 2525 1969 2578 nostri
2007 2523 2247 2591 Modesti,
2293 2533 2479 2578 cuncta
2534 2525 2589 2577 id
2632 2525 2880 2593 temporis
2914 2522 3218 2576 incoluntur
3279 2523 3440 2592 effusa
3481 2523 3632 2575 istius

399 2610 560 2664 eremi
588 2610 930 2664 monasteria.
960 2610 1028 2663 Et
1051 2609 1213 2680 paulo
1239 2618 1403 2679 post:
1434 2606 1729 2679 Supersunt
1755 2610 1942 2663 nuntia
1965 2610 2167 2682 aliquot
2188 2627 2317 2665 sane
2343 2628 2502 2682 quam
2540 2610 2685 2675 lwta,
2719 2626 2939 2680 quorum
2968 2608 3115 2677 ﬁdeli
3146 2608 3339 2674 relatu,
3369 2618 3417 2662 et
3436 2617 3629 2673 vestra,

401 2708 449 2752 et
489 2698 657 2752 omnis
684 2699 958 2752 sinceriter
990 2698 1279 2754 Christiani
1303 2700 1487 2753 anima
1512 2704 1698 2752 merito
1730 2698 1891 2769 possit
1925 2700 2324 2755 exhilarescerc.
2350 2702 2474 2756 ch
2500 2702 2661 2771 igitur
2689 2716 2752 2753 ea:
2801 2708 3048 2771 promptu
3071 2709 3119 2752 et
3150 2698 3332 2753 alacer
3375 2701 3634 2754 annuntio

399 2786 577 2840 vobis:
612 2785 872 2839 Modestus
891 2785 1192 2839 sanctitatis
1225 2786 1429 2840 eximia:
1456 2787 1538 2839 vir
1568 2786 1653 2855 (de
1679 2802 1781 2854 quo
1806 2803 1910 2840 non
1942 2786 2102 2841 semel
2151 2788 2392 2854 dictant),
2424 2804 2527 2841 non
2549 2803 2727 2840 eorum
2767 2786 2918 2840 modo
2953 2786 3223 2856 providam
3273 2788 3406 2857 gerit
3449 2804 3634 2841 curam

406 2872 688 2936 sollicitus,
719 2888 837 2942 quae
869 2888 962 2942 per
993 2873 1130 2925 hanc
1155 2882 1361 2926 vastam
1391 2888 1622 2925 eremum
1656 2874 1885 2941 sparsim
1914 2874 2131 2943 disjecta
2163 2883 2286 2928 sunt
2312 2877 2773 2939 monasteriorum,
2794 2874 2883 2927 sed
2922 2882 2970 2926 et
2996 2873 3333 2927 moderandae
3357 2874 3475 2927 huic
3504 2875 3635 2927 civi-

399 2962 519 3025 tati,
552 2976 615 3014 ac
635 2961 892 3013 universa
925 2958 1363 3027 circum/innima:
1414 2959 1615 3027 regioni
1652 2958 1872 3012 solerter
1910 2961 2179 3029 prospicit,
2220 2959 2328 3013 Deo
2355 2961 2518 3013 eidem
2541 2970 2847 3030 cooperante
2878 2962 2935 3015 in
2988 2960 3245 3015 omnibus.
3265 2959 3363 3013 Hic
3403 2961 3541 3013 enim
3564 2958 3635 3012 ad

399 3048 574 3100 vivum
607 3045 750 3098 nobis
776 3045 1020 3115 exprimit
1051 3045 1334 3115 imaginem
1359 3045 1477 3098 novi
1503 3044 1799 3114 cujuspiam
1823 3044 2120 3111 Beseleelis,
2153 3055 2245 3099 aut
2271 3045 2783 3112 certeonrobabelis.
2811 3045 2996 3102 Gratia
3035 3047 3174 3100 enim
3192 3045 3378 3115 plenus
3407 3044 3635 3116 Spiritus

398 3130 595 3196 sancti,
626 3131 819 3202 templa
850 3130 1144 3186 Saluatoris
1177 3133 1342 3187 nostri
1368 3131 1493 3186 Iesu
1524 3131 1738 3197 Christi,
1758 3148 1875 3203 qua:
1924 3134 2133 3204 quidem
2184 3133 2460 3188 barbarico
2503 3136 2622 3204 igne
2661 3136 3082 3205 conﬂagrarunt,
3132 3135 3188 3187 in
3234 3133 3456 3187 sublime
3484 3134 3636 3204 erigit

401 3219 548 3272 omni
571 3234 787 3289 prorsus
810 3219 971 3289 digna
1006 3219 1356 3283 veneratione,
1387 3227 1514 3289 puta
1569 3219 1705 3273 ardes
1733 3228 1933 3273 sancta:
1966 3217 2250 3285 Calvariw,
2303 3236 2365 3273 ac
2415 3228 2615 3274 sancta:
2662 3219 3099 3285 Resurrectionis,
3157 3220 3371 3273 domum
3418 3221 3637 3290 insuper

402 3306 617 3375 dignam
638 3306 781 3361 omni
807 3307 1001 3359 honore
1020 3306 1333 3360 veneranda:
1358 3304 1560 3373 Crucis,
1590 3322 1707 3375 qua:
1732 3305 1906 3360 Mater
1929 3306 2288 3362 Ecclesiarum
2318 3316 2427 3375 est;
2461 3308 2554 3362 sed
2573 3317 2623 3362 et
2641 3318 2839 3362 sancta:
2858 3308 3241 3379 Assumptionis
3260 3308 3424 3362 (edem
3452 3326 3484 3361 a
3515 3309 3639 3378 fuit-

401 3391 660 3447 dementis
699 3393 991 3461 extudi/ient
1024 3408 1043 3446 :
1067 3394 1198 3447 adeo
1225 3402 1282 3446 ut
1311 3409 1403 3463 per
1429 3393 1539 3447 lucc
1576 3392 1700 3447 lwta
1733 3393 1910 3458 initia,
1942 3392 2006 3446 de
2043 3394 2235 3464 futuris
2269 3410 2474 3466 quoque
2516 3411 2632 3465 spes
2678 3396 3033 3465 amplissimas
3076 3396 3454 3465 concipiamus,
3484 3395 3639 3466 idque

400 3479 483 3533 vel
504 3480 564 3533 ob
595 3496 677 3533 eos
704 3481 933 3533 maxime
950 3480 1040 3549 qui
1077 3481 1176 3533 huc
1209 3489 1494 3549 sperantur
1522 3481 1728 3533 venturi
1759 3479 1823 3532 ab
1853 3482 2081 3534 externis
2107 3482 2401 3551 regionibus
2430 3488 2615 3535 sancta
2642 3482 2753 3533 haec
2783 3480 2898 3533 loca
2931 3490 2985 3533 ut
3023 3481 3264 3544 adorent,
3296 3491 3353 3534 ut
3383 3497 3559 3535 omnes
3580 3483 3638 3535 in

401 3582 675 3621 commune
703 3565 1055 3635 gloriﬁcemus
1087 3565 1277 3619 Deum.
1324 3564 1449 3620 liaac
1476 3566 1800 3620 Antiochus.
1844 3565 2259 3634 Papebrochius
2308 3582 2442 3621 vero
2484 3575 2639 3619 tract.
2676 3565 2966 3636 prwlimin.
3002 3566 3057 3618 in
3086 3575 3214 3620 tom.
3240 3565 3330 3620 III
3359 3569 3635 3629 Actorum,

400 3654 594 3706 mensis
624 3651 774 3716 Maii,
799 3668 850 3720 p.
884 3651 974 3713 51,
1002 3667 1055 3703 n.
1092 3650 1211 3715 156,
1244 3651 1343 3705 col.
1380 3652 1430 3716 1,
1462 3661 1750 3722 postquam
1785 3652 1976 3707 retulit
2020 3652 2193 3706 verba
2224 3652 2473 3722 quadam
2508 3652 2753 3721 epistola:
2786 3650 3065 3704 Zachariae
3096 3650 3152 3704 in
3181 3651 3405 3706 Perside
3436 3653 3637 3722 captivi

399 3740 470 3793 ad
503 3739 767 3809 populum
810 3737 1395 3808 Hicrosolymitanum,
1437 3753 1559 3808 qua:
1602 3754 1704 3794 nos
1752 3753 1918 3808 supra
1946 3738 2015 3793 de
2038 3738 2301 3793 Zacharia
2328 3747 2555 3809 agentes
2586 3753 2654 3792 ex
2678 3737 2796 3807 ipso
2832 3736 3185 3801 adduximus,
3223 3736 3451 3792 subdit:
3488 3738 3643 3793 Hane

402 3828 711 3896 epistolam,
741 3825 1032 3895 prolixiori
1065 3825 1195 3889 alia,
1234 3824 1505 3894 planeque
1539 3824 1606 3878 ad
1636 3824 1961 3879 movendam
1991 3826 2474 3894 compunctioncm
2511 3822 2739 3887 eﬁicaci,
2795 3823 2864 3879 ad
2905 3839 3098 3881 omnes
3140 3823 3331 3880 ﬁdeles
3376 3824 3641 3880 exhorta-

404 3913 553 3967 tione
580 3912 937 3981 prosequitur
962 3910 1240 3966 Modestus
1272 3910 1548 3966 Zachariae
1582 3911 1852 3974 vicarius;
1882 3920 1938 3966 et
1992 3921 2253 3982 tanquam
2281 3927 2443 3967 suum
2497 3920 2886 3967 testamentum
2921 3911 3188 3977 condens,
3240 3913 3421 3968 omnis
3445 3914 3641 3969 condi-

404 3999 592 4062 tionis,
622 3998 800 4054 aetatis
821 4014 884 4053 ac
919 4014 1081 4053 sexus
1119 3997 1309 4068 ﬁdeles
1335 3997 1501 4053 oﬁicii
1525 4000 1611 4053 sui
1638 3998 1922 4066 admonet,
1948 4000 2220 4069 incipiens
2248 3999 2315 4053 ab
2339 3998 2594 4053 tristibus
2636 3998 2706 4053 iis
2743 4013 2867 4068 qua:
2909 3998 3117 4053 residui
3158 3999 3216 4053 in
3257 3998 3396 4054 urbe
3453 4010 3641 4055 sancta

404 4084 616 4148 ﬁdeles,
653 4092 775 4154 post
803 4099 1049 4149 crucem,
1078 4085 1447 4154 patriarcham
1474 4092 1531 4139 et
1556 4093 1787 4140 caeteros
1821 4085 2112 4151 abductos,
2141 4085 2424 4140 viderunt.
2449 4085 2663 4140 Laudat
2686 4085 2741 4138 in
2771 4084 2965 4154 primis
3008 4085 3368 4140 Nicodemum
3413 4101 3477 4140 ac
3508 4101 3641 4141 con-

398 4173 583 4243 jugcm
609 4171 1007 4241 Magdalenam,
1042 4173 1131 4241 qui
1157 4180 1435 4242 postquam
1465 4174 1634 4226 hostes
1666 4173 1908 4226 exiissem
1938 4180 2094 4244 atque
2122 4174 2175 4226 in
2199 4171 2469 4226 Persidem
2504 4172 2797 4236 rediissent,
2827 4179 2991 4225 totam
3030 4172 3226 4226 circum
3259 4171 3439 4225 urbem
3464 4188 3527 4225 ac
3561 4174 3643 4227 vi-

402 4278 487 4315 cos
515 4261 824 4326 lustrantes,
860 4261 1192 4331 fratrumque
1224 4260 1474 4331 reliquias
1517 4260 1805 4329 insepultus
1832 4261 2012 4332 jacere
2066 4259 2455 4330 conspicientes,
2500 4259 2731 4329 projecta
2774 4258 3004 4329 sparsim
3072 4260 3328 4314 cadavera
3363 4275 3641 4313 coacerva-

404 4359 528 4402 runt
552 4350 606 4402 in
641 4365 875 4419 specum,
902 4364 1019 4419 qua:
1042 4356 1119 4403 est
1148 4357 1274 4409 ante
1305 4357 1540 4420 portam,
1578 4350 1647 4403 ad
1664 4350 1943 4420 sexaginta
1970 4348 2196 4417 quinque
2214 4344 2406 4398 millia.
2439 4345 2507 4399 Et
2536 4345 2604 4400 ab
2624 4345 2692 4400 iis
2719 4346 2933 4415 exquiri
2961 4346 3139 4416 jubet,
3168 4362 3271 4416 qua
3295 4345 3467 4415 [arma
3484 4354 3642 4416 atque

404 4437 583 4490 habitu
610 4437 1012 4491 inveniebantur
1042 4436 1153 4491 solo
1166 4438 1323 4491 strati
1344 4438 1481 4491 beati
1507 4437 1587 4490 illi
1609 4437 1697 4507 qui
1718 4437 1811 4491 sub
1842 4438 1895 4490 id
1922 4448 2121 4508 tempus
2143 4444 2447 4490 meruerunt
2473 4434 2851 4506 Hierosolymis
2882 4434 3064 4489 occidi.
3096 4433 3211 4499 Quo
3232 4435 3385 4488 modo
3409 4434 3638 4493 scilicet:

406 4523 545 4577 alter
571 4542 603 4579 a
636 4525 805 4595 capite
832 4524 900 4576 ad
927 4540 1016 4576 cor
1046 4539 1209 4593 usque
1232 4522 1423 4577 vulnus
1452 4532 1745 4592 acceperat,
1794 4523 1933 4577 alter
1961 4525 2024 4577 ab
2060 4526 2293 4579 humeris
2325 4524 2395 4578 ad
2426 4540 2587 4595 usque
2640 4532 2896 4588 ventrem,
2922 4522 3059 4577 alius
3081 4523 3310 4591 quinque
3352 4522 3432 4575 vel
3466 4523 3641 4576 decem

404 4612 534 4664 ictus
564 4612 620 4665 in
642 4611 902 4665 intestinis
925 4608 1168 4673 habebat,
1196 4608 1334 4663 alius
1365 4609 1613 4664 dissectus
1637 4610 1835 4664 medius
1868 4612 2024 4681 inque
2053 4611 2157 4664 duo
2187 4610 2380 4665 divisus
2407 4620 2545 4677 erat,
2584 4611 2681 4665 alii
2722 4619 2902 4666 ventre
2949 4625 3070 4663 ense
3111 4609 3347 4680 perfosso
3388 4610 3640 4663 intestina

404 4701 585 4753 omnia
616 4700 775 4770 effusa
794 4698 1051 4769 ﬂuebant,
1077 4696 1268 4763 alium,
1304 4698 1412 4751 ovis
1447 4698 1622 4750 instar
1647 4699 1701 4750 in
1732 4697 2111 4763 macello,.diri
2138 4697 2412 4767 carniﬁces
2438 4700 2493 4751 in
2525 4697 2696 4767 frusta
2751 4697 2909 4767 plura
2936 4694 3295 4759 conciderant,
3324 4702 3419 4748 etc.
3448 4694 3491 4748 A
3528 4694 3642 4749 Mo-

408 4784 565 4839 desto
594 4783 649 4839 S.
682 4784 1007 4839 Anastasius
1032 4784 1217 4848 Persa,
1249 4783 1343 4854 qui
1372 4798 1565 4838 recens
1601 4783 1761 4838 ﬁdem
1785 4782 1988 4838 Christi
2022 4785 2305 4854 amplexus
2340 4784 2540 4850 fuerat,
2581 4784 2914 4853 baptismum
2957 4781 3199 4851 suscepit
3225 4781 3636 4852 Hierosolymis,

407 4881 469 4926 ut
495 4871 667 4924 refert
692 4870 857 4940 hujus
884 4870 1148 4939 temporis
1172 4871 1410 4940 scriptor
1441 4871 1498 4924 in
1530 4872 1682 4925 Actis
1713 4870 1855 4940 ejus,
1877 4886 1998 4939 quae
2034 4871 2090 4925 in
2118 4872 2358 4928 secunda
2407 4872 2618 4943 synodo
2655 4872 2873 4927 Nicmna
2899 4869 3179 4941 proposita
3207 4878 3357 4925 sunt.
3409 4868 3641 4924 Exstant

408 4957 551 5025 apud
580 4955 874 5009 Baronium
904 4956 969 5009 ad
1004 4972 1208 5010 annum
1233 4956 1337 5011 614
1359 4973 1453 5010 nn.
1483 4957 1550 5011 '55
1572 4965 1629 5011 et
1659 4973 1812 5027 seqq.
1850 4973 1918 5012 ex
1938 4957 2303 5028 Metaphraste
2336 4967 2553 5028 sumpta
2579 4977 2594 5025 ;
2623 4958 2718 5014 sed
2740 4974 2859 5029 qua:
2880 4959 2996 5028 ipse
3018 4956 3252 5028 sumpsit
3270 4972 3338 5012 ex
3358 4957 3510 5012 Actis
3530 4957 3639 5013 illis

411 5042 811 5097 vetustioribus
835 5042 890 5095 in
920 5042 1132 5113 synodo
1165 5041 1389 5096 Nicaena
1410 5030 1653 5097 secunda
1682 5043 1882 5109 allatis,
1908 5053 1964 5099 et
2008 5059 2038 5098 a
2068 5046 2203 5099 Boll.
2231 5046 2521 5101 recensitis
2574 5046 2642 5100 ad
2688 5046 2833 5101 diem
2855 5046 2925 5100 22
2951 5045 3174 5101 Ianuar.
3202 5044 3327 5099 Haec
3354 5052 3537 5099 autem
3570 5059 3641 5098 ex

405 5129 642 5185 Baronio
668 5129 975 5184 transcribo
1008 5146 1023 5184 :
1051 5126 1182 5184 Cum
1211 5146 1408 5200 magna
1439 5132 1625 5185 civitas
1661 5131 2143 5203 Hierosolymorum
2166 5144 2322 5205 capta
2348 5136 2527 5205 fuisset
2564 5153 2595 5189 a
2628 5150 2749 5206 rege
2770 5134 3077 5197 Persarum,
3112 5140 3162 5185 et
3189 5133 3333 5202 facta
3362 5131 3460 5186 illa
3491 5131 3635 5195 loca,

408 5234 527 5289 qute
554 5218 657 5273 mei
680 5217 879 5273 Christi
898 5216 1144 5271 viderant
1175 5220 1626 5274 conversationem
1663 5227 1714 5274 et
1738 5223 1882 5274 cruci
1905 5220 2210 5290 afﬁzionem
2238 5229 2286 5274 et
2310 5222 2769 5284 resurrectionem,
2802 5220 3075 5273 Medorum
3106 5217 3303 5273 lancea
3336 5226 3385 5271 et
3410 5219 3543 5288 igni,
3572 5217 3639 5271 iis

406 5321 536 5374 quos
563 5307 678 5376 ipse
707 5306 847 5360 novit
875 5304 1065 5370 modis,
1089 5313 1261 5359 essent
1292 5307 1494 5359 tradita
1528 5322 1548 5360 :
1586 5315 1635 5360 et
1665 5306 1834 5360 multa
1867 5306 1980 5361 alia
2006 5316 2163 5379 capta
2204 5316 2327 5362 sunt
2352 5325 2470 5361 cum
2494 5309 2735 5369 civitate;
2768 5314 2825 5359 ut
2866 5305 3055 5360 salutis
3078 5320 3282 5374 quoque
3310 5313 3504 5358 nostris
3527 5311 3637 5356 tro-

407 5410 600 5465 paeum,
633 5394 815 5447 mortis
863 5391 1077 5457 solutio,
1106 5394 1304 5463 peccati
1330 5394 1635 5459 internecio,
1674 5393 1900 5464 lignum,
1940 5395 2181 5465 inquam,
2212 5394 2431 5462 viviﬁca:
2466 5395 2636 5447 crucis
2677 5392 2827 5447 illinc
2868 5392 3191 5446 translatum
3241 5400 3318 5445 est
3356 5393 3411 5444 in
3463 5390 3641 5451 Persis

407 5481 544 5543 dem,
570 5489 668 5533 etc.
697 5480 831 5549 (lucc
853 5486 1042 5534 sancta
1079 5480 1269 5548 Crux),
1296 5479 1568 5534 Persidem
1598 5483 1805 5546 evertit,
1827 5491 1876 5535 et
1900 5481 2094 5552 spoliat
2113 5479 2307 5549 falsam
2335 5478 2664 5550 religionem,
2692 5486 2740 5530 et
2775 5495 2891 5549 qua:
2928 5477 2982 5532 ie
3022 5478 3197 5547 digna:
3220 5484 3372 5530 erant
3402 5478 3638 5546 captivas

409 5568 621 5621 abducit
658 5569 866 5620 animas
896 5582 1015 5620 vere
1046 5564 1304 5621 laudabili
1329 5576 1376 5619 et
1398 5566 1551 5637 longe
1574 5568 1931 5638 pulcherrima
1962 5570 2268 5639 captivitate
2294 5584 2306 5621 :
2350 5575 2463 5631 aut,
2507 5574 2566 5619 ut
2598 5567 2768 5638 magis
2791 5567 3003 5637 proprie
3032 5565 3227 5630 dicam,
3271 5581 3303 5618 a
3334 5565 3640 5633 captivitate

411 5664 580 5720 vocat,
620 5661 667 5707 et
688 5654 757 5707 eis
794 5670 1002 5709 rursum
1035 5655 1312 5723 pristinam
1350 5656 1577 5708 restituit
1604 5656 1913 5712 libertatem.
1947 5654 2121 5713 Simul
2165 5671 2227 5710 ac
2264 5655 2401 5713 enim
2446 5654 2745 5727 ingreditur
2781 5654 3071 5720 Persidem,
3103 5669 3217 5708 eam
3257 5653 3436 5709 statim
3473 5660 3638 5707 totam
