4038 6208
421 243 555 308 ἷτὶἿῙ
639 239 648 246 ’
1070 312 1076 318 ,
1381 238 1786 302 MODESTUS
1824 235 2317 299 PATRIARCHA
2354 234 2760 299 HIEROSOL.
3533 238 3679 306 3272

419 359 700 415 illustrans
719 356 883 410 radiis
903 370 1014 410 sua:
1038 355 1246 425 gratiae,
1263 351 1382 422 ferit
1397 349 1608 422 quidem
1629 350 1840 403 animas
1857 345 2177 414 inﬁdelium,
2192 361 2297 399 non
2312 359 2460 399 secus
2479 361 2542 398 ac
2556 344 2656 409 sol,
2670 345 2762 414 qui
2779 343 3108 400 laborantem
3131 343 3338 400 oculum
3358 343 3683 417 ingreditur:

417 443 602 512 ﬁdeles
629 451 829 506 autem,
868 459 973 496 non
1007 457 1154 495 secus
1199 458 1262 494 ac
1293 437 1468 509 fulgor
1493 437 1710 508 quidam
1740 436 2006 503 apparens
2036 433 2091 486 in
2124 432 2372 497 tenebris,
2393 441 2620 487 revocat.
2647 431 2731 485 Ea:
2753 431 2937 501 quibus
2960 431 3059 500 fuit
3083 449 3311 486 unus....
3337 433 3679 504 Anastasius,

419 533 515 585 etsi
539 531 772 584 nondum
789 530 998 600 quidem
1019 527 1163 582 cultu
1188 527 1430 597 (ﬁdelis),
1444 526 1535 579 sed
1543 525 1664 594 jam
1692 521 1919 575 moribus
1945 526 1994 573 et
2019 519 2260 573 instituto
2282 519 2406 587 :qui
2431 520 2679 588 processit
2701 533 2728 570 e
2747 519 2856 572 vico
2879 519 2970 587 qui
2991 518 3276 572 vocabatur
3293 518 3600 577 Rasnuni...
3619 525 3682 578 in

420 618 658 672 Perside.
692 617 825 671 Erat
866 624 1045 670 autem
1071 631 1260 669 nomen
1301 615 1483 684 ejus...
1511 609 1872 681 Magundat...
1914 606 2031 662 Bau
2067 605 2211 674 ﬁlius
2239 605 2384 677 (luit)
2427 607 2516 676 qui
2557 612 2673 660 erat
2704 606 2760 658 in
2808 620 2864 658 re
2899 605 3104 675 magica
3140 609 3607 676 praestantissimus
3631 619 3680 664 et

418 707 821 759 eruditissimus.
837 704 970 775 (Bau
1001 701 1206 770 autem)
1227 719 1344 755 cum
1369 708 1612 771 prwesset
1629 699 1897 752 communi
1929 696 2049 749 ludo
2073 694 2358 759 litterario,
2376 701 2424 746 et
2456 692 2645 747 multos
2669 692 2880 746 haberet
2906 692 3260 748 adolescentes
3282 697 3351 748 ad
3372 711 3491 750 eum
3508 699 3680 752 venti-

420 801 814 862 tantes,captus
843 808 1024 845 amore
1051 790 1460 861 pra'stigiarum,
1487 803 1607 840 cum
1627 788 1681 840 in
1698 787 1792 839 hoc
1809 784 1980 838 solum
2005 799 2157 836 omne
2178 799 2331 836 suum
2349 781 2583 835 studium
2612 788 2890 851 poneret...
2907 797 3019 834 rem
3043 783 3307 852 magicam
3336 781 3681 853 (lilium)tam

417 881 696 950 diligenter
720 881 888 942 docet,
913 889 968 932 ut
990 882 1044 933 in
1065 880 1176 949 ejus
1199 878 1494 948 cognitione
1525 876 1667 945 patri
1685 872 1818 927 nihil
1842 879 1972 926 esset
2003 869 2282 940 reliquum,
2307 867 2445 937 quod
2471 883 2575 920 non
2603 877 2783 922 notum
2815 885 3018 939 quoque
3038 879 3169 922 esset
3198 870 3332 937 ﬁlio.
3352 871 3480 926 Cum
3498 883 3680 926 autem

418 967 786 1022 adolescentia:
802 976 1011 1021 (etatem
1026 968 1146 1036 jam
1167 967 1470 1035 attingeret,
1485 972 1532 1017 et
1556 980 1647 1016 rex
1668 961 1919 1018 Chosroes
1941 973 2131 1013 novum
2148 958 2431 1008 exercitum
2445 955 2502 1008 in
2520 953 2734 1008 Perside
2747 956 3036 1026 colligeret,
3054 958 3162 1026 ipse
3181 974 3384 1028 quoque
3407 976 3526 1013 cum
3555 960 3681 1014 aliis

420 1056 649 1124 refertur
689 1056 744 1107 in
765 1070 1046 1108 numerum
1077 1055 1330 1108 tironum.
1362 1051 1629 1116 Quoniam
1656 1066 1775 1104 vero
1804 1045 2104 1102 veneranda
2129 1057 2260 1096 crux
2309 1041 2522 1095 Domini
2571 1049 2737 1094 totam
2775 1043 3014 1112 agitabat
3047 1051 3094 1096 et
3123 1045 3472 1113 perturbabat
3501 1046 3685 1101 Persi-

419 1142 583 1205 dem;
617 1141 920 1209 inﬁdelibus
945 1142 1160 1210 quidem
1197 1141 1476 1193 horrorem
1510 1147 1558 1191 et
1594 1145 1848 1191 terrorem
1883 1134 2162 1196 incutiens,
2192 1129 2434 1198 ﬁdelibus
2461 1136 2637 1183 autem
2664 1131 2896 1184 suaviter
2922 1131 3206 1185 admodum
3246 1143 3293 1186 et
3325 1133 3531 1203 placide
3553 1134 3684 1188 illu-

420 1243 621 1280 cescens
649 1243 667 1280 :
702 1228 766 1279 de
783 1242 844 1284 ea
873 1227 1085 1296 quidem
1106 1228 1252 1295 fama
1283 1227 1523 1298 quaedam
1547 1243 1640 1292 per
1663 1240 1842 1278 omnes
1872 1219 2208 1288 pervadebat,
2242 1217 2410 1287 fama,
2444 1217 2688 1287 inquam,
2727 1233 2844 1287 qua:
2874 1217 3036 1287 paulo
3059 1220 3290 1273 crassius
3326 1228 3376 1274 et
3413 1221 3682 1276 indoctius

419 1316 765 1385 praedicabat,
790 1312 1215 1370 Christianorum
1241 1315 1409 1369 Deum
1440 1316 1620 1370 adesse
1650 1313 1851 1369 Persis.
1886 1311 1968 1365 Ad
1989 1324 2148 1380 quam
2177 1309 2260 1361 hic
2313 1303 2617 1358 adolescens
2653 1313 2866 1375 repente
2903 1305 3001 1375 fuit
3031 1322 3282 1361 accensus
3309 1310 3486 1362 animo
3517 1325 3536 1363 :
3552 1312 3681 1380 jam

419 1405 558 1457 enim
586 1402 785 1456 occulte
811 1420 931 1456 eum
971 1403 1219 1473 tangebat
1249 1403 1340 1456 ille
1374 1404 1511 1471 ignis
1543 1418 1695 1472 quem
1715 1401 1954 1454 Christus
1985 1398 2126 1450 venit
2147 1396 2334 1465 jacere
2358 1410 2518 1464 super
2545 1402 2762 1459 terram,
2791 1397 2882 1464 qui
2907 1395 3120 1464 quidem
3154 1413 3258 1450 non
3287 1399 3500 1452 sinebat
3522 1403 3680 1470 quie-

418 1506 562 1544 scere
588 1490 866 1559 pulchram
896 1489 1042 1543 illius
1073 1490 1506 1553 adolescentiam,
1532 1488 1624 1542 sed
1648 1489 1833 1541 statim
1866 1501 2044 1538 omnes
2073 1484 2246 1537 obibat
2282 1491 2481 1554 partes,
2513 1482 2577 1534 de
2617 1496 2675 1535 eo
2697 1483 2996 1547 sciscitans,
3033 1500 3194 1553 quam
3229 1488 3683 1543 vehementissime

419 1586 645 1647 poterat,
685 1587 733 1630 et
764 1576 1187 1647 diligentissime.
1215 1577 1346 1632 Cum
1381 1578 1590 1631 audiret
1613 1582 1791 1630 autem
1813 1573 1876 1627 ab
1910 1571 2148 1626 omnibus
2173 1587 2288 1623 eam
2325 1585 2437 1623 esse
2461 1585 2665 1623 crucem
2699 1570 2752 1623 in
2787 1586 2891 1640 qua
2919 1568 3158 1625 Christus
3184 1571 3280 1625 Dei
3311 1572 3496 1638 Filius,
3519 1577 3612 1645 qui
3646 1596 3681 1631 α

418 1663 732 1719 Christianis
754 1665 1035 1730 adoratur,
1063 1664 1165 1733 fuit
1191 1665 1514 1733 cruciﬁxus:
1547 1663 1708 1717 veluti
1735 1664 1909 1732 ignem
1931 1661 2041 1730 igni
2067 1659 2280 1729 adjecit,
2315 1665 2362 1711 et
2391 1657 2670 1728 quastioni
2693 1656 2981 1728 [conjunxit
3016 1661 3380 1728 qua’stionem,
3412 1669 3462 1714 et
3488 1679 3552 1716 at:
3591 1679 3682 1717 re-

415 1753 700 1820 sponsione
739 1753 936 1822 accepit
966 1753 1293 1806 occasionem
1348 1751 1568 1806 alterius
1609 1748 2074 1819 interrogationis;
2127 1756 2176 1800 et
2207 1744 2374 1799 multo
2412 1746 2582 1816 magis
2636 1746 2843 1799 sitiebat
2890 1747 3109 1811 discere,
3143 1749 3584 1816 quemadmodum
3613 1766 3682 1806 es:

418 1837 548 1892 caelo
579 1839 925 1902 descenderit,
957 1855 1076 1892 cum
1106 1840 1175 1892 sit
1199 1839 1357 1892 Deus.
1385 1847 1435 1891 et
1453 1837 1895 1908 quemadmodum
1931 1835 2091 1887 etiam
2115 1834 2284 1903 factus
2317 1834 2385 1887 sit
2404 1833 2580 1897 homo,
2611 1843 2661 1886 et
2680 1850 2775 1887 cur
2808 1835 2972 1888 etiam
3001 1837 3068 1888 sit
3096 1835 3166 1888 ad
3193 1852 3398 1890 crucem
3433 1839 3681 1894 condem-

417 1936 597 1991 natus,
629 1935 678 1979 et
713 1945 744 1980 a
771 1929 979 1997 quibus,
1003 1937 1052 1980 et
1086 1945 1156 1980 an
1177 1929 1245 1980 sit
1267 1928 1335 1980 ad
1377 1927 1564 1980 coelum
1595 1942 1832 1979 reversus
1868 1923 2004 1976 unde
2033 1922 2393 1974 descenderat.
2432 1918 2562 1975 Cum
2583 1928 2761 1974 autem
2788 1921 3022 1991 a.(viris)
3045 1923 3145 1990 piis
3173 1923 3222 1975 ei
3247 1927 3667 1980 annuntiaretur

427 2015 606 2067 carnis
640 2023 959 2085 susceptae...
987 2016 1318 2085 mysterium,
1359 2029 1515 2067 aures
1543 2013 1756 2084 quidem
1785 2012 1999 2082 pietatis
2022 2010 2225 2063 semina
2261 2007 2482 2062 libenter
2534 2007 2906 2078 suscipiebant,
2967 2025 3149 2062 anima
3197 2027 3319 2064 vero
3355 2015 3680 2082 producebat

418 2102 614 2154 sensim
639 2102 841 2172 spicam
885 2100 1033 2169 ﬁdei,
1064 2111 1111 2154 et
1145 2103 1191 2155 ei
1220 2101 1536 2154 desiderium
1567 2098 1830 2169 paulatim
1875 2097 2274 2161 innascebatur,
2298 2095 2608 2166 subibatque
2639 2095 2910 2151 mmulatio
2944 2097 3059 2167 ejus
3097 2102 3489 2170 perpessionum
3513 2119 3530 2156 :
3558 2118 3678 2174 quis

417 2203 535 2240 cum
559 2189 614 2240 in
637 2187 750 2257 ejus
778 2188 962 2241 anima
1001 2195 1160 2241 aucta
1187 2196 1236 2240 et
1263 2186 1592 2256 ampliﬁcata
1617 2193 1808 2249 essent,
1832 2202 1950 2238 eum
1987 2185 2277 2255 informant
2301 2191 2351 2237 et
2381 2185 2664 2238 instituunt
2693 2184 2763 2237 ad
2788 2185 3044 2254 Optimum
3079 2189 3199 2242 vita:
3226 2205 3408 2258 genus,
3436 2191 3675 2246 clarum-

415 2291 517 2345 que
540 2282 589 2328 et
612 2276 898 2345 insignem,
933 2283 1138 2339 testem,
1166 2284 1453 2346 martyrem
1481 2277 1723 2344 inquam,
1763 2273 2016 2342 efﬁciunt,
2047 2280 2106 2326 ut
2127 2273 2249 2342 jam
2271 2271 2557 2342 procedens
2587 2271 2884 2324 declarabit
2925 2275 3111 2326 oratio.
3144 2274 3270 2330 Haec
3302 2287 3424 2346 post
3451 2277 3675 2334 Surium

418 2361 709 2428 Baronius,
738 2362 832 2432 qui
862 2363 1017 2417 addit
1067 2363 1266 2417 deinde
1302 2362 1579 2432 quomodo
1623 2361 1717 2416 ille
1747 2359 2093 2424 Anastasius,
2139 2372 2328 2412 amore
2362 2357 2698 2428 suscipiendi
2747 2357 3119 2427 baptismatis,
3153 2362 3346 2416 relicto
3380 2364 3673 2420 Persarum

419 2448 693 2511 exercitu,
722 2465 783 2504 se
809 2450 1110 2504 contulerit
1135 2449 1200 2503 ad
1241 2449 1618 2502 Romanorum
1651 2447 1860 2516 copias,
1889 2453 1948 2500 et
1980 2444 2312 2514 Hierapolim
2362 2444 2692 2514 porrexerit,
2730 2443 2826 2497 ubi
2871 2443 3019 2514 apud
3062 2448 3432 2516 argentarium
3468 2450 3674 2521 degens

418 2550 619 2606 genere
643 2537 866 2592 Persam
905 2536 1002 2592 sed
1019 2537 1296 2608 religione
1317 2535 1717 2601 Christianum,
1747 2533 1913 2588 latius
1945 2531 2204 2601 mysteria
2223 2529 2540 2586 Christiana
2566 2531 2847 2596 didicerit,
2875 2530 3136 2587 incensus
3161 2549 3383 2603 quoque
3407 2535 3567 2591 fuerit
3597 2537 3672 2592 ad

417 2623 768 2681 subeundum
797 2623 1122 2695 martyrium
1151 2638 1216 2678 ex
1263 2633 1564 2694 martyrum
1594 2620 1993 2677 certaminibus
2012 2634 2134 2689 quae
2149 2617 2453 2688 parietibus
2474 2618 2804 2688 templorum
2833 2619 3152 2674 intuebatur
3172 2621 3424 2690 depicta;
3450 2623 3675 2680 demum

418 2711 852 2782 Hierosolymam
877 2711 1158 2780 prolectus
1179 2710 1363 2764 fuerit.
1387 2709 1790 2779 Haec,inquam,
1814 2709 2170 2766 sicnarratex
2188 2706 2393 2760 eisdem
2426 2706 2596 2771 Actis,
2611 2705 2679 2761 ad
2701 2721 2830 2761 ann.
2855 2709 2979 2773 621,
2997 2724 3053 2762 ιι.
3078 2708 3144 2762 10
3166 2715 3222 2763 et
3243 2724 3408 2780 seqq:
3430 2711 3675 2768 Primum

418 2799 630 2870 quidem
669 2799 818 2869 (post
843 2798 1025 2869 fugam
1053 2797 1121 2851 ad
1154 2798 1456 2867 Romanos)
1492 2814 1610 2851 cum
1636 2798 1859 2851 venisset
1890 2791 2245 2864 Hierapolim,
2273 2794 2484 2848 diuertit
2511 2795 2580 2848 ad
2608 2796 2890 2864 quemdam
2911 2795 3133 2850 Persam
3155 2797 3537 2864 Christianum,
3557 2809 3676 2854 arte

418 2888 626 2957 argenti
649 2889 1014 2957 con/latorem,
1037 2894 1087 2938 et
1117 2901 1235 2939 cum
1254 2894 1423 2938 artem
1444 2885 1709 2955 conﬂandi
1735 2885 1942 2954 argenti
1969 2883 2303 2946 exercuisset,
2331 2899 2522 2936 manus
2540 2882 2748 2952 quidem
2768 2883 2988 2936 habebat
3015 2885 3244 2938 intentas
3271 2887 3434 2957 operi,
3460 2889 3676 2943 animus

419 2983 596 3027 autem
623 2989 830 3043 semper
865 2981 914 3026 et
937 2974 1184 3044 cogitatio
1214 2974 1269 3026 in
1298 2971 1395 3026 Dei
1427 2987 1606 3026 amore
1631 2972 2009 3025 versabatur...
2041 2985 2261 3041 eumque
2287 2970 2386 3024 sibi
2433 2970 2603 3024 adhuc
2629 2970 2797 3040 magis
2821 2971 3152 3037 accendebat,
3181 2983 3228 3025 et
3258 2975 3321 3026 ab
3344 2977 3455 3045 ipso
3489 2993 3674 3031 rursus

418 3059 854 3131 inﬂammabatur
865 3061 1236 3114 vehementius.
1257 3059 1603 3124 Quamobrem
1617 3059 1783 3113 Deum
1793 3059 2037 3129 rogabat.
2051 3098 2085 3113 ..
2098 3066 2155 3111 ut
2173 3059 2408 3111 divinum
2421 3059 2740 3128 baptismum
2755 3067 3175 3128 consequeretur,
3190 3069 3238 3112 et
3251 3063 3462 3117 omnino
3481 3067 3677 3135 apric-

419 3147 562 3200 ribus
580 3147 820 3201 sordibus
844 3155 1252 3217 expurgaretur,
1277 3145 1407 3198 etab
1428 3145 1524 3200 illa
1543 3144 1660 3198 labe
1675 3147 2065 3216 priestigiarum
2085 3163 2102 3210 ;
2119 3156 2177 3199 ut
2202 3163 2304 3200 non
2321 3146 2780 3212 solum_voluntate
2803 3155 2850 3200 et
2867 3147 3134 3212 electione,
3151 3151 3446 3219 sedanima
3467 3171 3676 3225 quoque

417 3243 470 3287 et
487 3249 705 3304 corpore
729 3241 858 3286 esset
873 3233 1335 3303 purgatas...Cum
1357 3233 1450 3285 ille
1475 3242 1651 3286 autem
1679 3249 1742 3287 ea:
1761 3234 1930 3287 Persis
1949 3235 2155 3287 timeret
2179 3235 2489 3303 periculum,
2505 3233 2687 3288 et'ideo
2714 3235 2972 3288 morando
2996 3251 3107 3289 rem
3134 3236 3430 3307 differret...
3457 3241 3674 3296 interim

419 3322 488 3374 ad
517 3322 696 3376 divina
719 3320 921 3390 templa
946 3321 1129 3374 adiens
1159 3337 1312 3374 suum
1335 3318 1610 3375 solabatur
1635 3321 1974 3386 desiderium,
1993 3321 2115 3374 visis
2141 3336 2262 3374 vero
2287 3319 2560 3374 miraculis
2587 3328 2637 3374 et
2661 3323 3036 3376 certaminibus
3069 3334 3371 3379 sanctorum
3398 3327 3674 3398 descriptis

416 3407 474 3462 in
497 3406 834 3478 templorum,
872 3421 990 3478 quat
1017 3423 1134 3462 cum
1157 3408 1296 3461 socio
1324 3425 1417 3462 suo
1446 3409 1653 3480 argenti
1675 3412 1960 3481 con/latore
1986 3408 2283 3477 frequenter
2307 3406 2573 3472 visitabat,
2609 3409 2897 3478 parietibus
2915 3450 2928 3475 ,
2953 3410 3016 3462 de
3039 3410 3103 3463 iis
3123 3410 3275 3464 illum
3300 3412 3569 3482 diligenter
3585 3415 3673 3467 in-

419 3494 744 3564 terrogabat.
773 3492 907 3548 Cum
936 3494 1116 3564 itaque
1145 3495 1449 3561 audivisset,
1474 3495 1646 3567 qualis
1671 3497 1743 3550 eis
1759 3497 1866 3550 vita
1891 3493 2129 3565 (fuisset,
2157 3491 2274 3564 qui)
2298 3509 2490 3558 mores,
2514 3494 2675 3564 (quae)
2701 3496 2887 3560 virtus,
2907 3505 2955 3550 et
2977 3495 3160 3566 qualia
3180 3505 3394 3568 propter
3409 3497 3670 3555 Christum

419 3581 772 3654 (subiissent)
804 3583 1168 3636 certamina...
1203 3599 1308 3636 non
1340 3590 1546 3654 poterat
1575 3582 1804 3654 amplius
1830 3583 2094 3636 continere
2131 3580 2186 3634 id
2222 3581 2360 3650 quod
2398 3596 2522 3634 suus
2569 3583 2784 3636 anintus
2807 3585 3170 3653 parturiebat,
3219 3586 3311 3639 sed
3335 3589 3521 3641 statuit
3550 3605 3672 3659 per-

415 3683 538 3737 gere
555 3666 1002 3737 Hierosolymam,
1028 3675 1084 3719 ut
1106 3667 1426 3737 baptismum
1451 3666 1560 3721 illic
1585 3676 2002 3738 consequeretur.
2038 3666 2188 3722 Venit
2212 3685 2334 3738 ergo
2374 3671 2432 3722 in
2493 3678 2738 3724 sanctam
2779 3672 3042 3726 civitatem
3061 3713 3075 3736 ,
3127 3682 3174 3726 et
3201 3673 3271 3727 ad
3307 3676 3588 3745 quemdam
3617 3694 3673 3732 se

417 3756 610 3825 recepit
631 3757 840 3826 argenti
862 3771 1068 3825 quoque
1109 3757 1378 3826 conﬂandi
1400 3756 1648 3824 peritum.
1691 3755 1755 3809 Ei
1783 3757 1952 3826 aperit
1987 3771 2206 3809 causam
2224 3756 2307 3808 sui
2344 3755 2618 3819 adventus,
2645 3772 2830 3828 nempe
2874 3759 3012 3828 quod
3051 3759 3206 3813 vellet
3252 3762 3322 3815 ad
3364 3779 3541 3816 verum
3574 3765 3672 3819 Dei

416 3841 614 3896 cultum
641 3858 732 3911 per
759 3842 1076 3911 baptismum
1099 3843 1327 3896 initiari.
1355 3841 1456 3896 Ille
1482 3850 1657 3895 autem
1689 3858 1806 3895 eum
1830 3843 1978 3895 ducit
2007 3842 2076 3896 ad
2092 3842 2293 3908 Eliam,
2319 3853 2521 3897 sanctae
2542 3843 2953 3899 Resurrectionis
2969 3847 3268 3916 piissimum
3287 3851 3666 3921 presbyterum,

417 3930 508 4000 qui
531 3944 650 3982 eum
675 3928 881 3999 supinis
911 3930 993 3999 (ut
1016 3927 1244 3998 dicitur)
1273 3929 1515 3983 manibus
1541 3931 1786 3999 suscepit,
1819 3939 1868 3982 et
1895 3930 1958 3983 de
1985 3945 2043 3982 eo
2071 3929 2250 3983 retulit
2280 3930 2350 3983 ad
2367 3929 2681 3995 Modestum,
2713 3932 2802 4001 qui
2827 3931 2948 3985 huic
2971 3935 3082 3986 sedi
3114 3945 3342 4005 prmerat
3367 3940 3668 4007 apostolicae

419 4017 721 4084 (Zachariae
753 4017 964 4072 scilicet
995 4016 1198 4086 captivi
1216 4017 1393 4072 vicem
1419 4031 1637 4087 gerens,
1661 4017 1713 4069 in
1741 4016 1930 4071 Graeco
1955 4017 1982 4068 ὁ
2004 4017 2401 4088 τοποτηρητὴς,
2429 4016 2839 4080 locum-tenens,
2863 4018 3044 4089 inquit
3072 4021 3479 4090 Papebrochius
3500 4041 3666 4095 supra

416 4105 663 4174 citatus),
696 4114 744 4158 et
776 4107 850 4158 sic
875 4106 1116 4159 divinum
1146 4099 1466 4176 baptismum
1496 4105 1821 4174 assequitur,
1848 4105 2161 4158 veneranda:
2183 4106 2352 4158 crucis
2381 4120 2501 4158 vere
2536 4105 2770 4175 pulcher
2781 4106 2983 4176 fructus
3005 4109 3235 4177 effectus,
3266 4119 3314 4163 et
3351 4111 3668 4169 Anastasius

417 4193 744 4265 appellatus,
781 4201 994 4259 sumpta
1030 4193 1458 4246 denominatione
1481 4210 1514 4245 a
1540 4192 1867 4244 revocatione
1886 4198 1936 4244 et
1973 4191 2044 4244 ad
2092 4190 2316 4246 meliora
2353 4194 2648 4246 mutatione
2680 4210 2712 4246 a
2743 4195 2909 4264 priori
2942 4195 3258 4265 inﬁdelitate
3286 4207 3335 4251 et
3365 4202 3664 4270 prcestigiis,

419 4280 563 4350 (qua:
604 4280 770 4334 fuerit
802 4280 958 4347 quasi
990 4279 1326 4332 resurrectio
1349 4293 1380 4331 a
1405 4286 1582 4331 morte
1609 4277 1676 4332 ad
1706 4277 1920 4346 vitam).
1957 4277 2073 4333 Una
2096 4281 2256 4334 etiam
2280 4296 2398 4334 cum
2433 4296 2494 4333 eo
2521 4280 2820 4351 baptizatus
2859 4291 2935 4336 est
2959 4284 3178 4353 quidam
3204 4287 3435 4356 ejusdem
3473 4290 3668 4360 patria:

416 4378 466 4424 et
491 4369 743 4440 regionis,
768 4369 862 4438 qui
886 4368 986 4436 fuit
1010 4367 1124 4436 ejus
1151 4382 1357 4437 quoque
1388 4368 1442 4420 in
1484 4367 1729 4437 passione
1750 4383 1847 4436 pro
1890 4365 2094 4421 Christo
2128 4368 2319 4431 socius,
2346 4368 2554 4421 easdem
2595 4384 2712 4422 cum
2747 4384 2806 4422 eo
2837 4368 3052 4425 Edessa:
3083 4383 3385 4427 consecutus
3419 4391 3665 4433 coronas.

414 4459 575 4512 Anno
603 4457 870 4526 siquide'm
894 4455 1097 4510 Christi
1115 4454 1219 4510 628
1233 4454 1323 4510 die
1338 4454 1407 4508 22
1427 4454 1695 4521 Januarii,
1714 4455 1958 4526 quinque
1977 4454 2243 4509 duntaxat
2265 4454 2701 4510 hebdomadibus
2721 4465 2776 4511 et
2796 4456 3013 4512 duobus
3038 4458 3232 4514 diebus
3260 4471 3385 4519 ante
3404 4462 3672 4521 Chosrois

416 4545 651 4609 obitum,
688 4543 936 4614 ejusdem
971 4545 1150 4614 jussu,
1178 4542 1271 4597 hic
1307 4543 1653 4610 Anastasius,
1688 4543 1781 4614 qui
1834 4543 2040 4613 pluries
2067 4543 2178 4613 jam
2218 4556 2362 4596 anno
2387 4541 2659 4611 superiori
2702 4541 2908 4599 Christi
2947 4545 3122 4600 fuerat
3153 4549 3438 4606 confessus
3473 4552 3670 4622 ﬁdem,

416 4632 663 4688 Caesarea
690 4632 1012 4696 Palaestinie,
1037 4631 1105 4685 ad
1131 4630 1385 4686 eumdem
1406 4630 1690 4686 Chosroen
1721 4631 1944 4696 missus,
1969 4645 2163 4700 magna
2189 4629 2356 4684 animi
2390 4630 2696 4697 alacritate,
2724 4631 2843 4686 dira
2876 4649 3170 4704 perpessus
3202 4646 3493 4704 tormenta,
3518 4658 3672 4696 mar-

417 4721 617 4793 tyrium
651 4719 869 4775 tandem
927 4719 1165 4775 cervicis
1215 4719 1556 4774 abscissione
1588 4718 1994 4774 consummavit
2032 4737 2044 4771 :
2098 4718 2166 4772 de
2200 4733 2310 4787 quo
2354 4718 2621 4788 legendus
2669 4719 2940 4775 Baronius
2971 4722 3038 4778 ad
3075 4739 3282 4779 annum
3326 4725 3430 4781 627
3461 4745 3518 4783 ιι.
3541 4728 3577 4782 ’5
3611 4739 3670 4784 et

417 4823 574 4878 seqq.
609 4807 702 4861 ubi
727 4823 783 4860 ιι.
820 4809 870 4874 l,
905 4807 1038 4860 Acta
1062 4806 1308 4877 ejusdem
1340 4805 1615 4861 Anastasii
1647 4805 1871 4876 conjicit
1895 4805 2097 4876 scripta
2123 4805 2312 4870 fuisse,
2339 4807 2426 4860 vel
2457 4805 2525 4860 ab
2553 4806 2827 4863 Antiocho
2856 4812 3150 4877 monacho,
3187 4814 3325 4868 vela
3346 4813 3670 4884 Sophronia

418 4895 512 4965 qui
542 4893 794 4948 Modesto
817 4893 870 4947 in
895 4893 1026 4948 sede
1055 4894 1548 4965 llierosolymitana
1574 4892 1862 4948 successit.
1901 4893 2200 4947 Bollandus
2241 4901 2422 4946 tamen
2460 4901 2592 4946 tom.
2626 4894 2670 4947 ll
2705 4894 2957 4949 Actorum
2982 4908 3291 4953 sanctorum
3317 4904 3508 4955 mensis
3561 4903 3668 4958 Ja-

420 4982 621 5044 nuarii,
653 4981 717 5036 ad
741 4979 888 5034 diem
911 4981 1000 5045 Ἡ,
1030 4996 1084 5050 p.
1113 4981 1236 5045 ΗΞ,
1271 4997 1326 5035 ιι.
1362 4983 1416 5046 4,
1445 4981 1549 5035 sibi
1598 4980 1775 5035 videri
1827 4979 1906 5035 ait
1937 4987 2215 5035 auctorem
2263 4979 2396 5034 Vita:
2435 4979 2602 5049 hujus
2644 4983 2898 5050 martyris
2971 4983 3143 5040 fuisse
3193 4986 3428 5057 aliquem
3475 5006 3672 5045 mona-

422 5069 587 5124 chum
618 5069 855 5124 cmnobii
890 5068 945 5120 in
969 5067 1113 5138 quod
1141 5068 1257 5137 ipse
1281 5076 1404 5138 post
1432 5068 1764 5138 baptismum
1791 5083 1911 5122 sese
1944 5073 2247 5137 receperat,
2278 5077 2334 5121 et
2368 5067 2535 5121 vitam
2574 5069 2928 5122 monasticam
2954 5072 3237 5141 amplexus
3285 5090 3426 5129 anno
3457 5074 3671 5133 Christi

422 5155 545 5221 620,
579 5171 754 5210 annos
778 5164 986 5225 septem
1018 5164 1392 5209 commoratus
1414 5163 1501 5209 est
1539 5172 1553 5208 :
1600 5155 1748 5225 quod
1779 5153 1947 5208 infert
1971 5169 2037 5209 ex
2068 5154 2157 5208 his
2194 5153 2359 5224 hujus
2388 5153 2632 5208 auctoris
2657 5157 2840 5211 verbis
2878 5172 2934 5210 n.
2973 5159 3053 5223 i3,
3077 5159 3322 5228 ejusdem
3359 5161 3512 5218 Viue.
3557 5164 3672 5219 Hoc

421 5253 596 5299 autem
627 5246 822 5298 scimus
847 5259 941 5296 nos
965 5259 1082 5296 eum
1119 5244 1404 5298 mirantem
1439 5251 1489 5296 et
1522 5243 1966 5312 obstupescentem
2004 5237 2356 5296 constantiam
2373 5249 2702 5306 sanctorum,
2725 5243 2859 5298 nihil
2883 5245 2993 5314 fere
3017 5245 3168 5300 aliud
3214 5245 3382 5319 legere
3413 5249 3672 5320 voluisse,

422 5332 525 5386 nisi
553 5332 694 5402 quod
718 5330 872 5384 illum
900 5332 1071 5384 sancti
1098 5330 1348 5384 desiderii
1373 5329 1620 5384 ardorem
1651 5332 1897 5384 nutriret.
1923 5329 2202 5384 Zachariae
2248 5337 2470 5383 mortuo
2497 5344 2642 5383 anno
2675 5329 2878 5385 Christi
2925 5333 3016 5386 f3!
3055 5334 3140 5388 vel
3188 5335 3306 5400 1'55,
3333 5335 3673 5395 substitutus

420 5428 506 5474 est
529 5419 830 5484 Modestus,
868 5419 962 5489 qui
985 5426 1140 5494 tanta
1161 5433 1287 5472 cum
1311 5418 1476 5473 laude
1507 5419 1649 5473 hanc
1681 5417 1982 5473 Ecclesiam
2014 5433 2114 5487 per
2138 5415 2557 5486 quatuordecim
2579 5415 2694 5472 fere
2723 5431 2918 5483 annos,
2951 5419 3082 5474 dum
3115 5421 3409 5478 Zacharias
3429 5427 3673 5497 patriar-

422 5505 525 5559 cha
559 5507 902 5561 detineretur
921 5506 1171 5575 captivus
1193 5505 1247 5560 in
1272 5505 1520 5570 Perside,
1553 5505 2060 5572 administraverat;
2086 5518 2208 5558 eam
2240 5519 2371 5559 vero
2397 5503 2722 5574 dignitatem
2749 5506 2805 5560 in
2836 5507 3060 5576 plenum
3093 5511 3321 5565 sortitus
3342 5512 3498 5568 brevi
3526 5524 3670 5570 tem-

423 5606 556 5658 pore
580 5593 786 5648 sedisse
810 5593 1153 5663 perhibetur.
1188 5593 1602 5663 Papebrochius
1632 5593 1778 5647 enim
1803 5592 1855 5647 in
1880 5592 2053 5646 Tract.
2089 5592 2316 5664 pra’lim.
2343 5593 2412 5646 ad
2441 5603 2568 5646 tom.
2605 5592 2695 5647 III
2739 5593 2870 5648 Maii
2897 5597 3087 5666 scepius
3111 5600 3385 5666 recensita,
3413 5619 3541 5673 pag.
3573 5605 3666 5671 5|,

425 5697 479 5734 n.
517 5679 637 5744 138,
667 5680 766 5735 col.
795 5681 851 5746 2,
880 5681 1132 5737 observat
1157 5695 1188 5735 a
1215 5679 1549 5750 Nicephoro,
1569 5680 1656 5736 cui
1692 5681 2010 5737 membrana
2041 5678 2295 5737 Rulteana
2321 5682 2618 5749 consentit,
2645 5697 2852 5738 annum
2879 5699 3051 5738 unum
3078 5686 3364 5756 regiminis
3391 5691 3608 5762 (utique
3635 5709 3668 5748 a
