4038 6208
383 249 524 317 3:273
1314 252 1396 315 IN
1439 245 1855 315 UNGUEN'I‘A
1895 251 1978 314 FE

2040 252 2290 316 .ENTES
2307 246 2722 316 MULIERES.
3497 250 3635 312 3274

386 368 562 422 morte
594 357 891 420 Zachariae,
928 357 1016 410 cui
1047 371 1114 410 ex
1148 358 1375 412 Perside
1411 374 1634 414 reverso
1658 360 2194 417 administrationem
2227 364 2332 418 sibi
2367 363 2670 433 delegatam
2706 363 3043 421 restituerat,
3078 360 3162 414 vel
3189 373 3352 428 quam
3387 360 3636 416 fortassis

389 448 493 501 sub
525 447 641 512 illo,
665 461 734 502 ex
760 445 936 514 ipsius
981 459 1280 511 consensu,
1311 462 1572 502 exercere
1618 450 1964 518 perrexerat)
2015 451 2318 521 assignari;
2371 452 2510 506 duos
2555 466 2687 504 vero
2717 463 2891 502 annos
2928 448 2996 501 ab
3040 457 3265 502 auctore
3319 448 3634 504 tabularum

388 533 715 604 Theophani
771 535 1103 588 insertarum
1143 551 1155 586 :
1199 534 1294 589 sed
1336 535 1443 589 nisi
1489 535 1746 590 decessor
1780 538 1900 607 ejus
1931 536 2246 601 Zacharias,
2287 539 2486 609 inquit,
2520 539 2809 607 plusquam
2845 536 2915 589 22
2943 550 3119 589 annos
3150 544 3272 600 post
3307 551 3459 589 suam
3488 537 3638 589 ordi-

389 625 670 678 nationem
703 622 924 687 vixerit,
951 638 1055 678 nec
1084 622 1140 676 hi
1169 623 1483 689 suﬂiciunt;
1519 641 1644 678 cum
1669 635 1824 680 certo
1845 635 2064 681 constet
2091 641 2468 682 successorem
2501 627 2623 696 ejus
2651 624 3022 694 Sophronium
3041 623 3252 677 mensis
3287 622 3408 676 Maii
3438 634 3635 692 quarta

386 711 501 774 die,
538 711 734 766 indi-ct.
767 720 940 776 sexta,
973 710 1024 764 id
1057 721 1142 765 est
1176 725 1322 765 anno
1356 713 1479 776 655,
1507 714 1826 770 interfuisse
1861 716 2073 786 synodo
2107 713 2488 768 Alexandrina:
2529 713 2710 767 adhuc
2736 711 3011 782 privatum
3041 710 3394 774 monachum,
3437 711 3628 780 ibique

387 814 646 853 exorsum
678 814 774 853 sua
797 811 992 854 contra
1017 799 1509 854 monothelismum
1540 813 1857 856 nascentem
1890 803 2214 866 certamina,
2246 801 2450 856 deinde
2481 817 2608 855 cum
2643 799 2843 854 litteris
2871 798 2997 869 Cyri
3035 798 3364 868 patriarcha:
3396 797 3638 852 Alexan-

387 886 534 941 drini
566 887 733 941 ivisse
760 886 1294 956 Constantinopolim
1316 928 1330 944 .
1358 887 1425 941 ad
1456 889 1609 944 urbis
1629 891 2111 961 archiepiscopum
2139 889 2423 960 Sergium;
2451 889 2588 943 adeo
2615 897 2671 941 ut
2691 887 2922 941 multum
2948 885 3038 950 sit,
3068 885 3114 940 si
3149 895 3277 940 ante
3307 895 3636 939 autumnum

391 974 591 1028 reverti
628 973 870 1040 potuerit
933 975 985 1027 in
1019 974 1389 1028 Palaestinam.
1437 975 1562 1030 Haec
1595 978 1954 1034 considerans
1999 979 2223 1049 aliquis,
2255 978 2610 1049 prosequitur
2640 975 3072 1046 Papebrochius,
3109 983 3164 1028 et
3203 972 3482 1044 quomodo
3525 972 3638 1044 jam

389 1061 514 1116 inde
542 1077 568 1112 a
603 1071 760 1130 capta
789 1060 895 1114 sub
929 1061 1177 1117 Chosroe
1208 1061 1582 1133 Hierosolyma
1607 1065 1934 1134 patriarchae
1966 1068 2118 1121 vices
2155 1067 2387 1137 gesserit
2431 1064 2731 1126 Modestus,
2774 1063 3026 1116 fortassis
3056 1062 3206 1116 volet
3235 1059 3449 1130 opinari
3491 1059 3638 1130 Quod

389 1149 605 1216 primus
632 1147 797 1203 istius
820 1149 1052 1218 catalogi
1076 1159 1273 1204 auctor
1291 1151 1390 1219 qui
1416 1150 1469 1205 in
1504 1151 1819 1221 Sophronio
1852 1157 2184 1210 terminatur
2213 1155 2396 1208 nullos
2415 1155 2465 1208 ei
2497 1168 2670 1206 annos
2693 1152 2982 1214 definiens,
3012 1149 3253 1213 voluerit
3298 1157 3471 1202 totum
3502 1156 3640 1202 tem-
3702 1192 3704 1194 τ

386 1247 490 1301 pus
511 1247 625 1300 quo
652 1231 1092 1300 patriarchatum
1127 1233 1532 1288 administravit
1570 1235 1867 1300 Modestus,
1895 1239 2074 1295 eidem
2120 1251 2178 1294 ut
2204 1258 2335 1295 vero
2369 1240 2696 1311 patriarcha:
2744 1238 3044 1300 ascribere,
3077 1236 3286 1289 notatis
3315 1234 3502 1290 Graece
3531 1249 3633 1286 an—

389 1320 476 1373 nis
501 1324 607 1380 xa',
639 1318 690 1372 id
727 1327 832 1380 est,
864 1317 954 1380 21,
976 1319 1121 1386 quod
1153 1319 1243 1373 alii
1274 1335 1384 1374 non
1416 1318 1812 1390 intelligentes,
1841 1325 2184 1394 nimiumque
2217 1341 2340 1379 esse
2371 1324 2620 1378 videntes
2654 1321 2954 1390 (siqui-dem
2977 1328 3100 1388 post
3127 1316 3450 1371 Zachariam
3478 1313 3632 1369 brevi

395 1406 528 1458 satis
563 1412 812 1473 tempore
843 1405 934 1458 ille
964 1405 1244 1460 Modestus
1267 1408 1425 1479 vixit)
1462 1410 1668 1464 omisso
1703 1416 1771 1472 κ’,
1799 1411 2127 1466 retinuerint
2171 1411 2240 1475 α’,
2273 1413 2431 1466 facile
2457 1426 2631 1465 annos
2676 1409 2736 1462 2|
2786 1406 3082 1476 repertori,
3117 1405 3160 1459 si
3195 1419 3487 1457 numerare
3517 1402 3638 1456 illos

391 1491 697 1545 voluissent
723 1491 790 1544 ab
825 1501 1061 1546 exeunte
1085 1493 1226 1547 Maio
1265 1495 1369 1564 (vel
1401 1495 1562 1550 initio
1607 1497 1780 1566 Junii)
1810 1498 1941 1551 anni
1976 1498 2079 1552 6M
2113 1501 2245 1566 (quo
2282 1508 2438 1568 capta
2475 1506 2558 1552 est
2585 1513 2614 1550 a
2659 1496 2845 1550 Persis
2875 1492 3370 1560 llierosclymitana
3417 1488 3634 1554 civitas)

386 1579 453 1632 ad
497 1595 744 1633 mensem
776 1579 1136 1634 Decembrem
1169 1583 1296 1635 anni
1332 1582 1455 1658 654:
1501 1583 1605 1637 Sed
1637 1585 1775 1638 nihil
1805 1600 2035 1640 necesse
2069 1587 2176 1639 rrit
2203 1585 2311 1638 huc
2345 1601 2652 1647 recurrere,
2687 1583 2731 1637 si
2778 1581 3056 1636 Zacharia:
3083 1579 3320 1631 velimus
3348 1591 3524 1630 annos
3567 1577 3638 1630 24

385 1667 729 1736 relinquere.
769 1665 926 1721 Tunc
955 1667 1104 1721 enim
1141 1684 1168 1721 a
1203 1670 1398 1723 Martio
1429 1687 1572 1725 anno
1607 1673 1730 1733 635,
1767 1689 1939 1741 usque.
1971 1673 2039 1726 ab
2069 1673 2426 1728 Decembrem
2459 1671 2583 1726 anni
2608 1666 2910 1739 sequentis,
2937 1667 3042 1721 dici
3067 1673 3248 1735 potest
3291 1662 3498 1717 sedisse
3526 1663 3639 1717 Mo-

383 1754 592 1810 destus.
627 1755 782 1819 Dico,
817 1771 989 1823 usque
1017 1756 1082 1809 ad
1110 1758 1487 1812 Decembrem.
1513 1761 1639 1827 quia
1662 1761 1752 1815 tali
1786 1777 1973 1814 mense
1999 1762 2087 1814 die
2117 1761 2179 1815 16
2202 1761 2390 1813 colunt
2417 1759 2595 1828 ipsum
2617 1756 2792 1811 Graeci
2815 1769 2996 1808 annua
3022 1749 3548 1806 civmmemoratione
3579 1751 3635 1803 in

385 1841 626 1897 Menaeis.
658 1843 735 1897 lta
763 1843 1179 1912 Papebrochius
1203 1845 1425 1899 citatus.
1464 1846 1769 1917 Eutychius
1806 1848 2216 1901 Alexandrinus
2246 1848 2440 1901 scribit
2481 1845 2784 1898 Modestum
2828 1842 3039 1896 sedisse
3069 1854 3267 1893 novem
3305 1852 3545 1900 menses,
3579 1848 3637 1891 et

385 1937 507 1996 post
535 1929 659 1998 ejus
695 1939 930 1983 mortem
977 1931 1246 1983 mansisse
1297 1932 1613 1985 cathedram
1679 1933 1753 1989 Hi.
1777 1935 2224 2004 rosolymimnam
2273 1952 2363 1988 sex
2398 1935 2558 1988 annis
2596 1933 2714 1987 sine
2755 1929 3090 2002 patriarcha.
3131 1927 3254 1981 l‘lzec
3285 1925 3508 1995 quidem
3540 1940 3635 1977 sex

385 2031 660 2068 annorum
697 2017 952 2069 vacantia
995 2032 1127 2071 vera
1165 2033 1273 2070 non
1319 2019 1538 2072 videtur
1571 2039 1582 2072 :
1617 2038 1739 2073 imm
1777 2023 1846 2075 ab
1884 2039 2029 2075 anno
2055 2024 2178 2082 654,
2228 2039 2341 2092 quo
2372 2023 2666 2075 Zacharias
2701 2018 3007 2080 descendit,
3045 2031 3220 2084 usque
3251 2013 3318 2066 ad
3362 2013 3486 2075 654,
3525 2027 3634 2080 quo

383 2103 730 2172 Sophronius
771 2103 1061 2158 ordinatus
1104 2114 1187 2159 est
1231 2106 1734 2179 Hierosolymorum
1790 2112 2104 2182 episcopus,
2145 2127 2238 2163 sex
2287 2111 2534 2178 profecto
2571 2109 2702 2160 anni
2753 2121 2859 2158 non
2893 2109 3218 2161 occurrit-nt,
3250 2099 3353 2153 sub
3397 2112 3632 2167 quorum

381 2192 551 2243 etiam
580 2191 876 2245 duratione
913 2192 1141 2246 Modesti
1178 2195 1588 2261 patriarcbatus
1616 2198 1772 2252 [luxit
1805 2198 1968 2251 unius
1998 2199 2125 2250 anni
2181 2198 2266 2251 vel
2298 2197 2554 2250 duormu.
2597 2196 2665 2248 At
2717 2193 2952 2260 aliquam
3008 2186 3393 2242 intercessisse
3429 2199 3632 2238 vacan-

383 2277 540 2339 tiam,
582 2292 611 2330 a
641 2277 875 2331 Modesti
901 2279 1054 2332 obitu
1081 2295 1256 2348 usque
1290 2282 1355 2335 ad
1384 2281 1682 2349 Soyhronii
1709 2282 2200 2356 inauguratiouem,
2240 2284 2471 2336 suadent
2500 2282 2749 2350 quaedam
2784 2277 3043 2332 Martinil
3083 2272 3316 2329 Romani
3358 2271 3635 2341 pontificis

387 2363 553 2416 verba
587 2363 820 2417 inferius
856 2366 1166 2430 referenda,
1205 2383 1326 2435 qua:
1350 2369 1613 2438 leguntur
1646 2370 1700 2422 in
1727 2370 1977 2439 epistolis
1997 2371 2120 2440 ejus
2145 2374 2209 2423 ad
2235 2371 2498 2424 Joannem
2527 2365 2919 2435 Philadelphia:
2940 2363 3285 2432 episcopum,
3311 2368 3364 2414 et
3395 2358 3459 2412 ad
3490 2358 3630 2412 Pan-

383 2453 657 2506 taleonem
683 2470 698 2517 ;
729 2455 944 2508 scilicet
968 2457 1117 2510 viros
1145 2457 1360 2526 aliquos
1383 2466 1508 2511 ante
1542 2457 1822 2526 Sophronii
1845 2459 2247 2529 patriarchiam,
2281 2458 2410 2510 item
2461 2461 2574 2526 post
2609 2456 2723 2524 ejus
2767 2454 3062 2513 decessum,
3099 2465 3204 2502 non
3240 2447 3632 2502 convenienter

387 2537 558 2593 fuisse
588 2540 797 2596 electos
826 2542 878 2594 in
915 2543 1226 2614 episcopos,
1254 2545 1336 2599 vel
1377 2545 1748 2616 presbyteros,
1769 2554 1875 2600 etc.
1908 2547 2109 2599 Prreter
2134 2544 2360 2598 Modesti
2397 2542 2686 2609 epistulam
2718 2541 2786 2594 de
2841 2555 2944 2609 qua
2973 2553 3158 2606 supra,
3199 2543 3386 2588 monet
3435 2531 3633 2600 Pagius

383 2634 517 2678 tom.
551 2626 594 2680 ll
620 2629 738 2680 crit.
771 2629 956 2684 annal.
992 2630 1212 2684 Βίωνοηῆ
1248 2631 1314 2684 ad
1359 2647 1563 2686 annum
1613 2633 1737 2687 635.
1766 2649 1822 2686 ιι.
1857 2634 1887 2687 6
1911 2648 2039 2702 pag.
2079 2635 2201 2696 SOI,
2233 2633 2339 2687 col.
2367 2633 2414 2694 i,
2448 2630 2631 2684 adhuc
2671 2643 2966 2697 superesse
2991 2625 3129 2679 duas
3163 2624 3287 2694 ejus
3308 2630 3628 2676 orationes:

381 2731 575 2782 unam,
609 2719 663 2772 in
695 2719 940 2773 mulieres
969 2724 1405 2792 unguentiferus;
1435 2725 1682 2786 alteram,
1708 2726 1760 2776 in
1788 2740 2063 2778 occursum
2090 2740 2106 2776 :
2137 2737 2258 2791 quze
2290 2720 2592 2774 recitantur
2619 2733 2647 2771 a
2684 2716 2880 2771 Photio
2907 2715 2961 2768 in
2988 2713 3251 2767 Biblioth.
3278 2709 3469 2765 codice
3499 2709 3625 2763 275.

382 2802 502 2858 Alia
530 2819 749 2874 quoque
774 2808 958 2860 oratio
1003 2818 1219 2862 exstare
1261 2809 1488 2873 dicitur,
1526 2811 1629 2862 sub
1652 2811 1900 2879 ejusdem
1947 2809 2176 2863 Modesti
2226 2807 2468 2871 nomine,
2503 2806 2557 2857 in
2598 2804 2787 2856 codice
2834 2802 2939 2856 276
2983 2798 3519 2868 Coisliniano,part.
3566 2809 3627 2864 tt,

377 2904 506 2960 pag.
540 2890 666 2956 289,
694 2890 758 2942 de
779 2891 1094 2945 dormitione
1122 2893 1364 2964 Deipara:
1395 2895 1636 2965 Virginis.

1781 3075 3603 3105 *ΜΝ-*η*

383 3079 1780 3104 mm

1599 3237 2424 3358 ΜΟΔΕΣΤΟΥ

1433 3451 1995 3506 ΔΡΧΙΕΠΙΣΚΟΠΟΥ
2046 3449 2534 3504 ΙΕΡΟΣΟΛΥΜΩΝ

1369 3618 1541 3703 ΕΙΣ
1613 3619 1818 3704 ΤΑΣ
1892 3615 2667 3704 ΜΥΡΟΦΟΡΟΥΣ·

1977 3804 2046 3820 ..-

1700 3960 2325 4078 MODESTI

1345 4195 1926 4257 ARCHIEPISCOPI
1965 4193 2672 4256 HIEROSOLYMITANI

813 4363 935 4452 ΙΝ
1050 4359 1698 4451 UNGUENTA
1809 4360 2421 4449 FEBENTES
2535 4359 3183 4451 MULIERES.

1533 4550 1806 4622 (PHOTIUS,
1847 4548 2115 4616 Biblioth.,
2154 4550 2278 4604 cod.
2322 4549 2469 4622 275.)

439 4833 544 4894 Τὸν
570 4837 800 4909 ἕϐδομον
849 4835 1208 4910 ἀριθμὸνλκαὶ
1250 4839 1344 4891 ἐπὶ
1373 4838 1474 4907 τῆς
1504 4837 1700 4908 ἀρετῆς
1732 4839 1822 4891 καὶ
1850 4835 1945 4888 ἐπὶ

2113 4838 2420 4911 Septimum
2459 4852 2774 4904 numerum,
2797 4845 2857 4894 et
2887 4835 2958 4895 de
2985 4837 3192 4894 virtute
3215 4845 3274 4894 et
3297 4836 3365 4896 de
3393 4848 3615 4910 peccato

365 4929 466 4998 τῆς
501 4929 700 4991 κακίας
727 4928 1053 5000 εὑρίσκομεν
1086 4929 1185 4998 τὴν
1221 4926 1444 4996 Γραφὴν
1490 4927 1948 5000 παραλαμΰὰνου-

2042 4930 2097 4986 in
2149 4931 2434 5001 Scriptura
2475 4938 2768 5000 acceptum
2821 4929 3151 4987 invenimus.
3206 4929 3400 4988 Merito
3448 4931 3615 5003 igitur

369 5034 488 5072 σαν.
523 5019 764 5080 Εἰκότως
797 5014 890 5072 οὖν
913 5017 1010 5087 τὴν
1040 5018 1260 5088 Μαρίαν
1287 5019 1567 5086 ἐκλέγεται
1597 5019 1695 5089 τὴν
1723 5018 1946 5086 Μαγδα-

2039 5021 2206 5091 elegit
2237 5021 2459 5075 Mariam
2497 5021 2866 5091 Magdalenam
2910 5020 3179 5084 Salvator,
3210 5035 3242 5074 e.
3267 5037 3374 5091 qua
3407 5031 3613 5092 septem

367 5103 533 5177 ληνὴν
566 5110 595 5160 ὁ
629 5107 841 5178 Σωτὴρ,
883 5109 977 5175 ἀφ’
1007 5104 1073 5177 ἦς
1107 5108 1424 5176 ὲκὸεόλήκει
1460 5108 1714 5176 δαιμόνια.
1753 5109 1895 5163 ἑπτά
1919 5124 1934 5139 ⁶

2044 5112 2312 5166 άξεηιοιιίο
2341 5113 2354 5140 ¹
2376 5113 2561 5182 ejecit,
2593 5121 2653 5166 ut
2675 5111 2976 5181 principem
3013 5112 3220 5182 peccati
3249 5128 3347 5181 per
3377 5112 3520 5166 illam
3545 5113 3613 5165 ab

366 5199 455 5252 ἵνα
487 5199 580 5253 τὸν
609 5200 846 5270 ἄρχοντα.
881 5199 981 5269 τῆς
1026 5200 1223 5262 κακίας
1257 5199 1323 5251 δι’
1350 5199 1519 5272 αὐτῆς
1550 5199 1798 5274 ἀπελάσῃ
1835 5201 1932 5269 τῆς

2043 5204 2364 5259 hominibus
2381 5205 2700 5274 expelleret.
2729 5204 2979 5259 Historiae.
3001 5205 3224 5257 tradunt
3247 5203 3612 5272 Magdalcnam

371 5294 716 5368 ἀνθρωπίνης
777 5294 1012 5363 φύσεως.
1058 5294 1199 5358 Ὅτι,
1245 5294 1432 5364 φησὶν,
1475 5296 1532 5346 αἱ
1573 5295 1800 5366 ἱστορίαι
1835 5296 1933 5365 τὴν

2042 5295 2184 5349 hanc
2225 5294 2489 5364 virginem
2535 5293 2725 5358 fuisse,
2759 5301 2816 5347 et
2847 5297 3165 5364 martyrium
3202 5291 3364 5365 hujus
3405 5311 3611 5349 mem-a-

363 5386 729 5456 Μαγδαληνὴν
772 5386 975 5453 ταύτην
1017 5382 1103 5439 δια
1149 5386 1265 5455 βίου
1308 5387 1572 5458 παρθένον
1603 5387 1929 5441 διδάσκουσι.

2042 5395 2194 5440 ratur
2227 5401 2242 5441 :
2276 5386 2365 5440 ubi
2395 5385 2619 5450 dicitur,
2652 5393 2876 5456 propter
2907 5401 3176 5440 summam
3217 5388 3366 5441 illius
3392 5387 3613 5456 virgini-

366 5476 474 5529 Καὶ
505 5476 800 5546 μαρτύριον
839 5476 896 5528 δὲ
939 5477 1108 5545 αὐτῆς
1151 5478 1396 5545 φέρεται,
1432 5479 1486 5529 ὲν
1515 5471 1556 5545 ᾧ
1599 5477 1812 5545 λέγεται
1845 5478 1932 5531 διὰ

2041 5489 2230 5535 tatem.
2263 5487 2317 5532 et
2356 5477 2669 5542 puritatem,
2703 5477 2850 5532 illam
2881 5488 3140 5548 tanquam
3181 5478 3382 5533 vitrum
3414 5493 3610 5549 purum

433 5622 455 5662 ‘
485 5630 621 5685 Luc.
650 5646 767 5694 vni,
794 5627 849 5682 2ο

674 5646 767 5694 un,
794 5627 849 5682 2ο
2253 5670 2269 5696 .

643 5722 909 5782 Paeon“
958 5722 1071 5778 Gn.
1110 5719 1450 5782 LXXXVI.

3267 5727 3422 5788 103‘
