4038 6208
435 243 578 312 εστι

1397 247 1732 310 MODESTI
1777 249 2289 308 PATRIARCILE
2333 249 2742 310 IIlEROSOL.

3573 235 3724 307 3276

437 359 738 414 tortoribus
769 358 940 413 visam
973 375 1113 414 esse.
1141 359 1270 414 Post
1293 359 1758 415 obdormitionem
1789 359 2020 413 sanctis—

2124 359 2220 430 τὴν
2279 361 2455 430 ἄκραν
2517 347 2692 427 αὐτῆς
2737 357 3035 430 παρθενίαν
3093 357 3185 412 καὶ
3229 357 3600 429 καθαρότητα,
3645 359 3726 422 ὡς

433 451 582 505 simae
605 451 849 504 Dominae
877 461 1076 505 nostra:
1093 451 1338 520 Deiparaa
1361 451 1604 520 profecta
1632 459 1716 504 est
1741 451 2022 520 Ephesum

433 543 498 596 ad
545 541 808 598 dilectum
843 543 1176 612 discipulum
1219 559 1231 595 :
1267 543 1358 596 ubi
1403 558 1625 596 cursum
1657 542 2020 612 apostolicum

433 651 532 702 per
565 634 890 706 martyrium
925 633 1314 705 unguentifera
1345 634 1514 687 Maria
1547 633 1797 702 perfecit,
1825 633 2021 688 nolens

433 727 500 782 ad
527 737 834 783 extremum
869 745 1042 798 usque
1072 729 1326 799 Spiritum
1353 745 1383 783 a
1411 729 1570 784 beato
1605 730 1816 784 Joanne
1848 745 2018 783 evan-

433 821 650 896 gelista,
673 831 729 877 et.
756 821 966 892 virgine
995 821 1260 892 separari.
1289 821 1785 887 Quemadmodum,
1815 821 2017 890 inquit,

433 911 692 982 princeps
735 910 1025 984 [primitia]
1073 914 1448 982 apostolorum
1491 913 1558 967 ab
1606 913 1875 967 immobili
1915 911 2020 968 ﬁde

432 1017 594 1070 quam
633 1001 826 1056 habuit
867 1002 922 1055 in
949 1012 1167 1070 petram
1206 1001 1511 1064 Christum.
1543 1003 1740 1057 Petrus
1783 1003 2022 1073 appella-

435 1105 522 1148 tus
563 1103 648 1150 est
677 1111 689 1147 :
719 1093 878 1149 sicet
911 1094 1004 1148 illa
1041 1093 1294 1164 princeps
1333 1093 1729 1163 discipularum
1761 1095 1830 1149 ob
1865 1087 2034 1164 puri;

435 1195 599 1240 tatem
631 1194 688 1240 et
734 1201 1002 1250 amorem,
1040 1197 1149 1254 quo
1181 1185 1458 1240 Christum
1505 1187 1785 1256 complexa
1815 1198 1918 1251 est,
1950 1186 2019 1240 ab

434 1277 552 1346 ips0
587 1263 868 1332 nominata
902 1285 1006 1342 est,
1043 1277 1134 1332 cui
1165 1276 1308 1330 idem
1347 1277 1450 1330 fuit
1493 1294 1714 1342 nomen,
1745 1277 1892 1348 quod
1924 1277 2020 1332 Dei

432 1371 618 1424 matri.
641 1368 1116 1434 Quemadmodum
1145 1369 1435 1423 Dominum
1465 1368 1866 1438 discipulorum
1890 1369 2021 1423 cho-

431 1478 528 1516 rus
555 1469 782 1516 secutus
827 1469 932 1524 est,
977 1461 1058 1516 sic
1107 1461 1392 1516 Dominam
1427 1469 1484 1515 et
1528 1461 1752 1515 Matrem
1797 1459 2016 1514 Domini

431 1553 638 1608 chorus
668 1555 1085 1624 discipularum.
1119 1556 1300 1610 Mirati
1331 1556 1477 1611 enim
1519 1555 1821 1624 aliquando
1849 1554 2017 1610 disci-

2127 451 2290 504 ῦαλον
2334 453 2506 521 αὐτὴν
2557 451 2798 520 καθαρὸν
2849 453 2962 513 τοῖς
3005 449 3360 518 βασανισταῖς
3403 449 3723 517 φαίνεσθαι.

2129 543 2276 612 Ὅτι,
2320 545 2475 614 φησῖ,
2509 543 2647 614 μετά
2677 543 2773 612 τὴν
2803 541 3064 612 κοίμησιν
3095 540 3198 610 τῆς
3231 540 3534 610 Δεσποίνης
3559 539 3722 611 ἡμῶν

2127 635 2392 688 Θεοτόκου
2423 634 2752 706 πορευθεῖσα
2776 634 2855 695 εἰς
2887 635 3122 700 Ἔφεσον
3143 633 3280 702 πρὸς
3302 632 3394 684 τὸν
3421 633 3722 702 ἠγαπημέ-

2123 743 2214 780 νον
2243 727 2513 800 μαθητὴν,
2545 729 2726 780 ἐκεῖσε
2755 726 2846 780 τὺν
2873 726 3073 796 δρόμον
3117 725 3212 778 τὸν
3237 723 3601 778 ἀποστολικὺν
3632 725 3724 776 διὰ

2119 821 2217 874 τοῦ
2261 821 2564 893 μαρτυρίου
2598 822 2631 890 ἠ
2659 818 2969 891 μυροφόρος
3009 816 3200 888 Μαρία
3235 817 3518 870 ἐτελείωσε
3549 829 3604 881 ο,
3647 817 3724 885 μὴ

2123 912 2398 983 θελήσασα
2433 912 2597 982 μέχρι
2632 911 2730 980 τῆς
2759 909 3017 979 τελευτῆς
3065 906 3404 982 χωρισθῆναι
3453 906 3542 958 τοῦ
3575 925 3724 976 παρ-

2122 1003 2272 1056 θένου
2305 1003 2398 1055 καὶ
2429 1001 2818 1069 εὐαγγελιστοῦ
2865 999 3134 1053 Ἰωάννου.
3177 999 3409 1068 Ὥσπερ,
3465 999 3654 1066 φησὶν,
3689 999 3724 1063 ἠ

2123 1096 2346 1166 ἀπαρχὴ
2389 1094 2496 1148 τῶν
2540 1092 2857 1147 ἀποστόλων
2901 1092 3106 1162 Πέτρος
3159 1089 3456 1159 ὠνομάσθη
3505 1087 3598 1141 διὰ
3623 1086 3727 1153 τὴν

2119 1187 2416 1243 ἀσάλευτον
2448 1188 2649 1250 πίστιν,
2680 1187 2746 1258 ἣν
2769 1180 2915 1256 εἶχεν
2970 1184 3063 1236 ἐπὶ
3095 1181 3333 1252 Χριστόν
3361 1181 3461 1252 τὴν
3485 1179 3724 1250 πέτραν·

2121 1277 2264 1332 οὕτω
2325 1279 2418 1332 καὶ
2467 1277 2606 1349 αὐτὴ
2640 1277 2882 1348 ἀρχηγὸς
2919 1276 3028 1329 τῶν
3071 1273 3724 1346 μαθητριῶνγενομένη.

2129 1369 2218 1423 διὰ
2258 1369 2356 1440 τὴν
2408 1369 2758 1440 καθαρότητα
2801 1363 2993 1436 αὐτῆς,
3027 1367 3122 1420 καὶ
3151 1364 3243 1418 τὸν
3283 1363 3447 1417 πόθον
3475 1363 3534 1416 ὃν
3567 1357 3722 1430 εἶχεν

2122 1465 2199 1525 είς
2229 1462 2417 1528 αὑτὸν,
2445 1463 2636 1534 Μαρία
2667 1461 2973 1534 ὁμωνύμως
3003 1463 3066 1532 τῇ
3093 1459 3266 1531 μητρί¹
3300 1459 3450 1529 παρὰ
3475 1458 3571 1510 τοῦ
3603 1458 3726 1509 Σωά

2123 1553 2289 1624 τῆρος
2331 1556 2791 1627 προσηγόρευται.
2833 1554 3046 1624 ’Ὥσπερ
3099 1552 3179 1622 τῷ
3207 1551 3456 1624 Δεσπότῃ
3476 1549 3586 1602 τῶν
3619 1566 3732 1618 μαι

432 1647 546 1714 puli
591 1655 780 1712 erant,
828 1648 978 1716 quod
1029 1663 1154 1702 eum
1203 1649 1408 1702 [culina
1449 1649 1769 1716 loqueretur
1795 1651 1814 1678 ’
1849 1647 2018 1703 :hinc

2124 1644 2302 1714 θητῶν
2335 1645 2670 1715 ἠκολούθείό
2697 1646 2852 1718 χορός
2871 1662 2884 1676 ·
2912 1643 3055 1698 οὕτω
3083 1647 3148 1715 τῇ
3179 1643 3448 1716 Δεσποίνῃ
3479 1643 3572 1694 καὶ
3595 1641 3726 1710 Μη-

431 1743 582 1802 patet
617 1737 918 1791 Dominum
976 1755 1102 1792 cum
1147 1739 1472 1794 mulieribus
1517 1740 1858 1794 causortium
1906 1757 2018 1795 non

433 1826 712 1882 habuisse.
749 1829 858 1884 Sed
893 1839 1072 1886 matre
1103 1831 1318 1886 Domini
1363 1832 1743 1902 evangelicum
1785 1833 2022 1888 ’cursum

433 1935 539 1973 una
572 1937 698 1974 cum
734 1922 872 1976 Filio
899 1931 954 1977 et
987 1935 1235 1978 creatore
1265 1925 1600 1993 complente,
1635 1931 1690 1977 et
1716 1924 1847 1992 ipsa:
1872 1925 2021 1980 illam

431 2021 654 2072 secum.
689 2014 968 2068 communi
1017 2015 1248 2068 Domino
1277 2023 1332 2069 et
1371 2015 1661 2084 discipulis
1691 2014 1758 2068 de
1791 2015 2023 2072 faculta-

433 2101 582 2156 tibus
613 2103 732 2157 suis
765 2108 820 2157 in
851 2105 1018 2160 rebus
1046 2108 1375 2161 necessariis
1403 2107 1808 2162 ministrabant.

2125 1740 2217 1810 τρὶ
2269 1739 2362 1793 τοῦ
2423 1740 2651 1810 Κυρίου,
2706 1739 2815 1794 τῶν
2869 1737 3330 1810 μαθητευομένων
3375 1732 3658 1805 γυναικῶν
3697 1734 3728 1784 ὁ

2125 1836 2304 1908 χορός.
2351 1835 2693 1904 Ἐθαύμαζον
2733 1837 2862 1906 γὰρ,
2904 1838 3058 1904 φησὶ,
3097 1833 3228 1886 ποτὲ
3259 1832 3308 1884 οί
3343 1829 3608 1902 μαθηταὶ,
3637 1827 3726 1878 ὃτι

2129 1931 2267 2002 μετά
2299 1931 2559 1999 γυναικὸς
2593 1931 2774 1985 ἐλάλει
2793 1946 2806 1958 ⁸
2851 1930 3009 1998 δῆλον
3033 1929 3110 1982 ὡς
3135 1928 3234 1980 οὐκ
3261 1925 3428 1993 οὔσης
3459 1921 3724 1988 τοιαύτης

2129 2025 2422 2095 συνηθείας
2452 2024 2532 2095 τῷ
2555 2025 2764 2094 Κυρίῳ.
2808 2023 2970 2075 Ἀλλὰ
2997 2023 3088 2074 τὸν
3129 2017 3487 2087 εύαγγελικὶν
3512 2015 3724 2084 δρόμον

2127 2117 2225 2185 τῆς
2251 2117 2458 2187 μητρὸς
2485 2115 2576 2170 τοῦ
2608 2116 2881 2168 Δεσπότου
2911 2111 3345 2180 συνεξανυούσης
3375 2107 3454 2177 τῷ
3481 2105 3602 2174 Υἱῷ
3627 2105 3726 2156 καὶ

432 2197 780 2268 Δημίωρτῷν
819 2198 913 2251 καὶ
959 2193 1119 2252 αὗταί
1171 2199 1662 2254 συνακολουθοῦσαι
1715 2201 1852 2270 αὑτῇ
1913 2203 1994 2273 τῷ
2045 2209 2208 2279 κοινῷ
2239 2211 2484 2283 Δεσπότῃ
2542 2211 2606 2262 ἐκ
2663 2209 2769 2263 τῶν
2797 2209 3150 2278 ὑπαρχόντων
3179 2207 3236 2258 ὲν
3259 2204 3371 2266 τοῖς
3393 2199 3724 2266 ἀναγκαίοις

436 2295 525 2346 καὶ
554 2295 662 2356 τοῖς
699 2293 1301 2367 μαθηταῖςδιηκόνουν.

501 2433 520 2462 ³
554 2431 714 2488 Joan.
753 2449 828 2496 Iv,
857 2434 949 2488 27.

1694 2503 1926 2560 VARIA‘J
1977 2503 2374 2562 LECTIONES.

509 2602 532 2630 α
563 2592 882 2666 ἐτελεύτησε
919 2595 992 2650 Μ.
1029 2595 1104 2650 M.

1641 2793 3543 2820 ww

1427 2955 1902 3041 ΕΕΣΤΗΝ
1977 2954 2714 3040 ΥΠΑΠΑΝΤΗΝ.

1597 3255 1724 3341 1N
1829 3251 2506 3344 OCCUBSUM.

505 3563 662 3614 Anna
690 3575 814 3614 cum
839 3559 958 3614 viro
985 3567 1198 3630 septem
1219 3575 1422 3634 annos,
1448 3558 1748 3616 Sabbatum
1771 3561 1956 3614 colens
1983 3559 2018 3624 ³,
2051 3569 2092 3625 c
2193 3559 2310 3616 Καὶ
2339 3564 2370 3632 ὴ
2406 3563 2495 3617 τὸν
2529 3565 2902 3638 ἐϐδομήκοντα
2933 3571 3124 3641 χρόνον
3163 3559 3537 3626 σαϐϐατίσασα
3573 3575 3716 3644 μετὰ

433 3653 688 3726 precibus
717 3661 774 3707 et
811 3653 1039 3724 jejuniis
1081 3653 1390 3719 adhaerens,
1451 3654 1729 3724 octoginta
1781 3665 2018 3722 quatuor

431 3760 609 3801 annos
647 3759 772 3799 cum
811 3744 1100 3814 exegisset,
1135 3759 1356 3798 carnem
1391 3761 1421 3800 e
1460 3753 1695 3814 quatuor
1728 3745 2018 3799 elementis

432 3836 792 3908 compositam
823 3836 1072 3900 vincens,
1105 3844 1160 3890 et
1181 3845 1418 3891 mentem
1443 3836 1715 3890 mandans
1743 3835 1808 3889 ad
1841 3835 2014 3889 sancti

431 3930 672 4002 Spiritus
703 3929 1099 3998 receptionem,
1133 3937 1190 3982 et
1233 3929 1580 3998 generalibus
1613 3927 1800 4000 [vulgo
1833 3925 2016 3982 cardi-

431 4023 648 4077 nalibus
681 4019 872 4093 dictis]
917 4020 1154 4090 seipsam
1197 4021 1505 4076 virtutibus
1535 4035 1828 4084 exornans,
1858 4027 2012 4073 octo-

430 4115 700 4184 gesimum
733 4127 938 4164 annum
969 4120 1258 4181 postquam
1305 4111 1562 4176 excessit,
1596 4111 1649 4164 in
1689 4111 1891 4180 templo
1927 4110 2014 4163 in-

429 4206 582 4260 venit
613 4203 782 4258 futuri
814 4201 1078 4271 temporis
1101 4202 1462 4266 Salvatorem,
1527 4201 1673 4256 ulnis
1721 4211 2014 4272 gesmtum.

430 4298 626 4356 Merito
675 4296 764 4349 lex
805 4301 866 4348 ut
909 4308 1129 4348 causam
1183 4295 1461 4364 peccantis
1507 4295 1825 4364 voluptatis,
1875 4293 2016 4349 ﬁlias

430 4389 578 4452 vae,
607 4385 771 4458 jussit
801 4383 1000 4441 afferre
1028 4399 1129 4454 pro
1169 4383 1552 4454 puriﬁcatione
1583 4401 1682 4454 par
1711 4393 2012 4446 turturum.

431 4479 517 4534 vel
540 4478 680 4532 duos
703 4475 882 4548 pullos
901 4475 1286 4530 columbarum
1313 4473 1381 4527 ad
1404 4473 1822 4529 sacriﬁcandum
1835 4478 2030 4550 ‘.Lege

431 4571 646 4628 scilicet
689 4569 1054 4642 signiﬁcante,
1113 4583 1238 4622 eum
1286 4567 1380 4636 qui
1410 4567 1496 4620 ad
1547 4567 1720 4620 Deum
1767 4565 2012 4632 accedat,

432 4665 635 4720 debere
669 4671 726 4718 et
757 4663 1004 4718 animum
1029 4669 1085 4716 et
1121 4675 1324 4730 corpus
1349 4659 1416 4714 ab
1441 4657 1590 4713 omni
1621 4667 1846 4728 peccato
1871 4657 2012 4712 libe-

431 4774 556 4814 rum
584 4757 818 4812 habere.

495 4933 754 4990 Christus
786 4929 962 5005 legem
983 4923 1580 5002 implet’.n0ndebitor
1609 4940 1694 4985 est
1709 4930 1868 5002 legis,
1903 4951 1922 4983 ι
1960 4933 2012 4987 in
2046 4933 2093 4992 ι)

429 5029 646 5083 ruinam
664 5028 1197 5083 etresurrectionem
1217 5025 1516 5078 multorum
1535 5023 1746 5093 positus
1763 5037 1848 5078 est
1863 5022 1904 5078 °.
1919 5045 1937 5078 ι
1957 5025 2016 5079 1η

433 5121 650 5176 ruinam
687 5121 922 5192 peccati,
961 5120 1016 5174 in
1065 5117 1528 5173 resurrectionem
1570 5116 1818 5186 justitiaa,
1863 5125 1918 5171 et
1962 5119 2018 5172 in

431 5214 666 5284 signum,
687 5211 774 5266 cui
795 5210 994 5277 Judzei,
1015 5209 1108 5280 qui
1126 5208 1410 5264 Christum
1429 5207 1772 5274 occiderunt,
1793 5220 2012 5264 contra-

431 5307 691 5360 dixerunt
752 5323 766 5359 :
798 5325 816 5356 ‹
850 5304 906 5360 Si
925 5313 984 5358 tu
1008 5318 1068 5359 es
1087 5301 1258 5358 Filius
1276 5301 1397 5367 Dei,
1423 5299 1700 5356 descende
1729 5301 1796 5357 de
1827 5317 2014 5366 cruce.

494 5438 510 5465 ³
541 5437 675 5492 Luc.
709 5454 766 5501 ιι,
818 5437 850 5492 6
900 5451 1056 5507 seqq.

2123 3655 2317 3724 ἀνδρὸς
2357 3657 2546 3722 Ἀννα,
2575 3664 2904 3730 προσευχαῖς
2937 3663 3032 3714 καὶ
3065 3665 3340 3732 νηστείαις
3371 3682 3716 3736 προσκαρτε-

2077 3809 2084 3814 γ
2129 3745 2320 3815 ροῦσα,
2356 3746 2686 3816 ὀγδοήκοντα
2731 3752 2826 3804 καὶ
2871 3753 3154 3822 τεσσάρων
3183 3755 3320 3808 ἐτῶν
3361 3754 3712 3826 ὑπάρχουσα.

2123 3835 2222 3906 τὴν
2255 3837 2319 3890 ὲκ
2371 3838 2480 3892 τῶν
2535 3839 2818 3910 τεσσάρων
2872 3845 3153 3914 στοιχείων
3189 3847 3460 3916 νικήσασα
3507 3849 3709 3918 σάρκα,

2123 3929 2220 3982 καὶ
2257 3930 2349 3984 τὸν
2397 3930 2522 3985 νοῦν
2567 3932 2856 4006 καθάρασα
2909 3937 3048 4006 πρὸς
3071 3938 3350 4010 ,ὑποδοχὴν
3391 3941 3712 4010 Πνεύματος

2122 4019 2321 4088 ἁγίου,
2380 4021 2474 4076 καὶ
2520 4026 2640 4088 ταῖς
2671 4028 2920 4093 γενικαῖς
2953 4029 3154 4100 ἑαυτὴν
3197 4031 3422 4102 ἀρεταῖς
3473 4049 3714 4086 κατακο-

2124 4114 2405 4184 σμήσασα,
2437 4115 2527 4168 τὸν
2559 4116 2659 4187 τῆς
2685 4117 3106 4190 ὀγδοηκοντάδος
3135 4123 3456 4196 παρέδραμε
3490 4126 3710 4196 καιρὸν,

2124 4205 2218 4258 καὶ
2242 4199 2400 4274 εὗρεν
2421 4207 2480 4259 ἐν
2513 4207 2594 4278 τῷ
2624 4209 2738 4280 ναῷ
2765 4211 2856 4266 τὸν
2885 4211 3115 4284 Σωτῆρα
3141 4215 3237 4268 τοῦ
3273 4217 3557 4286 μέλλοντος
3576 4219 3714 4270 αἰῶ-

2123 4310 2210 4356 νος
2259 4296 2318 4347 ὲν
2363 4296 2630 4364 ἀγκάλαις
2667 4299 3090 4370 βασταζόμενον.
3135 4306 3378 4369 Εἰκότως
3419 4307 3495 4370 ὡς
3523 4309 3714 4374 αἰτίας

2121 4386 2222 4456 τῆς
2264 4388 2646 4462 ὲναμαρτήτου
2667 4393 2693 4432 ιι
2730 4393 2921 4464 ἡδονῆς
2962 4396 3058 4459 τὰς
3090 4396 3398 4468 θυγατέρας
3427 4399 3530 4470 τῆς
3561 4399 3712 4464 Εὔας

2121 4479 2455 4550 προσφέρειν
2480 4485 2508 4534 ό
2531 4483 2692 4552 νόμος
2717 4485 3048 4554 προσέταξεν
3071 4486 3212 4558 ὑπὲρ
3234 4487 3330 4541 τοῦ
3357 4489 3712 4560 καθαρισμοῦ

2122 4569 2300 4625 αὐτῶν
2335 4571 2432 4641 τὴν
2461 4571 2653 4628 θυσίαν
2679 4575 2787 4628 τῶν
2817 4576 2909 4629 δύο
2939 4579 3236 4648 τρυγόνων,
3269 4579 3301 4649 ἢ
3331 4579 3422 4632 δύο
3449 4585 3712 4644 νεοσσοὺς

2121 4663 2462 4734 περιστερῶν
2489 4681 2503 4695 ·
2539 4664 2822 4734 δηλοῦντος
2863 4667 2956 4721 τοῦ
2987 4669 3179 4738 νόμου,
3205 4673 3286 4724 ὅτι
3309 4672 3390 4724 δεῖ
3411 4673 3502 4726 τὸν
3537 4690 3712 4743 προσ-

2121 4753 2416 4824 ερχόμενον
2473 4753 2595 4826 Θεῷ
2649 4756 2976 4829 καθαρεύειν
3017 4765 3110 4814 καὶ
3145 4763 3289 4834 ψυχῇ
3335 4765 3428 4817 καὶ
3469 4763 3710 4836 σώματι,

2121 4845 2216 4896 καὶ
2239 4845 2472 4909 ἀκακίας
2503 4847 2744 4918 ἔχεσθαι.

2201 4937 2260 4990 '0
2291 4937 2530 5008 Χριστὸς
2564 4938 2860 5014 πληρωτὴς
2881 4945 3049 5009 ἐστιν,
3077 4946 3178 4998 οὑκ
3203 4947 3490 5020 ὀφειλέτης
3515 4950 3712 5020 νόμον.

2123 5049 2141 5081 ι
2169 5030 2266 5095 Ei;
2299 5031 2509 5086 πτῶσιν
2529 5033 2586 5086 δὲ
2617 5039 2710 5088 καὶ
2747 5035 3044 5091 ἀνάστασιν
3067 5042 3281 5092 κεῖται·
3311 5059 3332 5092 ι
3365 5042 3578 5096 πτῶσιν
3613 5047 3714 5114 μὲν

2115 5121 2214 5190 τῆς
2237 5121 2537 5192 ἁμαρτίας,
2569 5124 2856 5196 ἀνέγερσιν
2879 5127 2934 5180 δὲ
2967 5129 3062 5198 τῆς
3091 5127 3462 5200 δικαιοσύνης,
3505 5135 3606 5185 καὶ
3633 5138 3714 5194 εἰς

2121 5215 2348 5283 σημεῖον
2377 5213 2794 5286 ἀντιλεγόμενον
2841 5221 2954 5281 τοῖς
2985 5221 3360 5290 κυριοκτόνοις
3401 5223 3710 5288 Ἰουδαίοις,

2123 5307 2234 5366 τοῖς
2274 5305 2550 5374 λέγουσιν·
2585 5325 2606 5360 ε
2645 5309 2706 5361 Et
2733 5310 2856 5372 Υἱὸς
2893 5307 3070 5422 εἰτοῦ
3101 5311 3258 5378 Θεοῦ,
3287 5310 3566 5386 κατάϐηθι
3605 5317 3718 5370 ἀπὸ

1135 5437 1154 5467 ⁸
1182 5435 1356 5492 Levit.
1391 5452 1487 5504 xu,
1519 5435 1574 5492 8.
1619 5429 1673 5466 ’⁵
1700 5433 1893 5492 Matth.
1929 5453 1984 5504 ν,
2017 5437 2102 5492 l7.
2183 5441 2202 5469 ⁸
2231 5437 2363 5492 an.
2395 5455 2453 5504 ιι,
2485 5439 2571 5494 5t.

1729 5569 1964 5625 V'Aliizﬁ
1991 5571 2396 5634 LECTIONES.

503 5671 531 5714 ι
561 5673 614 5724 al
626 5707 640 5724 .
676 5665 998 5735 ὲναμάρτου.
