4038 6208
378 215 520 283 3277
1467 223 1867 285 ENCOMIUM
1909 214 1990 286 ΙΝ
2034 226 2098 285 Β.
2140 223 2544 290 VIRGINEM.
3511 227 3648 290 3373

383 343 478 378 του
538 327 806 397 σταυροῦ,
861 326 956 380 καὶ
1005 330 1372 400 πιστεύσομέν
1416 349 1516 385 σοι.
1566 354 1585 385 ι
1632 336 1758 398 Καὶ,
1799 356 1816 386 ‹
1860 335 1959 387 Σοῦ

2062 345 2116 389 et
2146 337 2438 390 credemus
2493 336 2645 388 tihi’.
2684 355 2700 384 ι
2738 336 2803 388 Et
2844 354 2854 388 :
2901 356 2915 385 ι
2969 337 3138 390 Tuam
3189 339 3363 407 ipsius
3413 340 3648 392 animam

384 416 440 468 δὲ
497 418 663 487 αὐτῆς
713 424 811 489 τὴν
855 417 1032 487 ψυχὴν
1083 420 1419 476 διελεύσεται
1481 427 1756 495 ῥομφαίας
1819 429 1964 489 ὅπως

2067 429 2430 495 pertransibit
2459 429 2692 498 gladius,
2723 438 2783 482 ut
2809 430 3125 484 revelentur
3155 447 3220 484 ex
3245 431 3433 486 multis
3467 433 3649 486 Cordi-

383 508 449 562 ἂν
497 509 961 580 ἀποκαλυφθῶσιν
1019 518 1082 564 ἐκ
1145 515 1357 569 πολλῶν
1427 517 1666 588 καρδιῶν
1726 519 1966 587 διαλογι-

2068 519 2172 574 bus
2199 521 2614 590 cogitationes“.
2649 542 2666 572 ›
2693 521 2831 586 Quia
2861 531 3036 575 mater
3063 537 3143 588 es,
3169 539 3290 591 quae
3323 540 3449 578 vere
3474 525 3647 594 patie-

387 600 534 669 σμοι.
593 619 611 649 ι
667 602 789 656 Ὀτι
840 602 1025 670 μήτηρ
1081 600 1130 654 εἷ
1189 605 1329 656 κατὰ
1381 605 1637 673 ἀλήθειαν
1681 605 1966 677 πάσχουσα

2067 611 2491 666 baturdolorem
2526 613 2718 667 matris
2754 629 2854 683 pro
2900 613 3060 677 Filio,
3109 623 3164 669 et
3213 615 3345 678 Deo,
3397 631 3499 684 pro
3549 631 3652 670 no-

387 692 452 745 τὰ
479 693 683 763 μητρὸς
706 693 845 764 ὑπὲρ
879 693 1019 766 [τοῦ]
1049 694 1239 748 τέκνου
1268 697 1363 748 καὶ
1395 695 1552 760 Θεοῦ,
1576 697 1670 749 τοῦ
1705 698 1966 761 παθόντος

966 693 1019 766 ὖ]
1049 694 1239 748 τέκνου
1268 697 1363 748 καὶ
1395 695 1552 760 Θεοῦ,
1576 697 1670 749 τοῦ
1705 698 1966 761 παθόντος
2068 704 2155 760 bis
2184 721 2350 761 came
2379 721 2561 776 passo,

386 783 526 854 ὑπὲρ
556 785 714 854 ἡμῶν
746 785 929 855 σαρκί.

457 909 474 937 ⁷
501 908 693 961 Matth.
731 924 897 974 xxv",
928 907 1015 964 40.
1096 909 1117 939 ⁸
1147 909 1282 965 Luc.
1305 925 1381 976 1|,
1426 912 1513 966 35'.

1441 1255 1638 1317 Mich.
1697 1210 2308 1335 AngbGiaeomellus
2354 1256 2597 1320 lectori.

457 1397 648 1457 Sancti
694 1401 924 1458 Modesti
958 1403 1284 1473 patriarchae
1315 1400 1824 1474 Hierosolymitani,
1856 1401 1950 1470 qui
1989 1401 2177 1455 ﬂoruit
2220 1401 2326 1456 sub
2360 1403 2544 1457 saeculi
2581 1391 2800 1474 septimi
2833 1392 3076 1470 initium,
3123 1414 3237 1460 tres
3261 1391 3532 1460 'i-lomilias
3562 1419 3651 1458 re-

384 1475 916 1564 censet,‘earumque
940 1501 1196 1562 excerpta
1222 1493 1314 1547 dat
1335 1493 1566 1548 Photius
1594 1492 1717 1546 cod.
1744 1492 1870 1545 275.
1895 1491 1979 1545 Pri

2056 1507 2133 1544 am
2158 1490 2318 1544 aﬂ'ert
2343 1492 2423 1553 εἰς
2447 1491 2544 1554 τὰς
2579 1494 2920 1564 μυροφόρους
2943 1511 2958 1547 :
2983 1495 3210 1550 alteram
3244 1497 3322 1558 εἰς
3351 1495 3448 1566 τὴν
3483 1494 3651 1549 ὑπαν-

383 1589 519 1659 τήνε
557 1587 798 1652 tertiam,
842 1601 965 1655 quae
1008 1600 1156 1639 nunc
1187 1586 1425 1654 primum
1461 1585 1515 1639 in
1547 1585 1724 1639 lucem
1756 1582 1962 1654 prodit,
2007 1581 2403 1636 Laudationem
2449 1582 2506 1636 in
2553 1583 2727 1638 beatae
2762 1584 2943 1639 Maria:
2973 1569 3398 1641 Dormitione‘m.
3438 1585 3571 1640 Eam
3620 1602 3651 1641 e

383 1677 847 1748 Sangermanensi
896 1675 1100 1731 Codice
1149 1675 1572 1730 describendam
1614 1674 1829 1730 curavit
1876 1677 1986 1727 non
2040 1683 2147 1726 tam
2195 1673 2443 1728 claritate
2501 1675 2740 1742 generis,
2784 1691 2950 1746 quam
3007 1677 3380 1747 integerrimis
3434 1677 3650 1745 piisque

385 1771 633 1825 moribus
667 1768 1058 1838 praestantique
1085 1767 1597 1822 Ecelesiasticarum
1626 1782 1809 1820 rerum
1836 1764 2089 1819 doctrina
2114 1765 2553 1834 spectatissimus
2583 1764 2766 1820 Petrus
2791 1767 3070 1838 Philippus
3093 1766 3311 1822 Str'ozza
3343 1767 3651 1822 Liberiana:

385 1865 630 1918 Basilieze
673 1862 1011 1925 'eanonicus,
1061 1861 1156 1930 qui
1199 1861 1336 1914 mihi
1367 1871 1562 1916 auctor
1585 1862 1707 1924 fuit,
1753 1859 1897 1913 illam
1938 1867 1999 1911 ut
2037 1873 2069 1913 e
2103 1850 2296 1912 Bucco
2340 1858 2395 1911 in
2436 1857 2691 1912 Latinum
2734 1867 3046 1915 sermonem
3083 1866 3377 1915 'ver-terem.
3419 1858 3648 1912 Hortatu

385 1969 518 2012 vero
565 1955 643 2024 pii
699 1953 984 2024 cujusdam
1020 1952 1442 2022 doctissimique
1495 1953 1608 2007 Viri
1663 1965 1988 2019 summaque
2044 1949 2178 2002 mihi
2232 1948 2602 2003 familiaritate
2651 1951 2930 2022 conjuncti
2979 1940 3150 2007 Notas
3183 1952 3396 2022 aliquot
3449 1950 3648 2022 adjeei.

383 2063 494 2118 quo
533 2045 671 2100 nihil
719 2043 867 2099 alihd
916 2043 1032 2097 fere
1071 2044 1308 2108 contuli,
1346 2059 1509 2112 quain
1573 2041 1823 2112 quaedam
1865 2051 2114 2094 veterum
2149 2040 2496 2110 Scriptorum
2530 2041 2648 2096 loca
2690 2041 2821 2098 huic
2846 2045 3076 2100 Modesti
3117 2046 3405 2115 scriptioni
3442 2046 3650 2116 παράλ-

382 2139 539 2208 ληλα,
576 2137 643 2191 ad
670 2133 1020 2190 nutriendam
1047 2136 1310 2204 pietatem
1349 2145 1404 2190 et
1431 2135 1486 2188 in
1523 2135 1813 2204 Deiparam
1853 2133 2226 2187 dev'otionem.
2263 2125 2381 2186 Etsi
2404 2141 2584 2188 autem
2612 2134 2776 2206 hujus
2803 2136 3098 2208 Scriptoris
3127 2139 3301 2210 stylus
3333 2138 3648 2209 longissime

385 2235 527 2290 absit
573 2232 642 2288 ab
677 2247 743 2284 eo
784 2230 1003 2284 dicendi
1042 2245 1269 2300 genere,
1303 2230 1449 2300 quod
1486 2229 1658 2284 secuti
1701 2237 1832 2284 sunt
1868 2229 2062 2284 Patres
2094 2244 2145 2282 Iv
2172 2236 2227 2282 et
2258 2243 2290 2280 v
2324 2226 2547 2292 saeculo,
2591 2243 2716 2282 cum
2759 2229 2814 2282 in
2857 2229 3106 2285 Ecclesia
3140 2245 3268 2284 vera
3307 2240 3362 2284 et
3387 2246 3645 2301 germana

384 2327 559 2397 viguit
592 2322 940 2392 eloquentia;
985 2329 1167 2375 tamen
1217 2321 1366 2376 haud
1414 2323 1490 2378 ita
1533 2321 1686 2392 parvi
1735 2321 1879 2376 hanc
1922 2321 2220 2375 Homiiiam
2254 2319 2562 2374 faciendam
2599 2323 2875 2389 existimo,
2910 2340 2975 2380 ea
3023 2325 3372 2396 potissimum
3412 2327 3646 2395 ratione,

383 2419 532 2486 quod
578 2416 984 2489 praecipuorum
1031 2413 1358 2471 Christianae
1403 2416 1556 2471 Fidei
1601 2415 1920 2487 dogmatum
1961 2415 2319 2470 traditionem
2395 2413 2760 2473 disertissime
2797 2433 3112 2487 expressam
3140 2417 3449 2484 contineat.

1474 2775 1611 2834 ΤΟΥ
1652 2781 1740 2834 EN
1779 2781 2002 2835 ΑΓΙΟΙΣ
2041 2784 2313 2836 ΠΑΤΡΟΣ
2352 2784 2549 2836 ΠΜΩΝ

1616 2949 2444 3067 ΜΟΔΕΣΤΟΥ

1330 3164 2064 3218 ΑΡΧΙΕΠΙΣΚΟΠΟΥ
2107 3164 2476 3232 ΙΕΡΟΣΟΛ
2508 3163 2738 3223 ΥΜΩΝ

1730 3333 2321 3420 ΕΓΚΩΜΙΟΝ

488 3509 599 3568 ΕΙΣ
638 3515 782 3570 ΤΗΝ
824 3516 1162 3572 ΚΟΙΜΗΣΙΝ
1205 3518 1342 3571 ΤΗΣ
1386 3520 1773 3574 ΥΠΕΡΑΓΙΑΣ
1815 3521 2204 3574 ΔΕΣΠΟΙΝΗΣ
2249 3524 2446 3576 ΗΜΩΝ
2489 3523 2861 3578 ΘΕΟΤΟΚΟΥ
2904 3525 3022 3577 ΚΜ
3065 3522 3553 3585 ᾹΕΙΠᾹΡΘΕΝΟΥ

1882 3617 2160 3668 ΜΑΡΙΑΣ.

1281 3933 1412 4064 S.
1538 3941 1670 4064 P.
1793 3943 1935 4066 N.
2055 3934 2752 4070 MODESTI

1391 4171 1939 4230 ARCHIEPISCOPI
1974 4163 2629 4234 HIEROSOLYMITAM

1678 4347 2326 4441 ENCOMIUM

409 4536 488 4601 IN
531 4537 1060 4599 DORMITIONEM
1105 4537 1614 4599 SANCTISSIMrE
1651 4541 1962 4602 DOMlN/E
2009 4543 2326 4605 NOSTRAE
2368 4542 2724 4611 ΒΕΙΡΑΒᾸΞ
2763 4551 3217 4628 SEMPERQUE
3260 4557 3600 4622 VIRGINIS

1869 4643 2152 4704 mata.
2238 4689 2252 4730 ἦ

448 4930 687 5000 ’Ᾱφατος
723 4933 756 5002 ἡ
802 4932 1060 5000 πανίερος
1107 4934 1307 5001 γνῶσις
1360 4933 1470 4988 τῶν
1505 4937 1716 4990 σεπτῶν
1761 4940 1964 5009 ἑορτῶν
1999 4945 2037 5004 Β

2141 4929 2449 4998 ineﬂ‘abilis
2468 4955 2553 5000 est
2588 4946 2966 5001 sacratissima
2991 4939 3432 5005 veﬂerandarum
3473 4953 3637 5009 Geni-

372 5025 470 5094 τῆς
521 5025 862 5095 Θεομήστορος
925 5024 1204 5095 Χριστοῦ·
1237 5027 1358 5078 ἐπεὶ
1417 5027 1514 5079 καὶ
1545 5027 1607 5079 τὸ
1655 5033 1955 5101 μυστήριον

2061 5033 2220 5090 tricis
2248 5035 2458 5091 Christi
2483 5037 2578 5091 Dei
2605 5036 2974 5092 festivitatum
3003 5039 3224 5095 notitia.
3258 5042 3394 5096 Nam
3438 5053 3493 5098 et
3518 5045 3637 5115 glo-

373 5116 757 5186 ὑπερένδοξον,
790 5117 882 5168 καὶ
941 5115 1144 5177 πάσαις
1202 5117 1482 5186 οὐρανίαις
1540 5118 1806 5189 δυνάμεσι
1859 5123 1956 5174 καὶ

2060 5125 2432 5182 riosissimum
2455 5136 2541 5182 est
2562 5130 2911 5198 mysterium,
2941 5139 2998 5185 et
3030 5133 3292 5188 omnibus
3319 5136 3639 5191 caelestibus

373 5210 586 5280 βροτοῖς
612 5205 996 5275 ἀκατάληπτον
1016 5222 1030 5236 ο
1061 5207 1156 5260 καὶ
1182 5206 1564 5270 πολυποίκιλος
1589 5211 1615 5260 ὁ
1649 5209 1746 5278 τῆς
1766 5212 1957 5280 σοφίας

2059 5217 2434 5285 potestatibus
2486 5219 2923 5292 hominibusque
2957 5223 3558 5294 incomprehensibile;
3583 5239 3640 5281 et

370 5301 529 5370 λόγος
559 5300 664 5352 κᾶν
711 5299 892 5368 ἀπορῇ
917 5295 1053 5368 πρὸς
1095 5297 1316 5350 ἔπαινον
1345 5295 1586 5361 ἐπαξίως
1617 5300 1710 5351 τοῦ
1750 5300 1956 5372 Θαὺμα⁸

2062 5310 2420 5365 multiformis
2455 5312 2744 5381 sapientiaa
2782 5328 2968 5368 sermo
2997 5316 3290 5385 perplexus
3329 5317 3541 5371 hmsitat
3570 5321 3635 5372 ad

369 5409 486 5456 τος,
517 5389 614 5444 τοῦ
652 5391 834 5443 πᾶσαν
889 5389 1095 5458 γνῶσιν
1131 5391 1324 5460 νοερᾶς
1361 5406 1421 5442 τε
1455 5391 1551 5441 καὶ
1580 5389 1802 5461 λογικῆς
1835 5395 1952 5446 κτί-

2059 5401 2388 5455 miraculum
2413 5415 2515 5472 pro
2546 5403 2813 5472 dignitate
2844 5405 3202 5474 laudandum,
3224 5424 3445 5463 omnem
3480 5411 3640 5466 intclc

373 5500 513 5546 σεως
543 5480 942 5553 ὑπερϐαίνοντα
968 5481 1066 5552 (1).
1103 5481 1211 5533 Καὶ
1263 5481 1371 5552 γὰρ
1428 5482 1504 5543 ὼς
1565 5482 1732 5552 οὔσης
1765 5485 1949 5541 Θεόθεν

2057 5487 2316 5546 lectualis
2339 5490 2739 5561 rationalisque
2765 5504 3032 5551 creatura:
3067 5513 3336 5567 superans
3366 5497 3638 5570 cognitio-

442 5617 519 5688 (1)
550 5616 640 5671 Sic
675 5614 866 5671 codex.
907 5613 1011 5668 Sed
1045 5616 1358 5687 legendum,
1387 5618 1829 5690 ὑπερϐαίνοντος.
