4038 6208
370 236 506 299 3Ξ80

1437 237 1843 306 ENCQMIUM
1889 239 1965 298 IN
2011 241 2075 299 Β.
2119 239 2522 302 VIRGINEM.

3483 237 3628 301 3290

372 343 595 406 κιϐωτὸς
633 341 747 411 ('27)
803 340 898 394 τοῦ
939 342 1276 413 ἀγιάσματός
1334 363 1448 400 σου.
1486 368 1504 400 ι
1563 350 1636 401 Οὐ
1673 349 1813 402 κατά
1847 349 1944 418 τὴν

2059 350 2274 414 saicam,
2303 350 2527 404 trahunt
2553 349 2743 412 boves,
2776 347 2871 401 sed
2908 347 3151 402 coalestis
3173 356 3487 404 sanctorum
3529 367 3626 405 au-

371 438 538 493 πάλαι
581 433 902 503 Βίωσαῖκὴν,
955 433 1059 488 ὑπὸ
1119 435 1258 504 βοῶν
1309 441 1638 510 φερομένην,
1685 441 1798 494 ἀλλ’
1841 441 1946 494 ὑπὸ

375 529 634 601 στρατιᾶς
673 526 927 596 οὐρανίου
954 525 1125 594 ἁγίων
1156 527 1407 594 ἀγγέλων
1447 529 1641 598 ὁδηγου
1653 531 1822 600 μένην
1855 532 1949 584 καὶ

370 617 872 688 δορυφορουμένην*
896 615 954 668 οὺ
973 616 1372 686 χειροποίητον,
1395 621 1948 693 περικεκαλυμμένην

374 710 600 782 χρυσίῳ,
623 707 757 762 ἀλλά
784 708 1116 760 Θεόκτιστον
1138 707 1305 762 οὖσαν
1337 707 1583 779 λογικὴν,
1618 712 1713 763 καὶ
1748 712 1948 766 πάντο-

373 803 465 853 θεν
489 798 1052 870 ύπεραστράπτουσαν
1105 802 1224 861 ταῖς
1272 803 1669 870 μαρμαρυγαῖς
1704 802 1798 854 τοῦ
1831 807 1949 856 ἐπι-

373 894 726 960 φοιτήσαντος
761 891 849 943 ἐπ’
873 891 1043 962 αὐτὴν
1073 891 1342 958 παναγίου
1372 893 1464 944 καὶ
1486 893 1752 956 ζωοποιοῦ
1788 892 1953 946 Πνεύ-

374 1000 542 1051 ματος
562 999 576 1012 ’
604 983 664 1034 οὐ
703 981 940 1050 στάμνον
982 982 1154 1051 μάννα
1181 982 1410 1052 ἔχουσαν
1440 985 1532 1036 καὶ
1567 984 1778 1047 πλάκας
1837 985 1953 1037 δια-

371 1075 567 1144 Θήκης,
591 1074 726 1128 ἀλλά
774 1074 864 1128 τὸν
893 1074 987 1127 τοῦ
1039 1074 1211 1141 μάννα
1235 1074 1470 1142 χορηγὸν
1504 1076 1596 1127 καὶ
1632 1074 1741 1127 τῶν
1776 1076 1949 1144 ἐπηγ-

370 1165 651 1234 γελμένων
701 1166 935 1218 αίωνίων
988 1165 1208 1232 ἀγαθῶν
1241 1167 1443 1232 Κύριον
1480 1166 1580 1234 τῆς
1627 1167 1822 1234 καινῆς
1858 1169 1952 1218 καὶ

373 1256 611 1318 παλαιᾶς
637 1253 924 1324 διαθήκης,
959 1255 1016 1318 ἐξ
1055 1254 1226 1324 αὐτῆς
1255 1255 1617 1322 νηπιάσαντα,
1671 1257 1764 1307 καὶ
1798 1255 1950 1307 ὲλευο

317 1381 321 1383 -
369 1345 686 1416 θερώσαντα
705 1347 831 1408 τοὺς
852 1345 1206 1405 πιστεύοντας
1226 1347 1304 1408 είς
1327 1345 1489 1398 αὐτὸν
1513 1346 1690 1414 ἐκτῆς
1710 1345 1952 1414 κατάρας

365 1437 460 1490 τοῦ
483 1440 685 1509 νόμου·
717 1440 776 1492 ού
815 1437 1008 1508 ῥάϐδον
1051 1437 1262 1508 Ἀαρὼν
1294 1438 1586 1507 φέρουσαν,
1624 1441 1716 1490 καὶ
1743 1439 1951 1492 ἄνωθεν

364 1531 653 1600 Χερουϐὶμ
678 1529 856 1598 δόξης,
892 1529 1007 1581 ἀλλ’
1046 1528 1272 1582 ἐκείνων
1299 1529 1646 1598 ἀσυγκρίτως
1677 1529 1950 1592 ἐνδοξοτέ-

365 1641 463 1692 ραν
481 1623 859 1693 ὑπάρχουσαν,
885 1623 1080 1692 ῥάϐδον
1102 1621 1212 1690 (ἓ8)
1246 1621 1446 1674 Ἰεσσαὶ
1471 1622 1950 1691 καθ’ύποφητικὴν

2048 442 2296 512 gelorum
2346 441 2621 496 exercitus
2677 438 2922 503 deducit,
2973 447 3028 492 et
3079 438 3268 507 stipat.
3304 439 3490 508 Neque
3544 448 3629 494 est

2051 533 2381 596 manufacta,
2405 542 2460 588 et
2482 546 2618 586 auro
2645 530 2922 594 obducta;
2957 528 3051 584 sed
3078 546 3107 582 a
3135 530 3246 584 Deo
3277 530 3503 584 condita
3541 547 3627 584 ra-

2052 623 2292 686 tionalis,
2333 629 2388 675 et
2424 619 2668 688 undique
2721 617 2930 672 micans
2987 616 3298 685 fulgoribus
3341 615 3516 670 sancti
3574 626 3630 670 et

2051 711 2380 767 viviﬁcantis
2408 711 2668 782 Spiritus,
2698 711 2791 779 qui
2827 709 2880 763 in
2905 724 3024 762 eam
3061 707 3406 776 supervenit.
3440 708 3629 776 Neque

2052 818 2266 857 manna:
2328 817 2518 854 urnam
2557 800 2742 860 habet,
2776 815 2952 866 neque
3007 797 3222 850 tabulas
3275 796 3628 858 testamenti;

2051 889 2146 941 sed
2177 903 2388 941 manna?
2435 886 2906 955 suppeditatorem
2935 895 2989 939 et
3038 885 3438 953 promissorum
3467 896 3630 939 aster-

2050 992 2248 1030 norum
2300 977 2566 1030 honorum
2617 974 2907 1027 Dominum
2943 973 3070 1026 novi
3124 982 3181 1027 et
3215 973 3418 1027 veteris
3468 981 3635 1026 testa-

2053 1072 2252 1136 menti;
2282 1072 2374 1140 qui
2411 1087 2477 1124 ex
2509 1086 2572 1123 ea
2610 1069 2790 1122 infans
2815 1069 3060 1138 prodiit;
3093 1085 3418 1138 omnesque,
3445 1069 3540 1137 qui
3578 1070 3630 1121 in

2053 1164 2204 1216 illum
2238 1162 2490 1223 credunt,
2515 1177 2544 1214 a
2568 1161 2701 1230 legis
2725 1160 3115 1214 maledictione
3140 1160 3417 1213 liberavit.
3442 1160 3632 1228 Neque

2051 1255 2231 1306 Aaron
2265 1253 2494 1320 virgam,
2525 1267 2705 1319 neque
2736 1267 2976 1318 superne
3003 1251 3170 1304 habet
3194 1250 3496 1304 Cherubim
3521 1251 3636 1319 glo-

2054 1343 2182 1408 rize;
2213 1342 2306 1395 sed
2340 1341 2448 1394 illis
2475 1341 2634 1410 longe
2667 1341 3051 1410 gloriosiorem
3087 1342 3204 1395 sine
3222 1341 3636 1410 comparatione

2052 1434 2258 1503 virgam
2281 1433 2430 1486 .lesse
2456 1434 2610 1502 juxta
2643 1433 3028 1502 propheticam
3079 1433 3416 1495 doctrinam,
3445 1442 3502 1486 et
3549 1433 3635 1486 di-

2054 1525 2178 1578 vina
2204 1523 2454 1578 altissimi
2487 1523 2662 1577 Patris
2690 1523 2936 1592 potentia
2957 1524 3327 1577 obumbratur
3372 1543 3386 1576 :
3418 1539 3540 1587 nec,
3577 1532 3637 1577 ut

2057 1614 2169 1676 illa,
2185 1613 2452 1668 Hebraico
2473 1615 2627 1682 prmit
2649 1615 2870 1683 populo,
2893 1614 2988 1669 sed
3011 1630 3153 1683 pone
3174 1615 3425 1684 sequitur
3439 1616 3632 1674 Deum,

363 1717 756 1786 ἑκφαντορίαν,
811 1713 904 1766 καὶ⁸
946 1712 1410 1782 ὲπ.σκιαζομένην
1457 1711 1563 1764 ύττδ
1617 1711 1765 1773 θείας
1811 1728 1946 1763 παν-

2059 1705 2144 1774 qui
2185 1705 2239 1758 in
2276 1706 2389 1774 ipsa
2418 1722 2583 1760 carne
2632 1707 2888 1776 apparuit
2933 1707 2989 1760 in
3039 1715 3221 1768 terra;
3271 1715 3328 1760 et
3372 1707 3529 1760 beata
3569 1707 3638 1759 ab

363 1803 713 1875 αλκεστάτης
757 1805 1040 1872 δυνάμεως
1097 1803 1192 1854 τοῦ
1227 1803 1450 1872 ὑψίστου
1482 1802 1694 1872 Πατρός
1717 1818 1728 1830 ⁸
1759 1803 1850 1854 καὶ
1883 1803 1943 1854 ού

366 1897 877 1966 συμπροσιγομένην
912 1894 1188 1964 Ἐϐραῖκῴ
1245 1897 1367 1948 κατ’
1407 1896 1644 1965 ἐκείνην,
1682 1895 1795 1949 ἀλλ’
1829 1898 1956 1948 ἑπο-

369 1991 544 2058 μένην
571 1988 689 2056 Θεῷ
715 1989 771 2052 ἐξ
802 1986 969 2055 αύτὴς
1000 1985 1219 2054 ὀφθέντι
1249 1987 1338 2038 ἐπὶ
1373 1987 1476 2055 γῆς
1511 1987 1691 2056 σαρκὶ,
1726 1987 1819 2037 καὶ
1845 2005 1954 2055 μα-

368 2078 746 2148 καριζομένην
779 2078 878 2129 ὑπὸ
911 2077 1156 2144 ἀγγέλων
1198 2077 1291 2129 καὶ
1339 2076 1646 2146 ἀνθρώπων
1678 2078 1758 2138 είς
1795 2076 1954 2141 δόξαν

367 2167 461 2220 τοῦ
521 2166 915 2237 μεγαλύνοντος
941 2165 1109 2237 αὐτὴν
1156 2165 1297 2234 ὑπὲρ
1331 2165 1398 2219 τὰ
1431 2166 1657 2235 οὐράνια
1712 2166 1821 2236 (29)
1855 2168 1949 2219 καὶ

2053 1797 2263 1866 angelis
2290 1797 2717 1867 hominibusque
2765 1799 3000 1852 salutata
3035 1806 3120 1853 est
3148 1797 3214 1851 ad
3240 1800 3360 1866 ejus
3383 1798 3636 1866 gloriam,

2055 1887 2150 1957 qui
2186 1904 2353 1956 super
2393 1889 2650 1943 cmlestes
2687 1897 2741 1942 et
2797 1899 3089 1943 terrestres
3117 1889 3340 1944 ordines
3365 1905 3485 1942 eam
3521 1905 3638 1943 ma-

2053 1979 2335 2053 gnificavit
2383 1997 2396 2034 :
2449 1981 2780 2034 exclamavit
2811 1983 2958 2036 enim
3002 1997 3016 2034 :
3053 2000 3072 2032 ι
3125 1981 3430 2052 Magniticat
3455 1982 3637 2036 anima

2057 2087 2177 2125 mea
2207 2071 2496 2125 Dominum
2528 2089 2541 2125 ε
2571 2082 2626 2126 et
2660 2073 2955 2126 exsultavit
2992 2071 3232 2143 Spiritus
3255 2088 3412 2127 meus
3441 2073 3494 2127 in
3527 2073 3641 2128 Deo

2058 2163 2285 2219 salutari
2321 2178 2443 2217 meo
2473 2164 2539 2218 ¹³.
2581 2182 2598 2214 ι
2636 2165 2703 2218 Ει
2738 2175 2958 2218 caetera.

369 2265 591 2333 ἐπίγεια
615 2263 890 2331 τάγματα,
924 2260 1132 2330 βοῶσαν
1158 2261 1214 2311 ὲν
1244 2260 1372 2330 θείῳ
1390 2261 1620 2328 στόματι
1643 2262 1735 2312 καὶ
1761 2259 2053 2328 λέγουσαν·
2085 2277 2104 2310 ι
2144 2257 2453 2325 Μεγαλύνει
2484 2259 2516 2328 ή
2547 2258 2693 2328 ψυχή
2721 2276 2823 2328 μου
2882 2259 2974 2311 τὸν
3033 2258 3265 2331 Κύριον’
3332 2260 3426 2313 καὶ
3477 2259 3647 2330 ἠγαλο

371 2360 526 2414 λίασε
553 2357 611 2410 τὸ
631 2356 849 2425 πνεῦμά
901 2373 1001 2422 μου
1035 2356 1127 2408 ἐπὶ
1159 2355 1236 2425 τῷ
1261 2356 1379 2425 Θεῷ
1405 2355 1483 2425 τῷ
1507 2357 1720 2426 Σωτῆρί
1754 2374 1876 2426 μου,
1923 2375 1940 2408 ι
1985 2357 2076 2409 καὶ
2105 2354 2174 2406 τά
2209 2353 2467 2423 καθεξῆς.

441 2451 520 2503 Ε’.
583 2449 777 2500 Τοίνυν
835 2447 1064 2516 ηὐλίσθη
1129 2447 1345 2517 ἀληθῶς
1397 2447 1712 2517 ἀναλάμψαι
1747 2450 1803 2500 ὲν
1835 2449 1954 2511 ταῖς

367 2540 467 2595 τοῦ
503 2539 652 2611 ἡλίου
677 2539 774 2606 τῆς
805 2538 1150 2608 δικαιοσύνης
1181 2537 1560 2610 λαμπρότησιν
1604 2543 1636 2610 ἡ
1669 2541 1831 2609 νοητὴ
1859 2540 1955 2592 αὐ-

368 2631 466 2684 τοῦ
498 2632 802 2701 φαεσφόρος
833 2631 965 2702 ἑῴα,
1013 2631 1274 2700 κληθεῖσα
1326 2632 1418 2684 ὑπ’
1445 2632 1608 2685 αὑτοῦ
1640 2632 1732 2684 τοῦ
1763 2633 1822 2697 ἐξ
1854 2632 1954 2685 αύ-

370 2720 469 2774 τοῦ
506 2721 883 2782 ἀνατείλαντος
932 2720 1027 2771 καὶ
1058 2720 1393 2787 φωτίσαντος
1425 2721 1492 2774 τὰ
1525 2720 1838 2790 σύμπαντα,
1887 2721 1953 2773 δι’

370 2808 439 2884 ἦς
467 2811 561 2862 καλ⁸
579 2813 610 2880 ἡ
630 2809 1042 2878 ὑπερϐάλλουσα
1063 2811 1386 2880 λαμπρότης
1405 2812 1501 2872 τὰς
1529 2813 1758 2879 ἡλιακὰς
1782 2812 1952 2875 αὑτὰς

377 2906 626 2967 ἀκτῖνας,
659 2903 718 2953 ὲν
745 2901 886 2953 ὲλέει
907 2903 999 2954 καὶ
1021 2903 1323 2970 οἰκτιρμοῖς
1355 2903 1646 2970 ἐκκέχυται
1677 2903 1763 2970 ἐφ’
1785 2903 1952 2970 ἡμᾶς,

380 2988 816 3058 ἀναζωπυροῦσα
845 2990 940 3052 τάς
979 2990 1158 3059 ψυχὰς
1190 2989 1298 3042 τῶν
1334 2991 1543 3042 πιστῶν
1592 2990 1727 3059 πρὸς
1787 2991 1959 3059 μίμη-

2123 2448 2188 2503 ν.
2224 2447 2304 2501 Re
2337 2463 2463 2500 vera
2494 2446 2686 2517 igitur,
2740 2456 2801 2500 ut
2853 2447 3096 2509 luceret,
3130 2445 3414 2499 demorata
3471 2452 3554 2498 est
3585 2445 3637 2497 in

2051 2539 2442 2609 Splendoribus
2486 2540 2618 2593 solis
2655 2538 2882 2609 justitize
2916 2538 3145 2592 lucifera
3187 2537 3496 2607 spiritualis
3544 2552 3641 2589 au-

2051 2648 2198 2695 rora,
2232 2631 2301 2685 ab
2341 2647 2408 2685 eo
2446 2640 2658 2692 vocata,
2691 2631 2783 2699 qui
2819 2631 2886 2684 ab
2939 2631 3054 2699 ipsa
3088 2638 3245 2684 ortus
3277 2629 3542 2683 mundum
3573 2629 3641 2682 il-

2050 2725 2364 2780 luminavit.
2404 2724 2510 2778 Per
2548 2739 2668 2777 eam
2720 2723 2983 2792 Splendor
3043 2723 3156 2786 ille,
3193 2721 3288 2792 qui
3341 2722 3427 2775 vel
3493 2721 3642 2789 ipsos

2059 2816 2189 2871 solis
2213 2817 2396 2870 radios
2421 2823 2661 2883 superat.
2689 2815 2742 2867 in
2777 2814 3158 2868 misericordia
3183 2821 3237 2867 et
3263 2811 3641 2866 miserationi-

2060 2907 2164 2961 bus
2199 2906 2252 2958 in
2285 2921 2386 2959 nos
2415 2905 2626 2958 eﬂusus
2657 2915 2772 2970 est;
2817 2915 2874 2957 et
2902 2905 3146 2958 ﬁdelium
3183 2904 3388 2958 excitat
3428 2903 3641 2957 animas

2066 2995 2131 3050 ad
2166 2996 2493 3050 imitandum
2545 3010 2646 3064 pro
2685 2995 2903 3049 viribus
2942 2996 3094 3049 illius
3128 2995 3369 3049 divinam
3429 2995 3639 3048 bonita-
3719 3061 3727 3069 ο

382 3101 488 3148 σιν,
514 3082 589 3145 ὡς
618 3081 858 3150 ἐφικτὸν,
881 3058 1153 3152 τῆςθείας
1175 3080 1543 3152 χρηστότητος
1573 3058 1665 3134 καὶ
1686 3058 1956 3150 ἀγαθόντη-

2065 3095 2172 3142 tem
2196 3094 2251 3140 et
2273 3058 2695 3156 benignitatem.
2724 3086 2801 3140 Ex
2827 3086 2930 3141 hac
2954 3086 3100 3140 enim
3123 3094 3388 3156 perpetua
3420 3083 3642 3154 Virgine

378 3193 470 3237 τος
527 3175 713 3229 αὑτοῦ.
760 3175 820 3228 ’0
865 3175 976 3244 γὰρ
1040 3176 1105 3226 ἐκ
1160 3174 1364 3244 ταύτης
1415 3177 1512 3243 τῆς
1569 3174 1956 3244 Ἀειπαρθένου

382 3267 560 3337 σάρκα
577 3266 936 3334 ἐνδυσάμενος
963 3265 1206 3336 ἔμψυχον
1236 3265 1348 3336 (50)
1375 3267 1470 3317 καὶ
1499 3264 1680 3323 ἔννουν
1703 3267 1766 3318 ἐκ
1786 3263 1958 3316 Πνεύ-

384 3373 552 3427 ματος
580 3356 734 3425 ἁγίου
764 3357 998 3428 Χριστὸς
1034 3357 1061 3408 ὁ
1081 3356 1232 3419 Θεὸς,
1254 3355 1768 3427 προσκαλεσάμενος
1789 3355 1958 3420 αὐτὴν

381 3447 626 3500 ἐνέδυσεν
680 3447 994 3517 ἀφθαρσίαν
1046 3447 1371 3516 σύσσωμον,
1429 3450 1526 3500 καὶ
1585 3447 1958 3516 ύπερενδὸξως

383 3538 627 3602 ὲδόξασε,
658 3537 752 3590 τοῦ
782 3537 1034 3605 γενέσθαι
1061 3539 1421 3608 κληρονόμον,
1449 3538 1523 3602 ὡς
1545 3539 1816 3606 παναγίαν
1837 3539 1962 3609 Μη-

381 3630 516 3699 τέρα
550 3628 716 3683 αὑτοῦ
736 3643 750 3658 ·
789 3629 911 3684 καθ’
941 3629 978 3684 ἃ
1008 3630 1103 3683 καὶ
1135 3632 1163 3684 ὁ
1197 3630 1500 3701 Ψαλμῳδὺς
1531 3629 1755 3700 ψάλλει·
1797 3649 1815 3682 ι
1851 3633 1960 3683 Πα-

381 3719 550 3790 ρέστη
585 3721 616 3789 ή
668 3719 956 3789 βασίλισσα
986 3722 1051 3774 ὲκ
1087 3721 1277 3787 δεξιῶν
1313 3738 1406 3774 σου
1436 3724 1494 3775 ἐν
1525 3721 1808 3792 ἱματισμῷ
1842 3721 1960 3775 δια·

384 3810 572 3883 χρύσῳ
594 3810 1057 3883 περιϐεϐλημένη,
1077 3811 1498 3884 πεποικιλμένη.
1550 3832 1568 3864 δ
1612 3813 1816 3877 Σκεῦος
1848 3813 1958 3884 (51)

455 3967 498 4000 ¹²
527 3965 662 4023 Luc.
696 3982 735 4033 ι,
757 3966 846 4022 46.
925 3966 969 3998 ¹¹⁸
999 3966 1141 4022 Psal.
1178 3981 1320 4032 xuv,
1351 3963 1442 4023 10.

454 4105 566 4173 (27)
590 4103 647 4160 S.
672 4104 904 4160 Proclus
927 4103 982 4157 in
1017 4103 1075 4158 S.
1101 4103 1317 4174 Deipar.
1339 4110 1478 4174 orat.
1498 4102 1551 4166 6,
1579 4118 1633 4173 p.
1652 4105 1756 4174 ΞΠ
1777 4122 1788 4156 :
1813 4103 1961 4174 Αὕτη

383 4181 416 4245 ἡ
433 4175 823 4245 κεχρυσωμένη
839 4174 1038 4245 ἔσωθεν
1051 4174 1144 4245 καὶ
1157 4173 1355 4240 ἔξωθεν
1368 4173 1617 4236 κιϐωτὸς,
1637 4173 1848 4242 σώματι
1868 4173 1962 4226 καὶ

383 4243 654 4314 πνεύματι
680 4243 1010 4313 ἡγιασμένη.
1041 4243 1164 4297 "nec
1194 4245 1510 4297 intrinsecus
1539 4251 1586 4296 et
1612 4245 1961 4314 exstrinsecus

385 4333 511 4371 arca
525 4310 818 4372 deaurata.
848 4310 1066 4384 corpore
1085 4315 1278 4367 scilicet
1314 4321 1360 4366 et
1387 4315 1577 4382 spiritu
1603 4313 1956 4384 sanctiﬁcata.
1993 4310 2039 4368 D

456 4385 564 4450 (28)
603 4385 660 4438 S.
691 4383 946 4438 Andreas
997 4384 1252 4438 Cretens.
1316 4394 1456 4437 orat.
1493 4385 1547 4437 in
1605 4385 1725 4438 Nat.
1757 4384 1815 4437 B.
1885 4383 1953 4437 Μ.

382 4470 548 4526 quam
573 4454 635 4526 Ῡ.
665 4453 748 4508 Cl.
784 4455 1031 4526 Angelus
1075 4454 1141 4526 ΜΔ.
1189 4453 1655 4526 Riccius__e_rutam
1683 4453 1958 4526 cBiblio-

387 4522 546 4580 theca
592 4522 962 4579 Laurentiana
1019 4523 1073 4576 in
1121 4524 1301 4592 lucem
1352 4522 1546 4578 edidit.
1580 4539 1634 4592 p.
1671 4523 1739 4576 ‘29
1775 4540 1788 4575 :
1823 4524 1959 4574 Βλα-

387 4596 512 4658 στὸς
545 4592 1017 4665 γάρᾼχυρίωςμὲν
1115 4591 1277 4665 Δαυῖδ
1297 4607 1310 4622 °
1329 4592 1535 4665 ῥάϐδος
1562 4591 1655 4665 δὲ-
1675 4593 1960 4665 προδήλως

386 4661 825 4733 αὕτη,⁷ἄνθοςδὲ
861 4663 1092 4731 Χριστὸς
1138 4661 1580 4733 ἐκλαμϐάνεται,
1619 4661 1790 4715 Radix
1822 4665 1960 4715 enim

388 4730 599 4803 proprie
651 4733 822 4788 David
853 4751 873 4799 ;
911 4730 1060 4803 uirga
1121 4730 1488 4804 proculdubio
1519 4731 1693 4786 Maria
1740 4741 1837 4796 est,
1864 4733 1959 4802 ﬂos

388 4819 510 4857 vero
535 4801 794 4857 Christus.

388 4819 510 4857 vero
535 4819 794 4857 Christus.

460 4872 570 4937 (29)
589 4872 967 4942 Nazianzenus
983 4871 1209 4942 Christi.
1231 4873 1406 4936 Pat.v,
1422 4871 1581 4926 2605.
1601 4872 1959 4942 Οὐρανιώνων

417 4942 717 5008 ταγμάτων
746 4941 1044 5011 ὑπερτέρα,
1077 4941 1368 4996 caelestibus
1398 4941 1668 4995 ordinibus
1686 4941 1952 5010 superior.

461 5013 574 5082 (50)
607 5011 735 5067 Hac
805 5011 1068 5066 adversus
1123 5011 1546 5080 Apollinarium,
1596 5013 1692 5081 qui
1751 5013 1954 5067 Christi

389 5098 591 5154 corpus
628 5082 880 5154 negabat
932 5082 1110 5154 anima
1165 5082 1419 5154 rationali
1465 5082 1755 5151 praditum
1794 5099 1916 5138 esse
1942 5124 1955 5142 .

388 5151 484 5207 sed
521 5151 878 5206 Divinit‘atem
923 5152 1104 5206 aiebat
1129 5167 1251 5206 esse
1293 5152 1414 5206 loco
1474 5154 1677 5206 mentis
1713 5176 1723 5208 :
1764 5163 1956 5208 contra

387 5237 562 5293 quem,
575 5232 820 5293 errorem
843 5221 1209 5293 pulcherrima
1228 5221 1317 5293 illa
1336 5222 1662 5293 Nazianzcni
1676 5224 1730 5278 in
1747 5225 1908 5293 epist.
1934 5225 1952 5277 ι

389 5291 458 5347 ad
507 5291 854 5363 Cledonium,
911 5307 964 5360 p.
1000 5291 1122 5363 740.
1153 5291 1214 5346 C.
1275 5292 1336 5346 Et
1369 5292 1426 5346 δὲ
1469 5291 1734 5363 ἔμψυχος,
1765 5291 1812 5345 at
1853 5295 1958 5363 μὲν

389 5361 685 5432 οὑᾷνοερὺς,
713 5363 827 5424 πῶς
859 5363 953 5415 καὶ
980 5362 1304 5432 ἀνθρωπος;
1341 5363 1402 5416 οὑ
1437 5361 1731 5431 γάρᾶνουν
1763 5361 1902 5426 ζῶον
1932 5366 1960 5416 ὁ

389 5430 676 5530 ἄνθροὲπος
705 5448 719 5464 ο
753 5432 850 5530 κρὶ
895 5430 1110 5530 ἀνάγκη
1143 5433 1204 5530 ξδ
1239 5433 1424 5530 σχῆμα
1458 5430 1560 5502 μὲν
1594 5432 1954 5530 ἀρθρῃώῐτεέονέ

389 5501 484 5554 καὶ
517 5501 840 5625 τὴνησκηνήν
862 5519 877 5541 ε
914 5502 1012 5571 τὴν
1044 5501 1107 5582 δέ
1127 5501 1306 5581 ψυχὴγ
1342 5501 1510 5555 ἵππου
1537 5505 1683 5565 τινὸς
1709 5503 1741 5573 ἢ
1777 5505 1898 5572 βοὸς
1924 5503 1955 5572 ἢ

390 5570 550 5626 ἄλλου
575 5588 684 5622 των
749 5574 974 5642 νοήτων.
1003 5573 1175 5625 Τουτο
1203 5590 1333 5640 γουν
1363 5572 1516 5625 ἔσται
1549 5574 1640 5626 καὶ
1675 5573 1735 5624 τὸ
1791 5573 1955 5636 σωζὸ-

398 5658 562 5713 μενον
602 5657 616 5672 '
661 5644 751 5695 καὶ
793 5642 1117 5712 διεψεύσθην
1157 5643 1264 5712 ἐγὼ
1316 5645 1462 5712 παρα
1519 5645 1614 5714 τῆς
1667 5644 1955 5713 ἀληθείας,

2060 3178 2318 3233 Christus
2367 3178 2533 3242 Deus,
2592 3193 2760 3232 carne
2799 3193 2865 3231 ex
2911 3177 3120 3247 Spiritu
3174 3187 3365 3231 sancto
3419 3174 3644 3229 indutus

2061 3269 2304 3324 animata
2331 3277 2386 3323 et
2410 3277 2592 3323 mente
2637 3268 2864 3338 praedita
2886 3309 2900 3333 ,
2933 3269 3083 3322 illam
3119 3270 3286 3340 elegit
3323 3277 3380 3323 et
3415 3283 3645 3324 concor—

2059 3375 2193 3430 pore
2254 3359 2436 3416 induit
2493 3360 3044 3430 incorruptibilitate,
3098 3376 3163 3416 ac
3197 3376 3364 3430 supra
3421 3361 3643 3415 modum

2057 3450 2404 3522 gloriﬁcavit,
2442 3461 2502 3505 ut
2536 3468 2632 3505 sua
2663 3462 2810 3506 esset
2859 3453 3055 3511 haeres,
3083 3459 3274 3520 utpote
3302 3450 3647 3506 sanctissima

2069 3556 2166 3594 sua
2210 3541 2410 3605 Mater;
2444 3543 2591 3606 iuxta
2622 3559 2684 3594 ea
2731 3559 2852 3609 qum
2877 3542 3079 3596 cecinit
3120 3542 3331 3596 Psaltcs
3360 3558 3373 3592 :
3408 3559 3426 3592 ιι
3459 3541 3646 3596 Astilit

2068 3633 2254 3703 regina
2287 3649 2318 3688 a
2367 3633 2576 3688 dextris
2614 3634 2722 3688 tuis
2773 3634 2825 3687 in
2868 3635 3066 3689 vestitu
3101 3634 3364 3687 deaurato
3408 3635 3646 3688 cireum-

2068 3724 2267 3778 amicta
2298 3725 2562 3778 varietate
2596 3723 2657 3776 ".
2687 3745 2701 3772 ι
2735 3725 2841 3778 Vas
2872 3723 3005 3778 illud
3043 3724 3347 3792 pretiosum
3378 3732 3434 3778 et
3455 3739 3638 3778 sacra-

2068 3814 2363 3883 tissimum,
2416 3824 2474 3872 et
2530 3815 2728 3886 quavis
2761 3823 2952 3872 sancta
2998 3830 3061 3870 re
3113 3813 3383 3878 sanctius,
3410 3814 3640 3884 Deipara

2066 4105 2226 4158 ἄλλον
2249 4104 2571 4176 τιμηθέντος
2596 4103 3317 4177 ἀλλος-μεγαλαυχούμενος,
3373 4104 3432 4159 Si
3466 4115 3643 4160 autem

2066 4177 2218 4228 honto
2269 4175 2448 4228 anima
2486 4184 2562 4228 est
2618 4175 2891 4244 prazditus,
2945 4175 3202 4244 siquidem
3250 4183 3421 4228 mente
3475 4186 3642 4237 caret,

2067 4245 2325 4313 quomodo
2381 4246 2447 4298 sit
2505 4246 2706 4299 homo?
2747 4261 2910 4314 neque
2946 4246 3084 4298 enim
3113 4245 3265 4297 homo
3313 4245 3520 4298 animal
3567 4256 3644 4300 est

2067 4324 2238 4368 mente
2261 4332 2445 4368 carens
2478 4331 2496 4368 :
2524 4325 2571 4368 et
2606 4315 2739 4367 illud
2771 4316 2976 4384 quidem
3011 4330 3215 4368 necesse
3245 4323 3319 4368 est
3342 4324 3397 4366 ut
3420 4319 3642 4384 formam

2075 4385 2267 4436 habent
2325 4386 2550 4438 hominis
2601 4388 2868 4454 speciem;
2909 4386 3144 4438 animam
3207 4394 3386 4438 autem
3451 4387 3644 4440 habent

2063 4455 2359 4523 cuiuspiam
2417 4463 2508 4508 aut
2559 4457 2677 4524 equi
2725 4468 2816 4507 aut
2863 4455 3002 4508 bovis
3031 4462 3122 4506 aut
3154 4456 3383 4524 cujusvis
3424 4455 3643 4509 alterius

2065 4523 2336 4594 animalis,
2368 4525 2507 4594 quod
2571 4523 2744 4578 mente
2787 4527 2856 4578 sit
2913 4539 3117 4594 expers.
3150 4523 3289 4578 Illud
3320 4526 3482 4592 igitur
3516 4527 3639 4586 erit,

2063 4594 2146 4646 cui
2189 4593 2336 4646 salus
2381 4593 2537 4663 parta
2573 4603 2648 4646 est
2676 4612 2694 4657 ;
2719 4613 2781 4648 ac
2813 4594 3031 4662 proinde
3077 4593 3187 4658 ipse
3218 4611 3250 4647 a
3285 4594 3506 4647 veritate
3553 4595 3638 4648 de-

2063 4671 2243 4734 ceptus
2298 4666 2557 4734 sum,’qui
2598 4680 2716 4716 cum
2769 4664 2908 4717 alius
2934 4665 3183 4716 honorem
3225 4665 3504 4733 acceperit,
3535 4666 3644 4734 ipse

2063 4732 2202 4787 alius
2226 4735 2373 4787 inani
2406 4733 2578 4803 gloria
2646 4751 2726 4786 me
2756 4735 2979 4803 jactent.

2135 4805 2246 4874 (δι)
2283 4805 2338 4858 s.
2368 4801 2560 4874 Cyri“.
2596 4801 2824 4857 Encoin.
2860 4803 2918 4857 Β.
2951 4803 3021 4857 u.
3053 4802 3214 4874 Deip:
3245 4803 3354 4874 loc.
3378 4801 3630 4874 uexat.

2065 4872 2179 4944 ροις
2217 4874 2272 4927 δὲ
2333 4872 2426 4927 καί
2475 4874 2634 4944 αύτὴ,
2665 4874 2850 4944 Μαρία
2885 4874 3136 4944 Θεοτρκε,
3174 4872 3638 4944 Παρθενομητωρ,

2063 4939 2398 5014 ξρωτοφόρεεί
2421 4939 2619 5014 σκεῦος
2674 4939 2937 5014 ἀμίαντον
2963 4961 2976 4972 ·
3010 4941 3168 4997 Salve
3224 4939 3272 5014 et
3306 4943 3423 5010 ipsa
3466 4939 3644 4994 Maria

2065 5012 2322 5084 Πείρου-(ί,
2361 5012 2755 5084 Virgo-Mater,
2792 5013 3060 5082 Lucifera,
3096 5029 3189 5065 vas
3221 5013 3639 5084 _iucorruptun_:.

2063 5071 2256 5138 Itidem
2282 5071 2339 5138 S.
2370 5071 2693 5152 Epiphanus
2743 5071 2960 5137 Ἀιίυενὲ.
2992 5071 3176 5136 haeres.
3214 5080 3250 5134 ι.
3289 5096 3370 5152 nt,
3401 5096 3435 5150 p
3458 5071 3640 5152 _'lO-i5:

2062 5154 2292 5223 Μητέρα
2344 5150 2444 5222 μὲν
2474 5150 2764 5220 γεγονυῖαν
2806 5153 2894 5206 διὰ
2943 5153 3042 5222 τὴν
3073 5151 3410 5223 οἰκονομίαν,
3438 5150 3644 5223 ἄχρανς

2062 5219 2153 5277 τον
2181 5219 2234 5275 δέ
2258 5219 2642 5293 διὲίτὴνπρὺς
2680 5223 2844 5293 αύτὸν
2881 5219 3068 5293 τιμήν,
3102 5223 3192 5274 καὶ
3249 5221 3308 5272 τὸ
3366 5221 3558 5293 σκεῦος
3586 5219 3646 5270 τὸ

2063 5293 2380 5361 θαυμαστόν
2406 5289 2645 5348 “Christi
2700 5289 2950 5347 Matrem?
2982 5289 3042 5344 ob
3099 5299 3397 5360 susceptum
3424 5306 3487 5343 ex
3527 5290 3646 5361 ipsa

2062 5359 2274 5434 corpus,
2305 5374 2352 5416 et
2382 5364 2442 5417 ob
2473 5363 2618 5418 illius
2657 5367 2908 5418 honorem
2935 5359 3272 5434 impolluta-nt
3299 5377 3392 5434 uas
3436 5369 3510 5414 est
3546 5359 3648 5434 ad-

2064 5429 2368 5489 mirandum
2395 5451 2412 5498 ;
2447 5442 2501 5488 et
2531 5450 2652 5504 pag.
2678 5449 2909 5503 sequen.
2947 5429 3108 5484 vocat
3134 5431 3195 5504 Β.
3230 5431 3294 5484 V.
3324 5431 3396 5483 Τὸ
3451 5429 3644 5490 σκεῦος

2061 5504 2122 5557 τὸ
2151 5504 2332 5572 τίμιον
2365 5505 2458 5556 καὶ
2491 5503 2850 5574 ἐξοχώτατον,
2883 5518 2975 5556 vas
3010 5503 3296 5574 pretiosum
3317 5508 3364 5552 et
3387 5508 3649 5574 prtestan-

2065 5569 2346 5632 tissinium.
2378 5575 2444 5628 Et
2481 5573 2538 5628 S.
2573 5569 2825 5642 Ephrmm
2853 5569 3030 5626 Serm.
3067 5572 3187 5625 Lat.
3223 5580 3356 5624 tom.
3397 5569 3648 5642 |l|._p_at;.

2066 5647 2188 5708 576,
2225 5645 2329 5698 col.
2364 5645 2383 5698 l
2423 5645 2484 5699 E.
2520 5639 2973 5721 Avehnwclarum
3007 5653 3053 5695 et
3086 5642 3304 5696 electum
3348 5657 3437 5693 ras
3475 5639 3589 5692 Dei.
