  <div class='ocr_page' id='page_1' title='image "/cluster/home/n/w/nwhite01/storage/ocr_20150623/86:2/hvd.32044054112354/786.png"; bbox 0 0 4038 6208; ppageno 0'>
   <div class='ocr_carea' id='block_1_1' title="bbox 337 195 563 320">
    <p class='ocr_par' dir='ltr' id='par_1_1' title="bbox 337 195 563 320">
     <span class='ocr_line' id='line_1_1' title="bbox 337 195 563 320; baseline 0 -2"><span class='ocrx_word' id='word_1_1' title='bbox 337 195 342 203; x_wconf 21' lang='grc' dir='ltr'>ι</span> <span class='ocrx_word' id='word_1_2' title='bbox 429 253 563 320; x_wconf 67' lang='lat'><strong>33!?</strong></span> 
     </span>
    </p>
   </div>
   <div class='ocr_carea' id='block_1_2' title="bbox 1678 258 2413 327">
    <p class='ocr_par' dir='ltr' id='par_1_2' title="bbox 1678 258 2413 327">
     <span class='ocr_line' id='line_1_2' title="bbox 1678 258 2413 327; baseline -0.012 0"><span class='ocrx_word' id='word_1_3' title='bbox 1678 265 1774 327; x_wconf 87' lang='lat' dir='ltr'><strong>DE</strong></span> <span class='ocrx_word' id='word_1_4' title='bbox 1823 258 2413 324; x_wconf 36' lang='lat' dir='ltr'><strong>INCARN’ATIONE.</strong></span> 
     </span>
    </p>
   </div>
   <div class='ocr_carea' id='block_1_3' title="bbox 3531 251 3669 316">
    <p class='ocr_par' dir='ltr' id='par_1_3' title="bbox 3531 251 3669 316">
     <span class='ocr_line' id='line_1_3' title="bbox 3531 251 3669 316; baseline 0.007 -1"><span class='ocrx_word' id='word_1_5' title='bbox 3531 251 3669 316; x_wconf 75' lang='lat'><strong>3318</strong></span> 
     </span>
    </p>
   </div>
   <div class='ocr_carea' id='block_1_4' title="bbox 428 360 1994 441">
    <p class='ocr_par' dir='ltr' id='par_1_4' title="bbox 428 360 1990 441">
     <span class='ocr_line' id='line_1_4' title="bbox 428 360 1990 441; baseline 0.006 -27"><span class='ocrx_word' id='word_1_6' title='bbox 428 362 521 416; x_wconf 77' lang='grc' dir='ltr'>καὶ</span> <span class='ocrx_word' id='word_1_7' title='bbox 540 360 619 414; x_wconf 75' lang='grc' dir='ltr'><strong>ετι</strong></span> <span class='ocrx_word' id='word_1_8' title='bbox 645 360 872 431; x_wconf 87' lang='grc' dir='ltr'>μυρίους</span> <span class='ocrx_word' id='word_1_9' title='bbox 896 363 1138 435; x_wconf 72' lang='grc' dir='ltr'>ἱδρώτων</span> <span class='ocrx_word' id='word_1_10' title='bbox 1167 367 1392 435; x_wconf 82' lang='grc' dir='ltr'>μισθοὺς</span> <span class='ocrx_word' id='word_1_11' title='bbox 1414 369 1990 441; x_wconf 74' lang='grc' dir='ltr'>όφειλόμενοι,Ἕσται</span> 
     </span>
    </p>
   </div>
   <div class='ocr_carea' id='block_1_5' title="bbox 2097 360 3665 441">
    <p class='ocr_par' dir='ltr' id='par_1_5' title="bbox 2097 361 3665 433">
     <span class='ocr_line' id='line_1_5' title="bbox 2097 361 3665 433; baseline -0.002 -12"><span class='ocrx_word' id='word_1_12' title='bbox 2097 367 2180 421; x_wconf 89' lang='lat' dir='ltr'><strong>dis</strong></span> <span class='ocrx_word' id='word_1_13' title='bbox 2230 367 2472 421; x_wconf 89' lang='lat' dir='ltr'><strong>debitam</strong></span> <span class='ocrx_word' id='word_1_14' title='bbox 2525 362 2932 433; x_wconf 73' lang='lat' dir='ltr'><strong>praestationem</strong></span> <span class='ocrx_word' id='word_1_15' title='bbox 2984 361 3450 430; x_wconf 33' lang='lat' dir='ltr'><strong>sperantesLErit</strong></span> <span class='ocrx_word' id='word_1_16' title='bbox 3499 367 3665 430; x_wconf 78' lang='lat' dir='ltr'><strong>enim,</strong></span> 
     </span>
    </p>
   </div>
   <div class='ocr_carea' id='block_1_6' title="bbox 423 452 1991 534">
    <p class='ocr_par' dir='ltr' id='par_1_6' title="bbox 423 452 1991 534">
     <span class='ocr_line' id='line_1_6' title="bbox 423 452 1991 534; baseline 0.006 -27"><span class='ocrx_word' id='word_1_17' title='bbox 423 452 552 524; x_wconf 85' lang='grc' dir='ltr'>γὰρ,</span> <span class='ocrx_word' id='word_1_18' title='bbox 573 455 756 522; x_wconf 68' lang='grc' dir='ltr'>φησὶν,</span> <span class='ocrx_word' id='word_1_19' title='bbox 783 457 816 508; x_wconf 85' lang='grc' dir='ltr'><em>ὁ</em></span> <span class='ocrx_word' id='word_1_20' title='bbox 827 457 1044 522; x_wconf 80' lang='grc' dir='ltr'>μισθὸς</span> <span class='ocrx_word' id='word_1_21' title='bbox 1065 459 1232 525; x_wconf 80' lang='grc' dir='ltr'>ὑμῶν</span> <span class='ocrx_word' id='word_1_22' title='bbox 1252 461 1443 528; x_wconf 73' lang='grc' dir='ltr'>πολὺς</span> <span class='ocrx_word' id='word_1_23' title='bbox 1468 463 1538 515; x_wconf 81' lang='grc' dir='ltr'><strong>ἐν</strong></span> <span class='ocrx_word' id='word_1_24' title='bbox 1558 465 1679 532; x_wconf 83' lang='grc' dir='ltr'>τοῖς</span> <span class='ocrx_word' id='word_1_25' title='bbox 1693 467 1991 534; x_wconf 76' lang='grc' dir='ltr'><strong>οὐρανοῖς,</strong></span> 
     </span>
    </p>
   </div>
   <div class='ocr_carea' id='block_1_7' title="bbox 423 544 1994 623">
    <p class='ocr_par' dir='ltr' id='par_1_7' title="bbox 423 544 1994 623">
     <span class='ocr_line' id='line_1_7' title="bbox 423 544 1994 623; baseline 0.008 -28"><span class='ocrx_word' id='word_1_26' title='bbox 423 545 470 596; x_wconf 82' lang='grc' dir='ltr'><strong>εί</strong></span> <span class='ocrx_word' id='word_1_27' title='bbox 500 544 596 596; x_wconf 72' lang='grc' dir='ltr'>καὶ</span> <span class='ocrx_word' id='word_1_28' title='bbox 629 546 846 614; x_wconf 76' lang='grc' dir='ltr'><strong>μικροῖς</strong></span> <span class='ocrx_word' id='word_1_29' title='bbox 874 545 1163 599; x_wconf 82' lang='grc' dir='ltr'><strong>ὑπέκειντο</strong></span> <span class='ocrx_word' id='word_1_30' title='bbox 1195 548 1668 622; x_wconf 85' lang='grc' dir='ltr'>πλημμελήμασιν</span> <span class='ocrx_word' id='word_1_31' title='bbox 1693 596 1705 620; x_wconf 89' lang='grc'><strong>,</strong></span> <span class='ocrx_word' id='word_1_32' title='bbox 1743 555 1994 623; x_wconf 84' lang='grc' dir='ltr'>ἀγαπῶσι</span> 
     </span>
    </p>
   </div>
   <div class='ocr_carea' id='block_1_8' title="bbox 424 630 1996 714">
    <p class='ocr_par' dir='ltr' id='par_1_8' title="bbox 424 630 1996 714">
     <span class='ocr_line' id='line_1_8' title="bbox 424 630 1996 714; baseline 0.009 -31"><span class='ocrx_word' id='word_1_33' title='bbox 424 630 560 684; x_wconf 86' lang='grc' dir='ltr'><strong>πολὺ</strong></span> <span class='ocrx_word' id='word_1_34' title='bbox 582 646 594 661; x_wconf 77' lang='grc'><strong><em>⁸</em></strong></span> <span class='ocrx_word' id='word_1_35' title='bbox 650 632 712 684; x_wconf 78' lang='grc' dir='ltr'>τὸ</span> <span class='ocrx_word' id='word_1_36' title='bbox 753 633 809 684; x_wconf 79' lang='grc' dir='ltr'>δὲ</span> <span class='ocrx_word' id='word_1_37' title='bbox 857 633 964 687; x_wconf 86' lang='grc' dir='ltr'><strong>τῶν</strong></span> <span class='ocrx_word' id='word_1_38' title='bbox 995 635 1336 706; x_wconf 81' lang='grc' dir='ltr'><strong>ἁμαρτωλῶν</strong></span> <span class='ocrx_word' id='word_1_39' title='bbox 1362 639 1516 709; x_wconf 77' lang='grc' dir='ltr'>ἡμῶν</span> <span class='ocrx_word' id='word_1_40' title='bbox 1549 640 1750 711; x_wconf 72' lang='grc' dir='ltr'>πλῆθος</span> <span class='ocrx_word' id='word_1_41' title='bbox 1783 645 1996 714; x_wconf 87' lang='grc' dir='ltr'>μυρίοις</span> 
     </span>
    </p>
   </div>
   <div class='ocr_carea' id='block_1_9' title="bbox 424 722 1995 805">
    <p class='ocr_par' dir='ltr' id='par_1_9' title="bbox 424 722 1995 805">
     <span class='ocr_line' id='line_1_9' title="bbox 424 722 1995 805; baseline 0.01 -33"><span class='ocrx_word' id='word_1_42' title='bbox 424 722 677 791; x_wconf 72' lang='grc' dir='ltr'><strong>βρύοντες</strong></span> <span class='ocrx_word' id='word_1_43' title='bbox 707 722 890 776; x_wconf 79' lang='grc' dir='ltr'>ἓλκεσι</span> <span class='ocrx_word' id='word_1_44' title='bbox 913 765 927 789; x_wconf 97' lang='grc'><strong>,</strong></span> <span class='ocrx_word' id='word_1_45' title='bbox 973 728 1068 779; x_wconf 73' lang='grc' dir='ltr'><strong>καὶ</strong></span> <span class='ocrx_word' id='word_1_46' title='bbox 1096 726 1174 790; x_wconf 88' lang='grc' dir='ltr'>ὼς</span> <span class='ocrx_word' id='word_1_47' title='bbox 1201 729 1350 793; x_wconf 83' lang='grc' dir='ltr'>είκδς</span> <span class='ocrx_word' id='word_1_48' title='bbox 1379 731 1552 785; x_wconf 86' lang='grc' dir='ltr'>πολλά</span> <span class='ocrx_word' id='word_1_49' title='bbox 1581 734 1674 786; x_wconf 79' lang='grc' dir='ltr'><strong>καὶ</strong></span> <span class='ocrx_word' id='word_1_50' title='bbox 1699 734 1776 805; x_wconf 81' lang='grc' dir='ltr'>τῷ</span> <span class='ocrx_word' id='word_1_51' title='bbox 1802 733 1995 804; x_wconf 80' lang='grc' dir='ltr'>βαπτί-</span> 
     </span>
    </p>
   </div>
   <div class='ocr_carea' id='block_1_10' title="bbox 423 814 1993 895">
    <p class='ocr_par' dir='ltr' id='par_1_10' title="bbox 423 814 1993 895">
     <span class='ocr_line' id='line_1_10' title="bbox 423 814 1993 895; baseline 0.008 -29"><span class='ocrx_word' id='word_1_52' title='bbox 423 830 588 883; x_wconf 88' lang='grc' dir='ltr'>σματι</span> <span class='ocrx_word' id='word_1_53' title='bbox 607 856 621 877; x_wconf 90' lang='grc'><strong>,</strong></span> <span class='ocrx_word' id='word_1_54' title='bbox 676 814 768 867; x_wconf 76' lang='grc' dir='ltr'><strong>καὶ</strong></span> <span class='ocrx_word' id='word_1_55' title='bbox 799 816 874 879; x_wconf 89' lang='grc' dir='ltr'><strong>ώς</strong></span> <span class='ocrx_word' id='word_1_56' title='bbox 903 817 1078 880; x_wconf 83' lang='grc' dir='ltr'>ἄλλως</span> <span class='ocrx_word' id='word_1_57' title='bbox 1104 819 1436 891; x_wconf 82' lang='grc' dir='ltr'><strong>χρηστότητι</strong></span> <span class='ocrx_word' id='word_1_58' title='bbox 1467 823 1586 894; x_wconf 85' lang='grc' dir='ltr'>θείᾳ</span> <span class='ocrx_word' id='word_1_59' title='bbox 1615 825 1993 895; x_wconf 83' lang='grc' dir='ltr'>συγχωρηθέν-</span> 
     </span>
    </p>
   </div>
   <div class='ocr_carea' id='block_1_11' title="bbox 405 904 1994 985">
    <p class='ocr_par' dir='ltr' id='par_1_11' title="bbox 405 904 1994 985">
     <span class='ocr_line' id='line_1_11' title="bbox 405 904 1994 985; baseline 0.009 -31"><span class='ocrx_word' id='word_1_60' title='bbox 405 917 508 960; x_wconf 56' lang='lat' dir='ltr'><strong>res:</strong></span> <span class='ocrx_word' id='word_1_61' title='bbox 539 904 631 956; x_wconf 85' lang='grc' dir='ltr'>καὶ</span> <span class='ocrx_word' id='word_1_62' title='bbox 661 904 781 957; x_wconf 83' lang='grc' dir='ltr'>καθ’</span> <span class='ocrx_word' id='word_1_63' title='bbox 811 906 1024 976; x_wconf 77' lang='grc' dir='ltr'><strong>ἡμέραν</strong></span> <span class='ocrx_word' id='word_1_64' title='bbox 1055 908 1388 974; x_wconf 81' lang='grc' dir='ltr'><strong>ἀδικοῦντες,</strong></span> <span class='ocrx_word' id='word_1_65' title='bbox 1423 913 1520 965; x_wconf 75' lang='grc' dir='ltr'>καὶ</span> <span class='ocrx_word' id='word_1_66' title='bbox 1549 915 1656 966; x_wconf 74' lang='grc' dir='ltr'>τῶν</span> <span class='ocrx_word' id='word_1_67' title='bbox 1687 915 1837 985; x_wconf 78' lang='grc' dir='ltr'>παρὰ</span> <span class='ocrx_word' id='word_1_68' title='bbox 1860 915 1994 969; x_wconf 72' lang='grc' dir='ltr'>Θεοῦ</span> 
     </span>
    </p>
   </div>
   <div class='ocr_carea' id='block_1_12' title="bbox 419 997 1995 1072">
    <p class='ocr_par' dir='ltr' id='par_1_12' title="bbox 419 997 1995 1072">
     <span class='ocr_line' id='line_1_12' title="bbox 419 997 1995 1072; baseline 0.005 -22"><span class='ocrx_word' id='word_1_69' title='bbox 419 997 637 1052; x_wconf 85' lang='grc' dir='ltr'>πάντων</span> <span class='ocrx_word' id='word_1_70' title='bbox 683 1001 903 1069; x_wconf 79' lang='grc' dir='ltr'><strong>ἀγαθῶν</strong></span> <span class='ocrx_word' id='word_1_71' title='bbox 959 1003 1105 1072; x_wconf 83' lang='grc' dir='ltr'>ὑπὲρ</span> <span class='ocrx_word' id='word_1_72' title='bbox 1149 1005 1274 1066; x_wconf 80' lang='grc' dir='ltr'>τοὺς</span> <span class='ocrx_word' id='word_1_73' title='bbox 1320 1005 1562 1072; x_wconf 76' lang='grc' dir='ltr'>ἀγαθοὺς</span> <span class='ocrx_word' id='word_1_74' title='bbox 1612 1007 1995 1071; x_wconf 77' lang='grc' dir='ltr'><strong>ἀπολαύοντες,</strong></span> 
     </span>
    </p>
   </div>
   <div class='ocr_carea' id='block_1_13' title="bbox 421 1091 1998 1167">
    <p class='ocr_par' dir='ltr' id='par_1_13' title="bbox 421 1091 1998 1167">
     <span class='ocr_line' id='line_1_13' title="bbox 421 1091 1998 1167; baseline 0.008 -28"><span class='ocrx_word' id='word_1_75' title='bbox 421 1091 595 1158; x_wconf 86' lang='grc' dir='ltr'>μικρά</span> <span class='ocrx_word' id='word_1_76' title='bbox 649 1091 748 1160; x_wconf 84' lang='grc' dir='ltr'>τῆς</span> <span class='ocrx_word' id='word_1_77' title='bbox 803 1093 1178 1163; x_wconf 84' lang='grc' dir='ltr'>ἀνεχομένης,</span> <span class='ocrx_word' id='word_1_78' title='bbox 1241 1095 1335 1147; x_wconf 74' lang='grc' dir='ltr'><strong>καὶ</strong></span> <span class='ocrx_word' id='word_1_79' title='bbox 1387 1095 1598 1164; x_wconf 79' lang='grc' dir='ltr'>μεγάλα</span> <span class='ocrx_word' id='word_1_80' title='bbox 1649 1097 1998 1167; x_wconf 81' lang='grc' dir='ltr'>δωρουμένης</span> 
     </span>
    </p>
   </div>
   <div class='ocr_carea' id='block_1_14' title="bbox 416 1179 1998 1257">
    <p class='ocr_par' dir='ltr' id='par_1_14' title="bbox 416 1179 1998 1257">
     <span class='ocr_line' id='line_1_14' title="bbox 416 1179 1998 1257; baseline 0.006 -25"><span class='ocrx_word' id='word_1_81' title='bbox 416 1179 568 1242; x_wconf 83' lang='grc' dir='ltr'>θείας</span> <span class='ocrx_word' id='word_1_82' title='bbox 592 1183 808 1250; x_wconf 83' lang='grc' dir='ltr'>ἀγάπης</span> <span class='ocrx_word' id='word_1_83' title='bbox 833 1183 1210 1254; x_wconf 78' lang='grc' dir='ltr'>φροντίζομεν.</span> <span class='ocrx_word' id='word_1_84' title='bbox 1233 1184 1290 1237; x_wconf 86' lang='grc' dir='ltr'>Ὀ</span> <span class='ocrx_word' id='word_1_85' title='bbox 1313 1186 1410 1255; x_wconf 85' lang='grc' dir='ltr'><strong>μὲν</strong></span> <span class='ocrx_word' id='word_1_86' title='bbox 1434 1187 1542 1256; x_wconf 82' lang='grc' dir='ltr'>γὰρ</span> <span class='ocrx_word' id='word_1_87' title='bbox 1567 1188 1687 1240; x_wconf 75' lang='grc' dir='ltr'><strong>’1ὼὸ</strong></span> <span class='ocrx_word' id='word_1_88' title='bbox 1713 1189 1998 1257; x_wconf 78' lang='grc' dir='ltr'>ἄμεμπτος</span> 
     </span>
    </p>
   </div>
   <div class='ocr_carea' id='block_1_15' title="bbox 412 1271 1996 1349">
    <p class='ocr_par' dir='ltr' id='par_1_15' title="bbox 412 1271 1996 1349">
     <span class='ocr_line' id='line_1_15' title="bbox 412 1271 1996 1349; baseline 0.006 -27"><span class='ocrx_word' id='word_1_89' title='bbox 412 1271 490 1322; x_wconf 81' lang='grc' dir='ltr'><strong>ὢν</strong></span> <span class='ocrx_word' id='word_1_90' title='bbox 519 1313 533 1337; x_wconf 95' lang='grc'><strong>,</strong></span> <span class='ocrx_word' id='word_1_91' title='bbox 585 1271 660 1334; x_wconf 85' lang='grc' dir='ltr'>ὡς</span> <span class='ocrx_word' id='word_1_92' title='bbox 709 1275 806 1326; x_wconf 71' lang='grc' dir='ltr'><strong>καὶ</strong></span> <span class='ocrx_word' id='word_1_93' title='bbox 847 1274 996 1328; x_wconf 79' lang='grc' dir='ltr'>ἄλλοι</span> <span class='ocrx_word' id='word_1_94' title='bbox 1030 1275 1152 1327; x_wconf 78' lang='grc' dir='ltr'>κατ’</span> <span class='ocrx_word' id='word_1_95' title='bbox 1181 1277 1387 1329; x_wconf 78' lang='grc' dir='ltr'>ἐκεῖνον</span> <span class='ocrx_word' id='word_1_96' title='bbox 1425 1278 1628 1347; x_wconf 82' lang='grc' dir='ltr'>μυρίοι,</span> <span class='ocrx_word' id='word_1_97' title='bbox 1668 1280 1996 1349; x_wconf 78' lang='grc' dir='ltr'>ὑπερηγάπα</span> 
     </span>
    </p>
   </div>
   <div class='ocr_carea' id='block_1_16' title="bbox 418 1362 1998 1439">
    <p class='ocr_par' dir='ltr' id='par_1_16' title="bbox 418 1362 1998 1439">
     <span class='ocr_line' id='line_1_16' title="bbox 418 1362 1998 1439; baseline -0.009 -9"><span class='ocrx_word' id='word_1_98' title='bbox 418 1363 510 1415; x_wconf 64' lang='grc' dir='ltr'><strong>τὸν</strong></span> <span class='ocrx_word' id='word_1_99' title='bbox 552 1363 718 1427; x_wconf 73' lang='grc' dir='ltr'>Θεδνι</span> <span class='ocrx_word' id='word_1_100' title='bbox 777 1362 851 1433; x_wconf 70' lang='grc' dir='ltr'><strong>μὴ</strong></span> <span class='ocrx_word' id='word_1_101' title='bbox 904 1365 1120 1434; x_wconf 84' lang='grc' dir='ltr'>μετρῶν</span> <span class='ocrx_word' id='word_1_102' title='bbox 1171 1366 1304 1436; x_wconf 84' lang='grc' dir='ltr'>πρὸς</span> <span class='ocrx_word' id='word_1_103' title='bbox 1346 1367 1412 1420; x_wconf 76' lang='grc' dir='ltr'>τὰ</span> <span class='ocrx_word' id='word_1_104' title='bbox 1451 1368 1598 1436; x_wconf 85' lang='grc' dir='ltr'><strong>αὑτῴ</strong></span> <span class='ocrx_word' id='word_1_105' title='bbox 1633 1374 1998 1439; x_wconf 69' lang='grc' dir='ltr'>πεπραγμέι,α</span> 
     </span>
    </p>
   </div>
   <div class='ocr_carea' id='block_1_17' title="bbox 413 1453 1998 1529">
    <p class='ocr_par' dir='ltr' id='par_1_17' title="bbox 413 1453 1998 1529">
     <span class='ocr_line' id='line_1_17' title="bbox 413 1453 1998 1529; baseline 0.005 -24"><span class='ocrx_word' id='word_1_106' title='bbox 413 1453 508 1505; x_wconf 71' lang='grc' dir='ltr'>τὸν</span> <span class='ocrx_word' id='word_1_107' title='bbox 560 1453 772 1524; x_wconf 74' lang='grc' dir='ltr'>ἔρωτα·</span> <span class='ocrx_word' id='word_1_108' title='bbox 835 1454 1036 1518; x_wconf 80' lang='grc' dir='ltr'>Ἰούδας</span> <span class='ocrx_word' id='word_1_109' title='bbox 1082 1455 1420 1528; x_wconf 74' lang='grc' dir='ltr'>δὲ,κλέπτη;</span> <span class='ocrx_word' id='word_1_110' title='bbox 1453 1456 1549 1524; x_wconf 82' lang='grc' dir='ltr'>ὢν,</span> <span class='ocrx_word' id='word_1_111' title='bbox 1589 1460 1679 1512; x_wconf 65' lang='grc' dir='ltr'>καὶ</span> <span class='ocrx_word' id='word_1_112' title='bbox 1718 1465 1998 1529; x_wconf 69' lang='grc' dir='ltr'>μιαιφόνος</span> 
     </span>
    </p>
   </div>
   <div class='ocr_carea' id='block_1_18' title="bbox 413 1545 1998 1620">
    <p class='ocr_par' dir='ltr' id='par_1_18' title="bbox 413 1545 1998 1620">
     <span class='ocr_line' id='line_1_18' title="bbox 413 1545 1998 1620; baseline 0.007 -24"><span class='ocrx_word' id='word_1_113' title='bbox 413 1546 510 1596; x_wconf 79' lang='grc' dir='ltr'>τὸν</span> <span class='ocrx_word' id='word_1_114' title='bbox 541 1545 743 1615; x_wconf 80' lang='grc' dir='ltr'>τρόπον</span> <span class='ocrx_word' id='word_1_115' title='bbox 764 1587 778 1612; x_wconf 96' lang='grc'><strong>,</strong></span> <span class='ocrx_word' id='word_1_116' title='bbox 827 1548 921 1600; x_wconf 67' lang='grc' dir='ltr'><strong>καὶ</strong></span> <span class='ocrx_word' id='word_1_117' title='bbox 955 1548 1014 1600; x_wconf 83' lang='grc' dir='ltr'><strong>οὑ</strong></span> <span class='ocrx_word' id='word_1_118' title='bbox 1050 1549 1212 1620; x_wconf 82' lang='grc' dir='ltr'>μόνον</span> <span class='ocrx_word' id='word_1_119' title='bbox 1244 1548 1304 1600; x_wconf 83' lang='grc' dir='ltr'>τὺ</span> <span class='ocrx_word' id='word_1_120' title='bbox 1329 1551 1436 1603; x_wconf 82' lang='grc' dir='ltr'><strong>πᾶν</strong></span> <span class='ocrx_word' id='word_1_121' title='bbox 1465 1551 1710 1619; x_wconf 76' lang='grc' dir='ltr'>ἀφεθεὶς,</span> <span class='ocrx_word' id='word_1_122' title='bbox 1745 1554 1875 1606; x_wconf 77' lang='grc' dir='ltr'><strong>ἀλλά</strong></span> <span class='ocrx_word' id='word_1_123' title='bbox 1906 1556 1998 1607; x_wconf 74' lang='grc' dir='ltr'><strong>καὶ</strong></span> 
     </span>
    </p>
   </div>
   <div class='ocr_carea' id='block_1_19' title="bbox 413 1634 1994 1714">
    <p class='ocr_par' dir='ltr' id='par_1_19' title="bbox 413 1634 1994 1714">
     <span class='ocr_line' id='line_1_19' title="bbox 413 1634 1994 1714; baseline 0.006 -26"><span class='ocrx_word' id='word_1_124' title='bbox 413 1638 531 1697; x_wconf 82' lang='grc' dir='ltr'>τοῖς</span> <span class='ocrx_word' id='word_1_125' title='bbox 580 1634 756 1700; x_wconf 78' lang='grc' dir='ltr'>ἄλλοις</span> <span class='ocrx_word' id='word_1_126' title='bbox 807 1639 1025 1707; x_wconf 75' lang='grc' dir='ltr'><strong>ἀφιέναι</strong></span> <span class='ocrx_word' id='word_1_127' title='bbox 1070 1640 1320 1705; x_wconf 75' lang='grc' dir='ltr'><strong>ἐξουσίαν</strong></span> <span class='ocrx_word' id='word_1_128' title='bbox 1365 1643 1633 1713; x_wconf 67' lang='grc' dir='ltr'>εὲληφὼς,</span> <span class='ocrx_word' id='word_1_129' title='bbox 1682 1645 1876 1714; x_wconf 83' lang='grc' dir='ltr'>φονεὺς</span> <span class='ocrx_word' id='word_1_130' title='bbox 1903 1645 1994 1697; x_wconf 76' lang='grc' dir='ltr'>τοῦ</span> 
     </span>
    </p>
   </div>
   <div class='ocr_carea' id='block_1_20' title="bbox 2095 451 3674 525">
    <p class='ocr_par' dir='ltr' id='par_1_20' title="bbox 2095 451 3674 525">
     <span class='ocr_line' id='line_1_20' title="bbox 2095 451 3674 525; baseline -0.003 -13"><span class='ocrx_word' id='word_1_131' title='bbox 2095 458 2229 512; x_wconf 87' lang='lat' dir='ltr'><strong>dicit</strong></span> <span class='ocrx_word' id='word_1_132' title='bbox 2255 457 2555 525; x_wconf 78' lang='lat' dir='ltr'><strong>Scriptura,</strong></span> <span class='ocrx_word' id='word_1_133' title='bbox 2588 469 2774 506; x_wconf 76' lang='lat' dir='ltr'><strong>merces</strong></span> <span class='ocrx_word' id='word_1_134' title='bbox 2799 461 2972 506; x_wconf 79' lang='lat' dir='ltr'><strong>vestra</strong></span> <span class='ocrx_word' id='word_1_135' title='bbox 3001 451 3168 506; x_wconf 80' lang='lat' dir='ltr'><strong>multa</strong></span> <span class='ocrx_word' id='word_1_136' title='bbox 3197 453 3251 506; x_wconf 88' lang='lat' dir='ltr'><strong>in</strong></span> <span class='ocrx_word' id='word_1_137' title='bbox 3280 453 3404 507; x_wconf 67' lang='lat' dir='ltr'><strong>calo</strong></span> <span class='ocrx_word' id='word_1_138' title='bbox 3423 456 3464 516; x_wconf 85' lang='grc'>⁹,</span> <span class='ocrx_word' id='word_1_139' title='bbox 3485 471 3674 524; x_wconf 85' lang='lat' dir='ltr'><strong>quam-</strong></span> 
     </span>
    </p>
   </div>
   <div class='ocr_carea' id='block_1_21' title="bbox 2096 545 3673 617">
    <p class='ocr_par' dir='ltr' id='par_1_21' title="bbox 2096 545 3673 617">
     <span class='ocr_line' id='line_1_21' title="bbox 2096 545 3673 617; baseline -0.001 -15"><span class='ocrx_word' id='word_1_140' title='bbox 2096 548 2179 602; x_wconf 89' lang='lat' dir='ltr'><strong>vis</strong></span> <span class='ocrx_word' id='word_1_141' title='bbox 2211 548 2429 602; x_wconf 84' lang='lat' dir='ltr'><strong>levibus</strong></span> <span class='ocrx_word' id='word_1_142' title='bbox 2465 545 2833 616; x_wconf 89' lang='lat' dir='ltr'><strong>subjiciantur</strong></span> <span class='ocrx_word' id='word_1_143' title='bbox 2881 545 3128 610; x_wconf 77' lang='lat' dir='ltr'><strong>oifensis,</strong></span> <span class='ocrx_word' id='word_1_144' title='bbox 3165 546 3397 600; x_wconf 89' lang='lat' dir='ltr'><strong>multum</strong></span> <span class='ocrx_word' id='word_1_145' title='bbox 3438 548 3673 617; x_wconf 80' lang='lat' dir='ltr'><strong>diligunt</strong></span> 
     </span>
    </p>
   </div>
   <div class='ocr_carea' id='block_1_22' title="bbox 2096 635 3674 709">
    <p class='ocr_par' dir='ltr' id='par_1_22' title="bbox 2096 635 3674 709">
     <span class='ocr_line' id='line_1_22' title="bbox 2096 635 3674 709; baseline -0.001 -17"><span class='ocrx_word' id='word_1_146' title='bbox 2096 653 2329 708; x_wconf 85' lang='lat' dir='ltr'><strong>nosque,</strong></span> <span class='ocrx_word' id='word_1_147' title='bbox 2368 646 2722 709; x_wconf 72' lang='lat' dir='ltr'><strong>peccatorum</strong></span> <span class='ocrx_word' id='word_1_148' title='bbox 2757 636 2938 701; x_wconf 90' lang='lat' dir='ltr'><strong>turba,</strong></span> <span class='ocrx_word' id='word_1_149' title='bbox 2977 635 3126 690; x_wconf 89' lang='lat' dir='ltr'><strong>mille</strong></span> <span class='ocrx_word' id='word_1_150' title='bbox 3163 644 3442 690; x_wconf 82' lang='lat' dir='ltr'><strong>scatentes</strong></span> <span class='ocrx_word' id='word_1_151' title='bbox 3477 637 3674 691; x_wconf 73' lang='lat' dir='ltr'><strong>vulte-</strong></span> 
     </span>
    </p>
   </div>
   <div class='ocr_carea' id='block_1_23' title="bbox 2098 727 3675 797">
    <p class='ocr_par' dir='ltr' id='par_1_23' title="bbox 2098 727 3675 797">
     <span class='ocr_line' id='line_1_23' title="bbox 2098 727 3675 797; baseline -0.003 -14"><span class='ocrx_word' id='word_1_152' title='bbox 2098 731 2270 788; x_wconf 83' lang='lat' dir='ltr'><strong>ribus.</strong></span> <span class='ocrx_word' id='word_1_153' title='bbox 2294 739 2371 795; x_wconf 85' lang='lat' dir='ltr'><strong>et,</strong></span> <span class='ocrx_word' id='word_1_154' title='bbox 2397 737 2456 782; x_wconf 88' lang='lat' dir='ltr'><strong>ut</strong></span> <span class='ocrx_word' id='word_1_155' title='bbox 2484 728 2702 782; x_wconf 84' lang='lat' dir='ltr'><strong>videtur</strong></span> <span class='ocrx_word' id='word_1_156' title='bbox 2731 728 2941 792; x_wconf 91' lang='lat' dir='ltr'><strong>multis,</strong></span> <span class='ocrx_word' id='word_1_157' title='bbox 2973 727 3321 797; x_wconf 89' lang='lat' dir='ltr'><strong>baptismate,</strong></span> <span class='ocrx_word' id='word_1_158' title='bbox 3351 736 3404 780; x_wconf 88' lang='lat' dir='ltr'><strong>et</strong></span> <span class='ocrx_word' id='word_1_159' title='bbox 3423 728 3558 780; x_wconf 83' lang='lat' dir='ltr'><strong>alias</strong></span> <span class='ocrx_word' id='word_1_160' title='bbox 3581 727 3675 780; x_wconf 83' lang='lat' dir='ltr'><strong>ho-</strong></span> 
     </span>
    </p>
   </div>
   <div class='ocr_carea' id='block_1_24' title="bbox 2100 819 3674 889">
    <p class='ocr_par' dir='ltr' id='par_1_24' title="bbox 2100 819 3674 889">
     <span class='ocr_line' id='line_1_24' title="bbox 2100 819 3674 889; baseline -0.001 -15"><span class='ocrx_word' id='word_1_161' title='bbox 2100 822 2272 876; x_wconf 88' lang='lat' dir='ltr'><strong>uitate</strong></span> <span class='ocrx_word' id='word_1_162' title='bbox 2306 822 2403 875; x_wconf 89' lang='lat' dir='ltr'><strong>Dei</strong></span> <span class='ocrx_word' id='word_1_163' title='bbox 2437 821 2708 884; x_wconf 88' lang='lat' dir='ltr'><strong>mundati,</strong></span> <span class='ocrx_word' id='word_1_164' title='bbox 2743 828 2797 873; x_wconf 92' lang='lat' dir='ltr'><strong>et</strong></span> <span class='ocrx_word' id='word_1_165' title='bbox 2840 820 2892 872; x_wconf 91' lang='lat' dir='ltr'><strong>in</strong></span> <span class='ocrx_word' id='word_1_166' title='bbox 2925 819 3045 874; x_wconf 85' lang='lat' dir='ltr'><strong>dies</strong></span> <span class='ocrx_word' id='word_1_167' title='bbox 3072 828 3383 889; x_wconf 82' lang='lat' dir='ltr'><strong>peccantes,</strong></span> <span class='ocrx_word' id='word_1_168' title='bbox 3410 827 3466 874; x_wconf 84' lang='lat' dir='ltr'><strong>et</strong></span> <span class='ocrx_word' id='word_1_169' title='bbox 3495 821 3674 872; x_wconf 80' lang='lat' dir='ltr'><strong>omni-</strong></span> 
     </span>
    </p>
   </div>
   <div class='ocr_carea' id='block_1_25' title="bbox 2098 911 3674 981">
    <p class='ocr_par' dir='ltr' id='par_1_25' title="bbox 2098 911 3674 981">
     <span class='ocr_line' id='line_1_25' title="bbox 2098 911 3674 981; baseline -0.001 -16"><span class='ocrx_word' id='word_1_170' title='bbox 2098 913 2200 966; x_wconf 89' lang='lat' dir='ltr'><strong>bus</strong></span> <span class='ocrx_word' id='word_1_171' title='bbox 2229 928 2350 981; x_wconf 77' lang='lat' dir='ltr'><strong>quze</strong></span> <span class='ocrx_word' id='word_1_172' title='bbox 2405 925 2471 965; x_wconf 81' lang='lat' dir='ltr'><strong>ex</strong></span> <span class='ocrx_word' id='word_1_173' title='bbox 2523 912 2633 966; x_wconf 92' lang='lat' dir='ltr'><strong>Deo</strong></span> <span class='ocrx_word' id='word_1_174' title='bbox 2689 911 2921 965; x_wconf 88' lang='lat' dir='ltr'><strong>veniunt</strong></span> <span class='ocrx_word' id='word_1_175' title='bbox 2967 911 3127 965; x_wconf 90' lang='lat' dir='ltr'><strong>bouis</strong></span> <span class='ocrx_word' id='word_1_176' title='bbox 3161 911 3332 980; x_wconf 81' lang='lat' dir='ltr'><strong>magis</strong></span> <span class='ocrx_word' id='word_1_177' title='bbox 3371 925 3532 980; x_wconf 88' lang='lat' dir='ltr'><strong>quam</strong></span> <span class='ocrx_word' id='word_1_178' title='bbox 3574 911 3674 980; x_wconf 87' lang='lat' dir='ltr'><strong>ipsi</strong></span> 
     </span>
    </p>
   </div>
   <div class='ocr_carea' id='block_1_26' title="bbox 2098 999 3677 1071">
    <p class='ocr_par' dir='ltr' id='par_1_26' title="bbox 2098 999 3677 1071">
     <span class='ocr_line' id='line_1_26' title="bbox 2098 999 3677 1071; baseline -0.001 -16"><span class='ocrx_word' id='word_1_179' title='bbox 2098 1003 2226 1056; x_wconf 92' lang='lat' dir='ltr'><strong>boni</strong></span> <span class='ocrx_word' id='word_1_180' title='bbox 2277 1002 2542 1068; x_wconf 82' lang='lat' dir='ltr'><strong>fruentes,</strong></span> <span class='ocrx_word' id='word_1_181' title='bbox 2598 1000 2748 1071; x_wconf 87' lang='lat' dir='ltr'><strong>parvi</strong></span> <span class='ocrx_word' id='word_1_182' title='bbox 2807 1016 2910 1055; x_wconf 90' lang='lat' dir='ltr'><strong>nos</strong></span> <span class='ocrx_word' id='word_1_183' title='bbox 2969 1001 3328 1055; x_wconf 83' lang='lat' dir='ltr'><strong>sustinentem</strong></span> <span class='ocrx_word' id='word_1_184' title='bbox 3372 1009 3428 1054; x_wconf 91' lang='lat' dir='ltr'><strong>et</strong></span> <span class='ocrx_word' id='word_1_185' title='bbox 3488 999 3677 1054; x_wconf 90' lang='lat' dir='ltr'><strong>multis</strong></span> 
     </span>
    </p>
   </div>
   <div class='ocr_carea' id='block_1_27' title="bbox 2099 1088 3676 1146">
    <p class='ocr_par' dir='ltr' id='par_1_27' title="bbox 2099 1088 3676 1146">
     <span class='ocr_line' id='line_1_27' title="bbox 2099 1088 3676 1146; baseline -0.001 -2"><span class='ocrx_word' id='word_1_186' title='bbox 2099 1091 2258 1144; x_wconf 90' lang='lat' dir='ltr'><strong>donis</strong></span> <span class='ocrx_word' id='word_1_187' title='bbox 2280 1091 2647 1144; x_wconf 84' lang='lat' dir='ltr'><strong>cumulantem</strong></span> <span class='ocrx_word' id='word_1_188' title='bbox 2682 1091 2777 1145; x_wconf 91' lang='lat' dir='ltr'><strong>Dei</strong></span> <span class='ocrx_word' id='word_1_189' title='bbox 2830 1090 3153 1146; x_wconf 86' lang='lat' dir='ltr'><strong>charitatem</strong></span> <span class='ocrx_word' id='word_1_190' title='bbox 3183 1090 3541 1144; x_wconf 74' lang='lat' dir='ltr'><strong>aestimamus.</strong></span> <span class='ocrx_word' id='word_1_191' title='bbox 3572 1088 3676 1144; x_wconf 83' lang='lat' dir='ltr'><strong>Job</strong></span> 
     </span>
    </p>
   </div>
   <div class='ocr_carea' id='block_1_28' title="bbox 2096 1179 3674 1249">
    <p class='ocr_par' dir='ltr' id='par_1_28' title="bbox 2096 1179 3674 1249">
     <span class='ocr_line' id='line_1_28' title="bbox 2096 1179 3674 1249; baseline -0.002 -14"><span class='ocrx_word' id='word_1_192' title='bbox 2096 1182 2241 1235; x_wconf 90' lang='lat' dir='ltr'><strong>enim</strong></span> <span class='ocrx_word' id='word_1_193' title='bbox 2279 1197 2388 1233; x_wconf 90' lang='lat' dir='ltr'><strong>non</strong></span> <span class='ocrx_word' id='word_1_194' title='bbox 2423 1195 2682 1249; x_wconf 89' lang='lat' dir='ltr'><strong>querens,</strong></span> <span class='ocrx_word' id='word_1_195' title='bbox 2727 1189 2785 1233; x_wconf 89' lang='lat' dir='ltr'><strong>ut</strong></span> <span class='ocrx_word' id='word_1_196' title='bbox 2817 1179 2964 1233; x_wconf 90' lang='lat' dir='ltr'><strong>mille</strong></span> <span class='ocrx_word' id='word_1_197' title='bbox 2998 1179 3143 1234; x_wconf 91' lang='lat' dir='ltr'><strong>circa</strong></span> <span class='ocrx_word' id='word_1_198' title='bbox 3178 1180 3330 1234; x_wconf 92' lang='lat' dir='ltr'><strong>illum</strong></span> <span class='ocrx_word' id='word_1_199' title='bbox 3359 1180 3474 1244; x_wconf 92' lang='lat' dir='ltr'><strong>alii,</strong></span> <span class='ocrx_word' id='word_1_200' title='bbox 3504 1180 3674 1234; x_wconf 82' lang='lat' dir='ltr'><strong>Deum</strong></span> 
     </span>
    </p>
   </div>
   <div class='ocr_carea' id='block_1_29' title="bbox 2098 1268 3674 1339">
    <p class='ocr_par' dir='ltr' id='par_1_29' title="bbox 2098 1268 3674 1339">
     <span class='ocr_line' id='line_1_29' title="bbox 2098 1268 3674 1339; baseline -0.001 -17"><span class='ocrx_word' id='word_1_201' title='bbox 2098 1270 2505 1339; x_wconf 63' lang='lat' dir='ltr'><strong>praediligebat,</strong></span> <span class='ocrx_word' id='word_1_202' title='bbox 2566 1284 2670 1323; x_wconf 90' lang='lat' dir='ltr'><strong>nec</strong></span> <span class='ocrx_word' id='word_1_203' title='bbox 2723 1268 3076 1323; x_wconf 85' lang='lat' dir='ltr'><strong>dilectionem</strong></span> <span class='ocrx_word' id='word_1_204' title='bbox 3134 1269 3199 1322; x_wconf 90' lang='lat' dir='ltr'><strong>ad</strong></span> <span class='ocrx_word' id='word_1_205' title='bbox 3249 1285 3338 1323; x_wconf 87' lang='lat' dir='ltr'><strong>res</strong></span> <span class='ocrx_word' id='word_1_206' title='bbox 3393 1285 3514 1337; x_wconf 60' lang='lat' dir='ltr'><strong>quae</strong></span> <span class='ocrx_word' id='word_1_207' title='bbox 3568 1269 3674 1321; x_wconf 87' lang='lat' dir='ltr'><strong>sibi</strong></span> 
     </span>
    </p>
   </div>
   <div class='ocr_carea' id='block_1_30' title="bbox 2097 1359 3673 1430">
    <p class='ocr_par' dir='ltr' id='par_1_30' title="bbox 2097 1359 3673 1430">
     <span class='ocr_line' id='line_1_30' title="bbox 2097 1359 3673 1430; baseline -0.002 -15"><span class='ocrx_word' id='word_1_208' title='bbox 2097 1360 2490 1430; x_wconf 81' lang='lat' dir='ltr'><strong>contingebant</strong></span> <span class='ocrx_word' id='word_1_209' title='bbox 2515 1361 2871 1415; x_wconf 84' lang='lat' dir='ltr'><strong>metiebatur.</strong></span> <span class='ocrx_word' id='word_1_210' title='bbox 2903 1359 3073 1414; x_wconf 87' lang='lat' dir='ltr'><strong>Judas</strong></span> <span class='ocrx_word' id='word_1_211' title='bbox 3103 1370 3284 1413; x_wconf 86' lang='lat' dir='ltr'><strong>autem</strong></span> <span class='ocrx_word' id='word_1_212' title='bbox 3311 1360 3451 1412; x_wconf 81' lang='lat' dir='ltr'><strong>latro</strong></span> <span class='ocrx_word' id='word_1_213' title='bbox 3477 1359 3673 1421; x_wconf 82' lang='lat' dir='ltr'><strong>factus,</strong></span> 
     </span>
    </p>
   </div>
   <div class='ocr_carea' id='block_1_31' title="bbox 2097 1449 3676 1515">
    <p class='ocr_par' dir='ltr' id='par_1_31' title="bbox 2097 1449 3676 1515">
     <span class='ocr_line' id='line_1_31' title="bbox 2097 1449 3676 1515; baseline -0.003 -9"><span class='ocrx_word' id='word_1_214' title='bbox 2097 1463 2151 1506; x_wconf 91' lang='lat' dir='ltr'><strong>et</strong></span> <span class='ocrx_word' id='word_1_215' title='bbox 2179 1452 2454 1506; x_wconf 82' lang='lat' dir='ltr'><strong>homicida</strong></span> <span class='ocrx_word' id='word_1_216' title='bbox 2481 1452 2586 1506; x_wconf 89' lang='lat' dir='ltr'><strong>hoc</strong></span> <span class='ocrx_word' id='word_1_217' title='bbox 2612 1452 2796 1515; x_wconf 90' lang='lat' dir='ltr'><strong>modo,</strong></span> <span class='ocrx_word' id='word_1_218' title='bbox 2830 1467 2955 1506; x_wconf 91' lang='lat' dir='ltr'><strong>cum</strong></span> <span class='ocrx_word' id='word_1_219' title='bbox 2982 1466 3089 1505; x_wconf 91' lang='lat' dir='ltr'><strong>non</strong></span> <span class='ocrx_word' id='word_1_220' title='bbox 3119 1452 3297 1506; x_wconf 84' lang='lat' dir='ltr'><strong>solum</strong></span> <span class='ocrx_word' id='word_1_221' title='bbox 3322 1451 3398 1504; x_wconf 89' lang='lat' dir='ltr'><strong>illi</strong></span> <span class='ocrx_word' id='word_1_222' title='bbox 3427 1449 3676 1503; x_wconf 88' lang='lat' dir='ltr'><strong>omnium</strong></span> 
     </span>
    </p>
   </div>
   <div class='ocr_carea' id='block_1_32' title="bbox 2098 1543 3675 1613">
    <p class='ocr_par' dir='ltr' id='par_1_32' title="bbox 2098 1543 3675 1613">
     <span class='ocr_line' id='line_1_32' title="bbox 2098 1543 3675 1613; baseline -0.003 -14"><span class='ocrx_word' id='word_1_223' title='bbox 2098 1546 2386 1613; x_wconf 77' lang='lat' dir='ltr'><strong>Culparum</strong></span> <span class='ocrx_word' id='word_1_224' title='bbox 2415 1545 2598 1610; x_wconf 90' lang='lat' dir='ltr'><strong>venia,</strong></span> <span class='ocrx_word' id='word_1_225' title='bbox 2632 1544 2726 1598; x_wconf 89' lang='lat' dir='ltr'><strong>sed</strong></span> <span class='ocrx_word' id='word_1_226' title='bbox 2775 1545 2940 1599; x_wconf 88' lang='lat' dir='ltr'><strong>etiam</strong></span> <span class='ocrx_word' id='word_1_227' title='bbox 2981 1544 3101 1598; x_wconf 87' lang='lat' dir='ltr'><strong>aliis</strong></span> <span class='ocrx_word' id='word_1_228' title='bbox 3122 1545 3340 1598; x_wconf 84' lang='lat' dir='ltr'><strong>veniam</strong></span> <span class='ocrx_word' id='word_1_229' title='bbox 3376 1543 3541 1597; x_wconf 85' lang='lat' dir='ltr'><strong>dandi</strong></span> <span class='ocrx_word' id='word_1_230' title='bbox 3580 1559 3675 1611; x_wconf 85' lang='lat' dir='ltr'><strong>po-</strong></span> 
     </span>
    </p>
   </div>
   <div class='ocr_carea' id='block_1_33' title="bbox 2101 1631 3673 1699">
    <p class='ocr_par' dir='ltr' id='par_1_33' title="bbox 2101 1631 3673 1699">
     <span class='ocr_line' id='line_1_33' title="bbox 2101 1631 3673 1699; baseline -0.001 -13"><span class='ocrx_word' id='word_1_231' title='bbox 2101 1643 2268 1687; x_wconf 88' lang='lat' dir='ltr'><strong>testas</strong></span> <span class='ocrx_word' id='word_1_232' title='bbox 2312 1632 2453 1687; x_wconf 87' lang='lat' dir='ltr'><strong>facta</strong></span> <span class='ocrx_word' id='word_1_233' title='bbox 2502 1641 2669 1699; x_wconf 89' lang='lat' dir='ltr'><strong>esset,</strong></span> <span class='ocrx_word' id='word_1_234' title='bbox 2720 1632 3091 1687; x_wconf 87' lang='lat' dir='ltr'><strong>benefactoris</strong></span> <span class='ocrx_word' id='word_1_235' title='bbox 3139 1633 3224 1688; x_wconf 80' lang='lat' dir='ltr'><strong>sui</strong></span> <span class='ocrx_word' id='word_1_236' title='bbox 3273 1631 3593 1686; x_wconf 83' lang='lat' dir='ltr'><strong>interfector</strong></span> <span class='ocrx_word' id='word_1_237' title='bbox 3621 1641 3673 1686; x_wconf 91' lang='lat' dir='ltr'><strong>et</strong></span> 
     </span>
    </p>
   </div>
   <div class='ocr_carea' id='block_1_34' title="bbox 415 1706 1994 1804">
    <p class='ocr_par' dir='ltr' id='par_1_34' title="bbox 415 1725 1994 1804">
     <span class='ocr_line' id='line_1_34' title="bbox 415 1725 1994 1804; baseline 0.006 -28"><span class='ocrx_word' id='word_1_238' title='bbox 415 1725 709 1795; x_wconf 75' lang='grc' dir='ltr'>εὐεργέτου</span> <span class='ocrx_word' id='word_1_239' title='bbox 745 1728 839 1780; x_wconf 70' lang='grc' dir='ltr'>καὶ</span> <span class='ocrx_word' id='word_1_240' title='bbox 868 1729 1135 1800; x_wconf 79' lang='grc' dir='ltr'><strong>προδότης</strong></span> <span class='ocrx_word' id='word_1_241' title='bbox 1164 1730 1399 1799; x_wconf 82' lang='grc' dir='ltr'>ἐγένετο·</span> <span class='ocrx_word' id='word_1_242' title='bbox 1440 1735 1532 1787; x_wconf 74' lang='grc' dir='ltr'><strong>καὶ</strong></span> <span class='ocrx_word' id='word_1_243' title='bbox 1563 1737 1609 1787; x_wconf 77' lang='grc' dir='ltr'>οἱ</span> <span class='ocrx_word' id='word_1_244' title='bbox 1641 1735 1737 1804; x_wconf 78' lang='grc' dir='ltr'><strong>μὲν</strong></span> <span class='ocrx_word' id='word_1_245' title='bbox 1755 1735 1994 1787; x_wconf 78' lang='grc' dir='ltr'>Ἰουδαῖοι</span> 
     </span>
    </p>
   </div>
   <div class='ocr_carea' id='block_1_35' title="bbox 2097 1706 3673 1804">
    <p class='ocr_par' dir='ltr' id='par_1_35' title="bbox 2102 1723 3673 1794">
     <span class='ocr_line' id='line_1_35' title="bbox 2102 1723 3673 1794; baseline -0.001 -16"><span class='ocrx_word' id='word_1_246' title='bbox 2102 1725 2333 1779; x_wconf 88' lang='lat' dir='ltr'><strong>traditor</strong></span> <span class='ocrx_word' id='word_1_247' title='bbox 2356 1725 2612 1778; x_wconf 88' lang='lat' dir='ltr'><strong>inventus</strong></span> <span class='ocrx_word' id='word_1_248' title='bbox 2635 1734 2738 1779; x_wconf 88' lang='lat' dir='ltr'><strong>est.</strong></span> <span class='ocrx_word' id='word_1_249' title='bbox 2770 1724 2944 1780; x_wconf 65' lang='lat' dir='ltr'><strong>Judaei</strong></span> <span class='ocrx_word' id='word_1_250' title='bbox 2977 1724 3198 1794; x_wconf 86' lang='lat' dir='ltr'><strong>quidem</strong></span> <span class='ocrx_word' id='word_1_251' title='bbox 3230 1723 3462 1778; x_wconf 87' lang='lat' dir='ltr'><strong>multum</strong></span> <span class='ocrx_word' id='word_1_252' title='bbox 3487 1723 3673 1777; x_wconf 84' lang='lat' dir='ltr'><strong>dilecti</strong></span> 
     </span>
    </p>
   </div>
   <div class='ocr_carea' id='block_1_36' title="bbox 413 1815 2000 1896">
    <p class='ocr_par' dir='ltr' id='par_1_36' title="bbox 413 1815 2000 1896">
     <span class='ocr_line' id='line_1_36' title="bbox 413 1815 2000 1896; baseline 0.007 -29"><span class='ocrx_word' id='word_1_253' title='bbox 413 1815 534 1869; x_wconf 66' lang='grc' dir='ltr'>λίαν</span> <span class='ocrx_word' id='word_1_254' title='bbox 581 1819 938 1890; x_wconf 81' lang='grc' dir='ltr'><strong>ἀγαπώμενοι</strong></span> <span class='ocrx_word' id='word_1_255' title='bbox 988 1821 1080 1873; x_wconf 76' lang='grc' dir='ltr'><strong>καὶ</strong></span> <span class='ocrx_word' id='word_1_256' title='bbox 1121 1823 1408 1887; x_wconf 65' lang='grc' dir='ltr'>ἀκυὺοντες</span> <span class='ocrx_word' id='word_1_257' title='bbox 1458 1826 1551 1878; x_wconf 79' lang='grc' dir='ltr'>τοῦ</span> <span class='ocrx_word' id='word_1_258' title='bbox 1598 1826 1696 1889; x_wconf 80' lang='grc' dir='ltr'>τὰς</span> <span class='ocrx_word' id='word_1_259' title='bbox 1731 1827 2000 1896; x_wconf 72' lang='grc' dir='ltr'>ἁμαρτίας</span> 
     </span>
    </p>
   </div>
   <div class='ocr_carea' id='block_1_37' title="bbox 414 1909 1996 1986">
    <p class='ocr_par' dir='ltr' id='par_1_37' title="bbox 414 1909 1996 1986">
     <span class='ocr_line' id='line_1_37' title="bbox 414 1909 1996 1986; baseline 0.007 -26"><span class='ocrx_word' id='word_1_260' title='bbox 414 1909 596 1961; x_wconf 80' lang='grc' dir='ltr'>αὑτῶν</span> <span class='ocrx_word' id='word_1_261' title='bbox 641 1911 858 1980; x_wconf 84' lang='grc' dir='ltr'>ἀφιέναι</span> <span class='ocrx_word' id='word_1_262' title='bbox 903 1913 1298 1983; x_wconf 74' lang='grc' dir='ltr'>βουληθέντος,</span> <span class='ocrx_word' id='word_1_263' title='bbox 1351 1917 1597 1984; x_wconf 86' lang='grc' dir='ltr'>λέγοντος</span> <span class='ocrx_word' id='word_1_264' title='bbox 1631 1934 1643 1946; x_wconf 76' lang='grc'><strong><em>⁸</em></strong></span> <span class='ocrx_word' id='word_1_265' title='bbox 1709 1922 1828 1972; x_wconf 72' lang='grc' dir='ltr'><strong>Οὐκ</strong></span> <span class='ocrx_word' id='word_1_266' title='bbox 1887 1916 1996 1986; x_wconf 73' lang='grc' dir='ltr'><strong>ἦλ-</strong></span> 
     </span>
    </p>
   </div>
   <div class='ocr_carea' id='block_1_38' title="bbox 416 2001 1997 2070">
    <p class='ocr_par' dir='ltr' id='par_1_38' title="bbox 416 2001 1997 2070">
     <span class='ocr_line' id='line_1_38' title="bbox 416 2001 1997 2070; baseline 0.006 -18"><span class='ocrx_word' id='word_1_267' title='bbox 416 2001 529 2054; x_wconf 76' lang='grc' dir='ltr'>θεν</span> <span class='ocrx_word' id='word_1_268' title='bbox 559 2002 612 2053; x_wconf 84' lang='grc' dir='ltr'><strong>εί</strong></span> <span class='ocrx_word' id='word_1_269' title='bbox 649 2001 735 2069; x_wconf 81' lang='grc' dir='ltr'>μὴ</span> <span class='ocrx_word' id='word_1_270' title='bbox 787 2004 874 2068; x_wconf 74' lang='grc' dir='ltr'>εἰς</span> <span class='ocrx_word' id='word_1_271' title='bbox 914 2003 986 2057; x_wconf 79' lang='grc' dir='ltr'>τὰ</span> <span class='ocrx_word' id='word_1_272' title='bbox 1027 2005 1289 2070; x_wconf 74' lang='grc' dir='ltr'>πρόϐατα</span> <span class='ocrx_word' id='word_1_273' title='bbox 1328 2011 1397 2060; x_wconf 84' lang='grc' dir='ltr'>τὰ</span> <span class='ocrx_word' id='word_1_274' title='bbox 1439 2008 1793 2062; x_wconf 71' lang='grc' dir='ltr'><strong>ἀπολωλότα</strong></span> <span class='ocrx_word' id='word_1_275' title='bbox 1829 2011 1997 2062; x_wconf 78' lang='grc' dir='ltr'>οἴκου</span> 
     </span>
    </p>
   </div>
   <div class='ocr_carea' id='block_1_39' title="bbox 426 2092 1996 2168">
    <p class='ocr_par' dir='ltr' id='par_1_39' title="bbox 426 2092 1996 2168">
     <span class='ocr_line' id='line_1_39' title="bbox 426 2092 1996 2168; baseline 0.004 -22"><span class='ocrx_word' id='word_1_276' title='bbox 426 2092 712 2161; x_wconf 75' lang='grc' dir='ltr'>Ἰσραὴλ,</span> <span class='ocrx_word' id='word_1_277' title='bbox 755 2095 976 2149; x_wconf 77' lang='grc' dir='ltr'>ἐδίωκον</span> <span class='ocrx_word' id='word_1_278' title='bbox 1017 2098 1108 2150; x_wconf 73' lang='grc' dir='ltr'><strong>καὶ</strong></span> <span class='ocrx_word' id='word_1_279' title='bbox 1149 2099 1568 2168; x_wconf 75' lang='grc' dir='ltr'>ἀπεστρέφοντο,</span> <span class='ocrx_word' id='word_1_280' title='bbox 1609 2104 1657 2153; x_wconf 83' lang='grc' dir='ltr'>οἱ</span> <span class='ocrx_word' id='word_1_281' title='bbox 1704 2101 1758 2153; x_wconf 77' lang='grc' dir='ltr'><strong>δὲ</strong></span> <span class='ocrx_word' id='word_1_282' title='bbox 1797 2103 1996 2154; x_wconf 75' lang='grc' dir='ltr'>ἐθνικοὶ</span> 
     </span>
    </p>
   </div>
   <div class='ocr_carea' id='block_1_40' title="bbox 415 2184 1999 2261">
    <p class='ocr_par' dir='ltr' id='par_1_40' title="bbox 415 2184 1999 2261">
     <span class='ocr_line' id='line_1_40' title="bbox 415 2184 1999 2261; baseline 0.007 -26"><span class='ocrx_word' id='word_1_283' title='bbox 415 2184 710 2248; x_wconf 76' lang='grc' dir='ltr'>ἀκούοντες</span> <span class='ocrx_word' id='word_1_284' title='bbox 754 2186 814 2239; x_wconf 78' lang='grc' dir='ltr'><strong>τὸ</strong></span> <span class='ocrx_word' id='word_1_285' title='bbox 835 2227 850 2251; x_wconf 96' lang='grc'><strong>,</strong></span> <span class='ocrx_word' id='word_1_286' title='bbox 914 2190 1035 2241; x_wconf 81' lang='grc' dir='ltr'><strong>Οὐκ</strong></span> <span class='ocrx_word' id='word_1_287' title='bbox 1063 2190 1193 2242; x_wconf 80' lang='grc' dir='ltr'>ἔστι</span> <span class='ocrx_word' id='word_1_288' title='bbox 1223 2191 1414 2244; x_wconf 74' lang='grc' dir='ltr'><em>καλὸν</em></span> <span class='ocrx_word' id='word_1_289' title='bbox 1451 2193 1659 2244; x_wconf 77' lang='grc' dir='ltr'><strong>λαϐεῖν</strong></span> <span class='ocrx_word' id='word_1_290' title='bbox 1689 2195 1795 2246; x_wconf 74' lang='grc' dir='ltr'><strong>τὸν</strong></span> <span class='ocrx_word' id='word_1_291' title='bbox 1819 2193 1999 2261; x_wconf 74' lang='grc' dir='ltr'>ἄρτον</span> 
     </span>
    </p>
   </div>
   <div class='ocr_carea' id='block_1_41' title="bbox 413 2274 1992 2355">
    <p class='ocr_par' dir='ltr' id='par_1_41' title="bbox 413 2274 1992 2355">
     <span class='ocr_line' id='line_1_41' title="bbox 413 2274 1992 2355; baseline 0.007 -29"><span class='ocrx_word' id='word_1_292' title='bbox 413 2274 534 2326; x_wconf 76' lang='grc' dir='ltr'><strong>τῶν</strong></span> <span class='ocrx_word' id='word_1_293' title='bbox 563 2275 821 2340; x_wconf 70' lang='grc' dir='ltr'>τέκνων,</span> <span class='ocrx_word' id='word_1_294' title='bbox 860 2279 957 2331; x_wconf 75' lang='grc' dir='ltr'>καὶ</span> <span class='ocrx_word' id='word_1_295' title='bbox 993 2279 1203 2333; x_wconf 74' lang='grc' dir='ltr'>δοῦναι</span> <span class='ocrx_word' id='word_1_296' title='bbox 1234 2283 1561 2349; x_wconf 80' lang='grc' dir='ltr'>κυναρίοις,</span> <span class='ocrx_word' id='word_1_297' title='bbox 1593 2285 1958 2355; x_wconf 77' lang='grc' dir='ltr'>προσέτρεχον</span> <span class='ocrx_word' id='word_1_298' title='bbox 1981 2301 1992 2314; x_wconf 87' lang='grc'><strong>·</strong></span> 
     </span>
    </p>
   </div>
   <div class='ocr_carea' id='block_1_42' title="bbox 419 2366 1997 2447">
    <p class='ocr_par' dir='ltr' id='par_1_42' title="bbox 419 2366 1997 2447">
     <span class='ocr_line' id='line_1_42' title="bbox 419 2366 1997 2447; baseline 0.009 -31"><span class='ocrx_word' id='word_1_299' title='bbox 419 2367 513 2417; x_wconf 64' lang='grc' dir='ltr'>καὶ</span> <span class='ocrx_word' id='word_1_300' title='bbox 560 2366 839 2438; x_wconf 81' lang='grc' dir='ltr'>συντόμως</span> <span class='ocrx_word' id='word_1_301' title='bbox 873 2369 920 2420; x_wconf 77' lang='grc' dir='ltr'>οἱ</span> <span class='ocrx_word' id='word_1_302' title='bbox 947 2370 1146 2424; x_wconf 84' lang='grc' dir='ltr'>δίκαιοι</span> <span class='ocrx_word' id='word_1_303' title='bbox 1178 2372 1274 2442; x_wconf 76' lang='grc' dir='ltr'>τὴν</span> <span class='ocrx_word' id='word_1_304' title='bbox 1302 2373 1491 2444; x_wconf 80' lang='grc' dir='ltr'>στενὴν</span> <span class='ocrx_word' id='word_1_305' title='bbox 1519 2374 1608 2427; x_wconf 70' lang='grc' dir='ltr'><strong>καὶ</strong></span> <span class='ocrx_word' id='word_1_306' title='bbox 1634 2375 1997 2447; x_wconf 83' lang='grc' dir='ltr'>τεθλιμμένην</span> 
     </span>
    </p>
   </div>
   <div class='ocr_carea' id='block_1_43' title="bbox 413 2457 1992 2539">
    <p class='ocr_par' dir='ltr' id='par_1_43' title="bbox 413 2457 1992 2539">
     <span class='ocr_line' id='line_1_43' title="bbox 413 2457 1992 2539; baseline 0.009 -31"><span class='ocrx_word' id='word_1_307' title='bbox 413 2457 726 2524; x_wconf 68' lang='grc' dir='ltr'>οῗεύοντες,</span> <span class='ocrx_word' id='word_1_308' title='bbox 774 2460 866 2513; x_wconf 77' lang='grc' dir='ltr'>καὶ</span> <span class='ocrx_word' id='word_1_309' title='bbox 911 2464 1042 2532; x_wconf 76' lang='grc' dir='ltr'>πυρὶ</span> <span class='ocrx_word' id='word_1_310' title='bbox 1094 2465 1184 2516; x_wconf 64' lang='grc' dir='ltr'><strong>καὶ</strong></span> <span class='ocrx_word' id='word_1_311' title='bbox 1231 2465 1433 2535; x_wconf 76' lang='grc' dir='ltr'>σιδήρῳ</span> <span class='ocrx_word' id='word_1_312' title='bbox 1483 2467 1951 2539; x_wconf 72' lang='grc' dir='ltr'>παραϐαλλόμενοι</span> <span class='ocrx_word' id='word_1_313' title='bbox 1979 2509 1992 2534; x_wconf 92' lang='grc'><strong>,</strong></span> 
     </span>
    </p>
   </div>
   <div class='ocr_carea' id='block_1_44' title="bbox 411 2550 1992 2633">
    <p class='ocr_par' dir='ltr' id='par_1_44' title="bbox 411 2550 1992 2633">
     <span class='ocr_line' id='line_1_44' title="bbox 411 2550 1992 2633; baseline 0.012 -33"><span class='ocrx_word' id='word_1_314' title='bbox 411 2550 562 2618; x_wconf 74' lang='grc' dir='ltr'>ὅμως</span> <span class='ocrx_word' id='word_1_315' title='bbox 595 2551 937 2622; x_wconf 83' lang='grc' dir='ltr'>παρέμειναν</span> <span class='ocrx_word' id='word_1_316' title='bbox 957 2594 972 2619; x_wconf 92' lang='grc'><strong>,</strong></span> <span class='ocrx_word' id='word_1_317' title='bbox 1015 2555 1177 2608; x_wconf 87' lang='grc' dir='ltr'>πλέον</span> <span class='ocrx_word' id='word_1_318' title='bbox 1207 2558 1299 2611; x_wconf 77' lang='grc' dir='ltr'><strong>καὶ</strong></span> <span class='ocrx_word' id='word_1_319' title='bbox 1331 2560 1490 2612; x_wconf 86' lang='grc' dir='ltr'>πλέον</span> <span class='ocrx_word' id='word_1_320' title='bbox 1522 2562 1618 2629; x_wconf 83' lang='grc' dir='ltr'>τῆς</span> <span class='ocrx_word' id='word_1_321' title='bbox 1647 2563 1866 2633; x_wconf 80' lang='grc' dir='ltr'>ἀγάπης</span> <span class='ocrx_word' id='word_1_322' title='bbox 1896 2563 1992 2618; x_wconf 81' lang='grc' dir='ltr'>τοῦ</span> 
     </span>
    </p>
   </div>
   <div class='ocr_carea' id='block_1_45' title="bbox 412 2639 1992 2720">
    <p class='ocr_par' dir='ltr' id='par_1_45' title="bbox 412 2639 1992 2720">
     <span class='ocr_line' id='line_1_45' title="bbox 412 2639 1992 2720; baseline 0.011 -30"><span class='ocrx_word' id='word_1_323' title='bbox 412 2639 548 2692; x_wconf 75' lang='grc' dir='ltr'>Θεοῦ</span> <span class='ocrx_word' id='word_1_324' title='bbox 591 2642 873 2712; x_wconf 64' lang='grc' dir='ltr'>ἐχόμενον</span> <span class='ocrx_word' id='word_1_325' title='bbox 925 2645 974 2696; x_wconf 80' lang='grc' dir='ltr'>οἱ</span> <span class='ocrx_word' id='word_1_326' title='bbox 1019 2645 1075 2698; x_wconf 81' lang='grc' dir='ltr'>δὲ</span> <span class='ocrx_word' id='word_1_327' title='bbox 1112 2647 1448 2720; x_wconf 67' lang='grc' dir='ltr'>ἁμαρτωλοὶ,</span> <span class='ocrx_word' id='word_1_328' title='bbox 1486 2653 1581 2702; x_wconf 76' lang='grc' dir='ltr'>καὶ</span> <span class='ocrx_word' id='word_1_329' title='bbox 1617 2651 1992 2720; x_wconf 83' lang='grc' dir='ltr'>εὑθηνοῦντες,</span> 
     </span>
    </p>
   </div>
   <div class='ocr_carea' id='block_1_46' title="bbox 415 2732 1994 2814">
    <p class='ocr_par' dir='ltr' id='par_1_46' title="bbox 415 2732 1994 2814">
     <span class='ocr_line' id='line_1_46' title="bbox 415 2732 1994 2814; baseline 0.009 -33"><span class='ocrx_word' id='word_1_330' title='bbox 415 2732 508 2783; x_wconf 83' lang='grc' dir='ltr'>καὶ</span> <span class='ocrx_word' id='word_1_331' title='bbox 560 2734 638 2794; x_wconf 79' lang='grc' dir='ltr'>εἰς</span> <span class='ocrx_word' id='word_1_332' title='bbox 687 2733 777 2788; x_wconf 81' lang='grc' dir='ltr'><strong>τὸν</strong></span> <span class='ocrx_word' id='word_1_333' title='bbox 824 2736 998 2789; x_wconf 80' lang='grc' dir='ltr'>αἰῶνα</span> <span class='ocrx_word' id='word_1_334' title='bbox 1069 2739 1208 2791; x_wconf 84' lang='grc' dir='ltr'><strong>κατά</strong></span> <span class='ocrx_word' id='word_1_335' title='bbox 1257 2739 1354 2810; x_wconf 81' lang='grc' dir='ltr'><strong>τὴν</strong></span> <span class='ocrx_word' id='word_1_336' title='bbox 1401 2741 1625 2813; x_wconf 78' lang='grc' dir='ltr'>Γραφὴν</span> <span class='ocrx_word' id='word_1_337' title='bbox 1673 2746 1994 2814; x_wconf 81' lang='grc' dir='ltr'>κατέχοντες</span> 
     </span>
    </p>
   </div>
   <div class='ocr_carea' id='block_1_47' title="bbox 419 2821 1990 2904">
    <p class='ocr_par' dir='ltr' id='par_1_47' title="bbox 419 2821 1990 2904">
     <span class='ocr_line' id='line_1_47' title="bbox 419 2821 1990 2904; baseline 0.012 -33"><span class='ocrx_word' id='word_1_338' title='bbox 419 2821 650 2875; x_wconf 76' lang='grc' dir='ltr'>πλούτου</span> <span class='ocrx_word' id='word_1_339' title='bbox 672 2864 687 2888; x_wconf 90' lang='grc'><strong>,</strong></span> <span class='ocrx_word' id='word_1_340' title='bbox 734 2825 814 2893; x_wconf 83' lang='grc' dir='ltr'>τῷ</span> <span class='ocrx_word' id='word_1_341' title='bbox 858 2827 1239 2897; x_wconf 80' lang='grc' dir='ltr'>εὐεργετοῦντι</span> <span class='ocrx_word' id='word_1_342' title='bbox 1265 2831 1384 2901; x_wconf 82' lang='grc' dir='ltr'>Θεῷ</span> <span class='ocrx_word' id='word_1_343' title='bbox 1412 2833 1510 2885; x_wconf 81' lang='grc' dir='ltr'><strong>οὐκ</strong></span> <span class='ocrx_word' id='word_1_344' title='bbox 1535 2835 1990 2904; x_wconf 78' lang='grc' dir='ltr'>εὐγνωμονοῦσιν.</span> 
     </span>
    </p>
   </div>
   <div class='ocr_carea' id='block_1_48' title="bbox 417 2912 1990 2996">
    <p class='ocr_par' dir='ltr' id='par_1_48' title="bbox 417 2912 1990 2996">
     <span class='ocr_line' id='line_1_48' title="bbox 417 2912 1990 2996; baseline 0.01 -32"><span class='ocrx_word' id='word_1_345' title='bbox 417 2913 478 2964; x_wconf 80' lang='grc' dir='ltr'><strong>Εἰ</strong></span> <span class='ocrx_word' id='word_1_346' title='bbox 503 2912 598 2966; x_wconf 75' lang='grc' dir='ltr'><strong>οὖν</strong></span> <span class='ocrx_word' id='word_1_347' title='bbox 627 2916 702 2985; x_wconf 83' lang='grc' dir='ltr'><strong>μὴ</strong></span> <span class='ocrx_word' id='word_1_348' title='bbox 727 2917 866 2970; x_wconf 86' lang='grc' dir='ltr'><strong>κατά</strong></span> <span class='ocrx_word' id='word_1_349' title='bbox 887 2918 980 2970; x_wconf 75' lang='grc' dir='ltr'>τὸν</span> <span class='ocrx_word' id='word_1_350' title='bbox 1004 2918 1266 2988; x_wconf 83' lang='grc' dir='ltr'>λεχθέντα</span> <span class='ocrx_word' id='word_1_351' title='bbox 1293 2924 1494 2976; x_wconf 85' lang='grc' dir='ltr'>σκοπὸν</span> <span class='ocrx_word' id='word_1_352' title='bbox 1518 2923 1677 2978; x_wconf 76' lang='grc' dir='ltr'>τοῦτο</span> <span class='ocrx_word' id='word_1_353' title='bbox 1707 2929 1990 2996; x_wconf 84' lang='grc' dir='ltr'>νοήσομεν,</span> 
     </span>
    </p>
   </div>
   <div class='ocr_carea' id='block_1_49' title="bbox 2100 1813 3675 1885">
    <p class='ocr_par' dir='ltr' id='par_1_49' title="bbox 2100 1813 3675 1885">
     <span class='ocr_line' id='line_1_49' title="bbox 2100 1813 3675 1885; baseline -0.003 -17"><span class='ocrx_word' id='word_1_354' title='bbox 2100 1824 2154 1868; x_wconf 92' lang='lat' dir='ltr'><strong>et</strong></span> <span class='ocrx_word' id='word_1_355' title='bbox 2186 1813 2474 1868; x_wconf 86' lang='lat' dir='ltr'><strong>audientes</strong></span> <span class='ocrx_word' id='word_1_356' title='bbox 2522 1814 2700 1879; x_wconf 90' lang='lat' dir='ltr'><strong>illum,</strong></span> <span class='ocrx_word' id='word_1_357' title='bbox 2747 1815 2841 1884; x_wconf 90' lang='lat' dir='ltr'><strong>qui</strong></span> <span class='ocrx_word' id='word_1_358' title='bbox 2889 1824 3110 1885; x_wconf 87' lang='lat' dir='ltr'><strong>peccata</strong></span> <span class='ocrx_word' id='word_1_359' title='bbox 3157 1829 3348 1869; x_wconf 91' lang='lat' dir='ltr'><strong>eorum</strong></span> <span class='ocrx_word' id='word_1_360' title='bbox 3397 1814 3675 1868; x_wconf 86' lang='lat' dir='ltr'><strong>dimittere</strong></span> 
     </span>
    </p>
   </div>
   <div class='ocr_carea' id='block_1_50' title="bbox 2101 1905 3675 1974">
    <p class='ocr_par' dir='ltr' id='par_1_50' title="bbox 2101 1905 3675 1974">
     <span class='ocr_line' id='line_1_50' title="bbox 2101 1905 3675 1974; baseline -0.002 -16"><span class='ocrx_word' id='word_1_361' title='bbox 2101 1907 2339 1971; x_wconf 86' lang='lat' dir='ltr'><strong>volebat,</strong></span> <span class='ocrx_word' id='word_1_362' title='bbox 2394 1907 2667 1960; x_wconf 90' lang='lat' dir='ltr'><strong>dicentem</strong></span> <span class='ocrx_word' id='word_1_363' title='bbox 2700 1924 2713 1960; x_wconf 89' lang='lat'><strong>:</strong></span> <span class='ocrx_word' id='word_1_364' title='bbox 2753 1905 2870 1960; x_wconf 88' lang='lat' dir='ltr'><strong>Non</strong></span> <span class='ocrx_word' id='word_1_365' title='bbox 2904 1909 3020 1960; x_wconf 82' lang='lat' dir='ltr'><strong>veni</strong></span> <span class='ocrx_word' id='word_1_366' title='bbox 3053 1906 3153 1960; x_wconf 83' lang='lat' dir='ltr'><strong>nisi</strong></span> <span class='ocrx_word' id='word_1_367' title='bbox 3177 1906 3254 1959; x_wconf 82' lang='lat' dir='ltr'><strong>ad</strong></span> <span class='ocrx_word' id='word_1_368' title='bbox 3286 1921 3402 1958; x_wconf 80' lang='lat' dir='ltr'><strong>oves</strong></span> <span class='ocrx_word' id='word_1_369' title='bbox 3445 1905 3675 1974; x_wconf 77' lang='lat' dir='ltr'><strong>perditas</strong></span> 
     </span>
    </p>
   </div>
   <div class='ocr_carea' id='block_1_51' title="bbox 2099 1995 3678 2068">
    <p class='ocr_par' dir='ltr' id='par_1_51' title="bbox 2099 1995 3678 2068">
     <span class='ocr_line' id='line_1_51' title="bbox 2099 1995 3678 2068; baseline -0.002 -18"><span class='ocrx_word' id='word_1_370' title='bbox 2099 1997 2285 2050; x_wconf 82' lang='lat' dir='ltr'><strong>domus</strong></span> <span class='ocrx_word' id='word_1_371' title='bbox 2320 1997 2569 2062; x_wconf 72' lang='lat' dir='ltr'><strong>Israel”,</strong></span> <span class='ocrx_word' id='word_1_372' title='bbox 2610 1999 2921 2068; x_wconf 82' lang='lat' dir='ltr'><strong>rejecerunt</strong></span> <span class='ocrx_word' id='word_1_373' title='bbox 2949 2005 3006 2052; x_wconf 89' lang='lat' dir='ltr'><strong>et</strong></span> <span class='ocrx_word' id='word_1_374' title='bbox 3030 1997 3154 2052; x_wconf 90' lang='lat' dir='ltr'><strong>odio</strong></span> <span class='ocrx_word' id='word_1_375' title='bbox 3181 1995 3524 2060; x_wconf 79' lang='lat' dir='ltr'><strong>habuerunt;</strong></span> <span class='ocrx_word' id='word_1_376' title='bbox 3558 1995 3678 2048; x_wconf 88' lang='lat' dir='ltr'><strong>eth-</strong></span> 
     </span>
    </p>
   </div>
   <div class='ocr_carea' id='block_1_52' title="bbox 2101 2089 3674 2156">
    <p class='ocr_par' dir='ltr' id='par_1_52' title="bbox 2101 2089 3674 2156">
     <span class='ocr_line' id='line_1_52' title="bbox 2101 2089 3674 2156; baseline -0.003 -14"><span class='ocrx_word' id='word_1_377' title='bbox 2101 2090 2207 2143; x_wconf 91' lang='lat' dir='ltr'><strong>nici</strong></span> <span class='ocrx_word' id='word_1_378' title='bbox 2234 2100 2417 2145; x_wconf 85' lang='lat' dir='ltr'><strong>autem</strong></span> <span class='ocrx_word' id='word_1_379' title='bbox 2450 2090 2738 2145; x_wconf 85' lang='lat' dir='ltr'><strong>audientes</strong></span> <span class='ocrx_word' id='word_1_380' title='bbox 2762 2104 2871 2144; x_wconf 90' lang='lat' dir='ltr'><strong>non</strong></span> <span class='ocrx_word' id='word_1_381' title='bbox 2896 2104 3017 2144; x_wconf 89' lang='lat' dir='ltr'><strong>esse</strong></span> <span class='ocrx_word' id='word_1_382' title='bbox 3046 2089 3237 2142; x_wconf 84' lang='lat' dir='ltr'><strong>bonum</strong></span> <span class='ocrx_word' id='word_1_383' title='bbox 3259 2101 3464 2141; x_wconf 73' lang='lat' dir='ltr'><strong>sumere</strong></span> <span class='ocrx_word' id='word_1_384' title='bbox 3485 2104 3674 2156; x_wconf 81' lang='lat' dir='ltr'><strong>partem</strong></span> 
     </span>
    </p>
   </div>
   <div class='ocr_carea' id='block_1_53' title="bbox 2097 2179 3725 2250">
    <p class='ocr_par' dir='ltr' id='par_1_53' title="bbox 2097 2179 3725 2250">
     <span class='ocr_line' id='line_1_53' title="bbox 2097 2179 3725 2250; baseline 0.001 -18"><span class='ocrx_word' id='word_1_385' title='bbox 2097 2181 2329 2250; x_wconf 74' lang='lat' dir='ltr'><strong>ﬁliorum</strong></span> <span class='ocrx_word' id='word_1_386' title='bbox 2355 2190 2403 2235; x_wconf 85' lang='lat' dir='ltr'><strong>et</strong></span> <span class='ocrx_word' id='word_1_387' title='bbox 2421 2184 2627 2236; x_wconf 81' lang='lat' dir='ltr'><strong>mittere</strong></span> <span class='ocrx_word' id='word_1_388' title='bbox 2660 2181 3363 2246; x_wconf 83' lang='lat' dir='ltr'><strong>canibus“,accurrerunt.</strong></span> <span class='ocrx_word' id='word_1_389' title='bbox 3396 2179 3516 2233; x_wconf 93' lang='lat' dir='ltr'><strong>Uno</strong></span> <span class='ocrx_word' id='word_1_390' title='bbox 3549 2193 3675 2232; x_wconf 84' lang='lat' dir='ltr'><strong>ver-</strong></span> <span class='ocrx_word' id='word_1_391' title='bbox 3719 2227 3725 2234; x_wconf 84' lang='grc'><strong><em>,</em></strong></span> 
     </span>
    </p>
   </div>
   <div class='ocr_carea' id='block_1_54' title="bbox 2100 2270 3677 2343">
    <p class='ocr_par' dir='ltr' id='par_1_54' title="bbox 2100 2270 3677 2343">
     <span class='ocr_line' id='line_1_54' title="bbox 2100 2270 3677 2343; baseline 0 -19"><span class='ocrx_word' id='word_1_392' title='bbox 2100 2273 2192 2337; x_wconf 83' lang='lat' dir='ltr'><strong>ho,</strong></span> <span class='ocrx_word' id='word_1_393' title='bbox 2223 2274 2353 2343; x_wconf 90' lang='lat' dir='ltr'><strong>justi</strong></span> <span class='ocrx_word' id='word_1_394' title='bbox 2397 2284 2683 2343; x_wconf 86' lang='lat' dir='ltr'><strong>angustam</strong></span> <span class='ocrx_word' id='word_1_395' title='bbox 2729 2282 2784 2328; x_wconf 91' lang='lat' dir='ltr'><strong>et</strong></span> <span class='ocrx_word' id='word_1_396' title='bbox 2815 2281 3020 2327; x_wconf 84' lang='lat' dir='ltr'><strong>arctam</strong></span> <span class='ocrx_word' id='word_1_397' title='bbox 3053 2272 3196 2325; x_wconf 90' lang='lat' dir='ltr'><strong>viam</strong></span> <span class='ocrx_word' id='word_1_398' title='bbox 3227 2270 3423 2332; x_wconf 89' lang='lat' dir='ltr'><strong>secuti,</strong></span> <span class='ocrx_word' id='word_1_399' title='bbox 3471 2271 3593 2340; x_wconf 80' lang='lat' dir='ltr'><strong>igne</strong></span> <span class='ocrx_word' id='word_1_400' title='bbox 3621 2278 3677 2324; x_wconf 86' lang='lat' dir='ltr'><strong>ct</strong></span> 
     </span>
    </p>
   </div>
   <div class='ocr_carea' id='block_1_55' title="bbox 2099 2363 3676 2435">
    <p class='ocr_par' dir='ltr' id='par_1_55' title="bbox 2099 2363 3676 2435">
     <span class='ocr_line' id='line_1_55' title="bbox 2099 2363 3676 2435; baseline -0.001 -17"><span class='ocrx_word' id='word_1_401' title='bbox 2099 2365 2245 2419; x_wconf 88' lang='lat' dir='ltr'><strong>ferro</strong></span> <span class='ocrx_word' id='word_1_402' title='bbox 2279 2365 2515 2435; x_wconf 82' lang='lat' dir='ltr'><strong>probati,</strong></span> <span class='ocrx_word' id='word_1_403' title='bbox 2550 2366 2911 2420; x_wconf 89' lang='lat' dir='ltr'><strong>nihilominus</strong></span> <span class='ocrx_word' id='word_1_404' title='bbox 2941 2371 3386 2434; x_wconf 89' lang='lat' dir='ltr'><strong>permanserunt,</strong></span> <span class='ocrx_word' id='word_1_405' title='bbox 3417 2363 3586 2432; x_wconf 89' lang='lat' dir='ltr'><strong>magis</strong></span> <span class='ocrx_word' id='word_1_406' title='bbox 3613 2377 3676 2416; x_wconf 88' lang='lat' dir='ltr'><strong>ac</strong></span> 
     </span>
    </p>
   </div>
   <div class='ocr_carea' id='block_1_56' title="bbox 2098 2457 3677 2528">
    <p class='ocr_par' dir='ltr' id='par_1_56' title="bbox 2098 2457 3677 2528">
     <span class='ocr_line' id='line_1_56' title="bbox 2098 2457 3677 2528; baseline -0.003 -18"><span class='ocrx_word' id='word_1_407' title='bbox 2098 2459 2270 2528; x_wconf 79' lang='lat' dir='ltr'><strong>magis</strong></span> <span class='ocrx_word' id='word_1_408' title='bbox 2319 2459 2372 2512; x_wconf 92' lang='lat' dir='ltr'><strong>in</strong></span> <span class='ocrx_word' id='word_1_409' title='bbox 2409 2459 2577 2512; x_wconf 90' lang='lat' dir='ltr'><strong>Deum</strong></span> <span class='ocrx_word' id='word_1_410' title='bbox 2627 2457 2922 2513; x_wconf 90' lang='lat' dir='ltr'><strong>dilectione</strong></span> <span class='ocrx_word' id='word_1_411' title='bbox 2977 2465 3324 2512; x_wconf 88' lang='lat' dir='ltr'><strong>crescentes:</strong></span> <span class='ocrx_word' id='word_1_412' title='bbox 3358 2462 3677 2525; x_wconf 85' lang='lat' dir='ltr'><strong>peccatores</strong></span> 
     </span>
    </p>
   </div>
   <div class='ocr_carea' id='block_1_57' title="bbox 2097 2563 3673 2636">
    <p class='ocr_par' dir='ltr' id='par_1_57' title="bbox 2097 2563 3673 2636">
     <span class='ocr_line' id='line_1_57' title="bbox 2097 2563 3673 2636; baseline -0.001 -18"><span class='ocrx_word' id='word_1_413' title='bbox 2097 2573 2302 2632; x_wconf 90' lang='lat' dir='ltr'><strong>autem,</strong></span> <span class='ocrx_word' id='word_1_414' title='bbox 2333 2566 2388 2618; x_wconf 91' lang='lat' dir='ltr'><strong>in</strong></span> <span class='ocrx_word' id='word_1_415' title='bbox 2423 2565 2594 2620; x_wconf 89' lang='lat' dir='ltr'><strong>rebus</strong></span> <span class='ocrx_word' id='word_1_416' title='bbox 2622 2567 2904 2636; x_wconf 89' lang='lat' dir='ltr'><strong>prosperis</strong></span> <span class='ocrx_word' id='word_1_417' title='bbox 2929 2567 3238 2630; x_wconf 85' lang='lat' dir='ltr'><strong>constituti,</strong></span> <span class='ocrx_word' id='word_1_418' title='bbox 3266 2572 3321 2620; x_wconf 90' lang='lat' dir='ltr'><strong>et</strong></span> <span class='ocrx_word' id='word_1_419' title='bbox 3344 2563 3410 2618; x_wconf 90' lang='lat' dir='ltr'><strong>ad</strong></span> <span class='ocrx_word' id='word_1_420' title='bbox 3440 2573 3673 2633; x_wconf 87' lang='lat' dir='ltr'><strong>tempus,</strong></span> 
     </span>
    </p>
   </div>
   <div class='ocr_carea' id='block_1_58' title="bbox 2097 2647 3674 2729">
    <p class='ocr_par' dir='ltr' id='par_1_58' title="bbox 2097 2647 3674 2729">
     <span class='ocr_line' id='line_1_58' title="bbox 2097 2647 3674 2729; baseline -0.001 -19"><span class='ocrx_word' id='word_1_421' title='bbox 2097 2666 2157 2710; x_wconf 93' lang='lat' dir='ltr'><strong>ut</strong></span> <span class='ocrx_word' id='word_1_422' title='bbox 2182 2656 2317 2710; x_wconf 89' lang='lat' dir='ltr'><strong>dicit</strong></span> <span class='ocrx_word' id='word_1_423' title='bbox 2339 2656 2641 2726; x_wconf 89' lang='lat' dir='ltr'><strong>Scriptura,</strong></span> <span class='ocrx_word' id='word_1_424' title='bbox 2668 2658 2888 2713; x_wconf 88' lang='lat' dir='ltr'><strong>divitias</strong></span> <span class='ocrx_word' id='word_1_425' title='bbox 2911 2647 3279 2729; x_wconf 78' lang='lat' dir='ltr'><strong>possidentes,</strong></span> <span class='ocrx_word' id='word_1_426' title='bbox 3309 2655 3674 2710; x_wconf 85' lang='lat' dir='ltr'><strong>benefacienti</strong></span> 
     </span>
    </p>
   </div>
   <div class='ocr_carea' id='block_1_59' title="bbox 2096 2748 3674 2823">
    <p class='ocr_par' dir='ltr' id='par_1_59' title="bbox 2096 2748 3674 2823">
     <span class='ocr_line' id='line_1_59' title="bbox 2096 2748 3674 2823; baseline 0.001 -22"><span class='ocrx_word' id='word_1_427' title='bbox 2096 2748 2208 2802; x_wconf 90' lang='lat' dir='ltr'><strong>Deo</strong></span> <span class='ocrx_word' id='word_1_428' title='bbox 2256 2763 2366 2802; x_wconf 90' lang='lat' dir='ltr'><strong>non</strong></span> <span class='ocrx_word' id='word_1_429' title='bbox 2411 2758 2594 2817; x_wconf 84' lang='lat' dir='ltr'><strong>gratos</strong></span> <span class='ocrx_word' id='word_1_430' title='bbox 2629 2765 2686 2804; x_wconf 85' lang='lat' dir='ltr'><strong>se</strong></span> <span class='ocrx_word' id='word_1_431' title='bbox 2730 2750 2998 2820; x_wconf 68' lang='lat' dir='ltr'><strong>praebent.</strong></span> <span class='ocrx_word' id='word_1_432' title='bbox 3050 2751 3102 2805; x_wconf 88' lang='lat' dir='ltr'><strong>Si</strong></span> <span class='ocrx_word' id='word_1_433' title='bbox 3156 2753 3322 2823; x_wconf 82' lang='lat' dir='ltr'><strong>igitur</strong></span> <span class='ocrx_word' id='word_1_434' title='bbox 3371 2748 3674 2803; x_wconf 86' lang='lat' dir='ltr'><strong>secundum</strong></span> 
     </span>
    </p>
   </div>
   <div class='ocr_carea' id='block_1_60' title="bbox 2096 2851 3676 2924">
    <p class='ocr_par' dir='ltr' id='par_1_60' title="bbox 2096 2851 3676 2924">
     <span class='ocr_line' id='line_1_60' title="bbox 2096 2851 3676 2924; baseline 0.001 -19"><span class='ocrx_word' id='word_1_435' title='bbox 2096 2851 2303 2906; x_wconf 90' lang='lat' dir='ltr'><strong>dictum</strong></span> <span class='ocrx_word' id='word_1_436' title='bbox 2341 2852 2687 2922; x_wconf 89' lang='lat' dir='ltr'><strong>propositum</strong></span> <span class='ocrx_word' id='word_1_437' title='bbox 2715 2853 2846 2907; x_wconf 90' lang='lat' dir='ltr'><strong>illud</strong></span> <span class='ocrx_word' id='word_1_438' title='bbox 2891 2861 3346 2924; x_wconf 83' lang='lat' dir='ltr'><strong>reputaverimus,</strong></span> <span class='ocrx_word' id='word_1_439' title='bbox 3380 2855 3510 2924; x_wconf 86' lang='lat' dir='ltr'><strong>quid</strong></span> <span class='ocrx_word' id='word_1_440' title='bbox 3547 2867 3676 2924; x_wconf 79' lang='lat' dir='ltr'><strong>age-</strong></span> 
     </span>
    </p>
   </div>
   <div class='ocr_carea' id='block_1_61' title="bbox 2098 2942 3674 3016">
    <p class='ocr_par' dir='ltr' id='par_1_61' title="bbox 2098 2942 3674 3016">
     <span class='ocr_line' id='line_1_61' title="bbox 2098 2942 3674 3016; baseline 0.001 -23"><span class='ocrx_word' id='word_1_441' title='bbox 2098 2955 2219 2995; x_wconf 91' lang='lat' dir='ltr'><strong>mus</strong></span> <span class='ocrx_word' id='word_1_442' title='bbox 2251 2942 2304 2994; x_wconf 91' lang='lat' dir='ltr'><strong>in</strong></span> <span class='ocrx_word' id='word_1_443' title='bbox 2333 2943 2591 3010; x_wconf 86' lang='lat' dir='ltr'><strong>parabola</strong></span> <span class='ocrx_word' id='word_1_444' title='bbox 2618 2944 2896 2998; x_wconf 89' lang='lat' dir='ltr'><strong>contraria</strong></span> <span class='ocrx_word' id='word_1_445' title='bbox 2939 2945 3203 2999; x_wconf 88' lang='lat' dir='ltr'><strong>dicente?</strong></span> <span class='ocrx_word' id='word_1_446' title='bbox 3229 2947 3285 3000; x_wconf 91' lang='lat' dir='ltr'><strong>ln</strong></span> <span class='ocrx_word' id='word_1_447' title='bbox 3325 2961 3431 3016; x_wconf 89' lang='lat' dir='ltr'><strong>qua</strong></span> <span class='ocrx_word' id='word_1_448' title='bbox 3463 2945 3551 2998; x_wconf 89' lang='lat' dir='ltr'><strong>ille</strong></span> <span class='ocrx_word' id='word_1_449' title='bbox 3587 2945 3674 2997; x_wconf 90' lang='lat' dir='ltr'><strong>cui</strong></span> 
     </span>
    </p>
   </div>
   <div class='ocr_carea' id='block_1_62' title="bbox 414 3003 1994 3106">
    <p class='ocr_par' dir='ltr' id='par_1_62' title="bbox 414 3003 1988 3092">
     <span class='ocr_line' id='line_1_62' title="bbox 414 3003 1988 3092; baseline 0.006 -34"><span class='ocrx_word' id='word_1_450' title='bbox 414 3003 470 3058; x_wconf 81' lang='grc' dir='ltr'><strong>τί</strong></span> <span class='ocrx_word' id='word_1_451' title='bbox 502 3008 798 3076; x_wconf 81' lang='grc' dir='ltr'>ποιήσομεν</span> <span class='ocrx_word' id='word_1_452' title='bbox 831 3012 894 3078; x_wconf 80' lang='grc' dir='ltr'>τῇ</span> <span class='ocrx_word' id='word_1_453' title='bbox 928 3010 1188 3082; x_wconf 70' lang='grc' dir='ltr'>τάναντία</span> <span class='ocrx_word' id='word_1_454' title='bbox 1229 3012 1462 3084; x_wconf 81' lang='grc' dir='ltr'>λεγούσῃ</span> <span class='ocrx_word' id='word_1_455' title='bbox 1509 3017 1822 3088; x_wconf 79' lang='grc' dir='ltr'>παραϐολῇ,</span> <span class='ocrx_word' id='word_1_456' title='bbox 1868 3021 1925 3071; x_wconf 83' lang='grc' dir='ltr'>ὲν</span> 
     </span>
    </p>
   </div>
   <div class='ocr_carea' id='block_1_63' title="bbox 2097 3003 3677 3106">
    <p class='ocr_par' dir='ltr' id='par_1_63' title="bbox 2097 3029 3677 3106">
     <span class='ocr_line' id='line_1_63' title="bbox 2097 3029 3677 3106; baseline 0.003 -22"><span class='ocrx_word' id='word_1_457' title='bbox 2097 3029 2276 3085; x_wconf 87' lang='lat' dir='ltr'><strong>decies</strong></span> <span class='ocrx_word' id='word_1_458' title='bbox 2305 3031 2474 3086; x_wconf 85' lang='lat' dir='ltr'><strong>millia</strong></span> <span class='ocrx_word' id='word_1_459' title='bbox 2504 3033 2703 3086; x_wconf 86' lang='lat' dir='ltr'><strong>talenta</strong></span> <span class='ocrx_word' id='word_1_460' title='bbox 2733 3033 2959 3088; x_wconf 88' lang='lat' dir='ltr'><strong>remissa</strong></span> <span class='ocrx_word' id='word_1_461' title='bbox 2983 3045 3129 3101; x_wconf 91' lang='lat' dir='ltr'><strong>sunt,</strong></span> <span class='ocrx_word' id='word_1_462' title='bbox 3165 3037 3316 3106; x_wconf 80' lang='lat' dir='ltr'><strong>parvi</strong></span> <span class='ocrx_word' id='word_1_463' title='bbox 3348 3035 3677 3090; x_wconf 86' lang='lat' dir='ltr'><strong>remittentis</strong></span> 
     </span>
    </p>
   </div>
   <div class='ocr_carea' id='block_1_64' title="bbox 417 3095 1998 3180">
    <p class='ocr_par' dir='ltr' id='par_1_64' title="bbox 417 3095 1998 3180">
     <span class='ocr_line' id='line_1_64' title="bbox 417 3095 1998 3180; baseline 0.011 -34"><span class='ocrx_word' id='word_1_464' title='bbox 417 3097 445 3146; x_wconf 80' lang='grc' dir='ltr'><strong>ό</strong></span> <span class='ocrx_word' id='word_1_465' title='bbox 496 3095 564 3150; x_wconf 77' lang='grc' dir='ltr'>τὰ</span> <span class='ocrx_word' id='word_1_466' title='bbox 611 3098 782 3169; x_wconf 79' lang='grc' dir='ltr'>μυρία</span> <span class='ocrx_word' id='word_1_467' title='bbox 828 3100 1069 3155; x_wconf 82' lang='grc' dir='ltr'>τάλαντα</span> <span class='ocrx_word' id='word_1_468' title='bbox 1115 3105 1525 3175; x_wconf 80' lang='grc' dir='ltr'>συγχωρηθεὶς,</span> <span class='ocrx_word' id='word_1_469' title='bbox 1581 3109 1753 3179; x_wconf 86' lang='grc' dir='ltr'>μικρά</span> <span class='ocrx_word' id='word_1_470' title='bbox 1780 3111 1879 3180; x_wconf 83' lang='grc' dir='ltr'>τῆς</span> <span class='ocrx_word' id='word_1_471' title='bbox 1905 3110 1998 3163; x_wconf 77' lang='grc' dir='ltr'>τοῦ</span> 
     </span>
    </p>
   </div>
   <div class='ocr_carea' id='block_1_65' title="bbox 419 3191 2001 3266">
    <p class='ocr_par' dir='ltr' id='par_1_65' title="bbox 419 3191 2001 3266">
     <span class='ocr_line' id='line_1_65' title="bbox 419 3191 2001 3266; baseline -0.003 -9"><span class='ocrx_word' id='word_1_472' title='bbox 419 3191 866 3260; x_wconf 72' lang='grc' dir='ltr'><strong>συγχωρήσαντος</strong></span> <span class='ocrx_word' id='word_1_473' title='bbox 891 3194 1111 3261; x_wconf 81' lang='grc' dir='ltr'>ἀγάπης</span> <span class='ocrx_word' id='word_1_474' title='bbox 1136 3196 1449 3266; x_wconf 73' lang='grc' dir='ltr'>φροντίσας,</span> <span class='ocrx_word' id='word_1_475' title='bbox 1493 3199 1632 3251; x_wconf 85' lang='grc' dir='ltr'><strong>κατά</strong></span> <span class='ocrx_word' id='word_1_476' title='bbox 1661 3199 1754 3251; x_wconf 81' lang='grc' dir='ltr'>τοῦ</span> <span class='ocrx_word' id='word_1_477' title='bbox 1782 3201 2001 3254; x_wconf 72' lang='grc' dir='ltr'>συνδού-</span> 
     </span>
    </p>
   </div>
   <div class='ocr_carea' id='block_1_66' title="bbox 417 3279 1996 3364">
    <p class='ocr_par' dir='ltr' id='par_1_66' title="bbox 417 3279 1996 3364">
     <span class='ocr_line' id='line_1_66' title="bbox 417 3279 1996 3364; baseline 0.009 -33"><span class='ocrx_word' id='word_1_478' title='bbox 417 3279 510 3332; x_wconf 87' lang='grc' dir='ltr'><strong>λου</strong></span> <span class='ocrx_word' id='word_1_479' title='bbox 543 3282 716 3350; x_wconf 75' lang='grc' dir='ltr'>ὲμάνη</span> <span class='ocrx_word' id='word_1_480' title='bbox 742 3297 756 3312; x_wconf 85' lang='lat'><strong><em>°</em></strong></span> <span class='ocrx_word' id='word_1_481' title='bbox 805 3284 874 3336; x_wconf 80' lang='grc' dir='ltr'><strong>δι’</strong></span> <span class='ocrx_word' id='word_1_482' title='bbox 904 3279 964 3338; x_wconf 78' lang='grc' dir='ltr'>οὗ</span> <span class='ocrx_word' id='word_1_483' title='bbox 997 3285 1166 3355; x_wconf 83' lang='grc' dir='ltr'>μέσου</span> <span class='ocrx_word' id='word_1_484' title='bbox 1200 3287 1292 3339; x_wconf 56' lang='grc' dir='ltr'><strong>καλ⁸</strong></span> <span class='ocrx_word' id='word_1_485' title='bbox 1324 3287 1414 3340; x_wconf 76' lang='grc' dir='ltr'>τὸν</span> <span class='ocrx_word' id='word_1_486' title='bbox 1443 3291 1722 3360; x_wconf 74' lang='grc' dir='ltr'>Δεσπότην</span> <span class='ocrx_word' id='word_1_487' title='bbox 1752 3292 1996 3364; x_wconf 77' lang='grc' dir='ltr'>ὕϐρισεν,</span> 
     </span>
    </p>
   </div>
   <div class='ocr_carea' id='block_1_67' title="bbox 418 3371 1999 3450">
    <p class='ocr_par' dir='ltr' id='par_1_67' title="bbox 418 3371 1999 3450">
     <span class='ocr_line' id='line_1_67' title="bbox 418 3371 1999 3450; baseline 0.008 -27"><span class='ocrx_word' id='word_1_488' title='bbox 418 3371 471 3424; x_wconf 79' lang='grc' dir='ltr'><strong>εί</strong></span> <span class='ocrx_word' id='word_1_489' title='bbox 496 3387 560 3439; x_wconf 86' lang='grc' dir='ltr'><strong>γε</strong></span> <span class='ocrx_word' id='word_1_490' title='bbox 591 3373 686 3442; x_wconf 86' lang='grc' dir='ltr'>τῆς</span> <span class='ocrx_word' id='word_1_491' title='bbox 721 3375 887 3428; x_wconf 84' lang='grc' dir='ltr'>αὑτοῦ</span> <span class='ocrx_word' id='word_1_492' title='bbox 923 3377 1337 3448; x_wconf 83' lang='grc' dir='ltr'>φιλανθρωπίας</span> <span class='ocrx_word' id='word_1_493' title='bbox 1369 3379 1429 3431; x_wconf 76' lang='grc' dir='ltr'>τὸ</span> <span class='ocrx_word' id='word_1_494' title='bbox 1462 3379 1530 3433; x_wconf 75' lang='grc' dir='ltr'><strong>τὰ</strong></span> <span class='ocrx_word' id='word_1_495' title='bbox 1556 3381 1664 3434; x_wconf 85' lang='grc' dir='ltr'>τῶν</span> <span class='ocrx_word' id='word_1_496' title='bbox 1687 3383 1999 3450; x_wconf 68' lang='grc' dir='ltr'>δούλωνεΞς</span> 
     </span>
    </p>
   </div>
   <div class='ocr_carea' id='block_1_68' title="bbox 418 3461 2002 3541">
    <p class='ocr_par' dir='ltr' id='par_1_68' title="bbox 418 3461 2002 3541">
     <span class='ocr_line' id='line_1_68' title="bbox 418 3461 2002 3541; baseline 0.011 -29"><span class='ocrx_word' id='word_1_497' title='bbox 418 3462 608 3514; x_wconf 71' lang='grc' dir='ltr'>ἑαυτὸν</span> <span class='ocrx_word' id='word_1_498' title='bbox 665 3465 1058 3534; x_wconf 85' lang='grc' dir='ltr'>ἀναδέχεσθαι,</span> <span class='ocrx_word' id='word_1_499' title='bbox 1119 3468 1267 3535; x_wconf 84' lang='grc' dir='ltr'>παρ’</span> <span class='ocrx_word' id='word_1_500' title='bbox 1305 3461 1367 3521; x_wconf 75' lang='grc' dir='ltr'>οὗ</span> <span class='ocrx_word' id='word_1_501' title='bbox 1419 3471 1514 3521; x_wconf 72' lang='grc' dir='ltr'><strong>καὶ</strong></span> <span class='ocrx_word' id='word_1_502' title='bbox 1555 3473 1644 3537; x_wconf 80' lang='grc' dir='ltr'><strong>τὸ,</strong></span> <span class='ocrx_word' id='word_1_503' title='bbox 1698 3475 1822 3541; x_wconf 69' lang='grc' dir='ltr'><strong>Ἐφ’</strong></span> <span class='ocrx_word' id='word_1_504' title='bbox 1848 3475 2002 3528; x_wconf 81' lang='grc' dir='ltr'><strong>ὅσον</strong></span> 
     </span>
    </p>
   </div>
   <div class='ocr_carea' id='block_1_69' title="bbox 416 3549 1999 3634">
    <p class='ocr_par' dir='ltr' id='par_1_69' title="bbox 416 3549 1999 3634">
     <span class='ocr_line' id='line_1_69' title="bbox 416 3549 1999 3634; baseline 0.009 -30"><span class='ocrx_word' id='word_1_505' title='bbox 416 3549 739 3616; x_wconf 78' lang='grc' dir='ltr'>ἐποιήσατε</span> <span class='ocrx_word' id='word_1_506' title='bbox 762 3552 851 3604; x_wconf 76' lang='grc' dir='ltr'><strong>ἐνὶ</strong></span> <span class='ocrx_word' id='word_1_507' title='bbox 874 3555 1100 3608; x_wconf 78' lang='grc' dir='ltr'>τούτων</span> <span class='ocrx_word' id='word_1_508' title='bbox 1125 3555 1241 3609; x_wconf 78' lang='grc' dir='ltr'><strong>τῶν</strong></span> <span class='ocrx_word' id='word_1_509' title='bbox 1261 3558 1623 3626; x_wconf 64' lang='grc' dir='ltr'>ἐλαχίστων,</span> <span class='ocrx_word' id='word_1_510' title='bbox 1657 3563 1786 3630; x_wconf 78' lang='grc' dir='ltr'>ἐμοὶ</span> <span class='ocrx_word' id='word_1_511' title='bbox 1806 3563 1999 3634; x_wconf 80' lang='grc' dir='ltr'>ἐποιή-</span> 
     </span>
    </p>
   </div>
   <div class='ocr_carea' id='block_1_70' title="bbox 417 3641 1998 3722">
    <p class='ocr_par' dir='ltr' id='par_1_70' title="bbox 417 3641 1998 3722">
     <span class='ocr_line' id='line_1_70' title="bbox 417 3641 1998 3722; baseline 0.01 -30"><span class='ocrx_word' id='word_1_512' title='bbox 417 3655 586 3693; x_wconf 82' lang='grc' dir='ltr'>σατε.</span> <span class='ocrx_word' id='word_1_513' title='bbox 624 3641 695 3694; x_wconf 78' lang='grc' dir='ltr'><strong>Τὸ</strong></span> <span class='ocrx_word' id='word_1_514' title='bbox 724 3642 854 3695; x_wconf 78' lang='grc' dir='ltr'>αὐτὸ</span> <span class='ocrx_word' id='word_1_515' title='bbox 881 3646 1098 3714; x_wconf 89' lang='grc' dir='ltr'>νοητέον</span> <span class='ocrx_word' id='word_1_516' title='bbox 1145 3647 1236 3699; x_wconf 77' lang='grc' dir='ltr'><strong>καὶ</strong></span> <span class='ocrx_word' id='word_1_517' title='bbox 1275 3651 1402 3718; x_wconf 80' lang='grc' dir='ltr'>περὶ</span> <span class='ocrx_word' id='word_1_518' title='bbox 1437 3649 1534 3718; x_wconf 80' lang='grc' dir='ltr'>τῆς</span> <span class='ocrx_word' id='word_1_519' title='bbox 1559 3653 1875 3722; x_wconf 80' lang='grc' dir='ltr'>παραϐολῆς</span> <span class='ocrx_word' id='word_1_520' title='bbox 1905 3657 1998 3709; x_wconf 81' lang='grc' dir='ltr'>τοῦ</span> 
     </span>
    </p>
   </div>
   <div class='ocr_carea' id='block_1_71' title="bbox 417 3727 1997 3813">
    <p class='ocr_par' dir='ltr' id='par_1_71' title="bbox 417 3727 1997 3813">
     <span class='ocr_line' id='line_1_71' title="bbox 417 3727 1997 3813; baseline 0.01 -33"><span class='ocrx_word' id='word_1_521' title='bbox 417 3727 630 3784; x_wconf 82' lang='grc' dir='ltr'>ἀσώτου</span> <span class='ocrx_word' id='word_1_522' title='bbox 665 3732 758 3784; x_wconf 75' lang='grc' dir='ltr'>καὶ</span> <span class='ocrx_word' id='word_1_523' title='bbox 787 3732 880 3785; x_wconf 82' lang='grc' dir='ltr'>τοῦ</span> <span class='ocrx_word' id='word_1_524' title='bbox 910 3734 1188 3803; x_wconf 78' lang='grc' dir='ltr'>σώφρονος</span> <span class='ocrx_word' id='word_1_525' title='bbox 1217 3736 1323 3789; x_wconf 87' lang='grc' dir='ltr'>τῶν</span> <span class='ocrx_word' id='word_1_526' title='bbox 1353 3738 1446 3792; x_wconf 82' lang='grc' dir='ltr'>δύο</span> <span class='ocrx_word' id='word_1_527' title='bbox 1471 3739 1716 3810; x_wconf 80' lang='grc' dir='ltr'>ἀδελφῶν</span> <span class='ocrx_word' id='word_1_528' title='bbox 1741 3760 1754 3774; x_wconf 71' lang='grc' dir='ltr'><strong>ν</strong></span> <span class='ocrx_word' id='word_1_529' title='bbox 1792 3746 1890 3813; x_wconf 81' lang='grc' dir='ltr'><strong>οὑχ</strong></span> <span class='ocrx_word' id='word_1_530' title='bbox 1923 3746 1997 3809; x_wconf 82' lang='grc' dir='ltr'>ὡς</span> 
     </span>
    </p>
   </div>
   <div class='ocr_carea' id='block_1_72' title="bbox 417 3821 1998 3904">
    <p class='ocr_par' dir='ltr' id='par_1_72' title="bbox 417 3821 1998 3904">
     <span class='ocr_line' id='line_1_72' title="bbox 417 3821 1998 3904; baseline 0.011 -31"><span class='ocrx_word' id='word_1_531' title='bbox 417 3821 604 3876; x_wconf 84' lang='grc' dir='ltr'>τούτου</span> <span class='ocrx_word' id='word_1_532' title='bbox 638 3823 853 3886; x_wconf 81' lang='grc' dir='ltr'>πάντως</span> <span class='ocrx_word' id='word_1_533' title='bbox 883 3825 1027 3881; x_wconf 77' lang='grc' dir='ltr'>οὕτω</span> <span class='ocrx_word' id='word_1_534' title='bbox 1052 3829 1410 3898; x_wconf 82' lang='grc' dir='ltr'>προελθόντος</span> <span class='ocrx_word' id='word_1_535' title='bbox 1436 3869 1450 3895; x_wconf 91' lang='grc'><strong>,</strong></span> <span class='ocrx_word' id='word_1_536' title='bbox 1503 3833 1619 3884; x_wconf 72' lang='grc' dir='ltr'>ἀλλ’</span> <span class='ocrx_word' id='word_1_537' title='bbox 1654 3835 1728 3896; x_wconf 84' lang='grc' dir='ltr'><strong>ώς</strong></span> <span class='ocrx_word' id='word_1_538' title='bbox 1761 3835 1862 3904; x_wconf 75' lang='grc' dir='ltr'>τῆς</span> <span class='ocrx_word' id='word_1_539' title='bbox 1890 3838 1998 3890; x_wconf 81' lang='grc' dir='ltr'>τῶν</span> 
     </span>
    </p>
   </div>
   <div class='ocr_carea' id='block_1_73' title="bbox 419 3913 1996 3983">
    <p class='ocr_par' dir='ltr' id='par_1_73' title="bbox 419 3913 1996 3983">
     <span class='ocr_line' id='line_1_73' title="bbox 419 3913 1996 3983; baseline 0.013 -21"><span class='ocrx_word' id='word_1_540' title='bbox 419 3913 764 3981; x_wconf 79' lang='grc' dir='ltr'>πραγμάτων</span> <span class='ocrx_word' id='word_1_541' title='bbox 826 3915 1150 3981; x_wconf 83' lang='grc' dir='ltr'>ἀκολουθίας</span> <span class='ocrx_word' id='word_1_542' title='bbox 1197 3919 1341 3974; x_wconf 82' lang='grc' dir='ltr'>οὕτω</span> <span class='ocrx_word' id='word_1_543' title='bbox 1383 3922 1555 3976; x_wconf 79' lang='grc' dir='ltr'>ταῦτα</span> <span class='ocrx_word' id='word_1_544' title='bbox 1589 3925 1713 3978; x_wconf 91' lang='grc' dir='ltr'>καθ’</span> <span class='ocrx_word' id='word_1_545' title='bbox 1743 3928 1996 3983; x_wconf 84' lang='grc' dir='ltr'>ὑπόθεσιν</span> 
     </span>
    </p>
   </div>
   <div class='ocr_carea' id='block_1_74' title="bbox 416 4003 1996 4088">
    <p class='ocr_par' dir='ltr' id='par_1_74' title="bbox 416 4003 1996 4088">
     <span class='ocr_line' id='line_1_74' title="bbox 416 4003 1996 4088; baseline 0.013 -35"><span class='ocrx_word' id='word_1_546' title='bbox 416 4003 755 4075; x_wconf 73' lang='grc' dir='ltr'>ἀπαιτούσης</span> <span class='ocrx_word' id='word_1_547' title='bbox 779 4045 793 4070; x_wconf 91' lang='grc'><strong>,</strong></span> <span class='ocrx_word' id='word_1_548' title='bbox 835 4007 931 4060; x_wconf 75' lang='grc' dir='ltr'>καὶ</span> <span class='ocrx_word' id='word_1_549' title='bbox 968 4012 1254 4080; x_wconf 75' lang='grc' dir='ltr'>μονονουχὶ</span> <span class='ocrx_word' id='word_1_550' title='bbox 1297 4013 1396 4082; x_wconf 81' lang='grc' dir='ltr'>τῆς</span> <span class='ocrx_word' id='word_1_551' title='bbox 1432 4015 1651 4084; x_wconf 80' lang='grc' dir='ltr'>Γραφῆς</span> <span class='ocrx_word' id='word_1_552' title='bbox 1679 4019 1739 4070; x_wconf 85' lang='grc' dir='ltr'><strong>τὸ</strong></span> <span class='ocrx_word' id='word_1_553' title='bbox 1765 4019 1996 4088; x_wconf 85' lang='grc' dir='ltr'>μέγεθος</span> 
     </span>
    </p>
   </div>
   <div class='ocr_carea' id='block_1_75' title="bbox 419 4097 1996 4170">
    <p class='ocr_par' dir='ltr' id='par_1_75' title="bbox 419 4097 1996 4170">
     <span class='ocr_line' id='line_1_75' title="bbox 419 4097 1996 4170; baseline 0.012 -24"><span class='ocrx_word' id='word_1_554' title='bbox 419 4097 512 4165; x_wconf 73' lang='grc' dir='ltr'>τῆς</span> <span class='ocrx_word' id='word_1_555' title='bbox 541 4100 620 4160; x_wconf 74' lang='grc' dir='ltr'>εἰς</span> <span class='ocrx_word' id='word_1_556' title='bbox 648 4100 794 4169; x_wconf 70' lang='grc' dir='ltr'>ἡμᾶς</span> <span class='ocrx_word' id='word_1_557' title='bbox 823 4099 1138 4170; x_wconf 76' lang='grc' dir='ltr'>φιλοτιμίας</span> <span class='ocrx_word' id='word_1_558' title='bbox 1166 4103 1260 4156; x_wconf 85' lang='grc' dir='ltr'><strong>τοῦ</strong></span> <span class='ocrx_word' id='word_1_559' title='bbox 1287 4103 1422 4156; x_wconf 82' lang='grc' dir='ltr'>Θεοῦ</span> <span class='ocrx_word' id='word_1_560' title='bbox 1451 4105 1536 4159; x_wconf 72' lang='grc' dir='ltr'>διὰ</span> <span class='ocrx_word' id='word_1_561' title='bbox 1563 4107 1767 4162; x_wconf 76' lang='grc' dir='ltr'>τούτων</span> <span class='ocrx_word' id='word_1_562' title='bbox 1794 4112 1996 4166; x_wconf 76' lang='grc' dir='ltr'>ἐπιδει-</span> 
     </span>
    </p>
   </div>
   <div class='ocr_carea' id='block_1_76' title="bbox 416 4189 1994 4266">
    <p class='ocr_par' dir='ltr' id='par_1_76' title="bbox 416 4189 1994 4266">
     <span class='ocr_line' id='line_1_76' title="bbox 416 4189 1994 4266; baseline 0.011 -27"><span class='ocrx_word' id='word_1_563' title='bbox 416 4189 684 4258; x_wconf 79' lang='grc' dir='ltr'>κνυούσης</span> <span class='ocrx_word' id='word_1_564' title='bbox 710 4230 725 4254; x_wconf 92' lang='grc'><strong>,</strong></span> <span class='ocrx_word' id='word_1_565' title='bbox 781 4191 877 4244; x_wconf 74' lang='grc' dir='ltr'>καὶ</span> <span class='ocrx_word' id='word_1_566' title='bbox 922 4192 1071 4264; x_wconf 78' lang='grc' dir='ltr'>ἡμᾶς</span> <span class='ocrx_word' id='word_1_567' title='bbox 1120 4194 1512 4266; x_wconf 81' lang='grc' dir='ltr'>ὲντρεποὺσης,</span> <span class='ocrx_word' id='word_1_568' title='bbox 1550 4196 1605 4249; x_wconf 79' lang='grc' dir='ltr'><strong>εί</strong></span> <span class='ocrx_word' id='word_1_569' title='bbox 1629 4215 1693 4266; x_wconf 86' lang='grc' dir='ltr'><strong>γε</strong></span> <span class='ocrx_word' id='word_1_570' title='bbox 1725 4201 1864 4266; x_wconf 86' lang='grc' dir='ltr'>δέον,</span> <span class='ocrx_word' id='word_1_571' title='bbox 1904 4203 1994 4256; x_wconf 74' lang='grc' dir='ltr'>τοῦ</span> 
     </span>
    </p>
   </div>
   <div class='ocr_carea' id='block_1_77' title="bbox 413 4279 1994 4362">
    <p class='ocr_par' dir='ltr' id='par_1_77' title="bbox 413 4279 1994 4362">
     <span class='ocr_line' id='line_1_77' title="bbox 413 4279 1994 4362; baseline 0.01 -31"><span class='ocrx_word' id='word_1_572' title='bbox 413 4279 625 4333; x_wconf 82' lang='grc' dir='ltr'>ἀσώτου</span> <span class='ocrx_word' id='word_1_573' title='bbox 656 4281 732 4352; x_wconf 81' lang='grc' dir='ltr'><strong>τῷ</strong></span> <span class='ocrx_word' id='word_1_574' title='bbox 762 4283 930 4355; x_wconf 75' lang='grc' dir='ltr'>πατρὶ</span> <span class='ocrx_word' id='word_1_575' title='bbox 967 4283 1407 4354; x_wconf 87' lang='grc' dir='ltr'>προδραμόντας,</span> <span class='ocrx_word' id='word_1_576' title='bbox 1445 4291 1536 4340; x_wconf 74' lang='grc' dir='ltr'>καὶ</span> <span class='ocrx_word' id='word_1_577' title='bbox 1565 4289 1994 4362; x_wconf 78' lang='grc' dir='ltr'>ἐξομολογουμέ-</span> 
     </span>
    </p>
   </div>
   <div class='ocr_carea' id='block_1_78' title="bbox 2104 3118 3677 3190">
    <p class='ocr_par' dir='ltr' id='par_1_78' title="bbox 2104 3118 3677 3190">
     <span class='ocr_line' id='line_1_78' title="bbox 2104 3118 3677 3190; baseline 0.004 -19"><span class='ocrx_word' id='word_1_578' title='bbox 2104 3118 2430 3175; x_wconf 88' lang='lat' dir='ltr'><strong>charitatem</strong></span> <span class='ocrx_word' id='word_1_579' title='bbox 2474 3122 2752 3177; x_wconf 65' lang='lat' dir='ltr'><strong>aestimans</strong></span> <span class='ocrx_word' id='word_1_580' title='bbox 2780 3138 2881 3177; x_wconf 89' lang='lat' dir='ltr'><strong>suo</strong></span> <span class='ocrx_word' id='word_1_581' title='bbox 2912 3139 3177 3180; x_wconf 87' lang='lat' dir='ltr'><strong>conservo</strong></span> <span class='ocrx_word' id='word_1_582' title='bbox 3214 3127 3385 3181; x_wconf 87' lang='lat' dir='ltr'><strong>iratus</strong></span> <span class='ocrx_word' id='word_1_583' title='bbox 3419 3136 3531 3190; x_wconf 89' lang='lat' dir='ltr'><strong>est;</strong></span> <span class='ocrx_word' id='word_1_584' title='bbox 3577 3126 3677 3179; x_wconf 90' lang='lat' dir='ltr'><strong>ita-</strong></span> 
     </span>
    </p>
   </div>
   <div class='ocr_carea' id='block_1_79' title="bbox 2102 3213 3675 3287">
    <p class='ocr_par' dir='ltr' id='par_1_79' title="bbox 2102 3213 3675 3287">
     <span class='ocr_line' id='line_1_79' title="bbox 2102 3213 3675 3287; baseline 0.003 -22"><span class='ocrx_word' id='word_1_585' title='bbox 2102 3225 2208 3279; x_wconf 90' lang='lat' dir='ltr'><strong>que</strong></span> <span class='ocrx_word' id='word_1_586' title='bbox 2257 3213 2550 3266; x_wconf 87' lang='lat' dir='ltr'><strong>Dominum</strong></span> <span class='ocrx_word' id='word_1_587' title='bbox 2597 3214 2797 3283; x_wconf 88' lang='lat' dir='ltr'><strong>injuria</strong></span> <span class='ocrx_word' id='word_1_588' title='bbox 2849 3214 3051 3280; x_wconf 76' lang='lat' dir='ltr'><strong>aﬂ&#39;ecit,</strong></span> <span class='ocrx_word' id='word_1_589' title='bbox 3106 3218 3198 3286; x_wconf 87' lang='lat' dir='ltr'><strong>qui</strong></span> <span class='ocrx_word' id='word_1_590' title='bbox 3247 3233 3344 3287; x_wconf 89' lang='lat' dir='ltr'><strong>per</strong></span> <span class='ocrx_word' id='word_1_591' title='bbox 3391 3218 3675 3271; x_wconf 83' lang='lat' dir='ltr'><strong>hominum</strong></span> 
     </span>
    </p>
   </div>
   <div class='ocr_carea' id='block_1_80' title="bbox 2102 3301 3674 3380">
    <p class='ocr_par' dir='ltr' id='par_1_80' title="bbox 2102 3301 3674 3380">
     <span class='ocr_line' id='line_1_80' title="bbox 2102 3301 3674 3380; baseline 0.004 -26"><span class='ocrx_word' id='word_1_592' title='bbox 2102 3315 2349 3355; x_wconf 85' lang='lat' dir='ltr'><strong>amorem</strong></span> <span class='ocrx_word' id='word_1_593' title='bbox 2401 3301 2456 3354; x_wconf 95' lang='lat' dir='ltr'><strong>in</strong></span> <span class='ocrx_word' id='word_1_594' title='bbox 2510 3317 2568 3356; x_wconf 89' lang='lat' dir='ltr'><strong>se</strong></span> <span class='ocrx_word' id='word_1_595' title='bbox 2617 3317 2904 3357; x_wconf 88' lang='lat' dir='ltr'><strong>servorum</strong></span> <span class='ocrx_word' id='word_1_596' title='bbox 2936 3320 3158 3358; x_wconf 86' lang='lat' dir='ltr'><strong>suorum</strong></span> <span class='ocrx_word' id='word_1_597' title='bbox 3198 3307 3426 3380; x_wconf 79' lang='lat' dir='ltr'><strong>injurias</strong></span> <span class='ocrx_word' id='word_1_598' title='bbox 3451 3307 3674 3376; x_wconf 83' lang='lat' dir='ltr'><strong>recipit:</strong></span> 
     </span>
    </p>
   </div>
   <div class='ocr_carea' id='block_1_81' title="bbox 2099 3393 3678 3464">
    <p class='ocr_par' dir='ltr' id='par_1_81' title="bbox 2099 3393 3678 3464">
     <span class='ocr_line' id='line_1_81' title="bbox 2099 3393 3678 3464; baseline 0.003 -16"><span class='ocrx_word' id='word_1_599' title='bbox 2099 3393 2236 3449; x_wconf 81' lang='lat' dir='ltr'><strong>dicit</strong></span> <span class='ocrx_word' id='word_1_600' title='bbox 2268 3393 2413 3449; x_wconf 89' lang='lat' dir='ltr'><strong>enim</strong></span> <span class='ocrx_word' id='word_1_601' title='bbox 2443 3413 2454 3448; x_wconf 95' lang='lat'>:</span> <span class='ocrx_word' id='word_1_602' title='bbox 2489 3394 2638 3459; x_wconf 83' lang='lat' dir='ltr'><strong>Quod</strong></span> <span class='ocrx_word' id='word_1_603' title='bbox 2668 3395 2890 3464; x_wconf 79' lang='lat' dir='ltr'><strong>feceritis</strong></span> <span class='ocrx_word' id='word_1_604' title='bbox 2920 3399 3012 3450; x_wconf 87' lang='lat' dir='ltr'><strong>uni</strong></span> <span class='ocrx_word' id='word_1_605' title='bbox 3062 3414 3125 3451; x_wconf 77' lang='lat' dir='ltr'><strong>ea:</strong></span> <span class='ocrx_word' id='word_1_606' title='bbox 3156 3399 3232 3452; x_wconf 80' lang='lat' dir='ltr'><strong>his</strong></span> <span class='ocrx_word' id='word_1_607' title='bbox 3278 3401 3526 3464; x_wconf 78' lang='lat' dir='ltr'><strong>minimis,</strong></span> <span class='ocrx_word' id='word_1_608' title='bbox 3552 3400 3678 3452; x_wconf 72' lang='lat' dir='ltr'><strong>milii</strong></span> 
     </span>
    </p>
   </div>
   <div class='ocr_carea' id='block_1_82' title="bbox 2101 3487 3675 3558">
    <p class='ocr_par' dir='ltr' id='par_1_82' title="bbox 2101 3487 3675 3558">
     <span class='ocr_line' id='line_1_82' title="bbox 2101 3487 3675 3558; baseline 0.003 -21"><span class='ocrx_word' id='word_1_609' title='bbox 2101 3487 2372 3554; x_wconf 76' lang='lat' dir='ltr'><strong>fecistis&quot;.</strong></span> <span class='ocrx_word' id='word_1_610' title='bbox 2403 3487 2546 3540; x_wconf 87' lang='lat' dir='ltr'><strong>Idem</strong></span> <span class='ocrx_word' id='word_1_611' title='bbox 2574 3487 2910 3541; x_wconf 89' lang='lat' dir='ltr'><strong>censendum</strong></span> <span class='ocrx_word' id='word_1_612' title='bbox 2939 3504 3023 3542; x_wconf 74' lang='grc' dir='ltr'><strong>ρει</strong></span> <span class='ocrx_word' id='word_1_613' title='bbox 3049 3490 3114 3543; x_wconf 88' lang='lat' dir='ltr'><strong>de</strong></span> <span class='ocrx_word' id='word_1_614' title='bbox 3147 3491 3400 3558; x_wconf 87' lang='lat' dir='ltr'><strong>parabola</strong></span> <span class='ocrx_word' id='word_1_615' title='bbox 3441 3491 3675 3544; x_wconf 90' lang='lat' dir='ltr'><strong>duorum</strong></span> 
     </span>
    </p>
   </div>
   <div class='ocr_carea' id='block_1_83' title="bbox 2100 3573 3676 3648">
    <p class='ocr_par' dir='ltr' id='par_1_83' title="bbox 2100 3573 3676 3648">
     <span class='ocr_line' id='line_1_83' title="bbox 2100 3573 3676 3648; baseline 0.004 -22"><span class='ocrx_word' id='word_1_616' title='bbox 2100 3573 2354 3641; x_wconf 82' lang='lat' dir='ltr'><strong>fratrum,</strong></span> <span class='ocrx_word' id='word_1_617' title='bbox 2392 3574 2612 3644; x_wconf 80' lang='lat' dir='ltr'><strong>prodigi</strong></span> <span class='ocrx_word' id='word_1_618' title='bbox 2650 3583 2707 3628; x_wconf 91' lang='lat' dir='ltr'><strong>et</strong></span> <span class='ocrx_word' id='word_1_619' title='bbox 2737 3576 3032 3645; x_wconf 86' lang='lat' dir='ltr'><strong>sapientis;</strong></span> <span class='ocrx_word' id='word_1_620' title='bbox 3073 3593 3182 3630; x_wconf 90' lang='lat' dir='ltr'><strong>nun</strong></span> <span class='ocrx_word' id='word_1_621' title='bbox 3210 3581 3362 3648; x_wconf 83' lang='lat' dir='ltr'><strong>quasi</strong></span> <span class='ocrx_word' id='word_1_622' title='bbox 3393 3581 3534 3634; x_wconf 86' lang='lat' dir='ltr'><strong>idem</strong></span> <span class='ocrx_word' id='word_1_623' title='bbox 3559 3595 3676 3633; x_wconf 87' lang='lat' dir='ltr'><strong>om-</strong></span> 
     </span>
    </p>
   </div>
   <div class='ocr_carea' id='block_1_84' title="bbox 2099 3666 3674 3735">
    <p class='ocr_par' dir='ltr' id='par_1_84' title="bbox 2099 3666 3674 3735">
     <span class='ocr_line' id='line_1_84' title="bbox 2099 3666 3674 3735; baseline 0.004 -17"><span class='ocrx_word' id='word_1_624' title='bbox 2099 3666 2230 3719; x_wconf 90' lang='lat' dir='ltr'><strong>nino</strong></span> <span class='ocrx_word' id='word_1_625' title='bbox 2261 3666 2600 3735; x_wconf 87' lang='lat' dir='ltr'><strong>propositum</strong></span> <span class='ocrx_word' id='word_1_626' title='bbox 2632 3666 2722 3732; x_wconf 90' lang='lat' dir='ltr'><strong>sit,</strong></span> <span class='ocrx_word' id='word_1_627' title='bbox 2759 3667 2855 3722; x_wconf 89' lang='lat' dir='ltr'><strong>sed</strong></span> <span class='ocrx_word' id='word_1_628' title='bbox 2894 3682 3077 3722; x_wconf 90' lang='lat' dir='ltr'><strong>rerum</strong></span> <span class='ocrx_word' id='word_1_629' title='bbox 3116 3670 3460 3724; x_wconf 66' lang='lat' dir='ltr'><strong>connexione</strong></span> <span class='ocrx_word' id='word_1_630' title='bbox 3483 3671 3674 3725; x_wconf 85' lang='lat' dir='ltr'><strong>eadem</strong></span> 
     </span>
    </p>
   </div>
   <div class='ocr_carea' id='block_1_85' title="bbox 2099 3756 3676 3827">
    <p class='ocr_par' dir='ltr' id='par_1_85' title="bbox 2099 3756 3676 3827">
     <span class='ocr_line' id='line_1_85' title="bbox 2099 3756 3676 3827; baseline 0.002 -19"><span class='ocrx_word' id='word_1_631' title='bbox 2099 3757 2398 3810; x_wconf 89' lang='lat' dir='ltr'><strong>secundum</strong></span> <span class='ocrx_word' id='word_1_632' title='bbox 2430 3756 2776 3827; x_wconf 77' lang='lat' dir='ltr'><strong>hypothesim</strong></span> <span class='ocrx_word' id='word_1_633' title='bbox 2809 3759 3142 3827; x_wconf 89' lang='lat' dir='ltr'><strong>postulante,</strong></span> <span class='ocrx_word' id='word_1_634' title='bbox 3187 3768 3242 3812; x_wconf 81' lang='lat' dir='ltr'><strong>et</strong></span> <span class='ocrx_word' id='word_1_635' title='bbox 3282 3760 3354 3812; x_wconf 90' lang='lat' dir='ltr'><strong>ita</strong></span> <span class='ocrx_word' id='word_1_636' title='bbox 3392 3759 3676 3827; x_wconf 80' lang='lat' dir='ltr'><strong>Scriptura</strong></span> 
     </span>
    </p>
   </div>
   <div class='ocr_carea' id='block_1_86' title="bbox 2097 3847 3676 3920">
    <p class='ocr_par' dir='ltr' id='par_1_86' title="bbox 2097 3847 3676 3920">
     <span class='ocr_line' id='line_1_86' title="bbox 2097 3847 3676 3920; baseline 0.001 -20"><span class='ocrx_word' id='word_1_637' title='bbox 2097 3848 2533 3918; x_wconf 87' lang='lat' dir='ltr'><strong>magnitudinem</strong></span> <span class='ocrx_word' id='word_1_638' title='bbox 2581 3847 2676 3902; x_wconf 90' lang='lat' dir='ltr'><strong>Dei</strong></span> <span class='ocrx_word' id='word_1_639' title='bbox 2724 3849 3078 3904; x_wconf 88' lang='lat' dir='ltr'><strong>liberalitatis</strong></span> <span class='ocrx_word' id='word_1_640' title='bbox 3114 3865 3242 3920; x_wconf 82' lang='lat' dir='ltr'><strong>erga</strong></span> <span class='ocrx_word' id='word_1_641' title='bbox 3270 3864 3369 3904; x_wconf 89' lang='lat' dir='ltr'><strong>nos</strong></span> <span class='ocrx_word' id='word_1_642' title='bbox 3394 3849 3479 3903; x_wconf 93' lang='lat' dir='ltr'><strong>his</strong></span> <span class='ocrx_word' id='word_1_643' title='bbox 3512 3849 3676 3903; x_wconf 73' lang='lat' dir='ltr'><strong>rebus</strong></span> 
     </span>
    </p>
   </div>
   <div class='ocr_carea' id='block_1_87' title="bbox 2096 3935 3670 4009">
    <p class='ocr_par' dir='ltr' id='par_1_87' title="bbox 2096 3935 3670 4009">
     <span class='ocr_line' id='line_1_87' title="bbox 2096 3935 3670 4009; baseline 0.001 -17"><span class='ocrx_word' id='word_1_644' title='bbox 2096 3935 2441 4004; x_wconf 87' lang='lat' dir='ltr'><strong>ostendente,</strong></span> <span class='ocrx_word' id='word_1_645' title='bbox 2477 3947 2532 3992; x_wconf 90' lang='lat' dir='ltr'><strong>et</strong></span> <span class='ocrx_word' id='word_1_646' title='bbox 2559 3953 2660 3993; x_wconf 90' lang='lat' dir='ltr'><strong>nos</strong></span> <span class='ocrx_word' id='word_1_647' title='bbox 2688 3938 3007 4002; x_wconf 88' lang='lat' dir='ltr'><strong>inducente,</strong></span> <span class='ocrx_word' id='word_1_648' title='bbox 3039 3939 3085 3993; x_wconf 92' lang='lat' dir='ltr'><strong>si</strong></span> <span class='ocrx_word' id='word_1_649' title='bbox 3117 3955 3254 4009; x_wconf 87' lang='lat' dir='ltr'><strong>opus</strong></span> <span class='ocrx_word' id='word_1_650' title='bbox 3283 3939 3374 4003; x_wconf 86' lang='lat' dir='ltr'><strong>sit,</strong></span> <span class='ocrx_word' id='word_1_651' title='bbox 3401 3948 3460 3993; x_wconf 94' lang='lat' dir='ltr'><strong>ut</strong></span> <span class='ocrx_word' id='word_1_652' title='bbox 3481 3955 3670 3994; x_wconf 85' lang='lat' dir='ltr'><strong>curra-</strong></span> 
     </span>
    </p>
   </div>
   <div class='ocr_carea' id='block_1_88' title="bbox 2097 4015 3675 4100">
    <p class='ocr_par' dir='ltr' id='par_1_88' title="bbox 2097 4015 3675 4100">
     <span class='ocr_line' id='line_1_88' title="bbox 2097 4015 3675 4100; baseline -0.001 -17"><span class='ocrx_word' id='word_1_653' title='bbox 2097 4043 2220 4083; x_wconf 86' lang='lat' dir='ltr'><strong>mus</strong></span> <span class='ocrx_word' id='word_1_654' title='bbox 2257 4029 2321 4083; x_wconf 91' lang='lat' dir='ltr'><strong>ad</strong></span> <span class='ocrx_word' id='word_1_655' title='bbox 2355 4037 2562 4098; x_wconf 88' lang='lat' dir='ltr'><strong>patrem</strong></span> <span class='ocrx_word' id='word_1_656' title='bbox 2598 4015 2832 4100; x_wconf 78' lang='lat' dir='ltr'><strong>prodigi,</strong></span> <span class='ocrx_word' id='word_1_657' title='bbox 2859 4028 3296 4084; x_wconf 86' lang='lat' dir='ltr'><strong>etconflteamur</strong></span> <span class='ocrx_word' id='word_1_658' title='bbox 3341 4033 3413 4084; x_wconf 91' lang='lat' dir='ltr'><strong>ita</strong></span> <span class='ocrx_word' id='word_1_659' title='bbox 3449 4030 3675 4099; x_wconf 70' lang='lat' dir='ltr'><strong>petitie~</strong></span> 
     </span>
    </p>
   </div>
   <div class='ocr_carea' id='block_1_89' title="bbox 2096 4121 3674 4192">
    <p class='ocr_par' dir='ltr' id='par_1_89' title="bbox 2096 4121 3674 4192">
     <span class='ocr_line' id='line_1_89' title="bbox 2096 4121 3674 4192; baseline 0.001 -17"><span class='ocrx_word' id='word_1_660' title='bbox 2096 4137 2195 4176; x_wconf 91' lang='lat' dir='ltr'><strong>nes</strong></span> <span class='ocrx_word' id='word_1_661' title='bbox 2223 4122 2275 4174; x_wconf 91' lang='lat' dir='ltr'><strong>in</strong></span> <span class='ocrx_word' id='word_1_662' title='bbox 2309 4122 2540 4175; x_wconf 90' lang='lat' dir='ltr'><strong>salutem</strong></span> <span class='ocrx_word' id='word_1_663' title='bbox 2572 4121 2777 4190; x_wconf 90' lang='lat' dir='ltr'><strong>accipi;</strong></span> <span class='ocrx_word' id='word_1_664' title='bbox 2812 4122 3052 4176; x_wconf 90' lang='lat' dir='ltr'><strong>vicissim</strong></span> <span class='ocrx_word' id='word_1_665' title='bbox 3101 4138 3321 4192; x_wconf 88' lang='lat' dir='ltr'><strong>quoque</strong></span> <span class='ocrx_word' id='word_1_666' title='bbox 3349 4123 3540 4185; x_wconf 84' lang='lat' dir='ltr'><strong>Deum,</strong></span> <span class='ocrx_word' id='word_1_667' title='bbox 3571 4123 3674 4176; x_wconf 80' lang='lat' dir='ltr'><strong>etsi</strong></span> 
     </span>
    </p>
   </div>
   <div class='ocr_carea' id='block_1_90' title="bbox 2097 4211 3676 4283">
    <p class='ocr_par' dir='ltr' id='par_1_90' title="bbox 2097 4211 3676 4283">
     <span class='ocr_line' id='line_1_90' title="bbox 2097 4211 3676 4283; baseline -0.001 -18"><span class='ocrx_word' id='word_1_668' title='bbox 2097 4227 2206 4265; x_wconf 90' lang='lat' dir='ltr'><strong>non</strong></span> <span class='ocrx_word' id='word_1_669' title='bbox 2240 4212 2378 4281; x_wconf 80' lang='lat' dir='ltr'><strong>grati</strong></span> <span class='ocrx_word' id='word_1_670' title='bbox 2404 4211 2692 4278; x_wconf 89' lang='lat' dir='ltr'><strong>fuerimus,</strong></span> <span class='ocrx_word' id='word_1_671' title='bbox 2725 4222 2822 4267; x_wconf 89' lang='lat' dir='ltr'><strong>aut</strong></span> <span class='ocrx_word' id='word_1_672' title='bbox 2853 4227 2966 4272; x_wconf 84' lang='lat' dir='ltr'><strong>non</strong></span> <span class='ocrx_word' id='word_1_673' title='bbox 3007 4213 3403 4283; x_wconf 86' lang='lat' dir='ltr'><strong>rogaverimus,</strong></span> <span class='ocrx_word' id='word_1_674' title='bbox 3437 4213 3676 4266; x_wconf 83' lang='lat' dir='ltr'><strong>liberali-</strong></span> 
     </span>
    </p>
   </div>
   <div class='ocr_carea' id='block_1_91' title="bbox 2103 4303 3675 4374">
    <p class='ocr_par' dir='ltr' id='par_1_91' title="bbox 2103 4303 3675 4374">
     <span class='ocr_line' id='line_1_91' title="bbox 2103 4303 3675 4374; baseline -0.002 -18"><span class='ocrx_word' id='word_1_675' title='bbox 2103 4311 2213 4356; x_wconf 86' lang='lat' dir='ltr'><strong>tate</strong></span> <span class='ocrx_word' id='word_1_676' title='bbox 2253 4303 2351 4357; x_wconf 89' lang='lat' dir='ltr'><strong>uti.</strong></span> <span class='ocrx_word' id='word_1_677' title='bbox 2395 4303 2521 4357; x_wconf 70' lang='lat' dir='ltr'><strong>Haac</strong></span> <span class='ocrx_word' id='word_1_678' title='bbox 2566 4303 2734 4372; x_wconf 77' lang='lat' dir='ltr'><strong>igitur</strong></span> <span class='ocrx_word' id='word_1_679' title='bbox 2764 4304 3042 4374; x_wconf 76' lang='lat' dir='ltr'><strong>parabole,</strong></span> <span class='ocrx_word' id='word_1_680' title='bbox 3093 4315 3149 4358; x_wconf 91' lang='lat' dir='ltr'><strong>et</strong></span> <span class='ocrx_word' id='word_1_681' title='bbox 3187 4303 3399 4374; x_wconf 83' lang='lat' dir='ltr'><strong>prodigi</strong></span> <span class='ocrx_word' id='word_1_682' title='bbox 3435 4303 3675 4357; x_wconf 70' lang='lat' dir='ltr'><strong>necessi-</strong></span> 
     </span>
    </p>
   </div>
   <div class='ocr_carea' id='block_1_92' title="bbox 412 4355 1994 4466">
    <p class='ocr_par' dir='ltr' id='par_1_92' title="bbox 412 4355 1994 4451">
     <span class='ocr_line' id='line_1_92' title="bbox 412 4355 1994 4451; baseline 0.01 -29"><span class='ocrx_word' id='word_1_683' title='bbox 412 4387 536 4434; x_wconf 88' lang='grc' dir='ltr'>νους</span> <span class='ocrx_word' id='word_1_684' title='bbox 583 4371 726 4424; x_wconf 75' lang='grc' dir='ltr'>οὕτω</span> <span class='ocrx_word' id='word_1_685' title='bbox 778 4373 848 4426; x_wconf 83' lang='grc' dir='ltr'>τὰ</span> <span class='ocrx_word' id='word_1_686' title='bbox 895 4374 1034 4443; x_wconf 74' lang='grc' dir='ltr'>πρὸς</span> <span class='ocrx_word' id='word_1_687' title='bbox 1076 4375 1352 4443; x_wconf 85' lang='grc' dir='ltr'>σωτηρίαν</span> <span class='ocrx_word' id='word_1_688' title='bbox 1396 4355 1680 4448; x_wconf 78' lang='grc' dir='ltr'>αἰτήματα</span> <span class='ocrx_word' id='word_1_689' title='bbox 1707 4355 1994 4451; x_wconf 48' lang='grc' dir='ltr'>λήψεσθαι.</span> 
     </span>
    </p>
   </div>
   <div class='ocr_carea' id='block_1_93' title="bbox 2097 4355 3672 4466">
    <p class='ocr_par' dir='ltr' id='par_1_93' title="bbox 2110 4396 3672 4466">
     <span class='ocr_line' id='line_1_93' title="bbox 2110 4396 3672 4466; baseline -0.001 -18"><span class='ocrx_word' id='word_1_690' title='bbox 2110 4396 2235 4450; x_wconf 88' lang='lat' dir='ltr'><strong>tatis</strong></span> <span class='ocrx_word' id='word_1_691' title='bbox 2281 4397 2543 4460; x_wconf 88' lang='lat' dir='ltr'><strong>narratio,</strong></span> <span class='ocrx_word' id='word_1_692' title='bbox 2593 4405 2794 4451; x_wconf 71' lang='lat' dir='ltr'><strong>nostra:</strong></span> <span class='ocrx_word' id='word_1_693' title='bbox 2835 4397 3184 4466; x_wconf 81' lang='lat' dir='ltr'><strong>malignitatis</strong></span> <span class='ocrx_word' id='word_1_694' title='bbox 3221 4397 3672 4466; x_wconf 81' lang='lat' dir='ltr'><strong>magnitudinem,</strong></span> 
     </span>
    </p>
   </div>
   <div class='ocr_carea' id='block_1_94' title="bbox 413 4462 1996 4542">
    <p class='ocr_par' dir='ltr' id='par_1_94' title="bbox 413 4462 1996 4542">
     <span class='ocr_line' id='line_1_94' title="bbox 413 4462 1996 4542; baseline 0.009 -29"><span class='ocrx_word' id='word_1_695' title='bbox 413 4462 486 4514; x_wconf 83' lang='grc' dir='ltr'>Τὸ</span> <span class='ocrx_word' id='word_1_696' title='bbox 516 4462 755 4532; x_wconf 75' lang='grc' dir='ltr'>ἔμπαλιν</span> <span class='ocrx_word' id='word_1_697' title='bbox 798 4464 828 4516; x_wconf 87' lang='grc' dir='ltr'><strong>ό</strong></span> <span class='ocrx_word' id='word_1_698' title='bbox 863 4464 994 4528; x_wconf 74' lang='grc' dir='ltr'>Θεὸς</span> <span class='ocrx_word' id='word_1_699' title='bbox 1033 4467 1167 4536; x_wconf 82' lang='grc' dir='ltr'>μηδὲ</span> <span class='ocrx_word' id='word_1_700' title='bbox 1201 4469 1645 4539; x_wconf 72' lang='grc' dir='ltr'>εὐγνωμονηθεὶς</span> <span class='ocrx_word' id='word_1_701' title='bbox 1668 4512 1682 4536; x_wconf 89' lang='grc'><strong>,</strong></span> <span class='ocrx_word' id='word_1_702' title='bbox 1740 4474 1876 4542; x_wconf 83' lang='grc' dir='ltr'>μηδὲ</span> <span class='ocrx_word' id='word_1_703' title='bbox 1908 4477 1996 4528; x_wconf 64' lang='grc' dir='ltr'><strong>αἱ-</strong></span> 
     </span>
    </p>
   </div>
   <div class='ocr_carea' id='block_1_95' title="bbox 411 4554 1995 4634">
    <p class='ocr_par' dir='ltr' id='par_1_95' title="bbox 411 4554 1995 4634">
     <span class='ocr_line' id='line_1_95' title="bbox 411 4554 1995 4634; baseline 0.01 -28"><span class='ocrx_word' id='word_1_704' title='bbox 411 4554 599 4626; x_wconf 69' lang='grc' dir='ltr'>τηοεὶς</span> <span class='ocrx_word' id='word_1_705' title='bbox 630 4555 996 4624; x_wconf 82' lang='grc' dir='ltr'>φιλοτιμεῖται</span> <span class='ocrx_word' id='word_1_706' title='bbox 1018 4573 1032 4588; x_wconf 77' lang='grc'><strong><em>⁸</em></strong></span> <span class='ocrx_word' id='word_1_707' title='bbox 1070 4560 1102 4628; x_wconf 79' lang='grc' dir='ltr'>ἡ</span> <span class='ocrx_word' id='word_1_708' title='bbox 1133 4558 1226 4612; x_wconf 79' lang='grc' dir='ltr'>οὖν</span> <span class='ocrx_word' id='word_1_709' title='bbox 1256 4562 1354 4631; x_wconf 79' lang='grc' dir='ltr'>τῆς</span> <span class='ocrx_word' id='word_1_710' title='bbox 1379 4562 1721 4634; x_wconf 78' lang='grc' dir='ltr'>παραϐολῆς,</span> <span class='ocrx_word' id='word_1_711' title='bbox 1759 4566 1853 4618; x_wconf 76' lang='grc' dir='ltr'><strong>καὶ</strong></span> <span class='ocrx_word' id='word_1_712' title='bbox 1884 4569 1995 4622; x_wconf 86' lang='grc' dir='ltr'>τῶν</span> 
     </span>
    </p>
   </div>
   <div class='ocr_carea' id='block_1_96' title="bbox 2104 4486 3676 4558">
    <p class='ocr_par' dir='ltr' id='par_1_96' title="bbox 2104 4486 3676 4558">
     <span class='ocr_line' id='line_1_96' title="bbox 2104 4486 3676 4558; baseline 0.001 -19"><span class='ocrx_word' id='word_1_713' title='bbox 2104 4495 2160 4539; x_wconf 88' lang='lat' dir='ltr'><strong>et</strong></span> <span class='ocrx_word' id='word_1_714' title='bbox 2199 4486 2529 4542; x_wconf 79' lang='lat' dir='ltr'><strong>ineffabilem</strong></span> <span class='ocrx_word' id='word_1_715' title='bbox 2561 4487 2658 4542; x_wconf 90' lang='lat' dir='ltr'><strong>Dei</strong></span> <span class='ocrx_word' id='word_1_716' title='bbox 2693 4502 2821 4558; x_wconf 86' lang='lat' dir='ltr'><strong>erga</strong></span> <span class='ocrx_word' id='word_1_717' title='bbox 2851 4487 3103 4542; x_wconf 86' lang='lat' dir='ltr'><strong>homines</strong></span> <span class='ocrx_word' id='word_1_718' title='bbox 3131 4503 3383 4542; x_wconf 86' lang='lat' dir='ltr'><strong>amorem</strong></span> <span class='ocrx_word' id='word_1_719' title='bbox 3404 4488 3600 4558; x_wconf 82' lang='lat' dir='ltr'><strong>probat</strong></span> <span class='ocrx_word' id='word_1_720' title='bbox 3622 4495 3676 4540; x_wconf 80' lang='lat' dir='ltr'><strong>et</strong></span> 
     </span>
    </p>
   </div>
   <div class='ocr_carea' id='block_1_97' title="bbox 2103 4575 2788 4638">
    <p class='ocr_par' dir='ltr' id='par_1_97' title="bbox 2103 4575 2788 4638">
     <span class='ocr_line' id='line_1_97' title="bbox 2103 4575 2788 4638; baseline 0.004 -9"><span class='ocrx_word' id='word_1_721' title='bbox 2103 4575 2155 4629; x_wconf 91' lang='lat' dir='ltr'><strong>in</strong></span> <span class='ocrx_word' id='word_1_722' title='bbox 2189 4577 2509 4638; x_wconf 81' lang='lat' dir='ltr'><strong>memoriam</strong></span> <span class='ocrx_word' id='word_1_723' title='bbox 2550 4587 2788 4635; x_wconf 84' lang='lat' dir='ltr'><strong>revocat.</strong></span> 
     </span>
    </p>
   </div>
   <div class='ocr_carea' id='block_1_98' title="bbox 411 4650 3670 4748">
    <p class='ocr_par' dir='ltr' id='par_1_98' title="bbox 411 4650 3670 4748">
     <span class='ocr_line' id='line_1_98' title="bbox 411 4650 3670 4748; baseline 0.006 -47"><span class='ocrx_word' id='word_1_724' title='bbox 411 4650 639 4702; x_wconf 86' lang='grc' dir='ltr'>δεόντων</span> <span class='ocrx_word' id='word_1_725' title='bbox 660 4651 932 4722; x_wconf 83' lang='grc' dir='ltr'>διήγησις,</span> <span class='ocrx_word' id='word_1_726' title='bbox 963 4651 1058 4704; x_wconf 82' lang='grc' dir='ltr'>τοῦ</span> <span class='ocrx_word' id='word_1_727' title='bbox 1089 4653 1322 4723; x_wconf 56' lang='grc' dir='ltr'>πλήθους</span> <span class='ocrx_word' id='word_1_728' title='bbox 1351 4656 1449 4726; x_wconf 75' lang='grc' dir='ltr'>τῆς</span> <span class='ocrx_word' id='word_1_729' title='bbox 1473 4657 1634 4727; x_wconf 79' lang='grc' dir='ltr'>ἡμῶν</span> <span class='ocrx_word' id='word_1_730' title='bbox 1659 4659 1875 4728; x_wconf 87' lang='grc' dir='ltr'>κακίας,</span> <span class='ocrx_word' id='word_1_731' title='bbox 1898 4663 1989 4717; x_wconf 77' lang='grc' dir='ltr'>καὶ</span> <span class='ocrx_word' id='word_1_732' title='bbox 2022 4667 2121 4739; x_wconf 82' lang='grc' dir='ltr'>τῆς</span> <span class='ocrx_word' id='word_1_733' title='bbox 2170 4671 2376 4740; x_wconf 58' lang='lat' dir='ltr'><strong>decis-ou</strong></span> <span class='ocrx_word' id='word_1_734' title='bbox 2430 4669 2524 4724; x_wconf 74' lang='grc' dir='ltr'>τοῦ</span> <span class='ocrx_word' id='word_1_735' title='bbox 2565 4670 2702 4724; x_wconf 82' lang='grc' dir='ltr'>Θεοῦ</span> <span class='ocrx_word' id='word_1_736' title='bbox 2745 4670 3158 4744; x_wconf 82' lang='grc' dir='ltr'>φιλανθρωπίας</span> <span class='ocrx_word' id='word_1_737' title='bbox 3240 4669 3457 4740; x_wconf 75' lang='grc' dir='ltr'>ἔλεγχός</span> <span class='ocrx_word' id='word_1_738' title='bbox 3535 4670 3670 4748; x_wconf 70' lang='grc' dir='ltr'>ἐστι,</span> 
     </span>
    </p>
   </div>
   <div class='ocr_carea' id='block_1_99' title="bbox 411 4742 1833 4818">
    <p class='ocr_par' dir='ltr' id='par_1_99' title="bbox 411 4742 1833 4818">
     <span class='ocr_line' id='line_1_99' title="bbox 411 4742 1833 4818; baseline 0.006 -24"><span class='ocrx_word' id='word_1_739' title='bbox 411 4742 505 4795; x_wconf 76' lang='grc' dir='ltr'>καὶ</span> <span class='ocrx_word' id='word_1_740' title='bbox 538 4742 864 4814; x_wconf 80' lang='grc' dir='ltr'>ὑπόμνησις.</span> <span class='ocrx_word' id='word_1_741' title='bbox 1829 4811 1833 4818; x_wconf 41' lang='grc' dir='ltr'><strong>τ</strong></span> 
     </span>
    </p>
   </div>
   <div class='ocr_carea' id='block_1_100' title="bbox 481 4832 1989 4920">
    <p class='ocr_par' dir='ltr' id='par_1_100' title="bbox 481 4832 1989 4920">
     <span class='ocr_line' id='line_1_100' title="bbox 481 4832 1989 4920; baseline 0.01 -34"><span class='ocrx_word' id='word_1_742' title='bbox 481 4834 561 4886; x_wconf 82' lang='grc' dir='ltr'><strong>Δ’.</strong></span> <span class='ocrx_word' id='word_1_743' title='bbox 597 4832 675 4904; x_wconf 79' lang='grc' dir='ltr'><strong>[ρ.</strong></span> <span class='ocrx_word' id='word_1_744' title='bbox 707 4833 858 4906; x_wconf 73' lang='lat' dir='ltr'><strong>HL]</strong></span> <span class='ocrx_word' id='word_1_745' title='bbox 895 4837 970 4889; x_wconf 75' lang='grc' dir='ltr'><strong>Οὐ</strong></span> <span class='ocrx_word' id='word_1_746' title='bbox 1002 4837 1112 4908; x_wconf 68' lang='grc' dir='ltr'>γὰρ</span> <span class='ocrx_word' id='word_1_747' title='bbox 1145 4840 1285 4893; x_wconf 83' lang='grc' dir='ltr'><strong>κατά</strong></span> <span class='ocrx_word' id='word_1_748' title='bbox 1317 4839 1416 4910; x_wconf 83' lang='grc' dir='ltr'>τὴν</span> <span class='ocrx_word' id='word_1_749' title='bbox 1444 4839 1628 4912; x_wconf 79' lang='grc' dir='ltr'>κοινὴν</span> <span class='ocrx_word' id='word_1_750' title='bbox 1663 4843 1758 4896; x_wconf 71' lang='grc' dir='ltr'><strong>καὶ</strong></span> <span class='ocrx_word' id='word_1_751' title='bbox 1785 4847 1989 4920; x_wconf 62' lang='grc' dir='ltr'>συνήθει</span> 
     </span>
    </p>
   </div>
   <div class='ocr_carea' id='block_1_101' title="bbox 410 4928 1986 5008">
    <p class='ocr_par' dir='ltr' id='par_1_101' title="bbox 410 4928 1986 5008">
     <span class='ocr_line' id='line_1_101' title="bbox 410 4928 1986 5008; baseline 0.001 -27"><span class='ocrx_word' id='word_1_752' title='bbox 410 4929 517 4982; x_wconf 84' lang='grc' dir='ltr'>τῶν</span> <span class='ocrx_word' id='word_1_753' title='bbox 547 4929 684 4982; x_wconf 82' lang='grc' dir='ltr'>ὅλων</span> <span class='ocrx_word' id='word_1_754' title='bbox 711 4928 1104 5000; x_wconf 85' lang='grc' dir='ltr'>δημιουργίαν,</span> <span class='ocrx_word' id='word_1_755' title='bbox 1143 4934 1300 5003; x_wconf 83' lang='grc' dir='ltr'>Λόγῳ</span> <span class='ocrx_word' id='word_1_756' title='bbox 1334 4936 1426 4987; x_wconf 71' lang='grc' dir='ltr'><strong>καὶ</strong></span> <span class='ocrx_word' id='word_1_757' title='bbox 1454 4935 1554 5004; x_wconf 85' lang='grc' dir='ltr'>τὴν</span> <span class='ocrx_word' id='word_1_758' title='bbox 1579 4937 1857 5006; x_wconf 82' lang='grc' dir='ltr'>ἡμετέραν</span> <span class='ocrx_word' id='word_1_759' title='bbox 1885 4941 1986 5008; x_wconf 70' lang='grc' dir='ltr'><strong>φύ-</strong></span> 
     </span>
    </p>
   </div>
   <div class='ocr_carea' id='block_1_102' title="bbox 415 5018 1987 5093">
    <p class='ocr_par' dir='ltr' id='par_1_102' title="bbox 415 5018 1987 5093">
     <span class='ocr_line' id='line_1_102' title="bbox 415 5018 1987 5093; baseline 0.01 -24"><span class='ocrx_word' id='word_1_760' title='bbox 415 5036 498 5070; x_wconf 80' lang='grc' dir='ltr'><strong>σιν</strong></span> <span class='ocrx_word' id='word_1_761' title='bbox 550 5018 893 5073; x_wconf 76' lang='grc' dir='ltr'>ἀνέπλασεν·</span> <span class='ocrx_word' id='word_1_762' title='bbox 950 5021 1076 5074; x_wconf 84' lang='grc' dir='ltr'>ἀλλ’</span> <span class='ocrx_word' id='word_1_763' title='bbox 1125 5023 1262 5093; x_wconf 81' lang='grc' dir='ltr'>ὅπερ</span> <span class='ocrx_word' id='word_1_764' title='bbox 1309 5024 1395 5076; x_wconf 78' lang='grc' dir='ltr'><strong>ἐπ’</strong></span> <span class='ocrx_word' id='word_1_765' title='bbox 1425 5024 1638 5088; x_wconf 78' lang='grc' dir='ltr'>οὐδενὸς</span> <span class='ocrx_word' id='word_1_766' title='bbox 1679 5028 1786 5080; x_wconf 86' lang='grc' dir='ltr'><strong>τῶν</strong></span> <span class='ocrx_word' id='word_1_767' title='bbox 1816 5030 1987 5084; x_wconf 80' lang='grc' dir='ltr'>ἄλλων</span> 
     </span>
    </p>
   </div>
   <div class='ocr_carea' id='block_1_103' title="bbox 411 5110 1987 5188">
    <p class='ocr_par' dir='ltr' id='par_1_103' title="bbox 411 5110 1987 5188">
     <span class='ocr_line' id='line_1_103' title="bbox 411 5110 1987 5188; baseline 0.008 -27"><span class='ocrx_word' id='word_1_768' title='bbox 411 5111 692 5180; x_wconf 75' lang='grc' dir='ltr'>ἠνέσχετο,</span> <span class='ocrx_word' id='word_1_769' title='bbox 726 5110 824 5164; x_wconf 83' lang='grc' dir='ltr'><strong>οὑκ</strong></span> <span class='ocrx_word' id='word_1_770' title='bbox 853 5112 938 5164; x_wconf 76' lang='grc' dir='ltr'><strong>ἐπ’</strong></span> <span class='ocrx_word' id='word_1_771' title='bbox 962 5112 1240 5180; x_wconf 84' lang='grc' dir='ltr'>ἀγγέλων,</span> <span class='ocrx_word' id='word_1_772' title='bbox 1278 5113 1378 5168; x_wconf 81' lang='grc' dir='ltr'><strong>οὐκ</strong></span> <span class='ocrx_word' id='word_1_773' title='bbox 1409 5116 1494 5168; x_wconf 73' lang='grc' dir='ltr'><strong>ἐπ’</strong></span> <span class='ocrx_word' id='word_1_774' title='bbox 1523 5115 1689 5187; x_wconf 80' lang='grc' dir='ltr'>ἄλλης</span> <span class='ocrx_word' id='word_1_775' title='bbox 1718 5120 1859 5182; x_wconf 71' lang='grc' dir='ltr'>τινος</span> <span class='ocrx_word' id='word_1_776' title='bbox 1885 5121 1987 5188; x_wconf 79' lang='grc' dir='ltr'><strong>φύ-</strong></span> 
     </span>
    </p>
   </div>
   <div class='ocr_carea' id='block_1_104' title="bbox 413 5200 1985 5283">
    <p class='ocr_par' dir='ltr' id='par_1_104' title="bbox 413 5200 1985 5283">
     <span class='ocr_line' id='line_1_104' title="bbox 413 5200 1985 5283; baseline 0.006 -28"><span class='ocrx_word' id='word_1_777' title='bbox 413 5218 549 5265; x_wconf 85' lang='grc' dir='ltr'>σεως</span> <span class='ocrx_word' id='word_1_778' title='bbox 568 5243 581 5264; x_wconf 91' lang='grc'><strong>,</strong></span> <span class='ocrx_word' id='word_1_779' title='bbox 616 5200 775 5255; x_wconf 82' lang='grc' dir='ltr'>τοῦτο</span> <span class='ocrx_word' id='word_1_780' title='bbox 807 5203 899 5255; x_wconf 79' lang='grc' dir='ltr'><strong>ἐπὶ</strong></span> <span class='ocrx_word' id='word_1_781' title='bbox 926 5207 992 5274; x_wconf 82' lang='grc' dir='ltr'>τῇ</span> <span class='ocrx_word' id='word_1_782' title='bbox 1026 5204 1132 5258; x_wconf 86' lang='grc' dir='ltr'>τῶν</span> <span class='ocrx_word' id='word_1_783' title='bbox 1155 5206 1458 5277; x_wconf 86' lang='grc' dir='ltr'>ἀνθρώπων</span> <span class='ocrx_word' id='word_1_784' title='bbox 1485 5209 1692 5279; x_wconf 82' lang='grc' dir='ltr'>ὑπέστη</span> <span class='ocrx_word' id='word_1_785' title='bbox 1720 5213 1985 5283; x_wconf 83' lang='grc' dir='ltr'>σωτηρίᾳ.</span> 
     </span>
    </p>
   </div>
   <div class='ocr_carea' id='block_1_105' title="bbox 411 5292 1984 5369">
    <p class='ocr_par' dir='ltr' id='par_1_105' title="bbox 411 5292 1984 5369">
     <span class='ocr_line' id='line_1_105' title="bbox 411 5292 1984 5369; baseline 0.006 -24"><span class='ocrx_word' id='word_1_786' title='bbox 411 5295 559 5346; x_wconf 78' lang='grc' dir='ltr'>’Δντὶ</span> <span class='ocrx_word' id='word_1_787' title='bbox 581 5292 843 5347; x_wconf 85' lang='grc' dir='ltr'>δεσπότου</span> <span class='ocrx_word' id='word_1_788' title='bbox 874 5294 982 5367; x_wconf 82' lang='grc' dir='ltr'><strong>γὰρ</strong></span> <span class='ocrx_word' id='word_1_789' title='bbox 1010 5295 1194 5360; x_wconf 82' lang='grc' dir='ltr'>δοῦλος</span> <span class='ocrx_word' id='word_1_790' title='bbox 1234 5298 1603 5369; x_wconf 86' lang='grc' dir='ltr'>χρηματίσας,</span> <span class='ocrx_word' id='word_1_791' title='bbox 1635 5301 1861 5363; x_wconf 70' lang='grc' dir='ltr'>είιεότως</span> <span class='ocrx_word' id='word_1_792' title='bbox 1889 5305 1984 5362; x_wconf 72' lang='grc' dir='ltr'><strong>καὶ</strong></span> 
     </span>
    </p>
   </div>
   <div class='ocr_carea' id='block_1_106' title="bbox 312 5382 1983 5463">
    <p class='ocr_par' dir='ltr' id='par_1_106' title="bbox 312 5382 1983 5463">
     <span class='ocr_line' id='line_1_106' title="bbox 312 5382 1983 5463; baseline 0.002 -26"><span class='ocrx_word' id='word_1_793' title='bbox 312 5439 318 5445; x_wconf 89' lang='lat'><em>_</em></span> <span class='ocrx_word' id='word_1_794' title='bbox 413 5382 730 5438; x_wconf 80' lang='grc' dir='ltr'>καταλιπεῖν</span> <span class='ocrx_word' id='word_1_795' title='bbox 757 5383 826 5438; x_wconf 77' lang='grc' dir='ltr'>τὰ</span> <span class='ocrx_word' id='word_1_796' title='bbox 850 5386 1204 5455; x_wconf 78' lang='grc' dir='ltr'>ἐννενήκοντα</span> <span class='ocrx_word' id='word_1_797' title='bbox 1231 5388 1384 5442; x_wconf 73' lang='grc' dir='ltr'>ἐννέα</span> <span class='ocrx_word' id='word_1_798' title='bbox 1409 5388 1557 5458; x_wconf 78' lang='grc' dir='ltr'>λέγει</span> <span class='ocrx_word' id='word_1_799' title='bbox 1584 5391 1852 5462; x_wconf 77' lang='grc' dir='ltr'>πρόϐατα,</span> <span class='ocrx_word' id='word_1_800' title='bbox 1885 5392 1983 5463; x_wconf 82' lang='grc' dir='ltr'><strong>τὴν</strong></span> 
     </span>
    </p>
   </div>
   <div class='ocr_carea' id='block_1_107' title="bbox 411 5477 1983 5556">
    <p class='ocr_par' dir='ltr' id='par_1_107' title="bbox 411 5477 1983 5556">
     <span class='ocr_line' id='line_1_107' title="bbox 411 5477 1983 5556; baseline 0.006 -27"><span class='ocrx_word' id='word_1_801' title='bbox 411 5478 489 5540; x_wconf 79' lang='grc' dir='ltr'><strong>είς</strong></span> <span class='ocrx_word' id='word_1_802' title='bbox 540 5477 666 5532; x_wconf 74' lang='grc' dir='ltr'>ἄλλο</span> <span class='ocrx_word' id='word_1_803' title='bbox 719 5478 1146 5550; x_wconf 82' lang='grc' dir='ltr'>παραδοξότερον</span> <span class='ocrx_word' id='word_1_804' title='bbox 1205 5483 1298 5535; x_wconf 76' lang='grc' dir='ltr'><strong>καὶ</strong></span> <span class='ocrx_word' id='word_1_805' title='bbox 1352 5482 1798 5556; x_wconf 87' lang='grc' dir='ltr'>θαυμασιώτερον</span> <span class='ocrx_word' id='word_1_806' title='bbox 1845 5479 1983 5548; x_wconf 71' lang='grc' dir='ltr'>εἶδος</span> 
     </span>
    </p>
   </div>
   <div class='ocr_carea' id='block_1_108' title="bbox 481 5656 1956 5729">
    <p class='ocr_par' dir='ltr' id='par_1_108' title="bbox 481 5656 1956 5729">
     <span class='ocr_line' id='line_1_108' title="bbox 481 5656 1956 5729; baseline 0.004 -19"><span class='ocrx_word' id='word_1_807' title='bbox 481 5659 502 5689; x_wconf 78' lang='grc'><strong>⁹</strong></span> <span class='ocrx_word' id='word_1_808' title='bbox 537 5656 726 5716; x_wconf 67' lang='lat' dir='ltr'><strong>Matth.</strong></span> <span class='ocrx_word' id='word_1_809' title='bbox 769 5674 820 5723; x_wconf 66' lang='grc' dir='ltr'>ι’,</span> <span class='ocrx_word' id='word_1_810' title='bbox 865 5658 944 5712; x_wconf 71' lang='lat' dir='ltr'><strong>l2.</strong></span> <span class='ocrx_word' id='word_1_811' title='bbox 1025 5659 1066 5688; x_wconf 80' lang='grc'><strong>¹⁰</strong></span> <span class='ocrx_word' id='word_1_812' title='bbox 1101 5659 1290 5718; x_wconf 80' lang='lat' dir='ltr'><strong>Matth.</strong></span> <span class='ocrx_word' id='word_1_813' title='bbox 1326 5665 1526 5729; x_wconf 52' lang='lat' dir='ltr'><strong>xvﬂi.</strong></span> <span class='ocrx_word' id='word_1_814' title='bbox 1610 5663 1644 5693; x_wconf 84' lang='lat'>“</span> <span class='ocrx_word' id='word_1_815' title='bbox 1693 5663 1823 5718; x_wconf 81' lang='lat' dir='ltr'><strong>ibid.</strong></span> <span class='ocrx_word' id='word_1_816' title='bbox 1868 5663 1956 5718; x_wconf 65' lang='grc'><strong>26.</strong></span> 
     </span>
    </p>
   </div>
   <div class='ocr_carea' id='block_1_109' title="bbox 2167 4851 3671 4920">
    <p class='ocr_par' dir='ltr' id='par_1_109' title="bbox 2167 4851 3671 4920">
     <span class='ocr_line' id='line_1_109' title="bbox 2167 4851 3671 4920; baseline -0.001 -14"><span class='ocrx_word' id='word_1_817' title='bbox 2167 4853 2268 4910; x_wconf 82' lang='lat' dir='ltr'><strong>lV..</strong></span> <span class='ocrx_word' id='word_1_818' title='bbox 2290 4851 2407 4906; x_wconf 83' lang='lat' dir='ltr'><strong>Non</strong></span> <span class='ocrx_word' id='word_1_819' title='bbox 2435 4851 2583 4910; x_wconf 84' lang='lat' dir='ltr'><strong>enim</strong></span> <span class='ocrx_word' id='word_1_820' title='bbox 2613 4867 2712 4920; x_wconf 90' lang='lat' dir='ltr'><strong>per</strong></span> <span class='ocrx_word' id='word_1_821' title='bbox 2734 4867 3079 4906; x_wconf 86' lang='lat' dir='ltr'><strong>communem</strong></span> <span class='ocrx_word' id='word_1_822' title='bbox 3111 4851 3448 4906; x_wconf 58' lang='lat' dir='ltr'><strong>et‘omnibus</strong></span> <span class='ocrx_word' id='word_1_823' title='bbox 3481 4867 3671 4904; x_wconf 72' lang='lat' dir='ltr'><strong>assure-</strong></span> 
     </span>
    </p>
   </div>
   <div class='ocr_carea' id='block_1_110' title="bbox 2097 4941 3674 5012">
    <p class='ocr_par' dir='ltr' id='par_1_110' title="bbox 2097 4941 3674 5012">
     <span class='ocr_line' id='line_1_110' title="bbox 2097 4941 3674 5012; baseline -0.002 -14"><span class='ocrx_word' id='word_1_824' title='bbox 2097 4953 2206 4998; x_wconf 87' lang='lat' dir='ltr'><strong>tam</strong></span> <span class='ocrx_word' id='word_1_825' title='bbox 2246 4942 2647 5012; x_wconf 85' lang='lat' dir='ltr'><strong>operationem,</strong></span> <span class='ocrx_word' id='word_1_826' title='bbox 2680 4942 2858 4997; x_wconf 81' lang='lat' dir='ltr'><strong>Verbo</strong></span> <span class='ocrx_word' id='word_1_827' title='bbox 2890 4952 3132 4997; x_wconf 86' lang='lat' dir='ltr'><strong>nostram</strong></span> <span class='ocrx_word' id='word_1_828' title='bbox 3179 4952 3429 4995; x_wconf 89' lang='lat' dir='ltr'><strong>naturam</strong></span> <span class='ocrx_word' id='word_1_829' title='bbox 3473 4941 3674 4995; x_wconf 77' lang='lat' dir='ltr'><strong>forma-</strong></span> 
     </span>
    </p>
   </div>
   <div class='ocr_carea' id='block_1_111' title="bbox 2091 5030 3671 5100">
    <p class='ocr_par' dir='ltr' id='par_1_111' title="bbox 2091 5030 3671 5100">
     <span class='ocr_line' id='line_1_111' title="bbox 2091 5030 3671 5100; baseline 0.001 -15"><span class='ocrx_word' id='word_1_830' title='bbox 2091 5033 2207 5092; x_wconf 88' lang='lat' dir='ltr'><strong>vit;</strong></span> <span class='ocrx_word' id='word_1_831' title='bbox 2257 5031 2350 5085; x_wconf 89' lang='lat' dir='ltr'><strong>scd</strong></span> <span class='ocrx_word' id='word_1_832' title='bbox 2399 5030 2545 5100; x_wconf 88' lang='lat' dir='ltr'><strong>quod</strong></span> <span class='ocrx_word' id='word_1_833' title='bbox 2594 5030 2647 5083; x_wconf 89' lang='lat' dir='ltr'><strong>in</strong></span> <span class='ocrx_word' id='word_1_834' title='bbox 2701 5031 2881 5085; x_wconf 85' lang='lat' dir='ltr'><strong>nullos</strong></span> <span class='ocrx_word' id='word_1_835' title='bbox 2915 5031 3052 5087; x_wconf 87' lang='lat' dir='ltr'><strong>alios</strong></span> <span class='ocrx_word' id='word_1_836' title='bbox 3082 5031 3344 5094; x_wconf 83' lang='lat' dir='ltr'><strong>ostendit,</strong></span> <span class='ocrx_word' id='word_1_837' title='bbox 3388 5046 3564 5099; x_wconf 87' lang='lat' dir='ltr'><strong>neque</strong></span> <span class='ocrx_word' id='word_1_838' title='bbox 3617 5033 3671 5086; x_wconf 90' lang='lat' dir='ltr'><strong>in</strong></span> 
     </span>
    </p>
   </div>
   <div class='ocr_carea' id='block_1_112' title="bbox 2093 5119 3670 5190">
    <p class='ocr_par' dir='ltr' id='par_1_112' title="bbox 2093 5119 3670 5190">
     <span class='ocr_line' id='line_1_112' title="bbox 2093 5119 3670 5190; baseline 0.001 -17"><span class='ocrx_word' id='word_1_839' title='bbox 2093 5120 2334 5187; x_wconf 61' lang='lat' dir='ltr'><strong>angelos,</strong></span> <span class='ocrx_word' id='word_1_840' title='bbox 2384 5134 2563 5188; x_wconf 90' lang='lat' dir='ltr'><strong>neque</strong></span> <span class='ocrx_word' id='word_1_841' title='bbox 2610 5119 2842 5190; x_wconf 87' lang='lat' dir='ltr'><strong>alicujus</strong></span> <span class='ocrx_word' id='word_1_842' title='bbox 2886 5127 3094 5173; x_wconf 70' lang='lat' dir='ltr'><strong>natura:</strong></span> <span class='ocrx_word' id='word_1_843' title='bbox 3140 5127 3438 5185; x_wconf 87' lang='lat' dir='ltr'><strong>creaturas,</strong></span> <span class='ocrx_word' id='word_1_844' title='bbox 3476 5119 3670 5174; x_wconf 86' lang='lat' dir='ltr'><strong>hocin</strong></span> 
     </span>
    </p>
   </div>
   <div class='ocr_carea' id='block_1_113' title="bbox 2093 5209 3670 5279">
    <p class='ocr_par' dir='ltr' id='par_1_113' title="bbox 2093 5209 3670 5279">
     <span class='ocr_line' id='line_1_113' title="bbox 2093 5209 3670 5279; baseline 0.003 -18"><span class='ocrx_word' id='word_1_845' title='bbox 2093 5209 2378 5262; x_wconf 87' lang='lat' dir='ltr'><strong>hominum</strong></span> <span class='ocrx_word' id='word_1_846' title='bbox 2426 5209 2656 5264; x_wconf 80' lang='lat' dir='ltr'><strong>salutem</strong></span> <span class='ocrx_word' id='word_1_847' title='bbox 2698 5209 2986 5278; x_wconf 88' lang='lat' dir='ltr'><strong>disposuit.</strong></span> <span class='ocrx_word' id='word_1_848' title='bbox 3024 5209 3238 5262; x_wconf 87' lang='lat' dir='ltr'><strong>Etenim</strong></span> <span class='ocrx_word' id='word_1_849' title='bbox 3268 5223 3369 5279; x_wconf 87' lang='lat' dir='ltr'><strong>pro</strong></span> <span class='ocrx_word' id='word_1_850' title='bbox 3401 5209 3537 5264; x_wconf 85' lang='lat' dir='ltr'><strong>hero</strong></span> <span class='ocrx_word' id='word_1_851' title='bbox 3569 5225 3670 5266; x_wconf 85' lang='lat' dir='ltr'><strong>suo</strong></span> 
     </span>
    </p>
   </div>
   <div class='ocr_carea' id='block_1_114' title="bbox 2091 5299 3669 5371">
    <p class='ocr_par' dir='ltr' id='par_1_114' title="bbox 2091 5299 3669 5371">
     <span class='ocr_line' id='line_1_114' title="bbox 2091 5299 3669 5371; baseline -0.001 -16"><span class='ocrx_word' id='word_1_852' title='bbox 2091 5314 2282 5355; x_wconf 77' lang='lat' dir='ltr'><strong>servus</strong></span> <span class='ocrx_word' id='word_1_853' title='bbox 2304 5299 2553 5370; x_wconf 88' lang='lat' dir='ltr'><strong>loquens,</strong></span> <span class='ocrx_word' id='word_1_854' title='bbox 2580 5301 2779 5354; x_wconf 79' lang='lat' dir='ltr'><strong>merito</strong></span> <span class='ocrx_word' id='word_1_855' title='bbox 2805 5299 3052 5368; x_wconf 85' lang='lat' dir='ltr'><strong>linquere</strong></span> <span class='ocrx_word' id='word_1_856' title='bbox 3078 5315 3270 5354; x_wconf 80' lang='lat' dir='ltr'><strong>novem</strong></span> <span class='ocrx_word' id='word_1_857' title='bbox 3293 5309 3348 5354; x_wconf 87' lang='lat' dir='ltr'><strong>ct</strong></span> <span class='ocrx_word' id='word_1_858' title='bbox 3371 5301 3669 5371; x_wconf 84' lang='lat' dir='ltr'><strong>nonaginta</strong></span> 
     </span>
    </p>
   </div>
   <div class='ocr_carea' id='block_1_115' title="bbox 2091 5389 3668 5461">
    <p class='ocr_par' dir='ltr' id='par_1_115' title="bbox 2091 5389 3668 5461">
     <span class='ocr_line' id='line_1_115' title="bbox 2091 5389 3668 5461; baseline 0.002 -18"><span class='ocrx_word' id='word_1_859' title='bbox 2091 5407 2219 5445; x_wconf 83' lang='lat' dir='ltr'><strong>mes</strong></span> <span class='ocrx_word' id='word_1_860' title='bbox 2252 5391 2404 5455; x_wconf 84' lang='lat' dir='ltr'><strong>dicit,</strong></span> <span class='ocrx_word' id='word_1_861' title='bbox 2443 5406 2566 5446; x_wconf 91' lang='lat' dir='ltr'><strong>cum</strong></span> <span class='ocrx_word' id='word_1_862' title='bbox 2611 5391 2666 5445; x_wconf 92' lang='lat' dir='ltr'><strong>in</strong></span> <span class='ocrx_word' id='word_1_863' title='bbox 2697 5389 2856 5445; x_wconf 71' lang='lat' dir='ltr'><strong>aliam</strong></span> <span class='ocrx_word' id='word_1_864' title='bbox 2891 5389 3290 5453; x_wconf 61' lang='lat' dir='ltr'><strong>mirabiliorem,</strong></span> <span class='ocrx_word' id='word_1_865' title='bbox 3324 5400 3380 5446; x_wconf 88' lang='lat' dir='ltr'><strong>et</strong></span> <span class='ocrx_word' id='word_1_866' title='bbox 3409 5401 3668 5461; x_wconf 63' lang='lat' dir='ltr'><strong>prat-stan.</strong></span> 
     </span>
    </p>
   </div>
   <div class='ocr_carea' id='block_1_116' title="bbox 2095 5483 3664 5554">
    <p class='ocr_par' dir='ltr' id='par_1_116' title="bbox 2095 5483 3664 5554">
     <span class='ocr_line' id='line_1_116' title="bbox 2095 5483 3664 5554; baseline 0.004 -18"><span class='ocrx_word' id='word_1_867' title='bbox 2095 5485 2291 5537; x_wconf 81' lang='lat' dir='ltr'><strong>liorem</strong></span> <span class='ocrx_word' id='word_1_868' title='bbox 2341 5483 2534 5537; x_wconf 85' lang='lat' dir='ltr'><strong>faciem</strong></span> <span class='ocrx_word' id='word_1_869' title='bbox 2599 5483 2976 5554; x_wconf 85' lang='lat' dir='ltr'><strong>operationem</strong></span> <span class='ocrx_word' id='word_1_870' title='bbox 3039 5483 3382 5541; x_wconf 87' lang='lat' dir='ltr'><strong>immutatam</strong></span> <span class='ocrx_word' id='word_1_871' title='bbox 3430 5499 3550 5542; x_wconf 67' lang='lat' dir='ltr'><strong>esse</strong></span> <span class='ocrx_word' id='word_1_872' title='bbox 3608 5497 3664 5542; x_wconf 86' lang='lat' dir='ltr'><strong>ct</strong></span> 
     </span>
    </p>
   </div>
   <div class='ocr_carea' id='block_1_117' title="bbox 2039 5660 2594 5731">
    <p class='ocr_par' dir='ltr' id='par_1_117' title="bbox 2039 5660 2594 5731">
     <span class='ocr_line' id='line_1_117' title="bbox 2039 5660 2594 5731; baseline -0.007 -13"><span class='ocrx_word' id='word_1_873' title='bbox 2039 5663 2077 5694; x_wconf 82' lang='lat'>&quot;</span> <span class='ocrx_word' id='word_1_874' title='bbox 2115 5660 2302 5717; x_wconf 75' lang='lat' dir='ltr'><strong>Matth.</strong></span> <span class='ocrx_word' id='word_1_875' title='bbox 2340 5677 2463 5731; x_wconf 78' lang='lat' dir='ltr'><strong>xxv,</strong></span> <span class='ocrx_word' id='word_1_876' title='bbox 2506 5661 2594 5716; x_wconf 71' lang='grc' dir='ltr'><strong>Μ).</strong></span> 
     </span>
    </p>
   </div>
  </div>
