4038 6208
401 264 3628 340 mm

1318 468 2694 654 EBECHTHIUS

905 769 1610 866 ANTIOCHIIE
1694 780 1820 868 IN
1908 781 2362 874 PISIDIA
2434 787 3111 884 EPISCOPUS.

1522 1137 2150 1248 FBAGMEN
2164 1143 2482 1248 TUM.

1443 1343 1584 1417 Ang.
1608 1344 1709 1401 ΜΑι
1735 1344 1931 1416 Script.
1967 1346 2074 1402 Vet.
2101 1357 2142 1406 t.
2164 1347 2277 1414 Vll,
2301 1363 2356 1417 p.
2392 1348 2515 1404 165.

385 1655 527 1738 Τοῦ.
542 1659 840 1739 μαέαρίου
878 1660 1179 1739 Ἐρεχρίου
1220 1661 1579 1739 ἐξεισιιόπου.
1600 1661 1958 1739 Ἀντιρχείιξς
1985 1667 2005 1718 l

2126 1662 2285 1739 βεαιὶ
2312 1666 2583 1739 Erechthii
2604 1670 2829 1739 episcOpi
2852 1669 3145 1724 Antiochia:
3175 1671 3231 1724 in
3252 1667 3452 1726 Pisidia
3473 1689 3536 1726 ea:
3561 1673 3646 1728 ho-

452 1724 563 1798 tﬁc
608 1724 950 1797 Πεὶσιδίαςξ
1000 1724 1068 1796 ἐξ
1107 1734 1344 1798 ὁμιλίας
1373 1731 1698 1797 λεχθείσης
1733 1724 1960 1794 ἑιῖτοῖζ·

453 1750 563 1792 της
608 1750 912 1797 υεισιοιας
935 1772 950 1796 ,
1000 1750 1065 1796 εις
1107 1750 1138 1786 ο
1185 1750 1344 1798 ιλιας
1373 1750 1698 1797 λεχθείσης
1733 1750 1803 1785 εν
1833 1750 1960 1794 τοις

453 1796 645 1865 ἁγίοις
695 1801 1074 1870 Θεοφανείοις
1123 1750 1192 1856 ίί
1231 1801 1308 1870 τῇ
1347 1799 1597 1870 Μεγάλῃ
1659 1799 1963 1866 ἐκκλησίᾳ

455 1871 1147 1942 Κωιςσταντινουπόλεως
1172 1914 1187 1934 ,
1244 1871 1642 1942 καθεζομένου
1697 1871 1804 1926 τοῦ
1851 1885 1963 1938 μα-

454 1937 666 2005 καρίου
693 1940 1030 1996 ἐπισκόπου
1057 1943 1354 2011 Πρόκλου.

457 2032 615 2102 Παρὰ
651 2031 878 2085 Ἡσαΐου
923 2032 1019 2086 τοῦ
1062 2034 1301 2104 μεγάλου
1335 2037 1612 2106 προφήτου
1648 2033 1963 2104 ἠκούσαμεν

380 2120 517 2172 Θεοῦ
545 2122 976 2191 κηρυττομένουο
1013 2123 1264 2177 Παιδίον
1290 2125 1422 2192 γὰρ,
1451 2126 1638 2194 φησὶν,
1670 2124 1962 2195 ἐγεννήθη

381 2209 558 2276 ἡμῖν,
617 2211 717 2263 καὶ
771 2210 904 2276 Υἱὸς
935 2211 1111 2280 ἐδύοη
1144 2213 1323 2283 ἡμῖν,
1361 2211 1432 2270 οὗ
1465 2217 1502 2283 ἠ
1531 2214 1686 2283 ἁρχὴ
1711 2215 1964 2286 ἐγενήθη

382 2301 479 2353 ἐπὶ
509 2302 617 2355 τοῦ
639 2302 800 2371 ὤμου
824 2304 1030 2358 αὑτοῦ·
1063 2304 1158 2357 καὶ
1184 2305 1449 2359 καλεῖται
1474 2307 1540 2358 τὸ
1563 2306 1750 2374 ὄνομα
1771 2310 1848 2362 αὑ
1860 2307 1965 2362 τοῦ

379 2393 651 2461 μεγάλης
704 2393 948 2463 βουλῆς
1013 2395 1312 2465 ἅγγελος,
1373 2398 1754 2464 θαυμαστὸς,
1805 2400 1961 2469 σύμ-

381 2487 598 2550 ϐουλος
634 2525 649 2549 ,
723 2485 868 2552 Θεὸς
925 2488 1210 2557 ισχυρὸς,
1267 2489 1709 2556 ἐξουσιαστὶις,
1765 2491 1964 2559 ἅρχων

381 2574 624 2644 ςίρήνης
644 2617 658 2640 ,
692 2577 889 2646 πατὴρ
914 2579 1020 2632 τοῦ
1042 2578 1379 2648 μέλλοντος
1404 2578 1638 2647 αἰῶνος.
1667 2581 1846 2651 Μήτις
1867 2576 1963 2635 οὖν

379 2666 522 2746 ὑμᾶς
558 2668 844 2732 Ἰουδαῖκὸς
898 2669 1294 2740 ἐξαπατήσειεν
1346 2671 1540 2733 κλάδος
1571 2688 1584 2700 ·
1655 2671 1798 2725 οὕτω
1851 2673 1962 2740 γὰρ

385 2759 572 2811 καλεῖν
622 2759 749 2820 τοὺς
798 2761 1174 2830 αἱρετῑζοντοις
1221 2762 1411 2826 ἄξιον,
1468 2764 1544 2826 ὡς
1591 2763 1720 2816 ἄλλο
1761 2764 1861 2834 μὲν
1907 2764 1967 2817 τὸ

382 2845 605 2916 τεχθὲν,
641 2847 772 2900 ἄλλο
799 2848 858 2900 δὲ
890 2849 917 2899 ὁ
945 2851 1002 2902 ὲν
1029 2849 1177 2917 αὐτῷ
1209 2851 1539 2918 κατοικήσας
1567 2850 1698 2913 Θεὸς
1718 2893 1731 2912 ,
1770 2852 1862 2904 καὶ
1892 2851 1966 2914 ὡς

381 2938 474 2992 δύο
504 2940 598 2992 τοῦ
628 2940 981 3013 γεννηθέντος
1013 2943 1068 2994 αἱ
1094 2941 1305 3008 φύσεις·
1347 2943 1411 2994 ἂν
1441 2945 1553 3012 γάρ
1586 2960 1668 3006 τις
1697 2942 1854 2996 τοῦτο
1877 2944 1963 2996 λέ-

381 3047 500 3098 γειν
531 3031 883 3102 τολμήσειεν,
934 3035 1024 3086 τὸν
1059 3033 1403 3104 Ἐμμανουὴλ
1437 3033 1587 3104 αὐτῷ
1623 3034 1781 3104 μόνον
1813 3033 1962 3087 ἀντί-

383 3123 473 3186 Θες
493 3164 506 3184 .
564 3124 660 3178 καὶ
707 3125 927 3195 χαλινὸν
971 3127 1186 3196 σιωπῆς
1218 3125 1316 3196 τὴν
1347 3126 1442 3178 τοῦ
1473 3127 1738 3196 ὀνόματος
1771 3125 1962 3180 ὑποδέ-

383 3215 532 3281 ξεται
566 3217 808 3288 μνήμην.
845 3218 918 3270 Οὐ
945 3217 1056 3290 γὰρ
1081 3218 1174 3271 δύο
1201 3218 1416 3288 φύσεις,
1446 3218 1582 3272 ἀλλὰ
1611 3219 1964 3288 σαρκωοέντα.

383 3307 513 3360 Θεὸν
567 3309 601 3379 ἠ
641 3309 916 3379 Παρθένος
973 3308 1249 3380 μυστικῶς
1283 3309 1640 3378 ἀπεκύησεν,
1693 3308 1960 3379 δεξαμένη

381 3398 478 3465 τὴν
496 3397 591 3451 τοῦ
614 3399 932 3464 Πνεύματος
955 3401 1318 3470 ἐπιφοίτησιν.
1348 3401 1410 3452 Ei
1438 3400 1536 3469 μὲν
1558 3399 1666 3470 γὰρ
1687 3399 1961 3467 ἀνθρωπί-

347 3475 352 3480 ”
387 3507 481 3559 νης
513 3491 724 3559 σπορᾶς
760 3490 1047 3560 βλάστημα
1070 3487 1138 3561 ἦν
1164 3492 1192 3543 ὁ
1217 3490 1474 3561 Χριστὸς,
1501 3490 1851 3559 ουνετίθεμεν
1872 3491 1958 3551 ἂν,

384 3579 473 3632 τὸν
524 3579 736 3650 καρπὸν
789 3581 932 3637 κατὰ
977 3581 1076 3651 τὴν
1120 3581 1285 3650 φύσιν
1326 3579 1614 3651 μιμεῖσθαι
1642 3579 1737 3651 τὴν
1766 3581 1920 3649 ῥίζαν
1947 3597 1961 3610 ο

385 3673 432 3726 tl
462 3671 518 3726 δὲ
555 3674 620 3726 ὲκ
647 3673 961 3743 Πνεύματός
993 3675 1138 3727 ἐστιν
1168 3675 1354 3743 ἁγίου,
1399 3672 1539 3727 κατὰ
1566 3673 1664 3744 τὴν
1693 3673 1785 3727 τοῦ
1817 3675 1961 3743 ἀρχ-

386 3763 642 3848 ιγγέλουκ
675 3763 857 3834 φωνὴν
881 3803 896 3827 ,
953 3765 1084 3828 Θεὸς
1130 3768 1158 3818 ὁ
1195 3766 1426 3836 τεχθεὶς,
1466 3766 1652 3836 ἐπειδὴ
1711 3767 1804 3819 καὶ
1838 3765 1966 3828 Θεὸς

385 3860 412 3911 ὁ
443 3858 541 3930 τῆς
573 3861 879 3928 γεννήσεως
909 3857 1188 3930 πρόξενος.

455 4013 470 4045 ¹
507 4011 614 4070 isa.
649 4031 730 4080 ix,
762 4015 817 4070 6.

2064 1733 2214 1810 milia
2249 1737 2474 1810 recitata
2498 1739 2552 1810 in
2583 1733 3105 1810 sancta'Epiphiania
3124 1741 3177 1793 in
3200 1739 3403 1810 Magna
3429 1742 3646 1797 ecclesia

2063 1801 2243 1862 Const.
2272 1808 2485 1862 sedente
2511 1809 2666 1864 beato
2688 1801 2924 1880 episcopo
2948 1809 3158 1864 Proclo.

2136 2028 2218 2084 Ex
2259 2044 2458 2101 magno
2505 2031 2776 2101 propheta
2823 2032 2964 2086 Isaia
2997 2032 3332 2098 audivimus,
3364 2048 3492 2088 cum
3536 2033 3645 2088 ait:

2063 2117 2207 2174 Puer
2251 2130 2406 2176 natus
2435 2129 2509 2177 est
2557 2123 2723 2189 nobis,
2762 2132 2811 2176 et
2831 2122 2974 2192 ﬁlius
3002 2123 3159 2178 datus
3195 2134 3269 2178 est
3301 2122 3468 2186 nobis,
3498 2124 3648 2192 cuius

2066 2211 2393 2282 principatus
2421 2229 2580 2283 super
2620 2215 2900 2268 humerum
2942 2214 3089 2284 ejus;
3125 2225 3175 2267 et
3210 2224 3428 2268 vocatur
3459 2230 3650 2268 nomen

2067 2305 2180 2375 ejus
2207 2307 2389 2376 magni
2418 2306 2624 2362 consilii
2643 2305 2884 2379 angelus,
2905 2305 3256 2371 admirabilis,
3285 2305 3646 2369 consiliarius,

2066 2392 2206 2449 Deus
2230 2395 2404 2463 fortis,
2423 2397 2870 2467 potens,princeps
2886 2398 3050 2467 pacis,
3070 2405 3221 2467 pater
3236 2395 3400 2464 futuri
3417 2396 3596 2450 saeculi
3607 2398 3646 2452 '.

2065 2485 2144 2541 Ne
2163 2485 2329 2556 igitur
2353 2487 2552 2557 aliquis
2579 2487 2841 2545 Judaicus
2861 2488 3116 2544 surculus
3137 2503 3234 2543 vos
3259 2486 3530 2556 decipiat;
3568 2485 3651 2541 sic

2066 2577 2213 2630 enim
2238 2578 2549 2648 appellandi
2569 2588 2719 2645 sunt,
2743 2580 2838 2650 qui
2856 2579 3149 2636 haereticos
3169 2585 3473 2643 sectantur,
3492 2576 3649 2648 quasi

2067 2669 2212 2724 alius
2234 2670 2326 2736 sit,
2353 2671 2448 2740 qui
2473 2679 2633 2726 natus
2651 2678 2759 2736 est,
2789 2680 2843 2727 et
2875 2672 3037 2735 alius,
3061 2671 3159 2741 qui
3199 2670 3256 2724 in
3291 2685 3358 2727 eo
3381 2670 3651 2726 habitavit

2068 2765 2233 2832 Deus,
2253 2775 2309 2821 et
2329 2765 2485 2835 quasi
2504 2765 2625 2820 duae
2640 2765 2750 2819 sint
2764 2767 2901 2835 ejus,
2922 2765 3014 2834 qui
3038 2773 3198 2819 natus
3219 2773 3322 2827 est,
3341 2770 3574 2819 naturze.
3593 2763 3651 2818 Si

2068 2857 2193 2926 quis
2227 2858 2374 2912 enim
2408 2858 2514 2912 hoc
2543 2855 2612 2912 de
2647 2857 3000 2913 Emmanuele
3037 2857 3224 2912 dicere
3268 2873 3436 2912 ausus
3461 2857 3648 2918 fuerit,

2069 2961 2284 3016 oppone
2302 2946 2353 3001 ei
2372 2946 2478 3001 hoc
2492 2947 2666 3001 solum
2684 2957 2907 3009 nomen,
2931 2955 2988 3000 et
3007 2946 3270 3000 memoria
3293 2946 3458 3015 hujus
3475 2943 3655 2997 nomi-

2071 3040 2157 3093 nis
2176 3038 2347 3092 eritei
2367 3037 2578 3093 frenum
2597 3037 2958 3092 silentii.Non
2975 3037 3124 3092 enim
3141 3037 3276 3090 duas
3295 3045 3541 3096 naturas,
3555 3033 3651 3088 sed

2071 3130 2245 3186 Deum
2301 3129 2646 3182 incarnatum
2731 3126 2896 3197 Virgo
2959 3124 3187 3195 mystice
3242 3122 3476 3193 peperit,
3526 3136 3653 3175 cum

2074 3221 2315 3291 Spiritus
2345 3227 2570 3274 sanctus
2614 3218 2668 3271 in
2718 3233 2838 3271 eam
2877 3216 3305 3284 supervenisset.
3345 3213 3559 3268 Etenim
3604 3213 3652 3267 si

2071 3311 2326 3366 Christus
2372 3319 2520 3364 esset
2571 3308 2714 3363 fetus
2753 3307 2984 3361 seminis
3010 3306 3262 3372 humani,
3292 3303 3652 3360 concederem

2075 3407 2316 3460 fructum
2372 3403 2677 3458 secundum
2712 3409 2964 3455 naturam
3000 3399 3202 3453 imitari
3239 3399 3503 3452 radicem.
3556 3397 3654 3451 Sin

2071 3511 2203 3549 vero
2237 3502 2322 3548 est
2368 3510 2435 3546 ex
2485 3491 2698 3560 Spiritu
2743 3498 2955 3552 sancto,
3003 3487 3308 3542 secundum
3346 3501 3533 3539 vocem
3563 3500 3652 3539 ar-

2071 3587 2510 3657 changeli,Dcus
2563 3593 2648 3639 est
2691 3583 2784 3653 qui
2849 3590 3010 3636 natus
3059 3591 3162 3644 cst,
3213 3579 3340 3648 quia
3393 3580 3534 3634 Deus
3570 3585 3652 3633 est

2073 3697 2172 3735 cau
2186 3695 2244 3734 $3
2279 3687 2434 3733 Ol‘lllS
2446 3717 2463 3734 ο

393 4205 3638 4263 W

1004 4402 1992 4588 SANCTUS
2182 4401 3036 4586 PETBUS

1273 4719 2065 4821 LAODICENSIS
2137 4719 2826 4815 EPISCOPUS.

766 4993 860 5057 DE
894 4991 1131 5054 PETRI
1163 4988 1650 5052 LAODICENSIS
1685 4983 2232 5048 COMMENTARIO
2261 4982 2341 5042 IN
2381 4981 2751 5054 QUATUOR
2791 4979 3240 5043 EVANGELIA.

1438 5128 1578 5201 Ang.
1614 5127 1719 5183 MM
1749 5125 2001 5181 Biblioth.
2038 5142 2157 5180 nov.
2191 5135 2232 5180 t.
2271 5125 2357 5192 Vl,
2397 5140 2455 5195 p.
2495 5123 2618 5179 543.

461 5241 605 5297 Petri
648 5239 892 5310 episcopi
942 5238 1237 5294 Laodiceni
1274 5238 1600 5309 permodica
1631 5253 1697 5293 ac
1738 5251 1910 5307 prope
1956 5234 2108 5290 nulla
2155 5235 2360 5305 legitur
2388 5233 2586 5289 notitia
2629 5232 2773 5303 apud
2811 5229 3248 5301 bibliographos.
3298 5228 3488 5283 Exstat
3538 5227 3659 5299 ejus

391 5332 574 5387 brevis
632 5329 986 5400 paraphrasis
1037 5329 1306 5385 orationis
1361 5329 1660 5385 Dominicze
1691 5329 1746 5382 in
1783 5340 1931 5381 torno
1969 5325 2151 5396 primo
2181 5323 2455 5396 Origenis,
2497 5320 2760 5374 editionis
2797 5319 3080 5383 Maurinae,
3129 5317 3235 5373 col.
3274 5316 3400 5379 909,
3445 5315 3656 5378 Graece,

385 5433 510 5471 cum
545 5414 998 5488 interpretatione
1028 5415 1223 5470 Latina
1255 5431 1323 5471 ex
1348 5415 1671 5470 Bibliotheca
1708 5414 1878 5485 Lugd.
1913 5413 2020 5470 PP.
2054 5424 2094 5468 t.
2129 5413 2246 5478 XII,
2283 5429 2338 5483 p.
2374 5411 2500 5466 522.
2537 5409 2892 5481 l‘araphrasis
2922 5423 3141 5479 quoque
3169 5403 3294 5477 ejus'
3317 5405 3660 5461 canticorum

385 5504 446 5559 Β.
485 5503 691 5568 Mariae,
742 5502 1043 5568 Zacharim,
1085 5518 1150 5558 ac
1201 5502 1477 5559 Simeonis
1527 5502 1674 5558 edita
1719 5503 1821 5556 fuit
1847 5517 1876 5556 a
1910 5502 2157 5564 Morello,
2203 5515 2368 5571 quam
2405 5515 2515 5554 non
2552 5498 2687 5553 vidi.
2729 5498 2976 5567 Denique
3014 5497 3069 5550 in
3111 5493 3326 5550 Possini
3366 5500 3560 5549 catena
3589 5493 3657 5548 ad

387 5589 576 5646 Matth.
629 5607 740 5654 xix,
796 5590 883 5655 11,
923 5590 1078 5645 locus
1118 5590 1388 5646 recitatur
1423 5607 1491 5646 ex
1532 5590 1730 5646 eodem
1788 5591 1950 5645 Petro
2004 5589 2335 5644 Laodiceno.
2387 5585 2507 5640 1am
2554 5600 2683 5640 vero
2736 5585 2933 5655 plenus
2967 5582 3035 5638 ad
3070 5592 3310 5653 quatuor
3357 5581 3655 5651 Evangelia

385 5683 842 5750 Commentarius,
876 5699 1002 5739 cum
1063 5683 1210 5741 Petri
1237 5683 1550 5752 Laodiceni,
1615 5685 1820 5758 Πέτρον
1864 5684 2201 5749 Λαπδικεῖτις,

2256 5685 2310 5738 in
2370 5681 2656 5738 codicibus
2713 5679 2990 5736 Vaticanis
3029 5679 3164 5738 mihi
3201 5677 3440 5733 feliciter
3491 5690 3655 5730 com-
