4038 6208
403 241 552 306 3323
1641 241 1702 302 S.
1739 239 1968 300 PETRI

2113 235 2414 298 DDICENI
3519 230 3656 295 332‘

409 385 595 446 pertus
622 381 706 428 est
766 387 928 442 quem
956 387 1078 427 cum
1107 372 1368 442 praedicta
1395 370 1662 427 orationis
1691 372 1992 426 Dominicte
2020 369 2338 440 paraphrasi
2372 368 2538 432 edita,
2577 384 2676 423 nec
2707 385 2814 423 non
2847 385 2970 424 cum
2999 368 3326 424 PoSsiniano
3355 369 3662 439 fragtiiento

411 463 720 530 conferens,
758 463 986 534 cognovi
1029 465 1256 518 omnino
1304 475 1468 534 atque
1513 465 1801 519 evidenter
1837 479 1922 518 me
1957 463 2104 517 Petri
2137 461 2431 516 Laudiceni
2461 475 2600 530 opus
2639 461 2694 515 in
2731 461 2984 516 manibus
3013 461 3239 525 habere,
3269 463 3396 531 quia
3429 471 3660 531 uterque

412 551 502 606 ille
549 550 750 606 citatus
784 550 961 616 locus,
994 551 1049 605 in
1082 567 1250 620 opere
1283 551 1579 607 Laodiceni
1615 553 1836 622 legitur.
1874 551 1998 604 llzec
2033 550 2103 604 de
2147 564 2333 618 opere.
2369 548 2488 604 Jam
2529 548 2598 602 de
2633 549 2869 603 auctoris
2910 557 3068 604 actate
3111 549 3242 620 quid
3279 549 3502 602 dicam?
3555 549 3662 603 nisi

410 641 560 710 quod
593 652 704 696 tum
737 645 792 698 in
819 644 985 698 citato
1013 643 1384 697 Maurinorum
1416 643 1557 702 loco.
1589 653 1702 698 tum
1727 644 1887 696 etiam
1916 642 1969 694 in
2001 641 2179 695 iudice
2207 641 2542 694 Bibliotheca?
2575 639 2684 694 PP.
2717 651 2757 693 t.
2789 641 2830 702 I,
2859 641 3054 694 Petrus
3083 641 3175 695 hic
3199 643 3433 710 septimo
3459 640 3662 694 saeculo

415 729 872 798 conjecturaliter
907 729 1203 790 addicitur,
1239 739 1300 782 ut
1333 728 1531 783 Coccio
1562 729 1792 798 aliisque
1826 729 2067 798 placuit:
2101 730 2250 797 quod
2277 731 2323 783 si
2357 744 2485 784 vere
2525 729 2846 794 afﬁrmatur,
2877 729 3144 784 habemus
3165 739 3447 784 auctorem
3477 729 3664 783 hercle

413 827 656 874 veterem
691 828 747 874 et
774 821 1174 877 restimabilem.
1214 825 1402 878 Trium
1443 832 1625 878 autem
1661 824 1805 878 Petri
1845 823 2096 877 codicum
2127 823 2249 878 Vat.
2295 823 2608 892 praecipuus
2637 822 2873 889 scriptus
2907 820 3088 874 fuitin
3121 821 3378 875 Armenia
3405 819 3662 873 Theodo-

422 911 620 980 siOpoli
656 911 824 976 (nunc
855 911 1176 980 Erzerum);
1227 915 1584 983 quamobrem
1631 929 1823 968 versus
1865 927 2084 979 quoque
2131 911 2455 964 Armeniaca
2495 911 2680 980 lingua
2725 910 3034 978 litterisque
3065 911 3360 979 conscripti
3395 911 3449 962 in
3483 908 3664 962 fronte

417 995 624 1052 codicis
655 1007 802 1051 sunt.
853 997 1044 1053 Obiter
1091 1009 1274 1053 autem
1317 1001 1425 1062 aio,
1473 999 1612 1052 duos
1655 999 1846 1052 Petrus
1885 997 2388 1066 Theodosiopolcos
2429 998 2716 1066 episcopos
2743 998 3036 1050 memorari
3073 997 3124 1050 in
3167 997 3418 1066 Lequinii
3453 995 3668 1050 Oriente

419 1079 544 1136 Chr.
581 1089 620 1135 t.
653 1081 694 1146 l,
723 1084 828 1136 col.
857 1084 983 1147 457,
1019 1085 1142 1138 458.
1180 1087 1568 1140 Verumtamen
1597 1095 1785 1137 noster
1815 1082 2099 1138 Laodiceae
2127 1091 2446 1136 constanter
2470 1083 2782 1152 appellatur
2808 1083 3122 1152 episc0pus.
3149 1083 3212 1136 ln
3245 1083 3392 1136 calce
3429 1082 3670 1149 denique

419 1169 658 1239 scriptor
691 1171 898 1226 codicis
933 1171 1020 1226 vel
1047 1171 1302 1226 dominus
1333 1172 1406 1226 ita
1452 1171 1520 1224 de
1561 1185 1618 1224 se
1649 1169 1892 1240 loquitur
1916 1172 2114 1240 partim
2149 1169 2424 1224 distinctis
2449 1169 2668 1234 litteris,
2701 1169 2899 1238 partim
2929 1169 3362 1240 monocondylis,
3409 1169 3672 1222 mendose

423 1274 601 1322 tamen
627 1263 960 1332 quandoque
992 1269 1048 1316 et
1077 1261 1274 1316 solaece
1301 1275 1314 1313 :
1347 1261 1600 1329 Ἰωάννης
1639 1261 2001 1330 πρωτοσπαθά

2113 1277 2131 1323 ς
2155 1261 2234 1330 τῷ
2263 1260 2554 1328 ἀξιώματι.
2579 1259 2714 1313 ltem
2742 1277 2756 1312 :
2781 1257 2839 1313 Ὀ
2869 1259 3358 1328 πρωτοσπαθάριος
3373 1259 3622 1326 Ἰωάννης
3644 1259 3676 1309 ὁ

423 1355 551 1424 ἰαχῆς
581 1353 700 1422 (sic)
727 1351 1012 1420 ἐπιδίδωμι
1043 1351 1106 1404 τὸ
1127 1351 1620 1424 Τετραευατγέλιον
1671 1351 1831 1403 τοῦτο
1875 1351 2142 1421 Γερμανῷ
2173 1353 2336 1422 χάριν
2381 1353 2600 1420 μνήμης
2647 1349 2742 1403 τοῦ
2779 1352 2986 1420 πατρός
3023 1368 3124 1420 μου
3153 1350 3246 1403 τοῦ
3277 1350 3678 1420 πρωτοσπαθα-

425 1446 540 1512 ρίου
582 1442 848 1496 Ἰωάννου.
881 1441 1022 1496 Tum
1047 1440 1354 1510 prolixius:
1403 1441 1626 1514 Ἰωάννῃ
1649 1441 1727 1510 τῷ
1750 1442 2169 1512 παναμαρτωλῷ
2202 1443 2297 1494 καὶ
2329 1443 2806 1513 πρωτοσπαθαρίῳ
2825 1444 2872 1495 οἱ
2897 1441 3369 1510 ἀναγινώσκοντες
3403 1441 3499 1495 καὶ
3527 1441 3680 1510 ὡφε-

421 1533 636 1594 λοῦντες
665 1532 773 1600 (dic
802 1531 1194 1600 ὠφεληθέντες)
1226 1533 1290 1584 ἐκ
1311 1530 1406 1583 τοῦ
1432 1533 1938 1600 τετραευαγγελίου,
1973 1533 2198 1602 salaces
2229 1551 2320 1603 μοι
2334 1533 2421 1585 διὰ
2449 1533 2540 1586 τὸν
2565 1533 2788 1604 Κύριον·
2819 1535 2911 1588 καὶ
2929 1533 3038 1603 γὰρ
3077 1531 3234 1598 κάγὼ
3261 1534 3318 1584 ὲν
3345 1533 3680 1602 ἀμετρήτοις

421 1623 719 1689 ἁμαρτίαις
749 1621 1028 1691 ὑπάρχων.
1064 1622 1155 1673 καὶ
1188 1620 1288 1672 οὐκ
1309 1619 1438 1672 ἀλλο
1466 1637 1518 1672 τι
1549 1619 1750 1684 ἀγαθὸν
1775 1623 1834 1674 ὲν
1865 1621 2000 1691 τῷδε
2027 1622 2103 1691 τῷ
2135 1621 2236 1692 βίῳ
2261 1621 2474 1692 πράξας
2504 1623 2532 1675 ὁ
2554 1621 2922 1690 ταλαίπωρος,
2953 1623 3104 1690 ὅμως
3135 1619 3268 1673 Θεοῦ
3297 1619 3680 1684 εὐδοκοῦντος,

423 1703 619 1770 πεῖραν
667 1699 761 1752 καὶ
793 1699 958 1752 πόθον
986 1699 1094 1754 τῶν
1115 1701 1278 1756 θείων
1309 1701 1660 1773 γραμμάτων
1691 1703 1965 1773 ἀράμενος
1985 1745 2000 1768 ,
2033 1703 2128 1758 καὶ
2160 1705 2217 1756 ὲν
2253 1707 2319 1774 τῇ
2353 1703 2924 1758 Θεοδοσιουπδλειτάδε
2951 1707 3018 1764 τά
3041 1707 3174 1775 am
3197 1708 3678 1780 διερμηνευομένφ

422 1793 728 1860 Εὑαγγέλια
757 1791 1016 1862 ἐντυχὼν,
1045 1793 1172 1847 ὅθεν
1201 1795 1294 1848 καὶ
1315 1796 1667 1866 ὠνησάμενος
1694 1798 1798 1850 ὑπὸ
1822 1799 1929 1852 τῶν
1957 1798 2182 1852 δικαίων
2233 1797 2385 1867 ὲμῶν
2427 1799 2692 1868 καμάτων
2721 1801 2884 1863 εὐθὺς
2922 1806 3014 1854 καὶ
3039 1803 3398 1862 ἀνακαινίσας
3431 1807 3530 1857 καὶ
3579 1821 3646 1858 κο
3667 1839 3678 1846 -

325 1937 328 1942 _
421 1886 656 1952 σμήσας,
695 1869 832 1955 μετά
865 1888 960 1941 καὶ
989 1886 1272 1943 κοτζάκων
1302 1887 1594 1956 ἀσημένων
1617 1888 1928 1955 (ornatibus
1951 1902 2001 1940 at

2113 1889 2230 1944 iteis
2249 1889 2291 1955 ?)
2323 1891 2402 1944 si:
2435 1891 2779 1960 μνημόσυνον
2804 1893 2982 1960 κάμοῦ
3009 1891 3102 1946 καὶ
3134 1893 3243 1946 τῶν
3265 1893 3415 1964 ἐμῶν
3447 1898 3674 1964 γονέων·

421 1977 502 2034 διδ
527 1975 824 2040 παρακαλῶ
851 1977 1017 2044 ὑμᾶς,
1054 1969 1098 2028 ὦ
1130 1977 1484 2046 φιλόχριστοι,
1518 1971 1598 2039 οἷς
1623 1977 1668 2030 δ’
1693 1976 1757 2029 ἂν
1785 1977 1923 2046 μετὰ
1961 1977 2022 2029 τὸ
2043 1977 2364 2047 τελευτῆσαί
2395 1995 2461 2048 με
2493 1979 2698 2051 τύχοιή
2737 1982 2866 2049 ἁγία
2889 1983 3030 2054 αὕτη
3058 1986 3237 2050 δέλτος
3269 1989 3368 2041 οὐκ
3399 1989 3682 2060 ἀμνήμων

421 2067 721 2137 γενήσομαι
758 2067 852 2138 ἀφ’
883 2068 1006 2139 (sic)
1044 2057 1218 2137 ὑμᾶς·
1261 2069 1396 2141 ὅπερ
1454 2069 1808 2140 συγχωρήσαι
1860 2071 1887 2122 ὅ
1917 2069 2069 2132 Θεός.
2147 2072 2402 2140 Ἰωάννης
2441 2074 2832 2142 γραμματικὸς
2883 2076 3206 2146 σπαθάριοῖ·
3257 2079 3452 2144 Ἒθους
3481 2057 3678 2152 οςᾲιθό

421 2158 561 2214 67l9
603 2160 827 2230 (Christi
853 2161 1040 2232 12H).
1083 2161 1193 2216 Nos
1225 2163 1410 2230 itaque
1439 2161 1643 2216 edituri
1702 2163 1757 2216 in
1791 2163 2154 2233 sequentibus
2189 2165 2352 2218 tomis
2385 2163 2460 2234 (l)
2493 2165 2596 2218 hoc
2631 2165 2776 2220 Petri
2807 2183 2970 2238 opus,
3001 2155 3172 2236 pauca
3207 2187 3356 2228 nunc
3384 2175 3682 2232 dellorabi-

422 2267 564 2316 mus.
596 2251 688 2306 illa
716 2253 994 2318 videlicet,
1030 2271 1150 2325 qua:
1181 2257 1236 2310 in
1277 2269 1513 2326 quatuor
1539 2256 1851 2326 Evangeliis
1901 2259 1966 2310 ad
2009 2255 2112 2312 SS.
2155 2259 2513 2313 Eucharistiae
2548 2261 2866 2332 mysterium
2899 2265 3209 2332 pertinent;
3251 2269 3460 2324 scilicet
3493 2279 3554 2325 ut
3581 2271 3684 2328 do-

420 2345 598 2402 ctrina
628 2346 900 2402 calholica
932 2349 1198 2404 adversus
1225 2352 1560 2428 contrariam
1599 2353 1849 2408 haeresim
1879 2353 2245 2424 undecunque
2275 2357 2654 2410 confirmetur.

462 2515 654 2571 Matth.
683 2533 806 2590 cap.
841 2543 878 2586 ι,
910 2535 962 2601 γ’.
989 2521 1041 2576 5.
1067 2521 1454 2601 Ιιιάᾳδ-ιιιιιεηι
1475 2528 1654 2594 genuit
1675 2527 1876 2583 Phares
1915 2539 1962 2582 et

2117 2529 2350 2596 Ἰούδας
2373 2529 2439 2582 δὲ
2467 2529 2756 2598 ἐγέννησε
2793 2533 2900 2601 τὸν
2930 2532 3118 2600 Φαρὲς
3157 2532 3254 2586 καὶ
3289 2533 3396 2586 τὸν
3425 2533 3580 2601 Ζαρὰ
3613 2537 3686 2588 ἐκ

908 2589 1110 2646 Zaram
1155 2593 1218 2644 de
1247 2589 1498 2650 Thamar:

495 2695 638 2752 Petri
685 2699 990 2757 Laudiceni.
1025 2701 1262 2758 Gloriari
1311 2705 1613 2761 virtutibus
1666 2721 2018 2780 proavorum,

425 2803 629 2857 neque,
678 2804 737 2844 se
763 2805 828 2845 ex
853 2793 1091 2862 pr0priis
1118 2795 1391 2851 aastimare
1419 2795 1579 2852 bonis
1609 2799 1768 2869 longe
1809 2798 2000 2852 absur-

424 2877 710 2933 dissimum
734 2891 840 2946 est,
859 2891 916 2936 et
937 2882 1128 2940 virtuti
1147 2901 1278 2941 sane
1299 2887 1553 2956 capitale.
1579 2889 1722 2959 Ergo
1742 2899 1996 2960 propter-

419 2984 484 3022 ea
535 2981 762 3025 curator
811 2973 986 3028 nostri
1029 2972 1252 3044 generis
1299 2977 1554 3034 Christus
1603 2981 1747 3035 Deus
1785 2993 1998 3045 noster,

421 3075 530 3114 non
557 3061 732 3116 solum
757 3062 824 3116 ad
853 3079 1076 3133 pravam
1100 3066 1256 3121 istam
1287 3067 1671 3124 inductionem
1695 3071 2002 3140 exstirpan-

421 3151 544 3214 dam
569 3152 692 3207 luce
721 3155 897 3223 palam
921 3157 1212 3226 praeceptis
1232 3167 1288 3212 et
1324 3159 1812 3216 adhortationibus
1845 3163 2006 3218 incu-

419 3242 560 3306 huit,
589 3259 778 3298 verum
805 3245 972 3299 etiam
994 3260 1059 3298 ex
1083 3247 1150 3300 iis
1173 3249 1394 3316 proavis
1425 3251 1576 3304 nasci
1611 3253 1876 3305 sustinuit
1905 3254 2001 3321 qui

421 3333 523 3388 sibi
540 3334 726 3406 gloria:
743 3350 852 3389 non
864 3342 1072 3401 essent,
1094 3337 1302 3393 docens
1319 3355 1420 3394 nos
1437 3341 1530 3410 qui
1551 3342 1606 3396 in
1625 3343 1802 3412 ipsum
1820 3344 2002 3398 credi-

420 3426 624 3488 dimus,
679 3425 949 3496 majorum
979 3425 1217 3484 virtutes
1261 3439 1358 3483 aut
1383 3431 1512 3484 vitia
1539 3433 1676 3485 nihil
1706 3433 2000 3487 admodum

423 3525 609 3573 nostra
662 3515 873 3571 referre
935 3527 1276 3588 reputantes,
1321 3537 1511 3576 curam
1567 3525 1743 3579 nostri
1787 3541 2000 3596 gerere.

423 3607 690 3676 nobisque
731 3607 1040 3676 attendere,
1091 3611 1146 3664 in
1187 3611 1476 3683 ollicioque
1515 3616 1766 3670 versari:
1799 3617 2004 3686 quibus

423 3713 490 3757 ex
527 3698 694 3754 rebus
753 3709 1070 3756 nostrarum
1103 3702 1266 3758 nobis
1297 3705 1572 3760 constabit
1620 3707 1768 3761 salus
1795 3708 2006 3762 anima-

425 3805 568 3843 l'Ulll.

461 3901 596 3972 Cap.
635 3905 862 3982 x1x,_ll.
907 3905 1011 3982 Qui
1040 3907 1197 3982 dixit
1228 3909 1377 3982 illis:
1411 3908 1532 3982 Non
1555 3927 1730 3964 omnes
1763 3913 1975 3980 capiunt

2129 3920 2188 3972 Ὀ
2227 3917 2295 3971 δὲ
2359 3913 2490 3970 εἷπε
2547 3916 2751 3982 αὐτοῖς
2786 3934 2798 3946 ·

666 3975 876 4030 verbum
913 3977 1070 4044 illud,
1111 3981 1199 4032 sed
1235 3981 1420 4048 quibus
1453 3981 1634 4034 datum
1663 3989 1760 4034 est.

495 4087 638 4142 Petri
659 4089 960 4145 Laodiceni.
987 4091 1113 4146 Ilaec
1143 4091 1394 4146 doctrina
1423 4107 1548 4147 cum
1577 4093 1646 4148 ab
1671 4093 1833 4150 initio
1863 4111 2001 4165 pro-

421 4181 596 4251 posita
635 4190 740 4244 est,
769 4197 880 4236 non
911 4181 1136 4250 penitus
1173 4199 1293 4238 eam
1337 4185 1884 4254 comprehenderunt
1921 4188 2004 4242 di-

421 4271 648 4339 scipuli.
692 4272 852 4327 Nunc
907 4282 1090 4327 autem
1125 4290 1185 4328 re
1215 4275 1483 4330 attentius
1514 4287 1823 4346 perspecta,
1861 4295 1999 4332 con-

422 4362 740 4416 turbantur.
775 4362 830 4417 Si
867 4365 1038 4430 enitn,
1075 4365 1300 4420 aiebant
1331 4367 1434 4436 ipsi
1463 4383 1674 4434 secum,
1704 4377 1997 4440 propterea

419 4453 703 4524 conjuncti
735 4455 883 4508 'suut
927 4455 1010 4508 vir-
1061 4465 1118 4510 et
1153 4457 1354 4512 mulier
1405 4469 1464 4511 ut
1519 4475 1687 4512 unum
1716 4459 1826 4529 jam
1861 4461 1994 4522 sint.

419 4561 596 4616 neque
628 4563 888 4618 umquam
925 4547 994 4602 ab
1041 4547 1276 4604 invicem
1310 4550 1665 4616 divellantur,
1697 4563 1998 4621 quantum-

419 4636 506 4689 vis
565 4637 837 4693 cervicosa
867 4647 924 4692 et
956 4648 1252 4693 contumax
1297 4641 1497 4695 mulier
1521 4642 1612 4704 sit,
1634 4658 1742 4695 non
1775 4643 2000 4712 expedit

419 4726 652 4782 nubere.
691 4726 1014 4784 Consultius
1045 4730 1192 4783 enim
1223 4739 1308 4785 est
1338 4731 1618 4786 abstinere
1647 4731 1860 4802 nuptiis
1884 4750 2002 4788 om-

419 4818 572 4879 nino.
623 4827 681 4874 et
717 4819 1130 4875 effervescentis
1191 4831 1402 4876 naturae
1473 4831 1656 4878 motus
1713 4833 2012 4895 utcunque-

2747 2600 2854 2668 τῆς
2897 2605 3118 2671 Θάμαρ.

2179 2713 2403 2782 Πέτρου
2432 2715 2786 2780 Λιιοδικέως.
2839 2716 2914 2768 Τὸ
2944 2719 3067 2778 ταῖς
3089 2715 3196 2768 τῶν
3239 2717 3520 2785 προγόνων
3555 2717 3692 2770 κιλ-

2103 2804 2436 2869 λωπίζεσοαι
2463 2809 2701 2874 ἀρεταῖς,
2733 2809 2822 2860 καὶ
2864 2808 2938 2876 μὴ
2985 2810 3104 2870 ταῖς
3138 2808 3368 2872 οἰκείαις
3433 2809 3696 2878 σεμνύνε-

2110 2895 2254 2960 σθαι,
2311 2897 2590 2960 παντελῶς
2645 2899 2760 2950 ἐστι
2825 2895 3274 2968 μειχθηρώτατον,
3345 2899 3440 2952 καὶ
3489 2901 3696 2972 ἀρετῆς

2107 2987 2473 3056 ἀναιρετικὸν,
2505 2985 2602 3039 Διά
2623 3005 2706 3039 τοι
2728 2987 2886 3041 τοῦτο
2913 2991 2941 3040 ὁ
2963 2988 3056 3041 τοῦ
3081 2990 3351 3059 ἡμετέρου
3379 2990 3572 3058 γένους
3595 3007 3694 3060 κη-

2107 3077 2288 3146 δεμὼν
2345 3077 2577 3148 Χριστὸς
2607 3081 2634 3130 ὸ
2659 3079 2792 3142 Θεὸς
2822 3079 3006 3151 ἡμῶν,
3045 3081 3104 3133 οὐ
3153 3081 3314 3150 μόνον
3361 3083 3608 3146 ἐντολαῖς
3633 3101 3694 3135 τε

2108 3173 2202 3222 καὶ
2259 3169 2616 3238 παραινέσεσι
2668 3169 2765 3240 τὴν
2825 3169 3084 3240 τοιαύτην
3135 3172 3370 3242 ἀναιρῶν
3439 3173 3696 3240 φαίνεται

2109 3261 2398 3328 ὑπόληψιν,
2438 3261 2573 3313 ἀλλά
2597 3261 2690 3315 καὶ
2725 3263 2788 3316 ὲκ
2821 3262 3080 3316 τοιούτων
3134 3265 3414 3334 προγόνων
3437 3263 3696 3330 γενέσθαι

2109 3353 2458 3416 κατεδέξατο,
2496 3347 2696 3421 ἀφ’ὧν
2736 3355 2834 3406 οὐκ
2869 3353 2985 3406 ἔστι
3011 3353 3366 3418 δοξάζεσθαι·
3419 3355 3694 3406 διδάσκων

2108 3445 2256 3512 ἡμᾶς
2275 3447 2398 3508 τοὺς
2418 3447 2496 3508 εἰς
2517 3446 2676 3498 αὑτὸν
2697 3445 3134 3510 πεπιστευκότας
3163 3447 3262 3508 τὰς
3283 3449 3384 3499 τῶν
3405 3447 3694 3516 προγόνων

2111 3537 2310 3605 ἀρετάς
2339 3554 2396 3589 τε
2423 3537 2518 3588 καὶ
2548 3537 2746 3599 κακίας
2773 3540 2852 3599 εἰς
2879 3537 3032 3592 οὐδὲν
3059 3536 3462 3606 λογιζομένους,
3485 3537 3690 3604 ἐπιμε-

2109 3626 2318 3679 λεῖσθαι
2369 3628 2600 3690 ἑαυτῶν,
2649 3629 2743 3680 καὶ
2777 3629 3037 3698 πράττειν
3079 3629 3147 3682 τὰ
3178 3629 3399 3682 δέοντα·
3431 3628 3526 3696 ἀφ’
3548 3621 3624 3682 ὧν
3661 3631 3692 3698 ἠ

2111 3717 2216 3770 τῶν
2246 3716 2434 3786 ψυχῶν
2469 3718 2626 3788 ἡμῶν
2669 3719 2915 3789 σωτηρία
2940 3719 3068 3788 ἡμῖν
3087 3721 3516 3789 προσγενήσεται

2849 3915 2932 3970 Οὐ
2993 3917 3218 3984 πάντες
3277 3917 3540 3984 χωροῦσι
3589 3919 3700 3971 τὸν

2399 3987 2584 4056 λόγον
2607 3986 2844 4050 τοῦτον,
2875 3988 3012 4040 ἀλλ’
3033 3983 3124 4051 οἷς
3157 3983 3406 4040 δίδοται.
3683 4045 3690 4054 ,

2182 4101 2406 4167 Πέτρου
2437 4097 2792 4164 Λαοδικέως.
2827 4100 2956 4151 Ὀτε
2989 4098 3048 4162 ἐξ
3080 4098 3254 4168 ἀρχῆς
3301 4097 3496 4168 ἐλέχθη
3527 4101 3556 4152 ὁ
3603 4099 3698 4150 λό-

2105 4207 2221 4258 γος,
2267 4191 2370 4252 οὐκ
2395 4190 2626 4258 ἐνόησαν
2655 4189 2820 4243 αὑτὸν
2847 4189 2898 4240 oi
2933 4188 3194 4258 μαθηταί.
3219 4189 3354 4240 Νυνὶ
3381 4188 3436 4241 δὲ
3467 4191 3698 4258 vetan-

2101 4295 2192 4342 τες
2248 4277 2638 4349 ἀκριϐέστερον
2693 4277 3068 4346 Θορυϐοὖνται.
3121 4279 3182 4330 Et
3239 4279 3348 4348 γὰρ
3405 4279 3492 4332 διὰ
3541 4279 3702 4332 τοῦτο

2107 4371 2293 4439 φησιν,
2324 4369 2610 4440 ἡνώῦησαν
2639 4369 2892 4438 ἀλλήλοις
2919 4368 2994 4430 ὡς
3043 4369 3108 4421 ἂν
3141 4363 3278 4421 ὦσιν
3311 4369 3370 4422 ἓν
3391 4387 3403 4398 ·
3447 4371 3540 4422 καὶ
3583 4389 3694 4440 μη-

2105 4459 2298 4514 δέποτε
2357 4458 2771 4512 διασπασθῶσιν
2835 4457 2929 4510 ἀπ’
2961 4457 3224 4528 ἀλλήλων.
3257 4460 3376 4513 Κᾶν
3444 4463 3700 4531 μοχτὶηρὲ

2107 4554 2140 4624 ἡ
2177 4553 2310 4620 γυνὴ
2361 4553 2455 4606 καὶ
2509 4549 2780 4621 Θηριὼδης
2830 4551 3074 4622 ὑπάρχῃ,
3101 4553 3164 4604 οὐ
3199 4553 3464 4623 συμφέρει
3507 4553 3702 4622 γαμῆ-

2109 4661 2218 4696 σαι.
2261 4643 2480 4696 Βέλτιον
2536 4644 2646 4713 γὰρ
2679 4643 2752 4712 μὴ
2793 4645 2989 4710 γαμεῖν
3031 4643 3187 4704 ὅλως,
3227 4645 3320 4695 καὶ
3357 4645 3483 4706 τοὺς
3533 4661 3706 4710 φυσι-

2110 4734 2238 4796 κοὺς
2273 4733 2615 4804 πειρασμοὺς
2657 4731 2970 4799 ὑπομένειν,
3009 4732 3040 4800 ἢ
3085 4733 3306 4797 γυναικὶ
3345 4732 3690 4801 συναφθῆναι

2111 4828 2343 4897 πονηρᾷ-

417 4911 730 4978 npprimere
763 4911 1034 4974 czrlilnrm,
1087 4929 1248 4982 quam
1307 4914 1523 4967 mulieri
1615 4915 1890 4984 pervicaci
1962 4923 2062 4968 aut
2099 4919 2237 4972 male
2305 4923 2549 4982 moratae,
2607 4915 2834 4969 vinculo
2885 4921 3050 4968 tanta:
3103 4915 3534 4969 necessitudinis
3607 4931 3700 4966 ο--

417 5003 600 5070 ΙΓὶιιίζτ.

486 5116 596 5180 Cap
639 5117 1221 5178 xuvﬂtiﬁwmmtibus
1243 5129 1417 5172 autem
1433 5121 1528 5174 eis.
1551 5149 1614 5159 —-
1639 5120 1992 5174 lN'l'l-Inl‘ttli'l‘A-

419 5223 522 5262 rio.
544 5208 834 5278 Postquam
857 5212 1170 5264 recessisset
1185 5211 1372 5272 .ludas,
1399 5211 1620 5265 tradidit
1641 5212 1892 5266 undecim
1909 5231 1995 5266 sa-

417 5309 758 5354 cramentum
810 5301 1108 5362 Dominus,
1159 5303 1270 5372 jam
1325 5307 1488 5358 modo
1541 5319 1820 5372 passurus.
1865 5303 2000 5370 Qui—

419 5391 544 5444 dam
576 5401 760 5448 autem
812 5393 1004 5448 dicunt
1055 5395 1207 5450 Judtu
1253 5396 1419 5450 etiam
1470 5395 1622 5450 illum
1676 5395 2002 5465 impertiissc

425 5493 792 5546 sacramenta,
845 5499 1024 5552 neque
1077 5485 1154 5539 sic
1193 5501 1318 5540 eum
1367 5495 1608 5540 mutasse
1653 5485 2008 5540 sententiam.

2185 5116 2542 5170 Ἐσθιόντων
2579 5113 2646 5166 δὲ
2678 5111 2895 5166 αὐτῶν.
2925 5143 2990 5150 -—
3049 5112 3342 5180 Ἐρμηνεξα
3421 5111 3570 5163 illa-.5:
3633 5121 3702 5172 τδ

2113 5209 2340 5276 ἱξλίὶεῖν
2389 5208 2479 5259 τὴν
2534 5206 2756 5262 Ἰούδαν.
2815 5203 3399 5275 παρέδωκενὸΚύριος
3449 5206 3562 5264 τοῖς
3611 5205 3702 5254 ἒν-

2111 5305 2240 5356 ὁεκα
2291 5301 2351 5352 τὸ
2413 5301 2740 5368 μυστήριον,
2796 5297 2872 5358 ὼς
2929 5296 3136 5364 μέλλων
3205 5296 3390 5348 λοιπὸν
3449 5295 3646 5348 παθεῖν
3681 5313 3700 5326 ·

2061 5392 2072 5410 ⁴
2121 5393 2260 5454 τινὲς
2307 5391 2362 5444 δέ.
2414 5407 2612 5460 φασιν,
2659 5390 2740 5441 ὅτι
2792 5390 2885 5442 καὶ
2929 5387 3007 5458 τῷ
3053 5388 3228 5458 Ἰούδᾳ
3265 5387 3558 5456 μετέδωκε.¹
3589 5387 3704 5441 τῶν

2128 5481 2463 5554 μυστηρίων,
2529 5482 2618 5534 καὶ
2672 5479 2792 5534 οὐδὲ
2843 5479 3016 5544 οὕτως
3068 5478 3414 5550 μετεϐλήθη·
3465 5477 3556 5530 διὰ
3606 5477 3704 5532 οὖν

506 5655 582 5727 (l)
617 5659 767 5712 hiem
807 5676 1120 5729 supremum
1170 5663 1304 5716 ulziil
1339 5661 1690 5717 doctissimus
1728 5661 2022 5716 cardinaiis
2065 5661 2384 5734 priusquam
2413 5657 2704 5716 consilium
2741 5657 2846 5712 hoc
2878 5657 3106 5728 exsequi
3139 5655 3410 5725 potuerit.

3343 5893 3368 5918 σε
