4038 6208
390 297 527 362 3395
1345 299 1946 360 COMMENTARIUS
1992 300 2070 358 IN
2112 300 2188 359 1V
2223 299 2678 361 EVANGELIA.
3519 291 3662 358 3326

385 411 482 468 ’τοῦ
507 409 692 466 λαϐεῖν
706 408 800 462 τὸν
822 408 1008 481 ἄρτον,
1030 412 1124 465 καὶ⁵
1144 411 1562 482 εὐχαριστῆσαι,
1586 413 1825 467 διδάσκει
1847 430 1974 476 τους

2075 417 2367 486 Accipiens
2401 435 2566 488 porro
2601 431 2794 488 panem
2829 423 2884 469 et
2917 413 3118 484 gratias
3150 423 3335 483 agens.
3364 408 3663 480 discipulos

394 505 643 577 μαθητὰς
697 503 1040 574 εὐχαριστεῖν
1090 500 1173 567 οἷς
1223 505 1538 575 ἐδωρήσατο
1569 506 1656 559 διὰ
1689 505 1783 559 τοῦ
1843 506 1972 559 ίδίου

2076 508 2237 563 docet
2265 510 2468 579 gratias
2515 525 2673 580 agere
2707 517 2932 577 propter
2975 522 3037 560 ea
3073 521 3192 575 qua:
3227 521 3322 574 per
3355 504 3661 573 passionem

390 598 616 660 πάθους,
637 595 705 651 δι’
727 590 789 650 οὗ
817 597 911 650 καὶ
929 597 997 651 τὰ
1020 595 1270 667 σύμϐολα
1292 598 1520 662 γίνεται,
1548 597 1800 666 σώματος
1820 599 1977 666 ἐχόν-

2076 617 2228 655 suam
2261 602 2504 660 donavit.
2532 613 2755 672 propter
2785 617 2946 669 quam
2977 607 3031 653 et
3053 599 3296 668 symbolo
3339 611 3659 665 proponun-

389 707 498 742 των
524 689 742 758 μνήμην
776 688 870 740 καὶ
908 687 1144 757 αἵματος
1175 704 1189 718 ν
1228 688 1307 740 διὸ
1334 687 1507 740 ταῦτα
1536 688 1862 757 παραδιδοὺς
1885 690 1976 740 ἐπὶ

2080 704 2169 747 tur
2194 693 2442 762 corporis
2469 701 2524 745 et
2559 691 2842 761 sanguinis
2875 692 2995 756 ejus
3017 688 3337 742 memoriam
3368 683 3658 749 habentia;

391 773 453 826 τὸ
479 774 650 836 πάθος
679 772 894 838 ἐγένετο
917 789 934 806 ·
962 775 1057 827 καὶ
1098 773 1207 845 γὰρ
1245 775 1337 827 τοῦ
1369 775 1534 844 ἄρτου
1565 776 1810 845 μετέχων
1831 817 1845 840 ,
1879 777 1974 830 τοῦ

2082 785 2313 853 ideoque
2361 786 2450 838 illa
2491 784 2778 851 discipulis
2826 781 3047 835 tradens
3101 779 3334 848 passioni
3386 778 3662 846 proximus

397 866 647 936 σώματος
692 866 787 919 τοῦ
818 867 1024 938 Κυρίου
1062 867 1470 937 μεταλαμὸάνει
1509 886 1524 900 ο
1555 869 1759 940 οὐγάρ
1806 886 1976 940 προσ-

2077 886 2216 928 erat.
2265 875 2367 940 Qui
2412 876 2558 928 enim
2601 875 2726 944 pani
2760 874 3150 936 eomu‘iuuicat,
3202 887 3402 940 corpus
3449 870 3659 925 Domini

396 958 591 1026 έχιμεν
620 961 684 1027 τῇ
721 957 882 1024 φύσει
930 958 1036 1010 τῶν
1086 957 1361 1025 αἰσθητῶν
1413 959 1814 1028 προκειμένων,
1861 959 1976 1011 ἀλλ’

2079 966 2400 1035 participat;
2436 983 2541 1019 non
2576 967 2719 1019 enim
2771 981 2952 1018 rerum
2991 965 3334 1019 sensibilium
3371 979 3491 1030 qua:
3537 980 3659 1030 pru-

394 1049 670 1116 άιιάγομεν
712 1047 808 1118 τὴν
852 1048 1029 1118 ψυχὴν
1076 1048 1165 1101 διὰ
1195 1049 1435 1111 πίστεως
1467 1050 1560 1102 ἐπὶ
1587 1050 1650 1101 τὸ
1676 1050 1769 1102 τοῦ
1801 1051 1976 1116 Λόγου

2079 1067 2361 1127 ponuntur
2389 1068 2637 1111 naturam
2669 1059 3028 1119 attendimus,
3061 1057 3156 1110 sed
3189 1057 3253 1109 ad
3291 1057 3468 1124 ipsum
3503 1053 3662 1106 Verbi

395 1140 587 1210 σῶμα·
629 1142 690 1194 οὐ
728 1141 840 1210 γὰρ
869 1137 1010 1204 εἷπε,
1048 1141 1218 1194 Τοῦτό
1245 1143 1360 1194 ἐστι
1397 1141 1459 1194 τὸ
1505 1141 1794 1211 σύμϐολον,
1821 1141 1975 1201 ἀλλὰ,

2080 1167 2300 1216 Corpus,
2335 1167 2433 1217 per
2470 1149 2659 1209 ﬁdem,
2702 1149 2941 1201 animum
2989 1147 3315 1210 attollimus;
3363 1161 3471 1198 non
3516 1146 3663 1198 enim

398 1233 582 1288 Τοῦτο
621 1233 742 1302 μού
789 1233 922 1286 ἐστι
969 1233 1034 1286 τὸ
1085 1231 1258 1301 σῶμα
1287 1232 1572 1296 δεικτικῶς
1597 1273 1610 1295 ,
1662 1234 1748 1285 ἵνα
1789 1234 1863 1303 μὴ
1893 1250 1980 1285 νο-

2080 1243 2238 1303 dixit,
2290 1241 2399 1293 lloe
2433 1251 2515 1292 est
2539 1240 2875 1310 symbolum,
2913 1240 3032 1300 sed,
3071 1236 3268 1306 panem
3304 1238 3662 1307 indigilaizdo,

394 1325 532 1396 μίσῃ
553 1342 637 1388 τις
660 1324 831 1377 τύπον
853 1321 994 1377 εἶναι
1015 1324 1083 1377 τὰ
1111 1324 1433 1394 φαινόμενα·
1455 1324 1626 1378 εἰπὼν
1649 1325 1728 1388 δὲ,
1758 1325 1989 1392 Λάϐετε,

2081 1333 2190 1386 Hoc
2215 1341 2288 1384 est
2323 1348 2530 1401 corpus,
2563 1347 2630 1385 ne
2667 1331 2805 1385 forte
2834 1334 2957 1400 quis
2987 1331 3213 1400 figuram
3264 1345 3384 1381 esse
3433 1337 3663 1389 tantum.

391 1416 634 1483 φάγετε,
684 1416 783 1486 τὴν
817 1415 996 1469 αἰτίαν
1024 1416 1266 1469 διδάσκει
1297 1416 1392 1469 τοῦ
1429 1417 1669 1480 πάθους,
1698 1417 1779 1470 ὅτι
1817 1416 1981 1470 ἕνεκα

2081 1445 2203 1496 qua:
2237 1428 2351 1481 visu
2379 1426 2863 1496 percipiebantur,
2927 1433 3262 1478 autumat-et.
3309 1424 3545 1476 DlCClltlt)
3567 1437 3665 1472 au-

390 1507 487 1560 τιιῦ
525 1507 682 1560 λῦσαι
708 1507 806 1578 τὴν
834 1508 1105 1578 ἁμαρτίαν
1136 1506 1232 1560 τνῦ
1278 1508 1486 1577 κόσμου
1539 1507 1758 1560 ἔπαθεν.
1784 1508 1979 1561 -Κίιὶ

2085 1527 2214 1579 tem,
2246 1519 2508 1586 Accipite,
2534 1517 2871 1578 manducate,
2895 1531 3114 1570 causam
3144 1514 3415 1583 passionis
3441 1512 3664 1572 indicat,

389 1598 598 1654 .laCc‘or
612 1601 920 1666 ποτήριον.
942 1599 1342 1669 -οἚρμηνεία.
1375 1599 1646 1661 Ὡσαύτως
1678 1600 1774 1653 καὶ
1803 1600 1864 1653 τὸ
1883 1618 1979 1653 πο-

2083 1628 2140 1664 se
2169 1610 2422 1662 videlicet
2464 1609 2588 1662 ideo
2631 1623 2847 1676 passmn
2877 1621 2996 1660 esse
3024 1616 3084 1659 ut
3113 1605 3350 1659 solveret
3381 1611 3665 1671 peceatum

390 1698 584 1762 τήριον
621 1692 824 1758 λαϐὼν,
857 1692 951 1746 τοῦ
983 1692 1191 1755 πάθους
1226 1692 1390 1745 αὐτοῦ
1424 1693 1856 1762 ὑπομιμνήσκειο
1887 1695 1979 1745 καὶ

2086 1703 2296 1756 mundi.
2339 1733 2404 1741 -—
2445 1702 2510 1755 Et
2555 1701 2770 1754 calicem
2837 1697 3666 1770 accipiens.—lNTEuen£Tnto.

393 1785 640 1838 διδάσκει
671 1783 835 1838 πάλιν
868 1785 1231 1853 εὐχαριστῶν,
1264 1786 1346 1836 ὅτι
1382 1786 1499 1852 μετ’
1530 1785 1880 1853 εὐχαριστίας
1899 1785 1981 1837 δεῖ

2084 1795 2349 1849 Similiter
2379 1804 2434 1846 et
2457 1793 2680 1845 calicem
2717 1791 2992 1859 accipiens
3024 1787 3292 1857 passionis
3327 1803 3438 1840 sua:
3477 1786 3669 1839 memi-

394 1878 572 1927 αουεῖν
602 1876 660 1926 τὸ
693 1876 990 1944 μυστήριον
1020 1892 1036 1906 ·
1068 1876 1124 1927 ὲν
1150 1874 1206 1927 δὲ
1233 1874 1310 1944 τῷ
1339 1873 1516 1944 καιρῷ
1539 1875 1634 1927 τοῦ
1665 1875 1852 1943 Πάσχα
1882 1892 1979 1944 με·

2083 1886 2184 1945 nit,
2218 1898 2514 1951 rursusque
2553 1889 2760 1942 monet,
2788 1897 2910 1933 cum
2945 1879 3241 1948 gratiarum
3276 1875 3488 1926 actione
3518 1889 3669 1940 iera—

399 1966 647 2017 ταδίδωσι
674 1969 742 2019 τά
771 1963 1028 2034 μυστικὰ,
1054 1963 1143 2018 ἵνα
1171 1964 1319 2034 δείξῃ
1345 1965 1427 2016 ὅτι
1459 1964 1626 2028 τύπος
1661 1960 1730 2036 ἦν
1772 1967 1977 2029 ἐκεῖνα,

2083 1976 2318 2046 gendum
2341 1990 2461 2028 esse
2480 1970 2975 2026 sacramentumJn
2993 1977 3236 2036 tempore
3253 1973 3432 2017 autem
3453 1962 3671 2016 Pascha:

394 2056 559 2109 τοῦτο
580 2056 636 2108 δὲ
668 2055 918 2126 ἀλήθειαο
943 2055 1022 2108 διὸ
1056 2055 1149 2108 καὶ
1172 2055 1412 2124 ἑσπέρας
1439 2056 1676 2124 ἐγένετο,
1704 2057 1790 2109 ἐπ’
1813 2057 1980 2127 ἐσχά-

2084 2064 2368 2132 discipulis
2397 2061 2642 2129 impertit
2661 2066 3023 2119 sacramenta,
3050 2064 3107 2108 ut
3131 2053 3419 2122 signiticet,
3445 2051 3669 2118 antiqua

400 2167 492 2200 του
527 2147 636 2201 τῶν
691 2147 896 2218 καιρῶν
921 2188 934 2208 ,
969 2147 1098 2199 ὅταν
1131 2146 1240 2200 ἔδει
1269 2146 1336 2199 τὰ
1369 2145 1576 2217 νόμιμα
1613 2147 1929 2201 παύσασθαι
1964 2165 1978 2179 ·

2086 2156 2333 2209 umbram
2373 2153 2540 2207 fuisse
2572 2161 2807 2212 tantum,
2835 2149 2940 2202 hoc
2969 2155 3147 2200 autem
3184 2160 3305 2198 esse
3334 2143 3623 2196 veritatem
3657 2159 3670 2192 :

399 2239 480 2290 διὸ
510 2239 604 2291 καί
635 2256 788 2308 φησι,
829 2238 1008 2292 Τοῦτο
1034 2239 1275 2303 ποιεῖτε,
1310 2238 1386 2302 ὡς
1413 2240 1621 2292 ἐκείνου
1667 2240 1816 2310 ἡμᾶς
1871 2241 1980 2293 ἀπ-

2085 2247 2440 2317 quaniobrem
2470 2253 2524 2297 et
2557 2258 2810 2312 vespere,
2843 2241 2896 2294 id
2940 2248 3024 2294 est
3069 2239 3123 2292 in
3165 2235 3429 2292 extremis
3459 2242 3669 2301 tempo-

402 2333 464 2396 ά,
480 2347 576 2383 ων·
619 2331 878 2400 μνησθεὶς
908 2331 966 2383 δὲ
1012 2331 1276 2402 διαθήκης
1308 2333 1401 2384 καὶ
1431 2331 1683 2400 αἵματος,
1711 2331 1984 2384 δείκνυσιν

2087 2341 2260 2401 ribus,
2307 2338 2644 2392 celebratum
2691 2343 2808 2398 est,
2861 2349 2983 2387 cum
3023 2332 3128 2402 jam
3179 2334 3461 2398 oporteret
3505 2325 3669 2380 linem

401 2421 484 2472 δτι
524 2420 708 2489 μέλλει
737 2419 1017 2489 τελευτᾷν·
1048 2421 1140 2472 καὶ
1173 2419 1282 2490 γὰρ
1320 2419 1418 2489 τὴν
1443 2419 1708 2490 διαθήκην
1733 2420 1830 2490 τὴν
1856 2439 1983 2473 και-

2085 2430 2336 2497 aecipere
2362 2433 2701 2481 sacramenta
2725 2426 2891 2494 legis;
2920 2423 3154 2490 ideoque
3178 2420 3329 2480 dicit,
3359 2419 3468 2471 Iloc
3489 2418 3669 2486 facite,

401 2512 497 2579 νὴν
520 2511 579 2562 τὸ
610 2505 746 2578 αἷμα
777 2510 943 2563 αὐτοῦ
982 2511 1268 2581 συνίστησι
1303 2527 1317 2542 ⁸
1345 2511 1422 2574 ὡς
1454 2512 1550 2563 καὶ
1593 2511 1692 2580 τὴν
1723 2515 1981 2578 παλαιὰν,

2087 2537 2187 2576 nos
2217 2521 2474 2573 videlicet
2518 2535 2545 2572 a
2594 2519 2708 2587 lege
2741 2530 3023 2570 revocans.
3055 2513 3463 2590 Testamentum
3487 2517 3670 2562 autem

400 2602 462 2655 τὸ
489 2596 631 2672 αἷμα
663 2601 770 2655 τῶν
804 2601 1095 2673 προϐάτων
1120 2618 1138 2636 ο
1172 2603 1265 2656 καὶ
1301 2603 1408 2672 γὰρ
1433 2605 1662 2657 κάκεῖνα
1695 2604 1782 2657 διὰ
1813 2605 1985 2659 ταῦτα

2087 2623 2143 2668 et
2188 2613 2512 2680 sanguinein
2568 2624 2912 2670 memorans,
2949 2622 3007 2660 se
3061 2621 3182 2658 mox
3211 2603 3535 2657 moriturum
3585 2601 3671 2653 in—

404 2695 622 2761 ἐγένετο
645 2709 657 2723 ·
693 2694 1036 2766 γευσάμενος
1062 2695 1118 2748 δὲ
1143 2695 1237 2748 τοῦ
1267 2698 1530 2766 ποτηρίου
1557 2738 1571 2761 ,
1615 2698 1985 2750 ἀποτάσσεται

2089 2705 2246 2759 nuit:
2283 2719 2483 2757 novum
2528 2702 2675 2756 enim
2728 2708 3115 2753 testamentum
3159 2696 3477 2766 sanguinem
3511 2709 3670 2746 suum

401 2785 479 2853 τῷ
514 2785 811 2856 σωματικῷ
840 2787 1077 2853 πόματι·
1103 2787 1285 2838 καινὸν
1307 2788 1362 2840 δέ
1396 2805 1519 2840 τινα
1559 2789 1764 2857 τρόπον
1787 2791 1986 2860 εὐφρο-

2088 2813 2210 2851 esse
2241 2796 2503 2857 declarat,
2542 2803 2700 2847 vetus
2742 2807 2893 2855 vero,
2942 2790 3264 2860 sanguinem
3303 2787 3669 2848 victimarum,

405 2874 571 2942 σὲνης
628 2875 1021 2943 ἐπαγγέλλεται
1070 2879 1180 2940 τοῖς
1233 2879 1523 2947 μαθηταῖς,
1581 2880 1648 2948 ἢν
1701 2881 1838 2949 μετὰ
1887 2882 1986 2951 τὴν

2091 2890 2360 2957 siquidem
2403 2889 2490 2940 illa
2523 2885 2788 2940 sacrilicia
2826 2892 3049 2952 propter
3080 2882 3204 2935 novi
3242 2878 3552 2935 testamenti
3584 2893 3672 2931 sa-

405 2967 702 3018 ἐνάστασιν
755 2966 947 3030 ἔδειξε,
984 2967 1176 3036 φαγὼν
1233 2971 1326 3022 καὶ
1389 2970 1552 3035 πιὼν,
1609 2974 1794 3026 οὐκέτι
1845 2977 1990 3028 κατά

2091 2979 2298 3032 erilicia
2331 2977 2581 3031 instituta
2614 2983 2759 3028 sunt.
2793 2973 3023 3027 Gustato
3069 2978 3252 3024 autem
3304 2969 3474 3023 calice
3522 2966 3671 3020 vale-

405 3056 624 3127 γρςίαν.
680 3057 815 3110 ἀλλὰ
847 3057 1210 3128 πιστούμενος
1239 3063 1340 3132 τὴν
1376 3063 1552 3133 ἀληθῆ
1605 3064 1700 3118 τοῦ
1735 3065 1988 3136 σώματος

2093 3072 2228 3124 dicit
2269 3068 2514 3123 terrestri
2546 3068 2734 3136 potui;
2782 3079 3096 3132 novumque
3147 3061 3425 3131 quoddam
3473 3059 3675 3113 lmtitia:

404 3149 564 3213 φύσιν
589 3165 603 3179 ο
634 3148 910 3218 βασιλείαν
941 3151 1047 3222 γὰρ
1077 3151 1211 3204 Θεοῦ
1237 3152 1332 3208 νῦν
1360 3155 1458 3226 τὴν
1491 3157 1786 3210 ἀνάστασιν
1835 3159 1984 3226 λέγει

2091 3175 2263 3229 genus
2289 3157 2575 3226 discipulis
2605 3156 2914 3224 pollicetur,
2951 3168 3136 3221 quam,
3167 3159 3288 3219 post
3316 3147 3675 3204 resurrectio-

405 3235 566 3288 αὐτοῦ
594 3251 608 3264 ’
632 3238 846 3291 καινόν
871 3239 925 3291 δέ
961 3259 1102 3310 φησι
1134 3241 1224 3294 διὰ
1255 3244 1314 3295 τὸ
1345 3249 1708 3316 καινοπρεπές
1744 3266 1756 3279 ·
1794 3249 1982 3320 ἐπειδὴ

2094 3268 2216 3305 nem
2239 3292 2252 3314 ,
2289 3247 2686 3309 manilcstavit,
2730 3244 3026 3299 comedens
3066 3253 3121 3296 et
3165 3242 3392 3304 bibens,
3428 3255 3536 3292 non
3564 3240 3672 3309 jam

402 3327 681 3400 ἄφθαρτον
713 3328 852 3400 ἔχων
880 3331 1067 3386 λοιπὸν
1096 3333 1190 3386 τοῦ
1225 3335 1509 3404 μέλλοντος
1539 3338 1735 3401 αἰῶνος
1775 3343 1984 3410 μυστή-

2093 3352 2318 3411 propter
2360 3338 2780 3398 necessitatem,
2829 3349 3020 3388 verum
3061 3340 3118 3385 ut
3158 3331 3446 3384 veritatem
3494 3329 3675 3383 carnis

404 3438 516 3490 ριον
543 3437 556 3451 ο
583 3417 648 3492 ἦς
672 3425 720 3475 οἱ
750 3422 896 3491 ἅγιοι
924 3425 1226 3490 τεύξονται,
1249 3423 1316 3497 ἦς
1345 3428 1495 3495 λέγει
1515 3431 1608 3481 καὶ
1639 3432 1834 3484 ἑαυτὸν
1867 3450 1980 3485 κοι-

2093 3449 2205 3486 sua:
2252 3440 2526 3486 assereret
2571 3429 2820 3497 (regnum
2867 3425 3012 3478 enim
3067 3423 3162 3478 Dei
3211 3421 3672 3476 resurrectionem

403 3515 590 3566 νωνεῖν
654 3531 668 3546 ο
730 3515 918 3586 ἐπειδὴ
970 3517 1070 3584 τὴν
1125 3518 1403 3588 ἡμετέραν
1456 3523 1731 3591 σωτηρίαν
1777 3525 1982 3594 τροφὴν

2095 3533 2287 3586 vocat;
2329 3537 2519 3575 novum
2554 3527 2737 3571 autem
2772 3525 2930 3569 vocat
2959 3515 3183 3567 calicem
3229 3522 3450 3581 propter
3481 3525 3675 3579 super-

403 3603 606 3659 οἰκείαν
625 3605 901 3676 λογίζεται
919 3623 932 3637 ⁸
959 3608 1098 3678 μετὰ
1127 3608 1222 3662 οὖν
1245 3610 1341 3681 τὴν
1371 3614 1640 3686 μυστικὴν
1666 3616 1981 3684 παράδοσιν,

2098 3612 2401 3666 naturalem
2433 3609 2552 3678 ejus
2584 3606 2928 3676 dignitatem,
2971 3601 3175 3670 quippe
3218 3614 3340 3653 cum
3389 3600 3675 3667 incorrup-

402 3717 455 3753 κο
487 3716 536 3752 τ·
569 3699 620 3752 λ·
2099 3705 2250 3758 tibile
2278 3704 2388 3772 jam
2421 3700 2712 3754 habiturus
2743 3697 2814 3750 sit
2840 3692 3058 3748 venturi
3092 3690 3274 3744 saeculi
3310 3688 3674 3762 mysterium).

405 3805 508 3861 qua
534 3793 706 3845 sancti
735 3791 1005 3858 fruentur,
1031 3794 1294 3865 cujusque
1319 3796 1577 3866 seipsmn
1646 3797 1878 3852 allirmat
1936 3814 2057 3853 esse
2095 3796 2416 3865 participem
2471 3811 2482 3844 :
2530 3790 2734 3844 ctenim
2795 3802 2954 3840 suum
3023 3800 3142 3838 esse
3198 3783 3381 3837 cibum
3444 3781 3677 3834 saluum

405 3896 644 3943 nostram
695 3888 956 3944 declarat.
1005 3891 1194 3961 Igitur,
1236 3902 1526 3962 postquam
1563 3894 1750 3949 divina
1798 3903 2137 3950 sacramenta
2185 3889 2469 3957 discipulis
2513 3885 2758 3948 tradidit,
2789 3892 2897 3937 etc.

473 3978 581 4034 Καὶ
635 3979 963 4033 ἐσθιόντων
1014 3980 1322 4033 ηὑτῶν.-
1358 3980 1675 4052 Ἐρμηνεία.
1732 3984 1830 4037 Διὰ
1867 3983 1988 4036 τού-

2161 3980 2328 4034 Marc.
2378 3993 2486 4041 xw,
2523 3975 2612 4028 Ἡ.
2654 3973 2722 4028 Et
2757 3971 3198 4026 manducent-ibus
3243 3970 3371 4024 illis.
3395 4001 3461 4010 —-
3487 3971 3675 4024 INTER.-

406 4089 512 4130 των
569 4072 886 4143 παρέδωκεν
957 4073 1068 4134 τοῖς
1149 4071 1454 4142 μαθηταῖς,
1507 4074 1654 4136 ὅπως
1721 4072 1989 4126 ἐπιτελεῖν

2092 4085 2366 4126 ramulo.
2391 4070 2494 4123 Per
2520 4067 2634 4120 haec
2655 4065 2822 4120 verba
2845 4064 3034 4119 docuit
3057 4063 3376 4131 tliSt‘ipulOS,
3403 4063 3678 4130 quomodo

405 4165 600 4226 αὐτοὺς
655 4162 931 4234 προσῆκεν
974 4160 1076 4229 τῆς
1126 4161 1321 4231 καινῆς
1367 4162 1634 4233 διαθήκης
1668 4163 1730 4216 τὸ
1781 4166 1989 4235 μυστή-

2095 4165 2318 4219 deceret
2372 4159 2499 4215 novi
2556 4156 2868 4211 testamenti
2901 4165 3334 4210 sacramentum
3395 4169 3675 4222 peragere.

409 4272 522 4324 ριον
552 4271 564 4285 ’
611 4254 701 4308 διὰ
745 4253 854 4325 γὰρ
896 4252 1054 4307 τοῦτο
1104 4255 1399 4323 εὐλόγησεν
1443 4255 1540 4308 κοιλ⁵
1587 4250 1780 4320 εἶπεν,
1816 4256 1990 4319 διδοὺς

2094 4260 2224 4314 ldeo
2269 4259 2416 4312 enim
2463 4254 2780 4317 benedixit,
2835 4254 3115 4322 verbaque
3159 4259 3503 4321 opportuna,
3546 4249 3676 4302 dum

406 4348 588 4408 αὐτοῖς
631 4346 958 4416 μεταλαϐεῖν
1003 4346 1038 4401 ἃ
1084 4347 1360 4416 προσῆκον
1386 4342 1488 4418 ἦν,
1536 4347 1623 4400 ἴνα
1664 4349 1865 4401 ἐκεῖνοι
1898 4348 1988 4401 διὰ

2096 4358 2501 4405 sacramentum
2551 4346 2657 4399 illis
2699 4344 2974 4406 traderet,
3021 4341 3416 4412 pronuntiavit,
3467 4348 3525 4393 nt
3579 4340 3676 4403 illi,

411 4440 508 4508 μὲν
552 4441 652 4509 τῆς
701 4439 950 4506 εὐλογίας
1003 4438 1099 4492 καὶ
1168 4439 1520 4509 εὐχαριστίας
1573 4439 1850 4510 μάθωσιν,
1913 4440 1990 4502 ὡς

2097 4458 2129 4496 a
2165 4440 2550 4496 benedictione
2584 4447 2639 4492 et
2685 4438 2985 4508 gratiarum
3017 4435 3253 4496 actione,
3289 4433 3675 4502 intelligerent,

349 4492 860 4606 jztsyika'dthedi;
893 4492 987 4590 καὶ
1014 4529 1197 4599 πάσης
1235 4492 1593 4601 ἓύγαριστίας
1636 4531 1761 4597 ἀξια
1904 4492 1944 4583 δι

2097 4547 2227 4586 vere
2276 4546 2468 4600 magna
2510 4544 2634 4582 esse
2665 4543 2784 4597 qtne
2825 4542 2922 4596 per
2964 4525 3165 4578 Christi
3213 4525 3518 4593 passionem
3564 4521 3678 4576 dis-

406 4623 498 4676 τοῦ
530 4620 770 4693 Χριστοῦ
796 4621 1005 4685 πάθους
1030 4620 1457 4691 οίκονομ.ηθέντα
1490 4639 1506 4653 ·
1537 4615 1611 4675 ὧν
1637 4623 1693 4676 δὲ
1726 4622 1994 4690 σύμϐολον

2095 4633 2323 4694 pensata
2355 4631 2505 4686 sunt,
2538 4634 2884 4690 quorumque
2912 4617 3241 4688 symbolum,
3280 4617 3395 4670 hac
3422 4616 3677 4686 mysteria

411 4715 580 4767 ταῦτα
647 4713 1016 4767 ἐπιτελεῖσθαι
1083 4713 1402 4782 παρέδωκεν
1430 4713 1634 4775 αὐτοῖς.
1685 4713 1784 4765 Διὰ
1813 4714 1868 4766 δὲ
1902 4713 1992 4766 τοῦ

2098 4714 2230 4784 ipsis
2245 4711 2573 4768 celebranda
2591 4709 2834 4764 tradidit.
2854 4710 3049 4764 Dicens
3065 4719 3247 4764 autem
3266 4709 3395 4762 :Iloc
3408 4717 3480 4761 est
3493 4725 3679 4778 corpus

409 4806 604 4870 εἰπεῖν,
639 4804 820 4858 Τοῦτό
847 4805 1022 4858 ἐστιν
1051 4805 1118 4856 τὸ
1148 4802 1324 4872 σῶμά
1350 4821 1492 4872 μου,
1547 4803 1660 4868 καὶ,
1699 4804 1880 4858 Τοῦτο
1926 4805 1994 4858 τὸ

2097 4820 2292 4866 meum,
2334 4811 2410 4867 et,
2445 4801 2542 4854 Hic
2583 4807 2660 4852 est
2692 4799 2912 4869 sanguis
2960 4815 3123 4862 meus,
3166 4798 3407 4853 declarat
3439 4791 3678 4865 discipu-

409 4893 552 4965 αἷμά
585 4914 724 4965 μου,
759 4897 839 4949 ὅτι
871 4895 961 4948 τὸν
997 4896 1094 4964 μὲν
1125 4895 1292 4966 ἄρτον
1325 4895 1682 4964 προτιθέντας
1723 4895 1860 4966 μετά
1894 4894 1993 4967 τὴν

2096 4896 2178 4950 los
2208 4895 2432 4957 debere,
2482 4901 2773 4962 postquam
2823 4906 3017 4962 panem
3062 4890 3402 4961 propositum
3450 4889 3680 4942 benedi-

411 4988 786 5056 εὐχαριστίαν,
818 4989 1100 5055 προσῆκεν
1124 4987 1324 5050 αὐτοὺς
1352 4986 1606 5057 σώματος
1634 4987 1876 5058 νομίζειν
1906 5005 1995 5056 με·

2097 4984 2297 5048 xerint,
2329 4984 2494 5053 hujus
2522 4983 2680 5052 panis
2705 4983 3148 5036 communionem
3175 4997 3273 5051 pro
3293 4980 3679 5034 communione

411 5077 800 5149 τίιλαμϐάνειν,
862 5079 924 5132 τὸ
956 5078 1014 5132 δὲ
1057 5080 1315 5150 ποτήριον
1360 5081 1418 5131 ὲν
1452 5079 1603 5144 τάξει
1634 5079 1730 5133 τοῦ
1764 5079 1993 5150 αἵματος

2095 5075 2346 5144 corporis
2365 5076 2449 5129 sui
2477 5076 2746 5144 accipere,
2777 5075 3016 5143 itemque
3041 5073 3267 5127 calicem
3294 5088 3394 5142 pro
3416 5071 3678 5141 sanguine

412 5172 702 5239 ἡγεῖσθαιο
749 5172 875 5241 περὶ
921 5169 958 5224 τι
1005 5171 1065 5224 τὸ
1122 5171 1293 5234 πάθος
1348 5171 1566 5239 ἐγένετο
1591 5173 1686 5224 ἐπὶ
1717 5175 1871 5242 κοινῇ
1924 5175 1992 5243 τῇ

2096 5169 2270 5239 ipsius
2290 5167 2513 5229 habere,
2539 5167 2592 5220 in
2615 5167 2840 5235 quibus,
2867 5181 3034 5220 carne
3059 5165 3317 5219 videlicet
3340 5172 3393 5218 et
3415 5166 3679 5234 sanguine

413 5263 628 5316 τάιτων
675 5263 918 5335 σωτηρίᾳ
962 5281 1021 5316 τε
1059 5265 1150 5317 καὶ
1189 5265 1379 5333 ἀφέσει
1433 5262 1538 5316 τῶν
1586 5265 1994 5335 ἡμαρτημένων

2096 5277 2218 5324 suo,
2243 5259 2516 5330 passionis
2582 5258 2905 5329 mysterium
2962 5257 3400 5319 consummavit,
3457 5265 3679 5325 propter

413 5354 595 5413 αὐτοῖς
629 5370 641 5382 ·
682 5355 712 5422 ἡ
749 5354 857 5422 γὰρ
891 5354 985 5405 ἐπὶ
1035 5353 1249 5418 τούτοις
1293 5352 1552 5423 γινομένη
1605 5353 1816 5417 πίστις,
1854 5353 1990 5423 ὁμοῦ

2096 5367 2440 5409 communem
2471 5351 2756 5404 hominum
2788 5351 3020 5404 salutem
3047 5357 3104 5404 et
3153 5347 3530 5403 remissionem
3554 5363 3679 5417 pec-

413 5454 470 5490 τε
504 5437 610 5489 τῶν
638 5437 1034 5508 πληρωθέντων
1054 5440 1347 5510 ὁμολογίαν
1373 5443 1508 5512 ἔχει,
1534 5442 1628 5495 καὶ
1655 5442 1758 5513 τὴν
1795 5459 1991 5513 μετου-

2099 5455 2345 5500 calorum
2379 5462 2392 5498 :
2431 5444 2567 5499 ﬁdes
2595 5443 2744 5499 enim
2791 5443 2907 5498 haec
2953 5442 3280 5512 suscipiens,
3329 5441 3679 5511 impletorum

416 5531 536 5584 σὲαν
562 5531 661 5599 τῆς
693 5531 944 5599 ἀφέσεως
979 5533 1270 5604 χαρίζεται
1316 5536 1432 5597 τοῖς
1479 5533 1828 5588 πιστεύουσιν
1850 5551 1864 5567 ⁸
1908 5535 1988 5588 δι-

2100 5538 2488 5608 mysteriorum
2552 5535 2954 5591 confessionem
3023 5535 3224 5600 habet,
3283 5534 3679 5603 eredentesque

417 5622 600 5676 δάσκει
631 5639 688 5676 τε
719 5623 793 5692 μὴ
835 5624 973 5692 πρὸς
1004 5624 1102 5697 τὴν
1142 5624 1306 5694 φύσιν
1347 5627 1559 5696 ἀφορᾷν
1606 5625 1715 5680 τῶν
1766 5643 1987 5697 προκει-

2100 5637 2450 5698 peccatorum
2495 5626 2838 5683 remissionis
2870 5627 3179 5697 participat.
3214 5628 3384 5682 Docet
3415 5636 3678 5697 praeterea

419 5716 615 5782 μένων)
655 5715 790 5770 ἀλλὰ
818 5715 903 5771 διὰ
951 5718 1047 5789 τῆς
1078 5719 1368 5796 γενομένης
1413 5719 1497 5773 ἐπ’
1538 5718 1722 5783 αὐτοῖς
1772 5719 1989 5793 εὐχαρι-

2101 5739 2206 5779 ιιεηι
2241 5721 2647 5792 propositorum
2692 5730 2940 5776 nat-uram
2979 5720 3286 5786 attendeie,
3329 5720 3423 5775 sed
3455 5719 3681 5775 credere
