4038 6208
391 293 534 360 3327

1371 368 1406 390 ο

1627 302 1686 360 5.
1733 302 1958 360 PETRI
1999 299 2410 361 LAODICENI

3521 292 3662 358 3328

397 405 560 478 quod,
607 422 705 478 per
749 409 1046 479 gratiarum
1081 389 1352 464 actionem
1382 389 1567 480 super
1611 412 1722 466 illis
1753 412 1974 477 factam,

2100 415 2236 478 ιτίας
2267 413 2440 468 ταῦτα
2469 416 2651 470 ἐκεῖνα
2684 412 2824 470 εἶναι
2857 412 3138 468 πιστεύειν
3157 426 3170 442 ·
3208 413 3239 465 6
3269 410 3381 482 γὰρ
3400 409 3666 476 ζωοποιδς

397 513 596 568 corpus
652 507 708 554 et
762 501 983 572 sanguis
1024 501 1230 556 Christi
1273 500 1412 556 facta
1456 511 1629 557 sunt:
1681 503 1979 562 Viviticans

399 589 546 646 enim
588 589 686 646 Dei
713 590 950 646 Verbum
975 633 990 656 ,
1018 592 1262 661 seipsum
1295 591 1530 662 prepria:
1579 594 1733 648 carni
1771 595 1972 650 unicns

402 682 562 736 modo
593 697 758 752 quem
790 684 905 753 ipse
933 685 1105 746 novit,
1139 684 1310 754 ipsam
1337 683 1706 740 vivificantem
1737 702 1858 741 esse
1889 685 1984 740 de-

401 773 648 838 claravit,
681 775 868 840 Panis,
901 774 1178 844 inquiens,
1208 791 1364 846 quem
1393 791 1486 846 ego
1527 777 1682 841 dabo,
1706 794 1831 830 caro
1868 793 1983 831 mea

401 873 670 934 estquam
721 881 812 934 ego
868 865 1002 918 dabo
1049 881 1142 932 pro
1185 867 1370 920 mundi
1415 868 1522 920 vita
1552 871 1604 932 ‘;
1639 878 1696 921 et
1742 869 1982 922 iterum:

351 991 362 996 -
403 951 517 1007 Nisi
547 955 991 1009 manducaveritis
1035 973 1246 1008 carnem
1281 955 1400 1011 Filii
1429 959 1654 1011 hominis
1683 968 1731 1012 et
1757 959 1987 1014 biberitis

406 1045 519 1111 ejus
543 1045 874 1113 sanguinem,
905 1062 1010 1098 non
1038 1047 1292 1100 habebitis
1337 1049 1500 1102 vitam
1519 1057 1774 1103 mternam
1803 1051 1844 1103 ⁸.
1876 1049 1990 1104 lioc

407 1133 574 1204 igitur
628 1135 894 1191 facientes
949 1138 1118 1191 vitam
1179 1140 1232 1191 in
1295 1140 1456 1193 nobis
1519 1141 1806 1196 habemus.
1843 1142 1990 1196 Dixit

407 1225 554 1278 enim
587 1243 600 1276 :
639 1225 742 1290 Qui
777 1229 1060 1282 manduca:
1095 1245 1266 1282 meam
1314 1247 1550 1295 carnem,
1577 1240 1626 1286 et
1655 1231 1778 1284 bibit
1819 1249 1990 1286 meum

405 1317 740 1384 sanguinem,
773 1318 826 1370 in
860 1333 940 1370 me
974 1327 1152 1372 manet
1208 1327 1257 1371 ct
1285 1335 1377 1388 ego
1411 1320 1466 1372 in
1494 1319 1587 1373 illo
1621 1321 1660 1374 ⁸.
1693 1321 1992 1390 Oportebat

407 1408 552 1460 enim
581 1407 731 1460 illum
765 1409 986 1476 quidem
1023 1410 1078 1462 in
1115 1410 1274 1464 nobis
1308 1426 1404 1478 per
1444 1411 1696 1465 sanctum
1722 1411 1988 1481 Spiritum

411 1497 573 1552 modo
596 1497 880 1552 divinitate
898 1499 1062 1569 digno
1085 1499 1354 1562 habitare,
1374 1501 1701 1569 corporibus
1719 1516 1846 1556 vero
1863 1519 1991 1556 nos-

411 1588 512 1642 tris
539 1603 636 1656 per
660 1598 900 1644 sanctam
942 1590 1114 1659 ipsius
1144 1605 1362 1645 carnem
1381 1591 1754 1660 ctpretiosum
1771 1594 1994 1664 sangui-

411 1693 536 1734 nem
561 1680 938 1734 commisceri:
966 1680 1112 1750 quod
1143 1689 1200 1736 et
1227 1697 1549 1737 concessum
1581 1683 1868 1748 habemus,
1901 1703 1996 1754 per

411 1768 852 1838 benedictionem
870 1771 1162 1837 vivilicam,
1183 1774 1284 1827 sub
1313 1773 1496 1843 specie
1525 1775 1682 1843 panis
1699 1783 1756 1829 et
1774 1775 1908 1841 vini,
1925 1792 1994 1831 ne

413 1858 552 1914 forte
577 1861 900 1916 hebesceret
921 1864 1095 1931 pietas
1133 1873 1342 1926 nostra,
1372 1864 1504 1918 dum
1533 1880 1754 1920 carnem
1783 1874 1838 1920 et
1861 1883 1992 1920 san-

413 1952 632 2018 guinem
657 1954 936 2023 proposita
970 1955 1216 2010 videmus
1241 1957 1292 2010 in
1315 1957 1672 2010 ecclesiarum
1709 1958 1992 2013 altaribus.

411 2041 872 2100 Condcscendens
889 2047 1058 2112 enim,
1085 2057 1145 2102 ut
1169 2049 1339 2102 Deum
1370 2049 1550 2114 decet,
1579 2047 1996 2105 infirmitatibus

412 2137 638 2200 nostris,
672 2137 796 2206 pani
829 2138 1015 2193 oblato
1049 2139 1310 2194 virtutem
1353 2142 1480 2196 vita:
1523 2143 1796 2209 innnittit,
1842 2153 1900 2198 et
1939 2143 1996 2198 in

293 2225 314 2236 ‘
411 2241 568 2282 suam
599 2243 820 2284 carnem
847 2237 1196 2296 transmutat,
1225 2234 1360 2288 utin
1390 2236 1834 2290 communionem
1861 2237 1998 2290 vivi—

411 2315 570 2372 ﬁcam
605 2317 760 2374 illum
801 2321 1124 2388 habeamus,
1158 2333 1214 2378 et
1259 2325 1416 2393 quasi
1461 2342 1686 2397 germen
1729 2330 1855 2383 vitae
1905 2329 1998 2382 fiat

413 2407 574 2463 nobis
620 2424 826 2480 corpus
886 2411 1036 2474 vitae,
1083 2411 1218 2467 Cum
1265 2422 1450 2470 autem
1502 2416 1638 2471 dicit
1683 2422 1996 2489 sanguinem

412 2518 571 2557 suum
601 2519 696 2572 pro
723 2502 906 2558 multis
933 2505 1174 2574 effusum.
1197 2520 1300 2574 pro
1331 2507 1589 2563 omnibus
1612 2508 1846 2564 eﬂ'usum
1873 2527 1996 2564 esse

409 2593 722 2662 signiﬁcat:
759 2592 904 2648 Unus
949 2597 1110 2661 enim,
1145 2597 1322 2666 inquit
1357 2599 1579 2665 Paulus,
1614 2619 1710 2670 pro
1755 2604 1994 2658 omnibus

411 2691 652 2738 mortuus
691 2694 786 2752 est,
817 2694 874 2738 ut
891 2687 1015 2756 jam
1051 2705 1154 2740 non
1183 2689 1282 2743 sibi
1303 2691 1506 2756 uiuant,
1535 2694 1627 2746 sed
1657 2691 1740 2748 illi
1781 2697 1869 2764 qui
1899 2711 1994 2764 pro

409 2775 538 2844 ipsis
565 2787 801 2832 mortuus
846 2787 920 2832 est
968 2787 1016 2831 et
1051 2781 1410 2836 resurrexit".
1457 2782 1630 2839 Porro
1689 2787 1994 2842 notandum

411 2880 516 2936 est,
542 2873 690 2942 quod
717 2874 906 2940 Judas,
933 2876 1100 2930 etiam
1131 2887 1253 2946 post
1281 2881 1666 2950 mysteriorum
1700 2883 1998 2954 participa-

415 2963 640 3026 tionem,
683 2966 834 3036 juxta
877 2967 1042 3022 Lucae
1086 2971 1486 3036 narrationem,
1531 2971 1678 3028 idem
1707 2978 2024 3044 remansit,'

2081 503 2176 558 τοῦ
2203 505 2339 558 Θεοῦ
2362 506 2534 573 Λόγος
2560 507 2770 569 ἐνὼσας
2795 503 2956 559 αὑτὸν
2985 507 3050 576 τῇ
3085 503 3194 576 ἰδία
3223 501 3392 575 σαρκὶ
3409 543 3424 568 ,
3453 501 3575 556 καθ’
3603 501 3666 556 ὃν

2083 593 2221 649 οἶδεν
2256 597 2456 666 τρόπον
2488 596 2673 660 αὐτὸς,
2705 595 2966 660 ξωοποιδν
2991 594 3270 662 ἀπέφηνεν
3324 593 3496 658 αὐτήν
3521 610 3536 624 ·
3557 591 3670 660 ἔφη

2083 687 2214 756 γὰρ,
2259 687 2343 741 ὅτι
2385 686 2448 741 Ὀ
2499 686 2678 756 ἄρτος
2717 686 2788 740 ὃν
2819 685 2934 755 ἐγὼ
2977 684 3189 744 δώσω.
3244 687 3282 752 ἢ
3336 683 3494 750 σάρξ
3547 683 3668 750 μού

2085 775 2279 839 ἐστιν,
2319 777 2400 846 ἢν
2436 777 2552 846 ἐγὼ
2581 777 2752 830 δώσω
2785 776 2935 845 ὑπὲρ
2961 761 3206 842 triental”:
3239 775 3471 842 κόσμου
3497 767 3670 839 ζωῆς.

2088 867 2184 919 καὶ
2209 867 2391 922 πάλιν·
2428 870 2563 922 Ἐὰν
2591 868 2672 938 μὴ
2699 869 2930 939 φάγητε
2974 868 3093 937 τὴν
3119 865 3321 934 σάρκα
3367 865 3477 920 τοῦ
3531 864 3672 918 Υίοῦ

2089 957 2194 1011 τοῦ
2238 959 2590 1026 ἀνθρώπου,
2627 960 2728 1015 καὶ
2781 961 2958 1029 πίητε
2995 959 3184 1014 αὐτοῦ
3221 957 3290 1012 τὸ
3334 952 3478 1026 αἷμα
3501 996 3516 1021 ,
3557 957 3672 1011 οὐκ

2088 1048 2258 1117 ἔχετε
2311 1049 2467 1118 ζωὴν
2519 1050 2762 1105 αἰώνιον
2810 1065 2826 1081 ·
2864 1049 3062 1104 οὐκοῦν
3115 1049 3277 1103 τοῦτο
3336 1047 3624 1111 ποιοῦντες
3653 1087 3669 1110 ,

2091 1138 2235 1208 ζωὴν
2267 1139 2465 1211 ἔχομεν
2495 1141 2557 1196 ἐν
2581 1143 2799 1206 ἑαυτοῖς
2823 1142 2986 1196 αὐτόν
3010 1157 3023 1172 ⁸
3059 1139 3164 1211 ἔφη
3185 1140 3313 1209 γάρ·
3348 1140 3412 1192 '0
3438 1137 3676 1207 τρώγων

2085 1247 2207 1298 μου
2247 1230 2362 1298 τὴν
2394 1230 2616 1300 σάρκα,
2647 1231 2747 1286 καὶ
2777 1233 2972 1286 πίνων
2997 1249 3116 1300 μου
3145 1229 3214 1284 τὸ
3241 1223 3418 1298 alga,
3442 1228 3514 1282 ἐν
3539 1227 3673 1297 ἐμοὶ

2087 1321 2274 1391 μένει,
2299 1323 2460 1392 κάγὼ
2487 1324 2560 1378 ἐν
2593 1322 2775 1389 αὐτῷ.
2812 1325 2962 1378 Ἔδει
2990 1325 3100 1394 γὰρ
3125 1323 3288 1376 αὑτὸν
3315 1322 3404 1374 διὰ
3437 1321 3538 1382 μὲν
3571 1319 3672 1372 τοῦ

2096 1414 2252 1482 ἀγὶου
2275 1413 2596 1485 Πνεύματος
2627 1417 2684 1468 ἐν
2715 1416 2844 1484 ἡμῖν
2895 1415 3142 1483 γίνεσθαι
3185 1412 3674 1484 θεοπρετεῶςοσυν-

2097 1503 2492 1574 ανακίρνασθαι
2551 1505 2609 1558 δὲ
2645 1504 2834 1576 ὥσπερ
2857 1507 2968 1568 τοῖς
2999 1505 3290 1574 ἡμετέροις
3317 1502 3560 1573 σώμασιν
3584 1501 3677 1555 διὰ

2097 1596 2196 1664 τῆς
2229 1595 2389 1663 ἁγίας
2433 1593 2601 1649 αὐτοῦ
2643 1596 2846 1666 σαρκὸς
2875 1597 2971 1648 καὶ
3006 1595 3100 1648 τοῦ
3137 1594 3317 1665 τιμίου
3349 1594 3610 1662 αἵματος·
3647 1592 3677 1644 ὃ

2099 1685 2160 1752 δὴ
2192 1686 2284 1738 καὶ
2315 1687 2629 1756 ἐσχήκαμεν
2659 1687 2738 1748 είς
2768 1685 3018 1754 εὐλογίαν
3037 1685 3300 1749 ζωοποιδν
3329 1684 3406 1747 ὡς
3425 1685 3484 1736 ἐν
3521 1681 3678 1750 ἄρτῳ

2099 1795 2156 1830 τε
2197 1777 2291 1830 καὶ¹
2311 1776 2460 1847 οἴνῳ,
2499 1777 2586 1830 ἵνα
2640 1779 2713 1847 μὴ
2754 1778 3249 1846 ἀποναρκῆσωμεν,
3287 1776 3466 1846 σάρκα
3493 1791 3552 1826 τε
3583 1775 3678 1826 καὶ

2097 1859 2236 1932 αἷμα
2269 1864 2606 1934 προκείμενα
2633 1866 2919 1933 βλέποντες
2937 1867 2994 1918 ὲν
3023 1867 3204 1932 ἁγίαις
3238 1866 3540 1935 τραπέζαις
3565 1863 3679 1922 τῶν

2111 1953 2478 2024 Ἐκκλησιῶν’
2549 1953 3055 2022 συγκαθιστάμενος
3105 1955 3214 2024 γὰρ
3247 1954 3324 2016 ὡς
3371 1953 3502 2017 θεὸς
3553 1955 3680 2018 ταῖς

2096 2045 2392 2113 ἡμετέραις
2420 2043 2727 2107 ἀσθενείαις
2765 2043 2939 2112 ἐνίησι
2974 2046 3088 2106 τοῖς
3115 2042 3493 2113 προκειμένοις
3515 2041 3680 2096 δύνα-

2101 2152 2194 2204 μιν
2223 2133 2390 2204 ζωῆς,
2444 2137 2536 2188 καὶ
2572 2135 2894 2206 μεθίστησιν
2945 2133 3085 2188 αὐτὰ
3117 2133 3252 2202 πρὸς
3283 2135 3562 2202 ἐνέργειαν
3589 2133 3680 2188 διὰ

2101 2227 2198 2295 τῆς
2225 2215 2418 2280 ἑαυτοῦ
2439 2227 2664 2297 σαρκὸς,
2695 2227 2782 2280 ἵνα
2811 2227 2892 2290 είς
2927 2225 3142 2296 μέθεξιν
3171 2225 3436 2288 ζωοποιὸν
3461 2224 3680 2295 ἔχωμεν

2099 2319 2258 2383 αὐτὰ,
2288 2317 2381 2371 καὶ⁸
2408 2311 2518 2372 οἷον
2541 2319 2762 2388 σπέρμα
2780 2317 3066 2382 ξωοποιὸν,
3085 2315 3280 2387 εὑρεθῇ
3305 2315 3366 2369 τὸ
3389 2317 3550 2386 σῶμα
3577 2319 3678 2386 τῆς

2099 2409 2264 2478 ζωῆς.
2295 2409 2433 2478 Περὶ
2479 2406 2726 2462 πολλῶν
2787 2407 2855 2460 δὲ
2907 2408 3324 2476 ἐκχυννόμενον
3373 2406 3549 2474 λέγων
3611 2407 3680 2460 τὸ

2097 2497 2260 2570 uilia.
2289 2501 2348 2554 τὸ
2373 2502 2500 2570 περὶ
2533 2501 2750 2553 πάντων
2770 2499 2918 2568 λέγει
2939 2513 2952 2528 ·
2983 2495 3088 2564 Εἷς
3113 2499 3246 2569 γὰρ,
3278 2497 3352 2562 ὥς
3381 2497 3680 2570 φησιῐιαῦ-

2099 2594 2208 2657 λος,
2231 2593 2384 2661 ὑπὲρ
2399 2592 2642 2646 πάντων
2663 2591 2984 2658 ἀπέθανεν,
3018 2593 3120 2646 ἵνα
3143 2595 3197 2646 οἱ
3229 2591 3446 2658 πάντες
3459 2591 3682 2660 μηκέτι

2097 2684 2333 2751 ἑαυτοῖς
2359 2683 2557 2748 ζῶσιν,
2581 2683 2742 2738 ἀλλὰ
2771 2681 2852 2750 τῷ
2883 2683 3036 2752 ὑπὲρ
3083 2682 3284 2737 αὐτῶν
3311 2683 3682 2738 ἀποθανόντι

2097 2775 2196 2828 καὶ
2236 2772 2552 2843 ἐγερθέντι.
2595 2775 2794 2828 ’ἰστέον
2855 2773 2912 2826 δέ
2948 2775 3033 2826 ὅτι
3075 2773 3171 2826 καὶ
3211 2773 3317 2826 τῶν
3359 2773 3682 2842 μυστηρίων

2102 2865 2392 2938 μετασχὼν
2425 2868 2454 2918 6
2505 2865 2725 2930 Ἰούδας,
2751 2866 2827 2930 ὡς
2859 2869 2887 2920 6
2921 2869 3136 2928 Λουκᾶς
3163 2883 3347 2936 φησιν,
3409 2865 3630 2934 ἔμεινεν
3655 2867 3682 2917 ὁ

2099 2957 2262 3020 αὑτός
2279 2972 2292 2986 ·
2317 2957 2412 3010 καὶ
2439 2955 2540 3026 τῆς
2562 2955 3008 3028 φρικωδεστάτης
3033 2955 3350 3019 ἀπολαύσας
3375 2957 3682 3024 τραπέζης,

413 3071 593 3127 neque
621 3060 908 3114 tremenda
939 3059 1142 3117 fruitus
1177 3077 1366 3118 mensa
1385 3104 1400 3128 ,
1435 3074 1679 3121 mutatus
1710 3077 1796 3123 est
1823 3087 1837 3122 :
1869 3070 1995 3124 Post

2100 3051 2160 3103 οὑ
2225 3047 2579 3121 μετεϐάλετο·
2651 3048 2755 3118 ἔφη
2802 3047 2944 3119 γάρ·
2977 3050 3140 3104 Μετὰ
3189 3048 3364 3102 τοῦτο
3392 3047 3684 3116 είσῆλθεν

408 3149 522 3202 lucc
547 3147 716 3212 enim,
756 3149 936 3218 inquit
963 3153 1319 3221 evangelista,
1349 3153 1582 3208 introivit
1615 3158 1669 3208 in
1697 3173 1814 3211 eum
1835 3157 1996 3214 Sata-

413 3253 510 3290 nas
532 3239 578 3302 ¹¹,
635 3238 808 3306 ipsius
836 3240 1048 3294 scilicet
1077 3257 1281 3310 corpus
1301 3243 1462 3297 nihili
1493 3245 1718 3302 faciens.
1747 3247 1998 3305 Christus

412 3337 620 3390 autem,
649 3329 952 3398 proditoris
994 3333 1393 3401 impudentiam
1427 3335 1684 3402 irridens,
1709 3355 1818 3392 non
1845 3341 1999 3395 cohi-

417 3418 540 3474 buit
571 3435 730 3482 eum,
757 3421 1010 3490 quamvis
1043 3423 1231 3478 omnia
1275 3425 1475 3492 sciens,
1519 3427 1616 3482 sed
1659 3431 1910 3497 probavit
1939 3449 1998 3488 se

412 3506 554 3562 nihil
584 3523 774 3564 eorum
817 3525 938 3579 qua:
975 3511 1043 3566 ad
1090 3514 1492 3570 correctionem
1523 3519 1642 3587 ejus
1673 3519 1853 3576 facere
1897 3537 1998 3590 po-

415 3607 618 3666 terant,
654 3601 950 3672 negligere.
987 3601 1301 3659 Secundum
1333 3615 1516 3661 autem
1551 3609 1776 3664 Joannis
1804 3628 1996 3666 narra-

413 3687 642 3754 tionem,
670 3692 842 3746 Judas
893 3703 1020 3748 ante
1070 3697 1280 3751 exierat
1327 3714 1342 3753 :
1390 3715 1499 3754 non
1551 3701 1700 3754 enim
1733 3703 1992 3776 decebat,

411 3777 616 3838 Christi
640 3784 932 3838 occisionis
959 3787 1296 3853 ministrum,
1319 3789 1576 3846 salutaris
1595 3791 2004 3856 communionis

413 3875 732 3941 receptione
785 3877 1096 3931 consecrari
1141 3893 1502 3950 :quanquam
1549 3883 1697 3937 enim
1746 3883 2000 3942 Christus

413 3965 597 4020 omnia
620 3965 722 4018 alia
750 3967 1046 4036 opprobria
1077 3969 1362 4037 sustinuit,
1385 3971 1489 4028 hoc
1519 3981 1700 4030 tamen
1725 3975 1802 4030 illi
1831 3976 1998 4047 inﬂigi

413 4071 524 4110 non
559 4057 1020 4126 permissmncst.
1693 4135 1696 4137 Δ

480 4147 614 4202 Luc.
673 4164 805 4212 xxn,
871 4151 954 4204 19.
1013 4151 1080 4204 Et
1150 4161 1360 4222 accepto
1429 4172 1566 4224 pane
1627 4159 1832 4227 gratias
1873 4161 1995 4229 egit.

414 4238 933 4294 —lN1'BnPnErArto.
977 4242 1085 4311 Ego
1119 4260 1236 4296 sum
1273 4247 1428 4312 panis
1463 4247 1624 4312 risus,
1653 4251 1744 4314 qui
1783 4251 1846 4302 de
1874 4252 2000 4304 ca'lo

413 4331 692 4386 descendit.
711 4341 760 4382 et
789 4333 949 4384 vitam
968 4343 1190 4402 praestat
1221 4336 1438 4398 mundo,
1467 4337 1602 4393 dicit
1628 4340 1832 4396 alicubi
1869 4341 1999 4396 Sal-

2105 3145 2190 3210 είς
2219 3143 2405 3198 αὐτὸν
2433 3147 2465 3198 ό
2504 3140 2796 3208 Σατανᾶς,
2831 3141 2995 3194 αὐτοῦ
3033 3140 3282 3210 σώματος
3302 3141 3682 3218 καταφρονῶν.

2119 3235 2279 3288 Ἀλλὰ
2334 3237 2431 3304 τῆς
2465 3233 2850 3304 ἀναισχυντίας
2902 3233 3218 3301 καταγελῶν
3273 3231 3365 3286 τοῦ
3397 3232 3684 3303 προδότου,

2103 3329 2202 3380 οὐκ
2233 3325 2504 3380 ἐκώλυσεν
2535 3326 2703 3380 αὐτὸν
2732 3328 2760 3380 6
2789 3326 3046 3396 Χριστος,
3079 3325 3258 3378 καίτοι
3289 3326 3460 3378 πάντα
3491 3323 3675 3387 εξδὼς,

2103 3418 2318 3481 δεικνὺς
2348 3418 2429 3471 ὅτι
2461 3417 2612 3470 οὐδὲν
2654 3417 3070 3488 παραλιμπάνει
3131 3415 3241 3469 τῶν
3277 3417 3352 3478 εἰς
3389 3414 3678 3484 διόρθωσιν

2105 3509 2386 3579 ἡκόντων·
2455 3509 2531 3574 ὡς
2595 3509 2652 3562 δὲ
2695 3508 2946 3578 Ἰωάννης
2995 3509 3180 3580 φησὶν,
3233 3507 3314 3560 ὅτι
3353 3505 3683 3576 προεξῆλθεν

2119 3600 2348 3664 Ἰούδας*
2373 3599 2432 3652 οὐ
2461 3601 2572 3670 γὰρ
2609 3599 2674 3653 ἂν
2705 3597 2928 3665 ἐδέξατο
2957 3599 3058 3668 τῆς
3100 3597 3366 3668 σωτηρίου
3395 3597 3684 3658 κοινωνίας

2106 3693 2194 3744 τὸν
2228 3691 2394 3744 τύπον
2417 3694 2444 3745 6
2475 3693 2572 3762 τῆς
2591 3691 3019 3761 Χριστοκτονίας
3042 3691 3319 3762 ὑπηρέτης
3339 3706 3352 3720 ·
3381 3691 3428 3742 εί
3457 3689 3568 3758 γὰρ
3587 3689 3682 3741 καὶ

2106 3785 2173 3836 τὰ
2197 3783 2330 3837 ἄλλα
2357 3784 2531 3838 πάντα
2560 3785 2789 3854 ἤνεγκεν
2815 3787 2842 3838 6
2867 3784 3124 3856 Χριστὸς,
3157 3783 3292 3838 ἀλλὰ
3315 3780 3478 3835 τοῦτο
3499 3781 3682 3835 οὐκέτι

2109 3877 2492 3948 συγκεχώρητο
2521 3877 2691 3951 αὐτῷ.

2177 4151 2284 4205 Καὶ
2340 4149 2542 4204 λαϐὼν
2586 4149 2770 4216 ἄρτον
2821 4147 3292 4218 εὐχαριστήσας.
3348 4175 3418 4186 --
3477 4145 3686 4216 Ἑρμη-

2107 4245 2243 4298 νεία.
2307 4241 2455 4312 Ἐγώ
2501 4245 2618 4311 ειμι
2664 4245 2695 4295 ὀ
2737 4239 2915 4309 ἄρτος
2956 4245 2988 4296 ό
3031 4238 3161 4304 ζῶν,
3215 4243 3248 4293 ὁ
3301 4238 3370 4292 ἐκ
3428 4237 3537 4292 τοῦ
3583 4239 3686 4290 οὐ-

2101 4334 2292 4403 ρανοῦ
2323 4335 2603 4399 καταϐὰς,
2641 4334 2738 4387 καὶ
2759 4331 2911 4401 ζωὴν
2931 4331 3134 4397 διδοὺς
3163 4325 3242 4396 τῷ
3284 4331 3521 4396 κόσμῳ,
3551 4328 3686 4398 φησί

413 4431 615 4477 vator:
653 4421 700 4476 si
730 4424 847 4492 quis
867 4424 1264 4480 manducauerit
1309 4443 1374 4480 ea:
1423 4429 1518 4482 hoc
1559 4447 1716 4499 pane,
1757 4433 1892 4486 vivet
1935 4433 1988 4486 in

2105 4446 2207 4480 που
2239 4430 2267 4480 6
2315 4427 2509 4496 Σωτήρ
2532 4442 2545 4454 ·
2569 4425 2680 4479 ἐὰν
2732 4443 2824 4490 τις
2875 4423 3036 4494 φάγῃ
3077 4424 3144 4477 ἐκ
3195 4425 3410 4476 τούτου
3441 4420 3546 4474 τοῦ
3579 4420 3688 4488 dp-

413 4523 690 4578 azternum,
713 4523 820 4570 etc.
843 4515 1236 4572 Manducantes
1259 4517 1424 4588 igitur
1459 4535 1680 4576 carnem
1704 4521 2002 4578 Salvatoris

414 4608 588 4663 nostri
634 4607 764 4664 Jesu
817 4608 1054 4672 Christi,
1111 4619 1167 4664 et
1214 4610 1471 4666 bibentes
1520 4614 1640 4686 ejus
1677 4615 2000 4685 sanguinem

415 4699 583 4754 vitam
631 4699 898 4754 habemus
935 4699 990 4754 in
1025 4699 1303 4758 nobismet
1347 4703 1502 4772 ipsis,
1548 4711 1656 4759 etc.
1689 4704 1864 4760 Porro
1901 4721 2002 4760 ne-

412 4791 568 4846 ces'se
599 4800 717 4846 erat
765 4807 938 4861 genus
971 4791 1298 4857 humanum,
1335 4794 1500 4848 morti
1535 4794 1856 4862 obnoxium,
1890 4813 2000 4852 non

414 4881 524 4936 alio
583 4881 748 4938 modo
803 4883 870 4938 ad
935 4883 1409 4953 incorruptionem
1477 4887 1770 4954 pervenire
1823 4905 1837 4941 :
1891 4903 2002 4943 non

413 4975 560 5030 enim
639 4977 744 5032 hoc
818 4978 1082 5048 possibile
1159 4977 1390 5042 fuisset,
1477 4980 1582 5034 nisi
1657 4980 2002 5051 unigenitum

415 5067 512 5122 Dei
565 5067 840 5135 Verbum,
889 5085 1091 5140 corpus
1141 5079 1392 5125 nostrum
1441 5085 1600 5125 suum
1655 5071 1896 5138 faciens,
1937 5090 2002 5128 ex

418 5159 650 5215 muliere
698 5162 1002 5217 secundum
1059 5179 1282 5217 carnem
1341 5171 1500 5218 natus
1559 5163 1786 5228 fuisset,
1835 5179 2004 5234 seque

419 5251 598 5321 ipsum
628 5252 788 5308 nobis
821 5253 1138 5317 insevisset,
1163 5269 1328 5308 unam
1357 5269 1592 5330 massam
1618 5271 1716 5325 per
1740 5258 2002 5313 unionem

418 5339 752 5398 indivuisam
800 5341 1045 5399 eﬂiciens
1079 5361 1092 5398 :
1125 5345 1366 5400 Verbum
1405 5347 1588 5410 enim,
1637 5347 1732 5416 qui
1775 5349 1920 5402 Deus
1951 5359 2006 5402 et

419 5429 530 5486 vita
581 5440 703 5498 est,
748 5435 904 5490 unita
961 5433 1210 5507 sibi'ipsi
1258 5453 1422 5494 carne
1464 5439 1718 5502 mortali,
1757 5440 1930 5510 ipsam
1973 5457 2001 5493 τι

421 5524 650 5581 mortuis
693 5529 1074 5584 resuscitatam
1105 5531 1300 5587 mortis
1325 5539 1380 5586 et
1411 5530 1784 5600 COrrtIptionis
1811 5532 2002 5586 victri-

495 5701 508 5730 ‘
547 5699 703 5758 Joan.
737 5719 810 5774 γι,
840 5704 930 5762 59.

1011 5709 1029 5738 ¹¹
1067 5707 1201 5764 ibid.
1237 5703 1326 5762 iii.
1405 5709 1422 5738 τ
1459 5709 1592 5763 ibid.
1629 5712 1714 5765 iii".

1794 5709 1810 5739 ⁵
1848 5709 1888 5763 ll
1917 5707 2040 5762 Cur.

2105 4516 2408 4584 του,ζήσει
2433 4519 2521 4583 εὶς
2542 4517 2646 4572 τὸν
2673 4515 2879 4580 αἰῶνα,
2921 4533 2976 4570 κ.
2999 4533 3050 4568 τ.
3082 4513 3138 4596 λ.
3166 4512 3376 4566 Οὐκοῦν
3413 4511 3686 4572 ἐσθίοντες

2107 4613 2204 4679 τὴν
2231 4611 2408 4680 σάρκα
2433 4608 2527 4664 τοῦ
2577 4609 2828 4680 Σωτῆρος
2866 4607 3024 4678 ἡμῶν
3068 4605 3242 4678 Ἰησοῦ
3293 4602 3553 4674 Χριστοῦ,
3589 4603 3688 4656 καὶ

2108 4703 2356 4765 πίνοντες
2379 4701 2543 4755 αὑτοῦ
2566 4701 2626 4754 τὸ
2643 4695 2808 4771 αἷμα,
2840 4699 2985 4770 ζωὴν
3015 4697 3212 4769 ἔχομεν
3237 4699 3296 4752 ἐν
3331 4697 3550 4758 ἑαυτοῖς
3571 4705 3684 4750 etc.

2113 4793 2260 4846 Ἔδει
2289 4792 2464 4846 τοίνυν
2481 4791 2572 4844 τὸν
2584 4791 2867 4860 ἄνθρωπον
2889 4789 3302 4862 κεκρατημένον
3327 4787 3562 4858 θανάτῳ,
3585 4787 3690 4838 οὐκ

2107 4885 2282 4949 ἄλλως
2317 4885 2452 4954 πρὸς
2491 4882 2802 4955 ἀφθαρσίαν
2829 4881 3159 4952 ἀναδραμεῖν
3178 4897 3192 4911 ’
3218 4880 3342 4934 ἐπεὶ
3361 4881 3424 4932 οὐ
3459 4877 3687 4931 δυνατὸν

2107 4970 2196 5045 ἦν,
2237 4975 2286 5026 εί
2319 4974 2394 5045 μὴ
2436 4972 2526 5026 τὸν
2585 4972 2852 5044 μονογενῆ
2901 4971 2996 5026 τοῦ
3033 4971 3168 5024 Θεοῦ
3219 4969 3390 5038 Λόγον
3427 4969 3690 5038 ίδιοποιη-

2113 5067 2343 5136 σάμενον
2375 5065 2438 5117 τὸ
2465 5064 2626 5135 σῶμα
2650 5065 2828 5135 ἡμῶν,
2861 5061 3189 5132 γεννηθῆναί
3219 5078 3278 5114 τε
3313 5059 3455 5114 κατά
3505 5058 3688 5130 σάρκα

2109 5161 2170 5214 ἐκ
2185 5159 2441 5227 γυναικός
2461 5176 2474 5188 ο
2504 5159 2600 5212 καὶ
2625 5157 2815 5212 ἑαυτὸν
2845 5159 2978 5228 ἡμῖν
3009 5157 3254 5225 ἐμφυτεύ
3264 5171 3358 5217 σας
3377 5153 3434 5206 ἐν
3455 5152 3688 5222 φύραμα

2111 5251 2360 5319 γενέσθαι
2377 5251 2498 5304 καθ’
2524 5251 2716 5304 ἕνωσιν
2738 5249 3100 5304 ἀδιάσπαστον
3118 5263 3129 5274 ·
3151 5245 3358 5307 ἐνώσας
3379 5245 3486 5314 γὰρ
3505 5241 3685 5310 ἐαυτῷ

2113 5345 2210 5412 τὴν
2245 5343 2458 5414 θανάτῳ
2489 5343 2717 5413 κάτοχον
2767 5341 2946 5412 σάρκα
2982 5339 3113 5402 Θεὸς
3165 5337 3240 5391 ὣν
3275 5339 3303 5390 6
3358 5336 3531 5403 Λόγος
3591 5335 3688 5384 καὶ

2111 5435 2246 5504 ζωὴ,
2287 5435 2597 5504 ἀναστήσας
2619 5433 2791 5504 αὐτὴν
2823 5433 2886 5486 ἐκ
2915 5429 3144 5502 νεκρῶν,
3171 5427 3403 5482 θανάτου
3434 5426 3531 5480 καὶ
3553 5425 3688 5494 φθο-

2117 5527 2212 5598 ρᾶς
2247 5525 2493 5596 ἀπέφηνε
2522 5526 2829 5598 κρείττονα,
2875 5525 2969 5578 καὶ
3007 5519 3347 5594 ἀπεσὸεησεν
3379 5514 3550 5590 αὐτῆς
3585 5514 3688 5589 τὴν

2081 5725 2130 5772 v,
2165 5707 2248 5762 15.
2326 5708 2344 5738 ⁵
2389 5705 2545 5764 Joan.
2573 5716 2687 5770 sm,
2725 5705 2811 5760 2‘7.
