4038 6208
401 293 538 358 8329

1285 287 1691 352 EXPOSlTiO
1733 289 1811 347 ΙΝ
1847 286 2298 345 ΟΒΑΤΙΟΝΕΜ
2334 285 2788 347 DOMINICAM.

3533 289 3672 353 3330

400 405 626 470 φθορὰν,
666 400 943 472 ἄφθαρτον
976 417 1034 453 τε
1095 401 1193 454 καὶ
1248 400 1515 465 ζωοποιον
1569 400 1977 467 ἀπειργάσατο·

2087 394 2532 460 οοιηοτεᾶάἰάἰι,
2581 396 2811 466 ejusque
2868 394 3171 450 absorbens
3223 395 3669 466 corruptionem,

400 495 522 546 ἐπεὶ
547 493 724 546 τοίνυν
748 494 855 548 ἔδει
881 494 976 547 καὶ
1015 493 1100 548 διὰ
1119 491 1213 545 τοῦ
1243 494 1397 560 ἁγίου
1417 492 1731 562 Πνεύματος
1767 491 1822 543 ὲν
1850 490 1980 558 ἡμῖν

401 585 654 652 γενέσθαι
684 585 1024 656 θεοπρεπῶς,
1059 570 1624 655 συνανακίρνασθαίτε
1653 579 1839 650 ὥσπερ
1869 583 1982 640 τοῖς

402 679 692 750 ἡμετέροις
741 678 980 748 σώμασιν
1009 677 1096 732 διὰ
1115 677 1213 746 τῆς
1254 677 1416 746 ἁγίας
1452 675 1618 729 αὐτοῦ
1649 673 1851 743 σαρκὸς
1888 673 1981 725 κιὶ

401 769 495 821 τοῦ
524 769 704 841 τιμίου
756 770 1126 840 αἴματος,θῑο.
1175 767 1357 821 Εἰπὼν
1395 766 1474 832 δὲ,
1518 767 1700 821 Τοῦτο
1761 767 1982 819 ποιεῖτε

407 864 494 922 εις
525 862 640 927 τὴν
665 861 822 930 ἐμὴν
848 860 1216 929 ἀνάμνησιν,
1247 861 1433 927 ἐξάγει
1462 859 1659 920 αὐτοὺς
1699 858 1807 910 τῶν
1849 859 1978 909 Ἰου-

399 950 602 1004 δαῖκῶν
617 951 778 1005 ἐθῶν.
806 951 1072 1019 Καθάπερ
1105 954 1234 1021 γὰρ,
1261 951 1414 1019 φησι,
1446 949 1505 1001 τὺ
1521 947 1614 1002 τοῦ
1643 947 1814 1016 ἀμνοῦ
1831 949 1982 998 suo:-

399 1042 510 1092 εῖτε
534 1042 613 1104 εἰς
650 1040 956 1111 ἀνάμνησιν
999 1041 1106 1093 τῶν
1139 1042 1257 1093 ἐκεῖ
1287 1039 1601 1108 θαυμάτων,
1647 1038 1790 1090 οὕτω
1826 1038 1984 1090 τοῦτο

398 1131 477 1192 είς
510 1130 608 1200 τὴν
643 1131 781 1201 ἐμὴν
810 1132 1134 1200 ἀνάμνησιν,
1167 1131 1270 1192 ἕως
1295 1130 1359 1184 ἂν
1382 1131 1802 1200 παραγένωμαι.
1851 1129 1983 1181 Ὠσ-

395 1221 596 1287 αύτως
639 1223 738 1276 καὶ
781 1223 846 1276 τὸ
888 1223 1176 1291 ποτήριον
1221 1222 1360 1292 μετὰ
1388 1221 1481 1274 τοῦ
1521 1221 1688 1290 ἄρτου
1721 1221 1985 1288 ἐμφαντιο

401 1313 534 1376 κῶς,
560 1311 646 1364 ἵνα
675 1310 735 1364 τὸ
761 1313 1156 1384 προειρημένον
1181 1314 1404 1383 νοήσῃς,
1429 1311 1488 1363 οὐ
1535 1310 1639 1380 μὴν
1668 1308 1796 1363 ἄλλο
1832 1307 1985 1378 παρὰ

398 1397 459 1450 τὸ
495 1399 729 1468 πρῶτον,
768 1395 941 1468 οὗπερ
991 1401 1279 1470 ἐπιτρέπει
1328 1399 1652 1468 μεταλαϐεῖν
1694 1399 1832 1467 μετὰ
1888 1397 1984 1466 τὴν

399 1489 495 1542 τοῦ
533 1491 696 1559 ἄρτου
726 1490 1060 1560 μετάληψινο
1095 1491 1123 1543 ὃ
1150 1492 1243 1545 καὶ
1272 1489 1454 1543 λαϐὼν
1477 1488 1628 1542 εἶπεν
1649 1505 1661 1518 °
1701 1489 1880 1542 Τοῦτο
1920 1490 1984 1541 τὸ

397 1578 687 1645 ποτήριον
723 1580 762 1647 ἠ
791 1581 970 1646 καινὴ
1009 1579 1264 1646 διαθήκη
1297 1579 1366 1631 ἐν
1413 1579 1490 1642 τῷ
1519 1578 1729 1646 αἵματί
1746 1594 1886 1646 μου,
1920 1575 1984 1626 τὸ

398 1668 552 1735 ὑπὲρ
581 1668 748 1737 ὑμῶν
773 1671 1205 1740 ἐκχυννόμενον.
1243 1671 1399 1733 Τινὲς
1433 1670 1490 1722 δὲ
1533 1668 1786 1738 δεύτερον
1818 1666 1978 1719 τοῦτο

2089 488 2566 557 incorruptibilem
2612 489 2760 542 illam
2802 497 2856 542 et
2889 488 3161 543 vivilicam
3214 491 3486 560 praestitit.
3534 490 3673 556 Quia

2086 579 2252 648 igitur
2308 579 2601 648 oportebat
2655 579 2896 634 Verbum
2947 581 3094 644 'Dei,
3162 582 3326 635 modo
3381 582 3672 636 divinitate

2085 670 2271 738 digno,
2302 685 2399 738 per
2429 668 2693 738 Spiritum
2731 681 2978 724 sanctum
3026 672 3077 723 in
3118 671 3279 725 nobis
3316 671 3588 735 habitare,
3618 681 3672 725 et

2085 761 2240 830 quasi
2267 761 2594 830 corporibus
2619 763 2844 827 nostris,
2871 779 2967 830 per
2990 773 3232 816 sanctam
3263 763 3432 831 ipsius
3454 779 3673 817 carnem

2089 861 2146 908 et
2177 853 2478 922 pretiosum
2517 855 2862 924 sanguinem,
2897 855 3262 918 connuiscct‘i,
3295 865 3402 909 ctc.
3429 856 3673 910 Dicendo

2086 953 2270 996 autem
2301 960 2314 994 :
2345 942 2455 996 Hoc
2510 943 2666 1012 facile
2711 946 2763 997 in
2796 961 2964 998 meam
2987 947 3556 1010 conmmnorationem,
3579 962 3676 1000 cos

2086 1051 2113 1087 a
2148 1035 2394 1089 Judaicis
2425 1035 2624 1089 ritibus
2663 1037 2900 1101 avertit;
2935 1037 3089 1105 quasi
3122 1037 3330 1090 diceret
3361 1054 3372 1088 :
3399 1037 3674 1102 Quemad-

2087 1127 2309 1181 modum
2347 1130 2703 1182 czcremonias
2749 1130 2871 1196 agni
2922 1130 3194 1196 ρειευιιτιιὶέι
3237 1129 3585 1198 pet-agebatis
3620 1131 3672 1182 in

2087 1219 2665 1272 commemorationem
2694 1220 3085 1273 miraculorum
3109 1220 3160 1272 in
3184 1219 3412 1290 lli-ﬁnito
3437 1231 3677 1290 patrato-

2089 1327 2233 1375 rum,
2257 1311 2336 1364 sic
2371 1319 2426 1364 et
2462 1310 2567 1364 hoc
2610 1326 2757 1364 nunc
2781 1310 2944 1364 facite
2973 1311 3027 1363 in
3070 1327 3244 1364 meam
3282 1328 3646 1365 commemora

2090 1400 2315 1461 tionem,
2348 1398 2524 1452 donec
2553 1400 2790 1453 veniam.
2831 1398 3089 1453 Similiter
3122 1409 3168 1452 et
3199 1399 3415 1452 calicem
3457 1405 3673 1470 accepit,

2088 1491 2275 1546 calicis
2307 1507 2431 1546 cum
2480 1507 2622 1561 pane
2677 1508 2778 1546 con
2836 1489 3182 1561 junctionem
3221 1493 3567 1560 exprimens,
3617 1503 3679 1545 ut

2091 1581 2380 1647 videlicet,
2430 1585 2498 1636 de
2544 1599 2610 1636 eo
2645 1583 2812 1636 etiam
2861 1599 3008 1636 nunc
3051 1584 3202 1652 loqui
3257 1586 3564 1654 intelligas,
3608 1586 3675 1638 de

2091 1689 2202 1742 quo
2249 1673 2413 1727 modo
2457 1673 2673 1727 locutus
2719 1683 2821 1736 est,
2882 1689 3060 1743 neque
3125 1675 3275 1728 aliud
3327 1691 3446 1728 esse
3476 1675 3544 1728 ab
3583 1675 3676 1728 illo

398 1760 654 1825 γενέσθαι
681 1761 842 1828 φασί·
871 1764 966 1815 καὶ
990 1762 1048 1814 τὸ
1079 1765 1176 1832 μὲν
1203 1763 1436 1833 πρῶτον,
1464 1762 1721 1830 ποτήριον
1749 1757 1978 1826 δεξαμε-

2087 1764 2233 1834 quod
2291 1766 2530 1834 primum
2563 1767 2927 1827 consecravit,
2968 1767 3099 1820 illud
3151 1783 3271 1820 esse
3334 1766 3577 1834 opineris
3607 1767 3672 1819 ad

398 1869 508 1916 νος,
543 1854 944 1926 εὐχαριστήσας
971 1851 1124 1908 εἶπεν
1146 1875 1157 1886 ·
1198 1855 1418 1909 Λάϐετε
1443 1855 1619 1909 τοῦτο
1665 1853 1764 1906 καὶ
1791 1854 1982 1919 διαμε-

393 1942 610 2008 ρίσατε
661 1945 936 2012 ἑαυτοῖς·
968 1947 1028 1999 τὸ
1067 1948 1115 1998 δὲ
1151 1947 1424 2018 δεύτερον,
1475 1945 1614 2015 μετὰ
1665 1945 1757 1997 τὸν
1819 1944 1983 2013 ἄρτον

400 2034 494 2084 καὶ
521 2035 660 2102 μετὰ
688 2037 748 2088 τδ
776 2037 1081 2108 δειπνῆσαι,
1113 2039 1318 2106 λέγων·
1360 2037 1536 2090 Τοῦτο
1567 2036 1632 2089 τὸ
1673 2035 1980 2099 ποτήριον.

399 2129 509 2175 etc.

2099 1856 2258 1925 cujus
2305 1857 2784 1926 participationem
2836 1859 3189 1927 invitatpost
3222 1861 3668 1913 communionem

2101 1945 2280 2013 panis,
2317 1961 2536 2015 quoque
2587 1956 2811 2016 accepto
2849 1948 2985 2000 dixit
3026 1965 3039 2001 :
3077 1947 3172 2001 Hic
3198 1947 3338 2000 calix
3363 1955 3438 1999 est
3484 1963 3674 2000 novum

2093 2044 2462 2090 testamentum
2532 2040 2585 2090 in
2633 2042 2892 2109 sanguine
2922 2056 3054 2105 meo,
3092 2043 3182 2110 qui
3209 2056 3302 2110 pro
3335 2040 3471 2093 vobis
3512 2039 3674 2108 effun-

2093 2126 2265 2180 dctur.
2303 2127 2534 2193 Quidam
2566 2147 2698 2184 vero
2729 2132 2832 2186 hoc
2863 2132 3016 2185 aiunt
3051 2132 3292 2186 secunda
3326 2130 3444 2184 vice
3470 2130 3671 2184 factum

402 2215 591 2280 luisse,
646 2217 802 2286 juxta
843 2234 981 2288 quos
1022 2223 1201 2290 primo
1262 2223 1487 2276 calicem
1551 2219 1785 2289 accepit,
1833 2217 2079 2287 actisque
2126 2219 2336 2288 gratiis,
2384 2221 2568 2275 dixit:
2621 2224 2852 2293 Accipite
2896 2233 2945 2276 et
3019 2225 3309 2278 distribuite
3375 2225 3511 2276 inter
3547 2238 3674 2287 vos;

399 2311 643 2365 secundo
673 2322 796 2381 post
825 2316 1294 2370 consecrationem
1325 2315 1503 2386 panis,
1535 2329 1802 2404 comaque
1829 2314 1941 2384 jam
1976 2311 2118 2367 facta
2152 2313 2290 2368 dixit
2319 2332 2332 2365 :
2363 2315 2460 2368 Hic
2490 2317 2650 2390 cali},
2688 2326 2797 2371 etc.

470 2406 657 2478 Σιωπᾷ
677 2407 732 2460 δὲ
749 2408 940 2480 αὐτὸς(
959 2410 1233 2482 Ἰωάννης)
1252 2411 1430 2481 μόνος,
1447 2398 1634 2472 aurai;
1651 2398 1921 2474 λέξέσι,πε
1932 2407 1985 2478 ρὶ

397 2497 498 2567 τὴν
517 2497 610 2551 τοῦ
636 2500 936 2570 μυστηρίου
957 2502 1258 2572 παράδοσιν
1278 2521 1335 2556 κ.
1351 2521 1400 2559 τ.
1421 2503 1468 2558 λ.
1497 2504 1607 2574 οὐχ
1631 2502 1820 2574 (ὅμως)
1847 2503 1986 2555 ἀπα-

2160 2409 2222 2462 In
2275 2420 2587 2478 argumento
2621 2412 2691 2462 ad
2733 2411 2958 2464 Joannis
3005 2407 3670 2480 Evangelium.—Solus,

2090 2501 2234 2554 inter
2256 2503 2639 2572 erangelistas,
2673 2519 2782 2556 non
2815 2504 2950 2572 ipsis
2978 2504 3161 2556 verbis
3187 2501 3457 2555 describit
3485 2516 3670 2555 sacra-

401 2591 748 2661 ρασήμαντον
766 2592 944 2661 ἀφῆκε
966 2594 1055 2647 τὸν
1075 2596 1310 2667 περὶτοῦ
1332 2596 1631 2668 μυστηρίου
1651 2595 1829 2662 λόγον,
1847 2593 1995 2647 am.

2089 2594 2257 2648 menti
2296 2595 2666 2659 traditionem,
2694 2604 2801 2649 etc.
2838 2595 2956 2649 Non
2992 2605 3169 2648 tamen
3210 2594 3316 2648 hoc
3349 2595 3670 2665 mysterium

397 2679 808 2750 διηγηματικῶς
823 2684 953 2736 αὐτὸ
979 2684 1128 2752 λέγει
1150 2688 1396 2757 εἰρῆσθαι
1415 2687 1566 2755 παρὰ
1591 2686 1681 2739 τοῦ
1709 2687 1980 2756 Σωτῆρος⁸

411 2770 558 2839 Ἐγώ
589 2772 704 2839 ειμι
745 2778 779 2826 ό
809 2774 990 2841 ἄρτος
1019 2778 1128 2843 τῆς
1160 2777 1308 2842 ζωῆς
1329 2792 1342 2806 ·
1377 2781 1470 2830 καὶ
1499 2778 1660 2830 πάλιν
1681 2794 1696 2809 ο
1735 2778 1875 2830 Ἐάν
1893 2795 1981 2843 τις

399 2860 559 2929 φάγῃ
581 2862 649 2915 ἐκ
672 2863 777 2915 τού
791 2880 897 2918 του
923 2864 1033 2919 τοῦ
1049 2866 1254 2934 ἄρτου,
1277 2867 1516 2933 ζήσεται
1535 2871 1620 2933 εις
1642 2869 1748 2921 τὸν
1765 2867 1947 2919 αἰῶνα
1967 2886 1977 2896 ο

401 2954 434 3005 ὀ
462 2951 530 3005 δὲ
558 2952 736 3020 ἄρτος
767 2953 838 3008 ὃν
888 2955 1004 3024 ἐγὼ
1049 2955 1242 3020 δώσω,
1277 2959 1316 3024 ἢ
1354 2957 1512 3026 σάρξ
1537 2958 1654 3024 μού
1678 2958 1868 3020 ἐστιν,
1905 2956 1983 3023 ἣν

397 3043 514 3112 ἐγὼ
551 3044 724 3098 δώσω
748 3045 900 3115 ὑπὲρ
927 3046 1034 3115 τῆς
1060 3047 1170 3102 τοῦ
1188 3049 1420 3120 κόσμου
1442 3047 1590 3118 ζωῆς
1608 3063 1625 3081 ⁸
1657 3050 1750 3103 καὶ
1781 3048 1940 3103 πάλιν
1967 3064 1979 3076 ·

414 3132 486 3188 ἸΙ
504 3133 612 3205 ⁸γὰρ
636 3136 794 3206 σάρξ
806 3155 925 3206 μου
940 3139 1176 3209 ἀληθής
1197 3140 1327 3194 ἐστι
1347 3140 1601 3210 βρῶσις.
1636 3141 1739 3195 Καὶ
1756 3139 1820 3194 τὸ
1841 3135 1982 3208 αἷμά

2091 2694 2321 2740 tractare
2353 2686 2570 2751 omisit;
2605 2687 2700 2740 scd
2749 2687 2861 2740 brec
2894 2686 3237 2740 Salvator-em
3278 2687 3332 2740 in
3369 2685 3669 2755 expositio-

2085 2777 2173 2830 nis
2211 2777 2438 2831 l'ormam
2484 2778 2684 2833 dixisse
2720 2779 2885 2831 refert
2918 2797 2929 2831 ε
2962 2779 3072 2847 Ego
3101 2795 3216 2831 sum
3251 2779 3406 2848 panis
3461 2778 3580 2830 rita:
3617 2778 3667 2842 ⁶;

2085 2878 2140 2940 et
2171 2867 2370 2921 iterum
2411 2886 2424 2920 :
2455 2867 2514 2922 Si
2543 2871 2658 2939 quis
2695 2871 3089 2923 manducauerit
3122 2871 3186 2922 de
3224 2871 3318 2923 hoc
3349 2885 3505 2938 pane,
3537 2869 3670 2921 vivet

2086 2958 2139 3008 in
2170 2966 2468 3022 aeternum;
2496 2959 2649 3027 panis
2681 2969 2859 3012 autem
2896 2975 3048 3026 quem
3080 2975 3171 3028 ego
3200 2959 3353 3020 dabo,
3384 2973 3508 3010 caro
3550 2973 3667 3010 mea

2086 3057 2182 3110 est,
2229 3066 2386 3120 quam
2423 3066 2516 3120 ego
2546 3050 2680 3104 dabo
2714 3066 2810 3121 pro
2852 3052 3034 3104 mundi
3069 3052 3174 3104 vita
3207 3051 3256 3116 ⁷;
3315 3058 3372 3104 et
3415 3049 3614 3104 iterum
3650 3065 3666 3102 :

2087 3140 2223 3194 Caro
2269 3159 2384 3196 mea
2419 3158 2534 3196 vere
2578 3152 2652 3197 est
2697 3143 2860 3207 cibus,
2909 3151 2957 3195 et
3003 3143 3220 3213 sanguis
3261 3158 3405 3195 meus
3435 3157 3553 3195 verr
3592 3146 3668 3194 est

399 3241 534 3293 μου,
557 3228 792 3296 ἀληθής
833 3229 963 3284 ἐστι
995 3231 1195 3296 πόσις.
1223 3232 1425 3286 Deinde
1469 3233 1524 3286 in
1554 3233 1927 3285 mmmentario
1961 3247 1978 3284 :

2087 3241 2234 3299 potus
2274 3232 2316 3286 ⁵.
2339 3233 2624 3287 —Deinde
2669 3235 2723 3287 in
2768 3235 3148 3288 commentario
3174 3249 3193 3288 :
3243 3233 3479 3288 Carnem
3510 3247 3666 3299 suam

401 3316 510 3386 Τὴν
547 3319 728 3388 σάρκα
757 3321 950 3374 ἑαυτοῦ
995 3321 1160 3392 ἄρτον
1208 3323 1367 3376 καλεῖ
1398 3324 1487 3377 διὰ
1523 3323 1582 3376 τὸ
1610 3321 1887 3376 ἐσθίεσθαι
1921 3324 1977 3374 ἐν

400 3411 512 3470 τοῖς
544 3413 844 3478 μυστικοῖς,
893 3423 1000 3466 etc.
1043 3414 1135 3483 Μὴ
1164 3413 1257 3466 οὖν
1305 3417 1414 3477 τοῖς
1451 3416 1733 3484 σαρκικοῖς
1772 3411 1977 3480 ὀφθαλ-

407 3502 520 3568 μοῖς
539 3501 700 3570 ὁρᾶτε
717 3502 816 3566 τὰς
841 3503 1131 3574 δεδομένας
1156 3505 1287 3576 παρ’
1308 3505 1442 3574 ἐμοῦ
1468 3507 1693 3576 τροφὰς,
1713 3504 1846 3557 ἀλλὰ
1867 3507 1979 3565 τοῖς

405 3595 611 3660 νοητοῖς
632 3609 644 3623 ο
682 3596 715 3664 ἠ
745 3593 854 3666 γὰρ
877 3594 1013 3666 σὰρξ
1034 3596 1127 3648 τοῦ
1150 3597 1324 3664 Λόγον
1351 3597 1640 3669 ὑπερπηδᾷ
1663 3598 1835 3650 πάντα
1855 3596 1946 3648 νοῦ
1963 3614 1979 3647 ι

402 3683 496 3734 καὶ
525 3683 702 3752 λόγον.

473 3881 495 3911 ⁸
536 3879 692 3936 Joan.
722 3898 797 3949 Vl,
828 3883 916 3938 55.
992 3885 1012 3916 ⁷
1045 3884 1183 3940 ibid.
1341 3887 1430 3942 52.
1509 3889 1528 3921 '
1563 3888 1699 3943 ibid.
1731 3889 1819 3943 56.

403 4071 942 4103 m

2084 3339 2278 3391 νιιιιοιη
2318 3334 2478 3380 vocat
2523 3326 2652 3396 quia
2702 3326 2757 3380 in
2806 3325 3080 3398 mysteriis
3123 3325 3514 3388 manducatur,
3552 3332 3664 3378 etc.

2082 3415 2200 3467 Non
2245 3414 2413 3485 igitur
2449 3417 2764 3472 carnalibus
2805 3419 3000 3484 oculis,
3043 3419 3138 3473 sed
3177 3415 3661 3477 intellectualibns,

2081 3505 2265 3558 cibum
2309 3522 2473 3575 quem
2505 3521 2607 3576 ego
2651 3508 2907 3576 impertio
2939 3509 3285 3564 considerate
3312 3525 3325 3562 :
3352 3523 3482 3563 caro
3514 3506 3662 3560 enim

2082 3597 2248 3652 Verbi
2302 3613 2464 3653 omne
2530 3599 2760 3654 verbum
2804 3615 3135 3671 omnemque
3183 3600 3521 3654 intellectum
3566 3615 3662 3654 su-

2086 3695 2259 3756 perat.

1939 4080 3637 4107 rm

1414 4250 1757 4339 PETRI
1862 4201 2659 4340 LAODICENSIS

1194 4468 1597 4532 EXPOSITIO
1652 4466 1734 4530 IN
1800 4471 2254 4534 ΟΒΑΤΙΟΝΕΜ
2291 4472 2856 4542 ΒΟΜΙΝΙΕΛΜῌΙ.

1490 4621 1766 4692 (Biblioth.
1810 4619 2041 4676 Patrum
2076 4631 2118 4676 t.
2158 4621 2273 4692 XII,
2315 4640 2368 4696 p.
2402 4625 2557 4698 222.)

787 4979 791 4983 .
869 4922 1060 4994 πάτερ
1093 4924 1264 4996 ἡμῶν
1293 4927 1394 4998 (2).

469 5014 601 5068 Τότε
631 5014 818 5086 Πατὴρ
845 5014 1004 5086 ἡμῶν
1040 5019 1069 5070 ὁ
1101 5016 1235 5082 Θεὸς
1268 5017 1599 5090 χρηματίζει
1625 5021 1708 5074 ὅτι
1753 5019 1843 5074 διὰ
1869 5018 1971 5089 τῆς

399 5101 491 5156 τοῦ
516 5105 831 5175 Πνεύματος
875 5107 1269 5175 ἐπιφοιτήσεως
1295 5108 1396 5179 τῆς
1428 5109 1700 5174 υἱοθεσίας
1727 5109 1970 5174 ἀξιωθῶ-
2010 5127 2016 5131 ·

402 5212 500 5266 μιν
518 5212 533 5227 ⁸
557 5198 590 5251 ὁ
607 5198 717 5269 γὰρ
747 5199 964 5270 Πατέρα
991 5199 1169 5253 καλῶν
1213 5201 1305 5254 τὸν
1327 5201 1460 5256 Θεὸν
1497 5203 1700 5274 ὀφείλει
1739 5202 1976 5273 καθαρὸς

470 5335 547 5410 (l)
577 5335 754 5410 mlius
774 5336 1029 5410 opusculi
1068 5344 1249 5410 textus
1278 5337 1504 5410 Graecus
1543 5339 1875 5410 desumptus
1891 5348 1976 5394 est

399 5421 464 5460 ex
487 5405 962 5477 Appendice'tom.
1006 5407 1025 5460 l
1071 5406 1324 5477 Origenis
1370 5409 1610 5477 Operum
1663 5405 1800 5462 edit.
1829 5409 1993 5462 Μέθη-ι

403 5479 510 5546 rin.
536 5487 657 5546 pag.
683 5475 806 5541 909,
843 5476 934 5531 ubi
969 5475 1292 5532 inscribitur
1316 5475 1429 5532 sub
1447 5479 1549 5533 hoc
1580 5480 1740 5535 titulo
1767 5496 1778 5532 :
1818 5481 1977 5532 ’Λνω-

400 5543 569 5618 νυμον
601 5543 811 5618 ξσχόὶᾳα
845 5549 922 5618 εἰς
951 5545 1115 5618 εὐχὴν
1147 5549 1454 5617 Κυριακήν.
1487 5547 1633 5603 Emr.
1659 5549 1806 5604 Petri
1840 5549 1978 5602 Lao-

401 5612 924 5686 dicensis'episcopi
960 5612 1318 5687 eipcsitio'in
1349 5612 1667 5672 Orationem
1729 5619 1977 5674 Domini-

406 5697 546 5737 eam.

1997 4942 2054 5001 Ι)

2457 4922 2622 4978 Pater
2651 4933 2846 4991 noster,
2875 4927 2965 4995 qui
2987 4942 3040 4978 es
3056 4928 3110 4980 in
3139 4926 3298 4982 cmlis.

2150 5015 2304 5070 Tunc
2330 5014 2554 5070 demum
2586 5031 2644 5070 se
2681 5015 2828 5071 Deus
2855 5016 3070 5072 Patrem
3093 5029 3345 5074 nostrum
3374 5017 3483 5074 dici
3513 5018 3650 5086 vult,

2079 5123 2205 5162 cum
2248 5106 2487 5178 Spiritus
2545 5116 2766 5162 sanctus
2812 5106 3133 5173 adveniens,
3173 5107 3378 5165 Christi
3428 5125 3531 5164 nos
3560 5111 3654 5164 ad-

2081 5200 2304 5269 optione
2328 5201 2614 5279 dignatur.
2636 5199 2900 5270 Quisquis
2925 5201 3075 5257 enim
3109 5201 3282 5256 Deum
3311 5203 3526 5257 Patrem
3559 5218 3654 5256 vo-

2149 5338 2224 5408 (2)
2249 5339 2375 5408 llaec
2390 5339 2596 5395 scholia
2621 5355 2650 5394 e
2685 5340 2874 5395 codice
2898 5339 3087 5394 italico
3118 5337 3413 5407 descripta,
3442 5337 3654 5406 primus

2076 5407 2398 5464 edidithd.
2445 5408 2704 5465 Morellus
2730 5424 2818 5462 an.
2869 5409 3036 5468 1601;
3085 5408 3288 5477 quibus
3318 5417 3378 5461 ut
3412 5407 3650 5476 pretium

2077 5489 2384 5548 arrogaret,
2413 5494 2512 5548 pro
2557 5477 2796 5548 Origem's
2839 5482 2919 5532 vel
2974 5479 3195 5534 alterius
3243 5479 3466 5533 doctoris
3505 5493 3650 5548 συγ-

2078 5547 2272 5670 ﬁmo
2292 5547 2680 5629 fetu’habenda
2707 5549 2941 5630 cetisnit'.
2967 5549 3035 5630 At
3057 5549 3132 5602 illi
3157 5563 3357 5621 parum
3389 5547 3652 5628 credulus

2135 5625 2316 5670 uettus
2342 5634 2396 5670 In
2422 5619 2732 5670 Ormenian.
2771 5619 3052 5670 inferioris
3086 5620 3246 5670 longe
3301 5633 3402 5670 aevi
3438 5627 3652 5670 narentt

2135 5618 2316 5672 uetius
2342 5618 2396 5672 in
2422 5618 2732 5686 Origem‘an.
2771 5618 3052 5683 inferioris
3086 5609 3246 5686 Ioniae
3301 5617 3402 5673 aevi
3438 5617 3653 5686 parenti

2081 5702 2146 5742 ea
2177 5687 2476 5757 adiudicat,
2508 5686 2670 5744 Petro
2708 5689 2923 5745 sciliett
2949 5687 3278 5748 Laodicensi
3329 5686 3654 5759 septimi,ut
