3998 6282
399 482 532 569 1771
1475 561 1480 565 _
1627 484 1940 558 LEONTII
1978 484 2391 562 BYZANTINI
2882 482 2893 489 ’
3510 490 3647 568 {7‘72

397 597 465 653 de
494 606 695 652 caetero
719 612 826 652 non
852 597 1129 664 admittit;
1156 597 1305 669 quod
1327 598 1473 654 enim
1496 598 1555 652 ﬁt
1578 615 1772 665 unum,
1802 609 1970 656 restat

2074 602 2262 656 δεῖται·
2303 604 2336 674 ἢ
2382 601 2477 659 οὗν
2507 604 2717 674 ψευδῶς
2752 607 2810 660 ἓν
2853 605 2991 662 εἶναι
3023 608 3202 680 πάντη
3233 611 3355 665 καθ’
3387 614 3414 666 ὃ
3441 616 3645 684 ἥνωται

397 686 543 761 quod
611 689 948 746 adunatidne
1012 705 1123 745 non
1183 691 1421 761 ligatur,
1477 699 1575 747 aut
1630 706 1765 757 ergo
1828 690 1967 746 falso

2074 692 2139 746 τὰ
2175 693 2268 747 δύο
2299 695 2515 766 εἴρηται
2569 698 2770 761 αὐτοῖς·
2814 700 2846 769 ἢ
2894 700 2993 753 οὐκ
3035 699 3253 772 άληθῶς
3301 702 3551 758 ἑνοῦσθαι
3578 709 3646 759 τά

397 796 569 836 unum
622 796 746 836 esse
792 782 1018 837 omnino
1059 781 1215 852 juxta
1244 782 1392 852 quod
1433 782 1674 837 adunata
1709 790 1837 837 sunt
1878 781 1970 835 illa

2074 783 2171 836 δύο
2201 784 2326 838 καθ’
2349 785 2376 837 ὃ
2410 787 2509 857 ἤδη
2556 789 2845 856 γεγόνασιν
2884 790 2962 856 ἓν,
2996 790 3340 864 λεχθήσεται·
3382 795 3522 849 ὥστε
3549 816 3646 851 κα.-

332 888 341 897 ’
396 873 528 938 duo,
571 871 787 926 dicatur
834 873 903 927 ab
933 872 1105 942 ipsis;
1138 882 1232 928 aut
1261 887 1371 928 non
1411 888 1542 928 vere
1592 871 1822 927 adunari
1857 870 1970 926 duo

2074 872 2175 938 λῶς
2204 892 2386 946 φαμεν
2420 878 2466 929 εἰ
2502 877 2595 930 δύο
2617 879 2830 948 φύσεων
2857 882 3004 935 ἐστιν
3028 882 3062 953 ἡ
3087 882 3301 948 ἓνωσις.
3331 886 3462 954 μίαν
3500 882 3644 941 εῖναι

396 962 702 1018 secundum
738 963 883 1033 quod
909 963 1021 1033 jam
1049 963 1274 1018 fuerunt
1300 978 1475 1017 unum
1508 963 1748 1018 dicetur.
1775 962 1969 1031 itaque

2074 963 2278 1035 μᾶλλον
2298 966 2396 1037 τὴν
2426 969 2743 1023 ὑπόστασιν·
2777 972 2898 1026 οὐδὲ
2927 971 3035 1044 γὰρ
3065 971 3165 1045 τὴν
3205 976 3387 1043 φύσιν·
3413 977 3506 1031 δύο
3541 978 3646 1049 γὰρ

396 1054 537 1110 bene
569 1055 807 1110 dicimus
826 1095 840 1119 ,
869 1055 915 1110 si
945 1055 1178 1110 duarum
1210 1064 1532 1110 naturarum
1562 1064 1649 1110 est
1677 1053 1966 1118 adunatio,

2074 1054 2212 1109 κατὰ
2257 1056 2421 1127 φύσιν
2465 1059 2535 1112 τὰ
2581 1058 2881 1130 ἑνούμενα,
2930 1061 3007 1126 ὡς
3042 1061 3329 1134 ὲνούμενα·
3360 1065 3420 1118 ἒν
3451 1067 3509 1121 δὲ
3546 1070 3647 1139 τὴν

354 1159 371 1173 ·
397 1161 565 1202 unam
589 1162 710 1202 esse
738 1147 922 1217 potius
952 1148 1287 1218 hypostasim
1308 1188 1323 1213 ,
1355 1163 1464 1202 non
1495 1146 1643 1201 enim
1673 1152 1964 1210 naturam;

2074 1144 2389 1213 ὑπόστασιν,
2428 1147 2503 1211 ὡς
2541 1149 2818 1219 ἡνωμένα,
3602 1210 3613 1227 ,

396 1255 525 1315 nam
575 1240 685 1296 duo
725 1240 1027 1296 secundum
1062 1249 1316 1294 naturam
1361 1240 1624 1306 adunata,
1658 1240 1803 1296 sicut
1840 1252 1964 1308 qua:
2002 1235 2359 1307 adunantur;
2423 1255 2593 1295 unum
2628 1255 2768 1297 .vero
2806 1242 3132 1298 secundum
3168 1243 3530 1314 hypostasim,
3566 1243 3644 1297 si-
3690 1246 3691 1249 “

397 1342 493 1387 cut
518 1348 641 1403 qua:
662 1331 900 1387 adunata
927 1332 1171 1387 fuerunt.

466 1423 519 1477 ὁ.
560 1422 733 1478 Omne
761 1438 829 1477 ex
867 1423 1121 1492 partibus
1154 1438 1268 1478 non
1292 1423 1542 1493 ejusdem
1574 1433 1788 1479 natura:
1816 1437 1968 1477 com-

2143 1419 2213 1473 6'.
2243 1422 2357 1476 Πᾶν
2396 1421 2455 1488 ἐξ
2485 1423 2901 1496 ἀνομο”ιομερῶν
2929 1425 3183 1480 συντεθὲν
3208 1426 3644 1505 ὄλονςηὲτερώνο·

376 1515 849 1586 ,ροείιυωῑόιυιη
871 1515 1025 1572 οἱίυε
1050 1516 1291 1572 nominis
1317 1518 1428 1571 erit
1451 1517 1676 1573 relative
1703 1517 1770 1572 ad
1796 1517 1969 1589 ipsius

2075 1528 2175 1582 μον
2203 1511 2316 1578 ’ἐξει
2350 1514 2488 1584 πρὸς
2522 1515 2584 1568 τὸ
2610 1516 2806 1570 ἑαυτοῦ
2836 1513 2996 1582 εἶδος·
3023 1518 3284 1589 ἑκάτερον
3316 1515 3454 1583 εἶδος
3485 1537 3645 1589 φυσι-

397 1607 666 1672 formam;
697 1623 1040 1678 unaquaeque
1057 1608 1343 1663 naturalis
1355 1608 1524 1663 forma
1549 1608 1791 1678 partium
1810 1608 1963 1679 ejus;

2074 1605 2168 1658 κδν
2197 1605 2305 1660 τῶν
2328 1606 2523 1661 ἑαυτοῦ
2566 1608 2773 1680 μερῶν·
2809 1608 2933 1663 οὕτε
2972 1610 3073 1681 γὰρ
3101 1609 3288 1675 ἁπλῶς
3312 1610 3492 1683 σῶμα,
3520 1609 3643 1665 οὗτε

377 1711 525 1751 ~uam
565 1712 668 1752 nec
715 1697 1048 1767 simpliciter
1094 1711 1335 1766 corpus,
1380 1712 1484 1752 nec
1528 1700 1739 1750 tantum
1782 1694 1965 1750 annua

2075 1697 2251 1766 μόνως
2301 1698 2448 1771 ψυχὴ
2497 1701 2526 1753 6
2578 1701 2865 1771 ἄνθρωπος
2914 1702 3152 1770 λέγοιτο,
3207 1702 3438 1772 φυσικοῦ
3471 1702 3644 1765 εἴδους

378 1788 564 1843 homo
595 1787 894 1867 diceretur,
920 1787 1186 1843 naturalis
1213 1789 1403 1843 forma:
1432 1776 1678 1853 ratiOne;
1710 1802 1812 1842 nec
1840 1801 1967 1842 cor-

2074 1786 2240 1860 λόγῳ·
2265 1789 2390 1843 οὔτε
2418 1791 2576 1861 σῶμα
2606 1792 2701 1846 καὶ
2734 1792 2898 1865 ψυχή·
2934 1793 2995 1847 τὸ
3019 1793 3128 1863 γὰρ
3160 1793 3375 1865 θνητὸν,
3402 1796 3460 1848 ἐν
3492 1794 3643 1848 066s-

378 1888 504 1949 épus
535 1886 590 1933 et
628 1870 833 1933 anima.
870 1868 1394 1948 ’Namquc'morta’lc
1437 1877 1494 1931 in
1533 1885 1736 1932 neutra
1768 1877 1967 1932 horum

2074 1879 2215 1950 τὲρῳ
2244 1880 2411 1934 τῶνδε
2453 1883 2607 1947 εἴδει,
2662 1886 2726 1936 ὲν
2756 1884 2813 1938 δὲ
2844 1883 2922 1955 τῷ
2951 1883 3228 1957 ἀνθρώπῳ
3254 1887 3460 1957 σαφῶς·
3485 1887 3521 1958 ἢ
3550 1885 3646 1940 οὖν

380 1968 598 2034 δίὀτπια,
644 1970 701 2024 in
747 1968 975 2023 homine
1023 1982 1155 2021 vero
1200 1967 1661 2031 efidenter';“aut
1699 1980 1833 2036 ergo
1867 1980 1970 2022 nec

2074 1942 2200 2025 οὔτε
2224 1971 2357 2037 Θεὸς
2410 1966 2535 2027 δῦτε
2563 1942 2873 2046 άνθρωπος,
2893 1942 3032 2029 ὀὗτε
3058 1942 3211 2040 ’Θεὸς
3232 1942 3642 2050 καὶιᾶνθρωπος

390 2059 545 2113 Deus
595 2072 701 2114 ncc
740 2058 930 2120 homo,
962 2073 1066 2113 nec
1090 2058 1238 2113 Deus
1271 2066 1325 2112 et
1360 2059 1526 2113 homo
1562 2073 1667 2113 una
1690 2098 1706 2125 ,
1731 2057 1829 2113 sed
1861 2057 1969 2114 alia

2074 2063 2208 2133 ἅμα,
2247 2064 2363 2117 ἀλλ’
2387 2065 2577 2138 ἔτερόν
2609 2084 2661 2120 τι
2689 2064 2831 2132 εἶδος
2861 2068 3090 2137 φυσικὸν
3118 2070 3147 2123 6
3177 2070 3431 2139 Χριστός⁹
3469 2071 3562 2125 καὶ
3592 2073 3644 2125 τί

389 2148 645 2218 quaedam
688 2148 862 2204 forma
915 2150 1190 2205 naturalis
1241 2149 1536 2216 Christus;
1581 2159 1638 2205 et
1671 2165 1780 2205 cur
1808 2150 1966 2215 illud,

2074 2155 2247 2219 τοῦτο,
2285 2159 2615 2227 λεγέτωσαν⁸
2652 2161 2701 2212 εί
2746 2160 2993 2230 ὁμοειδὲς
3041 2162 3250 2231 ἀμφοῖν
3290 2164 3405 2226 τοῖς
3454 2179 3643 2217 συντε-

398 2239 624 2307 dicant;
673 2240 720 2295 si
760 2240 953 2296 eadem
983 2240 1272 2297 amborum
1309 2256 1374 2295 ex
1413 2241 1614 2311 quibus
1640 2241 1967 2312 compositio

2074 2248 2211 2303 θεῖσι
2250 2251 2392 2305 κατὰ
2429 2252 2609 2306 πάντα
2653 2252 2714 2305 τὸ
2748 2250 2842 2305 τοῦ
2883 2252 3143 2308 συνθέτου
3185 2247 3346 2318 εἶδος,
3378 2254 3496 2318 πῶς
3519 2254 3643 2324 οὐχὶ

396 2340 483 2387 est
516 2331 573 2386 in
605 2321 899 2398 omnibus,
931 2332 1306 2402 et‘compositi
1342 2341 1429 2388 est
1451 2332 1625 2387 forma
1645 2372 1660 2398 ,
1687 2333 1968 2403 quomodo

2074 2341 2163 2394 καὶ
2186 2340 2479 2412 ἰσάριθμον
2505 2341 2662 2395 ἔσται
2693 2342 2878 2406 αύτοίς
2904 2341 3049 2395 κατὰ
3067 2343 3171 2396 ’τὸν
3190 2345 3418 2413 φυσικὸν
3443 2321 3643 2414 ’λόγους

399 2436 509 2476 non
548 2430 605 2476 et
628 2423 879 2493 ejusdem
924 2424 1141 2478 numeri
1193 2423 1299 2479 erit
1348 2438 1411 2477 ac
1440 2423 1616 2478 ambo
1660 2423 1966 2480 secundum

398 2514 707 2569 naturalem
737 2529 1050 2570 sermonem
1077 2513 1107 2569 7
2154 2588 2161 2595 Ι

468 2606 584 2662 5.Si
611 2622 718 2662 una
740 2615 959 2673 natura,
979 2606 1163 2678 sicrgo
1177 2606 1605 2664 etsubsistentia
1622 2616 1746 2678 post
1765 2608 1970 2665 aduna-

2138 2591 2201 2685 s'.
2238 2600 2300 2653 Εί
2335 2600 2435 2671 μία
2458 2599 2641 2685 φύσις,
2677 2601 2798 2685 εἶτ’
2818 2596 2917 2656 οὖν
2944 2591 3123 2665 οὐσία,
3157 2602 3298 2672 μετὰ
3323 2602 3422 2671 τὴν
3440 2594 3644 2656 ἒνωσίν

406 2699 611 2753 tionem
656 2697 931 2762 Christus,
947 2712 1114 2751 unum
1129 2697 1417 2760 etinitium
1439 2698 1614 2768 ipsius
1631 2701 1963 2756 exsistendi:

2074 2689 2096 2741 6
2131 2682 2385 2759 Χριστὸς.
2448 2682 2551 2759 μία
2600 2692 2693 2744 καὶ
2802 2691 3006 2763 ταύτης
3045 2692 3188 2764 ἀρχὴ
3226 2691 3321 2747 τοῦ
3356 2689 3517 2748 εἶναι·
3548 2694 3645 2747 δύο

398 2806 524 2844 nam
563 2790 674 2844 duo
719 2788 875 2842 initia
914 2788 1164 2858 ejusdem
1195 2788 1567 2845 subsistentia:
1594 2798 1652 2845 et
1680 2799 1895 2848 natura
1937 2808 1968 2848 a

2074 2778 2176 2850 γὰρ
2211 2780 2383 2850 ἀρχὰς
2412 2780 2511 2850 τῆς
2567 2781 2736 2851 αὐτῆς
2786 2782 2976 2846 οὐσίας
3033 2784 3130 2837 καὶ
3181 2781 3420 2854 φύσεως,
3463 2783 3639 2854 ἦγουν

397 2895 510 2950 quo
539 2888 720 2935 ortum
746 2878 850 2933 fuit
888 2886 944 2933 et
981 2888 1088 2943 est,
1118 2879 1505 2948 impossibilia.
1537 2880 1787 2951 Namque
1830 2881 1964 2937 illud

2074 2872 2160 2940 ἀφ’
2188 2865 2249 2923 οὗ
2299 2871 2514 2941 πέφυκε
2560 2873 2657 2926 καὶ
2700 2873 2956 2947 ὑπάρχει,
3007 2869 3150 2928 εἶναι
3193 2874 3473 2929 ἀδύνατον
3509 2875 3645 2929 αὐτὸ

400 2971 788 3027 exsistentiam
806 2970 1047 3025 essentia
1070 2969 1448 3037 manifestans,
1467 2972 1688 3042 quando
1701 2972 1840 3028 facta
1860 2982 1965 3039 est,

2074 2962 2177 3030 γὰρ
2206 2962 2363 3014 τοῦτο
2386 2961 2484 3031 τὴν
2510 2961 2742 3032 ὓπαρξιν
2768 2964 2801 3034 ἡ
2833 2963 2992 3017 οὐσία
3030 2962 3284 3034 δηλοῦσα,
3311 2962 3399 3018 ὅτε
3426 2964 3645 3034 γέγονε,

396 3072 534 3118 tunc
554 3062 765 3117 exsistit
800 3078 814 3128 ;
841 3060 1061 3116 initium
1075 3076 1206 3131 ergo
1222 3062 1522 3117 exsistendi
1548 3063 1693 3119 hanc
1704 3065 1969 3134 composi-

2074 3054 2192 3106 τότε
2226 3053 2320 3105 καὶ
2345 3054 2602 3126 ὑπάρχει·
2637 3057 2670 3126 ἠ
2704 3051 2796 3108 οὖν
2837 3057 2984 3127 ἀρχὴ
3017 3059 3113 3110 τοῦ
3143 3051 3284 3110 εἶναι
3308 3057 3513 3128 ταύτης
3544 3059 3644 3126 τῆς

393 3166 510 3212 tam
536 3161 810 3219 naturam,
841 3154 1068 3224 quando
1090 3160 1147 3207 et
1170 3152 1494 3224 quomodo?
1524 3152 1811 3224 Siquidem
1838 3165 1966 3210 ante

2074 3143 2329 3198 συνθέτου
2356 3144 2593 3213 φύσεως,
2632 3146 2765 3199 πότε
2791 3164 2851 3200 τε
2875 3148 2971 3200 καὶ
2996 3142 3172 3213 ὅπως
3196 3149 3245 3233 εί
3274 3147 3371 3218 μὲν
3400 3148 3509 3218 γάρ
3536 3148 3642 3218 πρδ

398 3238 815 3313 adunationem,
844 3258 957 3300 non
992 3248 1221 3314 propter
1244 3243 1640 3299 adunationem
1666 3259 1775 3299 una
1811 3245 1964 3300 dice-

2074 3235 2164 3305 τῆς
2195 3233 2462 3301 ἐνώσεως,
2503 3236 2563 3290 ού
2594 3236 2684 3290 διὰ
2707 3236 2804 3308 τὴν
2832 3236 3033 3291 ἕνωσιν
3080 3238 3180 3308 μία
3214 3236 3449 3306 λέγοιτο,
3478 3237 3639 3309 δηλαμ

399 3348 574 3405 retur,
603 3337 887 3394 evidenter
915 3341 1036 3391 erat
1065 3334 1212 3389 enim
1244 3337 1375 3390 ante
1416 3330 1809 3392 adunationem
1836 3353 1964 3402 una,

2074 3326 2154 3394 δή·
2184 3322 2252 3398 ἦν
2276 3328 2387 3398 γὰρ
2423 3329 2514 3381 καὶ
2544 3328 2656 3398 ’πρὸ
2702 3328 2805 3398 τῆς
2820 3328 3077 3393 ἑνώσεως
3117 3328 3237 3405 μία,
3271 3324 3395 3384 οὔτε
3418 3329 3474 3384 δὲ
3503 3329 3638 3383 ἐνώ-

398 3445 504 3488 nec
531 3428 864 3486 adunatione
885 3436 1024 3498 Opus
1045 3436 1167 3482 erat
1196 3435 1256 3481 ut
1281 3427 1397 3497 ipsa
1418 3430 1566 3482 esset
1591 3434 1721 3483 una.
1747 3427 1805 3483 Si
1833 3444 1966 3483 vero

2074 3433 2206 3481 σεως
2246 3418 2404 3489 χρεία
2448 3413 2518 3489 ἦν
2546 3421 2627 3480 είς
2654 3419 2729 3473 ’τὸ
2760 3418 2889 3490 μίαν
2936 3416 3076 3474 εἶναι
3117 3411 3310 3489 αὐτήν·
3341 3424 3390 3474 εἰ
3422 3422 3480 3474 δὲ
3527 3422 3638 3475 ἀπ’)

361 3510 432 3582 ἰ
497 3521 723 3594 praefata
770 3518 1109 3577 adunatione
1166 3518 1345 3590 ipsius
1384 3518 1637 3586 initium,
1676 3518 1968 3590 quomodo

2074 3508 2165 3595 τῆς
2191 3508 2500 3579 προσφάτου
2523 3508 2768 3574 ὲνώσεως
2800 3511 2834 3580 ἠ
2865 3510 3071 3582 ταύτης
3099 3511 3265 3583 ἀρχὴ,
3300 3510 3424 3574 ’πῶς
3460 3511 3639 3565 άῖδίαν

400 3617 671 3680 internum
708 3609 889 3664 adhuc
904 3616 961 3662 et
995 3615 1124 3662 ante
1154 3608 1355 3663 saecula
1388 3617 1444 3663 et
1465 3608 1708 3663 divinam
1737 3608 1968 3665 conﬁte-

2074 3598 2148 3652 ἔτι
2194 3601 2290 3653 καὶ
2331 3601 2668 3671 προαιωνίαν
2727 3603 2822 3655 καὶ
2867 3601 3018 3691 θείαν
3063 3603 3498 3674 ὁμολογήσωμεν
3538 3605 3638 3675 τὴν

390 3701 585 3759 ’δίῐῐὶυΐ
614 3702 785 3768 illam,
806 3712 929 3771 quae
956 3698 1188 3771 Augusti
1212 3698 1557 3770 temporibus
1578 3699 1731 3754 venit
1748 3699 1817 3754 ad
1843 3706 1964 3755 esse

2074 3690 2160 3743 ἐπὶ
2189 3689 2299 3745 τῶν
2327 3689 2639 3760 Αὐγούστου
2668 3688 2891 3763 χρόνων
2917 3691 3286 3764 προελθοῦσαν
3310 3694 3479 3758 εἰς’τδ
3499 3688 3635 3748 εἶναι

389 3802 655 3852 naturam
670 3792 695 3846 ἲ

311 3878 314 3882 ’
460 3884 526 3941 ’6.
572 3882 768 3941 Omnis
808 3883 1164 3940 adunatio‘in
1204 3885 1460 3938 naturam
1500 3883 1791 3959 quamdam
1836 3886 1968 3940 cen-

400 3982 671 4033 s‘ummata
713 3984 771 4031 et
794 3983 1042 4046 spectata
1065 4016 1079 4039 ,
1113 3990 1171 4030 se
1195 3962 1437 4030 ostendit
1472 3975 1722 4045 qumdam
1761 3975 1968 4030 haben-

399 4054 547 4136 tem,
585 4082 708 4139 qure
745 4066 1110 4122 adunatarum
1152 4064 1475 4120 naturarum
1516 4065 1670 4121 nulla
1706 4065 1762 4120 in
1786 4065 1968 4135 seipsa

400 4157 648 4230 possidet
677 4175 690 4210 :
721 4156 926 4213 etenim
964 4171 1066 4212 nec
1098 4155 1292 4211 animae
1350 4160 1457 4211 ne’c
1485 4156 1737 4226 corporis
1769 4166 1968 4212 natura

400 4264 502 4320 per
530 4239 791 4316 se’ipsam
816 4260 1060 4314 unquam
1097 4246 1303 4311 esurit,
1337 4254 1431 4301 aut
1462 4245 1612 4311 sitit,
1648 4253 1744 4300 aut
1776 4246 1970 4301 horro-

399 4353 541 4403 rem,
576 4344 671 4392 aut
698 4334 935 4392 calorem
957 4333 1258 4404 experitur,
1279 4339 1374 4388 aut
1405 4335 1631 4398 dormit,
1663 4344 1759 4389 aut
1779 4351 1970 4391 move-

403 4439 519 4496 tur,
547 4435 644 4483 aut
671 4426 813 4482 ridet
836 4432 931 4480 aut
956 4411 1162 4494 plorat,
1188 4432 1285 4478 aut
1316 4422 1651 4493 simpliciter
1680 4424 1967 4479 sensibilia

401 4519 595 4585 sentit,
629 4519 702 4573 ita
742 4520 804 4571 ut
836 4530 940 4581 nec
968 4514 1104 4569 tibia
1141 4514 1463 4585 separatim,
1497 4513 1841 4570 nc‘ctibicen
1867 4531 1968 4585 per

2070 3783 2228 3853 φύσιν
2248 3802 2261 3849 ;

2140 3884 2213 3942 ς’.
2249 3865 2406 3930 Πᾶσα
2432 3875 2626 3942 ἓνωσις
2650 3878 2735 3942 εἷς
2759 3877 2923 3948 φύσιν
2950 3878 3076 3932 τινὰ
3102 3879 3422 3950 καινοτέραν
3454 3880 3636 3951 amp;

2067 3956 2326 4037 τικτομένη
2367 3984 2427 4020 τε
2467 3967 2563 4020 καὶ
2592 3968 2870 4038 ὁρωμένη,
2898 3956 3174 4021 δείκνυσιν
3206 3966 3373 4037 αὐτὴν
3410 3966 3639 4037 ἔχουσάν

2068 4062 2188 4111 τινα
2226 4054 2266 4111 ὃ.
2292 4058 2518 4128 οὐδεμία
2547 4058 2656 4111 τῶν
2695 4058 3000 4113 ὲνωθεισῶν
3040 4050 3261 4128 φύσεων
3279 4055 3412 4112 ’καθ’
3440 4059 3639 4129 ἑαυτὴν

2069 4150 2351 4221 κέκτηται·
2380 4149 2476 4204 καὶ
2507 4151 2615 4220 γὰρ
2651 4150 2774 4205 οὔτε
2803 4151 2979 4221 ψυχῆς
3019 4150 3202 4221 φύσις,
3227 4146 3351 4204 οὔτε
3388 4149 3640 4220 σώματος

2070 4242 2190 4298 καθ’
2216 4232 2422 4311 ἑαυτὴν
2450 4239 2672 4294 πώποτε
2719 4240 2903 4316 πεινᾷ,
2932 4236 2966 4312 ἧ
3008 4228 3161 4310 διψᾷ,
3187 4239 3221 4310 ἢ
3258 4238 3456 4311 ριγᾷ-,ἧ
3500 4255 3639 4292 καυδ

2073 4332 2330 4401 σοῦται,ἦ
2366 4322 2551 4397 ύπνοῖ,
2604 4326 3013 4402 ἢάποθνήσκει,
3045 4331 3078 4401 ἢ
3109 4331 3263 4401 γελᾷ,
3293 4328 3327 4400 ἢ
3375 4328 3576 4395 κλαίει,
3604 4324 3639 4399 ἢ

2069 4421 2252 4486 ἅπλῶς
2283 4421 2597 4474 αἰσθάνεται
2625 4419 2898 4490 αίσθητῶς
2924 4417 3209 4490 αίσθητοῦ,
3246 4417 3580 4490 ὥσπερόὐδὲ
3609 4414 3638 4470 ὃ

2071 4510 2233 4574 αὐλὸς
2268 4509 2394 4580 ἰδίᾳ,
2441 4505 2565 4563 οὐδὲ
2610 4510 2640 4562 6
2686 4508 2929 4579 αὐλητὴς
2971 4507 3093 4562 καθ’
3124 4508 3318 4563 ἑαυτὸν
3366 4508 3541 4563 λαλείδ
3589 4505 3639 4561 τί
3709 4509 3713 4512 ’

403 4629 464 4669 se
489 4613 671 4682 ipsum
698 4607 884 4673 canit;
907 4606 1039 4676 quid
1063 4620 1195 4677 ergo
1227 4605 1523 4672 Dominus,
1555 4606 1672 4676 ipse
1698 4621 1801 4661 nec
1823 4607 1969 4661 Deus

2074 4598 2163 4657 οὖν
2189 4603 2218 4657 6
2246 4600 2470 4674 Κύριος,
2495 4600 2524 4654 6
2553 4602 2689 4673 μήτε
2711 4600 2843 4665 Θεὸς
2869 4602 3009 4672 μήτε
3034 4600 3345 4673 ἄνθρωπος,
3370 4601 3477 4673 ίδίᾳ
3499 4600 3644 4670 ἔχειν

401 4713 508 4755 nec
537 4698 734 4761 homo,
779 4693 1004 4764 proprie
1051 4691 1260 4748 habere
1292 4707 1406 4762 pra:
1436 4708 1496 4747 se
1529 4690 1789 4748 ferebat?
1812 4692 1970 4748 Sane

401 4805 536 4863 ergo
576 4787 770 4844 dicunt
801 4783 949 4855 quod
983 4798 1150 4854 super
1187 4798 1362 4854 aquas
1401 4798 1732 4854 corporeum
1771 4770 1969 4839 ambu-

403 4885 526 4939 lans
561 4890 618 4935 et
648 4877 880 4943 similia;
912 4875 1008 4931 sed
1047 4875 1184 4930 illud
1218 4875 1638 4947 intelligendum
1678 4891 1791 4931 non
1822 4877 1970 4932 exsi-

404 4966 559 5031 stens
594 4980 808 5027 naturae
838 4968 1157 5039 compositae
1182 4969 1469 5039 praprium
1501 4984 1639 5035 cns;
1670 4978 1726 5024 et
1765 4971 1970 5039 quibus

406 5046 516 5122 non
548 5061 853 5120 secundum
876 5058 1175 5116 essentiam
1199 5058 1255 5113 in
1283 5068 1479 5113 natura
1507 5068 1603 5113 aut
1625 5058 1678 5115 in
1695 5060 1968 5115 exsisten-

408 5158 481 5215 tia
507 5152 767 5212 convenit
821 5159 1141 5206 sanctorum
1168 5190 1182 5216 ,
1239 5149 1388 5225 Deus
1431 5164 1576 5220 saepe
1615 5148 1750 5204 ferri
1798 5164 1965 5220 super

406 5265 577 5320 aquas
596 5245 750 5303 dedit
777 5258 1031 5315 corpore,
1067 5242 1282 5299 deloco
1317 5242 1371 5297 in
1406 5243 1588 5297 locum
1613 5258 1781 5312 super
1800 5257 1971 5312 aquas

410 5337 841 5395 transeuntibus.
882 5334 938 5390 Si
973 5349 1105 5405 ergo
1137 5333 1275 5388 nihil
1309 5334 1382 5390 sit
1411 5333 1638 5405 physica
1667 5334 1972 5404 proprietas

407 5432 611 5487 Christi
644 5429 890 5501 proprie,
931 5442 1037 5483 nec
1069 5435 1268 5481 natura
1298 5426 1403 5497 ipsi
1434 5440 1543 5481 una
1564 5426 1813 5496 quaedam
1849 5435 1974 5479 tan-

410 5537 527 5581 tum
580 5521 834 5592 propria;
883 5506 1187 5574 uec'enim
1236 5517 1545 5573 secundum
1579 5517 1977 5573 misturamtut

408 5613 620 5681 siet-ra;
657 5626 759 5665 nec
799 5608 1103 5664 secundum
1137 5606 1619 5678 participationem
1660 5606 1806 5662 sicut
1834 5621 1977 5677 aqua

408 5705 796 5777 Amyptiorum
820 5715 942 5770 qua:
967 5699 1194 5771 sanguis
1220 5698 1363 5754 facta
1389 5707 1507 5765 est;
1535 5714 1638 5755 nec
1673 5700 1979 5755 secundum

408 5793 778 5851 mutationem
806 5789 952 5845 sicut
973 5804 1049 5843 :es
1074 5788 1127 5842 in
1151 5786 1457 5859 mruginem
1490 5788 1849 5856 immutatur;
1875 5804 1979 5846 nec

410 5896 714 5944 secundum
782 5878 1051 5936 naturalis
1118 5878 1476 5936 adunationis
1530 5881 1917 5938 necessitatem
1962 5923 1977 5947 ,

2070 4693 2402 4760 ἑνεδείξατο;
2437 4684 2601 4757 Εἰκὸς
2642 4688 2758 4757 οὖν,
2794 4693 2952 4760 φασὶ,
2980 4692 3057 4757 ὼς
3086 4692 3178 4746 τὸν
3204 4695 3287 4762 ἐφ’
3310 4686 3510 4757 ὓδατος
3541 4705 3645 4745 σω-

2075 4788 2302 4858 ματικὸν
2332 4786 2633 4857 περίπατον
2676 4778 2769 4838 καὶ
2818 4785 2888 4839 τὰ
2924 4782 3122 4840 τοιάδε·
3149 4785 3286 4839 ἀλλὰ
3311 4781 3429 4839 τόδε
3474 4800 3646 4840 κατα-

2072 4876 2292 4948 νοητέον
2316 4876 2388 4931 ὀύ
2415 4875 2629 4945 φύσεως
2663 4874 2725 4951 δν
2762 4876 2958 4946 ἰδίωμα
2992 4876 3268 4937 συνθέτουδ
3300 4878 3395 4931 καὶ
3421 4872 3502 4940 οἷς
3535 4877 3648 4947 γὰρ

2077 4969 2151 5039 μὴ
2182 4969 2300 5021 κατ’
2328 4968 2517 5021 οὐσίαν
2542 4968 2622 5030 εἰς
2655 4966 2816 5037 φύσιν
2853 4964 2888 5039 ἢ
2921 4969 3002 5031 είς
3028 4966 3327 5022 ὑπόστασιν
3359 4967 3645 5036 σύγκειται

2073 5059 2181 5112 τῶν
2215 5052 2384 5127 ἁγίων
2426 5060 2460 5112 '6
2488 5058 2620 5123 Θεὸς
2665 5059 2924 5122 πολλάκις
2952 5059 3271 5130 ἐποχεῖσθαι
3298 5058 3406 5113 τῶν
3434 5059 3646 5114 ὑδάτων

2078 5151 2353 5223 πεποίηκε
2399 5151 2611 5221 σώματι
2670 5148 3050 5222 μεταϐατικῶς
3099 5154 3157 5206 ὲν
3191 5153 3377 5217 αὐτοῖς
3414 5169 3645 5224 πορευο-

2078 5239 2291 5309 μένους’
2321 5243 2369 5294 εί
2412 5235 2504 5295 οὖν
2541 5238 2696 5295 οὐδέν
2732 5243 2849 5295 ἐστι
2897 5243 3122 5310 φυσικὸν
3170 5244 3369 5315 ίδξωμα
3407 5243 3650 5314 Χριστοῦ

2068 5331 2284 5419 Σίδικῶς,
2318 5332 2437 5387 οὐδὲ
2471 5332 2632 5402 φύσις
2679 5334 2831 5405 αύτῷ
2867 5335 2967 5405 μία
3017 5353 3100 5399 τις
3138 5334 3297 5405 μόνον
3331 5335 3494 5407 ἱδική’
3523 5334 3649 5390 οὔτε

2081 5424 2189 5496 γὰρ
2223 5424 2365 5481 κατὰ
2388 5425 2666 5496 σύγχυσιν,
2699 5427 2775 5490 ὡς
2826 5426 2893 5480 τά
2941 5426 3156 5499 σίκερα³
3184 5426 3308 5482 οὔτε
3340 5427 3485 5482 κατὰ
3512 5444 3650 5499 μετ-

2083 5518 2336 5573 ουσίωσιν
2392 5518 2467 5580 ὡς
2495 5518 2556 5571 τὸ
2580 5517 2725 5590 ὕδωρ
2756 5518 2866 5572 τῶν
2893 5519 3212 5586 Αἰγυπτίων
3239 5513 3379 5587 αἷμα
3403 5520 3651 5586 γεγονός⁹

2082 5608 2205 5663 οὔτε
2236 5610 2379 5664 κατὰ
2401 5608 2708 5675 ἀλλοίωσιν,
2737 5610 2815 5674 ὡς
2848 5612 2876 5664 6
2908 5610 3104 5679 χαλκὸς
3128 5612 3208 5674 είς
3240 5610 3315 5662 ἰὸν
3342 5611 3557 5679 ἀμείϐετ
3569 5627 3655 5664 αι’

2081 5695 2205 5750 οὔτε
2237 5696 2379 5769 κατὰ
2418 5696 2656 5768 φυσικῆς
2695 5696 2947 5762 ἐνώσεως
2983 5699 3248 5769 ἀνάγκην,
3289 5698 3364 5763 ὡς
3396 5694 3545 5769 ψυχὴ
3573 5704 3654 5763 εἰς

2083 5789 2243 5860 σῶμα
2283 5787 2573 5859 ἀνθρώπου
2603 5788 2848 5856 γέγονεν’
2883 5790 2965 5843 ἔτι
3015 5789 3114 5861 μὲν
3153 5788 3359 5863 τράγου
3386 5791 3448 5842 τὸ
3479 5807 3655 5859 μυκα-

2085 5882 2267 5935 στικδν
2290 5881 2529 5952 ἔχοντος,
2549 5878 2834 5953 ἀνθρώπου
2860 5882 2916 5937 δὲ
2944 5882 3089 5947 ίδίως
3105 5882 3167 5937 τὸ
3194 5884 3659 5955 κηροπλαστικὸν,
