4098 6256
442 347 575 411 Ῑεῖἰτ

1535 353 1832 416 CONTRA
1872 356 2479 417 MONOPHYSITAS.

3524 410 3528 414 Α
3557 357 3691 421 1778

440 464 650 518 πλείονα
669 463 875 535 ἥνωται
901 482 1020 519 τινα
1041 465 1547 538 καταληφθήσεται.
1570 469 1869 537 Ἀγνοεῖται
1899 471 2008 540 ἄρα

2110 470 2350 540 cogitante
2388 469 2632 522 adunata
2655 507 2669 531 ,
2690 500 2697 511 α
2720 468 2823 522 nisi
2859 484 2957 537 per
2987 468 3138 523 hunc
3173 468 3400 522 niod‘tun
3429 469 3679 526 intenda-

439 556 526 609 καὶ
558 556 590 628 ὴ
623 558 819 622 ἒνωσις
848 557 947 612 οὐκ
970 553 1124 622 οὖσα,
1149 560 1247 613 καὶ
1277 559 1493 630 ἐπινοίᾳ
1517 558 1704 629 ψευδεῖ
1728 560 2008 624 διάστασις

435 646 543 698 τῶν
570 646 879 717 ἡνωμένων,
905 648 992 702 ῐνα
1020 649 1240 719 ἐπινοίᾳ
1278 649 1480 720 ἀληθεῖ
1508 650 1726 722 γνωσθῇ
1754 653 1786 722 ὴ
1817 651 2010 714 ἓνωσις

438 738 630 803 αὐτῶν,
664 738 1020 807 λαμῦἀνεται*
1051 738 1111 791 ἓν
1132 739 1242 810 γὰρ
1272 740 1434 809 μόνον
1466 741 1656 808 ὁρῶσά
1681 759 1734 794 τι
1759 743 1791 813 ἡ
1825 742 2011 812 αἴσθη-

439 844 541 891 σις,
567 827 690 882 οὔτε
729 831 778 883 εί
807 829 968 898 φύσει
1011 829 1140 884 οὔτε
1185 833 1235 885 εἰ
1271 831 1463 885 ἑνώσει
1494 833 1643 886 ἐστὶν
1673 831 1752 897 ἓν,
1790 831 2012 887 δύναται

437 918 745 991 διακρίνειν.

2112 573 2234 612 mus
2260 556 2316 610 in
2342 556 2717 611 adunatorum
2736 555 3002 621 weritate,
3026 570 3151 623 quas
3171 563 3236 611 et
3258 555 3449 625 qualia
3468 558 3689 625 proprie

2107 648 2550 718 uniuscujusque
2606 646 2737 702 sint.
2786 646 2903 701 Hoc
2951 662 3085 702 vero
3129 647 3342 718 ignoto,
3398 662 3504 701 nec
3543 648 3689 716 qou

2110 741 2288 810 reipsa
2309 741 2473 810 plura
2485 739 2800 794 adunantur
2815 739 3067 809 quaedam
3087 739 3441 811 intelligetur
3466 757 3479 793 :
3504 739 3689 809 ignota

2109 848 2241 903 ergo
2269 840 2457 887 manet
2478 840 2535 885 et
2559 830 2826 886 adunatio
2849 846 2973 902 qua
2999 838 3241 897 nonest;
3270 840 3329 887 et
3360 831 3692 902 cogitatione

2111 925 2362 981 mendaci
2402 924 2608 979 divisio
2647 924 3015 980 adunatorum
3038 966 3053 991 ,
3092 932 3155 980 ut
3186 924 3524 996 cogitatione
3561 937 3691 977 vera

436 1020 693 1066 noscatur
753 1013 1020 1069 adunatio
1076 1030 1308 1081 eorum,
1356 1016 1711 1087 intelligitur.
1756 1016 2003 1087 Namque
2041 1033 2211 1072 unum
2283 1025 2498 1072 tantum
2536 1016 2671 1087 quid
2715 1018 2917 1073 videns
2951 1017 3313 1088 sensibilitas,
3363 1031 3469 1072 nec
3507 1015 3554 1070 si
3593 1031 3687 1069 na-

435 1111 573 1164 tura,
602 1119 707 1159 nec
732 1105 777 1159 si
811 1104 1151 1165 adunatione
1179 1114 1264 1162 est
1287 1124 1456 1163 unum
1493 1110 1815 1181 dignoscere
1834 1110 1999 1164 valet.

499 1197 587 1247 ια’.
641 1192 704 1245 Ἢ
741 1193 841 1263 μία
885 1194 1070 1261 φύσις,
1121 1194 1188 1265 ἦν
1219 1212 1379 1264 φατε,
1427 1197 1674 1265 ἀδελφοὶ,
1723 1198 1864 1268 μετά
1913 1199 2011 1266 τὴν

425 1283 640 1348 ἕνωσιν,
672 1282 706 1355 ἢ
733 1285 907 1356 ταυτὴ
940 1285 1094 1340 ἔσται
1134 1286 1213 1354 τῷ
1241 1287 1461 1359 ἀριθμῷ
1492 1289 1593 1360 μία
1627 1290 1738 1344 τῶν
1766 1290 1873 1360 πρὸ
1913 1289 2012 1357 τῆς

334 1424 341 1429 .
423 1373 678 1440 ένὼσεως
702 1375 943 1444 φύσεων,
976 1377 1037 1442 ἐξ
1078 1369 1155 1431 ὧν
1182 1378 1372 1448 λέγετε
1405 1366 1549 1435 εἶναι
1590 1380 1760 1451 αὐτὴν
1786 1381 1883 1435 δύο
1907 1380 2007 1450 φύ-

424 1483 587 1534 σεων,
624 1466 658 1538 ἢ
691 1468 837 1538 οὐχί.
863 1469 929 1522 Εἰ
955 1469 1055 1539 μὲν
1076 1465 1171 1523 οὖν
1200 1471 1262 1525 οὗ
1289 1470 1484 1543 ταυτὴ,
1503 1472 1607 1542 οὐχ
1628 1474 1657 1525 6
1689 1472 1850 1536 αὐτὸς
1880 1472 2012 1536 Θεὸς

416 1559 449 1609 6
484 1558 597 1629 πρὸ
629 1559 853 1630 σαρκὸς,
874 1559 970 1614 καὶ
997 1562 1056 1614 ὲν
1077 1562 1264 1633 σαρκὶ,
1289 1564 1456 1633 ἧγουν
1477 1567 1506 1619 6
1530 1564 1672 1634 μετά
1693 1563 1791 1633 τὴν
1812 1563 2009 1619 ἕνωσιν

420 1648 519 1700 καὶ
552 1649 662 1715 πρὸ
693 1649 795 1721 τῆς
834 1648 1103 1715 ὲνώσεως,
1143 1644 1226 1715 εἷς
1257 1652 1333 1723 τῷ
1382 1653 1622 1725 ἀριθμῷ,
1660 1651 1776 1707 ἀλλ’
1824 1654 2010 1725 ἕτερος

412 1738 477 1789 έν
502 1737 589 1808 τῷ
630 1739 794 1811 λόγῳ,
835 1741 933 1794 καὶ
960 1740 1148 1813 ἕτερος
1179 1744 1238 1796 έν
1272 1744 1532 1816 Χριστῷ·
1563 1747 1612 1799 εί
1644 1744 1701 1798 δὲ
1730 1745 1902 1817 ταυτὴ
1933 1745 2011 1817 τῷ

2184 1190 2270 1243 tl.
2303 1190 2398 1244 llla
2429 1190 2593 1246 unica
2622 1202 2816 1248 natura
2836 1235 2852 1259 ,
2884 1208 3048 1263 quam
3081 1193 3306 1265 dicitis,
3327 1194 3559 1263 fratres,
3573 1208 3695 1266 post

2111 1282 2178 1337 ad
2187 1282 2525 1348 nnationem,
2542 1282 2736 1338 eadem
2753 1284 2861 1339 erit
2876 1300 3107 1341 numero
3120 1300 3229 1341 una
3242 1300 3407 1355 quam
3427 1286 3551 1342 duae
3566 1296 3693 1342 ante

2110 1376 2501 1431 adunationem
2534 1386 2767 1442 naturae,
2811 1393 2877 1433 ex
2900 1393 2969 1434 eo
2999 1378 3148 1449 quod
3186 1379 3370 1435 dicitis
3395 1394 3517 1435 eam
3552 1382 3693 1438 dua-

2110 1483 2234 1522 rum
2267 1476 2591 1523 naturarum
2610 1485 2754 1535 esse,
2784 1480 2881 1526 aut
2914 1485 3049 1528 non.
3082 1471 3141 1527 Si
3157 1471 3327 1543 igitur
3346 1488 3455 1528 non
3471 1474 3694 1545 quidem

2109 1559 2323 1626 eadem,
2356 1575 2467 1615 non
2500 1562 2648 1616 idem
2684 1561 2828 1616 Deus
2873 1569 3000 1617 ante
3042 1576 3270 1621 carnem
3320 1570 3376 1618 et
3415 1562 3472 1618 in
3506 1578 3694 1629 carne,

2110 1652 2324 1707 scilicet
2356 1653 2446 1707 ille
2477 1663 2603 1723 post
2634 1653 3023 1709 sdunationem
3051 1662 3109 1709 et
3144 1662 3273 1711 ante
3303 1654 3693 1711 adunationem

2112 1757 2254 1796 unus
2280 1740 2334 1794 in
2355 1757 2609 1806 numero,
2629 1741 2724 1796 sed
2744 1743 2887 1798 alter
2907 1742 2962 1797 in
2984 1744 3188 1809 Verbo,
3218 1751 3276 1799 et
3302 1744 3504 1799 alterin
3528 1742 3661 1799 Chri
3681 1775 3695 1783 ε

411 1828 651 1899 ἀριθμῷ
674 1833 742 1902 τῇ
773 1830 870 1885 τοῦ
907 1831 1083 1901 Λόγου
1101 1832 1264 1904 φύσει
1290 1835 1461 1899 ἐστὶν,
1501 1837 1743 1908 ἄσαρκος
1785 1836 1892 1908 ἄρα
1917 1838 2009 1892 καὶ

2110 1840 2216 1902 sto.
2270 1829 2328 1886 Si
2370 1846 2504 1886 vero
2544 1830 2740 1886 eadem
2774 1844 3006 1887 numero
3046 1846 3113 1886 ac
3142 1841 3342 1888 natura
3379 1831 3545 1887 Verbi
3585 1840 3691 1891 est,

411 1917 571 1988 μετὰ
599 1918 698 1991 τὴν
730 1921 926 1976 ἒνωσιν
953 1925 981 1978 6
1007 1924 1257 1997 Λόγος,ἢ
1296 1925 1551 1992 σύνθετος
1583 1928 1746 2000 σαρκὶ
1775 1929 1870 1984 καὶ
1905 1928 2013 2000 πρὸ

401 2008 525 2079 τῆς
555 2008 844 2089 ὲνῴσεως.

480 2189 584 2261 ιβῖ.
634 2191 752 2246 Πᾶν
780 2192 845 2247 τὸ
886 2192 968 2263 6v,
996 2197 1212 2252 κτιστδν
1241 2199 1276 2269 ἢ
1320 2199 1573 2255 ἀκτιστόν
1610 2203 1760 2258 ἐστι’
1795 2206 1857 2258 τὸ
1899 2204 2006 2278 γὰρ

402 2280 639 2334 τούτων
670 2281 866 2352 μέσον,
896 2284 1021 2337 οὐδὲ
1068 2286 1115 2338 οἱ
1163 2288 1291 2351 τοὺς
1321 2290 1699 2360 τραγελάφους
1732 2294 2008 2349 ἀναπλάτ-

397 2390 637 2440 τοντες,
672 2373 857 2439 καθώς
884 2392 1052 2451 φησιν
1084 2378 1112 2430 6
1156 2376 1366 2450 Πατὴρ,
1394 2379 1755 2436 δὼσουσιν.Εί
1782 2378 1876 2437 οὖν
1914 2384 2012 2454 μία

398 2463 587 2533 φύσις
619 2465 740 2516 ἐστὶ
767 2464 1030 2533 Χριστοῦ,
1065 2465 1225 2537 εἴπερ
1274 2465 1531 2545 sums;
1574 2470 1714 2535 ἐστι,
1752 2470 1837 2534 τίς
1886 2472 1919 2542 ἡ
1949 2474 2014 2526 ἐκ

390 2553 507 2623 τῆς
540 2551 1069 2623 ἀγίας,Παρθένου;
1104 2558 1152 2610 εί
1181 2557 1237 2611 δὲ
1261 2561 1455 2628 κτιστή
1483 2546 1621 2625 ἐστι,
1642 2559 1725 2623 τίς
1756 2561 1788 2631 ἠ
1818 2560 2013 2631 ὀμοού-

394 2661 528 2709 σιος
562 2644 652 2716 τῷ
681 2646 921 2717 ἀκτίστῳ
944 2646 1121 2719 Πατρί
1147 2664 1163 2715 ;
1196 2649 1398 2719 ὁμοίως
1430 2650 1484 2704 δὲ
1515 2653 1610 2704 καὶ
1639 2652 1690 2704 εί
1724 2651 2008 2723 ἀγένητος,

384 2736 497 2789 καὶ
522 2738 583 2789 εί
624 2735 857 2807 ἄχρονος
886 2735 1029 2809 αὕτη
1057 2740 1199 2805 ἐστὶ,
1240 2727 1323 2804 τίς
1353 2742 1386 2811 ἡ
1420 2743 1689 2815 γενομένη
1716 2745 1780 2797 ὲκ
1817 2762 2010 2813 γυναι-

386 2827 540 2895 κός;
582 2829 690 2882 καὶ
717 2828 876 2881 τοῦτο
902 2829 994 2882 ὅτε
1036 2825 1167 2902 ἦλθε
1199 2833 1259 2885 τὸ
1303 2832 1575 2905 πλήρωμα
1607 2834 1701 2888 τοῦ
1731 2837 1922 2907 χρόνου
1951 2837 2011 2892 ὲν

380 2917 677 2990 ὑστέροις
710 2922 940 2990 καιροῖς·
973 2920 1023 2972 εί
1054 2920 1108 2975 δὲ
1140 2923 1343 2993 γενητὴ
1385 2924 1480 2977 καὶ
1530 2924 1636 2977 ὑπὸ
1670 2925 1887 2997 χρόνου,
1927 2927 2010 2991 τίς

376 3009 459 3063 δι’
493 3004 577 3083 ἧς
612 3010 802 3064 πάντα
835 3010 1053 3080 γέγονε,
1084 3014 1177 3069 καὶ
1203 3013 1273 3069 δι’
1394 3015 1518 3079 τοὺς
1541 3017 1743 3085 αἰῶνας
1767 3021 1794 3072 6
1822 3019 2008 3091 Πατὴρ

374 3101 695 3171 sarcinae;
742 3101 839 3155 καὶ
877 3100 996 3167 πῶς
1036 3104 1177 3174 μήτε
1232 3106 1412 3176 ἀρχὴν
1458 3106 1631 3179 ζωῆς,
1680 3109 1816 3180 μηδὲ
1856 3111 2011 3175 τέλος

375 3191 647 3263 ἡμερῶν
677 3190 821 3262 ἔχων
840 3194 868 3246 6
888 3193 1142 3265 Χριστὸς,
1174 3196 1318 3250 κατά
1340 3214 1397 3250 τε
1426 3198 1545 3253 τόδε
1572 3200 2011 3272 ἁφομοιούμενος

366 3282 467 3355 τῷ
502 3282 917 3353 Μελχισεδέκ;
960 3285 1023 3339 τὸ
1069 3286 1177 3358 γὰρ
1207 3287 1358 3359 αὐτῷ
1391 3288 1449 3343 ἓν
1495 3290 1637 3344 κατά
1680 3292 1743 3345 τὸ
1788 3292 1924 3346 αὐτὸ
1952 3293 2008 3346 ὲν

369 3372 587 3444 σαυτῷ
619 3374 741 3428 τῶν
775 3376 1036 3430 ἐναντίων
1068 3354 1192 3443 τους
1220 3354 1412 3444 λόγους
1436 3381 1538 3436 οὐκ
1563 3382 1895 3450 ἐπιδέξεσθαι,
1934 3383 2008 3447 ὡς
2032 3354 2076 3415 C

366 3462 692 3526 πολλάκις
714 3464 952 3536 εῐρηται.

456 3553 568 3625 ιγ’.
616 3553 691 3606 Ὅ
723 3555 950 3627 μεσίτης
974 3554 1112 3610 Θεοῦ
1157 3556 1251 3612 καὶ¹
1280 3557 1586 3629 ἀνθρώπων
1613 3555 1725 3631 ἆρά
1752 3576 1816 3629 γε
1844 3560 2009 3631 μέσος

362 3649 595 3712 αὐτοῖς
632 3641 957 3702 εἶναιδοκεῖ
986 3650 1116 3719 ὑμῖν
1149 3650 1244 3706 καὶ
1274 3651 1416 3704 κατὰ
1439 3651 1531 3705 τὸν
1569 3652 1796 3721 φυσικὸν
1828 3651 2006 3720 λόγῳ,

371 3742 429 3813 ᾗ
455 3740 661 3815 μόνον
709 3740 851 3795 κατά
889 3742 1178 3813 γνωμικὴν
1217 3742 1420 3813 σχέσιν,
1456 3743 1549 3797 καὶ
1583 3743 2010 3814 συμϐιϐαστικὸν

366 3831 632 3891 σκοπόν
655 3848 673 3899 ;
716 3832 781 3885 Et
815 3831 915 3903 μὲν
937 3832 1032 3891 οὖν
1045 3832 1186 3888 κατά
1208 3834 1435 3906 γνώμην
1466 3834 1650 3905 μόνον,
1678 3835 1821 3889 κατὰ
1847 3816 2009 3904 φύσιν

363 3924 405 3994 ἢ
445 3923 726 4000 θάτερον
748 3922 860 3976 τῶν
887 3922 1003 3991 δύο,
1033 3923 1068 3998 ἢ
1094 3925 1284 3996 ἔτερόν
1314 3925 1366 3978 τί
1414 3927 1530 3981 ἐστι
1577 3926 1732 3997 παρά
1775 3926 1843 3980 τὰ
1879 3926 2007 3981 δύο·

358 4018 438 4075 ει
460 4017 535 4071 δὲ
562 4014 700 4080 οὖν,
725 4016 937 4088 ἀνάγκη
969 4018 1065 4071 καὶ
1094 4017 1238 4072 κατά
1264 4017 1427 4087 φύσιν
1457 4014 1598 4074 εἶναι
1619 4020 1783 4074 αὐτὸν
1808 4019 1972 4090 μέσον
1994 4038 2008 4053 ·

355 4110 436 4163 τὸ
476 4109 555 4165 δὲ
602 4107 807 4179 μέσον,
845 4108 1062 4179 ἀνάγκη
1090 4108 1123 4179 ἢ
1156 4108 1440 4180 οὐδέτερον
1475 4107 1584 4161 τῶν
1626 4108 2013 4177 μεσαζομένων

357 4202 686 4274 μετέχειν
711 4199 820 4254 ἀπὸ
848 4199 1051 4272 μέρους
1078 4199 1365 4269 ἑκατέρου,
1387 4198 1421 4269 ἢ
1445 4199 1583 4252 ὅλων
1603 4197 1713 4251 τῶν
1738 4196 2014 4270 ἑκατέρων

352 4294 587 4364 λόγων
609 4308 631 4324 ⁸
672 4290 702 4346 6
727 4288 1012 4362 βούλεσθε,
1039 4293 1172 4365 ἡμῖν
1195 4286 1588 4363 ἀποκρίνασθε.
1970 4294 1979 4359 ξ

448 4556 557 4610 ιδ’.
599 4552 1019 4615 ὉἈπόστολος
1051 4551 1192 4623 μετὰ
1222 4552 1322 4623 τὴν
1351 4549 1545 4605 ἕνωσιν
1581 4548 1786 4621 δηλαδὴ
1815 4548 1908 4621 τὴν
1945 4548 2004 4603 ὲν

347 4644 653 4724 Χριστῷ
695 4645 970 4700 λαϐοῦσαν
1001 4662 1062 4698 τε
1104 4645 1199 4699 καὶ
1235 4641 1538 4715 ληφθεῖσαν
1583 4641 1801 4714 μορφὴν
1845 4636 2007 4708 οἶδεν,

2112 1924 2322 1994 absque
2370 1939 2534 1980 carne
2573 1939 2706 1995 ergo
2739 1933 2794 1980 et
2828 1932 2953 1995 post
2993 1925 3386 1981 adunationem
3422 1923 3689 1983 Verbum.

2036 2003 2083 2062 Β
2109 2026 2208 2071 aut
2252 2016 2619 2087 compositum
2658 2032 2725 2072 ex
2769 2032 2937 2073 carne
2984 2017 3153 2072 etiam
3210 2024 3339 2072 ante
3392 2014 3689 2071 adunatio-

2107 2124 2234 2164 nem
2243 2149 2258 2163 .

2179 2202 2267 2256 12.
2308 2201 2418 2256 Ens
2433 2215 2597 2255 omne
2624 2210 2869 2256 creatum
2892 2211 2991 2257 aut
3009 2190 3319 2256 increatum
3346 2208 3463 2264 est;
3494 2197 3691 2252 horum

2108 2292 2257 2346 enim
2292 2291 2537 2347 medium
2580 2306 2684 2346 nec
2723 2292 2818 2361 qui
2864 2291 3213 2363 tragelaphos
3260 2290 3499 2360 tingunt,
3548 2287 3694 2345 sicut

2112 2377 2248 2433 dicit
2281 2379 2464 2442 Pater,
2500 2378 2731 2434 dabunt.
2780 2377 2838 2433 Si
2860 2378 3035 2450 igitur
3075 2394 3183 2432 una
3212 2376 3421 2434 Christi
3463 2381 3690 2447 natura.

2113 2467 2160 2522 si
2186 2468 2430 2522 iucreata
2459 2476 2564 2533 est,
2602 2484 2855 2538 quasnam
2886 2484 3010 2538 qua:
3039 2485 3109 2533 ex
3154 2467 3312 2523 beata
3351 2465 3612 2537 Virgine?

2111 2574 2244 2613 vero
2290 2568 2472 2614 creata
2497 2599 2512 2623 ,
2538 2574 2807 2629 quamam
2855 2567 2941 2615 est
2978 2559 3225 2629 ejusdem
3274 2574 3401 2614 cum
3446 2558 3695 2613 increato

2112 2650 2274 2705 Patre
2315 2650 2678 2705 substantias?
2723 2649 2990 2706 Similiter
3017 2665 3152 2705 vero
3189 2649 3293 2703 etsi
3338 2649 3606 2720 ingenita,
3638 2658 3695 2703 et

2110 2741 2157 2797 si
2185 2741 2395 2811 absque
2420 2750 2667 2811 tempore
2684 2741 2755 2796 sit
2780 2740 2894 2806 illa,
2916 2754 3167 2810 quaenam
3190 2746 3314 2794 nata
3337 2754 3406 2795 ex
3430 2738 3695 2809 muliere?

2110 2832 2180 2890 Et
2202 2833 2340 2888 illud
2379 2833 2606 2904 quando
2636 2833 2788 2888 venit
2807 2831 3098 2903 plenitudo
3128 2831 3396 2902 temporis
3423 2831 3481 2886 in
3509 2830 3696 2885 novis-

2109 2926 2266 2984 simis
2307 2925 2862 2996 opportunitatibus;
2908 2925 2956 2980 si
2985 2940 3119 2981 vero
3153 2926 3441 2996 generatio
3482 2932 3543 2980 et
3586 2924 3692 2979 sub

2109 3026 2379 3087 tempore,
2422 3030 2668 3085 quaenam
2693 3015 2784 3070 illa
2823 3029 2920 3086 per
2941 3030 3107 3085 quam
3146 3015 3334 3070 omnia
3358 3014 3501 3069 facta
3536 3026 3690 3075 sunt,

2108 3114 2167 3161 et
2196 3121 2296 3176 per
2332 3121 2498 3175 quam
2536 3104 2670 3160 fecit
2692 3104 2901 3165 saecula
2927 3102 3135 3159 Pater?
3180 3104 3250 3160 Et
3278 3102 3559 3174 quomodo
3587 3117 3693 3156 nec

2108 3196 2407 3253 exordium
2430 3196 2580 3262 vitm,
2613 3211 2719 3252 nec
2754 3195 2919 3250 ﬁnem
2958 3195 3170 3251 habens
3205 3197 3420 3250 dierum
3441 3189 3695 3251 Christus

2106 3292 2173 3345 et
2198 3298 2423 3360 propter
2440 3289 2547 3343 hoc
2560 3288 2898 3344 assimilatas
2923 3286 3363 3343 Melchisedech?
3385 3287 3521 3342 Nam
3545 3284 3703 3355 quod

2112 3379 2165 3432 in
2201 3394 2259 3435 se
2295 3394 2469 3434 unum
2507 3386 2614 3443 est,
2634 3378 2940 3434 secundum
2967 3377 3112 3432 idem
3147 3377 3203 3432 in
3240 3375 3437 3431 eodem
3470 3383 3694 3431 contra.

2110 3470 2177 3525 rii
2218 3470 2384 3525 verba
2408 3486 2518 3524 non
2542 3469 2810 3534 admittit,
2859 3478 2921 3524 ut
2945 3483 3088 3537 saepe
3118 3466 3344 3522 dicitur.

2182 3561 2269 3616 15.
2300 3560 2570 3615 Mediator
2598 3559 2696 3615 Dei
2717 3566 2775 3615 et
2804 3550 3114 3621 hominum,
3145 3572 3281 3611 num
3317 3553 3533 3610 medius
3563 3553 3701 3623 ipsis

2106 3638 2233 3708 esse
2271 3652 2495 3708 videtur
2532 3636 2696 3706 vobis
2724 3660 2782 3705 et
2811 3648 3117 3706 secundum
3152 3646 3380 3719 physica
3410 3644 3601 3711 verba,
3624 3662 3692 3700 au

2113 3751 2323 3798 tantum
2355 3744 2413 3798 in
2460 3742 2820 3799 sententiosis
2877 3740 3243 3797 relationibus
3274 3747 3333 3795 et
3382 3738 3450 3792 ad
3489 3753 3706 3793 conve-.

2111 3832 2352 3917 nientitel
2367 3831 2711 3888 consilium?
2738 3829 2795 3885 Si
2831 3830 3000 3900 igitur
3028 3828 3335 3883 secundum
3365 3826 3694 3881 sententiam

2111 3924 2338 3995 quidem
2373 3934 2608 3987 tantum,
2641 3921 2947 3976 secundum
2975 3928 3231 3974 naturam
3269 3926 3365 3972 aut
3401 3925 3711 3986 utrumque

2111 4029 2143 4069 e
2186 4012 2428 4078 duobus,
2475 4021 2572 4066 aut
2616 4010 2855 4063 alterum
2883 4005 3160 4076 quoddam
3199 4014 3285 4059 est
3319 4011 3547 4074 propter
3578 4003 3695 4059 haec

2113 4101 2259 4163 duo;
2295 4100 2342 4153 si
2367 4114 2521 4162 vero,
2552 4108 2781 4150 necesse
2812 4101 2898 4148 est
2920 4101 2981 4147 ut
3002 4091 3305 4147 secundum
3331 4100 3585 4148 naturam
3622 4093 3695 4150 sit

2114 4188 2399 4255 medium;
2449 4185 2695 4242 medium
2736 4193 2920 4240 autem
2955 4184 3083 4249 hoc,
3121 4198 3344 4241 necesse
3376 4193 3461 4240 est
3492 4193 3554 4240 ut
3596 4194 3697 4241 aut

2113 4291 2376 4338 neutrum
2401 4281 2471 4337 sit
2492 4280 2563 4336 ab
2595 4286 2828 4348 utraque
2848 4286 3004 4348 parte
3036 4292 3222 4351 rerum
3249 4277 3396 4332 inter
3422 4292 3560 4346 quas
3578 4293 3695 4331 me-

2111 4374 2264 4444 dium
2301 4382 2477 4439 tenet,
2523 4379 2833 4429 auttotum-
2869 4369 3246 4442 singulorum;
3304 4366 3457 4439 quod
3502 4368 3692 4430 vultis,

2111 4466 2218 4539 ipsi
2250 4466 2408 4521 vobis
2445 4463 2799 4536 respondete.

2189 4557 2271 4613 l6.
2297 4557 2589 4628 Apostolus
2618 4563 2747 4626 post
2769 4553 3164 4610 adunationem
3195 4567 3337 4607 sane
3390 4552 3446 4606 in
3473 4550 3697 4609 Christo

2111 4656 2487 4705 assumentem
2513 4653 2572 4701 et
2616 4653 2955 4713 assumptam
2994 4642 3231 4716 formam
3272 4642 3448 4705 novit,
3498 4659 3697 4714 nempe

349 4720 581 4814 ἢγουν
616 4737 822 4806 φύσιν)
872 4731 1038 4802 αὗται
1086 4737 1146 4790 δὲ
1178 4737 1261 4791 ὃτι
1314 4735 1441 4789 οὔτε
1481 4734 1582 4808 μία
1633 4732 1761 4788 οὔτε
1809 4734 2008 4805 ὁμοίως

2111 4747 2396 4804 naturam;
2417 4738 2547 4808 ipsa:
2563 4736 2696 4806 quia
2717 4750 2821 4789 nec
2846 4750 2975 4800 una,
2993 4748 3099 4789 nec
3113 4731 3324 4788 similes
3340 4732 3695 4793 exsistentes.

344 4838 693 4907 ἔχουσαι,
722 4829 889 4883 παντὶ
918 4828 1098 4899 δῆλον.

443 4933 556 4980 ιε’.
607 4923 682 4975 Ei
716 4921 809 4976 διὰ
850 4917 913 4974 τὸ
960 4918 1057 4973 τοῦ
1097 4916 1386 4990 ἀνθρώπου
1425 4916 1712 4988 εἰρημένον
1749 4914 1861 4968 τισὶ
1901 4915 2013 4969 τῶν

347 5016 551 5075 Πατέ
563 5030 699 5085 ρων
723 5008 1082 5083 παράδειεῖμα
1107 5009 1205 5072 τὰς
1220 5008 1314 5062 δύο
1342 5007 1530 5078 φύσεις
1558 5009 1658 5078 οὐχ
1681 5002 1793 5085 οἷον
1821 5023 1880 5059 τε
1909 5006 2011 5059 σώ-

342 5084 605 5178 {adﬂat
639 5105 707 5158 ἐν
729 5103 976 5176 Χριστῷ,
999 5101 1313 5169 λεγέτωσαν
1331 5102 1485 5170 ἡμῖν,
1518 5102 1564 5154 oi
1598 5084 2011 5160 ἀποτξτείνοντες

333 5206 419 5259 τὸ
463 5199 706 5269 σῶμα,
742 5196 910 5266 φύσιν
946 5193 1379 5258 ἀποκτείνουσιν,
1420 5193 1453 5264 ἢ
1492 5192 1643 5262 οὐχί;
1697 5192 1793 5244 καὶ
1835 5191 1884 5243 οἱ
1915 5191 2011 5259 τὴν

336 5295 591 5367 ψυχὴν
664 5292 733 5361 μὴ
778 5290 1075 5360 δυνάμενοι
1111 5288 1453 5351 ἀποκτεῖναι,
1499 5286 1723 5367 φύσεως
1757 5284 1819 5337 οὐ
1861 5300 2013 5336 κατι-

341 5386 695 5461 σχύουσιν
726 5379 1100 5449 έτέραςπαρὰ
1139 5377 1204 5430 τὸ
1245 5376 1423 5447 σῶμα,
1459 5376 1581 5447 ἣού
1620 5377 1776 5448 δῆτα.
1829 5375 1890 5427 Εἰ
1915 5369 2007 5427 οὖν

342 5481 475 5537 ἄνθ
488 5488 716 5549 ρωποι
743 5471 917 5533 ὅντως
943 5466 1085 5541 ἦσαν
1125 5462 1207 5531 οἷς
1237 5468 1520 5521 ἐντέταλτο
1546 5468 1649 5520 ὑπὸ
1679 5465 1775 5519 τοῦ
1807 5463 2012 5533 Κυρίου

344 5570 453 5644 μὴ
507 5562 843 5636 φοῦεἴσθαι
879 5560 988 5615 ἀπὸ
1020 5558 1133 5613 τῶν
1171 5556 1411 5621 τοιῶνδε,
1456 5557 1610 5627 δῆλον
1657 5557 1735 5620 ὡς
1779 5554 2015 5609 ὲνουσῶν

344 5661 612 5719 αὐτοῖς
654 5655 767 5707 τῶν
799 5653 895 5705 δύο
924 5651 1140 5721 φύσεων
1172 5647 1343 5702 ταῦτα
1372 5648 1604 5718 εἴρηται,
1635 5651 1803 5719 ἢγουν
1830 5647 1927 5715 τῆς
1958 5664 2015 5698 τε

340 5746 889 5816 ἀπήκτενομένης
912 5744 1003 5797 καὶ
1038 5744 1137 5811 τῆς
1167 5741 1245 5812 μὴ
1281 5742 1733 5810 ἀποκτενομένης.

658 6036 717 6082 τι

2115 4828 2376 4886 omnibus
2403 4836 2576 4898 patet.

2190 4917 2276 4971 15.
2303 4915 2360 4970 Si
2404 4924 2632 4986 propter
2674 4914 2884 4970 dictum
2927 4914 2995 4970 de
3037 4913 3261 4969 homine
3299 4912 3628 4984 quibusdam
3670 4930 3700 4965 c

2116 5008 2375 5066 Patribus
2407 5009 2744 5077 exemplum,
2776 5006 2916 5061 duas
2930 5007 3095 5061 hasce
3113 5004 3701 5072 naturasimpossibile

2115 5117 2202 5165 est
2224 5108 2405 5166 salvas
2432 5107 2489 5162 in
2519 5106 2747 5162 Christo
2782 5119 3089 5172 remanere,
3122 5103 3324 5160 dicant.
3354 5101 3520 5158 nobis
3553 5119 3567 5153 :
3600 5099 3695 5170 qui

2116 5198 2383 5256 occidunt
2431 5213 2658 5268 corpus,
2708 5196 2946 5250 animam
2996 5194 3279 5259 occidunt,
3315 5210 3385 5247 an
3434 5190 3591 5243 non?
3630 5191 3705 5246 Et

2117 5292 2216 5363 qui
2265 5288 2506 5343 animam
2539 5303 2650 5341 non
2681 5295 2916 5356 possunt
2942 5288 3198 5344 occidere
3224 5286 3279 5337 in
3308 5291 3562 5338 naturam
3592 5296 3701 5335 non

2120 5374 2424 5450 praevalent
2450 5376 2678 5430 alteram
2727 5389 2893 5441 quam
2931 5389 3158 5445 corpus,
3190 5386 3258 5425 an
3288 5365 3440 5439 noti?
3484 5364 3538 5420 Si
3568 5381 3703 5438 ergo

2118 5466 2378 5523 homines
2403 5480 2532 5519 vere
2565 5473 2725 5519 erant
2757 5464 2964 5533 quibus
2991 5482 3031 5520 ar
3050 5462 3293 5519 Domino.
3319 5458 3704 5531 praescriptum

2119 5567 2204 5613 est
2235 5551 2489 5608 homines
2518 5551 2836 5622 huiusmodi
2860 5569 2969 5608 non
2996 5555 3211 5617 timere,
3238 5558 3389 5620 patet
3408 5548 3553 5620 quod
3588 5550 3707 5601 tunc

2122 5650 2392 5704 dicuntur
2420 5657 2486 5695 eo
2515 5640 2661 5710 quod
2683 5642 2810 5695 duae
2836 5643 2892 5697 in
2929 5645 3049 5702 istis
3089 5646 3200 5701 sint
3231 5654 3464 5706 natura),
3491 5642 3706 5697 scilicet

2127 5741 2302 5792 altera
2331 5733 2511 5786 occisa
2539 5744 2593 5785 ct
2624 5730 2795 5784 altera
2832 5751 2941 5792 non
2970 5739 3171 5794 occisa.
