3998 6282
445 451 581 518 i783

1714 459 2024 517 LEONTII
2062 457 2464 517 ΒΥΖΛΝἸἹΝΙ

3473 513 3475 515 ,
3553 447 3687 511 ίῖὶίῇ

433 566 643 636 absque
674 564 975 621 chrismate
1012 564 1382 621 subsistentia:
1406 566 1734 634 adhaerenti,
1766 583 1870 622 nec
1914 583 2015 620 un-

2129 569 2298 638 ίρίσις
2351 567 2478 620 ἄνευ
2515 567 2852 636 οὗσιωμένου
2897 565 3221 635 χρίσματος,
3253 559 3376 614 οὔτε
3403 560 3692 630 χριόμενος

435 668 558 715 ctus
587 658 793 726 absque
826 657 1181 713 subsistentia
1208 659 1501 729 quisquam
1530 669 1639 725 est,
1682 674 1787 715 nec
1832 658 2018 713 adhuc

437 751 678 805 chrisma
711 758 767 804 et
794 756 1023 803 unctum
1053 764 1162 804 una
1190 756 1275 805 est
1299 750 1678 818 subsistentia,
1703 750 2012 809 evidenter.

442 838 641 893 Merito
683 853 817 908 ergo
868 847 923 893 et
972 851 1159 892 rerum
1211 832 1268 892 et
1315 839 1605 897 nominum
1660 840 2015 912 physicorum

444 930 746 1001 dupliciter
775 938 983 985 certam
1011 930 1263 987 notitiam
1288 930 1585 998 habentes,
1630 932 1745 989 duo,
1778 932 2019 989 dicimus

441 1021 647 1078 Christi
688 1031 938 1077 naturas.

511 1155 601 1210 2‘2.
633 1154 830 1210 Adhuc
868 1155 935 1210 ad
974 1173 1071 1211 vos
1112 1156 1392 1226 loquimur
1429 1156 1498 1212 de
1539 1158 1823 1228 proposito
1862 1159 2020 1213 vobis

444 1254 609 1315 prout
636 1245 856 1312 divino;
883 1246 1102 1316 generis
1131 1262 1332 1301 nomen
1366 1262 1475 1301 non
1505 1248 1750 1302 admittit
1773 1261 2029 1318 quocun-'

445 1354 554 1408 que
588 1338 755 1392 modo
790 1356 805 1393 :
843 1356 953 1408 quo
989 1341 1135 1397 enim
1176 1340 1355 1409 primo
1390 1347 1650 1403 auctore,
1685 1338 1820 1409 quid
1856 1339 2023 1394 altius

444 1445 619 1498 genus
647 1430 785 1485 erit?
814 1430 953 1485 illud
988 1448 1158 1486 unum
1192 1432 1491 1502 dupliciter
1517 1440 1729 1487 tantum
1760 1431 1829 1486 de
1858 1429 2024 1486 Chri-

356 1576 361 1579 .
447 1530 534 1576 sto
575 1522 879 1576 secundum
927 1523 1317 1593 principaliora
1365 1522 1571 1577 dicitur
1609 1521 1810 1587 verba;
1859 1530 2025 1591 atque

448 1613 492 1668 si
537 1614 843 1670 secundum
882 1617 985 1669 ista
1019 1616 1184 1669 verba
1220 1616 1451 1669 cuilibet
1485 1613 1903 1687 concedendum
1940 1622 2026 1668 est

449 1707 503 1761 id
541 1707 619 1762 ibi
653 1708 868 1773 dicere;
907 1718 964 1762 et
997 1707 1109 1764 duo
1141 1706 1438 1782 dupliciter
1468 1722 1591 1761 csse
1626 1706 1744 1762 haec
1773 1705 2023 1776 quaedam

448 1799 738 1866 dicuntur;
782 1798 965 1869 itaque
1008 1799 1141 1853 illud
1184 1798 1331 1867 quod
1374 1805 1461 1852 est
1495 1812 1668 1851 unum
1713 1806 1809 1851 aut
1843 1796 2026 1865 specie

447 1876 544 1946 aut
567 1906 800 1946 numero
822 1900 909 1946 est
933 1906 1140 1956 unum;
1170 1898 1227 1944 et
1252 1904 1372 1959 quae
1401 1895 1530 1942 sunt
1553 1887 1684 1955 duo,
1724 1897 1818 1943 aut
1844 1887 2027 1958 specie

448 1990 545 2037 aut
580 1998 814 2037 numero
850 1992 975 2038 sunt
1014 1983 1156 2046 duo;
1196 1999 1321 2051 quae
1363 1966 1584 2052 quidem
1627 1981 1811 2051 specie
1853 1995 2026 2034 unum

451 2082 609 2137 sunt,
646 2072 975 2143 completam
1021 2074 1305 2128 habebunt
1350 2072 1417 2126 ad
1462 2071 1699 2128 invicem
1745 2071 2027 2142 physicam

453 2165 783 2234 paritatem;
841 2181 962 2234 qua:
1010 2180 1144 2219 vero
1207 2166 1391 2235 specie
1453 2171 1582 2219 sunt
1634 2162 1746 2217 duo
1805 2161 2029 2232 penitus

452 2257 659 2311 habent
692 2258 974 2329 physicam
1010 2257 1424 2327 disparitatem;
1464 2272 1586 2326 quae
1619 2270 1755 2310 vero
1793 2268 2026 2309 numero

450 2359 579 2404 sunt
606 2365 797 2415 unum,
826 2349 967 2403 nihil
995 2349 1227 2418 impedit
1254 2348 1388 2417 quin
1421 2348 1495 2415 ad,
1520 2346 1757 2401 invicem
1784 2344 2028 2401 habeant

451 2441 853 2511 disparitatem,
880 2441 1010 2495 licet
1035 2441 1242 2510 absque
1268 2440 1504 2498 invicem
1528 2453 1641 2492 non
1671 2437 2024 2503 dividantur;

451 2542 509 2587 et
552 2532 612 2589 in
662 2531 889 2602 pmpria
933 2532 1304 2587 delineatione
1355 2530 1705 2585 considerato
1750 2539 2024 2597 utroque,

454 2633 815 2677 numerantur
839 2622 1143 2678 secundum
1176 2620 1394 2676 numeri
1424 2619 1778 2675 deiinientem
1802 2633 2024 2683 vocem;

452 2715 534 2769 sic
565 2714 713 2769 enim
759 2712 1065 2784 cogitantes
1104 2721 1160 2767 et
1195 2721 1553 2805 numeraqtes
1591 2726 1762 2767 unum
1799 2708 2028 2780 quidem

450 2822 675 2864 omnem
702 2822 1049 2861 communem
1075 2805 1352 2860 hominem
1376 2814 1433 2859 et
1457 2803 1662 2874 equum
1691 2813 1749 2860 et
1772 2803 2027 2873 angelum

360 2886 368 2895 ’
449 2898 662 2968 absque
699 2898 806 2953 ulla
839 2896 1148 2951 diﬁ‘erentia
1182 2898 1536 2952 exsistentem
1559 2894 1742 2965 specie
1780 2894 2026 2965 ejusdem

452 2997 664 3045 naturae
695 2987 748 3040 in
778 2986 1037 3041 omnibus
1068 2986 1241 3056 ipsius
1274 2987 1529 3056 partibus
1562 2986 1828 3052 dicimus;
1865 2984 2026 3039 diii'c-

454 3082 643 3130 renter
682 3090 810 3128 vero
849 3074 1048 3128 multas
1086 3075 1206 3145 ejus
1244 3084 1431 3144 partes
1468 3089 1702 3129 numero
1740 3073 2027 3144 cognosci-

455 3181 600 3221 mus.
652 3164 909 3221 Vicissim
964 3166 1112 3221 enim
1169 3183 1446 3237 quamque
1503 3182 1693 3223 earum
1746 3167 2027 3222 numerari

2122 660 2372 723 ἁνούσιός
2404 660 2486 721 τίς
2541 661 2709 725 ἐστιν,
2736 658 2859 712 οὕτε
2899 656 2982 711 ἔτι
3008 658 3071 710 τδ
3102 654 3311 726 χρίσμα
3337 654 3431 707 καὶ
3450 653 3514 705 τδ
3537 654 3663 722 χριό
3680 683 3693 692 -

2127 770 2285 821 μενον
2332 753 2431 822 μία
2467 751 2615 804 ἐστὶν
2659 749 2837 813 οὐσία,
2874 748 3129 819 φανερόν.
3180 746 3423 808 Εἰκότως
3470 740 3567 799 οὖν
3601 743 3695 797 καὶ

2123 844 2231 899 τῶν
2289 843 2634 913 πραγμάτων
2685 842 2780 895 καὶ
2840 824 2948 894 τιῦῦ
2989 838 3269 909 ὀνομάτων
3294 836 3407 890 τῶν
3448 835 3695 903 φυσικῶν

2123 933 2317 995 διττῶς
2349 932 2734 1002 εὐποροῦντες,
2766 932 2860 986 δύο
2889 930 3072 1001 φαμὲν
3104 927 3204 991 τὰς
3230 926 3424 995 φύσεις
3457 924 3695 1002 Χριστοῦ

2126 1028 2309 1097 ἡμεῖς.

2198 1159 2300 1228 κβ’.
2341 1156 2538 1212 Ἔτιδέ
2573 1154 2753 1226 φαμεν
2785 1154 2921 1226 πρὸς
2948 1154 3092 1225 ὑμᾶς
3119 1146 3304 1207 ἐπΫτδ
3339 1152 3700 1222 προκείμενον

2130 1250 2258 1319 ὑμῖν
2279 1249 2376 1302 ἆτε
2408 1248 2574 1313 θεῖον,
2613 1247 2805 1315 γένους
2833 1247 2991 1313 λόγον
3019 1247 3120 1299 οὐκ
3150 1244 3462 1314 ἐπιδέχεται
3515 1245 3699 1295 ὁπωσ-

2128 1345 2249 1399 οῦν’
2284 1343 2335 1396 τί
2379 1340 2487 1418 γὰρ
2541 1340 2697 1393 τοῦδε
2725 1339 2945 1409 πρώτου
2975 1338 3152 1392 αίτίου
3198 1337 3371 1399 ὄντος,
3430 1334 3700 1404 ἀνώτερον

2130 1437 2283 1489 ἔσται
2312 1434 2500 1502 γένος;
2529 1432 2588 1484 τὸ
2618 1431 2675 1485 ἓν
2725 1430 2919 1493 διττῶς
2952 1429 3110 1499 μόνον
3163 1430 3257 1481 sui.
3286 1423 3528 1496 Χριστοῦ
3564 1424 3704 1476 κατὰ

2130 1526 2226 1589 τὰς
2261 1523 2600 1594 κυριωτέρας
2636 1520 2854 1588 λέγεται
2888 1506 3097 1588 φωνάς·
3133 1517 3186 1570 εῐ
3210 1534 3273 1585 γε
3299 1517 3391 1569 καὶ
3414 1515 3553 1569 κατά
3575 1514 3703 1567 ταύ-

2130 1633 2229 1680 τας
2264 1612 2643 1684 συγχωρητέον
2666 1610 2774 1665 τινὶ
2810 1611 2989 1679 λέγειν
3012 1609 3142 1662 αὐτὸ
3161 1606 3350 1661 ἐνθάδε
3373 1624 3388 1638 υ
3416 1604 3512 1659 καὶ
3536 1604 3628 1657 δύο
3648 1605 3703 1656 δὲ

2131 1707 2323 1769 διττῶς
2353 1702 2492 1759 εἶναι
2508 1703 2633 1759 τάδε
2668 1702 2790 1756 τινὰ
2818 1702 3066 1770 λέγονται
3094 1719 3106 1732 ·
3139 1701 3200 1753 τὸ
3235 1695 3328 1753 οὖν
3359 1697 3415 1753 ἓν
3446 1696 3506 1750 ὃν
3545 1695 3576 1764 ἢ
3627 1694 3706 1764 τῷ

2132 1797 2280 1861 εῖδει,
2309 1795 2341 1864 ἦ
2370 1792 2447 1863 τῷ
2476 1791 2692 1862 ἀριθμῷ
2721 1793 2868 1843 ὲστιν
2899 1790 2957 1843 ἒν
2976 1807 2991 1823 ο
3017 1790 3110 1843 καὶ
3148 1790 3217 1841 τὰ
3244 1788 3374 1841 ὄντα
3400 1785 3513 1848 δύο,
3554 1786 3586 1856 ἢ
3628 1785 3705 1853 τῷ

2134 1887 2285 1946 εῖδει,
2311 1885 2343 1954 ἢ
2378 1884 2456 1954 τῷ
2481 1882 2701 1954 ἀριθμῷ
2739 1884 2856 1935 ἐστι
2885 1881 2978 1935 δύο
3001 1899 3015 1913 ο
3063 1881 3132 1934 τά
3169 1880 3267 1951 μὲν
3297 1878 3391 1932 οῦν
3419 1877 3477 1930 ἓν
3506 1877 3585 1946 τῷ
3629 1876 3706 1927 εἶ’-

2128 1979 2208 2032 δει
2230 1979 2384 2039 ὄντα,
2415 1977 2595 2028 πᾶσαν
2620 1976 2731 2041 ἔξει
2748 1975 2886 2045 πρὸς
2917 1973 3121 2041 ἄλληλα
3142 1973 3239 2042 τὴν
3266 1969 3500 2039 φυσικὴν
3522 1968 3703 2039 ὁμοιό-

2127 2087 2266 2140 τητα
2284 2087 2295 2099 ·
2322 2069 2392 2122 τὰ
2419 2067 2478 2121 δὲ
2503 2067 2595 2121 δύο
2615 2067 2744 2120 ὄντα
2767 2066 2846 2137 τῷ
2872 2065 3025 2127 εῖδει,
3068 2065 3288 2125 πάντως
3312 2061 3427 2131 ἔχει
3451 2061 3548 2132 τὴν
3604 2078 3705 2130 φυ-

2130 2161 2290 2228 σικὴν
2336 2157 2727 2229 ἀνομοιότητα·
2764 2156 2833 2210 τὰ
2890 2155 2948 2210 δὲ
2977 2154 3053 2224 τῷ
3101 2152 3323 2225 ἀριθμῷ
3352 2153 3410 2205 ἓν
3456 2151 3606 2215 ὄντα,
3642 2154 3704 2203 οὐ

2129 2251 2397 2306 κωλύεται
2430 2251 2488 2303 ὲν
2520 2251 2733 2312 ἑαυτοῖς
2760 2247 2904 2318 ἔχειν
2930 2246 3165 2317 φυσικὴν
3211 2245 3591 2316 ἀνομοιότητα,
3655 2247 3705 2296 εἰ

2129 2346 2222 2399 καὶ
2261 2344 2506 2414 ἀλλήλων
2540 2343 2710 2412 χωρὶς
2736 2340 2811 2410 μὴ
2839 2340 3188 2408 διεστήκασι·
3227 2338 3319 2390 καὶ
3369 2339 3425 2389 ἐν
3453 2337 3557 2407 ἰδία
3609 2352 3705 2388 πε-

2132 2439 2373 2510 ριγραφῇ
2401 2433 2777 2506 θεωρούμενον
2825 2432 3089 2500 ἑκάτερον
3139 2428 3503 2500 ἀριθμοῦνται
3558 2428 3703 2481 κατά

2127 2529 2219 2582 τὸν
2233 2526 2324 2582 τοῦ
2349 2524 2583 2599 ἀριθμοῦ
2609 2523 2965 2594 διωρισμένον
2986 2522 3141 2588 λόγον
3160 2538 3173 2551 ·
3198 2519 3369 2583 οὕτως
3391 2522 3499 2590 γὰρ
3518 2520 3703 2572 νοοῦνο

2127 2638 2218 2685 τες
2254 2620 2349 2674 καὶ
2387 2617 2770 2689 ἀριθμοῦντες,
2802 2615 2900 2668 ἕνα
2930 2615 3027 2683 μὲν
3063 2612 3242 2665 πάντα
3268 2613 3360 2667 τὸν
3404 2612 3585 2665 κοινδν
3608 2612 3700 2664 ἄν·

2129 2714 2346 2784 θρωπον
2365 2712 2460 2765 καὶ
2483 2710 2647 2764 ἵππον
2666 2711 2759 2763 καὶ
2787 2707 3014 2775 ἄγγελον
3049 2705 3486 2775 ἀπαραλλάκτως
3512 2703 3709 2773 ἔχοντα

2127 2804 2205 2875 τῷ
2234 2804 2360 2857 εῖδει
2389 2806 2491 2874 τῆς
2519 2800 2688 2855 αὐτοῦ
2717 2801 2931 2879 φύσεως
2975 2799 3033 2850 ἐν
3072 2796 3201 2848 πᾶσι
3249 2797 3361 2858 τοῖς
3420 2793 3510 2846 ὑπ’
3542 2794 3705 2847 αὑτὸν

2126 2895 2352 2965 ἀτόμοις
2403 2893 2615 2966 φαμέν·
2659 2889 3080 2964 κεχωρισμένως
3132 2886 3187 2939 δὲ
3234 2887 3408 2941 πολλά
3450 2885 3606 2940 τοῦδε
3637 2886 3706 2937 τὰ

2128 2993 2304 3062 ἄτομα
2332 2990 2409 3062 τῷ
2425 2986 2643 3061 ἀριθμῷ
2665 2989 3013 3059 γινώσκομεν
3033 3008 3047 3022 ο
3078 2989 3181 3043 ἀνᾶ
3222 2987 3388 3057 μέρος
3438 2984 3545 3054 γὰρ
3572 2984 3704 3037 ἕκα-

2132 3099 2257 3136 στον
2274 3080 2456 3134 αὐτῶν
2489 3080 2841 3151 ἀριθμεῖσθαι
2873 3080 3177 3151 δυνάμενον
3209 3081 3366 3149 ἴσμεν
3385 3096 3396 3108 ·
3422 3080 3517 3131 καὶ
3544 3077 3708 3131 πάλιν

2130 3172 2188 3224 ὲν
2211 3170 2286 3242 τῷ
2314 3171 2534 3243 ἀριθμῷ
2556 3172 2722 3226 τόντε
2756 3173 2962 3243 κόσμον
2987 3175 3126 3237 ὅλον,
3161 3173 3254 3225 καὶ
3303 3172 3396 3224 τόν
3427 3188 3548 3224 τινα
3609 3170 3705 3223 ἀν-

454 3272 617 3327 posse
661 3254 906 3322 scimus;
950 3265 1007 3311 et
1049 3272 1241 3311 rursus
1287 3257 1341 3311 in
1386 3272 1618 3311 numero
1663 3268 1720 3310 et
1759 3255 2024 3311 mundum

2131 3261 2350 3333 θρωπον
2370 3262 2602 3332 λέγομεν
2619 3262 2814 3334 φύσεσι
2841 3268 3116 3335 μερικαῖς,
3147 3263 3180 3336 ἢ
3207 3266 3458 3335 φυσικοῖς
3487 3262 3705 3322 εἴδεσιν,

454 3348 775 3404 universum
808 3356 865 3402 et
893 3347 1180 3421 hominum
1214 3349 1517 3418 quemlibet
1543 3347 1780 3403 dicimus
1811 3346 2030 3417 partitis

453 3440 669 3497 naturis
698 3451 792 3496 aut
820 3438 1166 3495 naturalibus
1194 3440 1507 3509 speciebus,
1528 3455 1641 3494 non
1671 3454 1840 3493 unum
1871 3439 2025 3493 illum

450 3534 848 3599 numerantes;
897 3533 1068 3603 igitur
1112 3531 1180 3587 de
1228 3529 1460 3587 Domino
1501 3540 1722 3596 nostro,
1755 3530 2027 3600 siquidem

458 3625 893 3699 simplicitatem
921 3632 1149 3694 propter
1181 3638 1433 3693 persona:
1467 3623 1764 3686 unitatem,
1792 3632 1848 3677 et
1881 3620 2028 3676 insc-

457 3716 782 3786 parabilium
814 3717 868 3770 in
903 3715 1025 3786 ipso
1056 3716 1556 3779 enumerationem,
1589 3714 2027 3784 tanquamquod

458 3823 630 3863 unum
673 3818 760 3864 est
798 3806 852 3861 in
890 3822 1143 3870 numero,
1172 3803 1375 3871 dicitis,
1407 3804 1547 3861 bene
1585 3805 1797 3867 dicitis;
1839 3813 1896 3858 et
1926 3819 2028 3859 nos

457 3906 678 3967 oportet
705 3897 987 3953 vobiscum
1022 3898 1154 3952 illud
1188 3899 1464 3967 accipere,
1490 3913 1617 3952 cum
1652 3896 2023 3952 conﬁteamini

457 3985 739 4057 physicam
774 3985 1077 4045 secundum
1111 3987 1256 4041 illam
1286 3985 1503 4041 unicam
1530 3976 1820 4056 personam
1845 3986 2027 4039 diver-

457 4076 710 4141 sitatam;
747 4077 791 4132 si
827 4092 964 4132 vero
993 4075 1318 4147 juxta-illud
1355 4075 1626 4131 naturalis
1658 4075 1847 4129 forma:
1885 4088 2025 4128 cnu-

456 4181 672 4222 merare
718 4176 842 4237 quae
892 4167 947 4222 in
995 4166 1220 4224 Christo
1260 4168 1546 4233 volumus,
1578 4164 2026 4237 quandoquidem

456 4256 770 4313 conﬁtenda
813 4267 943 4312 sunt
980 4259 1070 4313 illa
1106 4275 1228 4327 qua:
1263 4258 1317 4312 in
1354 4260 1529 4313 l‘orma
1564 4266 1693 4313 sunt
1725 4255 2027 4312 secundum

455 4343 688 4402 formam
733 4348 936 4403 similia
982 4350 1294 4404 necessario
1328 4364 1482 4413 esse,
1514 4348 1829 4402 necessario
1864 4347 2030 4402 dissi-

460 4438 613 4493 milia
660 4447 984 4503 cernentes,
1021 4455 1131 4493 non
1181 4439 1421 4508 amplius
1470 4439 1796 4493 audebimus
1842 4438 2031 4494 forma:

2126 3353 2224 3422 οὐχ
2256 3353 2351 3407 ἕνα
2408 3354 2571 3407 αὑτὸν
2598 3354 2983 3425 ἀριθμοῦντες.
3026 3354 3153 3408 Ἐπὶ
3184 3350 3275 3408 οὗν
3310 3353 3404 3407 τοῦ
3433 3355 3709 3405 Δεσπότου

2128 3446 2161 3514 ἠ
2170 3443 2311 3513 μῶν,
2336 3446 2385 3498 εί
2428 3444 2525 3515 μὲν
2555 3444 2653 3514 τὴν
2681 3446 2886 3515 μονάδα
2917 3446 3006 3499 διὰ
3032 3443 3130 3515 τὴν
3151 3444 3245 3498 τοῦ
3271 3443 3567 3514 προσώπου
3595 3445 3709 3496 ἑνός

2128 3551 2286 3605 τητα,
2319 3537 2413 3589 καὶ
2438 3535 2536 3606 τὴν
2558 3536 2665 3589 τῶν
2696 3537 2753 3589 ὲν
2776 3536 2926 3606 αὐτῷ
2964 3534 3285 3605 ἀχωρίστων
3312 3532 3702 3601 ἐξαρίθμησιν.

2124 3624 2200 3685 ὡς
2239 3624 2354 3686 ἐνὸς
2403 3623 2553 3687 ὄντος
2584 3624 2660 3694 τῷ
2710 3623 2927 3695 ἀριθμῷ
2956 3638 3117 3692 φατε,
3147 3621 3330 3684 καλῶς
3361 3621 3575 3689 λέγετε,
3605 3621 3704 3672 καὶ

2129 3714 2275 3783 ἡμᾶς
2296 3712 2412 3766 δέον
2436 3714 2531 3766 σὺν
2551 3714 2678 3784 ὑμῖν
2702 3713 2861 3766 τοῦτο
2881 3712 3257 3783 ἀποδέχεσθαι,
3282 3708 3707 3780 ὡμολογημένον

2128 3803 2222 3857 τοῦ
2255 3807 2374 3857 κατ’
2401 3805 2531 3856 αὐτὸ
2560 3805 2620 3857 τὸ
2652 3804 2709 3861 ἓν
2741 3804 3028 3875 πρόσωπον
3062 3802 3295 3874 φυσικοῦ
3319 3801 3580 3873 διαφόρου
3603 3819 3615 3831 ·
3656 3804 3705 3853 εἰ

2127 3890 2184 3948 δὲ
2212 3894 2351 3948 κατά
2377 3896 2467 3947 τὸν
2502 3894 2595 3947 τοῦ
2630 3894 2861 3965 φυσικοῦ
2886 3895 3059 3958 εἴδους
3110 3893 3497 3965 ἀπαριθμῆσαι
3522 3893 3590 3946 τὰ
3646 3894 3706 3944 ὲν

2128 3987 2347 4058 Χριστῷ
2375 3985 2698 4055 βουλόμεθα,
2730 3987 2850 4039 ἐπεὶ
2878 3985 3223 4057 ὡμολόγηται
3257 3984 3326 4038 τὰ
3356 3984 3414 4036 ὲν
3461 3982 3539 4052 τῷ
3573 3982 3704 4035 εῖδει

2125 4077 2278 4142 ὄντα,
2312 4080 2428 4131 κατ’
2488 4072 2626 4141 εῖδος
2658 4078 2819 4147 ὅμοια
2843 4077 2960 4132 δέον
3016 4073 3179 4140 εἶναι,
3208 4075 3525 4144 ἀναγκαίως
3572 4074 3700 4128 ἀνό-

2135 4186 2259 4239 μοια
2279 4168 2670 4239 θεωρήσαντες,
2706 4170 2884 4224 οὐκέτι
2910 4170 3260 4240 τολμήσομεν
3286 4168 3363 4239 τῷ
3392 4166 3488 4220 τοῦ
3531 4166 3706 4228 εἴδους

2132 4261 2415 4331 καταλόγῳ
2446 4260 2503 4313 ἓν
2547 4261 2718 4315 ταῦτα
2777 4260 2976 4330 λέγειν,
3020 4260 3154 4317 ἀλλὰ
3176 4258 3301 4312 δύον
3354 4257 3547 4311 οὐκοῦν
3605 4257 3707 4309 ἁκ-

2132 4349 2371 4414 ολούθως
2421 4352 2515 4404 δύο
2553 4353 2654 4422 μὲν
2682 4355 2802 4416 ταῖς
2826 4352 3071 4421 φύσεσιν,
3101 4351 3157 4403 ἓν
3174 4350 3232 4403 δὲ
3260 4348 3337 4422 τῷ
3367 4347 3585 4423 ἀριθμῷ
3614 4345 3706 4399 τὸν

2131 4442 2365 4512 Χριστὸν
2391 4441 2755 4511 γινώσκομεν.
2825 4486 2834 4495 .

457 4531 640 4587 indice
684 4549 856 4587 unum
904 4533 1023 4588 haec
1069 4534 1287 4599 dicere,
1321 4533 1418 4588 sed
1467 4534 1607 4600 duo;
1656 4550 1788 4606 ergo
1834 4547 2238 4607 consequenter
2266 4537 2378 4592 duo
2426 4536 2651 4605 quidem
2682 4538 2914 4602 naturis,
2982 4553 3153 4593 unum
3222 4544 3406 4600 autem
3471 4549 3708 4596 numero

454 4624 737 4680 Christum
766 4626 1171 4696 cognoscimus.

525 4760 618 4817 25.
646 4748 844 4817 Adhuc
872 4763 1167 4832 petendum
1198 4763 1269 4819 ab
1299 4763 1409 4819 illis
1435 4763 1532 4834 qui
1558 4778 1590 4819 e
1618 4763 1835 4818 duabus
1861 4772 2024 4818 natu-

2201 4768 2305 4830 κγ’.
2348 4762 2467 4814 Ἔτι
2497 4760 2796 4832 ὲρωτητέον
2825 4761 3043 4824 αὐτοὺς,
3072 4763 3139 4814 ὲκ
3157 4761 3251 4814 δύο
3273 4761 3489 4830 φύσεων
3517 4764 3706 4834 λέγον-

458 4867 575 4909 ram
606 4851 801 4908 dicunt
834 4869 999 4908 unam
1035 4870 1201 4924 quam
1235 4854 1440 4911 Christi
1475 4863 1702 4918 vocant,
1734 4869 1864 4909 num
1907 4861 1963 4908 et
1996 4868 2027 4908 e

456 4944 671 5001 duabus
708 4945 1118 5008 subsistentiis.
1154 4946 1272 5003 sive
1306 4947 1558 5016 personis
1598 4946 1819 5001 unicam
1854 4945 2029 5014 ipsius

455 5039 866 5095 subsistentiam
911 5038 1135 5104 dicunt,
1171 5055 1237 5093 an
1281 5039 1426 5092 non?
1458 5038 1579 5104 Quo
1621 5052 1755 5107 ergo
1789 5045 1845 5091 et
1885 5052 2026 5106 quo-

455 5128 621 5184 modo
652 5129 821 5184 cessit
846 5129 1015 5184 altera
1040 5143 1072 5182 e
1098 5128 1310 5185 naturis
1334 5130 1458 5197 ejus
1482 5135 1608 5182 ante
1636 5127 2022 5181 adunationem

451 5221 668 5287 dicant,
694 5226 753 5275 et
787 5219 949 5289 cujus
982 5229 1103 5275 erat
1141 5220 1306 5275 tunc?
1338 5218 1593 5274 Nondum
1631 5218 1780 5273 enim
1820 5218 2025 5273 Christi

456 5316 580 5367 erat
612 5319 781 5367 uncta
813 5308 1097 5365 divinitati
1137 5310 1380 5364 humana
1412 5318 1633 5373 natura;
1665 5310 1710 5362 si
1748 5324 1880 5363 vero
1911 5320 1964 5363 et
1996 5327 2027 5364 e

455 5402 676 5457 duabus
700 5400 1080 5457 subsistentiis
1107 5401 1499 5457 adunationem
1528 5400 1750 5461 dicunt,
1784 5401 1875 5454 ubi
1908 5416 2029 5457 erat

456 5498 590 5546 tunc
616 5491 861 5562 perfecta
875 5488 1229 5547 subsistentia
1244 5489 1485 5544 humana
1501 5488 1722 5544 Christo
1738 5490 1965 5558 przeexs';
1976 5519 2016 5537 ι-

454 5582 641 5637 stensi
664 5582 872 5638 Deinde
898 5582 956 5637 in
983 5589 1145 5637 utero
1170 5590 1371 5637 sanctte
1393 5580 1637 5659 Virginis
1662 5581 1900 5647 inclusa;
1930 5584 2022 5638 illo

453 5674 602 5728 enim
644 5673 699 5728 in
736 5683 930 5730 sancto
965 5674 1223 5732 cubiculo
1258 5674 1523 5729 adunatio
1555 5672 1759 5731 Christi
1802 5683 2022 5733 natura-

457 5778 578 5817 rum
632 5762 703 5818 ab
759 5764 919 5820 initio
972 5764 1113 5821 facta
1170 5772 1286 5829 est;
1345 5764 1451 5820 nisi
1518 5762 1661 5819 forte
1720 5769 2019 5821 secundum

452 5855 766 5913 Nestorium
808 5844 1113 5913 divinitatis
1164 5857 1553 5914 adunationem
1630 5868 1745 5927 post
1800 5867 2015 5928 partum

2129 4873 2230 4919 τοις
2257 4855 2358 4925 τὴν
2399 4853 2526 4924 μίαν
2566 4852 2748 4921 φύσιν,
2780 4854 2846 4923 ἦν
2878 4870 3009 4922 φασι
3034 4855 3295 4923 Χριστοῦ,
3332 4851 3444 4926 ἆρά
3490 4873 3555 4924 γε
3614 4861 3709 4912 καὶ

2129 4950 2195 5001 ὲκ
2224 4947 2318 5000 δύο
2340 4946 2716 5007 ὑποστάσεων,
2752 4947 2807 4999 εῖ
2838 4944 2886 4999 τ’
2915 4945 3009 4999 οὖν
3039 4945 3369 5016 προσώπων,
3430 4948 3530 5018 τὴν
3568 4949 3707 5018 μίαν

2131 5037 2296 5093 αὐτοῦ
2319 5038 2619 5092 ὑπόστασιν
2647 5038 2895 5107 λέγουσιν
2924 5039 2955 5108 ἦ
2982 5036 3102 5108 οὐχι
3129 5054 3144 5103 ;
3178 5038 3289 5091 Ποῦ
3320 5035 3414 5093 οὖν
3443 5041 3539 5094 καὶ
3585 5042 3708 5099 πῶς
3743 5023 3751 5031 ’

2131 5131 2404 5201 ὑφέστηκε
2437 5129 2640 5199 θατέρα
2668 5128 2777 5182 τῶν
2808 5128 3023 5197 φύσεων
3075 5129 3241 5183 αὑτοῦ
3274 5132 3381 5200 πρὸ
3429 5132 3528 5200 τῆς
3564 5134 3705 5195 -ἑνώ-

2125 5238 2281 5283 σεως,
2306 5222 2645 5290 λεγέτωσαν·
2677 5220 2822 5282 τίνος
2852 5237 2913 5276 τε
2963 5215 3105 5274 οὖσα
3143 5221 3299 5286 τότες
3340 5223 3400 5275 ού
3432 5222 3544 5293 γὰρ
3572 5224 3708 5294 Χρι-

2124 5310 2251 5362 στοῦ
2279 5307 2346 5381 ἦν
2377 5312 2544 5379 μήπω
2575 5312 2858 5383 χρισθεῖσα
2889 5312 3103 5383 θεότητι
3157 5314 3190 5383 ἡ
3229 5312 3544 5385 ἀνθρωπίνη
3596 5316 3704 5384 φύ-

2110 5418 2238 5464 σις·
2272 5405 2321 5454 εἰ
2351 5402 2409 5454 δὲ
2440 5404 2535 5455 καὶ
2563 5404 2627 5455 ὲκ
2656 5402 2751 5455 δύο
2777 5401 3129 5465 ύποστάσεών
3166 5420 3301 5472 φασι
3328 5405 3426 5475 τὴν
3477 5405 3700 5473 ἕνωσιν,

2127 5494 2231 5548 ποῦ
2254 5489 2322 5565 ἦν
2354 5478 2481 5548 ποτε
2506 5497 2538 5564 ἡ
2566 5493 2746 5547 τελεία
2763 5495 3056 5557 ὑπόστασις
3074 5494 3388 5566 ἀνθρωπίνη
3413 5499 3704 5567 προϋπάρ-

2130 5582 2267 5648 ξασα
2301 5584 2631 5654 Χριστοῦ;Ε
2655 5601 2722 5637 τα
2749 5585 2806 5640 ὲν
2836 5588 2898 5655 τῇ
2935 5586 3118 5655 μήτρα
3155 5587 3253 5656 τῆς
3281 5587 3442 5652 ἁγίας
3486 5587 3706 5657 Παρθέ-

2128 5692 2217 5730 νου
2252 5675 2701 5745 ἐγκαθειρχθεῖσα
2724 5693 2737 5707 ·
2760 5676 2874 5729 κατ’
2900 5679 3074 5729 ἐκεῖνο
3100 5677 3205 5747 γὰρ
3227 5677 3286 5729 τὸ
3315 5677 3470 5745 ἆγιον
3500 5678 3702 5749 χωρίον

2127 5771 2156 5835 ἡ
2190 5768 2381 5830 ἔνωσις
2401 5769 2508 5821 τῶν
2530 5769 2764 5838 Χριστοῦ
2801 5769 3014 5835 φύσεων
3040 5769 3133 5837 ἀπῗ
3165 5771 3337 5840 ἀρχῆς
3371 5771 3619 5837 ὲγένετοσ
3652 5774 3701 5825 εἰ

2130 5862 2201 5930 μὴ
2226 5860 2327 5935 ἄρα
2361 5861 2501 5915 κατὰ
2520 5862 2591 5913 N2
2607 5862 2813 5930 κόριον
2830 5862 2927 5930 τὴν
2951 5861 3143 5915 ἕνωσιν
3166 5864 3264 5933 τῆς
3281 5863 3530 5932 θεότητος
3560 5880 3703 5939 μετα
