3998 6282
466 409 595 474 mn
693 370 704 377 ’

1722 419 1967 479 ῘιΕΟΝΤ
1974 417 2031 477 ll
2081 414 2386 473 ΒΥΖΑΝΤΙ
2399 414 2483 472 .‘iil‘

3578 404 3712 470 i738

458 536 648 573 eorum
693 520 913 586 dicunt,
950 522 1078 576 licet
1123 539 1223 594 pro
1268 539 1453 580 rerum
1505 534 1652 580 statu
1701 529 1830 583 talia
1879 527 2034 582 nobis

2142 524 2317 592 παρὸν
2346 524 2472 576 τάδε
2507 524 2643 590 ἡμῖν
2675 520 3092 591 προϐάλλονται,
3118 519 3191 582 ὡς
3229 521 3284 571 ὲν
3316 518 3523 587 ἑτέροις
3549 553 3552 556 ~
3578 521 3710 574 ἐδεξ-

459 608 762 679 prot‘erant,
795 610 940 665 sicut
980 611 1033 666 in
1073 614 1290 669 caeteris
1329 622 1698 671 monstratum
1741 627 1845 671 est.
1880 616 2036 670 Atta-

461 713 583 755 men
612 699 864 756 dicamus
894 702 963 755 ad
995 703 1143 773 ipsos
1173 722 1186 756 :
1218 704 1321 770 Qui
1349 721 1481 776 ergo
1509 707 1655 762 circa
1682 709 1829 778 ipsas
1854 707 2038 761 dicitis

457 791 569 845 duo
598 806 727 855 vos,
756 808 880 862 qua:
910 793 1167 863 fuerunt,
1199 812 1308 850 non
1340 809 1622 862 naturam,
1648 799 1744 854 sed
1775 799 2036 870 hyposta-

457 897 547 937 ses
581 899 942 952 personarum
983 887 1149 941 unius
1186 896 1397 942 natura:
1432 888 1709 955 dividere;
1747 905 1872 943 nam
1910 904 2038 959 pro-

460 974 789 1042 prietatibus
836 977 969 1046 ipsa:
1010 978 1361 1042 dividuntur,
1391 988 1448 1034 et
1490 979 1795 1035 secundum
1836 995 1934 1034 vos
1981 989 2038 1033 et

457 1064 765 1119 secundum
800 1081 905 1121 nos
936 1085 949 1119 :
980 1067 1250 1132 dicentes,
1282 1069 1525 1139 inquam,
1555 1069 1704 1123 circa
1736 1069 1882 1138 ipsas
1914 1079 2034 1124 tan-

462 1164 575 1208 tum
628 1157 993 1225 proprietates
1033 1159 1102 1213 de
1143 1158 1366 1214 Christo
1409 1160 1819 1230 duplicitatem,
1858 1159 2034 1229 hypo-

457 1258 634 1303 stases
667 1265 1032 1318 personarum
1068 1250 1207 1306 duas
1236 1253 1391 1307 scitis
1447 1252 1682 1316 Christi,
1713 1252 1817 1307 etsi
1870 1267 2033 1306 unam

456 1338 575 1405 ejus
608 1348 854 1393 naturam
882 1340 1244 1396 conﬁtemini.
1269 1343 1427 1409 Quod
1463 1342 1610 1396 absit
1645 1329 1674 1397 a
1707 1343 1895 1407 vobis,
1927 1343 2035 1397 fra-

460 1416 601 1493 tres,
626 1428 943 1485 admittere.
970 1431 1027 1485 Si
1064 1440 1245 1486 autem
1282 1433 1483 1487 dicatis
1515 1448 1617 1488 nec
1645 1442 1899 1487 naturam
1933 1448 2038 1488 nec

460 1518 799 1589 taypostasim
828 1521 1200 1591 preprietates
1234 1522 1516 1586 dividere,
1544 1538 1647 1577 nec
1675 1522 1878 1577 Paulus
1902 1538 2034 1593 ergo

329 1604 333 1608 ’
417 1618 423 1623 ’
455 1625 488 1663 a
520 1610 717 1674 Petro,
747 1627 848 1667 nec
878 1629 908 1666 ιι
939 1614 1102 1668 Putre
1133 1614 1308 1669 Filius
1334 1614 1640 1670 secundum
1671 1613 1803 1684 quid
1832 1614 2032 1669 discer~

459 1708 641 1765 untur,
687 1710 885 1757 natura
932 1703 1137 1774 quippe
1182 1705 1378 1769 iidem,
1419 1705 1862 1775 proprietatibus
1903 1720 2035 1760 vero

459 1791 929 1861 indistinguibiles
955 1803 1010 1848 et
1042 1803 1176 1848 notu
1207 1796 1598 1864 impossibiles.

2139 613 2265 682 χθη.
2299 612 2444 683 Πλὴν
2493 615 2742 681 εἴποιμεν
2772 610 2905 680 πρὸς,
2946 609 3144 672 αὐτούς
3170 626 3185 640 ο
3226 610 3379 662 Ἐπεὶ
3431 607 3524 663 οὖν
3572 621 3711 666 κατὰ

2136 704 2336 766 ταύτας
2353 704 2544 771 λέγετε
2572 703 2630 758 τὸ
2661 700 2755 755 δύο
2781 702 2960 772 ὑμεῖς,
2993 701 3049 753 αῖ
3082 701 3353 769 πέφυκαν.
3384 701 3449 754 οὐ
3479 701 3576 770 τὴν
3608 703 3710 769 φύ-

2139 812 2223 849 σιν
2269 794 2544 865 χωρίζειν,
2600 792 2738 847 ἀλλὰ
2766 793 2877 855 τὰς
2911 793 3244 854 ὑποστάσεις
3272 791 3382 844 τῶν
3403 793 3710 861 προσώπων

2135 885 2236 953 τῆς
2263 885 2393 955 μιᾶς
2449 883 2666 952 φύσεως
2687 899 2700 913 ⁸
2736 886 2852 945 ταῖς
2883 881 2991 952 γὰρ
3046 882 3302 953 ἰδιότησιν
3354 876 3514 936 αὗται
3544 882 3710 953 χωρί-

2136 975 2338 1040 ζονται,
2379 975 2499 1028 καθ’
2539 975 2684 1046 ὑμᾶς
2710 990 2769 1027 τε
2809 975 2904 1027 καὶ
2953 973 3076 1027 καθ’
3112 975 3279 1043 ἡμᾶς,
3317 973 3568 1041 λέγοντες
3604 976 3708 1044 ἄρα

2137 1067 2279 1122 κατὰ
2305 1066 2505 1129 ταύτας
2540 1067 2702 1136 μόνον
2724 1066 2889 1137 ἤγουν
2912 1067 3011 1128 τὰς
3040 1066 3313 1136 ἰδιότητας
3348 1065 3441 1117 ἐπὶ
3475 1066 3712 1135 Χριστὸν

2133 1158 2234 1228 τὴν
2256 1158 2447 1224 δυάδα,
2478 1158 2574 1222 τὰς
2599 1151 2929 1220 ὑποστάσεις
2972 1156 3082 1210 τῶν
3124 1155 3433 1226 προσώπων
3463 1157 3557 1212 δύο
3594 1157 3705 1211 ἴστε

2134 1249 2228 1303 τοῦ
2262 1250 2522 1320 Χριστοῦ,
2571 1252 2620 1303 εἰ
2668 1249 2765 1304 καὶ
2818 1251 2948 1318 μίαν
2976 1250 3076 1319 τὴν
3128 1248 3292 1317 φύσιν
3325 1248 3492 1302 αὐτοῦ
3524 1250 3709 1319 ὁμολο-

2135 1343 2281 1408 γεῖτε
2302 1358 2316 1371 ·
2356 1343 2492 1412 ὅπερ
2521 1341 2596 1411 μὴ
2621 1340 2707 1410 εἴη
2738 1339 2911 1409 ὑμᾶς,
2943 1339 3192 1408 ἀδελφοὶ,
3212 1340 3602 1411 καταδέχεσθαι
3622 1359 3636 1371 ·
3659 1344 3707 1393 εξ

2132 1430 2188 1483 δὲ
2210 1433 2413 1485 εἴποιτε
2450 1433 2586 1501 μήτε
2616 1432 2714 1503 τὴν
2737 1430 2899 1500 φύσιν
2954 1429 3093 1500 μήτε
3129 1430 3229 1500 τὴν
3278 1429 3577 1484 ὑπόστασιν
3610 1430 3708 1494 τὰς

2139 1521 2408 1588 ἰδιότητας
2441 1520 2720 1592 χωρίζειν,
2755 1518 2879 1573 οὗτε
2913 1520 3126 1583 Παῦλος
3181 1519 3289 1591 ἄρα
3318 1521 3548 1591 Πέτρου,
3585 1519 3709 1577 οἷιτε

2134 1611 2228 1665 τοῦ
2256 1612 2471 1682 [ἰατρὸς
2503 1614 2532 1667 ὁ
2550 1612 2676 1674 Υἱὸς
2696 1612 2839 1664 κατά
2863 1629 2916 1664 τι
2945 1611 3298 1680 διακρίνεται,
3329 1613 3401 1682 τῇ
3427 1610 3709 1680 μὲνφύσει

2132 1705 2286 1766 ὄντες
2319 1704 2524 1768 ταυτυὶ,
2554 1705 2673 1766 ταῖς
2699 1701 2758 1754 δὲ
2787 1701 3044 1772 ἰδιότησιν
3075 1701 3389 1770 άδιάκριτοι
3418 1702 3511 1754 καὶ
3554 1701 3709 1756 ἀδιά-

2133 1813 2390 1865 γνωστοι.

528 1883 616 1938 28.
646 1884 701 1939 Si
733 1884 1113 1945 diversitatem
1145 1886 1369 1949 dicunt,
1392 1893 1450 1941 et
1473 1885 1850 1956 duplicitatem
1879 1883 2033 1955 peni-

2208 1894 2311 1942 xn'.
2345 1888 2407 1940 Εἰ
2427 1874 2693 1957 διαφοράν
2720 1885 2881 1955 λέγον
2892 1901 2962 1951 σι,
3000 1885 3091 1940 καὶ
3113 1884 3276 1963 δυάδα
3295 1884 3512 1949 πάντως
3533 1886 3710 1939 εἰπεῖν

461 1982 549 2026 ms
590 1975 967 2029 diﬂ‘crentium
1011 1976 1198 2031 dicere
1246 1986 1539 2047 cogentur;
1584 1992 1708 2032 nam
1753 1986 1810 2030 ct
1848 1991 2032 2030 rerum

455 2065 690 2119 diversre
716 2074 929 2121 naturae
952 2068 1321 2128 enumeratio.
1344 2077 1402 2123 et
1425 2066 1791 2123 accidentium
1818 2075 2035 2120 mutan-

459 2157 593 2209 tium
621 2156 923 2211 secundum
951 2158 1110 2227 quid,
1134 2169 1230 2214 aut
1258 2161 1475 2214 tandem
1505 2159 1782 2213 nudarum
1815 2159 2032 2215 numeri

392 2294 401 2295 ,
458 2247 699 2317 partium
745 2256 842 2302 aut
885 2249 1175 2305 subtilium
1221 2250 1586 2320 quarumdam
1635 2251 2033 2321 cogitationum

456 2339 501 2391 si
543 2337 702 2393 ﬁeret
737 2340 976 2405 mentio,
1007 2356 1077 2396 ex
1113 2341 1427 2397 diﬁ'erentia
1466 2358 1588 2411 quae
1627 2342 1859 2397 exsistit
1884 2343 2032 2398 circa

461 2430 725 2493 verbum,
757 2433 843 2487 vel
888 2433 1143 2488 ordinem
1183 2434 1268 2487 vel
1312 2442 1562 2505 tempus,
1596 2434 1680 2489 vel
1725 2435 1906 2489 locum
1946 2434 2032 2489 vel

457 2521 726 2587 habitum,
753 2530 811 2577 et
828 2523 919 2578 illa
953 2523 1241 2579 evidenter
1265 2524 1576 2595 pmcedet:
1617 2532 1715 2578 aut
1749 2539 1883 2594 ergo
1922 2539 2031 2578 non

455 2609 851 2678 din‘erentiam,
878 2623 975 2669 aut
999 2620 1056 2668 et
1081 2629 1375 2670 numerum
1407 2613 1784 2669 diﬂ‘erentium
1809 2622 2033 2669 natura-

458 2717 578 2755 rum
604 2701 813 2758 dicant.

525 2792 678 2850 29.Si
704 2810 734 2849 e
761 2794 980 2850 duobus
1003 2795 1252 2852 dicentes
1274 2797 1487 2853 naturis
1508 2796 1814 2864 Christum,
1833 2814 2032 2868 nempe

454 2898 489 2937 e
527 2884 810 2939 communi
853 2884 1144 2942 divinitate
1185 2896 1244 2942 et
1282 2887 1654 2953 humanitate,
1687 2889 1825 2945 duas
1868 2891 2031 2945 hasce

455 2983 513 3028 et
562 2981 688 3044 post
733 2974 1127 3030 adunationem
1176 2993 1288 3033 non
1335 2989 1706 3050 cognoscunt,
1747 2996 1880 3052 ergo
1920 2997 2030 3035 non

457 3074 796 3135 cognoscunt
844 3076 970 3136 post
1017 3069 1380 3124 oeconomiam
1425 3070 1821 3127 incarnationis
1870 3073 2030 3127 Verbi

2135 1982 2243 2034 τῶν
2302 1980 2694 2050 διαφερόντων,
2748 1977 3258 2048 ἀναγκασθήσονται
3287 1975 3570 2046 δηλονότιο
3598 1976 3709 2030 τῶν

2134 2091 2193 2125 τε
2224 2073 2330 2144 γὰρ
2362 2071 2671 2143 ἑτεροφυόω
2706 2070 3050 2143 πραγμάτων
3094 2070 3127 2140 ἡ
3160 2069 3561 2140 ἀπαρίθμησις,
3599 2068 3709 2125 τῶν

2133 2180 2191 2217 τε
2223 2160 2648 2233 συμϐεϐηκότων
2686 2159 2795 2214 τῶν
2828 2159 3262 2225 ἐυξαλλασσόντων
3297 2158 3544 2223 κατάρτι,
3577 2158 3618 2230 ἢ
3647 2156 3714 2213 τό

2136 2271 2197 2323 γε
2237 2253 2484 2322 ἔσχατον,
2508 2251 2731 2322 γυμνῶν
2759 2251 2869 2304 τῶν
2897 2250 2992 2305 τοῦ
3032 2248 3266 2319 ἀριθμοῦ
3310 2249 3518 2319 μορίων
3547 2248 3580 2318 ἦ
3615 2249 3708 2317 ψιε-

2134 2344 2241 2397 λῶν
2273 2341 2850 2410 τινων-ὲπινοημάτων
2887 2342 2936 2392 εἰ
2967 2340 3174 2407 γένοιτο
3201 2339 3463 2411 μέτρησις
3514 2339 3580 2393 ὲκ
3607 2339 3708 2407 τῆς

2134 2434 2397 2511 διαφορᾶς
2429 2435 2529 2502 τῆς
2570 2432 2713 2485 κατὰ
2746 2430 2925 2498 λόγον,
2949 2429 2984 2501 ἤ
3015 2430 3188 2496 τάξιν,
3217 2429 3485 2500 ἢχρόνον,
3524 2430 3557 2501 ἢ
3615 2431 3706 2484 τό·

2135 2547 2257 2593 πον,
2284 2528 2315 2595 ἦ
2360 2526 2564 2596 σχέσιν,
2596 2525 2692 2579 καὶ
2719 2523 2859 2595 αὕτη
2900 2523 3238 2596 προϐήσεται
3270 2522 3489 2591 σαφῶς·
3544 2524 3576 2594 ἢ
3613 2518 3707 2576 οὗν

2136 2626 2272 2690 μήτε
2304 2619 2589 2688 διαφορὰν,
2638 2619 2673 2689 ἢ
2733 2617 2825 2671 καὶ
2874 2615 2966 2670 τὸν
2995 2614 3230 2686 ἀριθμὸν
3255 2614 3565 2684 λεγέτωσαν
3600 2615 3713 2675 τῶι

2132 2711 2500 2781 διαφερουσῶν
2528 2710 2766 2777 φύσεων.

2204 2800 2305 2857 κθ’.
2348 2804 2411 2856 Εἰ
2451 2805 2516 2857 ἐκ
2564 2800 2659 2857 δύο
2696 2800 2947 2870 λέγοντες
2993 2798 3211 2869 φύσεων
3240 2799 3330 2853 τὸν
3370 2798 3604 2870 Χριστὸν
3631 2797 3711 2860 ὡς

2133 2897 2198 2948 ἐκ
2229 2896 2326 2962 τῆς
2356 2894 2535 2963 κοινῆς
2566 2894 2819 2964 θεδτητος
2844 2892 2940 2946 καὶ
2976 2891 3417 2963 ἁνθρωπότητος,
3451 2890 3545 2944 δύο
3571 2891 3706 2943 τάσ-

2131 2984 2187 3036 δε
2220 2985 2316 3037 καὶ
2339 2984 2479 3053 μετὰ
2508 2983 2605 3053 τὴν
2634 2983 2831 3037 ἕνωσιν
2862 2982 2924 3037 ού
2960 2980 3344 3050 γινώσκουσιν,
3371 2980 3477 3049 ἄρα
3495 2996 3558 3048 γε
3587 2979 3706 3033 οὐδὲ

2135 3076 2285 3129 ἴσασι
2344 3075 2485 3145 μετὰ
2552 3074 2651 3144 τὴν
2715 3072 3034 3144 οἰκονομίαν
3089 3071 3191 3142 τῆς
3235 3070 3565 3143 σαρκώσεως
3609 3070 3706 3124 τοῦ

454 3169 784 3210 communes
808 3155 948 3211 duas
977 3156 1339 3211 humanitatis
1363 3165 1421 3213 et
1443 3157 2028 3231 divinitatis‘naturas,

2140 3164 2310 3232 Λόγου
2341 3164 2434 3226 τὰς
2460 3164 2646 3227 κοινὰς
2675 3164 2771 3217 δύο
2792 3163 2985 3231 φύσεις
3016 3162 3436 3233 άνθρωπὸτητος
3467 3160 3561 3215 xui.
3591 3159 3704 3214 Oed-

459 3260 562 3299 ncc
586 3247 879 3315 separatim
910 3262 1004 3302 eas
1031 3257 1358 3314 numerant,
1383 3264 1488 3303 nec
1513 3262 1636 3303 esse
1666 3263 1895 3317 prorsus
1924 3249 2034 3306 duo

457 3335 642 3390 adhuc
664 3336 938 3407 reliquum
969 3338 1163 3393 dicunt
1188 3355 1202 3393 :
1230 3354 1356 3393 nam
1389 3354 1417 3393 a
1443 3339 1766 3410 duplicitate
1792 3357 2035 3398 cessasse

461 3428 808 3484 contendunt
835 3430 952 3485 haec
978 3446 1007 3484 a
1037 3431 1239 3501 quibus
1263 3431 1571 3501 ex‘surrexit
1591 3432 1875 3490 adunatio.
1899 3435 2035 3491 Esse

459 3534 590 3573 vero
615 3534 679 3572 ca
711 3534 1035 3575 communes
1059 3529 1286 3576 naturas
1314 3520 1671 3578 conﬁtentur.

530 3608 614 3665 30.
653 3609 710 3665 Si
758 3620 1046 3681 propterea
1095 3611 1242 3681 quod
1282 3622 1606 3668 naturarum
1647 3614 1910 3671 adunatio
1950 3626 2036 3672 est

461 3715 624 3755 uuam
677 3710 1017 3771 cognoscunt
1052 3712 1315 3758 naturam
1370 3720 1435 3759 ea
1485 3719 1607 3774 quae
1653 3716 2035 3762 convenerunt

462 3790 615 3855 ﬁeri,
643 3800 699 3845 et
730 3792 860 3858 quia
894 3801 1216 3846 naturarum
1251 3793 1565 3850 dill'ereutia
1596 3805 1711 3861 est,
1744 3797 1883 3853 duas
1921 3798 2035 3853 haec

460 3889 807 3951 cognoscant.
842 3881 962 3936 Non
999 3882 1145 3936 enim
1186 3882 1334 3952 quod
1375 3884 1477 3953 ipsi
1519 3885 1709 3940 est.ob
1748 3887 2035 3942 adunatio-

460 3984 619 4035 nem,
666 3970 800 4026 illud
848 3982 906 4028 et
948 3971 1020 4027 ob
1067 3972 1436 4029 diﬂerentiam
1487 3976 1789 4046 putabunt,
1830 3977 1926 4032 sed
1978 3978 2031 4032 in

459 4062 634 4118 altero
676 4063 846 4119 verbo
886 4064 1145 4120 alterum.
1176 4065 1313 4122 Cum
1359 4083 1490 4139 ergo
1525 4078 1582 4123 et
1616 4069 1925 4124 essentialis
1966 4070 2034 4125 iis

460 4170 582 4226 qua:
608 4157 951 4213 conveniunt
976 4159 1144 4213 rebus
1171 4159 1508 4223 differentia,
1533 4171 1591 4217 et
1612 4161 1822 4232 adjecta
1847 4177 2034 4217 essen-

461 4248 556 4302 tiis
586 4247 871 4314 adunatio,
898 4249 1040 4304 bene
1068 4253 1340 4306 essentias
1369 4253 1595 4322 proprio
1625 4254 1759 4323 ipsis
1781 4269 2034 4309 sermone

460 4338 875 4404 discernentes,
929 4340 1071 4395 duas
1129 4340 1369 4396 dicimus
1424 4358 1621 4411 nempe
1677 4343 2031 4421 diversitate;

460 4444 752 4501 personam
776 4447 908 4487 vero
940 4431 1074 4502 ipsis
1101 4447 1265 4485 unam
1297 4432 1633 4487 adunatione
1662 4432 1961 4490 credimus.

858 4553 885 4563 ι.

533 4632 623 4686 3|.
658 4631 852 4686 Adhuc
890 4631 1070 4686 omnis
1107 4630 1396 4702 compositi
1439 4629 1663 4698 perfecti
1698 4644 1800 4685 nec
1838 4645 2035 4700 super-
2108 4628 2119 4633 ”

2103 4714 2107 4722 ’
2136 4717 2318 4772 τεύειν
2355 4716 2481 4770 οὔτε
2508 4717 2780 4771 ἐλλείπειν
2802 4717 2886 4770 δεῖ
2922 4718 3014 4770 τὸν
3045 4719 3224 4787 λόγον,
3261 4720 3374 4773 ἀλλ’
3411 4722 3599 4795 ἄρτιον
3629 4719 3711 4778 εἷ-

461 4722 780 4785 abundare,
829 4738 933 4778 nec
986 4722 1224 4779 deﬁcere
1276 4732 1497 4791 oportet
1546 4736 1892 4786 sermonem,
1939 4720 2035 4775 sed

461 4813 822 4869 suﬁicientem
869 4830 1021 4880 esse;
1062 4814 1362 4885 duplicitas
1402 4814 1580 4883 prima
1620 4813 1947 4882 compositio
1981 4820 2037 4867 et

356 4970 367 4978 _
460 4901 675 4972 primus
709 4900 986 4958 sufﬁciens
1018 4919 1317 4967 numerus;
1351 4903 1629 4972 quomodo
1662 4917 1795 4972 ergo
1829 4901 2035 4971 impor-

463 5003 655 5048 tunum
695 4994 804 5049 erit
841 4994 909 5050 de
944 4994 1270 5064 compositis
1308 4997 1524 5048 naturis
1558 5002 1615 5048 et
1648 5008 1817 5046 unum
1853 4992 2034 5061 perfe-

460 5093 611 5136 ctum
646 5084 1086 5154 complentibus,
1119 5082 1496 5152 duplicitatem
1529 5083 1744 5144 dicere,
1777 5080 2037 5151 hyposta-

461 5190 585 5229 sees
618 5190 747 5229 vero
782 5174 1085 5228 unitatem?
1119 5174 1238 5228 Non
1272 5174 1419 5227 enim
1454 5172 1520 5227 ad
1557 5171 1792 5226 invicem
1831 5187 2035 5227 conve-

463 5275 662 5321 nerunt
687 5266 809 5321 dum
836 5265 1162 5336 bypostases
1186 5265 1332 5320 sicut
1355 5278 1411 5320 et
1439 5274 1669 5319 naturze.

531 5357 619 5412 52.
657 5355 852 5410 Adhuc
897 5355 1080 5410 omnis
1128 5356 1314 5412 unitas
1363 5358 1409 5411 si
1463 5356 1687 5411 omnino
1739 5356 1791 5409 in
1841 5354 2034 5410 eodem

461 5464 625 5503 sensu
649 5448 947 5503 verborum
978 5448 1281 5504 secundum
1308 5464 1477 5503 unum
1504 5449 1572 5505 de
1601 5449 1785 5518 aliquo
1809 5448 2033 5511 dicitur,

460 5545 518 5593 et
561 5535 859 5605 duplicitas
902 5546 1029 5593 ante
1071 5537 1277 5594 dictam
1325 5539 1378 5593 in
1424 5554 1490 5594 eo
1537 5538 1839 5594 secundum
1891 5537 2035 5594 idem

463 5625 840 5694 duplicitatcm
881 5636 969 5683 est
1005 5628 1195 5683 etiam.
1230 5628 1285 5684 Si
1325 5646 1458 5685 vero
1502 5638 1624 5700 post
1661 5628 2036 5701 duplicitatcm

462 5717 702 5782 dicatur,
731 5728 826 5775 aut
848 5737 956 5775 non
986 5721 1040 5776 in
1067 5721 1259 5777 eodem
1287 5722 1494 5777 dicitur
1521 5721 1813 5778 verborum
1847 5735 2032 5779 sensu.

462 5824 558 5865 aut
594 5811 776 5867 unitas
815 5829 920 5867 non
963 5823 1067 5867 cst.
1102 5814 1216 5868 Non
1255 5815 1400 5867 enim
1448 5815 1605 5868 habet
1648 5825 1895 5868 naturam
1942 5822 2034 5867 aut

2134 3272 2322 3323 τητος,
2372 3255 2495 3307 οὐδὲ
2539 3253 3131 3325 διωρισμένωςάὐτὰς
3183 3251 3705 3324 ἀριθμοῦσιν,”ούδὲ

2135 3338 2277 3395 εἶναι
2313 3342 2450 3405 ὅλως
2499 3341 2595 3395 δύο
2646 3341 2726 3395 ἔτι
2756 3342 2945 3397 λοιπόν
2975 3359 3108 3411 φασι
3128 3359 3143 3373 °
3174 3341 3302 3395 τάδε
3355 3341 3462 3414 γὰρ
3492 3338 3706 3393 πεπαῦ-

2137 3432 2260 3485 σθαι
2292 3414 2396 3503 τῆς
2437 3432 2629 3498 δυάδος
2663 3434 2829 3504 φασὶν
2877 3428 2961 3496 οἷς
3009 3433 3440 3502 προσγέγονενὴ
3477 3430 3669 3494 ἐνωσις
3690 3447 3703 3460 ο

2135 3518 2276 3578 εἶναι
2306 3524 2361 3577 δὲ
2392 3523 2585 3591 ταῦτα,
2610 3524 2715 3588 τὰς
2744 3524 2933 3587 κοινάς
2963 3522 3158 3593 φύσεις
3182 3522 3561 3594 ὁμολογοῦσιν.

2204 3615 2266 3667 λ’.
2304 3616 2364 3668 Εἰ
2396 3615 2483 3667 διὰ
2532 3616 2595 3668 τὸ
2638 3617 2761 3680 ταῖς
2797 3614 3026 3683 φύσεσιν
3073 3613 3318 3683 ἡνῶσθαι
3376 3613 3507 3684 μίαν
3533 3612 3707 3669 aﬂuat

2137 3708 2301 3772 φύσιν
2320 3707 2419 3777 κτὰ
2474 3706 2822 3773 συνελθόντα,
2858 3707 2950 3760 καὶ
2974 3705 3069 3759 διάη
3090 3706 3152 3759 τὸ
3180 3706 3376 3775 φύσεσι
3404 3706 3706 3778 διαφέρειν.

2132 3797 2225 3849 δύο
2242 3796 2412 3850 ταῦτα
2440 3798 2862 3864 γινωσκέτωσαν
2877 3813 2891 3828 ’
2914 3797 3003 3851 διά
3021 3814 3080 3850 τε
3107 3797 3217 3868 γὰρ
3238 3786 3433 3852 ἕνωσιν
3461 3798 3519 3853 ἓν
3542 3800 3707 3871 πρόσ-

2133 3904 2282 3940 ωπον
2332 3891 2425 3940 καὶ
2448 3888 2535 3942 διὰ
2566 3889 2668 3959 τὴν
2700 3888 2967 3959 διαφορὰν
3012 3889 3075 3943 αι
3115 3888 3210 3942 δύο
3244 3888 3435 3958 φύσεις
3456 3906 3469 3919 ·
3506 3890 3568 3943 οὐ
3598 3891 3707 3963 γὰρ

2132 3976 2271 4044 ὅπερ
2303 3977 2452 4045 αὖτῷ
2479 3978 2598 4030 ἐστι
2632 3979 2724 4031 διὰ
2751 3978 2853 4048 τὴν
2882 3978 3100 4042 ἕνωσιν,
3126 3977 3288 4032 τοῦτο
3329 3980 3427 4034 καὶ
3470 3979 3562 4034 διὰ
3607 3982 3708 4052 τὴν

2132 4063 2398 4134 διαφορὰν
2428 4065 2824 4136 ὑπολήψονται,
2846 4056 2973 4120 ’ἀλλ’
3010 4068 3070 4120 ὲν
3113 4066 3329 4138 θατέρῳ
3357 4067 3435 4138 τῷ
3461 4068 3609 4137 λόγῳ
3647 4070 3708 4122 τὸ

2132 4155 2340 4227 ἕτερον.
2389 4155 2546 4209 Ἐπεὶ
2575 4151 2667 4211 οὖν
2705 4158 2799 4211 καὶ
2830 4157 3096 4230 οὐσιὼδης
3128 4159 3226 4229 μὲν
3265 4161 3384 4222 τοῖς
3421 4158 3709 4213 συνελθοῦ-

2136 4263 2221 4299 σιν
2249 4247 2282 4318 ή
2328 4246 2586 4319 διαφορὰ,
2626 4246 2924 4319 ἐπίκτητος
2954 4249 3011 4302 δὲ
3044 4251 3166 4312 ταῖς
3195 4248 3458 4321 οὐσίαιςή
3490 4250 3708 4312 ἓνωσις,

2137 4338 2317 4402 καλῶς
2342 4339 2442 4402 τὰς
2473 4341 2573 4409 μὲν
2603 4326 2793 4403 οὐσίας
2831 4339 2911 4411 τῷ
2953 4340 3070 4408 ἰδίῳ
3111 4339 3293 4394 αὐτῶν
3321 4341 3466 4410 λόγῳ
3498 4340 3716 4412 διακρι-

2136 4447 2348 4492 ναντες,
2379 4429 2474 4482 δύο
2507 4430 2709 4500 φαμὲν,
2734 4432 2903 4502 ἤγουν
2927 4433 2993 4501 τῇ
3033 4432 3298 4503 διαφορᾷ’
3328 4432 3390 4486 τὸ
3433 4433 3490 4487 δὲ
3537 4436 3710 4506 πρόσ-

2054 4521 2108 4579 Β
2133 4538 2300 4582 ωπον,
2330 4521 2521 4584 αὐταῖς
2548 4520 2606 4573 ἐν
2634 4524 2700 4591 τῇ
2729 4520 2918 4575 ἑνὼσει
2945 4522 3261 4592 δοξάζομεν.

2206 4628 2311 4683 λα’.
2352 4628 2474 4680 Ἔτι
2515 4628 2722 4690 παντὸς
2779 4628 3039 4682 συνθέτου
3091 4631 3305 4685 τελείου
3347 4631 3474 4687 οὔτε
3528 4651 3712 4704 aspir

2136 4827 2259 4863 ναι·
2296 4809 2432 4872 δυὰς
2477 4809 2535 4862 δὲ
2581 4808 2774 4879 πρώτη
2828 4808 3100 4876 σύνθεσις,
3132 4813 3228 4864 καὶ
3260 4813 3478 4881 πρῶτος
3523 4816 3713 4886 ἄρτιος

2136 4900 2395 4970 ἀριθμός·
2423 4900 2538 4964 πῶς
2571 4896 2665 4954 οὖν
2698 4901 3048 4973 ἀπρόσφορον
3071 4901 3224 4956 ἔσται
3254 4904 3350 4956 ἐπὶ
3379 4905 3487 4957 τῶν
3527 4923 3713 4960 συντε-

2136 4991 2335 5043 θεισῶν
2374 4990 2589 5059 φύσεων
2628 4991 2722 5044 καὶ
2765 4991 2826 5043 τὸ
2858 4991 2916 5044 ἓν
2956 4992 3164 5045 τέλειον
3198 4994 3521 5063 πληρουσῶν
3543 4995 3713 5051 δυάδα

2136 5082 2334 5148 λέγειν,
2362 5081 2567 5148 μονάδα
2595 5080 2649 5135 δὲ
2682 5082 3076 5149 ὑποστάσεω;;
3111 5086 3171 5136 οὐ
3201 5085 3311 5156 γὰρ
3342 5086 3711 5157 συνετέθησαν

2087 5154 2106 5173 ’
2138 5173 2235 5226 δύο
2259 5173 2518 5244 ἀλλήλαις
2549 5173 2644 5226 καὶ
2675 5174 3002 5237 ὑποστάσεις
3031 5175 3107 5240 ἀς
3131 5177 3188 5229 αἱ
3216 5176 3427 5248 φύσεις.

2210 5346 2307 5417 >.β’.
2343 5347 2465 5398 Ἔτι
2508 5347 2657 5401 πᾶσα
2694 5346 2861 5415 μονὰς
2902 5350 2951 5400 εἰ
3000 5349 3174 5420 πάντη
3225 5353 3282 5403 ἐν
3332 5349 3516 5418 ταυτῷ
3570 5351 3715 5421 λόγῳ

2139 5441 2357 5509 λέγεται
2404 5440 2543 5493 κατά
2575 5456 2722 5503 τινος
2753 5440 2875 5492 καθ’
2903 5440 2984 5495 ἒν.
3014 5443 3108 5494 καὶ
3156 5440 3291 5505 δυὰς
3345 5442 3452 5513 πρὸ
3500 5442 3599 5512 τῆς
3655 5448 3713 5498 ἐν

2138 5533 2287 5604 αὐτῷ
2317 5532 2461 5585 κατὰ
2501 5530 2562 5585 τὸ
2588 5532 2719 5584 αὐτὸ
2757 5531 3059 5603 λεγομένης
3092 5532 3279 5598 δυάδος
3315 5535 3465 5587 ἐστὶν
3506 5536 3630 5606 ἤδει
3663 5543 3712 5592 εἰ

2142 5626 2199 5679 δὲ
2233 5624 2370 5694 μετὰ
2404 5622 2502 5692 τὴν
2538 5622 2707 5676 δυάδα
2753 5621 2983 5691 λέγοιτο,
3018 5622 3172 5693 ἢούκ
3207 5626 3263 5675 ὲν
3290 5626 3468 5695 ταυτῷ
3493 5626 3710 5693 λέγεται

2140 5715 2283 5784 λόγῳ
2313 5712 2345 5783 ἢ
2385 5713 2445 5765 οὐ
2481 5712 2650 5780 μονάς
2680 5715 2859 5774 ἐστιν·
2894 5712 2957 5765 ού
2988 5713 3095 5782 γὰρ
3126 5711 3238 5783 ἔχει
3274 5713 3434 5776 φύσιν
3481 5716 3512 5785 ἢ
3556 5717 3710 5781 τάξιν

2140 5807 2222 5859 ἓν.
2245 5822 2348 5858 τινι
2377 5804 2451 5871 τῲ
2483 5802 2632 5875 αὐτῴ
2676 5820 2802 5857 ποτε
2851 5802 3018 5873 μονὰς
3053 5802 3193 5875 μετὰ
3238 5806 3337 5877 τὴν
3381 5806 3543 5863 δυάδα
3575 5809 3711 5861 θεω⁴
