3998 6282
493 391 620 455 ῙΤΘῙ

1743 395 2052 455 LEONTII
2092 392 2498 454 BYZANTINI
2574 412 2581 417 ‘

3598 393 3732 456 1793!

486 520 519 560 a
555 520 719 561 carne
772 507 892 576 ejus
936 505 1240 574 discretus;
1283 518 1339 563 et
1383 510 1651 565 dissoluta
1703 519 1789 566 est
1849 512 1917 567 ab
1969 510 2051 566 eis

2180 507 2244 571 :6;
2275 507 2440 562 αὐτοῦ
2461 524 2475 539 ο
2505 509 2600 562 καὶ
2635 507 2853 562 λέλυται
2882 509 3063 571 αὑτοῖς
3109 511 3142 579 ἡ
3186 508 3403 573 ἐνωσις,
3432 510 3527 564 καὶ
3555 515 3731 582 πάντη

484 597 769 661 adunatio,
806 607 863 652 et
909 598 1073 654 nobis
1113 602 1339 656 omnino
1389 602 1915 657 incommunicabile
1973 602 2059 656 di-

489 691 674 744 vinum
703 690 757 744 in
804 690 1044 747 Christo.
1078 690 1136 747 Si
1174 676 1307 747 itero
1349 694 1496 748 carni
1529 695 1751 765 quidem
1789 693 2063 749 adunatur

494 778 728 834 Verbum
759 781 1061 835 secundum
1093 790 1367 847 naturam,
1402 800 1510 838 non
1537 794 1718 840 autem
1749 800 1875 839 cum
1902 785 2061 839 Patre

491 885 783 927 commune
828 872 996 928 habet
1043 874 1098 927 in
1146 875 1479 930 adunatione
1506 878 1661 947 juxta
1709 886 1982 940 naturam,
2031 892 2061 930 a

493 962 651 1017 Patre
674 963 974 1018 secundum
992 974 1241 1020 naturam
1258 966 1542 1032 dividitur,
1559 976 1615 1021 et
1630 969 1736 1022 erit
1758 983 1865 1021 non
1887 968 2060 1032 Dcus;

493 1053 575 1107 vel
608 1055 770 1109 Pater
811 1070 920 1110 non
971 1056 1134 1122 Deus,
1182 1057 1228 1112 si
1274 1057 1528 1113 Christus
1577 1069 1661 1114 est
1709 1075 1849 1114 unus
1883 1060 2065 1123 Deus,

492 1150 679 1219 plures
719 1152 864 1206 enim
901 1152 1128 1217 divisos,
1160 1170 1271 1208 non
1317 1154 1653 1209 credendum
1709 1155 1863 1225 deos.
1902 1153 2064 1207 Juxta

493 1257 624 1296 vero
659 1242 984 1296 alterutrum
1037 1244 1505 1312 biasphemorum,
1552 1246 1815 1314 gehennae
1857 1244 2060 1313 suppli-

493 1340 639 1387 cium
680 1343 828 1388 esset
866 1335 1196 1405 eiigentibus
1233 1337 1349 1390 inec
1384 1337 1538 1390 eﬂ'ari
1572 1337 1819 1405 dignum.

563 1426 650 1480 55.
693 1426 748 1481 Si
785 1441 896 1480 non
943 1428 1246 1482 secundum
1278 1428 1423 1497 quod
1451 1427 1706 1483 Christus
1737 1436 1841 1492 est,
1872 1441 2069 1482 secun-

494 1515 625 1568 dum
663 1513 799 1568 illud
830 1516 1080 1584 quzedam
1110 1527 1309 1571 natura
1339 1526 1442 1579 est,
1473 1516 1607 1570 illud
1630 1516 1777 1571 enim
1809 1517 2068 1571 etPatres

494 1607 775 1673 dixerunt,
797 1617 893 1663 aut
911 1609 1213 1663 secundum
1239 1590 1402 1673 nihil,
1425 1618 1520 1665 aut
1547 1609 1603 1663 in
1629 1616 1893 1678 quantum
1925 1608 2068 1662 Deus

497 1705 731 1761 tantum,
759 1707 853 1752 aut
878 1700 935 1752 in
955 1708 1221 1768 quantum
1245 1700 1410 1753 homo
1437 1709 1667 1763 tavtum,
1693 1709 1790 1754 aut
1819 1699 1874 1753 in
1898 1715 2069 1769 quan-

498 1797 613 1840 tum
641 1795 698 1842 et
730 1788 875 1843 Deus
900 1798 1096 1844 natura
1123 1799 1207 1845 est
1230 1798 1287 1845 et
1309 1791 1474 1845 homo
1509 1791 1707 1845 iterum
1741 1799 1934 1845 natura
1961 1802 2065 1855 est,

498 1880 641 1933 idem
676 1880 897 1949 quidem
930 1897 1072 1936 unus
1099 1876 1372 1947 Christus,
1405 1883 1499 1938 sed
1546 1899 1655 1937 non
1694 1882 1887 1937 eadem
1936 1898 2066 1953 ergo

501 1969 669 2024 Filius
724 1980 781 2024 et
829 1987 934 2025 una
986 1980 1204 2036 natura,
1250 1989 1378 2027 num
1415 1989 1544 2043 ergo
1571 1988 1678 2027 non
1717 1973 1860 2029 idem
1908 1974 2067 2028 Pater

496 2076 617 2115 cum
669 2061 807 2116 Filio
859 2079 1089 2118 numero
1150 2079 1490 2141 sermoneve,
1572 2081 1683 2118 non
1742 2081 1874 2119 vero
1923 2066 2066 2119 idem

496 2160 691 2207 natuna
753 2153 915 2209 Pater
974 2171 1097 2209 cum
1135 2155 1313 2220 Filio,
1380 2159 1609 2210 numero
1672 2172 1773 2211 nec
1816 2171 2068 2212 sermone

496 2242 774 2305 naturali,
835 2244 978 2299 sicut
1048 2244 1215 2300 Arius
1291 2246 1428 2301 vult.
1492 2245 1575 2301 Si.
1614 2263 1745 2301 vero
1797 2247 2066 2314 dixerint,

494 2333 797 2394 secundum
840 2336 987 2406 quod
1015 2352 1248 2405 persona
1281 2345 1337 2391 et
1374 2346 1569 2392 natura
1601 2347 1708 2397 est,
1738 2336 1929 2392 eadem
1968 2337 2071 2391 ite-

496 2440 614 2478 rum
641 2436 992 2495 opponentur
1023 2426 1136 2482 eis:
1156 2444 1287 2499 ergo
1307 2428 1455 2483 enim
1474 2445 1599 2484 cum
1621 2429 1725 2482 alia
1747 2428 1818 2483 sit
1839 2444 2071 2498 persona
2104 2460 2113 2467 ε

497 2516 674 2572 Patris
698 2518 913 2587 aliaque
949 2519 1190 2589 Spiritus
1248 2519 1449 2584 sancti,
1494 2528 1550 2574 et
1581 2520 1685 2573 alia
1716 2528 1944 2585 natura;
1973 2519 2069 2573 sed

495 2623 621 2661 cum
673 2618 730 2663 et
780 2609 1045 2665 differens
1100 2611 1172 2664 sit
1227 2626 1464 2680 persona
1528 2610 1671 2665 Petri
1734 2619 1789 2665 et
1835 2626 2069 2680 persona

496 2700 673 2773 Pauli,
730 2709 788 2755 et
830 2711 1026 2757 natura
1087 2701 1354 2757 differens
1434 2718 1557 2771 qua:
1606 2711 1736 2757 sunt
1785 2703 2072 2759 evidenter

495 2790 754 2846 absurda.

563 2883 653 2938 36.
694 2883 748 2938 Si
786 2900 893 2938 una
926 2884 1227 2954 composita
1271 2883 1475 2940 Christi
1503 2893 1719 2950 natura,
1751 2902 1859 2941 una
1890 2898 2071 2942 autem

497 2973 726 3042 simplex
754 2982 948 3029 natura
980 2973 1179 3036 Patris,
1220 2972 1497 3043 quomodo
1530 2973 1677 3028 Patri
1729 2973 1902 3029 Filius
1939 2990 2074 3029 con-

498 3063 914 3119 substantialis?
961 3064 1079 3119 Non
1117 3065 1263 3119 enim
1299 3065 1528 3134 simplex
1570 3065 1713 3120 idem
1747 3081 1811 3121 ac
1852 3081 2077 3137 compo-

501 3153 663 3208 situm
705 3170 718 3208 :
755 3163 850 3209 aut
887 3170 1018 3225 ergo
1047 3170 1155 3210 non
1204 3170 1369 3210 unam
1417 3155 1646 3221 Christi,
1683 3166 1778 3212 aut
1807 3173 1917 3212 non
1946 3173 2077 3213 cono
2101 3192 2145 3255 Ο

500 3243 914 3298 substantialem
944 3245 1092 3299 Patri
1121 3255 1370 3300 naturam
1405 3247 1756 3317 profitentur.
1787 3248 1842 3303 Si
1870 3265 1901 3304 e
1922 3260 2077 3320 parte

502 3332 646 3387 illam
679 3335 1205 3390 consubstantialem
1253 3335 1400 3390 Patri
1426 3336 1640 3403 dicunt,
1691 3339 1869 3393 sciant
1902 3339 2074 3409 quod,

502 3433 665 3493 prout
706 3428 816 3496 jam
861 3426 1067 3481 dictum
1095 3432 1202 3490 est,
1234 3446 1341 3483 non
1387 3446 1453 3485 ex
1491 3440 1649 3500 parte
1702 3438 1901 3485 natura
1932 3447 2079 3500 quae-

501 3513 626 3569 dam
655 3530 851 3587 nempe
874 3521 1113 3575 essentia
1146 3520 1349 3575 dicitur
1373 3520 1539 3575 alicui
1569 3522 2077 3579 consubstantialis'.

502 3606 581 3660 sic
614 3605 761 3661 enim
785 3614 840 3661 et
869 3608 1033 3662 homo
1062 3620 1175 3666 tum
1206 3609 1375 3678 lapidi
1413 3617 1529 3662 tum
1576 3610 1723 3675 cani,
1748 3617 1863 3662 tum
1887 3608 2080 3678 angelo

502 3697 991 3753 consubstantialis
1033 3699 1333 3754 diceretur.

573 3786 877 3843 57.-Unica
930 3789 1024 3844 Dei
1076 3790 1241 3846 Verbi
1292 3799 1488 3846 natura
1540 3794 1641 3849 ista
1694 3793 1974 3847 incarnata
2011 3792 2080 3843 ab

506 3880 669 3934 unica
692 3880 788 3934 Dei
811 3880 988 3936 Patris
1008 3891 1205 3937 natura
1225 3899 1334 3938 non
1359 3885 1640 3940 incarnata
1661 3882 1845 3938 differt
1863 3879 2082 3935 annon?

509 3972 891 4043 liespondrant
930 3992 943 4027 :
977 3975 1021 4029 si
1048 3974 1241 4029 dicunt
1267 3976 1486 4045 quidem
1520 3976 1665 4046 quod
1701 3973 1938 4036 diii‘erat,
1969 3984 2081 4024 non

507 4079 636 4119 vero
703 4066 1188 4122 consubstantialis
1271 4068 1379 4121 erit
1441 4066 1588 4123 Patri
1641 4067 1813 4120 Filius
1861 4063 1929 4118 ab
1985 4063 2078 4117 illo

506 4156 573 4210 ad
628 4164 880 4211 naturam
924 4156 1223 4222 differens;
1271 4176 1379 4214 non
1420 4175 1451 4215 c
1503 4169 1656 4230 parte
1704 4154 1851 4213 enim
1904 4155 1974 4210 de
2016 4155 2083 4209 iis

508 4247 979 4302 consubstantiaie
1025 4249 1208 4305 dicere
1255 4260 1361 4305 est.
1420 4251 1615 4306 Omnia
1667 4250 1816 4305 enim
1867 4245 2083 4302 Domini

507 4337 1000 4395 consubstantialia
1052 4340 1106 4394 in
1150 4356 1344 4395 eorum
1395 4343 1664 4397 totalitate
1706 4341 1774 4394 ad
1849 4338 2083 4393 invicem

508 4429 999 4486 consubstantialia
1044 4431 1337 4496 videmus;
1375 4432 1419 4486 si
1455 4448 1587 4486 vero
1625 4446 1733 4485 non
1758 4428 2085 4485 diil'erredh

2163 598 2292 665 ἡμῖν
2349 594 2712 664 ἀκοινώνητον
2755 596 2816 649 τὸ
2880 596 3024 650 θεῖον
3067 599 3125 649 ὲν
3172 596 3416 668 Χριστῷ.
3463 598 3522 650 Ei
3568 598 3623 651 δὲ
3666 601 3729 669 τῇ

2164 685 2328 755 σαρκί
2369 684 2467 754 μὲν
2493 684 2698 754 ἥνωται
2734 686 2761 737 6
2791 685 2965 751 Λόγος
2997 685 3136 738 κατὰ
3163 686 3263 755 τὴν
3312 685 3496 754 φύσιν,
3528 687 3589 738 οὐ
3618 705 3733 739 κοισι

2162 776 2322 827 νωνεί
2349 774 2405 827 δὲ
2432 774 2508 843 τῷ
2530 775 2702 844 Πατρὶ
2726 778 2789 844 τῇ
2825 775 2966 828 κατά
3001 776 3163 844 φύσιν
3193 776 3405 840 ένὼσει,
3442 777 3730 849 διαιρεῖται

2161 868 2261 937 τὴν
2306 867 2467 935 φύσιν
2508 868 2583 918 ἐκ
2619 866 2712 919 τοῦ
2749 862 2987 937 Πατρός,
3022 869 3114 921 καὶ
3140 868 3295 921 ἔσται
3327 869 3387 922 ού
3431 870 3566 932 Θεός
3590 885 3603 898 ·
3645 869 3677 940 ἢ
3707 872 3733 921 6

2165 958 2358 1027 Πατὴρ
2382 956 2443 1009 ού
2472 956 2625 1019 Θεὸς,
2655 958 2702 1009 εἰ
2727 954 2958 1026 Χριστός
2983 959 3129 1010 ἐστιν
3151 960 3180 1011 6
3208 951 3289 1022 εἷς
3313 959 3445 1023 Θεός
3468 974 3482 988 ·
3519 956 3732 1021 πλείους

2165 1047 2277 1118 γὰρ
2302 1047 2731 1117 διαιρουμένους,
2767 1048 2826 1101 ού
2869 1046 3152 1115 δοξαστέον
3179 1048 3369 1113 θεούς’
3407 1051 3545 1104 κατὰ
3574 1049 3734 1103 θάτε-

2166 1155 2259 1209 ρον
2285 1138 2341 1190 δὲ
2362 1136 2469 1189 τῶν
2494 1136 2852 1207 βλασφήμων,
2885 1137 2946 1189 τὸ
2974 1138 3073 1207 τῆς
3104 1140 3329 1207 γεέννης
3352 1140 3416 1193 ἄν
3450 1142 3536 1209 εῐη
3572 1140 3734 1194 κολα-

2168 1230 2386 1298 στήριον
2409 1231 2523 1291 τοῖς
2549 1228 2896 1299 αἱρουμένοις
2919 1229 3046 1283 τάδε
3070 1230 3248 1299 λέγειν
3276 1231 3535 1298 ἐπάξιον,

2237 1404 2332 1458 λε’.
2375 1404 2440 1457 Ei
2489 1402 2566 1473 μὴ
2614 1402 2736 1456 καθ’
2764 1403 2793 1455 ὃ
2838 1404 3073 1474 Χριστός
3116 1406 3234 1459 ἐστι
3281 1407 3421 1459 κατὰ
3459 1405 3617 1460 τοῦτό
3652 1425 3743 1470 τις

2168 1494 2326 1564 φύσις
2352 1495 2469 1548 ἐστὶ
2500 1494 2679 1566 (τοῦτο
2708 1494 2816 1566 γὰρ
2842 1496 2937 1548 καὶ
2965 1497 3013 1548 oi
3048 1497 3289 1567 Πατέρες
3314 1499 3661 1568 ἀπείρηκαν),
3703 1501 3735 1570 ἦ

2169 1588 2290 1641 κατ’
2312 1587 2485 1653 οὐδὲν,
2535 1587 2569 1658 ἢ
2603 1587 2723 1642 καθ’
2762 1586 2791 1640 ὃ
2828 1586 2961 1650 Θεὸς
2998 1588 3179 1658 μόνον,
3212 1588 3245 1660 ἢ
3278 1590 3399 1643 καθ’
3445 1589 3474 1642 ὃ
3523 1588 3737 1661 ἄνθρω-

2170 1692 2270 1739 πος
2308 1676 2485 1745 μόνον,
2504 1676 2701 1747 ,ἢγκαεν
2735 1677 2765 1729 ὃ
2797 1692 2856 1728 τε
2885 1675 3018 1738 θεὸς
3053 1676 3215 1745 φύσις
3244 1680 3385 1744 ἐστὶ,
3416 1679 3509 1732 καὶ
3557 1679 3680 1733 καθ’
3708 1681 3737 1730 ὃ

2169 1767 2454 1837 ἄνθρωπος
2484 1746 2644 1821 πάλιν
2662 1768 2819 1836 φύσις
2840 1769 2981 1833 ἐστὶ,
3008 1769 3035 1821 6
3063 1769 3225 1832 αὐτὸς
3252 1770 3349 1839 μὲν
3380 1764 3461 1832 εἷς
3483 1769 3733 1839 Χριστὸς,

2097 1842 2145 1900 Β
2172 1859 2285 1914 ἀλλ’
2316 1860 2415 1929 οὐχ
2447 1861 2480 1929 ἡ
2511 1860 2649 1928 αὐτὴ
2684 1859 2846 1928 φύσις
2875 1862 2933 1913 ὲν
2964 1859 3177 1931 θεότητι
3221 1862 3317 1914 καὶ
3356 1859 3736 1930 ἀνθρωπότητι

2173 1943 2316 2003 εἶναι
2346 1948 2658 2020 νοούμενος,
2692 1950 2755 2003 Εἰ
2807 1950 2864 2003 δὲ
2916 1950 3123 2003 εἴποιεν
3172 1950 3350 2015 καθῚ
3408 1950 3534 2011 Υἱὸς
3581 1948 3740 2016 φύσις

2173 2043 2344 2109 ἐστὶν,
2379 2035 2460 2104 εἷς
2484 2038 2577 2095 οῦν
2609 2042 2736 2104 Υἱὸς
2765 2044 2860 2095 καὶ
2884 2026 2986 2114 μία
3019 2042 3201 2111 φύσις,
3221 2044 3331 2114 ἄρα
3350 2038 3446 2095 οῦν
3460 2040 3534 2113 μὴ
3546 2042 3741 2094 ταυτδν

2175 2120 2362 2204 Πατὴρ
2395 2133 2513 2205 Υἱῷ
2534 2134 2752 2205 ἀριθμῷ
2781 2134 2814 2205 ἢ
2845 2135 3020 2205 Λόγῳ,
3051 2134 3174 2188 οὐδὲ
3199 2135 3395 2187 ταυτὸν
3424 2137 3491 2205 τῇ
3525 2132 3685 2201 φύσει
3714 2137 3742 2185 ὁ

2176 2227 2365 2297 Πατὴρ
2388 2225 2465 2296 τῷ
2491 2227 2624 2296 Υίῷ,
2651 2226 2775 2281 υύτε
2806 2226 3024 2297 ἀριθμῷ
3064 2226 3188 2280 οὔτε
3210 2228 3369 2297 Λόγῳ
3404 2226 3638 2296 φυσικῷ,
3668 2226 3744 2287 ὡς

2179 2317 2396 2387 Ἀρειος
2425 2316 2691 2386 βούλεται.
2742 2318 2802 2369 Εἰ
2830 2317 2887 2369 δὲ
2916 2317 3079 2371 πάλιν
3105 2317 3328 2380 εῐποιεν,
3362 2314 3482 2369 καθ’
3511 2316 3540 2367 ὃ
3566 2316 3741 2384 πρός.-

2175 2424 2325 2461 ιυπον
2379 2408 2475 2461 καὶ
2518 2408 2681 2475 φύσις
2727 2408 2863 2473 ἐστὶ,
2894 2409 2968 2471 ,τὰ
2999 2408 3141 2476 αὐτα
3174 2408 3338 2459 πάλιν
3371 2408 3742 2473 ὑπαντήσεται

2177 2499 2387 2562 αὐτοῖς·
2414 2498 2520 2567 ἄρα
2561 2498 2669 2567 γὰρ
2697 2498 2818 2550 ἐπεὶ
2853 2497 3047 2567 ἕτερον
3072 2496 3366 2566 πρόσωπον
3401 2494 3497 2547 τοῦ
3526 2494 3743 2564 Πατρός

2177 2589 2394 2644 καὶτοῦ
2447 2590 2604 2657 ἁγίου
2659 2588 2999 2658 Πνεύματος,
3053 2591 3147 2641 καὶ
3190 2589 3355 2659 ἑτέρα
3402 2587 3594 2657 φύσις·
3628 2570 3765 2640 ἀλλ”

2180 2683 2303 2737 imi.
2348 2683 2442 2736 καὶ
2478 2682 2735 2752 διάφορον
2778 2681 3071 2751 πρόσωπον
3100 2680 3310 2751 Πέτρου
3342 2680 3479 2749 πρὸς
3508 2677 3743 2743 Παῦλον,

2179 2776 2277 2828 καὶ
2304 2773 2560 2843 διάφορος
2585 2775 2618 2841 ἡ
2661 2771 2838 2841 φύσις,
2879 2774 2919 2834 ᾖ.
2938 2773 3056 2824 ἐστι
3090 2772 3340 2842 προφανῆ
3371 2772 3569 2826 ἄτοπα.

2250 2863 2359 2929 λς’.
2402 2862 2464 2917 Ei
2497 2864 2596 2933 μία
2623 2863 2877 2926 σύνθετος
2910 2863 3070 2931 φύσις
3113 2862 3206 2916 τοῦ
3239 2856 3500 2933 Χριστοῦ,
3544 2862 3641 2932 μία
3690 2862 3747 2916 δὲ

2181 2954 2327 3025 ἁπλῆ
2352 2954 2510 3023 φύσις
2528 2953 2621 3006 τοῦ
2646 2954 2883 3025 Πατρδς,
2917 2953 3035 3017 πῶς
3062 2954 3137 3025 τῷ
3161 2955 3337 3025 Πατρὶ
3356 2956 3384 3007 6
3406 2954 3531 3019 Υἱὸς
3559 2955 3760 3024 όμοού...

2183 3062 2333 3111 σιος;
2367 3045 2427 3098 ού
2458 3046 2565 3115 γὰρ
2597 3044 2793 3099 ταυτὸν
2830 3044 2908 3116 τῷ
2938 3045 3095 3116 ἁπλῷ
3138 3045 3200 3098 τὸ
3249 3045 3505 3099 σύνθετον
3530 3061 3543 3076 ·
3571 3046 3605 3115 ἢ
3657 3045 3752 3099 οὖν

2183 3137 2244 3189 οὐ
2277 3138 2406 3208 μίαν
2430 3136 2525 3190 τοῦ
2556 3135 2817 3206 Χριστοῦ,
2845 3136 2877 3206 ἢ
2905 3137 3004 3206 οὐχ
3033 3135 3320 3207 όμοούσιον
3346 3136 3424 3207 τῷ
3449 3137 3624 3208 [largi
3654 3136 3750 3207 τὴν

2179 3226 2340 3296 φύσιν
2387 3227 2690 3291 δοξάζουσι.
2721 3227 2786 3281 El
2840 3227 2897 3280 δὲ
2924 3230 3001 3280 ’ἐκ
3037 3228 3239 3297 μέρους
3270 3229 3437 3297 αὐτὴν
3467 3227 3751 3298 ὀμοούσιον

2179 3318 2395 3387 λέγουσι
2420 3318 2498 3388 τῷ
2525 3318 2724 3389 Πατρὶ,
2758 3320 2993 3373 ἴστωσαν
3036 3321 3142 3385 ὅτι,
3184 3319 3257 3383 ὡς
3293 3318 3751 3389 προεὶρηται,ούκ

2179 3413 2245 3464 ὲκ
2261 3412 2463 3481 μέρους
2485 3427 2569 3475 τις
2599 3412 2760 3481 φύσις
2787 3412 2956 3481 ἤγουν
2983 3412 3140 3464 οὐσία
3170 3408 3391 3479 λέγεταί
3420 3426 3527 3464 τινι
3557 3410 3753 3479 όμοού-

2181 3520 2294 3566 σιος
2319 3520 2332 3534 ·
2369 3504 2541 3565 οὓτως
2581 3503 2692 3574 γὰρ
2724 3503 2790 3557 ἂν
2819 3505 2915 3557 καὶ
2957 3503 3246 3572 ἄνθρωπος
3273 3501 3351 3573 τῷ
3382 3517 3443 3554 τε
3488 3500 3623 3571 λίθῳ
3661 3501 3753 3553 καὶ

2181 3593 2302 3645 κυνὶ
2324 3593 2420 3645 καὶ
2455 3592 2676 3662 ἀγγέλῳ
2702 3591 2987 3663 όμοούσιος
3015 3592 3247 3660 λέγοιτο.

2251 3781 2349 3841 λζ’.
2405 3780 2467 3833 Ἢ
2504 3780 2603 3849 μία
2635 3778 2798 3849 φύσις
2832 3777 2927 3830 τοῦ
2966 3776 3102 3830 Θεοῦ
3142 3778 3316 3842 Λόγου
3363 3778 3755 3849 σεσαρκωμένη

2181 3871 2435 3940 διαφέρει
2463 3870 2563 3939 τῆς
2599 3870 2730 3937 μιᾶς
2761 3866 2856 3921 τοῦ
2888 3866 3026 3919 Θεοῦ
3064 3867 3279 3937 Πατρὸς
3303 3866 3517 3936 φύσεως
3550 3866 3649 3936 τῆς
3683 3868 3757 3935 μὴ

2184 3959 2677 4030 σεσαρκωμένης,ἢ
2706 3959 2827 4028 οὐχί
2848 3957 3411 4027 ;Ἀνακρινέσθωσαν.
3443 3958 3508 4009 Εἰ
3538 3958 3638 4027 μὲν
3664 3953 3759 4011 οὖν

2184 4070 2318 4122 φασι
2361 4050 2661 4121 διαφέρειν,
2714 4034 2814 4118 οὐχ
2865 4048 3152 4118 ὁμοούσιος
3205 4046 3421 4117 ἀληθῶς
3473 4047 3628 4101 ἔσται
3681 4050 3759 4117 τῷ

2185 4144 2363 4213 Πατρὶ
2414 4141 2540 4204 Υἱὸς
2579 4139 2856 4209 διαφέρων
2896 4136 3062 4202 αὐτοῦ
3124 4138 3265 4192 κατὰ
3317 4137 3513 4206 φύσιν·
3547 4138 3647 4191 οὐκ
3695 4140 3760 4191 ὲκ

2189 4236 2393 4307 μέρους
2415 4235 2527 4304 γάρ
2555 4235 2703 4286 ἐστιν
2732 4234 2906 4285 εἰπεῖν
2932 4231 3112 4284 αὐτῶν
3144 4230 3206 4282 τὸ
3230 4230 3548 4297 δμοούσιονο
3580 4230 3760 4283 πάντα

2185 4328 2296 4398 γὰρ
2342 4329 2411 4380 τὰ
2448 4326 2651 4397 κυρίως
2676 4323 2960 4395 όμοούσια,
2990 4325 3053 4376 ὲκ
3079 4322 3174 4375 τοῦ
3194 4322 3321 4375 ὅλου
3337 4321 3523 4375 αὐτῶν
3544 4322 3761 4392 ὁρῶμεν

2187 4417 2438 4487 αλλήλοις
2466 4414 2761 4486 όμοούσιαο
2793 4416 2842 4465 εἰ
2873 4414 2933 4465 δὲ
2965 4412 3043 4482 μὴ
3071 4412 3359 4482 διαφέρειν
3382 4400 3622 4483 ἒροῦσιν,
3651 4410 3762 4481 ἄρα

508 4532 663 4589 cunt,
712 4540 843 4595 ergo
886 4533 943 4579 et
982 4522 1076 4578 Dei
1132 4523 1311 4579 Patris
1346 4523 1507 4577 unica
1554 4531 1749 4577 natura
1781 4520 2078 4582 incarnata,

2192 4511 2286 4561 καὶ
2329 4512 2362 4577 ἡ
2406 4505 2501 4559 τοῦ
2551 4505 2687 4558 Θεοῦ
2736 4504 2951 4575 Ila-:96;
2997 4504 3099 4573 μία
3133 4504 3296 4572 φύσις
3332 4502 3758 4574 σεσαρκωμένη,

511 4614 769 4668 similiter
796 4620 854 4668 et
905 4614 1080 4669 sancti
1115 4612 1374 4683 Spiritus.

583 4706 672 4760 58.
713 4704 908 4760 Adhuc
953 4720 1079 4760 cum
1124 4705 1240 4761 sive
1280 4720 1346 4759 ex
1382 4702 1753 4761 subsistentiis
1785 4700 2087 4771 composita

511 4795 894 4860 subsistentia,
936 4798 1215 4850 exercitus
1257 4795 1399 4850 forte
1444 4806 1540 4850 aut
1586 4794 1805 4857 domus,
1852 4794 1967 4847 sive
2021 4806 2087 4846 ex

515 4884 729 4939 naturis
772 4884 1074 4954 composita
1115 4891 1334 4948 natura,
1368 4890 1425 4937 et
1457 4899 1522 4937 ex
1566 4881 1893 4950 corporibus
1942 4895 2087 4934 com-

516 4975 758 5046 positum
782 4991 1006 5047 corpus,
1031 4983 1088 5029 et
1121 4990 1281 5029 omne
1303 4975 1628 5044 simpliciter
1645 4989 1711 5027 ex
1732 5043 1735 5045 ἓ
1753 4972 2093 5042 quibuslibet

514 5067 905 5141 compositum,
957 5068 1088 5121 licet
1139 5065 1393 5120 similiter
1438 5063 1621 5118 omnia
1680 5063 1795 5117 haec
1836 5062 2093 5117 dicantur

515 5157 846 5220 substantia,
871 5165 967 5210 aut
992 5164 1189 5210 natura
1219 5170 1511 5223 corpusve,
1543 5153 1636 5209 sed
1695 5163 1791 5207 aut
1819 5153 1975 5222 pejus
1999 5161 2093 5205 aut

518 5249 713 5305 melius
760 5263 923 5318 quam
969 5247 1143 5316 ipsius
1194 5255 1380 5315 partes
1412 5245 1669 5299 videntur
1711 5253 1769 5299 et
1812 5244 2092 5298 dicuntur.

518 5337 670 5391 Licet
710 5336 952 5392 Verbum
1003 5342 1203 5388 natura
1255 5342 1311 5388 et
1347 5333 1603 5389 Christus
1651 5343 1846 5388 natura
1892 5332 2098 5403 promi-

517 5442 649 5482 scue
694 5427 1038 5483 considerari
1072 5424 1141 5480 ad
1182 5425 1421 5480 Verbum
1465 5425 1659 5495 possit,
1709 5425 1924 5480 scilicet
1953 5425 2099 5479 sicut

520 5526 695 5571 totum
731 5517 799 5571 ad
817 5528 1050 5587 partem,
1107 5516 1161 5570 in
1195 5532 1306 5586 quo
1350 5532 1503 5588 ergo,
1550 5518 1751 5586 inquit,
1798 5516 1954 5586 pejor
2005 5525 2103 5569 aut

520 5608 715 5663 melior
757 5617 842 5663 est
890 5609 1144 5665 Christus
1199 5625 1362 5679 quam
1410 5592 1693 5665 Ve’rhum?

589 5699 680 5754 39.
732 5700 874 5755 Dicit
920 5701 1216 5771 Apostolus
1254 5719 1268 5756 :
1306 5721 1324 5752 ι
1357 5701 1695 5757 Secundum‘
1720 5700 2101 5770 operationem

526 5790 784 5859 potentia:
815 5791 1033 5847 virtutis
1065 5793 1338 5863 Deiqunm
1371 5803 1631 5861 operatus
1664 5791 1823 5845 estin
1858 5790 2104 5855 Christo,

2186 4601 2387 4671 ὁμοίως
2412 4599 2469 4651 δὲ
2498 4598 2594 4653 καὶ
2620 4598 2654 4668 ή
2679 4595 2773 4650 τοῦ
2800 4595 2959 4664 ἁγίου
2999 4595 3341 4666 Πνεύματος.

2257 4692 2362 4762 λη’.
2408 4692 2530 4745 Ἔτι
2558 4690 2682 4745 ἐπεὶ
2708 4689 2744 4759 ἡ
2772 4705 2831 4741 τε
2860 4688 2922 4755 ἐξ
2950 4688 3309 4759 ύποστάσεων
3347 4686 3602 4751 σύνθετος
3629 4688 3736 4739 ὑπό

2189 4800 2403 4848 στασις,
2430 4780 2665 4852 στρατοῦ
2693 4779 2855 4850 τυχὸν
2885 4779 2917 4847 ἢ
2942 4779 3120 4841 οἴκου,
3150 4779 3184 4848 ἦ
3217 4796 3277 4831 τε
3303 4780 3366 4831 ἐκ
3392 4777 3610 4848 φύσεων
3636 4776 3765 4829 σύν-

2189 4876 2344 4937 θετος
2380 4872 2563 4942 φύσις,
2597 4871 2660 4925 τό
2688 4889 2746 4924 τε
2776 4874 2841 4924 ἐκ
2871 4870 3143 4939 σωμάτων
3172 4870 3426 4923 σύνθετον
3458 4871 3640 4940 σῶμα,
3673 4871 3770 4921 καὶ

2190 4969 2300 5021 πᾶν
2328 4966 2517 5028 ἁπλῶς
2544 4965 2606 5018 τὸ
2645 4964 2709 5018 ἐκ
2740 4981 2902 5018 τινων
2945 4963 3328 5033 συγκείμενον,
3364 4964 3411 5016 εἰ
3440 4963 3537 5017 καὶ
3565 4960 3771 5030 ὁμοίως

2192 5059 2375 5121 αὐτοῖς
2427 5058 2642 5126 λέγοιτο
2684 5057 3005 5121 ὑπόστασις,
3044 5056 3076 5127 ἢ
3118 5055 3299 5123 φύσις,
3347 5055 3381 5126 ἢ
3429 5054 3612 5125 σῶμα,
3652 5045 3771 5106 ἀλλ’
3838 5099 3843 5104 .

2193 5150 2227 5219 ἢ
2265 5151 2452 5219 χεῖρον
2494 5148 2527 5219 ἢ
2573 5149 2820 5218 κρεῖττον
2862 5148 2971 5200 τῶν
3006 5146 3201 5200 ἑαυτοῦ
3236 5147 3418 5217 μερῶν
3455 5147 3649 5217 ὁρᾶται
3676 5148 3777 5199 καὶ

2195 5242 2451 5310 λέγεταισ
2488 5242 2539 5294 ει
2571 5242 2666 5294 καὶ
2694 5243 2723 5295 6
2752 5242 2923 5310 Λόγος
2958 5238 3117 5307 φύσις
3142 5241 3234 5291 καὶ
3268 5240 3298 5290 6
3334 5238 3571 5309 Χριστὸς
3608 5237 3777 5306 φύσις

2200 5334 2590 5405 συγκρίνεσθαι
2618 5334 2754 5403 πρὸς
2780 5332 2871 5384 τὸν
2904 5332 3078 5399 Λόγον
3103 5330 3381 5400 δυναμένη
3401 5330 3574 5393 ἐστὶν,
3602 5330 3776 5399 ἦγουν

2200 5424 2427 5487 ὡςιόλον
2453 5424 2589 5496 πρὸς
2624 5424 2685 5476 τὸ
2712 5423 2843 5476 ίδιον
2876 5422 3059 5491 μέρος,
3083 5425 3137 5474 τί
3161 5419 3293 5491 ἄρα,
3326 5421 3484 5492 φησι,
3513 5420 3714 5490 χείρων
3742 5420 3776 5490 ἢ

2204 5518 2467 5587 κρείττων
2497 5516 2613 5569 ἐστὶ
2629 5513 2724 5568 τοῦ
2762 5514 2936 5582 Λόγου
2973 5516 3000 5567 6
3032 5513 3298 5584 Χριστόςς

2278 5697 2377 5750 λθ’.
2395 5693 2790 5755 ὈἌπόστολος
2816 5691 2949 5761 φησὶ
2978 5705 2991 5719 ⁸
3023 5691 3209 5744 «Κατὰ
3228 5691 3324 5762 τὴν
3356 5690 3643 5760 ἐνέργειαν
3670 5686 3767 5743 τοῦ

2213 5793 2445 5863 κράτους
2487 5790 2585 5859 τῆς
2635 5785 2816 5856 ἰσχύος
2867 5783 2959 5836 τοῦ
2987 5781 3139 5847 Θεοῦ,
3166 5783 3229 5852 ἣν
3265 5784 3565 5853 ἐνήργησεν
3611 5780 3670 5833 ὲν
3703 5777 3784 5849 τῷ
