4098 6256
320 455 423 516 793

1429 415 1720 510 CONTRA
1765 447 2368 508 MONOPHYSITAS.

3439 445 3572 510 179$

290 562 531 634 Χριστῷ,
565 563 787 631 ὲγείρας
817 561 1056 615 αύτὺνὲκ
1077 562 1342 632 νεκρῶνη
1375 560 1515 630 αῦτη
1539 567 1646 631 γὰρ
1672 564 1702 627 ἡ
1733 563 1886 631 ἐνερο

2003 573 2262 616 suscrtans
2299 561 2453 614 illum
2481 575 2509 613 a
2549 560 2785 613 mortuis
2812 561 2831 590 ‘
2874 577 2888 624 ;
2926 578 2942 610 ι
2977 559 3094 613 hzec
3131 569 3369 630 Operatis
3397 569 3573 615 Virtus

292 653 466 720 γοῦσα
515 655 694 724 ἰσχὺς,
739 653 900 722 φύσις
929 648 1018 721 ἦν,
1052 652 1084 722 ἤ
1111 653 1230 721 οὐχί
1260 670 1274 717 ;
1320 653 1382 703 Εἰ
1413 652 1470 704 δὲ
1489 652 1656 720 ἄμςω
1692 651 1786 722 μία
1812 647 1879 721 ἦν

295 743 458 810 φύσις
505 741 644 812 αὐτὴ
696 743 728 812 ή
777 741 1082 812 ὲνεργοῦσα
1118 741 1303 793 καὶτὸ
1350 741 1752 812 ἐνεργούμενον
1783 743 1881 810 τὴν

296 833 619 897 ἀνάστασιν,
656 833 738 895 τίς
773 833 806 901 ἡ
854 831 1234 902 ἐνεργουμένη
1262 835 1356 884 καὶ
1392 834 1471 893 τίς
1521 833 1556 900 ἡ
1585 831 1882 902 ὲνεργοῦσα

298 926 394 976 καὶ
424 924 710 994 ἐγείρουσα
752 923 923 993 αὐτὴν
967 923 1169 992 φύσις;
1218 925 1280 977 οὐ
1316 924 1428 994 γὰρ
1464 925 1656 976 ἑαυτὸν
1699 924 1884 976 λοιπὸν

307 1015 663 1083 ἁνεστηκέναι
718 1014 956 1084 Χριστὸς
1013 1015 1112 1084 μία
1154 1013 1228 1067 ὣν
1283 1013 1448 1082 φύσις
1490 1012 1882 1083 δειχθήσεταιο

303 1107 458 1177 εἴπερ
492 1102 584 1160 οὖν
619 1104 862 1166 εὐσεϐῶς
885 1105 985 1176 τὴν
1017 1107 1317 1160 ἀνάστασιν
1359 1104 1527 1158 αὐτοῦ
1567 1105 1886 1174 δοξάζομεν,

304 1201 358 1264 εξ
392 1198 586 1268 ἑτέρας
614 1196 782 1250 αὑτοῦ
831 1195 1048 1264 φύσεως
1088 1197 1187 1268 τὴν
1242 1197 1437 1268 ἑτέραν
1484 1195 1683 1248 ἑαυτοῦ
1727 1195 1889 1263 φύσιν

302 1287 524 1356 ἁνιστᾷν
570 1286 743 1354 αὐτὴν
797 1286 1036 1356 Χριστὸν
1082 1287 1532 1356 όμολογήσομεν’
1588 1285 1780 1356 ῶσπερ
1833 1287 1891 1338 ἐν

305 1377 493 1439 ὕπνοις
523 1377 620 1428 καὶ
645 1376 795 1447 ψυχὴ
827 1377 990 1447 σῶμα
1013 1378 1241 1446 ἐγείρει·
1269 1381 1368 1449 τῆς
1401 1377 1509 1448 γὰρ
1549 1377 1737 1447 κλίνης
1762 1377 1894 1430 αὐτὸ

301 1469 609 1539 διανίστησι
650 1468 914 1532 πολλάκις
967 1469 1036 1521 δι’
1085 1469 1436 1540 ἐνθυμήσεως
1457 1487 1468 1498 ⁸
1499 1468 1642 1522 οὕτω
1676 1472 1769 1522 καὶ
1803 1469 1895 1537 γέ-

303 1577 571 1629 ·,ραπταιο
605 1579 623 1612 t
649 1559 792 1628 Ἐγὼ
833 1561 1138 1633 ὲκοιμήθην
1169 1562 1262 1614 καὶ
1295 1561 1538 1625 ῦπνωσα,
1562 1560 1892 1631 ὲξηγέρθην,

303 1654 378 1704 ὅτι
411 1653 641 1722 Κύριος,
660 1671 680 1704 ι
713 1652 958 1723 δηλονότι
976 1654 1074 1707 όὲν
1093 1655 1238 1723 ἐμοὶ,
1266 1654 1454 1724 φησιν,
1482 1671 1499 1703 ι
1537 1653 1892 1723 ἁντιλήψεταί

307 1759 448 1812 μου)
489 1745 619 1796 ’καὶ
670 1743 752 1810 τὸ,
800 1743 1077 1814 «Σκύμνος
1125 1743 1337 1807 λέοντος
1359 1746 1423 1796 ὲκ
1447 1742 1680 1812 βλαστοῦ
1725 1741 1896 1795 Ἰούδα

305 1839 606 1908 ἐκοιμήθη·
665 1839 750 1900 τίς
786 1838 1039 1912 ἐξεγείρῃ
1071 1839 1267 1906 αὑτόν;
1308 1839 1431 1908 »οὐχ
1475 1838 1681 1909 ἕτερος,
1707 1839 1893 1907 φησιν,

1985 662 2179 706 natura
2220 659 2340 704 erat
2375 659 2469 702 aut
2513 651 2666 702 non?
2698 648 2752 703 Si
2778 665 2909 703 vero
2941 649 3107 703 ambo
3142 665 3252 703 una
3293 657 3450 703 erant
3476 665 3574 704 na-

1987 755 2106 798 tura
2129 785 2143 808 ,
2174 756 2411 810 operans
2445 749 2502 794 et
2531 742 2916 810 operationem
2950 742 3170 810 patiens
3211 744 3574 796 resurrectio-

1943 852 1947 854 ν
1987 851 2134 896 nem,
2180 849 2301 902 quae
2330 833 2568 902 patiens,
2618 843 2675 887 et
2731 849 2853 902 quae
2901 849 3140 902 operans
3193 842 3249 886 et
3301 834 3574 887 suscitans

1986 940 2104 978 eam
2127 924 2354 977 natura?
2372 939 2478 976 non
2497 923 2644 978 enim
2665 923 2906 993 seipsum
2925 933 3182 978 cancrum
3207 923 3576 976 resurrexisse

1987 1017 2243 1069 Christus
2292 1015 2453 1068 unica
2506 1015 2782 1069 exsistens
2827 1025 3026 1069 natura
3066 1014 3574 1069 demonstrabitur.

1989 1104 2122 1157 Cum
2143 1119 2278 1173 ergo
2296 1104 2384 1172 pie
2413 1105 2883 1157 resurrectionem
2902 1105 3024 1174 ejus
3039 1103 3392 1167 conﬁtemur,
3409 1119 3474 1158 ex
3499 1103 3579 1156 al-

1995 1205 2111 1248 tera
2132 1196 2255 1264 ejus
2276 1205 2473 1248 natura
2491 1195 2722 1248 alteram
2741 1195 2914 1264 ipsius
2935 1206 3186 1248 naturam
3210 1195 3579 1249 ream-rexisse.

1991 1286 2274 1340 Christum
2322 1285 2755 1340 conﬁtebimur:
2792 1286 3253 1356 quemadmodum
3292 1288 3348 1340 in
3389 1302 3581 1340 somno

1994 1377 2178 1430 anima
2197 1392 2400 1446 corpus
2423 1377 2649 1440 excitat,
2673 1376 2877 1446 quippe
2899 1393 3021 1446 qua:
3045 1393 3076 1430 e
3099 1377 3242 1430 lecto
3272 1376 3408 1430 illud
3437 1392 3579 1445 smpe

1995 1482 2094 1536 per
2122 1466 2515 1537 cogitationem
2545 1467 2770 1531 excitat,
2801 1467 2878 1520 sic
2909 1476 2966 1521 et
2998 1468 3267 1535 scriptum
3294 1474 3408 1520 est:
3431 1485 3446 1515 ι
3472 1466 3584 1534 Ego

1996 1559 2234 1613 dormivi
2279 1568 2337 1613 et
2367 1569 2663 1627 soporatus
2705 1575 2850 1623 sum,
2897 1569 2953 1613 et
2989 1558 3278 1612 exsurrexi
3307 1558 3435 1627 quia
3485 1558 3588 1611 [lo-

1997 1653 2180 1708 minus
2207 1655 2250 1718 ³,
2277 1672 2293 1703 ι
2319 1653 2646 1731 ιεείιὶοειᾳυὶ
2680 1653 2733 1706 in
2767 1669 2874 1716 me,
2897 1653 3094 1721 inquit,
3117 1652 3413 1720 «suscipiet
3433 1667 3582 1716 mea

1996 1755 2051 1801 et
2080 1764 2093 1798 :
2141 1763 2157 1796 ι
2187 1744 2420 1800 Catulus
2451 1744 2628 1798 leonis
2661 1759 2728 1798 ex
2761 1744 2947 1797 radice
2977 1743 3117 1798 Juda
3157 1743 3434 1805 accubuit,
3461 1742 3591 1811 quis

1998 1837 2290 1893 suscitabit
2333 1851 2460 1890 eum
2507 1836 2568 1888 ‘?
2598 1855 2616 1887 ι
2663 1851 2776 1889 non
2805 1833 3199 1910 aliushinquit,
3243 1833 3338 1887 se‘d
3373 1834 3487 1902 ipse
3528 1848 3587 1886 se

306 1930 424 1982 ἀλλ’
451 1930 614 1992 αὐτὸς
642 1931 855 1984 ἑαυτόν·
882 1930 1133 1995 ἐξουσίαν
1169 1930 1280 2002 γὰρ
1313 1928 1424 2002 εἶχε
1455 1933 1548 1984 καλ⁸
1577 1930 1902 2001 παραθεῖναι

2009 1932 2225 1999 ipsum;
2280 1938 2614 1998 potestatem
2657 1928 2808 1982 enim
2844 1927 3040 1981 habuit
3081 1927 3318 1980 animam
3349 1940 3504 1979 suam
3532 1933 3587 1978 et

310 2020 406 2071 καὶ
432 2019 816 2087 ἀπολήψεσθαι
839 2022 934 2090 τὴν
969 2021 1149 2092 ψυχὴν
1179 2023 1396 2075 ἑαυτοῦ.

385 2116 460 2177 μ’.
506 2109 627 2162 Ἵνα
652 2109 710 2160 δὲ
734 2110 809 2179 μὴ
842 2110 1130 2182 λεξιδρίοις
1161 2113 1518 2172 ύποδύναντες
1549 2111 1775 2176 ἑαυτοῦς
1801 2130 1892 2166 συ-

315 2199 640 2268 σκιάζωμεν
688 2201 814 2253 κατ’
871 2202 1090 2265 αὐτοὺς,
1125 2203 1349 2269 γυμνῶς
1397 2205 1766 2274 ὲρωτήσωμεν
1799 2205 1893 2256 αύ-

315 2295 468 2356 τοῦς,
503 2294 553 2345 εί
589 2292 688 2362 τὴν
720 2293 848 2362 μίαν
876 2291 1037 2361 φύσιν
1065 2294 1270 2359 ταύτην
1298 2294 1394 2362 τὴν
1427 2296 1490 2345 ὲκ
1520 2294 1614 2346 δύο
1654 2296 1892 2362 φύσεων,

315 2385 557 2453 ἄναρχον
589 2382 953 2451 γινώσκουσιν
994 2382 1026 2452 ἢ
1057 2381 1374 2451 ἀρξαμένην
1404 2382 1545 2435 κατὰ
1575 2383 1764 2452 χρόνον
1790 2401 1804 2448 ;
1832 2384 1896 2436 Et

317 2473 421 2541 μὲν
445 2473 553 2541 γὰρ
578 2473 838 2541 ἄναρχον,
871 2471 984 2534 πῶς
1018 2473 1080 2523 ἐκ
1114 2489 1276 2524 τινων
1305 2472 1398 2523 καὶ
1436 2472 1769 2542 ὑστερογενῆ
1802 2473 1900 2526 αὺ-

313 2565 411 2634 τὴν
452 2564 546 2616 καὶ
575 2563 866 2628 σύνθετον;
893 2563 942 2616 εί
970 2562 1026 2614 δὲ
1058 2558 1264 2633 ἦρκται
1304 2563 1394 2615 καὶ
1424 2563 1605 2614 αἰτίαν
1641 2562 1784 2632 ἔσχει
1809 2563 1902 2616 καὶ

318 2656 629 2722 σύγκειται,
655 2654 772 2716 πῶς
815 2655 974 2722 Θεόςς
1022 2655 1162 2708 Ἀλλ’
1195 2657 1378 2724 ἡμεῖς,
1420 2655 1574 2724 φασὶ,
1605 2653 1705 2725 τὴν
1731 2653 1902 2724 αὐτὴν

316 2749 350 2800 ἄ
386 2763 553 2815 αρχον
597 2746 692 2798 καὶ
718 2745 1058 2816 ἀρξαμένην,
1099 2747 1175 2809 ὡς
1226 2746 1274 2798 οἱ
1332 2746 1596 2817 Πατέρες,
1628 2745 1893 2816 λέγομεν’

319 2839 438 2889 ἀλλ’
476 2839 538 2908 ού
571 2837 670 2908 τὴν
717 2837 892 2908 αὐτὴν
931 2841 990 2890 ὲν
1031 2837 1214 2908 ταυτῷ
1248 2839 1388 2891 κατὰ
1434 2838 1494 2890 τὸ
1538 2839 1689 2904 αὐτὸ,
1724 2841 1770 2892 εξ
1804 2842 1898 2894 καὶ

318 2930 412 2980 τοῦ
444 2930 609 2981 αὑτοῦ
640 2929 689 2982 οί
717 2929 961 3000 Πατέρες
991 2931 1177 2997 φασὶν,
1229 2923 1273 2982 ὦ
1302 2925 1448 2984 οὗτοι
1473 2947 1484 2958 ³
1515 2931 1635 2984 οὐδὲ
1668 2933 1776 3003 γὰρ
1805 2931 1898 2983 δυ-

319 3021 481 3072 νατὸν
511 3022 568 3073 ἐν
602 3019 784 3091 ταυτῷ
813 3023 956 3074 κατὰ
989 3023 1049 3074 τὸ
1081 3023 1212 3075 αὐτὸ
1237 3023 1347 3076 τῶν
1379 3023 1638 3076 ἐναντίων
1670 3018 1812 3075 εἶναί
1845 3039 1897 3075 τι

317 3113 570 3166 δεκτικὸν
624 3113 835 3180 λόγων·
892 3113 1010 3167 ἀλλ’
1067 3115 1116 3166 εί
1166 3115 1261 3167 καὶ
1329 3115 1554 3182 λέγεται
1615 3116 1809 3187 ὁρατὸς
1873 3118 1902 3169 6

321 3205 483 3266 αὐτὸς
525 3198 604 3267 εἷς
659 3204 734 3258 ὢν
784 3205 1042 3276 Χριστὸς,
1073 3206 1134 3258 ού
1178 3207 1321 3259 κατὰ
1351 3208 1412 3258 τὸ
1447 3206 1614 3260 αὑτό·
1647 3206 1724 3269 ὡς
1779 3206 1900 3258 οὐδὲ

321 3298 401 3361 τὸ,
435 3297 808 3361 «Θανατωθεὶς
853 3299 951 3369 μὲν
991 3300 1188 3370 σαρκὶ,
1235 3299 1587 3370 ζωοποιηθεὶς
1629 3299 1686 3353 δὲ
1744 3297 1904 3351 πνεύ-
1935 3281 1974 3337 C

328 3405 456 3456 ματι
483 3405 494 3416 ·
527 3408 546 3440 ι
581 3389 674 3442 καὶ
704 3390 784 3453 τὸ,
819 3409 838 3441 ι
876 3390 938 3442 Et
962 3391 1070 3461 γὰρ
1091 3392 1186 3443 καὶ
1221 3391 1492 3445 ἀπέθανεν
1517 3391 1574 3456 ἐξ
1597 3390 1907 3453 ἀσθενείας,

327 3479 462 3530 α).λά
490 3481 555 3550 ζῇ
590 3481 654 3532 ἐκ
670 3480 976 3550 δυνάμεως
1006 3501 1024 3533 ι
1065 3483 1158 3539 καὶ
1179 3483 1247 3534 τὰ
1276 3481 1454 3535 τοιάδε
1479 3500 1490 3511 ·
1519 3482 1689 3534 ούκὲν
1717 3479 1900 3550 ται)τῷ

324 3567 431 3638 γάρ
464 3585 618 3633 ποτε,
639 3570 757 3623 οὐδὲ
785 3571 869 3634 τὸ,
897 3591 914 3621 ι
940 3571 1024 3623 Ἑν
1041 3573 1182 3642 ἀρχῇ
1214 3567 1279 3643 ἧν
1305 3573 1331 3624 6
1351 3572 1541 3640 Λόγος,
1574 3572 1711 3624 καὶὸ
1735 3570 1907 3638 Λόγος

329 3658 462 3728 σὰρξ
512 3659 752 3728 ἐγένετο,
795 3681 814 3714 ι
857 3664 1112 3733 νοητέονο
1162 3665 1242 3734 τῷ
1299 3663 1531 3735 μὲνγὰρ
1568 3665 1725 3732 Λόγῳ
1767 3663 1907 3734 Δμηδὲ

329 3751 451 3802 καθ’
495 3752 714 3805 οίανοῦν
757 3754 932 3825 ἀρχὴν
979 3757 1267 3824 γεγονέναι
1313 3756 1608 3828 μαρτυρῶν
1648 3755 1904 3825 ἀνάρχως

329 3838 482 3903 εἶναι,
513 3842 612 3913 τὴν
648 3844 829 3914 σάρκα
859 3845 1111 3913 γενέσθαι
1137 3846 1300 3917 φησί·
1331 3847 1459 3900 ἀλλ’
1481 3844 1723 3907 ἀπειθῶς
1753 3845 1906 3914 ἕχον-

325 3947 434 3995 τες,
473 3931 693 4014 δοκοῦσι
723 3935 930 3997 πιστῶς
966 3937 1216 3989 άπιστεῖν
1248 3936 1327 4006 τῷ
1349 3937 1508 4007 Λόγῳ
1535 3935 1624 3989 διὰ
1646 3936 1746 4005 τῆς
1780 3935 1906 3987 ἀλο-

335 4025 482 4088 γίας.
503 4020 624 4077 Οἵδε
651 4025 782 4096 γὰρ,
819 4028 1000 4094 φασὶν,
1021 4029 1166 4089 ὅπως
1189 4027 1361 4081 ταῦτα
1398 4029 1686 4097 γενήσεται
1733 4025 1908 4094 αὐτῷ,

327 4115 428 4167 κᾶν
462 4117 594 4187 ἡμῖν
619 4117 859 4172 ἀδύνατα
886 4119 1020 4189 δοκῇ
1047 4135 1061 4148 ·
1109 4119 1223 4172 ἀλλ’
1258 4119 1410 4172 οὐδὲν
1445 4118 1685 4172 τοιοῦτον
1715 4115 1909 4182 ἄλογον

325 4206 691 4274 ῆάσύστατον
741 4209 843 4278 ἔφη
880 4210 1010 4279 περὶ
1051 4210 1249 4262 ἑαυτοῦ
1293 4210 1513 4262 πώποτε
1559 4211 1587 4261 6
1625 4208 1820 4274 Λόγος,
1867 4203 1912 4259 ὦ

327 4299 579 4367 αδελφοί·
612 4300 664 4352 τί
693 4297 786 4353 οὖν
824 4302 908 4355 δεῖ
944 4303 1088 4373 ὑμᾶς
1133 4302 1494 4368 συκοφαντεῖν
1531 4299 1622 4351 τὸν
1652 4298 1910 4370 Χριστὸν,

326 4389 413 4441 Eva.
467 4391 528 4444 τὸ
585 4393 721 4447 ἴδιον
763 4397 1124 4464 συστήσωμεν
1175 4393 1317 4445 κατὰ
1364 4391 1565 4445 σκοπὸν
1614 4390 1740 4460 ἔχον
1776 4391 1909 4458 ἡμῖν

324 4482 571 4552 ἀγνόημα
587 4501 602 4549 ;

1997 2023 2280 2091 deponere
2312 2031 2368 2074 et
2406 2035 2775 2075 reassumere.

2067 2113 2156 2168 40.
2227 2112 2305 2167 Ne
2348 2113 2562 2166 voculis
2601 2112 2971 2182 nosmetipsos
3009 2110 3334 2174 vestientes,
3400 2108 3587 2178 suspi-

1999 2207 2215 2261 cionem
2257 2206 2392 2275 ipsis
2417 2204 2730 2272 aﬂ‘cramus,
2763 2206 2910 2259 nude
2964 2220 3060 2259 eos
3094 2203 3585 2274 interrogabimus,

2000 2309 2189 2353 utrum
2213 2308 2468 2352 naturam
2493 2298 2637 2352 hanc
2663 2314 2828 2351 unam
2853 2313 2883 2352 e
2905 2297 3121 2352 duabus
3142 2297 3356 2350 naturis
3379 2296 3588 2365 absque

2001 2386 2162 2440 initio
2216 2395 2473 2452 noscant,
2529 2403 2596 2440 an
2632 2387 2790 2456 quasi
2838 2402 2962 2456 quae
2996 2385 3214 2440 initium
3260 2386 3312 2439 in
3342 2394 3588 2456 tempore

2005 2475 2240 2528 habuit?
2274 2476 2330 2529 Si
2370 2477 2578 2545 absque
2635 2477 2794 2530 initio
2823 2475 3075 2548 quidem,
3111 2477 3389 2547 quomodo
3417 2491 3446 2530 e
3469 2475 3590 2545 qui-

2007 2566 2241 2620 busdam
2289 2575 2413 2636 post
2463 2569 2600 2622 alios
2652 2572 2964 2625 venientem
3009 2580 3065 2625 et
3107 2569 3588 2640 compositam?Si

2008 2673 2141 2712 vero
2191 2659 2412 2713 initium
2438 2661 2633 2713 habuit
2672 2669 2728 2715 et
2751 2671 3052 2724 auctorem,
3075 2671 3129 2714 et
3153 2662 3430 2725 convenit,
3453 2676 3592 2730 quo-

2006 2751 2174 2806 modo
2223 2753 2370 2807 Deus
2415 2752 2540 2806 est?
2576 2753 2680 2807 Sed
2714 2768 2834 2816 nos,
2874 2754 3049 2817 aiunt,
3095 2752 3346 2806 eamdem
3387 2753 3593 2821 absque

2007 2845 2190 2909 initio,
2223 2853 2278 2898 et
2309 2861 2435 2898 cum
2469 2845 2650 2907 initio,
2705 2861 2809 2898 una
2857 2860 2983 2898 cum
3030 2843 3292 2898 Patribus
3323 2843 3589 2897 dicimus:

2005 2937 2101 2992 sed
2149 2953 2258 2990 non
2307 2936 2560 2990 eamdem
2606 2936 2661 2989 in
2690 2935 2892 2989 eodem.
2916 2934 3219 2990 secundum
3271 2934 3438 2997 idem,
3465 2933 3596 2988 licet

2006 3028 2150 3081 hanc
2169 3036 2225 3082 et
2256 3044 2364 3081 non
2391 3027 2555 3080 aliam
2582 3027 2777 3081 Patres
2796 3027 3006 3093 dicant,
3030 3041 3062 3080 ο
3081 3042 3178 3080 vos
3207 3044 3219 3079 :
3255 3025 3600 3093 impossibile

2004 3119 2152 3174 enim
2175 3128 2256 3174 est
2279 3119 2331 3174 in
2374 3119 2568 3174 eodem
2601 3120 2744 3174 circa
2779 3120 2922 3173 idem
2955 3118 3190 3173 inveniri
3214 3118 3420 3188 aliquid
3444 3117 3598 3188 quod

2008 3213 2318 3266 contrarios
2373 3227 2656 3266 sermones
2707 3212 2993 3278 admittat;
3047 3213 3144 3266 sed
3195 3211 3239 3266 si
3287 3220 3344 3266 et
3389 3211 3600 3265 dicitur

2010 3303 2248 3357 visibilis
2283 3303 2426 3358 idem
2463 3319 2606 3357 unus
2633 3302 2912 3365 Christus,
2940 3319 3046 3356 non
3075 3303 3381 3357 secundum
3414 3303 3594 3367 idem;

2011 3412 2113 3450 nec
2140 3396 2348 3466 pariter
2375 3413 2389 3448 :
2437 3415 2454 3446 ι
2487 3395 2845 3450 Mortiﬁcatus
2877 3397 3101 3466 quidem
3133 3412 3320 3458 carne,
3353 3395 3594 3448 vivifica-

2011 3498 2099 3542 tus
2121 3498 2300 3541 autem
2341 3487 2570 3556 spiritu;
2601 3506 2617 3538 ι
2656 3496 2711 3541 et
2736 3488 2871 3542 illud
2913 3505 2928 3540 :
2975 3506 2993 3537 ι
3020 3487 3154 3540 Nam
3189 3500 3243 3540 et
3266 3487 3316 3539 si
3344 3495 3602 3540 mortuus

2009 3588 2095 3634 est
2125 3596 2191 3633 ex
2237 3580 2578 3641 infirmitate,
2617 3580 2713 3634 sed
2735 3581 2897 3634 \vivit
2935 3595 3004 3634 ex
3039 3579 3241 3632 virtute
3273 3579 3322 3643 ⁸;
3362 3599 3379 3630 ι
3432 3587 3486 3632 et
3518 3578 3596 3631 si-

2012 3671 2160 3724 milia
2195 3688 2208 3723 :
2254 3688 2361 3724 non
2421 3673 2475 3724 in
2504 3671 2699 3725 eodem
2735 3673 2883 3725 enim
2936 3686 3091 3733 sane,
3126 3686 3228 3724 nec
3258 3687 3270 3722 :
3307 3690 3324 3718 ι
3355 3670 3412 3724 1η
3446 3671 3596 3739 priu-

2007 3763 2154 3831 cipio
2196 3774 2315 3817 erat
2360 3763 2646 3826 Verbum;
2686 3780 2704 3812 ›
2740 3771 2797 3816 et
2833 3780 2845 3814 :
2889 3783 2906 3813 ι
2935 3762 3176 3815 Verbum
3224 3777 3351 3815 caro
3389 3761 3596 3816 factum

2007 3864 2114 3916 est,
2149 3873 2170 3906 ι
2208 3854 2568 3924 cogitandum
2599 3872 2612 3907 :
2649 3854 2715 3907 de
2745 3855 2929 3910 Verbo
2968 3854 3116 3908 enim
3153 3868 3255 3906 nec
3293 3852 3615 3907 secundum.

2007 3945 2323 4015 quodquam
2375 3947 2599 4000 initium
2640 3945 2843 4000 factum
2895 3946 3066 3999 fuisse
3117 3942 3417 3998 testificaris
3463 3943 3600 3998 dicit

2008 4037 2155 4105 quod
2190 4049 2272 4092 est
2303 4039 2369 4092 ab
2408 4037 2592 4098 initio,
2624 4053 2749 4090 mox
2792 4037 2938 4105 quod
2984 4050 3114 4089 caro
3152 4035 3356 4087 factum
3389 4045 3474 4086 est
3504 4033 3600 4086 ad-

2015 4121 2118 4179 dit.
2170 4126 2275 4178 Sed
2318 4123 2590 4177 increduli
2621 4124 2804 4176 Verbo
2839 4123 3078 4176 ﬁdeliter
3111 4120 3427 4177 incredulos
3476 4139 3599 4178 esse

2019 4230 2118 4283 per
2165 4215 2437 4268 insaniam
2461 4212 2753 4266 ‘vidcntur
2794 4232 2808 4265 :
2847 4213 3002 4267 novit
3033 4213 3202 4279 enim,
3240 4213 3418 4281 aiunt,
3451 4232 3593 4287 quo—

2017 4306 2182 4362 modo
2217 4307 2304 4360 illa
2357 4306 2489 4360 huic
2545 4304 2697 4370 fient,
2749 4306 2880 4361 licet
2914 4307 3075 4362 nobis
3106 4307 3471 4378 impossibilia
3518 4309 3606 4363 vi-

2013 4396 2253 4452 deantur
2287 4414 2298 4449 :
2333 4395 2427 4451 sed
2466 4395 2604 4450 nihil
2651 4405 2757 4450 tam
2793 4396 3046 4450 insanum
3091 4405 3185 4450 aut
3228 4405 3437 4451 natura:
3468 4415 3599 4453 cou-

2013 4487 2246 4542 trarium
2277 4488 2414 4542 dixit
2443 4489 2509 4543 de
2535 4488 2720 4558 seipso
2755 4505 2995 4558 unquam
3019 4489 3284 4551 Verbum,
3312 4503 3345 4542 o
3374 4488 3603 4554 fratres;

323 4588 423 4628 cur
475 4591 610 4648 ergo
662 4585 910 4632 vestrum
961 4586 1046 4632 est
1116 4576 1184 4631 de
1235 4576 1456 4632 Christo
1507 4573 1833 4630 calumniari
1881 4590 1942 4634 ut
2010 4581 2345 4652 particulare
2388 4581 2445 4634 in
2497 4580 2600 4634 hac
2655 4581 2962 4650 quaestione
3021 4579 3396 4645 stabiliamus,
3448 4577 3605 4652 quod

323 4683 355 4721 e
392 4681 540 4740 parte
591 4681 787 4726 nostra
816 4671 1179 4742 ignprautiam
1231 4671 1471 4741 prodat?

403 4773 511 4832 μα’.
557 4765 680 4818 Ἔτι
729 4768 761 4834 ἡ
815 4764 1048 4835 φύσιςή
1101 4764 1222 4818 θεία
1268 4765 1446 4834 πάντη
1494 4765 1680 4834 ἁπλῆ·
1725 4764 1758 4834 ἡ
1809 4761 1902 4817 οῦν

2003 4788 2012 4800 ι
2079 4761 2169 4815 41.
2213 4761 2407 4816 Adhuc
2459 4770 2655 4815 natura
2691 4761 2875 4815 divina
2920 4779 3149 4832 prorsus
3199 4764 3466 4834 simplex;
3502 4789 3604 4828 na-

325 4855 485 4924 φύσις
532 4857 606 4926 ἧι
655 4873 796 4924 φατε
848 4857 978 4924 μίαν
1026 4851 1164 4908 εἶναι
1212 4855 1304 4910 τοῦ
1355 4859 1616 4927 Χριστοῦ,
1651 4855 1906 4918 σύνθετός

320 4947 494 5013 ἐστιν,
552 4947 586 5018 ἦ
628 4946 807 5017 ἁπλῇ
839 4949 902 5000 Ei
942 4947 1040 5016 μὲν
1062 4943 1153 5000 οὖν
1197 4948 1366 5018 ἁπλῆ,
1408 4948 1524 5009 πῶς
1579 4947 1829 5009 σύνθετος
1879 4948 1908 4999 6

322 5039 592 5109 Χριστός;
631 5041 683 5092 εί
731 5041 788 5092 δὲ
835 5039 1089 5103 σύνθετος
1119 5043 1152 5111 ἡ
1181 5041 1343 5110 φύσις
1366 5041 1557 5104 αὑτοῦ,
1599 5040 1715 5104 πῶς
1751 5039 1910 5105 θείας

322 5131 534 5186 Οὔκοῦν
573 5132 797 5202 ἀληθῶς
856 5132 955 5202 μία
1006 5132 1103 5201 μὲν
1143 5133 1394 5196 σύνθετος
1434 5136 1555 5196 ταῖς
1606 5123 1833 5201 φύσεσιν
1874 5132 1910 5202 ἡ

323 5222 633 5287 ὑπόστασις
663 5266 678 5288 ,
727 5223 825 5278 δύο
871 5223 928 5276 δὲ
979 5225 1034 5276 αἱ
1082 5223 1270 5291 φύσεις
1307 5224 1402 5277 τοῦ
1436 5223 1708 5278 Δεσπότου
1752 5221 1910 5294 ἡμῶν

321 5313 564 5384 Χριστοῦ
591 5316 687 5368 τοῦ
712 5313 974 5383 ἀληθινοῦ
1001 5313 1158 5366 Θεοῦ.

401 5406 506 5476 μ.βῖ
552 5407 618 5459 Εἰ
657 5405 794 5476 μίαν
838 5403 1004 5472 φύσιν
1029 5403 1122 5456 τοῦ
1158 5404 1292 5457 Θεοῦ
1334 5405 1511 5472 Λόγου
1554 5400 1906 5472 σεσαρκωμὲ-

319 5515 418 5552 νου
451 5500 546 5554 καὶ
575 5499 640 5550 ού
669 5489 1106 5564 σεσαρκωμένην
1139 5495 1367 5563 είποιτε,
1420 5495 1534 5557 πῶς
1561 5494 1622 5548 ού
1663 5491 1912 5562 φανερῶς

316 5592 425 5661 τὴν
472 5589 754 5662 πατρικὴν
819 5585 1170 5641 διδασκαλίαν
1228 5586 1683 5658 παραχαράξετες
1755 5583 1803 5635 εί
1855 5583 1916 5635 δὲ

321 5683 768 5754 σεσαρκωμένην
831 5676 1170 5748 ὁμολογεῖτε,
1212 5680 1305 5732 καὶ
1370 5680 1432 5732 ού
1489 5673 1916 5747 σεσαραωμένου

391 5847 414 5875 ³
457 5835 972 5913 Ephes.l,f9,20.'
1013 5833 1149 5886 Psal.
1194 5851 1269 5892 tu,
1304 5834 1357 5888 6.
1434 5835 1454 5864 ⁸
1509 5831 1642 5884 Geu.
1702 5844 1861 5890 χιιι,
1892 5828 1949 5882 9.

2012 4864 2136 4908 tura
2180 4867 2310 4923 ergo
2337 4868 2501 4922 quam
2545 4851 2732 4907 dicitis
2759 4869 2923 4907 unam
2963 4870 3083 4908 esse
3113 4855 3346 4922 Christi,
3374 4875 3605 4932 eampo.

2012 4944 2118 4998 sita
2149 4951 2255 5005 est,
2300 4959 2368 4997 an
2394 4943 2671 5012 simplex?
2698 4944 2752 4999 Si
2789 4943 3021 5014 simplex
3047 4945 3301 5014 quidem,
3321 4955 3609 5016 quomodo

2013 5034 2363 5104 compositus
2395 5034 2695 5089 Christus?
2742 5035 2798 5090 Si
2849 5051 2982 5090 vero
3038 5037 3342 5105 composita
3402 5052 3608 5099 natura

2014 5128 2154 5197 ejus,
2204 5127 2482 5196 quomodo
2513 5126 2742 5180 divina?
2773 5128 2915 5196 Ergo
2947 5142 3078 5181 vero
3119 5143 3222 5179 una
3250 5127 3472 5194 quidem
3505 5148 3610 5188 na-

2017 5220 2158 5273 turis
2215 5220 2522 5288 composita
2572 5219 2956 5283 subsistentia,
3028 5218 3160 5272 dum
3201 5229 3330 5268 vero
3379 5217 3611 5278 Domini

2014 5309 2192 5364 nostri
2238 5307 2446 5364 Christi
2487 5309 2604 5362 veri
2648 5309 2766 5375 Dei,
2803 5318 3040 5362 naturae.

2087 5401 2178 5454 ιε.
2219 5398 2276 5452 Si
2320 5398 2537 5452 unicam
2570 5406 2824 5450 naturam
2866 5395 2964 5449 Dei
2999 5391 3162 5447 Verbi
3218 5388 3515 5456 incarnati,
3551 5407 3612 5451 cc

2015 5505 2127 5544 non
2146 5489 2490 5542 incarnatum
2517 5483 2735 5549 dicatis,
2754 5482 3035 5554 quomodo
3046 5493 3155 5531 non
3178 5483 3364 5544 aperte
3378 5486 3617 5544 paterna

2019 5582 2353 5636 documenta
2388 5577 2757 5633 adulteratis?
2799 5575 2857 5628 Si
2889 5574 3228 5624 inearnatam
3265 5566 3619 5626 conﬁtemini

2023 5679 2080 5725 et
2112 5684 2224 5722 non
2259 5667 2530 5722 incarnati
2563 5663 2728 5717 Verbi
2757 5660 2979 5714 unicam
3013 5655 3219 5714 dicitis,
3254 5660 3480 5720 propter
3504 5655 3622 5710 hoc

2085 5827 2104 5855 ⁵
2143 5823 2188 5875 Il
2235 5819 2364 5874 Cor.
2406 5835 2518 5882 xm,
2557 5816 2590 5867 4
