3998 6282
479 421 580 480 ῗύῦ
1691 417 1996 482 LEONTII
2050 417 2449 478 BYZANTiNi

3549 415 3684 478 1796

440 541 601 585 erunt
618 531 737 586 duae
761 542 970 586 natura:
990 533 1243 588 Christus
1264 551 1294 589 e
1318 536 1496 590 Verbo
1516 546 1568 590 et
1589 553 1773 591 carne.
1801 538 2016 592 Etenim

2121 535 2212 588 τοῦ
2238 537 2410 604 Λόγου
2449 538 2578 605 μίαν
2605 535 2762 604 φατὲ,
2791 535 2876 587 διὰ
2905 534 3020 586 τόδε
3063 533 3191 584 αὐτὸ
3212 530 3304 584 δύο
3331 529 3519 598 φύσεις
3541 527 3690 581 ἔσται

439 630 727 689 propterea
751 623 896 690 quod
925 639 1030 676 una
1053 623 1146 678 Dei
1176 625 1336 680 Verbi
1381 636 1574 680 natura
1601 627 1851 695 perfecta
1877 643 2012 680 con-

429 711 675 766 fessione
703 714 866 766 etiam
895 715 1310 782 praealtirmatur
1345 727 1402 772 et
1423 719 1630 787 absque
1655 734 1840 781 carne,
1875 718 2012 771 nihil

437 803 671 870 ampli-us
719 805 974 860 ostendet
1047 807 1306 860 adunatio
1355 808 1409 862 in
1464 819 1742 872 naturam,
1804 810 1848 864 si
1906 826 2014 862 una

439 894 720 948 remansit.
769 895 1010 950 Petimus
1065 899 1210 951 enim
1247 915 1277 952 a
1309 899 1466 952 vobis
1501 917 1514 953 :
1546 899 1736 954 Nonne
1767 916 1890 954 cum
1915 915 2013 952 na-

440 992 562 1036 tura
589 983 772 1036 carnis
800 985 962 1038 Verbi
996 994 1244 1040 naturam
1278 988 1618 1043 incarnatam
1649 990 2014 1053 confitemini,

438 1086 505 1125 an
547 1073 700 1125 non?
744 1073 799 1128 Si
827 1090 960 1144 ergo
1012 1077 1236 1145 quidem
1282 1094 1414 1143 non,
1457 1089 1552 1133 aut
1598 1096 1730 1134 voce
1759 1089 2012 1144 .tantum,

438 1171 534 1217 aut
567 1165 901 1232 imaginandi
928 1168 980 1220 vi
1003 1207 1017 1228 .
1051 1177 1147 1222 aut
1181 1171 1332 1223 verbi
1375 1181 1552 1241 tropo,
1583 1171 2016 1225 incarnationem

440 1269 667 1309 noscere
700 1272 796 1310 vos
827 1259 1168 1312 conceditur.
1201 1260 1256 1313 Si
1290 1277 1420 1314 vero
1455 1278 1578 1315 cum
1628 1265 1811 1317 carnis
1853 1273 2014 1317 natu-

440 1361 496 1400 ra
527 1357 779 1401 naturam
817 1350 1154 1404 incarnatam
1187 1352 1355 1406 fuisse
1386 1353 1552 1406 Verbi
1595 1353 1799 1418 dicitis,
1854 1355 2015 1408 aliam

439 1436 820 1493 incarnantem
851 1448 907 1493 et
937 1441 1097 1494 aliam
1130 1442 1466 1497 incarnatam
1494 1445 1548 1496 in
1579 1460 1684 1498 una
1714 1447 2015 1515 composita

437 1527 638 1582 Christi
693 1545 924 1598 persona
999 1543 1315 1590 noscentes.
1379 1535 1658 1603 quomodo
1722 1552 2016 1599 numerare

439 1620 646 1691 absque
681 1622 1005 1692 duplici-tate
1051 1625 1170 1678 illas
1217 1626 1453 1681 valetis?

509 1711 596 1762 45.
640 1711 811 1766 Unica
844 1713 958 1766 haec
1003 1715 1096 1768 Dei
1129 1715 1292 1770 Verbi
1343 1717 1625 1772 incarnata
1670 1730 1890 1782 natura,
1923 1731 2019 1776 aut

440 1800 582 1854 idem
629 1804 822 1856 estcad
880 1805 1041 1858 unica
1092 1805 1209 1860 haec
1246 1817 1302 1862 et
1339 1809 1395 1861 in
1436 1825 1639 1863 vanum
1670 1810 1892 1866 additur
1929 1813 2015 1866 in-

439 1898 686 1956 carnata,
740 1892 793 1945 in
853 1894 1008 1962 cujus
1053 1895 1426 1950 deﬁnitionem
1466 1912 1576 1952 non
1621 1901 1846 1954 omnino
1891 1917 2020 1956 con-

443 1979 665 2033 tendere
693 1992 776 2034 est
801 1983 869 2034 de
887 1999 996 2051 quo
1021 2000 1166 2038 nunc
1191 1985 1468 2056 indagatio
1495 2004 1507 2039 :
1534 1998 1631 2042 aut
1658 2003 1780 2042 cum
1805 1990 2021 2047 duabus

443 2071 656 2125 naturis
706 2073 952 2127 eamdem
989 2076 1397 2131 conclusionem
1448 2093 1795 2134 communem
1830 2080 2016 2145 habet,

439 2170 497 2214 et
518 2160 717 2217 frustra
739 2165 1002 2219 adversus
1049 2183 1150 2221 nos
1187 2159 1564 2228 invehuntur:
1608 2179 1702 2224 aut
1735 2187 1836 2227 nec
1864 2189 2020 2242 pror—

441 2268 534 2308 sus
567 2256 724 2309 unica
763 2265 846 2310 est
873 2273 972 2312 nec
1005 2258 1146 2322 dum,
1169 2267 1226 2314 et
1248 2275 1471 2315 necesse
1498 2271 1583 2316 est
1613 2273 1673 2316 ut
1704 2279 1866 2318 unam
1893 2281 2015 2320 cum

439 2343 710 2402 divisione
755 2347 936 2404 dicant
982 2349 1085 2418 ipsi
1133 2337 1431 2407 novissime
1473 2353 1766 2422 loquentes
1797 2365 1856 2410 ut
1889 2373 2018 2428 par-

444 2433 574 2488 ruli.

511 2523 598 2576 Η.
641 2521 984 2578 Melioratum
1030 2535 1111 2581 est
1148 2527 1352 2597 aliquid
1385 2529 1452 2583 de
1485 2532 1651 2587 rebus
1699 2533 1754 2586 in
1785 2531 2018 2588 Domino

443 2614 748 2668 naturalem
801 2616 1238 2671 meiiorationem
1285 2632 1574 2673 assumens
1623 2629 1746 2690 post
1773 2630 2016 2676 sanctam

440 2703 564 2770 ejus
611 2706 1104 2769 resurrectionem,
1153 2707 1458 2760 secundum
1503 2724 1625 2778 quae
1675 2721 1731 2764 et
1782 2709 2020 2781 Cyrillus

445 2797 603 2850 l’ater
655 2797 722 2849 ad
755 2798 1012 2852 Acacium
1063 2796 1200 2851 dicit
1245 2809 1302 2852 et
1364 2799 1564 2868 reliqui
1603 2800 1820 2865 Patres,
1847 2819 1914 2855 an
1947 2804 2018 2855 si-

446 2886 587 2938 milis
636 2887 816 2939 omnis
857 2889 978 2956 ejus
1033 2896 1230 2940 natura
1274 2903 1439 2957 quam
1483 2887 1676 2942 dicunt
1708 2906 1898 2956 unam,
1935 2908 2018 2946 re-

445 2975 687 3030 mansit?
739 2975 794 3031 Si
832 2994 962 3047 ergo
992 2978 1217 3046 quidem
1249 2995 1354 3032 non
1390 2981 1738 3035 melioratum
1787 2993 1891 3048 est,
1924 2995 2018 3039 aut

443 3075 498 3122 et
545 3081 690 3122 nunc
745 3070 1040 3138 passibilis,
1083 3079 1177 3124 aut
1208 3087 1307 3125 nec
1346 3083 1464 3126 erat
1501 3085 1627 3128 ante
1658 3069 2018 3131 resurrectio-

2117 629 2144 679 ό
2172 629 2234 679 ἐκ
2265 628 2438 693 Λόγου
2472 636 2563 678 καί
2596 626 2795 695 σαρκὸς
2817 625 3049 695 Χριστός
3071 640 3083 654 ⁸
3114 621 3247 676 διότι
3264 621 3372 691 γὰρ
3403 620 3498 690 μία
3535 617 3691 685 φύσις

2115 717 2214 768 τοῦ
2247 715 2383 770 Θεοῦ
2442 717 2614 783 Λόγου
2673 715 2893 784 ἐντελὴς
2945 715 3040 784 ἣδε
3093 710 3546 794 προωμολόγηται
3599 707 3692 760 καὶ

2117 807 2244 858 ἄνευ
2291 805 2514 876 σαρκὸς,
2559 805 2710 857 οὐδὲν
2745 804 2910 868 δείξει
2948 803 3264 872 καινότερον
3302 800 3334 870 ἡ
3382 799 3576 860 ἕνωσις
3611 797 3690 858 είς

2117 901 2300 964 φύσιν.
2352 899 2446 950 ἐὰν
2485 899 2582 966 μία
2633 897 2964 967 μεμένηκεν.
3006 893 3296 962 Πυθόμεθα
3346 893 3455 960 γὰρ
3501 888 3686 959 ὑμῶν’

2116 986 2262 1058 Ἆρά
2281 990 2524 1060 γεφύσει
2547 991 2746 1060 σαρκὸς
2777 992 2876 1057 τὴν
2902 988 3062 1057 φύσιν
3086 984 3180 1038 τοῦ
3212 985 3385 1051 Λόγου
3412 999 3692 1050 σεσαρκω-

2121 1081 2287 1150 μένην
2314 1081 2650 1150 ὁμολογεῖτε,
2687 1081 2720 1150 ἢ
2755 1079 2911 1149 ούχί;
2947 1078 3010 1130 Εἰ
3045 1077 3146 1146 μὲν
3177 1071 3270 1129 οὖν
3300 1075 3441 1143 οὐχ),
3480 1073 3512 1142 ἢ
3551 1071 3694 1141 λόγῳ

2121 1171 2301 1238 μόνον,
2344 1172 2375 1242 ἧ
2410 1173 2697 1242 φαντασίᾳ,
2729 1170 2761 1240 ἦ
2791 1172 2963 1240 τροπῇ
3008 1167 3102 1220 τοῦ
3130 1165 3312 1234 λίγου,
3347 1164 3444 1236 τὴν
3480 1165 3691 1234 σάρκω-

2120 1277 2204 1312 σιν
2234 1261 2429 1314 ειδέναι
2481 1263 2625 1332 ὑμᾶς
2686 1260 3076 1314 ἀπολείπεται·
3119 1258 3168 1309 εί
3207 1255 3266 1308 δὲ
3298 1255 3455 1325 φύσει
3491 1252 3691 1321 σαρκὸς

2117 1349 2215 1420 τὴν
2257 1351 2419 1419 φύσιν
2450 1350 2834 1422 σεσαρκῶσθαι
2867 1347 2960 1402 τοῦ
3000 1347 3173 1414 Λόγου
3202 1346 3360 1412 φατὲ,
3389 1341 3556 1410 ἄλλην
3591 1341 3692 1408 τὴν

2120 1441 2450 1510 σαρκοῦσαν,
2489 1442 2584 1493 καὶ
2627 1441 2794 1508 ἄλλην
2835 1440 2935 1508 τὴν
2981 1437 3363 1506 σαρκουμένην
3413 1436 3471 1485 ὲν
3503 1431 3580 1500 τῷ
3611 1431 3690 1483 ἐν).

2119 1532 2357 1601 συνθὲτῳ
2387 1532 2663 1602 προσώπῳ
2701 1533 2938 1603 Χριστοῦ
2969 1530 3360 1600 γινώσκοντες,
3403 1525 3521 1586 πῶς
3571 1525 3686 1594 ἀρι-

2121 1625 2243 1692 μεῖν
2270 1623 2396 1677 ἀνευ
2425 1624 2616 1688 δυάδος
2643 1623 2845 1687 ταύτας
2878 1621 3206 1693 oux/{165765;

2191 1722 2304 1785 μγ’.
2355 1717 2421 1769 Ἦ
2456 1717 2554 1785 μία
2595 1718 2755 1784 φύσις
2777 1717 2869 1768 τοῦ
2902 1715 3038 1768 Θεοῦ
3077 1715 3247 1782 Λόγου
3275 1707 3684 1780 σεσαρκωμένη,

2119 1805 2152 1876 ἢ
2187 1807 2384 1860 ταυτόν
2413 1809 2529 1861 ἐστι
2557 1810 2623 1879 τῇ
2674 1810 2792 1879 μιᾷ,
2830 1807 2923 1862 καὶ
2959 1807 3226 1879 περιττῶς
3254 1804 3571 1874 πρόσκειται
3606 1798 3685 1862 τὸ,

2122 1900 2538 1968 σεσαρκωμένη,
2592 1902 2672 1964 είς
2721 1901 3069 1969 παράστασιν
3114 1895 3369 1950 ποσοῦού
3418 1893 3688 1946 συντεῖνον

2119 1985 2274 2050 ὅλως,
2315 1988 2446 2057 περὶ
2488 1981 2548 2040 οῦ
2595 1989 2690 2042 νῦν
2738 1990 2770 2059 ἡ
2821 1987 3082 2058 ἶ,“ήτηοίς⁸
3130 1988 3162 2055 ἢ
3214 1987 3332 2047 ταῖς
3373 1983 3465 2034 δύο
3496 1981 3688 2061 φύσεσι

2119 2079 2315 2130 ταυτὸν
2366 2081 2613 2147 συνάγει,
2671 2080 2764 2134 καὶ
2819 2081 2995 2148 μάτην
3042 2079 3170 2146 ἡμῖν
3204 2075 3612 2144 ἁντιφέρονται·
3654 2072 3685 2140 ἢ

2119 2168 2242 2221 οὔτε
2281 2169 2382 2239 μία
2423 2171 2599 2240 πάντη
2649 2173 2816 2237 ἐστὶν,
2851 2171 2975 2224 οὔτε
3021 2171 3133 2233 δύο,
3183 2157 3276 2221 καὶ
3315 2167 3529 2236 ἀνάγκη
3560 2165 3687 2235 μίαν

2122 2256 2219 2308 σὺν
2251 2257 2603 2327 ἐπιμερισμῷ
2632 2257 2810 2326 λέγειν
2837 2258 3034 2321 αὐτοὺς
3069 2257 3272 2326 ἔσχατα
3301 2253 3684 2326 νηπιάζονταςλ.

2193 2518 2297 2587 μδ’.
2369 2517 2734 2590 Ἑκρειττώθη
2783 2537 2839 2572 τι
2896 2520 3005 2574 τῶν
3055 2519 3149 2573 τοῦ
3201 2520 3405 2590 Κυρίου
3458 2520 3689 2588 φυσικὴν

2120 2609 2441 2680 κρείττωσιν
2473 2609 2637 2664 λαϐὸν
2663 2613 2800 2679 μετά
2838 2610 2937 2681 τὴν
2977 2611 3140 2680 ἁγίαν
3169 2610 3334 2664 αὑτοῦ
3369 2612 3685 2671 ἀνάστασιν,

2119 2699 2240 2752 καθ’
2281 2699 2316 2754 ἃ
2356 2700 2630 2771 Κύριλλός
2681 2719 2738 2754 τε
2781 2703 2810 2754 ό
2854 2703 3042 2771 Πατήρ
3081 2719 3210 2771 φησι
3243 2688 3376 2774 πρὸς
3419 2703 3688 2766 Ἀκάκιον,

2118 2791 2212 2844 καὶ¹
2243 2793 2289 2844 οἱ
2322 2791 2502 2844 λοιποὶ
2527 2793 2791 2864 Πατέρες,
2826 2793 2859 2864 ἢ
2888 2793 3086 2864 ὁμοίως
3121 2794 3321 2863 ἔχουσα
3352 2780 3497 2846 πάσα
3525 2788 3688 2846 αὑτοῦ

2117 2887 2149 2952 ἡ
2184 2884 2366 2952 φύσις,
2410 2886 2474 2956 ἣν
2503 2902 2634 2954 φασι
2675 2887 2824 2958 μίαν,
2863 2887 3212 2956 μεμένηκεν;
3243 2888 3306 2938 Εἰ
3338 2887 3434 2954 μὲν
3467 2882 3557 2939 οὖν
3592 2887 3690 2938 οὐκ

2119 2975 2474 3046 ὲκρειττώθη,
2530 2976 2562 3048 ἦ
2630 2977 2722 3029 καὶ
2779 2959 2878 3030 ¹νῦν
2918 2977 3155 3048 παθητὴ,
3203 2979 3235 3047 ἢ
3275 2977 3396 3029 οὐδὲ
3454 2976 3559 3048 πρὸ
3593 2979 3688 3044 τῆς

2118 3068 2470 3130 ἀναστάσεως
2503 3061 2573 3140 ἦν
2607 3069 2858 3140 παθητὴ·
2889 3069 3104 3138 ψευδεῖς
3141 3086 3200 3122 τε
3232 3072 3278 3122 οἱ
3312 3070 3558 3135 λέγοντες
3595 3069 3691 3136 τὴν

446 3175 569 3213 nem
622 3157 926 3230 passibilis;
981 3158 1275 3218 mendaces
1317 3172 1372 3217 ct
1406 3157 1500 3234 qui
1541 3164 1731 3220 dicunt
1763 3167 2018 3222 meliora—

2120 3157 2441 3227 κρείττωσιν
2468 3153 2568 3228 τῆς
2596 3158 3011 3229 ἀνθρωπότητος
3040 3158 3208 3213 αὑτοῦ
3237 3161 3437 3222 πάντες
3454 3162 3502 3212 οἱ
3549 3159 3691 3228 διδά-

447 3249 651 3305 tionem
685 3251 1044 3308 humanitatis
1087 3255 1206 3324 ejus
1240 3271 1432 3308 omnes
1470 3249 1756 3334 magistri;
1790 3258 1834 3311 si
1884 3273 2016 3313 vero

449 3342 732 3395 meliorata
779 3353 863 3396 est
906 3345 1143 3412 perfecta
1169 3345 1414 3414 quaedam
1446 3351 1637 3400 natura
1663 3341 1714 3400 in
1755 3345 1892 3416 ipso,
1923 3357 2019 3402 aut

377 3443 422 3464 τ’
449 3442 563 3487 tota
610 3449 719 3486 una
767 3434 881 3503 ipsa
907 3441 990 3488 est
1015 3451 1177 3505 quam
1219 3435 1430 3502 dicunt,
1457 3446 1512 3492 ct
1538 3430 1645 3492 erit
1676 3448 1732 3492 et
1760 3439 2019 3494 divinitas

446 3524 567 3593 ejus
600 3524 653 3578 in
686 3541 1037 3595 progressum
1064 3519 1526 3596 impassibilitatis
1559 3531 1680 3582 acta
1707 3546 1718 3581 :
1768 3537 1863 3582 aut
1892 3545 2020 3599 pars

447 3616 565 3684 ejus
606 3627 957 3685 progressum
998 3633 1116 3686 quae
1149 3617 1299 3682 fecit,
1336 3618 1581 3688 perfecta
1630 3629 1826 3674 natura
1857 3628 2022 3676 estet

448 3716 796 3774 progressum
834 3722 942 3760 non
992 3707 1308 3773 admittens,
1354 3717 1446 3762 aut
1494 3719 1657 3763 unam
1688 3727 1807 3765 esse
1840 3711 2021 3782 perfe-

447 3804 588 3848 ctam
638 3806 888 3850 naturam
931 3798 1017 3852 vel
1075 3807 1284 3868 partem
1343 3797 1529 3852 dicere
1578 3807 1867 3868 cogentur;
1926 3804 2022 3854 aut

450 3887 848 3955 blasphemare,
920 3889 1076 3958 pieve
1145 3903 1306 3958 agere
1361 3888 1650 3944 audientes
1702 3904 1826 3942 cum
1887 3891 2020 3962 ipsis

446 3977 812 4032 adducentur.

515 4069 602 4124 45.
662 4069 716 4123 Si
772 4068 1233 4139 quemadmodum
1284 4066 1597 4125 diceremus
1651 4071 1719 4126 de
1773 4069 2018 4138 homine,

449 4161 665 4215 unicam
709 4171 962 4216 naturam
1021 4163 1088 4217 de
1134 4163 1367 4217 Domino
1410 4162 1764 4232 proﬁtentur,
1813 4165 2021 4233 pariter

448 4249 516 4307 de
562 4252 783 4306 homine
811 4266 938 4305 cum
990 4253 1062 4306 sit
1107 4268 1137 4306 e
1191 4249 1411 4307 duolms
1443 4253 1630 4318 homo,
1675 4254 1887 4320 dicunt;
1924 4255 2019 4311 sed

447 4343 557 4400 bon
573 4359 612 4398 .o
638 4359 746 4398 non
768 4359 834 4398 ex
856 4343 1272 4413 puceXsisteute
1297 4344 1479 4396 anima
1502 4352 1556 4396 et
1576 4359 1806 4412 corpore
1827 4346 2015 4400 datur:

444 4451 513 4491 ex
546 4435 878 4505 cogitatione
911 4435 1058 4489 enim
1089 4435 1202 4487 sola
1236 4432 1590 4502 proprietatis
1631 4448 2020 4500 przecxponen-

2122 3247 2307 3300 σκαλοι
2359 3266 2372 3278 ·
2429 3250 2475 3301 εί
2537 3245 2595 3302 δὲ
2661 3250 2989 3322 ὲκρειττώθη
3032 3251 3214 3332 τελεία
3279 3268 3362 3313 τις
3409 3249 3569 3319 φύσις
3609 3252 3692 3332 ’ὲν

2119 3336 2287 3407 αὐτῷ,
2321 3338 2354 3407 ἢ
2388 3331 2485 3408 ὅλη
2611 3339 2707 3408 μία
2751 3333 2890 3410 αῦτη
2945 3342 3095 3392 ἐστὶν
3134 3330 3202 3410 ἣν
3232 3345 3386 3408 φασι,
3420 3339 3512 3390 καὶ
3544 3330 3692 3390 ἔσται

2119 3431 2264 3500 καὶή
2289 3430 2478 3501 θεότης
2506 3431 2671 3483 αὑτοῦ
2703 3424 2781 3494 εἰς
2808 3432 3094 3502 προκοπὴν
3136 3431 3404 3494 ἀπαθείας
3432 3431 3657 3500 ἀχθεῖσα
3675 3446 3687 3458 ·

2119 3520 2152 3588 ἢ
2186 3521 2352 3591 μέρος
2391 3517 2557 3574 αὐτοῦ
2593 3520 2652 3574 τὸ
2687 3519 2968 3593 προκύψαν
3016 3523 3196 3575 τελεία
3229 3524 3390 3589 φύσις
3427 3522 3562 3582 ἐστὶ,
3600 3522 3692 3573 καὶ

2119 3611 2179 3664 τὸ
2203 3613 2492 3684 προκοπὴν
2519 3613 2619 3666 οὐκ
2649 3613 3113 3684 ὲπιδεξάμενον,ῆ
3147 3615 3276 3682 μίαν
3309 3608 3447 3666 εἶναι
3483 3612 3694 3665 τελείαν

2121 3699 2303 3769 φύσιν,
2356 3703 2389 3772 ἢ
2445 3703 2633 3775 μόριον
2684 3701 2868 3772 λέγειν
2932 3705 3484 3774 ἀναγκασθήσονται·
3525 3703 3618 3756 καὶ

2123 3792 2460 3864 βλασφημεῖν
2495 3796 2526 3865 ἢ
2555 3795 2798 3850 εὐσεϐεῖν
2829 3795 3119 3859 ἀκούοντες
3148 3781 3588 3865 συγκλιθήσεται.

3379 3979 3412 4006 ο

2199 4062 2301 4126 με’.
2345 4051 2406 4110 Εἰ
2445 4059 2647 4128 ὁμοίως
2676 4059 2751 4127 τῷ
2791 4035 3076 4127 ἀνθρώπω
3118 4055 3246 4127 μίαν
3275 4055 3374 4125 τὴν
3416 4053 3577 4123 φύσιν
3599 4057 3695 4108 ἐπὶ

2121 4149 2214 4201 τοῦ
2242 4150 2514 4203 Δεσπὸτου
2545 4153 2728 4219 φασὶν,
2760 4152 2960 4221 ὁμοίως
2993 4149 3068 4220 τῷ
3103 4149 3371 4219 ἀνθρώπῳ
3398 4151 3490 4203 καὶ
3539 4149 3599 4201 τὸ
3631 4151 3693 4199 ὲκ

2121 4243 2214 4296 δύο
2250 4243 2466 4311 φύσεων
2522 4245 2615 4295 ἐπὶ
2659 4243 2754 4296 τοῦ
2802 4241 2966 4296 αὐτοῦ
3013 4237 3150 4294 εἶναι
3199 4240 3480 4306 λέγουσιν·
3523 4237 3636 4292 ἀλλ’
3666 4240 3694 4291 ό

2122 4337 2406 4406 ἄνθρωπος
2440 4338 2539 4389 οὐκ
2569 4340 2632 4388 ἐκ
2661 4335 3123 4408 προῦπαρχούσης
3164 4334 3345 4404 ψυχῆς
3376 4351 3435 4386 τε
3467 4333 3560 4386 καὶ
3589 4331 3689 4383 σώ-

2125 4441 2291 4495 ματος
2329 4427 2572 4480 δέδοται·
2619 4428 2829 4496 ἐπινοίᾳ
2861 4427 2967 4495 γάρ
3003 4427 3141 4494 μόνη
3173 4423 3268 4478 τοῦ
3318 4423 3519 4478 οἰκείου
3560 4440 3685 4491 προσ

446 4536 530 4581 tes
562 4526 814 4596 proprias
838 4536 1043 4594 partes.
1076 4540 1106 4578 e
1144 4523 1363 4576 duobus
1393 4522 1461 4576 de
1496 4522 1718 4576 homine
1752 4522 2015 4590 dicimus;

2123 4515 2360 4578 τιθέντες
2381 4515 2449 4566 τὰ
2484 4515 2589 4566 ῖδια
2619 4515 2784 4584 μέρη,
2823 4514 2884 4566 τὸ
2919 4516 2982 4565 ὲκ
3011 4512 3104 4596 δύο
3147 4513 3240 4565 ἐπὶ
3289 4510 3442 4564 τοῦδέ
3472 4526 3650 4579 φαμεν
3674 4519 3687 4536 ⁸

445 4618 592 4689 quod
641 4633 773 4672 vero
833 4617 900 4670 ad
935 4617 1223 4670 Dominum
1273 4629 1383 4668 non
1427 4613 1762 4684 imaginandt
1806 4615 1856 4668 vi
1887 4631 2021 4683 pra:-

446 4710 716 4764 exsistere
744 4709 985 4763 Verbum
1008 4723 1118 4776 pne
1141 4705 1361 4776 propria
1395 4705 1795 4773 compositione
1821 4707 2020 4759 asseri-

448 4800 571 4856 mus
605 4793 748 4855 sieut
777 4799 845 4854 de
876 4799 1136 4864 homine;
1161 4799 1208 4853 si
1243 4812 1373 4852 vero
1413 4811 1522 4850 non
1552 4793 1808 4850 similiter
1849 4791 2018 4851 unum

447 4911 477 4949 e
524 4893 740 4948 duobus
788 4892 855 4946 de
898 4891 1132 4945 Domino
1175 4896 1229 4945 et
1264 4890 1333 4944 de
1369 4889 1606 4959 simplici
1637 4886 1880 4952 homine,
1919 4903 2020 4943 nec

449 5001 572 5041 cum
607 4985 764 5038 unica
797 4984 1038 5038 hominis
1063 4989 1260 5036 naiura
1298 4977 1550 5036 similiter
1581 4979 1868 5034 Dominum
1927 4977 2023 5032 ad-

466 5090 699 5131 unamus
735 5087 747 5126 t
780 5090 900 5144 qua:
940 5073 1087 5128 enim
1120 5080 1506 5142 proponuntur
1528 5087 1558 5124 e
1593 5086 1700 5124 non
1727 5069 2019 5132 similibus,

449 5165 685 5238 regulari
714 5164 1040 5218 necessitate
1077 5178 1186 5216 non
1211 5161 1410 5216 similia
1431 5178 1444 5214 :
1465 5176 1574 5214 non
1605 5176 1736 5230 ergo
1769 5160 1877 5213 illis
1901 5175 2024 5212 "on-

449 5266 770 5313 sentaneum
817 5253 1039 5325 penitus
1076 5254 1410 5324 eXemplum,
1466 5251 1597 5306 licet
1643 5251 1866 5305 realiter
1933 5251 2020 5305 di-

449 5355 668 5402 ceretur
720 5359 850 5406 una,
900 5351 956 5396 et
1004 5349 1216 5395 tantum
1260 5352 1477 5409 semper
1523 5353 1630 5392 una
1677 5337 2022 5392 demonstra-

450 5443 602 5491 retur
651 5434 888 5488 hominis
928 5443 1143 5486 natura.
1633 5459 1640 5462 -
1800 5503 1804 5506 ἱ

518 5529 606 5582 46.
643 5525 699 5581 Si
731 5535 929 5579 natura
979 5521 1252 5594 passibilis
1284 5535 1411 5574 caro
1442 5519 1606 5575 Verbi
1651 5530 1761 5570 non
1793 5517 1906 5570 visa
1940 5524 2023 5570 est

442 5617 794 5691 impassibilis
823 5625 1050 5685 propter
1080 5614 1467 5668 adunationem
1491 5611 1557 5664 ad
1594 5610 1794 5679 ipsum,
1818 5618 2022 5678 quanto

454 5711 628 5779 magis
662 5717 858 5763 natura
883 5706 1231 5776 impassibile
1259 5704 1520 5767 Verbum,
1569 5701 1744 5771 ipsum
1793 5714 1901 5754 non
1937 5699 2018 5753 fa—

448 5807 683 5856 ctuuiest
707 5799 964 5868 passiliile
982 5805 1204 5866 propter
1226 5795 1612 5850 adunationem
1634 5791 1699 5845 ad
1730 5790 2024 5859 passibile?

2123 4605 2213 4656 ἐπὶ
2251 4603 2309 4656 δὲ
2357 4602 2450 4656 τοῦ
2499 4603 2726 4674 Κυρίου,
2771 4603 2869 4655 οὐκ
2917 4595 3131 4673 ἐπινοίᾳ
3179 4600 3554 4672 προῦπάρχειν
3602 4599 3693 4651 τὸν

2121 4697 2292 4765 Λόγον
2321 4697 2417 4764 τῆς
2455 4695 2588 4756 ιδίας
2618 4691 2916 4757 συνθέσεως
2949 4708 3126 4764 φαμεν
3154 4694 3353 4762 ὁμοίως
3378 4691 3457 4761 τῷ
3485 4689 3684 4760 ἀνθρὼι

2123 4804 2239 4858 πῳ·
2273 4789 2322 4840 εί
2351 4787 2407 4840 δὲ
2433 4783 2530 4857 οὐχ
2556 4786 2756 4856 ὁμοίιος
2784 4787 2844 4838 τὸ
2873 4787 2936 4838 ὲκ
2977 4786 3071 4838 δύο
3105 4786 3198 4836 ἐπὶ
3229 4783 3324 4837 τοῦ
3359 4782 3566 4853 Κυρίου
3599 4785 3692 4836 καὶ
3719 4808 3722 4810 -

2123 4880 2410 4949 ἀνθρώπου
2444 4877 2624 4948 ψιλοῦ,
2661 4877 2780 4930 οὐδὲ
2828 4880 2895 4948 τῇ
2939 4878 3037 4947 μιᾷ
3078 4872 3172 4928 τοῦ
3216 4873 3501 4944 ἀνθρώπου
3531 4871 3691 4941 φύσει

2121 4971 2327 5041 ὁμοίως
2363 4969 2591 5039 ὲνοῦμεν
2636 4971 2724 5022 τὸν
2763 4969 2997 5038 Κύριον·
3037 4971 3107 5021 τὰ
3159 4968 3268 5038 γὰρ
3318 4966 3376 5032 ἐξ
3424 4963 3691 5032 ἀνομοίων

2126 5063 2480 5131 συγκείμενα,
2534 5060 2764 5129 ἀνόμοια
2811 5059 3157 5129 γραμμικαῖς
3201 5058 3468 5124 ἀνάγκαις
3498 5071 3509 5084 ·
3587 5053 3690 5106 οὐκ

2126 5154 2232 5224 ἄρα
2285 5154 2486 5206 οἰκεῖον
2534 5151 2718 5214 αὐτοῖς
2765 5151 2940 5218 πάντη
2981 5149 3042 5202 τὸ
3089 5147 3462 5218 παράδειγμα,
3495 5144 3544 5196 εἰ
3597 5145 3692 5195 καὶ

2130 5250 2298 5312 ὅντως
2332 5248 2434 5318 μία
2465 5245 2704 5314 ἐλέγετο,
2737 5245 2830 5298 καὶ
2868 5243 3040 5314 μόνως
3073 5241 3160 5295 ἀεὶ
3211 5241 3306 5310 μία
3357 5237 3629 5292 ἐδείκνυτο
3658 5238 3707 5330 η’

2123 5339 2218 5391 τοῦ
2252 5337 2542 5408 ἀνθρώπου
2580 5335 2760 5406 φύσις.

2193 5521 2313 5588 μς’.
2360 5513 2420 5567 Et
2474 5515 2506 5583 ἡ
2571 5511 2730 5580 φύσει
2801 5509 3015 5579 παθητὴ
3071 5505 3206 5578 σὰρξ
3256 5505 3349 5560 τοῦ
3391 5503 3560 5572 Λόγου
3593 5505 3690 5557 ούκ

2127 5606 2281 5678 ὤφθη
2319 5605 2534 5670 ἀπαθὴς
2561 5602 2649 5656 διὰ
2677 5601 2775 5672 τὴν
2801 5600 2940 5670 πρὸς
2969 5601 3138 5654 αὐτὸν
3161 5600 3376 5663 ἕνωσιν,
3428 5599 3577 5667 πόσῳ
3623 5613 3688 5665 γε

2129 5695 2329 5765 μᾶλλον
2358 5695 2386 5745 ό
2423 5692 2582 5761 φύσει
2611 5689 2825 5759 ἀπαθὴς
2857 5689 3051 5757 Λόγος,
3081 5687 3242 5750 αὐτὸς
3269 5688 3334 5740 οὔ
3361 5686 3547 5754 γέγονε
3585 5703 3689 5738 παρ

2125 5788 2306 5856 Θητὸ’,
2327 5784 2416 5837 διὰ
2449 5781 2546 5852 τὴν
2573 5781 2706 5849 πρὸς
2732 5781 2790 5832 τὸ
2825 5780 3062 5850 παθητὸν
3094 5779 3319 5845 ἓνωσινς
3350 5778 3414 5829 Τί
3438 5772 3529 5830 οὖν
3557 5793 3690 5828 mv-
