3998 6282
450 438 599 507 mo

1693 436 2001 501 LEONTII
2042 432 2441 498 BYZtNTlNI

3567 442 3698 509 1800

527 552 616 607 56.
642 549 706 604 Si
732 553 908 602 totum
935 544 1228 614 compositi
1246 544 1451 601 Christi
1460 546 1652 618 ,Deum
1674 557 1730 601 et
1752 547 2028 603 hominem

2206 551 2297 602 νδ¹.
2333 550 2392 601 Ei
2418 549 2479 602 τὸ
2515 548 2634 602 ὅλον
2662 548 2756 601 τοῦ
2787 552 3040 604 συνθέτου
3064 550 3299 621 Χριστοῦ
3327 552 3459 605 θεὸν
3491 556 3581 608 καὶ
3609 556 3701 608 ἄν·

455 639 760 700 conﬁteris.
784 644 914 692 ecce
941 636 1263 690 totalitatem
1289 636 1357 691 ab
1381 637 1735 691 efﬁcientium
1758 653 1877 693 eam
1903 655 2028 708 par-

458 735 594 787 tium
614 728 934 785 nominibus
956 726 1212 799 vocabis;
1244 727 1521 797 quomodo
1543 743 1674 798 ergo
1704 738 2024 784 naturarum

454 823 830 894 duplicitatem
875 819 1170 873 adunatam
1220 835 1329 874 non
1375 819 1514 874 dicis
1559 835 1681 875 esse
1722 821 2023 893 Christum,

455 932 576 985 quae
602 920 731 968 sunt
746 910 896 968 Deus
915 919 971 965 et
997 911 1162 965 homo
1184 920 1240 966 et
1262 920 1448 981 partes
1477 912 1647 968 totius
1674 912 2029 983 hypost‘aseos

362 1036 368 1042 -
442 1004 692 1062 Christi?

525 1098 614 1151 55.
649 1096 706 1151 Si
738 1111 847 1149 non
881 1095 1003 1151 duae
1029 1096 1125 1151 Dei
1154 1104 1211 1150 et
1238 1094 1483 1151 hominis
1512 1105 1740 1161 naturae,
1771 1096 1866 1153 sed
1894 1113 2024 1167 una,

454 1202 704 1255 quaenam
739 1186 962 1255 proprie
1008 1186 1213 1241 Christi
1260 1196 1341 1241 est
1373 1196 1588 1241 natura.
1623 1188 1765 1257 Ergo
1800 1188 2024 1243 realiter

451 1277 758 1345 secundum
790 1292 887 1331 vos
927 1276 1131 1332 Christi
1168 1292 1367 1345 parcns
1399 1287 1588 1330 sancta
1626 1277 1785 1349 Virgo
1825 1286 1881 1333 et
1917 1293 2026 1332 non

452 1369 548 1424 Dei
581 1384 781 1440 parcns
810 1370 1110 1434 diceretur,
1142 1385 1265 1439 qua:
1295 1378 1549 1424 naturam
1579 1368 1808 1425 alteram
1838 1385 1868 1425 a
1898 1370 2033 1427 sim-

455 1460 670 1529 pliciter
696 1460 881 1515 divina
907 1467 962 1514 et
993 1459 1231 1514 humana
1264 1461 1536 1529 genuerit.

522 1550 611 1606 56.
641 1551 836 1607 Adhuc
859 1565 890 1606 a
917 1551 1287 1607 diﬁ‘erentiam
1322 1552 1637 1608 dicentibus
1659 1562 1716 1607 et
1738 1556 1846 1608 nan
1872 1553 2030 1609 diﬁ'e-

455 1640 630 1694 rentia
662 1641 1088 1695 numerantibus
1116 1641 1504 1709 inquirendum
1535 1660 1548 1694 :
1577 1643 1732 1710 quasi
1767 1642 2029 1697 distincta

451 1731 620 1786 Verbo
651 1732 887 1786 dicimus
914 1740 971 1787 et
1009 1748 1119 1786 non
1156 1733 1312 1802 quasi
1344 1733 1567 1789 deﬁnita
1608 1735 2025 1805 hypostasihus;

452 1834 635 1876 nonne
675 1823 1053 1879 deﬁnitionem
1086 1824 1281 1879 dicunt
1321 1833 1448 1879 ante
1491 1825 1858 1881 diﬁ‘erentiam
1906 1842 2027 1881 esse

2136 638 2354 709 θρωέτον
2380 640 2685 709 ὁμολογεῖς,
2722 642 2830 694 ἰδοῦ
2863 644 2961 710 τὴν
2990 643 3220 711 ὁλότητα
3265 645 3333 714 τῇ
3373 643 3479 698 τῶν
3510 646 3703 700 dunta-

2135 730 2398 782 λεστικών
2430 731 2615 799 αὑτῆςκ
2654 731 2833 801 μερῶν
2895 733 3182 803 ἐπωνυμίᾳ
3240 735 3699 805 προσαγορεύεις·

2136 820 2250 881 πῶς
2286 819 2379 872 οὖν
2411 821 2506 889 τὴν
2543 822 2709 875 δυάδα
2733 823 2842 874 τῶν
2872 822 3084 892 φύσεων
3119 824 3404 894 ἡνωμένην
3442 828 3502 880 ού
3528 827 3702 895 λέγεις

2134 908 2273 965 εἶναι
2298 914 2558 994 Χριστὸν,
2594 914 2659 966 αἴ
2683 916 2789 968 εισι
2810 914 2942 977 Θεὸς
2975 915 3066 967 καὶ
3097 914 3400 982 ἄνθρωπος,
3432 919 3523 970 καὶ
3563 919 3704 991 μέρη

2133 1001 2231 1070 τῆς
2268 1000 2395 1070 ὅλης
2429 1003 2778 1065 ὑποστάσεως
2809 1002 3079 1072 Χριστοῦς

2208 1093 2301 1147 γε’.
2339 1096 2400 1149 Ei
2451 1097 2527 1165 μὴ
2555 1094 2649 1148 δύο
2705 1095 2895 1163 φύσεις
2936 1095 3070 1149 Θεοῦ
3109 1096 3202 1150 καὶ
3234 1097 3542 1168 ἀνθρώπου,
3568 1100 3705 1154 ἀλλὰ

2142 1187 2261 1255 μία,
2294 1186 2376 1245 τίς
2428 1187 2572 1247 ἰδίως
2600 1186 2831 1257 Χριστοῦ
2863 1187 2980 1239 ἐστὶ
3025 1188 3185 1255 φύσις
3212 1205 3225 1251 ;
3264 1189 3405 1257 ’Ἄρα
3435 1207 3496 1258 γε
3535 1191 3704 1255 ὅντως

2138 1275 2262 1328 καθ’
2305 1275 2451 1343 ὑμᾶς
2497 1276 2858 1345 Χριστοτόκος
2890 1277 2923 1345 ἡ
2979 1275 3109 1345 ἁγία
3161 1276 3435 1346 Παρθένος
3496 1279 3587 1331 καὶ
3641 1281 3701 1333 οὐ

2135 1367 2396 1431 Θεοτόκος
2430 1366 2661 1435 λέγοιτο,
2711 1365 2873 1436 φύσιν
2915 1367 3110 1437 ἑτέραν
3161 1367 3314 1437 παρὰ
3369 1368 3467 1440 τὴν
3516 1368 3703 1433 ἁπλῶς

2137 1459 2285 1513 θείαν
2321 1460 2413 1514 καὶ
2443 1458 2791 1529 ἀνθρωπείαν
2817 1457 3075 1513 τεκοῦσα.

2206 1557 2314 1615 νς’.
2354 1550 2477 1603 Ἔτι
2508 1551 2808 1620 ἐρωτητέον
2854 1550 3053 1610 αὐτοὺς
3089 1549 3346 1617 λέγοντας
3374 1550 3473 1621 τὴν
3514 1551 3701 1619 διαρο-

2138 1642 2258 1714 ρὰν,
2282 1642 2377 1696 καὶ
2410 1642 2512 1694 οὐκ
2536 1640 2902 1711 ἀριθμοῦντας
2931 1641 2999 1693 τὰ
3026 1641 3371 1711 διαφέροντα·
3405 1642 3482 1705 ὡς
3512 1642 3700 1695 διακε-

2136 1751 2225 1806 κρι
2235 1734 2371 1804 μένα
2395 1734 2472 1805 τῷ
2502 1733 2645 1805 λόγῳ
2669 1745 2870 1803 φαμεν,
2897 1736 2989 1788 καὶ
3013 1734 3111 1804 οὐχ
3138 1734 3212 1795 ὼς
3235 1735 3567 1806 διωρισμένα
3582 1738 3703 1800 ταῖς

2137 1827 2515 1881 ὑποστάσεσινο
2556 1821 2668 1897 ἆρά
2713 1843 2844 1893 φασι
2887 1827 2977 1879 τὸν
3010 1825 3291 1897 διορισμὸν
3317 1828 3422 1896 πρὸ
3453 1827 3550 1895 τῆς
3589 1826 3703 1879 δια-

454 1920 684 1979 natnrze,
727 1930 795 1967 an
839 1929 964 1967 cum
999 1913 1349 1969 diﬁ‘erentia?
1380 1914 1435 1969 Si
1476 1930 1607 1985 ergo
1647 1916 1868 1985 quidem
1902 1925 2030 1971 ante

2140 1917 2303 1986 φορᾶς
2327 1911 2470 1967 εἶναι
2499 1914 2731 1985 φύσει,ἢ
2763 1916 2859 1969 σὺν
2890 1917 2956 1986 τῇ
2978 1914 3247 1984 διαφορᾷς
3276 1916 3336 1968 EE
3367 1916 3466 1985 μὲν
3482 1911 3574 1968 οὖν
3599 1914 3704 1978 πρὸ
3750 1958 3757 1969 κ

451 2004 818 2059 diﬁcrentiam
854 2005 1114 2070 dixerint,
1143 2008 1247 2062 erit
1282 2016 1340 2062 et
1366 2007 1434 2062 de
1464 2009 1692 2065 omnino
1721 2024 1829 2065 non
1862 2008 2030 2063 diﬁ'e-

454 2095 704 2148 rentibus
733 2094 1005 2159 deﬁnitio,
1037 2096 1182 2150 sicut
1211 2096 1552 2152 dcﬁuiuntur
1580 2105 1636 2152 et
1663 2105 1949 2166 punctum,
1975 2106 2034 2151 et

450 2188 637 2241 unitas
664 2196 720 2241 et
757 2187 1006 2256 spiritus,
1035 2196 1092 2241 et
1123 2188 1237 2256 ipsa
1267 2186 1803 2257 diﬁ‘crentiaeexpers
1846 2187 2030 2242 divina

454 2286 688 2342 natura;
738 2287 795 2332 et
830 2294 939 2332 una
963 2294 1093 2349 ergo
1127 2278 1261 2348 ipsis
1305 2288 1498 2334 natura
1541 2279 1843 2333 secundum
1884 2279 2032 2348 quod

456 2368 617 2423 unica
644 2367 939 2434 deﬁnitur;
969 2384 1133 2439 porro
1159 2368 1464 2424 secundum
1496 2369 1642 2439 quod
1666 2369 1950 2435 deﬁnitur,
1975 2378 2033 2423 et

453 2476 484 2514 a
526 2475 757 2514 numero
803 2460 1097 2525 discessit;
1135 2477 1239 2516 nec
1279 2462 1429 2517 unici
1471 2461 1677 2516 Christi
1712 2476 2031 2525 numerum,

454 2548 551 2602 sed
594 2558 651 2604 et
679 2548 919 2619 Spiritus
949 2550 1044 2619 qui
1080 2549 1136 2603 in
1170 2550 1288 2620 ipso
1313 2558 1397 2605 est
1430 2548 1833 2619 particulariter
1856 2556 1912 2602 et
1941 2549 2029 2603 di-

454 2640 702 2694 vinitatis
734 2656 856 2711 qua:
890 2641 946 2696 in
994 2641 1113 2710 ipso
1146 2650 1231 2695 est
1274 2640 1408 2696 dant
1450 2656 1777 2706 numerum;
1813 2641 1859 2695 si
1897 2656 2029 2696 vero

456 2746 581 2783 cum
608 2730 940 2795 diﬁ‘erentia,
964 2742 1061 2785 aut
1089 2740 1210 2800 post
1233 2731 1624 2796 diﬁerentiam,
1647 2731 2026 2787 deﬁnitionem

457 2822 769 2877 necessario
802 2804 1417 2888 vident’diﬁ‘erentium,
1454 2824 1730 2894 quomodo
1761 2824 2029 2879 differen-

404 2910 409 2913 “
454 2914 588 2967 tiam
619 2912 892 2978 dicentes,
915 2913 1292 2968 deﬁnitionem
1328 2913 1702 2969 differentium
1732 2916 1875 2970 circa
1908 2931 2032 2969 ror-

457 3006 588 3061 bum
634 3019 745 3059 non
794 3004 1019 3059 dicunt?
1072 3004 1140 3058 Et
1192 3005 1470 3074 quomodo
1520 3020 1628 3060 non
1679 3021 1748 3061 ex
1782 3007 2028 3060 omnium

454 3110 725 3152 consensu
770 3102 825 3150 et
857 3102 1074 3149 servata
1112 3094 1443 3151 adunatioue
1490 3096 1793 3151 secundum
1830 3097 2031 3151 horum

456 3186 816 3256 lzypostasim.
838 3201 903 3240 ea
924 3201 1046 3254 quae
1070 3187 1238 3240 verbo
1260 3186 1525 3241 diﬁerunt
1553 3195 1609 3241 et
1637 3186 2029 3243 diﬁ'erentibus

458 3276 856 3333 deﬁnientibus
936 3277 1124 3332 verbis
1166 3276 1319 3346 quasi
1352 3277 1684 3347 quibusdam
1754 3279 2027 3334 limitibus

455 3366 681 3421 deﬁnita
721 3368 1057 3421 numerant?

2131 2008 2230 2077 τῆς
2261 2006 2521 2076 διαφορᾶς
2553 2005 2776 2072 εῐποιεν,
2801 2006 2951 2058 ἔσται
3001 2006 3094 2057 καὶ
3122 2007 3179 2057 ἑν
3206 2011 3315 2067 τοῖς
3342 2005 3519 2074 πάντη
3548 2005 3700 2059 ἀδια-

2133 2100 2321 2169 φόροις
2353 2101 2382 2151 ὁ
2412 2097 2711 2169 διορισμὸς,
2759 2098 2835 2160 ὡς
2879 2096 3161 2166 διωρίσθαι
3193 2098 3287 2148 καὶ
3321 2097 3576 2167 στιγμὴν,
3610 2097 3703 2150 καὶ

2138 2189 2364 2257 μονάδα,
2396 2190 2490 2241 καὶ
2534 2188 2688 2251 νοῦν,
2729 2186 2826 2241 καὶ
2876 2188 3044 2256 αὐτὴν
3087 2187 3185 2256 τὴν
3229 2186 3518 2255 ἀδιάφορον
3550 2186 3701 2239 θείαν

2137 2281 2320 2349 φύσιν
2348 2282 2440 2334 καὶ
2468 2283 2502 2351 ἡ
2530 2281 2629 2350 μία
2661 2275 2754 2333 οῦν
2784 2281 2970 2343 αὐτοῖς
3001 2279 3180 2348 φύσις,
3219 2275 3341 2333 mil"
3391 2279 3424 2333 ’δ
3477 2281 3597 2351 μία,
3625 2280 3704 2333 δι-

2138 2372 2392 2443 ώρισταιθ
2421 2372 2541 2425 καθ’
2584 2371 2613 2424 ὃ
2639 2371 2696 2424 δὲ
2724 2370 3028 2440 διώρισται,
3054 2372 3146 2424 καὶ
3165 2372 3381 2443 ἀριθμῷ
3410 2356 3699 2424 ὑπέπεσεν·

2135 2465 2197 2517 οὐ
2232 2464 2393 2534 μόνου
2426 2480 2483 2515 τε
2508 2461 2743 2534 Χριστοῦ
2767 2461 3019 2531 ἀριθμὸν,
3048 2462 3182 2515 ἀλλὰ
3216 2464 3310 2514 καὶ
3346 2461 3439 2515 τοῦ
3474 2463 3532 2517 ὲν
3555 2461 3702 2531 αύτῷ

2134 2554 2226 2608 νοῦ
2261 2556 2362 2622 ἰδίᾳ
2389 2555 2483 2608 καὶ
2512 2555 2608 2623 τῆς
2637 2556 2696 2607 ἐν
2730 2553 2877 2622 αὐτῷ
2903 2552 3153 2623 θεότητος
3182 2551 3415 2606 διδόασιν
3446 2552 3697 2623 ἀριθμόν

2135 2649 2183 2700 εί
2215 2648 2266 2700 δὲ
2296 2646 2393 2699 σὺν
2422 2648 2487 2715 τῇ
2514 2645 2766 2715 διαφορᾷ,
2797 2645 2831 2712 ἢ
2882 2644 3019 2714 μετὰ
3042 2644 3140 2713 τὴν
3188 2642 3473 2713 διαφορὰν,
3506 2643 3599 2697 τὸν
3623 2642 3672 2696 δι

2133 2736 2360 2807 ορισμδν
2407 2734 2716 2803 ἀναγκαίως
2759 2734 2928 2803 ὁρῶσι
2975 2732 3082 2784 τῶν
3129 2732 3532 2802 διαφερόντων,
3588 2731 3703 2795 πῶς

2136 2826 2407 2898 διαφορὰν
2438 2827 2692 2895 λέγοντες
2744 2826 2837 2878 τὸν
2864 2824 3006 2878 κατὰ
3031 2825 3123 2878 τὸν
3166 2825 3324 2892 λόγον
3371 2826 3482 2879 τῶν
3517 2826 3705 2894 διαρει

2140 2923 2344 2991 ριὶντων
2402 2915 2678 2989 διορισμὸν
2709 2914 2771 2968 οὔ
2803 2932 2968 2984 φασι,
3019 2915 3116 2968 καὶ
3137 2915 3583 2985 ὁμολογουμένως
3609 2918 3705 2970 κιὶ

2138 3013 2236 3082 τῆς
2263 3011 2383 3065 καθ’
2414 3011 2709 3064 ὑπόστασιν
2743 3007 2922 3062 αὐτῶν
2976 3007 3221 3070 ὲνὼσεως
3256 3008 3704 3078 (γ’)υλαττομένηςη⁹

2139 3104 2208 3155 τὰ
2251 3101 2581 3173 διαφέροντα
2642 3100 2721 3171 τῷ
2741 3101 2886 3172 λόγῳ
2941 3102 3034 3156 καὶ
3088 3102 3361 3173 διαφόροις,
3412 3102 3707 3175 ὁριπικοῖς

2136 3193 2316 3261 λόγοις
2350 3187 2461 3246 οἷόν
2505 3210 2646 3246 τισιν
2676 3193 2819 3263 ὅροις
2870 3192 3216 3264 διοριζόμενα
3261 3192 3705 3265 ἀπαριθμοῦσινς

2742 3334 2775 3353 \

474 3524 477 3527 _
527 3460 617 3515 57.
651 3461 926 3515 Numerus
956 3469 1051 3515 aut
1083 3476 1215 3531 prro,
1257 3472 1354 3518 aut
1383 3477 1489 3517 una
1531 3473 1627 3518 aut
1658 3472 1782 3533 post
1813 3463 2031 3520 exsistit

2199 3458 2299 3523 vC'.
2318 3457 2376 3510 Ὀ
2401 3453 2633 3525 ἀριθμὸς
2659 3446 2691 3524 ἢ
2727 3453 3070 3523 προῦπὰρχει
3094 3454 3126 3525 ἢ
3161 3456 3493 3527 συνυπάρχει
3521 3457 3552 3527 ἢ
3581 3455 3710 3528 με’θη

459 3552 686 3626 rclative
720 3553 786 3608 ad
824 3553 1228 3620 differentiam;
1261 3554 1630 3610 diﬁ‘erontiam
1667 3571 1800 3626 ergo
1828 3556 2035 3610 aduna-

458 3620 640 3699 t‘arum
663 3644 879 3698 Domini
901 3652 1223 3700 naturarum
1243 3647 1338 3715 qui
1360 3645 1714 3709 conﬁtentur,
1741 3664 2032 3702 numerum

455 3736 607 3791 circa
650 3736 823 3806 ipsam
876 3753 1073 3807 nempe
1126 3737 1436 3794 differentia
1479 3740 1724 3810 negotia,
1760 3740 2032 3810 siquidem

456 3837 588 3884 ante
614 3829 788 3898 ipsam
824 3838 1063 3884 noscunt
1093 3846 1408 3896 numerum,
1441 3831 1627 3887 dicant
1661 3832 1755 3887 ubi
1782 3832 2035 3888 videntes

460 3922 565 3976 ista
597 3929 691 3977 aut
734 3936 867 3976 sane
898 3920 1114 3977 diversa
1148 3932 1598 3987 numeraverunt,
1633 3931 1693 3977 ut
1720 3939 1788 3978 ex
1818 3923 2035 3978 duabus

458 4012 699 4068 diversis
726 4012 859 4082 ipsis
881 4013 955 4067 sit
980 4028 1089 4067 una
1119 4020 1314 4067 natura
1352 4023 1446 4068 aut
1476 4013 1791 4070 diﬁ'erentia
1816 4030 2033 4084 expers,

454 4106 682 4174 quando
727 4105 902 4161 divisa
944 4116 1031 4162 est
1076 4106 1501 4162 similitudinem
1550 4106 1781 4171 habens,
1812 4106 2032 4176 quando

456 4196 699 4250 adunata
731 4205 815 4249 est
844 4210 958 4263 pra:
990 4211 1049 4251 se
1086 4195 1427 4261 admittens;
1465 4196 1511 4251 si
1538 4212 1669 4251 vero
1702 4212 1827 4252 cum
1873 4197 2034 4252 diﬁ‘e-

461 4286 642 4341 rentia
673 4294 769 4340 aut
797 4293 920 4356 post
947 4285 1119 4354 ipsam
1154 4301 1421 4342 numerus
1450 4295 1556 4352 est,
1586 4288 1902 4343 necessario
1932 4287 2037 4342 dif-

462 4377 751 4430 ferentiam
777 4376 992 4439 dantes,
1030 4381 1126 4429 aut
1163 4389 1289 4430 cum
1337 4374 1450 4443 ipsa
1481 4383 1575 4428 aut
1606 4384 1828 4443 propter
1861 4376 2032 4443 ipsam

458 4475 522 4520 et
564 4479 748 4520 rerum
791 4458 1166 4519 differentium
1221 4476 1511 4516 numerum
1561 4463 1705 4533 exigi
1749 4463 2032 4517 videbunt.

537 4554 623 4609 58.
659 4553 715 4607 Si
744 4566 909 4606 unam
941 4567 971 4605 e
995 4550 1231 4613 duabus,
1258 4565 1360 4604 nec
1382 4549 1618 4618 amplius
1650 4549 1786 4604 duas
1814 4558 2036 4604 naturas

465 4646 681 4700 Domini
725 4645 900 4700 nostri
931 4643 1058 4700 Iesu
1094 4643 1299 4699 Christi
1340 4659 1459 4698 esse
1499 4643 1673 4707 aiunt,
1711 4644 1916 4707 dicant,
1948 4643 2033 4698 di-

465 4735 593 4788 vina
613 4734 937 4788 relationem
958 4734 1025 4788 de
1044 4733 1323 4787 communi
1340 4741 1396 4787 et
1409 4732 1723 4802 particulari
1741 4741 2036 4802 superante

2141 3550 2380 3619 υπάρχει
2439 3549 2539 3614 τῆς
2583 3544 2848 3613 διαφορᾶς
2881 3545 3095 3608 ’πάντως
3120 3559 3134 3573 ·
3173 3546 3268 3615 τὴν
3310 3542 3402 3599 οὖν
3442 3546 3707 3617 διαφορὰν

2138 3640 2247 3694 τῶν
2269 3638 2561 3710 ήνωμένων
2592 3636 2802 3704 φύσεων
2830 3635 2923 3689 τοῦ
2962 3637 3170 3706 Κυρίου
3212 3638 3261 3688 οί
3296 3636 3706 3707 ὁμολογοῦντες,

2137 3732 2231 3784 τὸν
2266 3727 2501 3799 ἀριθμὸν
2541 3727 2632 3779 τὸν
2680 3726 2803 3778 κατ’
2837 3725 3040 3793 αὐτὴν,
3069 3725 3239 3793 ἦγουν
3283 3725 3353 3778 τὰ
3383 3727 3707 3798 διαφέροντα

2141 3821 2463 3892 πράγματα,
2492 3819 2540 3871 εἰ
2571 3818 2666 3886 μὲν
2693 3817 2799 3887 πρὸ
2829 3816 2995 3885 αὐτῆς
3027 3816 3194 3879 ῐσασι,
3228 3815 3565 3885 λεγέτωσαν,
3603 3820 3706 3873 ποῦ

2144 3913 2339 3973 ίδὸντες
2371 3908 2508 3962 αὐτὰ
2537 3908 2570 3979 ἢ
2603 3907 2733 3960 πότε
2760 3907 2991 3977 διάφορα
3027 3905 3360 3976 ¹ίλρίθμησαν,
3393 3907 3480 3960 ἵνα
3527 3909 3709 3964 ἐκδύο

2144 4002 2241 4073 μὲν
2265 4001 2536 4073 διαφόρων
2574 4000 2670 4070 μία
2695 4000 2753 4052 δὲ
2779 3999 2938 4068 φύσις
2971 3999 3055 4071 εἴη
3091 4001 3275 4064 αὐτοῖς
3298 4000 3390 4054 νῦν
3419 4002 3452 4072 ἢ
3482 4002 3700 4072 ἀδιάφο-

2143 4109 2255 4163 ρος,
2304 4092 2394 4143 ὅτε
2440 4089 2677 4142 διίστατο
2704 4088 2901 4159 ἔχουσα
2938 4088 3002 4139 τὸ
3030 4090 3233 4159 ὅμοιον,
3272 4090 3359 4142 ὅτε
3406 4090 3464 4143 δὲ
3524 4092 3705 4163 ὴνώθη

2139 4184 2263 4237 τάδε
2295 4180 2535 4234 λαϐοῦσα
2564 4182 2625 4233 τὸ
2656 4179 2931 4251 διάφορον
2978 4182 3027 4233 εἰ
3072 4181 3128 4233 δὲ
3172 4182 3267 4233 σὺν
3298 4184 3363 4253 τῇ
3391 4181 3642 4253 διαφορᾷ.
3672 4180 3706 4254 ἦ

2145 4277 2283 4348 μετὰ
2310 4276 2516 4343 ταύτην
2549 4275 2578 4327 ὁ
2618 4275 2851 4345 ἀριθμός
2887 4277 3054 4334 ἐστιν,
3089 4275 3404 4341 ἀναγκαίως
3446 4276 3707 4348 διαφορὰν

2140 4370 2407 4438 δόντες,ἢ
2450 4369 2546 4420 σὺν
2592 4367 2765 4434 αὐτῇ,
2818 4365 2849 4433 ἢ
2895 4365 2983 4417 ἐπ’
3016 4365 3172 4435 αὐτῇ,
3217 4364 3313 4420 καὶ
3357 4367 3445 4419 τὸν
3479 4367 3704 4437 ἀριθμὸν

2141 4458 2248 4512 τῶν
2279 4456 2646 4526 διαφερόντων
2673 4454 3187 4524 εἰσπραχθῆσονται.

2212 4547 2314 4617 νη’.
2344 4548 2407 4600 Ei
2447 4546 2575 4617 μίαν
2605 4548 2668 4598 ἐκ
2713 4545 2827 4607 δύο,
2856 4545 2976 4614 οὐχὶ
3000 4544 3077 4597 ’δὲ
3124 4546 3219 4597 καὶ
3251 4544 3345 4598 δύο
3378 4547 3566 4617 φύσεις
3607 4547 3700 4600 τοῦ

2142 4637 2349 4709 Κυρίου
2384 4637 2541 4709 ἡμῶν
2589 4635 2765 4706 Ἰησοῦ
2802 4634 3038 4705 Χριστοῦ
3062 4630 3200 4687 εἷναί
3228 4654 3380 4705 φασι,
3401 4636 3711 4703 λεγέτωσαν

2142 4732 2239 4799 τῆς
2271 4729 2419 4792 θείας
2445 4729 2585 4798 ὑπὲρ
2610 4728 2702 4780 τὸν
2724 4726 2816 4779 τοῦ
2845 4725 3023 4779 κοινοῦ
3057 4729 3149 4779 καὶ
3180 4727 3346 4780 ίδικοῦ
3369 4728 3525 4795 λόγον
3544 4727 3712 4798 οὕσης

437 4836 534 4901 ἐκ
579 4823 822 4876 omnium
866 4837 1142 4877 consensu
1177 4831 1410 4885 natura,
1461 4820 1687 4874 alteram
1734 4820 1967 4874 duarum
2008 4837 2034 4876 ε

2149 4822 2361 4891 φύσεως
2392 4817 2857 4889 ὁμολογουμένως,
2907 4817 3006 4887 τὴν
3047 4818 3238 4887 ὲτέραν
3284 4819 3391 4872 τῶν
3423 4818 3517 4871 δύο
3547 4817 3606 4884 ἐξ
3637 4814 3712 4873 ὦν

460 4913 669 4984 quibus
714 4912 985 4976 Salvator,
1031 4912 1244 4966 scilicet
1292 4910 1711 4968 humznitatem.
1748 4925 2039 4979 quamnam

466 5004 699 5060 dicunt?
748 5001 1139 5066 Communem,
1190 5011 1283 5055 aut
1334 5001 1763 5071 particularem?
1809 5000 1863 5056 Si
1911 5016 2043 5070 ergo

463 5095 692 5165 quidem
731 5093 1117 5161 particularem
1146 5088 1434 5162 quamdam
1469 5099 1720 5145 naturam
1751 5090 2048 5163 particula-

469 5186 608 5239 riter
635 5185 748 5239 exsi
763 5193 998 5263 stentem
1023 5194 1080 5239 et
1095 5185 1302 5254 absque
1330 5183 1513 5238 Verbo
1540 5182 1679 5239 forte
1705 5183 1848 5238 hanc
1880 5199 2050 5239 exco-

468 5279 669 5349 gitant,
701 5278 1051 5348 perSpicuum
1083 5286 1168 5331 est
1194 5276 1340 5346 quod
1380 5276 1761 5331 Nestorianam
1792 5275 2042 5346 impieta-

471 5376 583 5423 tem
632 5376 934 5424 sectantnr.
988 5367 1044 5422 Si
1091 5382 1436 5422 communem
1487 5366 1627 5422 hanc
1674 5366 1898 5431 dicunt,
1949 5374 2043 5420 aut

472 5460 827 5531 cogitatione,
878 5468 973 5513 aut
1018 5473 1098 5523 re,
1148 5459 1315 5512 totius
1347 5474 1477 5511 vero
1516 5458 1703 5513 forma:
1745 5459 2039 5515 essentiam

474 5551 665 5615 aiunt;
708 5550 755 5605 si
804 5566 936 5621 ergo
980 5542 1205 5620 quidem
1258 5549 1591 5620 cogitatione
1638 5549 1830 5604 dicunt
1877 5565 2041 5603 unam

475 5655 597 5695 esse
626 5656 817 5695 earum
861 5656 891 5694 ο
936 5642 1141 5712 quibus
1170 5640 1418 5697 Salvator
1461 5641 1797 5710 compositus
1826 5649 1912 5695 est
1936 5656 2047 5695 una

478 5739 673 5787 natura
726 5741 1017 5798 constans,
1072 5734 1423 5803 perspicuum
1492 5740 1577 5787 est
1626 5732 1772 5803 quod
1822 5731 2052 5786 rationis

480 5823 748 5878 naturalis
773 5823 917 5877 circa
965 5823 1144 5893 ipsum
1178 5823 1354 5884 media
1400 5838 1545 5893 pars,
1581 5822 1909 5895 cogitatione
1945 5823 2053 5877 crit

478 5923 537 5972 et
586 5930 695 5970 non
741 5931 820 5981 re,
866 5914 1078 5972 scilicet
1123 5914 1421 5971 humanum
1469 5930 1593 5984 pars
1637 5912 2053 5984 compositionis

2145 4915 2173 4965 ὁ
2202 4913 2412 4983 Σωτὴρ,
2446 4912 2619 4982 ἤγουν
2652 4910 2748 4980 τὴν
2778 4909 3145 4979 ἀνθρωπείαν,
3177 4910 3369 4962 ὁποίαν
3403 4909 3572 4978 φασί;
3602 4928 3710 4963 κοι-

2146 5005 2263 5073 νὴν,
2292 5005 2325 5072 ἦ
2358 5003 2534 5070 ίδικήν
2558 5020 2572 5062 ;
2597 5001 2659 5053 Ei
2696 5001 2793 5070 μὲν
2823 4996 2915 5053 οὖν
2965 5000 3136 5070 ίδικὴν
3162 5017 3280 5051 τινα
3316 4998 3623 5063 ἰδιάζουσαν
3651 5015 3713 5051 τε

2146 5098 2316 5166 χωρὶς
2345 5094 2439 5147 τοῦ
2460 5094 2629 5162 Λόγου
2666 5091 2796 5145 ποτὲ
2828 5091 3029 5160 ταύτην
3059 5092 3283 5152 οἷονται,
3316 5090 3476 5161 δῆλον
3502 5090 3576 5153 ὡς
3604 5090 3681 5143 Νε
3700 5121 3711 5130 -

2150 5186 2443 5258 στοριανῶς
2472 5183 2792 5239 ἀσεῦοῦσιν·
2830 5185 2879 5236 εί
2921 5184 2977 5236 δὲ
3027 5183 3211 5253 κοινὴν
3254 5181 3409 5252 τήνδε
3438 5183 3712 5250 λέγουσιν,

2147 5280 2181 5350 ἢ
2228 5280 2325 5347 τὴν
2372 5278 2601 5347 ἐπινοίᾳ,
2632 5274 2665 5345 ἢ
2696 5273 2794 5345 τὴν
2839 5275 3144 5343 πράγματι,
3181 5273 3304 5326 ὅλου
3327 5273 3385 5325 δὲ
3418 5271 3510 5326 τοῦ
3541 5271 3715 5335 εἴδους
3754 5302 3769 5307 -

2148 5368 2334 5421 οὐσίαν
2362 5366 2550 5432 φασίν.
2598 5366 2657 5418 El
2691 5364 2790 5434 μὲν
2834 5359 2926 5415 οὖν
2957 5363 3055 5433 τὴν
3094 5363 3307 5432 ἐπινοίᾳ
3334 5362 3552 5429 λέγουσι
3587 5362 3716 5433 μίαν

2149 5449 2424 5506 εἶναιτῶν
2452 5452 2514 5517 ἐξ
2555 5444 2630 5505 ὧν
2677 5453 2705 5503 ὁ
2745 5450 2936 5519 Σωτὴρ
2966 5448 3217 5514 σύνθετός
3252 5452 3368 5502 ἐστι
3410 5452 3555 5503 κατά
3589 5451 3718 5521 μίαν

2151 5544 2310 5612 φύσιν
2336 5544 2607 5613 ὑφεστὼς,
2644 5526 2817 5611 ¹σαφὲς
2847 5539 2925 5603 ὣς
2975 5539 3035 5592 τὸ
3073 5540 3244 5611 ἣμισυ
3268 5540 3362 5594 τοῦ
3406 5540 3524 5594 κατ’
3555 5534 3717 5594 αύτδν

2152 5634 2385 5704 φυσικοῦ
2410 5635 2593 5701 λόγου,
2622 5630 2835 5702 ἐπινοίᾳ
2855 5631 3006 5683 ἔσται
3036 5629 3173 5700 ἔχων
3194 5634 3288 5684 καὶ
3319 5632 3380 5684 ού
3408 5631 3715 5704 πράγματι,

2153 5728 2320 5796 ἤγουν
2343 5726 2402 5778 τὸ
2429 5722 2772 5794 ἀνθρώπινον
2811 5724 2972 5792 μέρος
3000 5723 3099 5790 τῆς
3127 5724 3428 5785 συνθέσεως
3457 5721 3643 5775 αὐτοῦ·
3668 5723 3717 5773 εί

2153 5819 2210 5872 δὲ
2239 5817 2383 5871 κατὰ
2412 5817 2570 5870 τοῦτο
2598 5816 2695 5869 καὶ⁸
2736 5817 2801 5868 ὲκ
2831 5815 2930 5884 τῆς
2960 5814 3237 5884 Παρθένου
3265 5814 3586 5885 σαρκοῦται,
3621 5810 3718 5873 καὶ

2154 5908 2458 5981 ἀνθρώποις
2504 5906 2716 5980 ὡράθη,
2755 5905 2851 5961 καὶ
2904 5905 3245 5977 ἐσταυρώθη,
3293 5906 3391 5959 καὶ
3424 5907 3493 5960 τὰ
3530 5904 3716 5975 λοιπὰ,
