4098 6256
542 345 679 408 1803
1784 356 2089 417 LEONTII
2133 360 2160 418 Ι

2172 359 2502 420 ιΥΖΑΝΤιΝ
2514 361 2537 420 Ι
3657 365 3790 431 1804

536 457 629 509 iiut
656 452 856 519 forma,
898 463 1246 512 autnumero
1276 474 1446 513 unum
1482 474 1602 514 esse
1637 462 1843 533 aliquid
1882 465 2112 522 dicunt:
2143 510 2154 530 Α

2170 475 2194 530 L
2221 469 2342 541 θμῷ
2398 470 2456 523 ἓν
2485 465 2624 525 εἷναί
2651 485 2707 523 τι
2731 469 2970 535 λέγουσι’
3002 471 3153 542 παρὰ
3182 471 3290 543 γάρ
3321 471 3470 540 τάδε,
3497 473 3707 548 ἑτέρως
3735 478 3788 535 ἓν

533 551 735 614 praeter
772 545 888 600 ista
926 545 1116 613 enim,
1170 548 1333 603 aliter
1375 565 1545 605 unum
1578 553 1708 622 quid
1767 555 1951 610 dicere
2003 573 2112 611 non

2220 577 2272 613 τι
2291 561 2471 628 λέγειν
2503 561 2603 614 οὑκ
2634 561 2804 614 ἔστιν.
2843 562 2905 613 Εἰ
2936 557 3030 615 οὖν
3055 561 3132 632 τῷ
3162 563 3387 633 ὀνόματι
3409 567 3470 619 ἓν
3495 583 3548 619 τι
3572 545 3787 637 γέγονε,

532 636 801 693 valemus.
837 635 1024 708 Itaque
1055 639 1110 694 si
1143 640 1366 697 nomine
1403 659 1572 698 unum
1604 645 1878 715 quoddam
1909 647 2112 702 factum

2222 653 2383 722 μόνον
2417 653 2707 724 ὁμωνυμίᾳ
2735 652 3024 723 ήνὼθησαν
3055 655 3123 709 τά
3149 654 3265 720 δύο,
3300 656 3569 729 ἑτεροφυῆ
3593 635 3668 713 δὲ⁷
3697 664 3787 714 καὶ

533 738 638 794 est,
673 739 884 784 tantum
917 730 1283 788 similitudine
1308 735 1693 804 appellationis
1721 739 1958 793 adunata
1986 751 2115 794 sunt

2216 743 2485 798 ἀσύνθετα
2513 744 2763 815 ἀλλήλοις
2793 744 2874 798 ἔτι
2902 745 3073 810 ἐστὶν,
3115 747 3401 818 ἄνθρωπός
3444 767 3502 801 τε
3547 750 3785 824 μόνον,ῆ

533 819 645 874 duo
690 819 838 886 hmo,
871 819 1090 876 diversa
1125 835 1259 876 vero
1304 832 1503 879 natura
1547 834 1604 880 et
1646 826 2010 898 incomposita
2043 829 2112 884 ad

2216 836 2350 900 Θεὸς
2370 837 2548 906 μόνον,
2574 836 2608 904 ἢ
2633 837 2822 905 ἔτερόν
2844 855 2895 890 τι
2905 875 2923 904 ,
2953 836 2982 890 ὃ
3015 839 3152 908 μήτε
3169 839 3305 893 Θεοῦ
3334 841 3471 912 μήτε
3497 819 3596 895 ὰνθ
3607 819 3786 913 ρώποο

532 911 768 966 invicem
785 911 966 966 adhuc
987 919 1137 978 sunt,
1153 920 1224 969 et
1251 913 1417 969 homo
1441 922 1675 977 tantum,
1691 926 1794 971 aut
1817 919 1961 973 Deus
1991 927 2112 973 tan--

2217 928 2366 982 ἐστὶν
2394 929 2586 996 δνομα,
2613 929 2861 1003 ’ἑκατέρῳ
2892 928 3339 1000 ὲπικληθήσεταιο
3367 911 3418 983 εί
3447 931 3505 985 δὲ
3533 911 3618 1003 τῷή
3640 935 3787 1002 γένει

533 1011 670 1068 ιυω,
689 1012 786 1058 aut
805 1002 954 1058 aliud
986 1003 1260 1074 quoddam
1285 1005 1433 1075 quod
1454 1021 1565 1062 .nee
1594 1008 1712 1074 Dei,
1733 1024 1838 1064 nec
1868 1009 2112 1066 hominis

2214 1017 2362 1070 ἐστὶν
2392 1016 2450 1070 ἓν
2481 1018 2543 1070 τὸ
2570 1002 2862 1087 γενόμενον
2909 1017 3000 1085 ὑφ’
3021 1016 3054 1070 6
3096 1018 3241 1071 τελεῖ
3270 1017 3404 1083 Θεὸς
3441 1022 3536 1074 καὶ
3577 1002 3786 1094 ἀνθρω-

531 1109 730 1148 nomen
752 1094 951 1150 retinet
981 1094 1049 1148 de
1081 1103 1314 1164 utroque
1361 1095 1771 1166 pradicabitur.
1820 1098 1877 1154 Si
1922 1110 2108 1154 autem

2213 1127 2335 1173 πος,
2369 1109 2606 1179 ὁμογενῆ
2653 1108 2762 1178 ἄρα
2787 1107 2935 1160 τάδε.
2975 1108 3041 1160 Τί
3070 1108 3128 1162 δὲ
3161 1110 3268 1180 ἄρα
3297 1110 3359 1162 τὸ
3391 1111 3568 1165 κοινόν
3601 1129 3660 1165 τε
3684 1116 3785 1166 αὑ-

529 1201 730 1256 genere
761 1193 846 1240 est
873 1201 1044 1240 unum
1073 1186 1393 1242 exsistensa
1421 1202 1532 1257 quo
1561 1187 1852 1244 coniicitur
1879 1191 2024 1246 Deus
2055 1199 2112 1245 et

2210 1203 2324 1262 τοῖς
2358 1197 2798 1266 καθολικώτερόν
2827 1215 2888 1251 τε
2910 1198 3046 1252 Θεοῦ
3066 1199 3222 1267 γένος
3248 1202 3544 1271 ζητητέον;
3579 1203 3694 1266 πῶς
3727 1220 3782 1256 τε

529 1278 718 1342 homo,
753 1277 998 1348 ejusdem
1041 1278 1261 1349 generis
1293 1294 1426 1350 ergo
1457 1279 1575 1334 haec
1610 1298 1622 1334 :
1661 1297 1760 1335 cur
1793 1296 1926 1351 ergo
1955 1296 2111 1336 com-

2212 1289 2321 1341 ἀπὺ
2369 1289 2685 1360 προσφάτου
2748 1286 2996 1350 ἑνώσεως
3040 1287 3158 1340 τόδε
3215 1288 3577 1358 ἀρχαιότατον
3631 1290 3785 1358 γένος

530 1385 697 1422 mune
730 1369 864 1438 ipsis
896 1369 1179 1439 magisque
1220 1372 1533 1427 universale
1569 1372 1666 1427 Dei
1693 1387 1870 1443 genus
1901 1388 2113 1443 quazre-

2212 1376 2395 1440 αύτοῖς
2429 1375 2737 1447 ὲπενοήθη;
2777 1376 2839 1428 Ei
2877 1375 2933 1428 δὲ
2961 1375 3043 1447 τῷ
3071 1376 3202 1429 εῖδει
3243 1377 3302 1430 ἓν
3340 1378 3472 1430 αὑτό
3508 1396 3660 1446 φασι,
3693 1380 3785 1433 δύο

528 1477 586 1514 re
658 1460 1051 1530 satagendum?
1099 1459 1389 1527 Quomodo
1431 1477 1622 1532 porro,
1680 1463 1828 1516 illius
1873 1465 2112 1519 recentis

2213 1467 2430 1530 πάντως
2484 1466 2519 1537 ἢ
2567 1470 2661 1520 καὶ
2716 1466 2939 1520 πλείονά
2992 1468 3111 1519 ἐστι
3159 1466 3227 1520 τὰ
3281 1468 3370 1520 ὑπ’
3401 1468 3534 1522 αὑτὸ
3583 1469 3780 1540 ἄτομα.

528 1553 879 1607 adunationis
912 1554 1223 1618 occasione,
1264 1553 1399 1608 illud
1444 1553 1892 1623 antiquissimum
1938 1571 2112 1624 genus

2212 1560 2380 1630 ἡγουν
2419 1559 2767 1622 ὑποστάσεις,
2822 1559 2917 1612 καὶ
2959 1559 3018 1612 ὲν
3041 1559 3138 1612 δύο
3176 1559 3491 1631 προσώποις
3516 1564 3716 1614 νοεῖται
3747 1563 3779 1632 ἦ

528 1647 596 1700 ab
627 1646 761 1716 ipsis
784 1645 1152 1715 excogitatum
1184 1646 1303 1700 est?
1337 1644 1392 1699 Si
1426 1661 1558 1700 vero
1595 1643 1772 1698 forma
1811 1661 1983 1700 unum
2025 1646 2110 1700 di-

2212 1650 2271 1701 ὲν
2317 1647 2534 1701 πλείοσι
2570 1649 2822 1716 Χριστός·
2849 1647 2906 1702 ἓν
2935 1649 2992 1702 δὲ
3023 1647 3162 1712 εἶδος
3192 1648 3446 1720 θεότητός
3471 1668 3532 1703 τε
3571 1653 3666 1704 καὶ
3699 1654 3784 1704 ἀν-

529 1745 682 1801 cunt,
714 1735 825 1790 duo
861 1735 1087 1790 omnino
1126 1744 1221 1790 aut
1276 1736 1438 1806 plura
1501 1745 1670 1790 erunt
1735 1735 2018 1792 individua
2052 1739 2109 1792 in
2141 1810 2147 1812 _

2165 1811 2170 1812 ν
2213 1739 2564 1809 θρωπότητος
2595 1735 2734 1793 εἶναι
2762 1741 2909 1803 ὅπως
2939 1740 3238 1807 λογιστέον,
3280 1740 3617 1812 ἀδιανόητον·
3649 1745 3696 1795 εί
3730 1743 3783 1794 δὲ

531 1830 672 1898 ipso,
707 1827 763 1881 id
805 1836 907 1893 est,
938 1827 1295 1900 hypostases;
1329 1837 1385 1882 et
1413 1827 1466 1881 in
1500 1827 1716 1882 duabus
1743 1829 1996 1897 personis
2026 1829 2111 1883 vel
2140 1810 2149 1868 1

2169 1811 2185 1868 ἶ
2213 1827 2415 1880 τούτων
2445 1829 2598 1880 οὐδὲν
2632 1827 2875 1896 εὔλογον,
2907 1828 2968 1892 ὲξ
2996 1830 3244 1898 ἀνάγκης
3271 1829 3330 1882 ἓν
3353 1829 3432 1900 τῷ
3463 1810 3682 1902 ἀριθμῷ
3710 1829 3787 1885 εἷ-

531 1922 586 1976 in
628 1921 885 1991 pluribus
929 1921 1201 1991 cogitatur
1231 1920 1519 1986 Christus;
1564 1919 1782 1975 unicam
1814 1936 1946 1976 vero
1993 1921 2108 1976 for-

2211 1937 2298 1972 ναι
2329 1919 2388 1972 τὺ
2420 1921 2484 1973 ἐκ
2523 1919 2616 1972 δύο
2649 1919 2865 1988 φύσεων
2915 1920 3208 1990 γενόμενον
3235 1919 3603 1974 ὑπολείπεται·
3640 1922 3704 1976 τὸ
3729 1923 3784 1976 δὲ

535 2029 676 2068 mam
722 2021 778 2068 et
817 2013 1125 2068 divinitatis
1168 2019 1224 2067 et
1255 2012 1618 2068 humanitatis
1662 2028 1782 2067 esse
1834 2013 2113 2084 quomodo

2212 2010 2430 2082 ἀριθμῷ
2460 2011 2518 2062 ἓν
2556 2011 2867 2081 λεγόμενον,
2895 2011 2956 2064 τὸ
2981 2013 3046 2082 τῇ
3075 2012 3370 2065 ὑποστάσει
3410 2011 3468 2064 ἓν
3496 2013 3557 2066 ὃν
3582 2031 3782 2084 φαμεν,

534 2106 1002 2171 ratiocinandum,
1053 2105 1332 2160 intellectu
1384 2106 1560 2176 majus
1599 2113 1706 2159 est.
1765 2105 1821 2160 Si
1869 2121 2002 2161 vero
2047 2105 2115 2160 de

2213 2105 2308 2158 xui.
2336 2104 2398 2155 οὑ
2427 2102 2489 2156 τὸ
2513 2105 2578 2174 τῇ
2612 2103 2774 2172 φύσει
2807 2103 2892 2158 ἓν·
2916 2104 3050 2157 διότι
3083 2104 3269 2174 ὥσπερ
3298 2105 3530 2176 ἀριθμὸς
3559 2107 3785 2172 ἕκαστος

531 2199 656 2254 istis
687 2198 826 2253 nihil
858 2197 1058 2252 rationi
1107 2203 1560 2261 consentaneum,
1596 2195 1908 2251 necessario
1942 2211 2112 2250 unum

2216 2193 2464 2247 συνθέσει
2490 2193 2740 2266 ἀριθμῶν
2769 2194 2801 2265 ἢ
2845 2195 3090 2264 μονάδων
3118 2195 3178 2247 τὸ
3203 2195 3262 2247 ἓν
3281 2212 3334 2248 τι
3372 2193 3509 2249 εἶναι
3534 2196 3670 2266 ἔχει,
3696 2197 3786 2250 οῦ-

530 2306 763 2347 numero
791 2305 934 2358 esse,
961 2287 1111 2359 quod
1159 2304 1190 2344 e
1235 2287 1452 2343 duabus
1483 2287 1699 2342 naturis
1732 2286 1793 2342 tit
1838 2287 2110 2358 reliquum

2216 2303 2324 2350 τως
2375 2287 2469 2341 καὶ
2517 2287 2573 2342 αἱ
2620 2288 2948 2352 ὑποστάσεις
2977 2288 3228 2342 συνθέσει
3259 2287 3475 2358 φύσεων
3516 2291 3610 2343 καὶ
3647 2291 3786 2343 ίδιω-

529 2394 644 2450 est;
679 2383 826 2454 quod
856 2390 1040 2438 autem
1073 2396 1245 2436 unum
1281 2396 1516 2436 numero
1549 2379 1774 2444 dicitur,
1807 2396 1977 2436 unum
2008 2380 2110 2452 hy-

2219 2379 2406 2450 μάτων
2447 2380 2880 2450 συμπαραλήψει
2934 2379 3298 2448 ὑφίστανται,
3349 2380 3381 2450 ἢ
3435 2381 3785 2450 τούλάχιστον

529 2475 1018 2546 postasiexsistens
1040 2475 1298 2540 dicimus,
1324 2482 1383 2529 et
1405 2489 1516 2528 non
1541 2480 1736 2530 natura
1761 2489 1958 2538 unum,
1980 2473 2108 2528 ideo

2217 2467 2504 2538 συμπλοκῇ
2535 2467 2750 2535 φύσεως
2782 2469 2913 2537 μιᾶς
2941 2469 3032 2519 καὶ
3063 2465 3375 2536 ίδιώματος·
3400 2467 3459 2520 τὸ
3486 2470 3594 2539 γάρ
3624 2469 3784 2538 φύσει

529 2564 991 2634 quemadmodum
1035 2578 1301 2618 numerus
1335 2561 1714 2632 unusquisque
1741 2575 2106 2616 numerorum

1985 2575 2106 2616 rum
2215 2557 2272 2609 ἓν
2297 2553 2462 2622 εἶναι,
2494 2554 2790 2609 ἀσυνθέτου
2822 2556 2998 2626 πάντη
3035 2555 3262 2625 μονάδος
3300 2555 3430 2608 ῐδιόν
3465 2557 3601 2609 ἔστι.

529 2667 624 2710 aut
653 2655 949 2711 monadum
979 2653 1380 2724 compositione
1407 2652 1556 2724 quod
1592 2652 1664 2706 sit
1694 2667 1862 2706 unum
1894 2649 2100 2720 aliquid
2137 2647 2324 2713 habet,
2371 2647 2453 2701 sic
2499 2654 2556 2701 et
2605 2645 2929 2717 hypostases
2992 2653 3319 2700 naturarum
3385 2647 3785 2715 compositione

529 2747 1042 2818 pr0prietatumque
1068 2743 1455 2815 conjunctione
1489 2750 1764 2808 constant,
1828 2742 1913 2797 vel
1977 2742 2170 2797 saltem
2207 2747 2418 2793 natura:
2446 2736 2612 2792 unius
2642 2744 2698 2792 et
2727 2737 3082 2810 proprietatis
3112 2736 3456 2792 eonnexione
3488 2756 3500 2769 -
3529 2752 3657 2792 nam
3687 2753 3786 2793 na-

530 2851 652 2895 tura
691 2855 860 2894 unum
887 2853 1010 2893 esse
1042 2835 1417 2905 incompositae
1441 2849 1672 2904 prorsus
1698 2833 1951 2889 monadis
1976 2832 2257 2902 proprium
2289 2840 2395 2886 est.

601 2933 688 2987 62.
737 2931 794 2986 Si
853 2931 985 3000 quia
1022 2943 1133 2982 non
1185 2927 1323 2983 duas
1367 2935 1590 2982 naturas
1635 2925 1704 2982 ad
1748 2925 1988 2979 litteram
2039 2924 2108 2978 de

2280 2921 2379 2992 ξβ’.
2412 2921 2475 2976 Εἰ
2505 2921 2593 2976 διὰ
2621 2922 2682 2976 τδ
2715 2923 2790 2994 μὴ
2831 2922 3111 2994 εἰρηκέναι
3139 2922 3266 2985 τοὺς
3293 2922 3541 2992 Πατέρας
3564 2921 3658 2976 δύο
3689 2924 3799 2994 φύ-“

531 3023 752 3079 Christo
794 3020 1081 3092 proferunt
1130 3017 1350 3082 Patres,
1399 3017 1558 3072 aiunt
1585 3014 2108 3086 praetermittendam

2211 3029 2322 3076 σεις
2367 3013 2646 3078 αύτολεξεὶ
2693 3014 2784 3067 ἐπὶ
2837 3011 3107 3083 Χριστοῦ,
3148 3011 3568 3065 ὑποστέλλεσθαί
3627 3031 3779 3082 φασι,

533 3112 686 3167 vocis
738 3109 1063 3173 novitatem,
1095 3113 1192 3161 aut
1229 3104 1522 3174 quemdam
1577 3104 1798 3159 unicam
1853 3113 2105 3158 naturam

2208 3104 2306 3174 τὴν
2361 3105 2742 3173 καινοφωνίαν,
2791 3104 2825 3175 ἢ
2875 3101 3208 3169 δειξάτωσάν
3259 3119 3382 3157 τινα
3437 3102 3568 3172 μίαν
3619 3104 3780 3172 φύσιν

533 3202 859 3272 simpliciter
892 3199 1166 3254 dicentem
1229 3193 1526 3265 recipiant,
1562 3201 1662 3256 aut
1705 3203 1763 3249 et
1806 3193 1909 3263 ipsi
1943 3193 2105 3246 talem

2208 3196 2392 3260 ἁπλῶς
2420 3196 2668 3262 λέγοντα,
2712 3195 2745 3266 ἢ
2777 3195 2869 3248 καὶ
2901 3194 3055 3247 αὑτοὶ
3099 3194 3202 3264 τὴν
3239 3193 3669 3264 τοιάνδειφωνὴν
3708 3196 3779 3263 μὴ

536 3311 728 3350 vocem
763 3309 833 3348 ne
870 3302 1077 3346 temere
1110 3289 1385 3352 dictitent,
1422 3285 1642 3358 quando
1678 3301 1780 3340 nos
1806 3293 1862 3340 et
1886 3293 2110 3341 naturas
2133 3327 2154 3359 ί

2163 3328 2174 3349 .
2210 3287 2754 3359 προπετευέσθωσαν,
2789 3287 2924 3340 ὅπου
2971 3302 3036 3353 γε
3081 3287 3242 3354 ἡμεῖς
3267 3284 3363 3339 καὶ
3396 3284 3609 3354 φύσεις,
3651 3284 3781 3337 ἀλλὰ

537 3387 632 3444 sed
663 3396 719 3443 et
741 3386 878 3441 duas
904 3384 1154 3440 dicentes
1189 3377 1446 3435 audimus
1480 3377 1784 3450 exquisitos
1809 3379 1952 3431 inter
1993 3391 2110 3430 ma-
2136 3375 2155 3388 ‘

2165 3375 2176 3388 ’
2215 3381 2308 3433 καὶ
2336 3380 2450 3446 δύο,
2483 3378 2744 3448 λέγοντας
2772 3377 3041 3450 ἀκούομεν
3083 3376 3211 3443 τοὺς
3241 3376 3525 3450 ἐκκρίτους
3565 3375 3675 3430 τῶν
3701 3376 3783 3432 δι.-

535 3480 756 3551 gistros.

2214 3469 2517 3524 δασκάλων.

606 3572 692 3628 65.
740 3571 835 3626 Dei
879 3569 1044 3627 Verbi
1102 3579 1299 3624 natura
1338 3567 1500 3624 unica
1548 3573 1808 3635 tanquam
1837 3559 2108 3616 incarnati

2289 3561 2391 3630 ξγ’.
2441 3561 2506 3615 Ἡ
2536 3561 2631 3615 τοῦ
2675 3559 2813 3614 Θεοῦ
2852 3561 3026 3628 Λόγου
3056 3557 3218 3628 φύσις
3251 3557 3348 3628 μία
3393 3557 3471 3620 ὡς
3504 3569 3782 3628 σεσαρκωέ

536 3675 641 3732 est,
670 3673 766 3719 aut
813 3674 871 3719 et
917 3673 1178 3732 tanquam
1228 3662 1435 3732 absque
1470 3657 1680 3714 carne?
1736 3655 1793 3712 Si
1850 3663 2109 3723 tanquam

2220 3654 2382 3726 μένου
2414 3654 2582 3718 ἐστὶν,
2617 3654 2650 3723 ἢ
2683 3653 2777 3706 καὶ
2806 3653 2883 3715 ὡς
2906 3653 3188 3722 ἀσάρκου;
3221 3651 3269 3701 εί
3305 3648 3403 3718 μὲν
3441 3643 3535 3700 οῦν
3573 3647 3649 3709 ὡς
3695 3661 3781 3698 σε-

539 3756 809 3812 incarnati
827 3755 1076 3826 quidem,
1101 3762 1228 3810 ante
1251 3751 1688 3808 incarnationem
1709 3761 1818 3802 non
1845 3759 1953 3800 una
1970 3749 2111 3806 erat,

2213 3745 2590 3816 σαρκωμένου,
2629 3743 2737 3814 πρὸ
2785 3744 2883 3810 τῆς
2937 3739 3268 3811 σαρκώσεως
3305 3738 3379 3826 οὑν
3407 3739 3510 3826 μία
3533 3733 3626 3826 ἦν,
3667 3735 3779 3790 ἀλλ’

539 3852 635 3908 sed
685 3824 959 3913 semiuna,
1002 3855 1097 3902 aut
1131 3847 1379 3916 quaedam
1413 3857 1538 3914 pars
1592 3839 1742 3905 talis;
1791 3837 1975 3891 adhuc
2006 3849 2112 3888 nec

2208 3835 2378 3906 ἥμισυ
2421 3836 2571 3904 μιᾶς,
2603 3833 2638 3904 ἦ
2682 3850 2735 3886 τι
2756 3832 2953 3887 τοιόνδε
2986 3832 3194 3902 μόριον
3225 3827 3305 3880 ἔτι
3327 3825 3434 3896 μὴν
3459 3824 3583 3877 οὑδὲ
3670 3826 3783 3916 ila-

538 3946 724 4008 Pater,
755 3956 860 3997 nec
894 3938 1134 4009 Spiritus
1162 3945 1388 3992 sanctus
1424 3932 1592 3989 unius
1609 3929 1718 3985 erit
1739 3935 1950 3982 natura:
1985 3939 2113 4020 per:-

2207 3926 2313 3996 τὴρ
2352 3926 2385 3995 ἢ
2414 3925 2476 3978 τὸ
2519 3926 2675 3991 ἅγιον
2716 3921 2942 3994 Πνεῦμα
2972 3923 3099 3992 μιᾶς
3122 3918 3281 4020 ἔσται
3301 3913 3780 4020 φύσεωςὶτελείας.

536 4037 712 4094 t'ectar.
747 4033 803 4089 Si
835 4041 1020 4089 autem
1043 4039 1099 4086 et
1115 4038 1242 4084 ante
1269 4025 1703 4082 incarnationem
1727 4033 1836 4074 una
1859 4023 1995 4079 erat,
2022 4015 2118 4071 vel.

2217 4015 2279 4071 Εί
2311 4015 2366 4067 δὲ
2402 4014 2497 4067 καὶ
2526 4013 2631 4083 πρὸ
2651 4013 2749 4082 τῆς
2783 4010 3107 4082 σαρκώσεως
3133 4007 3228 4078 μία
3253 4001 3340 4075 ἦν,
3375 4003 3409 4103 ᾖ
3437 4001 3591 4103 οῦδὲν
3613 4018 3783 4103 «pos:

535 4090 683 4185 nihil
712 4126 966 4199 apposuit
1001 4122 1254 4180 naturale
1289 4120 1355 4176 ad
1392 4115 1728 4190 hypostasim
1753 4109 1920 4167 Verbi
1957 4123 2108 4172 caro,

2216 4105 2380 4173 ἑθηκε
2405 4103 2633 4172 φυσικὸν
2665 4103 2698 4172 ὴ
2726 4101 2863 4172 σὰρξ
2888 4103 2952 4171 τῇ
2985 4097 3281 4153 ὑποστάσει
3313 4092 3406 4144 τοῦ
3433 4090 3650 4199 ἐλέγου,
3677 4091 3783 4199 ’καὶ

536 4230 594 4275 et
628 4178 810 4273 ιιιὶιειζιΓ
826 4216 1130 4272 secundum
1184 4213 1518 4284 hypostasim
1565 4206 1841 4264 celebrata
1886 4207 2110 4255 natura-

2215 4195 2418 4266 ψευδὴς
2442 4197 2475 4265 ὴ
2504 4193 2626 4248 καθ’
2652 4192 2945 4246 ὑπόστασιν
2970 4189 3163 4250 ἕνωσις
3191 4184 3404 4286 φύσεων
3429 4178 3783 4286 δοίξαζομέξῖιν

539 4324 664 4364 rum
688 4306 970 4370 adunatio,
1003 4305 1088 4358 vel
1113 4304 1357 4372 apposita
1389 4317 1555 4356 unam
1594 4306 1848 4353 naturam
1877 4300 2114 4345 naturae-

2217 4286 2251 4356 ἢ
2287 4284 2582 4355 προσθεῖσα
2614 4282 2742 4352 μίαν
2773 4281 2990 4351 φύσινῆ
3017 4277 3204 4349 μόριον
3233 4271 3444 4342 φύσεως
3479 4269 3788 4340 ὲπισυνῆψε

539 4415 608 4456 ve
640 4405 856 4470 partem
886 4367 1369 4464 conjunxit-priori
1415 4389 1578 4443 Verbi
1602 4387 1778 4440 unica:
1812 4389 2042 4438 naturae.

1602 4387 1778 4440 unica:
1812 4389 2042 4438 naturae.
2219 4378 2284 4445 τῇ
2319 4373 2558 4444 προτέρᾳ
2587 4371 2745 4441 φύσει
2773 4373 2872 4444 μιᾷ
2897 4369 2987 4425 τοῦ
3018 4367 3213 4435 Λόγου.

556 4556 3764 4614 __________________________________________._______._______.

1231 4719 1234 4722 '
1500 4730 2088 4822 MAPTYPIAI
2155 4726 2381 4814 ΤΩΝ
2458 4719 2820 4810 ΑΓΙΩΝ.

1401 5053 2151 5149 TESTIMONIA
2221 5041 2980 5139 SANCTORUM.

619 5387 726 5444 Sed
752 5402 852 5442 cur
897 5397 1023 5448 nos,
1063 5377 1241 5438 aiunt.
1274 5376 1637 5449 undequaque
1684 5377 2124 5434 circumvenien-
2149 5375 2185 5433 I

2313 5367 2475 5423 Ἀλλὰ
2503 5366 2556 5418 τί
2583 5366 2752 5436 ἡμᾶς,
2783 5361 2938 5431 φασὶ,
2975 5348 3308 5454 πανταχόθεν
3351 5343 3825 5454 πῖριτρέχογτεξ,

555 5482 658 5538 tes,
684 5464 750 5529 ad
786 5483 1026 5534 vestram
1051 5463 1383 5534 compellitis
1409 5466 1783 5521 sententiam?
1821 5465 1931 5519 Nos
1972 5463 2121 5516 enim

2229 5462 2310 5524 είς
2335 5459 2436 5526 τὴν
2478 5432 2755 5525 ὑμετέραν
2787 5451 2943 5514 δόξαν
2990 5439 3371 5538 συνελαύνετες
3405 5432 3578 5500 ἡμεῖς
3597 5438 3728 5538 ‘73::
3751 5437 3827 5533 ἢν

554 5524 699 5634 quod
748 5566 814 5620 ad
863 5532 1107 5620 litteram
1157 5556 1378 5610 Patrum
1413 5558 1804 5612 documentum
1837 5555 2124 5608 hausimus

2230 5524 2507 5610 αὑτολεξεὶ
2560 5524 2906 5598 διδασκαλίαν
2964 5531 3254 5634 πατρικὴν.
3289 5524 3444 5634 Solit“
3482 5525 3624 5593 περὶ
3679 5528 3826 5595 Χρι-

556 5612 700 5720 ξίινοο
733 5654 1032 5716 Christum,
1070 5659 1231 5701 unam
1258 5646 1517 5714 videlicet
1545 5647 1640 5701 Dei
1675 5645 1838 5702 Verbi
1871 5654 2121 5696 naturam

2233 5639 2386 5700 στοῦ,
2417 5637 2589 5688 show
2625 5633 2752 5702 μίαν
2787 5629 2949 5698 φύσιν
2981 5622 3077 5676 τοῦ
3125 5615 3257 5670 Θεοῦ
3287 5612 3459 5677 Λόγου
3519 5627 3825 5681 σεσαρκω-

2242 5726 2406 5749 .-ι-.....
2462 5720 2598 5749 ,μαι
2657 5721 2746 5749 ...λη
2801 5718 2955 5749 κωκυ
3000 5703 3316 5749 Ἀθανάσιον
3368 5696 3462 5749 καὶ
3513 5697 3822 5749 Κύοιλλον.

559 5743 889 5799 incarnaum
926 5738 1222 5799 secundum
1262 5746 1508 5792 sanctum
1547 5737 1906 5791 Athanasium
1941 5742 1994 5787 et
2019 5733 2123 5804 Cy-

2239 5698 2406 5799 μένην
2462 5720 2598 5772 κατὰ
2626 5698 2746 5772 ’τὸν
2801 5718 2955 5782 ἅγιον
3000 5703 3316 5762 Ἀθανάσιον
3368 5698 3462 5750 καὶ
3513 5698 3821 5766 Κύριλλον,
