4098 6256
343 244 478 354 18οδ

1518 283 1812 347 CONTRA
1857 280 2450 347 MONOPHYSITAS.

3465 246 3604 345 1806

339 406 501 479 ὑμεῖς
526 402 584 458 δὲ
609 400 675 473 ἣν
709 419 850 471 φατε
890 396 1214 473 ξενοφωνίαν
1247 401 1490 474 οὐδαμοῦ
1533 406 1648 467 τοῖς
1680 402 1924 475 Πατρὰσι

2034 402 2211 456 rillum
2234 419 2251 469 ;
2275 417 2376 457 vos
2408 408 2596 456 autem
2628 412 2793 470 quam
2840 397 3054 454 atl‘ertis
3092 397 3331 479 alienam
3364 398 3608 470 appella-

341 495 525 569 ῥητῶς
548 493 814 564 κειμένην
842 495 1185 565 εὑρίσκομεν,
1204 494 1373 565 ῆγουν
1389 495 1482 548 δύο
1509 494 1721 564 φύσειε,
1747 496 1793 548 εί
1823 494 1916 546 καὶ

2034 493 2251 558 tionem,
2281 492 2483 568 nullibi
2515 491 2659 562 apud
2682 491 2874 547 Patres
2899 488 3047 546 clare
3076 490 3420 545 enuntiatam
3451 491 3609 545 inve-

342 588 691 660 ἁδιαιρέτους
724 586 979 658 Χριστοῦ.

419 766 534 824 Καί
568 766 651 823 τοί
698 784 781 836 γε,
811 760 857 821 ὧ
896 758 1065 835 οῦτοι,
1108 769 1137 822 ό
1168 762 1430 838 ὑμέτερος
1478 763 1793 837 καθηγητὴς
1823 765 1927 817 Σε-

353 863 521 935 εῆρος
550 859 666 932 βοᾷ,
716 858 794 924 ὡς
838 858 1081 915 πλεῖστοι
1128 859 1238 914 τῶν
1273 860 1445 928 ἁγίων
1489 860 1747 927 Πατέρων
1776 857 1924 912 ἀδια-

2021 586 2225 649 nimus,
2252 585 2465 640 scilicet
2494 584 2633 639 duas
2655 591 2880 638 naturas
2910 595 3033 653 quae
3077 590 3259 637 tamen
3289 581 3605 653 disjungere

2021 684 2235 745 queunt
2259 676 2314 730 in
2341 674 2587 731 Christo.

2092 768 2163 823 Et
2192 782 2349 835 sane,
2381 780 2415 821 ο
2444 781 2563 831 vos,
2586 774 2772 821 vester
2807 764 2919 819 dux
2952 777 3178 820 severos
3209 763 3431 828 clamat,
3459 763 3607 834 quod

2024 869 2340 915 sanctorum
2382 859 2605 914 Patrum
2641 856 2914 928 plerique,
2965 871 3070 911 nec
3116 854 3387 911 conviciis
3419 855 3608 926 digne,

349 955 558 1025 ϐλήτως
588 954 895 1024 ἐχρήσαντο
935 957 1000 1025 τῇ
1046 954 1155 1007 τῶν
1185 953 1278 1007 δύο
1318 953 1532 1022 φύσεων
1569 953 1753 1023 φωνῇ’
1807 950 1923 1014 πῶς

2034 947 2257 1003 duarum
2288 954 2614 1002 naturarum
2635 945 2879 1001 dictione
2910 944 2996 1000 usi
3026 944 3172 1011 sint;
3201 942 3481 1014 quomodo
3506 943 3611 1015 igi-

346 1037 440 1097 οὖν
485 1043 746 1097 τάναντία
795 1038 953 1112 ὑμεῖς
1002 1043 1232 1112 λέγετες
1277 1044 1393 1097 ἀλλ’
1442 1044 1612 1106 ὅντως
1669 1042 1813 1096 κατὰ
1864 1042 1926 1096 τὸ

345 1130 636 1203 εἰρημένον
696 1136 766 1204 τῇ
812 1132 1002 1205 Σοφίᾳ·
1051 1153 1070 1186 ι
1105 1134 1513 1204 Προφασίζεται
1565 1133 1707 1204 ἀνὴρ
1757 1132 1927 1186 θέλων

344 1223 674 1293 χωρίζεσθαι
704 1222 883 1293 φίλου.
918 1242 937 1275 ι
986 1223 1138 1278 Ἐπεὶ
1164 1226 1248 1278 ὅτι
1275 1225 1431 1277 οὐδὲν
1464 1225 1686 1297 ἰσχυρὸν
1711 1224 1744 1295 ἢ
1767 1224 1926 1293 λόγου

345 1312 492 1378 ἄξιον
526 1314 559 1385 ἢ
590 1314 821 1387 ἀκριϐὲς
851 1314 963 1385 ἔχει
992 1316 1121 1385 ὑμῖν
1148 1318 1180 1387 ἡ
1213 1317 1438 1387 ἀφορμὴ
1467 1317 1567 1382 τῆς
1609 1316 1747 1387 πρὸς
1782 1319 1929 1386 ἡμᾶς

345 1403 627 1470 διενέξεως
670 1404 832 1475 αῦτη,
882 1407 1117 1476 ἑτοίμως
1144 1408 1238 1461 καὶ
1294 1408 1646 1479 πολυτρόπως
1686 1409 1783 1461 σὺν
1811 1408 1930 1479 Θεῷ

345 1498 794 1567 παραστήσομεν.
841 1497 1045 1568 Πρῶτα
1076 1498 1308 1568 μὲνγὰρ
1345 1499 1394 1553 εί
1429 1500 1527 1571 τὴν
1568 1503 1626 1554 έν
1654 1500 1808 1554 δυάδι
1831 1500 1931 1570 φύ-

344 1603 485 1639 σεων
508 1587 803 1658 ἀδιαιρέτῳ
832 1587 1125 1657 ὁμολογίαν
1162 1591 1253 1642 ἐπὶ
1288 1590 1382 1643 τοῦ
1421 1590 1627 1661 Κυρίου
1660 1590 1927 1661 σέᾷοντες,

348 1679 478 1746 περὶ
504 1678 605 1749 τὴν
650 1679 847 1750 ἑτέραν
893 1679 1273 1750 διαφωνοῦμεν
1309 1681 1439 1752 ὑμῖν
1483 1681 1807 1751 ἐξαγγελίαν
1832 1682 1927 1737 τοῦ

346 1767 643 1839 δόγματος,
685 1771 854 1842 ήγουν
882 1770 980 1841 τὴν
1015 1771 1284 1839 λέγουσαν
1317 1772 1445 1843 μίαν
1475 1772 1639 1841 φύσιν
1667 1773 1761 1828 τοῦ
1791 1775 1926 1829 Θεοῦ

345 1862 523 1929 Λόγου
586 1865 1052 1934 σεσαρκωμένην,
1109 1865 1202 1917 καὶ
1251 1863 1326 1935 μὴ
1379 1864 1580 1935 μᾶλλον
1634 1866 1788 1937 ὑμῶν
1834 1868 1929 1921 καὶ

343 1953 509 2026 τήνδε
541 1955 972 2024 ἀσμενιζόμεθα,
1008 1953 1177 2022 ὅντως
1220 1955 1288 2010 ἂν
1336 1956 1517 2021 καλῶς
1558 1957 1928 2013 διεστέλλεσθε

348 2046 484 2115 παρ’
510 2044 673 2115 ἡμῶν
697 2058 710 2073 '
739 2045 788 2097 εἰ
810 2043 866 2098 δὲ
893 2045 990 2099 καὶ
1014 2044 1217 2116 ταύτην
1243 2046 1317 2110 ὡς
1345 2046 1442 2119 τὴν
1465 2046 1635 2118 αὐτὴν
1664 2046 1720 2101 δὲ
1750 2048 1927 2119 πάντη

351 2131 521 2190 οὖσαν
572 2139 641 2207 τῇ
696 2135 861 2207 ἑτέρᾳ
902 2136 1397 2207 συναποδεχόμεθα,
1441 2136 1560 2201 πῶς
1616 2140 1840 2206 ἀφέντες
1870 2140 1930 2193 τὸ

352 2227 673 2298 ἀνακρίνειν
711 2225 845 2279 αὐτὸ
886 2224 1070 2293 τοῦτο,
1110 2227 1160 2279 εί
1216 2225 1430 2298 ἀληθῶς
1471 2228 1667 2281 ταυτόν
1710 2230 1823 2282 ἐστι
1865 2233 1933 2302 τῇ

353 2312 584 2387 δυνάμει
616 2316 677 2369 τὸ
708 2315 892 2382 λέγειν
927 2316 1060 2387 μίαν
1087 2315 1249 2386 φύσιν
1279 2315 1372 2369 τοῦ
1406 2315 1541 2370 Θεοῦ
1582 2320 1937 2389 σεσαρκωμέ⁴⁵

351 2426 482 2481 νην,
519 2409 639 2465 ,καὶ
686 2408 851 2462 δυάδα
898 2407 1116 2477 φύσεων
1156 2406 1396 2480 Χριστοῦ
1458 2407 1584 2463 καθ’
1642 2409 1940 2471 ὑπόστασιν

352 2498 488 2569 μίαν
512 2497 823 2568 ἡνωμένην,
853 2498 932 2569 τῷ
968 2497 1043 2569 μὴ
1092 2499 1185 2552 ἐπὶ
1232 2498 1344 2551 τῶν
1379 2497 1562 2551 αὐτῶν
1600 2498 1799 2564 λέξεων
1827 2504 1939 2565 τοῖς

351 2589 603 2657 ιῐατράσι
634 2589 898 2660 κειμένην
930 2589 1089 2659 τήνδε
1140 2588 1240 2662 τὴν
1288 2589 1522 2656 ἔννοιαν,
1554 2592 1939 2661 παραιτεῖσθαί

357 2694 496 2746 φατε
534 2678 634 2749 τὴν
672 2676 932 2748 τοιαύτην
977 2679 1298 2750 ὀμολογίαν;
1350 2678 1513 2747 εἴπερ
1544 2680 1655 2753 γὰρ
1696 2683 1770 2754 μὴ
1820 2684 1937 2737 ἐστι

348 2765 451 2849 ,καὶ
477 2768 540 2820 ὲκ
565 2767 912 2840 παραλλήλου
936 2786 989 2823 τι
1012 2769 1072 2823 τὸ
1093 2769 1224 2825 αὐτὸ
1245 2771 1426 2842 λέγειν
1442 2774 1499 2827 ιν
1525 2771 1621 2844 τῷ,
1637 2771 1932 2827 Ἀκούσατε

354 2862 742 2927 ταῦτα,πόιντα
774 2863 844 2918 τὰ
875 2863 1026 2934 ἔθνη,
1051 2865 1401 2932 ἐνωτίσασθε,
1434 2867 1636 2932 πάντες
1663 2867 1712 2922 oi
1745 2885 1932 2923 κατοι-

355 2953 581 3018 κοῦντες
594 2956 697 3027 τὴν
712 2956 1063 3029 οἰκουμένην,
1077 2956 1386 3026 λεγέτωσαν
1407 2961 1538 3030 ἡμῖν
1557 2959 1611 3014 τί
1631 2959 1694 3013 τὸ
1713 2960 1935 3015 ἀκούειν

2030 1049 2118 1095 tur
2137 1039 2477 1095 contrarium
2512 1054 2612 1094 vos
2642 1038 2922 1109 objicitis?
2950 1036 3057 1093 Sed
3096 1036 3276 1107 reipsa
3304 1035 3609 1091 secundum

2030 1132 2241 1187 dictum
2286 1146 2316 1186 a
2356 1131 2634 1201 Sapientia
2676 1149 2692 1186 :
2741 1151 2759 1182 ι
2786 1129 3119 1185 Occasiones
3177 1126 3380 1198 quaerit
3446 1122 3613 1181 homo

2031 1224 2128 1294 qui
2161 1224 2283 1278 vult
2312 1222 2572 1278 recedere
2600 1222 2670 1278 ab
2706 1222 2885 1277 amico
2903 1223 2944 1275 ⁸.
2983 1240 3003 1273 ι
3041 1219 3180 1276 Cum
3204 1218 3343 1273 nihil
3369 1218 3612 1274 validum

2030 1325 2128 1370 aut
2148 1329 2404 1371 sermone
2451 1313 2681 1385 dignum
2736 1323 2832 1368 aut
2872 1321 3190 1368 accuratum
3242 1312 3413 1367 habet
3459 1312 3617 1366 vobis

2033 1418 2265 1463 conatus
2310 1407 2654 1463 diversitatis
2696 1421 2727 1461 a
2754 1406 2917 1461 nobis
2972 1406 3095 1471 iste,
3143 1413 3271 1475 apte
3310 1412 3368 1460 et
3396 1404 3616 1459 diverso

2032 1497 2196 1552 modo
2215 1512 2340 1551 cum
2369 1497 2483 1552 Deo
2507 1496 2868 1552 instabimus.
2911 1496 3099 1551 Primo
3143 1495 3365 1565 quidem
3396 1494 3440 1549 si
3487 1510 3619 1550 con-

2031 1588 2328 1645 fessionem
2382 1587 2728 1659 duplicitatis
2764 1598 2976 1643 naturae
3020 1587 3377 1643 indivisibilis
3413 1587 3481 1642 de
3507 1587 3616 1641 Do-

2032 1682 2183 1736 mino
2209 1681 2300 1751 pie
2329 1682 2657 1752 cogitantes,
2689 1681 2836 1737 circa
2861 1680 3132 1751 reliquam
3164 1695 3193 1735 a
3217 1679 3378 1735 vobis
3406 1678 3618 1735 dissen-

2033 1772 2203 1828 timus
2254 1772 2658 1843 expositionem
2703 1772 2977 1843 dogmatis
3019 1787 3218 1842 nempe
3264 1786 3389 1842 qute
3451 1785 3614 1825 unam

2030 1862 2129 1919 Dei
2164 1863 2334 1918 Verbi
2362 1863 2500 1919 dicit
2524 1872 2779 1920 naturam
2811 1865 3175 1929 incarnatam,
3216 1872 3273 1920 et
3303 1879 3414 1919 non
3440 1863 3617 1934 magis

2029 1970 2196 2025 quam
2245 1970 2344 2010 vos
2385 1964 2442 2010 et
2478 1955 2627 2010 illam
2680 1955 2919 2027 benigne
2962 1955 3382 2025 amplectimur,
3437 1956 3617 2025 reipsa

2031 2044 2173 2101 bene
2208 2062 2240 2101 a
2279 2045 2444 2100 nobis
2470 2045 2829 2118 elongamini.
2866 2045 2922 2101 Si
2950 2061 3081 2101 vero
3134 2056 3192 2101 et
3233 2047 3379 2101 illam
3439 2045 3614 2115 ipsam

2032 2145 2291 2207 tanquam
2311 2136 2563 2193 eamdem
2586 2138 2814 2192 omnino
2834 2137 3190 2193 exsistentem
3207 2153 3369 2207 quam
3387 2138 3614 2191 alterunt

2030 2226 2318 2282 vobiscum
2365 2227 2747 2291 admittimus,
2799 2228 3079 2298 quomodo
3131 2229 3265 2283 illud
3294 2229 3616 2284 discernere

2034 2318 2397 2389 negligentes,
2454 2320 2501 2374 si
2530 2334 2659 2375 vere
2707 2318 2852 2373 idem
2887 2326 2970 2375 est
3002 2319 3204 2375 virtute
3233 2318 3420 2374 dicere
3450 2335 3616 2375 unam
3694 2376 3699 2385 ,

2037 2415 2291 2462 naturam
2311 2409 2411 2464 Dei
2425 2410 2591 2465 Verbi
2612 2410 2951 2466 incarnatam
2971 2417 3026 2466 et
3056 2418 3379 2466 naturarum
3403 2410 3613 2467 Christi

2039 2498 2421 2568 duplicitatem
2459 2501 2762 2555 secundum
2813 2502 3152 2571 hypostasim
3191 2518 3354 2556 unam
3409 2502 3622 2556 aduna-

2040 2596 2171 2653 tam,
2219 2603 2287 2643 eo
2333 2588 2481 2658 quod
2511 2588 2697 2644 verbis
2756 2587 2950 2644 iisdem
2999 2605 3111 2644 non
3166 2589 3518 2649 inveniamus
3560 2592 3617 2647 in

2035 2682 2293 2738 Patribus
2322 2682 2651 2751 explicatam
2705 2683 3009 2748 notionem,
3044 2683 3343 2753 quomodo,
3373 2685 3619 2755 inquam,

2036 2769 2391 2841 rejiciendam
2442 2769 2630 2825 dicitis
2658 2770 2820 2824 talem
2852 2771 3305 2833 confessionem?
3336 2771 3392 2827 Si
3439 2782 3619 2829 tamen

2036 2875 2147 2915 non
2169 2859 2744 2930 licetparallelismum
2768 2861 2823 2916 in
2854 2860 3135 2932 loquendo
3162 2860 3349 2918 dicere
3374 2880 3387 2916 :
3414 2862 3618 2917 Audito

2037 2954 2174 3015 hac.
2204 2969 2395 3012 omnes
2427 2964 2639 3026 gentes,
2681 2956 2910 3012 auribus
2954 2958 3224 3028 percipite
3276 2974 3469 3014 omnes
3522 2960 3616 3030 qui

354 3047 509 3117 παρὰ
535 3047 597 3101 τδ
624 3045 993 3111 ὲνωτίζεσθαι,
1025 3048 1120 3102 καὶ
1155 3051 1285 3103 ποτα
1342 3050 1412 3103 τὰ
1457 3050 1608 3120 ἔθνη,
1649 3053 1778 3106 ποῖα
1806 3052 1864 3106 δὲ
1888 3054 1932 3106 oi

2044 3046 2308 3102 habitatis
2351 3047 2566 3113 orbem,
2610 3048 2799 3104 dicant
2828 3048 2989 3105 nobis
3023 3049 3155 3120 quid
3175 3051 3367 3107 audire
3393 3060 3452 3106 et
3482 3054 3623 3123 quid

355 3138 738 3202 κατοικοῦντες
785 3138 886 3208 τὴν
929 3139 1298 3209 οἰκουμένην;
1331 3141 1395 3193 Εἰ
1431 3140 1490 3194 δὲ
1519 3143 1613 3196 καὶ
1642 3142 1736 3196 τοῦ
1767 3143 1933 3198 αὐτοῦ

348 3228 507 3294 δντος
540 3231 967 3301 σημαινομένου,
997 3231 1076 3301 τῷ
1110 3231 1186 3302 μὴ
1210 3231 1490 3298 αὑτολεξεὶ
1513 3232 1600 3287 διὰ
1630 3235 1738 3288 τῶν
1760 3235 1934 3289 Πατέ-

358 3335 470 3389 ρων
495 3319 752 3390 είρῆσθαι
776 3318 874 3391 τὴν
905 3320 993 3376 διὰ
1020 3321 1116 3391 τῆς
1147 3319 1333 3385 δυάδος
1409 3322 1700 3392 ὁμολογίαν
1737 3342 1938 3398 παραι-

356 3406 596 3468 τοῦνται,
634 3408 798 3479 εἴπερ
825 3408 993 3473 ὅντως
1034 3408 1245 3462 σκῶλον
1290 3408 1593 3477 ἀξιόλογον,
1636 3411 1733 3465 καὶ
1771 3428 1936 3465 σκαν-

354 3495 517 3549 δάλου
565 3496 739 3550 αἴτιόν
786 3498 902 3551 ἐστι
940 3497 1000 3552 τὸ
1034 3497 1216 3565 λέγειν
1250 3498 1449 3571 εὐσεϐῆ
1499 3484 1732 3566 ἔννοιαν,
1767 3501 1935 3572 χωρὶς

355 3586 453 3656 τῆς
480 3587 576 3640 ἐπὶ
606 3585 804 3652 λέξεως
831 3588 1004 3658 αὐτῆς
1049 3605 1212 3643 τινων
1256 3589 1725 3661 προεγνωσμένων
1758 3591 1934 3645 Πατέι-

361 3694 467 3749 ρων
489 3679 737 3734 εὐσεϐῶν
767 3680 1105 3751 συμφωνίας,
1138 3681 1354 3753 πρῶτον
1382 3683 1481 3753 μὲν
1509 3682 1682 3748 οὐδεὶς
1704 3684 1932 3756 Περσῶν

354 3769 388 3841 ἢ
422 3769 716 3841 Ῥωμαίων
744 3773 777 3843 ἢ
803 3773 1067 3844 Φράγγων
1092 3772 1123 3845 ἢ
1154 3773 1331 3828 Ἰνδῶν
1353 3772 1477 3829 οὔτε
1506 3777 1789 3847 προφήτην
1812 3777 1934 3832 οὐδὲ

356 3861 444 3914 τὸν
489 3862 697 3933 Κύριον
743 3863 907 3917 αὐτὸν
944 3861 1262 3930 ἀποδέξεται
1314 3865 1384 3920 τὰ
1432 3866 1632 3938 εὐσεϐῆ
1687 3867 1933 3939 δόγματα

356 3950 763 4024 διαλεγόμενον,
791 3954 914 4006 ἐπεὶ
947 3956 1007 4008 οῦ
1050 3957 1288 4023 γνωσταὶ
1325 3957 1513 4022 αὐτοῖς
1547 3958 1934 4030 προῦπάρχου-

359 4058 442 4094 σιν
466 4045 519 4096 αί
562 4043 738 4110 λέξεις
764 4046 823 4098 αί
866 4044 996 4115 παρ’
1038 4045 1218 4099 αὐτῶν
1266 4046 1447 4110 ἰδικῶς
1496 4046 1811 4117 λεγόμεναι,
1840 4048 1935 4102 ἐὰν

365 4136 442 4207 μὴ
469 4137 535 4190 δι’
564 4137 770 4211 ἐτέρων
810 4138 994 4200 αὐτοῖς
1045 4136 1422 4207 έρμηνευθῶσι
1464 4136 1666 4200 λέξεων
1708 4137 1938 4190 ἀλλοίων

356 4243 421 4279 τε
466 4227 659 4297 φωνῶν
711 4227 808 4282 καὶ
862 4227 1127 4282 ποικίλων
1180 4226 1597 4299 περιφράσεων·
1652 4225 1827 4291 ἄλλως
1877 4226 1937 4280 δὲ

353 4315 475 4369 οὐδὲ
517 4317 766 4388 Ἐὁραῖοι
823 4317 1236 4389 πεισθήσονται,
1289 4319 1374 4373 ὅτι
1418 4318 1589 4383 ὅντως
1642 4317 1807 4373 εἰκὼν
1838 4318 1933 4373 τοῦ

2035 3137 2266 3192 auribus
2282 3137 2571 3209 percipere
2589 3154 2605 3204 ;
2620 3138 2754 3208 quid
2774 3145 2985 3210 gentes,
3006 3147 3062 3194 et
3085 3139 3336 3211 quid‘qui
3362 3141 3617 3198 habitant

2034 3228 2261 3284 orbem?
2292 3226 2349 3283 Si
2372 3243 2506 3285 vero
2539 3237 2596 3283 et
2652 3230 2844 3285 eadem
2881 3246 2938 3285 re
2958 3232 3262 3289 exsistente
3308 3235 3613 3307 designata,

2033 3336 2101 3377 eo
2125 3320 2270 3392 quod
2305 3320 2373 3376 ad
2403 3321 2645 3377 litteram
2694 3337 2723 3376 a
2752 3322 3009 3378 Patribus
3042 3339 3152 3379 non
3182 3326 3329 3381 dicta
3359 3336 3443 3381 est
3482 3342 3618 3382 con-

2033 3413 2200 3469 fessio
2233 3422 2496 3480 renuunt,
2520 3413 2566 3468 si
2598 3422 2777 3469 tamen
2810 3414 2991 3484 reipsa
3015 3414 3408 3471 oﬂ‘endiculnm
3438 3427 3623 3474 atten-

2036 3500 2187 3557 tione
2231 3501 2460 3573 dignum
2512 3508 2569 3557 et
2604 3501 2851 3557 scandali
2895 3518 3064 3559 causa
3113 3512 3200 3559 est
3241 3504 3387 3575 piam
3430 3506 3619 3563 dicere

2034 3593 2318 3649 notionem
2401 3593 2612 3663 absque
2703 3593 2936 3664 loquelae
3009 3593 3184 3665 ipsius
3254 3597 3618 3666 quorumdam

2033 3684 2497 3755 praecognitorum
2556 3682 2777 3737 Patrum
2818 3683 3035 3754 piorum
3103 3684 3413 3751 harmonia,
3439 3688 3620 3756 primo

2034 3777 2259 3846 quidem
2317 3777 2613 3832 Persarum
2671 3784 2766 3829 aut
2808 3775 3217 3842 Romanorum,
3270 3784 3366 3832 aut
3402 3779 3617 3833 Phran-

2035 3882 2232 3939 gerum
2263 3863 2684 3936 (Francorum?)
2737 3871 2835 3917 aut
2873 3863 3159 3929 Indorum,
3198 3865 3316 3919 sive
3371 3866 3620 3935 prophe-

2036 3967 2147 4012 tam
2181 3998 2196 4020 ,
2264 3956 2380 4011 sive
2442 3954 2737 4010 Dominum
2802 3954 2984 4022 ipsum
3062 3954 3298 4021 recipiet
3364 3957 3452 4025 pia
3518 3956 3623 4011 do-

2036 4054 2219 4117 gmata
2273 4050 2677 4113 praponentem
2718 4041 3066 4110 cumignotaa
3115 4040 3251 4111 ipsis
3298 4043 3410 4098 sint
3455 4061 3623 4101 voces

2038 4150 2164 4205 quae
2208 4134 2277 4189 ab
2304 4135 2386 4189 eis
2410 4130 2635 4202 proprie
2684 4130 2967 4195 dicuntur,
3005 4131 3114 4188 nisi
3157 4149 3258 4205 per
3304 4136 3439 4194 alias
3482 4140 3619 4210 ipsis

2040 4227 2480 4296 interpretentur
2509 4237 2673 4279 voces
2700 4231 2756 4279 et
2784 4224 3018 4280 aliorum
3053 4239 3313 4282 sonorum
3342 4238 3400 4286 et
3428 4232 3616 4287 diver-

2040 4334 2225 4374 sarum
2264 4316 2695 4389 periphrasium.
2732 4316 2905 4374 Aliter
2934 4332 3039 4373 nec
3096 4315 3307 4375 Hebraei
3355 4322 3422 4377 ad
3455 4324 3618 4380 [idem

350 4406 490 4463 Θεοῦ
517 4409 617 4464 καὶ
643 4408 934 4481 χαρακτὴρ
962 4410 1059 4463 καὶ
1104 4410 1443 4481 ἀπαύγασμα
1492 4412 1521 4464 ὁ
1553 4411 1726 4479 Λόγος
1769 4410 1932 4466 αὑτοῦ

2039 4410 2356 4475 devenient,
2395 4409 2521 4480 quia
2553 4408 2731 4479 reipsa
2775 4408 2956 4482 imago
2986 4409 3086 4466 Dei
3145 4420 3202 4465 et
3235 4411 3522 4471 character
3562 4427 3622 4475 et

347 4499 525 4568 ἔστιν,
552 4502 683 4554 ἐπεὶ
716 4502 794 4573 μὴ
823 4500 939 4555 ἐστι
990 4499 1151 4554 τοῦτο
1191 4502 1469 4570 αῦτολεξεί
1503 4520 1608 4557 που
1638 4505 1695 4556 ὲν
1717 4506 1791 4575 ,τῇ
1821 4505 1935 4558 Πα-

346 4588 481 4663 λαιᾷ
505 4607 520 4622 ·
550 4591 679 4647 οὔτε
714 4593 1055 4663 Σαμαρεῖται
1089 4593 1215 4664 περὶ
1246 4593 1479 4665 κρίσεώς
1513 4611 1568 4648 τι
1612 4594 1932 4660 καταδέξον-

341 4701 446 4738 ται
468 4687 799 4758 μελλούσης,
818 4688 944 4740 ἐπεὶ
968 4688 1069 4741 οὐκ
1096 4687 1287 4760 ἐλέχθη
1312 4689 1489 4761 ῥητῶς
1513 4689 1582 4744 τὰ
1606 4692 1736 4761 περὶ
1762 4691 1932 4762 αὐτῆς

339 4774 563 4848 Μωῦσῇ
593 4794 673 4847 πη
706 4792 721 4806 ο
754 4775 870 4830 ἀλλ’
905 4775 1028 4829 οὐδὲ
1058 4776 1264 4845 "Apsum.
1315 4779 1407 4830 καὶ
1452 4777 1711 4847 Εὐνόμιοι
1759 4778 1856 4832 καὶ
1881 4781 1931 4833 οἱ

337 4863 529 4918 λοιποὶ
557 4866 659 4937 τὴν
684 4864 783 4920 τοῦ
810 4865 1102 4934 ὁμοουσίου
1133 4864 1166 4935 ἢ
1197 4867 1464 4921 ωναῖδίου
1503 4867 1688 4938 φωνὴν
1716 4869 1810 4922 ἐπὶ
1835 4868 1932 4922 τοῦ

338 4954 573 5025 Πατρδς
599 4957 699 5010 καὶ
736 4955 834 5008 τοῦ
865 4953 1003 5008 Υίοῦ
1031 4954 1129 5008 καὶ
1172 4953 1265 5007 τοῦ
1304 4956 1456 5021 ἁγίου
1500 4957 1814 5027 Πνεύματος
1838 4961 1933 5013 ἁν-

333 5044 594 5113 έξονται,
617 5047 744 5101 ἐπεὶ
766 5048 909 5116 μήτε
934 5048 1003 5116 τῇ
1035 5045 1168 5115 ἁγίᾳ⁸
1198 5046 1385 5119 Εραφῇ
1425 5066 1499 5120 πη
1529 5050 1745 5120 εἴρηται
1772 5051 1930 5103 αὺτο-

330 5136 499 5202 λεξεὶ
526 5136 677 5204 τάδε,
712 5137 851 5209 μηδὲ
882 5138 998 5201 τοῖς
1051 5134 1158 5204 πρὸ
1182 5136 1355 5190 αὐτῶν
1380 5139 1784 5208 Χριστιανικοϊς
1806 5157 1940 5207 συγ-⁴

330 5227 676 5298 γράμμασι.

429 5321 579 5376 Ἀλλ’
606 5321 731 5376 οὐδὲ
750 5321 927 5392 αὐτὴν
952 5318 1056 5389 τὴν
1087 5317 1191 5371 ὑπὸ
1221 5319 1312 5372 τοῦ
1336 5322 1544 5393 [ἰατρὸς
1582 5325 1740 5395 ἡμῶν
1770 5324 1931 5377 Ἀθαι

326 5412 544 5469 ναρσιου
576 5411 761 5483 φωνὴν
788 5411 886 5465 ἐπὶ
930 5407 1031 5462 τοῦ
1087 5407 1287 5478 Κυρίου
1326 5409 1587 5479 λέγουσαν
1616 5414 1744 5483 μίαν
1773 5414 1934 5481 φύσιν

324 5503 439 5559 τοῦ
482 5501 622 5554 Θεοῦ
668 5502 843 5569 Λόγου
895 5498 1323 5566 σεσαρκωμένην
1374 5501 1776 5572 καταδεξάμεθα
1804 5517 1816 5529 ·
1873 5501 1933 5552 οὐ

406 5679 437 5714 ⁴
467 5679 644 5735 Prov.
674 5694 820 5743 xvm,
860 5676 911 5731 1.

2039 4503 2300 4574 splendor
2321 4502 2561 4557 Verbum
2585 4501 2705 4571 ejus
2731 4513 2836 4568 est,
2866 4517 2992 4557 cum
3018 4492 3129 4560 non
3169 4505 3241 4560 sit
3262 4504 3398 4561 illud
3430 4508 3497 4563 ad
3520 4509 3627 4564 lit-’

2040 4602 2212 4649 teram
2249 4607 2478 4662 usquam
2531 4592 2585 4645 in
2616 4591 2800 4646 Veteri
2837 4591 3208 4648 Testamento.
3240 4595 3354 4651 Nec
3377 4595 3634 4655 Samari-.

2041 4684 2154 4740 tani
2187 4684 2256 4739 de
2294 4682 2505 4754 judicio
2553 4682 2738 4747 futuro
2778 4684 3082 4754 quidquam
3115 4685 3434 4753 admittent,
3486 4704 3619 4745 cum

2038 4790 2149 4831 non
2173 4775 2242 4830 ad
2269 4775 2509 4830 litteram
2552 4789 2780 4843 nsquam
2808 4775 2865 4829 in
2900 4775 3083 4845 Moyse
3107 4775 3407 4846 quidquam
3445 4779 3515 4834 de
3548 4796 3619 4836 eo

2036 4864 2272 4934 legatur.
2309 4862 2417 4918 Sed
2444 4877 2547 4918 nec
2576 4862 2765 4918 Ariani
2821 4864 2909 4919 vel
2933 4863 3265 4918 Eunomiani
3309 4873 3366 4921 et
3415 4869 3617 4939 reliqui

2038 4971 2232 5011 vocem
2258 4955 2528 5012 omoousii
2553 4964 2647 5011 aut
2670 4954 3157 5013 consubstantialis
3180 4964 3239 5010 et
3258 4961 3518 5014 coarterni
3547 4962 3618 5017 de

2037 5048 2200 5104 Patre
2229 5057 2283 5103 et
2313 5046 2455 5102 Filio
2500 5055 2556 5102 et
2597 5046 2806 5117 Spiritu
2834 5055 3031 5105 sancto
3067 5046 3455 5109 sustinebunt,
3491 5064 3616 5106 cum

2036 5138 2233 5193 nullibi
2257 5138 2312 5203 in
2336 5145 2521 5193 sancta
2551 5136 2831 5207 Scriptura
2853 5138 2922 5193 ad
2945 5138 3184 5191 litteram
3202 5136 3322 5189 haec
3337 5133 3614 5203 dicantur,

1954 5238 1955 5243 ‘
2035 5246 2140 5285 nec
2167 5229 2222 5283 in
2255 5227 2587 5285 Christianis
2617 5228 2836 5298 scriptis
2872 5237 3002 5285 ante
3033 5227 3202 5293 ipsos.

2110 5318 2216 5373 Sed
2252 5332 2354 5373 nec
2383 5317 2557 5385 ipsam
2582 5316 2762 5372 Patris
2804 5316 2986 5373 nostri
3010 5310 3297 5367 Athanasii
3328 5324 3519 5366 vocem
3548 5316 3619 5372 de

2037 5408 2270 5463 Domino
2302 5407 2578 5462 dicentem
2613 5422 2775 5461 unam
2820 5406 2920 5462 Dei
2968 5399 3134 5454 Verbi
3160 5404 3410 5453 naturam
3442 5400 3620 5457 incar-

2041 5508 2223 5553 natam
2252 5496 2628 5568 admittcmns
2688 5514 2701 5548 :
2753 5510 2865 5550 non
2917 5489 3068 5542 enim
3118 5492 3202 5537 est
3229 5493 3285 5538 et
3312 5484 3381 5539 ab
3408 5486 3491 5539 eis
3521 5492 3616 5559 qui

2244 5795 2257 5800 -
2288 5790 2387 5802 ..ο-,κ
