3998 6282
480 317 616 383 18οΊ

1754 320 2060 382 LEONTII
2105 320 2475 382 BYZANTIN
2481 321 2506 380 Ι

3599 326 3741 395 1808

477 441 605 489 ante
637 430 794 486 illum
822 430 1049 486 fuerunt
1075 429 1244 496 dicta,
1275 429 1405 485 licet
1434 439 1488 485 et
1517 430 1761 486 notionis
1783 432 1950 503 hujus
1981 436 2060 487 vis

2167 431 2273 502 γάρ
2299 432 2416 488 ἐστι
2449 432 2542 485 καὶ
2573 432 2683 494 τοῖς
2717 431 2824 503 πρὸ
2855 434 3022 488 αὑτοῦ
3065 433 3224 503 τυχὸν
3259 435 3546 508 εἰρημένη,
3572 439 3617 488 εξ
3648 437 3742 489 καὶ

479 522 787 595 antiquitus
815 527 907 603 vix
922 523 979 578 in
996 522 1250 578 confesso
1272 532 1418 578 esset
1451 541 1463 576 :
1498 523 1737 578 Verbum
1761 525 1906 578 enim
1934 541 2060 579 caro

455 615 686 694 tactum
721 621 826 678 est,
856 612 1114 668 audimus
1142 628 1170 667 a
1210 613 1489 684 Theologo
1520 627 1535 666 :
1562 613 1710 682 quod
1753 623 1901 668 certe
1951 631 2060 668 una

478 716 677 762 natura
710 704 808 761 Dei
841 704 1008 762 Verbi
1040 705 1323 760 incarnata
1356 713 1460 770 est,
1501 721 1610 760 non
1644 705 1961 761 audivimus
1992 709 2062 762 ab

479 799 622 868 ipso,
663 797 761 852 sed
795 812 863 852 ex
897 797 1004 852 hoc
1067 797 1222 866 ipso:
1251 797 1492 852 Verbum
1543 813 1672 852 caro
1716 798 1922 853 factum
1977 807 2062 853 est

479 887 870 944 intelleximus.
927 887 1268 956 Simpliciter
1294 895 1480 942 autem
1515 886 1563 941 si
1604 886 1923 941 notionibus
1947 888 2060 942 suis

479 994 591 1034 non
613 978 788 1049 magis
808 979 1264 1049 obtemperamus
1279 979 1528 1048 quolibet
1549 977 1711 1036 modo
1727 979 2058 1049 praedicatis,

478 1071 575 1126 sed
602 1071 878 1126 dictiones
905 1071 1212 1140 sequimur,
1243 1086 1406 1127 omne
1453 1070 1846 1126 documentum
1882 1071 2060 1140 primo

485 1163 904 1232 pronuntiatum
937 1163 1190 1232 quamvis
1221 1171 1432 1218 rectum
1466 1178 1698 1232 prorsus
1729 1163 1819 1226 sit,
1851 1163 2063 1216 novita-

482 1265 592 1308 tem
623 1253 875 1309 redolere
897 1253 1236 1324 iudicabitur
1255 1263 1310 1308 et
1328 1253 1616 1308 audientes
1644 1251 2060 1307 seandalizabit.

480 1347 585 1402 Per
618 1345 946 1400 recentioris
973 1345 1120 1399 enim
1158 1341 1578 1414 compositionis
1622 1357 1787 1396 voces
1833 1358 2066 1411 prorsus

477 1439 740 1493 dicuntur
812 1437 1179 1507 praenuntiata
1243 1436 1611 1498 documenta,
1665 1435 1758 1489 ubi
1815 1450 1957 1504 swpe
2006 1445 2064 1488 et

479 1530 630 1600 ipsos
659 1536 862 1584 sanctae
898 1527 1195 1597 Scriptura:
1241 1526 1307 1582 ad
1342 1527 1581 1582 litteram
1628 1526 1907 1595 expositos
1944 1535 2054 1580 tex-

479 1631 568 1677 tus
611 1637 710 1690 per
735 1620 940 1689 ingenii
975 1634 1209 1674 acumen
1240 1634 1404 1672 veros
1424 1633 1546 1672 esse
1575 1617 1855 1680 novimus,
1889 1625 1944 1670 et
1977 1631 2065 1670 sc-

477 1712 720 1767 cundum
757 1711 1046 1782 allegorias
1094 1709 1388 1779 aliquando
1443 1717 1701 1778 tanquam
1766 1707 2062 1762 mendaces

2164 520 2264 588 τῆς
2287 521 2496 584 ἐννοίας
2523 521 2690 590 αὐτῆς
2711 516 2779 592 ἦν
2805 523 2837 592 ἡ
2866 522 3095 594 δύναμις
3127 523 3293 576 πάλαι
3318 523 3739 596 ὡμολογημένηο

2177 612 2235 664 Ὀ
2257 613 2428 679 Λόγος
2451 613 2558 683 γάρ
2584 612 2721 683 σὰρξ
2742 615 2977 684 ἐγένετο,
2998 617 3315 685 ἠκούσαμεν
3345 617 3408 668 ἐκ
3437 615 3529 669 τοῦ
3547 617 3743 671 Θεολό-

2163 718 2260 768 γου
2287 719 2301 732 ·
2333 701 2393 754 τὸ
2425 703 2605 772 μέντοι
2637 703 2766 772 μίαν
2807 703 2966 773 φύσιν
3015 705 3109 757 τοῦ
3133 703 3269 758 Θεοῦ
3315 706 3489 772 Λόγου
3545 722 3742 779 σεεῖαρ⁶

2166 794 2423 864 κωμένην
2451 791 2612 857 εἶναι,
2645 797 2745 849 οὑκ
2767 797 3082 866 ἠκούσαμεν
3111 798 3207 851 σὺν
3239 799 3409 868 αὐτῷ,
3445 800 3561 852 ἀλλ’
3590 801 3744 872 ἐνοή-

2166 901 2340 956 σαμεν
2363 885 2423 951 ἐξ
2445 886 2612 940 αὑτοῦ
2640 886 2791 940 τοῦδε
2817 888 2932 952 τοῦ,
2966 908 2983 939 ι
3009 889 3068 942 '0
3091 891 3264 958 Λόγος
3284 891 3418 958 σάρξ
3446 892 3686 960 ἐγένετο·
3715 911 3734 945 ι

2165 976 2351 1041 ἁπλῶς
2381 976 2439 1030 δὲ
2467 978 2516 1029 εί
2559 979 2632 1048 μὴ
2659 981 2778 1040 ταῖς
2823 979 3050 1041 ἐννοίαις
3075 983 3197 1043 ταῖς
3226 981 3508 1034 εὐσεϐέσιν
3541 982 3744 1052 μᾶλλον

2163 1067 2467 1137 πειθόμεθα
2500 1068 2749 1122 ὁπωσοῦν
2785 1069 3294 1140 ὲξαγγελλομέναις,
3342 1072 3477 1127 ἀλλὰ
3502 1074 3623 1136 ταῖς
3654 1073 3743 1126 λέ-

2166 1159 2310 1222 ξεσιν
2350 1160 2615 1226 ἑπόμεθα,
2659 1161 2809 1213 πᾶσα
2841 1160 3156 1214 διδασκαλία
3188 1163 3418 1230 πρώτως
3445 1163 3740 1234 λεγομένη,

2164 1248 2266 1302 κᾶν
2290 1249 2464 1320 ὀρθῶς
2488 1251 2664 1320 πάντη
2711 1249 2843 1320 ἔχοι,
2883 1256 3240 1322 καινοςρωνεῖν
3273 1254 3622 1324 κριθήσεται,
3649 1253 3745 1308 καὶ

2165 1341 2511 1394 σκανδαλίσει
2559 1343 2686 1405 τοὺς
2739 1343 3046 1413 ἀκροατάς⁸
3104 1344 3191 1398 διὰ
3254 1346 3575 1416 καινοτέρας
3632 1345 3744 1416 γὰρ

2166 1432 2467 1495 συνθέσεως
2500 1431 2698 1498 λέξεων
2729 1435 2945 1496 πάντως
2985 1435 3200 1505 εἴρηται
3238 1436 3307 1490 τά
3349 1437 3638 1507 πρόσφατα
3662 1437 3743 1490 δι-

2163 1522 2435 1593 δάγματα,
2469 1525 2600 1576 ὅπου
2652 1541 2716 1593 γε
2768 1524 3027 1588 πολλάκις
3075 1527 3171 1579 καὶ
3215 1527 3383 1590 αὑτὰς
3433 1528 3534 1598 τῆς
3581 1527 3746 1597 ἁγίας

2164 1615 2388 1685 Γραφῆς
2443 1616 2538 1680 τὰς
2583 1616 2764 1687 ῥητῶς
2805 1617 3132 1687 ἐγκειμένας
3171 1621 3416 1690 χρήσεις,
3459 1621 3550 1674 διὰ
3590 1639 3747 1694 περι-

2165 1707 2315 1770 νοίας
2357 1706 2698 1776 γινώσκομεν
2733 1706 2950 1778 ἀληθεῖς
2982 1704 3119 1762 εἶναι
3145 1726 3158 1739 ·
3199 1710 3291 1762 καὶ
3335 1710 3476 1763 κατὰ
3512 1710 3745 1780 ἀλληγο-

477 1802 911 1858 consideramus.
949 1799 1162 1870 Quippe
1207 1817 1220 1851 :
1254 1797 1603 1854 lntroducam
1632 1812 1730 1852 vos
1772 1797 1828 1850 in
1857 1805 2060 1850 terram

2173 1800 2294 1871 ρίας
2323 1799 2435 1853 ἐσθ’
2469 1800 2579 1866 ὅτε,
2616 1801 2738 1854 ὲπεί
2758 1802 2841 1854 τοί
2873 1817 2935 1870 γε
2965 1801 3039 1865 ώς
3068 1801 3280 1872 ψευδεῖς
3306 1803 3650 1876 θεωροῦμεν·
3684 1806 3747 1858 τὺ

476 1896 617 1949 lacte
663 1903 718 1947 et
747 1892 907 1946 melle
954 1898 1304 1954 manantem,
1338 1889 1406 1944 de
1446 1887 1622 1958 plagis
1650 1903 1681 1942 a
1720 1887 1958 1942 Iordane
1992 1885 2062 1940 ad

477 1985 814 2053 Euphratem
859 1981 1090 2045 dictum,
1151 1987 1531 2035 commentum
1581 1984 1728 2031 esset
1771 1974 1877 2029 nisi
1905 1974 2063 2044 adjuo

482 2085 641 2130 vante
699 2073 1038 2146 imaginandi
1076 2071 1131 2125 vi
1161 2084 1520 2126 nosceremus
1577 2065 1726 2137 quod
1767 2065 1956 2119 herbis
2007 2072 2064 2118 et

478 2168 681 2239 plantis
709 2167 968 2222 fertiliter
1008 2163 1315 2219 abundaret
1349 2171 1533 2226 terra;
1574 2159 1669 2214 ubi
1718 2158 1890 2212 multa
1933 2169 2057 2225 pas-

478 2275 602 2325 cua,
645 2258 828 2313 multa:
859 2271 992 2313 oves
1025 2264 1082 2310 et
1114 2256 1287 2311 altilia
1329 2261 1385 2310 et
1414 2268 1636 2324 greges;
1673 2251 1766 2305 ubi
1807 2249 2062 2304 animalia

481 2353 604 2416 ista,
635 2359 690 2405 et
719 2350 880 2406 lactis
931 2349 1128 2419 copia;
1189 2347 1444 2404 similiter
1473 2346 1568 2400 ubi
1619 2345 1820 2415 plantae
1850 2344 2060 2408 multae,

483 2443 734 2513 plurimae
790 2450 920 2496 sunt
961 2457 993 2496 e
1041 2440 1270 2496 ﬂoribus
1311 2437 1692 2494 melliﬂcantes
1747 2452 1911 2506 apes;
1965 2435 2061 2490 ubi

479 2535 669 2604 plures
702 2534 806 2588 illa:
877 2533 948 2587 ab
981 2532 1226 2602 ipsisque
1267 2531 1376 2586 mel
1404 2529 1722 2600 copiosum;
1754 2537 1808 2582 et
1838 2527 2060 2596 quando

478 2640 611 2695 ergo
652 2623 788 2679 dicit
821 2640 837 2676 :
872 2642 891 2675 ι
930 2623 987 2677 Si
1020 2623 1218 2677 oculus
1261 2628 1391 2674 tuus
1440 2617 1776 2674 scandalizat
1809 2625 1882 2681 te,
1931 2631 2060 2672 eum

479 2717 688 2788 projice
711 2715 808 2770 abs
835 2726 885 2769 te
902 2716 948 2780 ",
979 2735 998 2766 ι
1031 2712 1261 2770 dictioni
1287 2711 1678 2784 cogitationive
1697 2711 1853 2781 prius
1878 2717 2060 2765 atten-

481 2808 746 2872 dendum,
781 2805 1055 2876 siquidem
1087 2805 1268 2859 littera
1297 2803 1519 2867 occidit,
1569 2802 1798 2872 spiritus
1818 2816 1949 2856 vero
1974 2799 2060 2854 vi-

479 2899 687 2965 vide-at,
713 2901 857 2954 sicut
893 2913 992 2952 vos
1024 2895 1369 2966 respondetis
1396 2894 1575 2948 nobis.

555 3078 661 3134 Sed
705 3077 912 3147 pariter
955 3073 1024 3130 ad
1059 3075 1164 3130 hoc
1205 3073 1466 3128 diceretis
1498 3091 1510 3126 :
1542 3071 1684 3139 Quid
1718 3085 1870 3142 ergo,
1907 3069 2059 3140 pium

481 3172 697 3240 signum
724 3167 962 3223 habente
991 3166 1170 3236 prima
1221 3179 1355 3220 voce
1401 3164 1702 3220 secundum
1732 3178 1833 3218 vos
1858 3177 2057 3216 novam

479 3256 757 3326 ellingitis,
788 3255 895 3310 nisi
935 3254 1063 3325 quia
1110 3252 1242 3323 quid
1275 3252 1665 3307 machinamini
1716 3249 1927 3306 notioni
1962 3263 2062 3318 op-

481 3349 722 3419 positum
747 3347 770 3400 ?
799 3346 951 3401 Licet
981 3345 1130 3400 enim
1155 3351 1212 3398 et
1239 3343 1305 3398 ad
1339 3358 1435 3396 vos
1470 3342 1666 3396 merito
1709 3340 1882 3395 licere
1910 3339 2058 3410 quod

481 3454 715 3510 quarum
775 3453 977 3493 vocum
1021 3451 1158 3492 usus
1210 3435 1391 3498 idem,
1460 3434 1654 3488 harum
1718 3431 2059 3486 abundantia

484 3548 666 3597 vana;
720 3530 817 3585 sed
864 3528 1324 3585 considerandum
1372 3527 1646 3596 quomodo
1683 3524 1875 3579 eadem
1907 3533 1961 3580 et
1992 3525 2061 3580 iis

481 3623 578 3693 qui
624 3622 887 3677 emittunt
936 3621 1101 3674 aliam
1132 3619 1430 3674 dictionem
1479 3619 1548 3671 ab
1593 3617 1751 3672 initio
1775 3627 1834 3672 et
1874 3617 1944 3672 iis
1964 3619 2058 3687 qui

481 3732 704 3772 omnem
750 3715 916 3770 talem
945 3713 1091 3783 piam
1123 3711 1525 3766 confessionem
1572 3709 1628 3762 in
1659 3708 1833 3763 dubio
1873 3717 2058 3764 erunt.

480 3811 729 3878 Namque
757 3807 802 3862 si
841 3806 984 3860 idem
1009 3812 1094 3859 est
1129 3821 1143 3856 :
1181 3802 1424 3858 Verbum
1459 3816 1588 3855 caro
1619 3799 1823 3854 factum
1849 3807 1956 3864 est,
2004 3808 2061 3853 et

483 3902 667 3955 dicere
699 3913 864 3952 unam
898 3905 1150 3950 naturam
1194 3893 1290 3947 Dei
1333 3892 1500 3948 Verbi
1553 3891 1916 3951 iucarnatam,
1959 3904 2060 3943 cur

482 3996 574 4050 illa
601 3993 760 4047 nobis
782 3987 1095 4044 introducta
1116 3984 1368 4040 est?Cur
1395 3985 1440 4038 si
1473 3983 1618 4038 idem
1649 3989 1736 4037 est
1762 3999 1774 4036 :
1812 3999 1830 4032 ι
1867 3980 1982 4050 Ego
2004 3988 2062 4034 et

483 4091 645 4144 Pater
665 4100 836 4141 unum
870 4096 1062 4138 sumus
1081 4082 1123 4145 ⁸,
1167 4098 1184 4131 ι
1224 4078 1472 4133 additum
1503 4084 1587 4131 cst
1610 4083 1665 4129 et
1698 4073 2063 4129 consubstan-

485 4183 614 4237 tiale
641 4180 710 4234 de
758 4179 921 4234 Patre
963 4184 1020 4232 et
1048 4173 1228 4230 Filio?
1259 4172 1316 4227 Si
1347 4171 1512 4225 etiam
1536 4177 1761 4239 propter
1791 4165 2057 4236 quosdam

483 4275 622 4327 duas
650 4280 876 4326 naturas
910 4270 964 4322 in
993 4266 1214 4322 Christo
1245 4265 1527 4327 dicentes,
1592 4259 1813 4331 propria
1845 4257 2058 4312 haben-

483 4377 592 4422 tem
652 4372 948 4430 utrumque
997 4372 1107 4412 non
1163 4356 1339 4411 solum
1389 4353 1692 4409 secundum
1749 4363 2058 4405 sermonem

2167 1893 2298 1963 γὰρ,
2337 1890 2550 1956 Είσάξω
2582 1891 2726 1962 ὑμᾶς
2756 1894 2832 1956 είς
2867 1893 2970 1964 γῆν
3019 1895 3248 1964 ῥέουσαν
3298 1895 3441 1962 γάλα
3473 1896 3566 1950 καὶ
3603 1897 3743 1968 μέλι,

2169 1985 2298 2054 περὶ
2346 1982 2448 2052 τῆς
2504 1983 2611 2036 ἀπὸ
2654 1982 2922 2054 Ἰορδάνου
2980 1984 3173 2056 μέχρις
3228 1985 3513 2054 Εὐφράτου
3562 1988 3745 2058 χώρας

2169 2075 2478 2145 εἰρημένον,
2506 2074 2700 2145 ψευδὲς
2735 2074 2801 2129 ἂν
2848 2076 2953 2146 εἴη,
2987 2077 3034 2128 εί
3069 2076 3144 2147 μὴ
3175 2075 3262 2128 διὰ
3297 2077 3573 2146 περινοίας
3602 2079 3744 2145 γνῶ-

2173 2182 2271 2236 μεν
2295 2168 2375 2219 ὅτι
2401 2165 2533 2219 πολύ
2545 2183 2708 2234 φυτος
2735 2166 2828 2218 καὶ
2857 2165 3164 2237 βοτανώδης
3188 2169 3220 2237 ὴ
3249 2167 3324 2238 γῆ
3347 2185 3360 2199 ·
3391 2161 3452 2222 οὗ
3474 2169 3528 2222 δὲ
3553 2169 3746 2224 πολλαὶ

2171 2257 2383 2326 βοσκαὶ,
2421 2258 2592 2310 πολλὰ
2638 2259 2810 2329 κτήνη
2864 2259 2958 2312 καὶ
3005 2257 3297 2329 θρέμματα
3347 2261 3442 2314 καὶ
3479 2263 3742 2331 ποῖμναιο

2167 2342 2226 2401 οῦ
2253 2347 2309 2399 δὲ
2351 2347 2464 2411 ζῶα
2496 2347 2644 2412 τάδε,
2704 2341 2798 2400 καὶ
2831 2347 3102 2416 γάλακτος
3147 2349 3404 2417 ἀφθονίαο
3441 2351 3642 2421 ὁμοίως
3684 2368 3743 2404 τε

2167 2439 2303 2491 ὅπου
2338 2438 2530 2491 πολλαὶ
2581 2438 2825 2509 βοτάναι,
2879 2439 3129 2492 πλεῖσται
3181 2441 3318 2494 είσιν
3363 2441 3420 2492 αί
3467 2440 3746 2508 άνθολόγοι

2171 2526 2444 2597 μέλιτται·
2471 2520 2532 2581 οὗ
2558 2526 2615 2581 δὲ
2641 2527 2861 2591 πλείους
2889 2524 3066 2594 αὗται,
3092 2526 3186 2580 καὶ
3215 2528 3274 2580 τὸ
3321 2530 3384 2581 ὲκ
3421 2528 3586 2582 τῶνδε
3625 2530 3744 2600 μέλι

2169 2617 2333 2672 πολύ·
2371 2619 2464 2671 καὶ
2507 2619 2594 2672 ὅτε
2633 2619 2725 2672 οῦν
2780 2619 2952 2688 λέγει·
3003 2638 3019 2670 ι
3062 2620 3189 2673 Ἐάν
3237 2621 3264 2672 ὁ
3311 2619 3593 2689 ὀφθαλμός
3647 2631 3744 2674 σου

2169 2707 2494 2781 σκανδαλίζῃ
2525 2726 2604 2774 σε,
2637 2709 2832 2762 ἔκϐαλε
2861 2709 3022 2763 αὑτὸν
3057 2709 3166 2763 άπὸ
3207 2709 3325 2776 σοῦ,
3357 2728 3377 2761 ι
3410 2711 3486 2781 τῷ
3522 2710 3672 2782 ρητῷ
3708 2711 3744 2782 ἢ

2165 2805 2232 2872 τῇ
2264 2801 2475 2874 διανοίᾳ
2528 2803 2858 2872 προσεκτέον
2891 2799 3144 2873 πρώτως,
3199 2801 3356 2872 εἴπερ
3399 2801 3460 2854 τὸ
3509 2803 3744 2872 γράμμα

2165 2893 2501 2958 ἀποκτείνει,
2520 2893 2581 2947 τὺ
2609 2893 2665 2946 δὲ
2700 2892 2918 2962 πνεῦμα
2949 2891 3223 2959 ζωοποιεῖ,
3249 2885 3294 2944 ὧ
3317 2885 3485 2959 οὗτοι,
3516 2892 3748 2966 ἀποκρί-

2165 2985 2329 3040 νασθε
2358 2988 2511 3057 ἡμῖν.
2564 3023 2576 3036 .

2249 3076 2387 3130 Ἀλλ’
2447 3078 2576 3139 ἴσως
2629 3075 2767 3148 πρὸς
2805 3075 2933 3130 τάδε
2965 3077 3168 3129 εἴποιτε
3192 3087 3207 3104 ⁸
3251 3075 3315 3128 Τί
3343 3074 3436 3128 οῦν
3469 3073 3606 3138 ὅλως
3643 3071 3742 3144 τὴν

2165 3169 2361 3240 εὐσεϐῆ
2395 3169 2668 3240 σημασίαν
2715 3167 2945 3238 ἐχούσης
2975 3169 3074 3238 τῆς
3117 3166 3340 3236 πρώτης
3381 3166 3585 3236 φωνῆς,
3619 3165 3743 3219 δευ-

2164 3262 2328 3333 τέραν
2362 3263 2519 3332 ὑμεῖς
2553 3263 2950 3331 καινουργεῖτε,
2983 3261 3030 3310 εί
3059 3258 3134 3329 μή
3159 3274 3213 3310 τι
3249 3259 3570 3329 σκαιωρεϊτε
3598 3256 3744 3310 κατὰ

2164 3351 2263 3422 τῆς
2290 3352 2532 3418 ὲννοίαςς
2563 3351 2682 3416 ἐξὸν
2711 3351 2821 3420 γὰρ
2861 3351 3036 3402 εἰπεῖν
3075 3349 3166 3401 καὶ
3203 3347 3340 3419 πρὸς
3378 3350 3519 3418 ὑμᾶς
3552 3345 3742 3398 εὑκαί-

2168 3461 2277 3516 ρως
2303 3445 2385 3498 ὅτι
2417 3437 2491 3497 ὧν
2522 3444 2554 3514 ἡ
2593 3442 2791 3514 χρῆσις
2821 3445 2854 3513 ἡ
2894 3441 3053 3512 αὑτὴ,
3103 3438 3308 3493 τούτων
3340 3441 3372 3510 ἡ
3423 3437 3744 3492 πολυτέλεια

2165 3536 2430 3605 περιττή·
2465 3532 2601 3588 ἀλλὰ
2655 3532 2914 3584 σκεπτέον
2957 3530 3034 3592 ὡς
3079 3527 3148 3582 τὰ
3184 3529 3323 3582 αὑτά
3361 3527 3456 3581 καὶ
3487 3528 3599 3588 τοῖς
3641 3525 3744 3594 τὴν

2167 3627 2360 3694 ἑτέραν
2396 3622 2579 3694 φωνὴν
2619 3621 2860 3692 ἀρχῆθεν
2902 3618 3385 3690 προϐαλλομένοις,
3427 3617 3523 3670 καὶ
3558 3616 3743 3668 πᾶσαν

2162 3713 2374 3766 τοιάνδε
2398 3711 2598 3782 εὐσεϐῆ
2649 3711 2939 3782 ὁμολογίαν
2967 3708 3403 3781 ἀπορηθήοεται.
3437 3707 3502 3758 Τί
3532 3706 3640 3776 γὰρ
3673 3702 3743 3759 ἂν

2165 3805 2214 3858 ei
2237 3803 2431 3858 ταυτόν
2453 3805 2569 3856 ἐστι
2585 3802 2684 3874 τῷ·
2711 3803 2770 3856 '0
2795 3821 2813 3855 ι
2831 3801 3003 3870 Λόγος
3028 3799 3164 3870 σὰρξ
3191 3797 3462 3867 ὲγένετο,ι
3487 3795 3546 3848 τὺ
3560 3792 3743 3863 λέγειν

2169 3895 2296 3966 μίαν
2347 3895 2509 3964 φύσιν
2539 3894 2635 3948 τοῦ
2685 3894 2822 3947 Θεοῦ
2868 3893 3040 3960 Λόγου
3095 3888 3542 3960 σεσαρκωμένην,
3596 3885 3740 3954 αὕτη

2163 3987 2296 4054 ἡμῖν
2325 3983 2718 4054 ὲπεισυνέχθης
2755 3983 2806 4035 τί
2845 3981 2900 4036 δὲ
2936 3984 2984 4035 εἰ
3028 3979 3223 4034 ταυτόν
3257 3980 3372 4030 ἐστι
3405 3976 3504 4046 τῷο
3549 3993 3567 4026 ι
3590 3972 3739 4042 Ἐγὼ

2166 4077 2260 4132 καὶ
2280 4077 2308 4128 ό
2331 4077 2520 4148 Πατὴρ
2545 4076 2604 4130 ἓν
2641 4079 2830 4146 ἐσμεν,
2868 4093 2886 4126 ι
2921 4071 3310 4144 προσεφράσθη
3343 4069 3437 4123 καὶ
3459 4068 3520 4121 τὸ
3545 4067 3741 4139 όμοοὺ-

2168 4187 2279 4224 σιον
2305 4167 2398 4224 τοῦ
2423 4167 2632 4239 Πατρδς
2661 4167 2796 4238 πρὸς
2821 4165 2910 4218 τὸν
2932 4165 3092 4229 Υἰόνς
3126 4164 3172 4215 εί
3194 4162 3250 4214 δὲ
3276 4161 3447 4223 οὕτως
3467 4158 3554 4213 διά
3585 4175 3739 4220 τινας

2164 4262 2258 4317 δύο
2290 4261 2480 4331 φύσεις
2503 4259 2762 4328 λέγοντας
2797 4253 3054 4328 Χριστοῦ,
3095 4254 3240 4316 ίδίως
3279 4252 3510 4321 ἔχουσαν
3549 4249 3741 4303 ἐκατέ-

2167 4371 2268 4424 ραν
2305 4351 2366 4405 οὒ
2427 4351 2586 4420 μόνον
2642 4348 2784 4402 κατὰ
2811 4348 2971 4415 λόγον
3015 4344 3270 4414 φυσικὸν,
3295 4342 3430 4396 ἀλλὰ
3461 4341 3557 4396 καὶ
3595 4340 3740 4395 κατὰ

484 4456 796 4528 physicum,
835 4450 932 4506 sed
965 4458 1021 4504 et
1074 4445 1378 4503 secundum
1413 4445 1772 4512 hypostaseos
1812 4441 2056 4495 existen-

2166 4444 2261 4512 τὴν
2298 4439 2534 4511 ὓπαρξιν
2581 4439 2748 4508 αὐτὴν
2800 4437 2901 4505 τῆς
2948 4435 3323 4499 ὑποστάσεως,
3361 4433 3530 4504 ἤγουν
3558 4433 3649 4485 τόν
3656 4449 3737 4536 is

487 4551 616 4603 tiam
651 4546 864 4601 scilicet
900 4551 956 4596 et
975 4539 1213 4595 Verbum
1239 4545 1296 4590 et
1325 4549 1548 4590 carnem
1583 4531 1822 4593 Domini,
1859 4537 1914 4585 et
1945 4545 2057 4583 non

485 4638 666 4707 ipsum
695 4634 934 4691 Verbum
969 4645 1190 4686 carnem
1226 4625 1587 4696 assumpsisse
1627 4622 2060 4694 dogmatizantes

485 4729 540 4782 in
555 4743 664 4782 una
680 4723 982 4781 secundum
1016 4719 1348 4792 hypostasim
1370 4716 1728 4781 adunatione,
1746 4712 2058 4768 necessario

484 4818 732 4889 oportuit
761 4815 946 4870 dicere
982 4813 1202 4868 unicam
1245 4810 1338 4864 Dei
1372 4808 1536 4863 Verbi
1584 4816 1840 4861 naturam
1879 4803 2060 4857 incar-

484 4920 689 4974 natam,
722 4917 782 4962 ut
811 4914 867 4962 et
899 4904 1236 4977 signiﬁcetur
1268 4912 1589 4957 naturarum
1616 4897 1913 4967 duplicitas
1961 4908 2060 4964 per

486 5003 540 5056 id
576 5000 723 5071 quod
751 4999 978 5061 dicitur,
1013 4997 1297 5049 incarnata
1318 5000 1512 5046 natura
1543 4989 1701 5060 quasi
1732 4988 1799 5043 ad
1831 4986 2058 5057 aliquid,

488 5107 724 5161 namque
749 5089 816 5145 ad
841 5089 1220 5143 incarnantem
1256 5082 1480 5136 dicitur.
1507 5081 1575 5136 Et
1601 5079 1952 5150 perspicuum
1979 5085 2063 5130 est

487 5185 634 5256 quod
664 5199 773 5239 non
808 5182 862 5236 in
892 5178 1125 5235 monade
1158 5192 1246 5231 res
1270 5175 1337 5230 ad
1383 5172 1590 5244 aliquid
1621 5181 1783 5237 sunt;
1810 5180 1869 5224 ut
1893 5169 2058 5223 etiam

488 5280 641 5332 locus
672 5273 854 5344 impiis
897 5285 1008 5326 non
1057 5269 1220 5324 datus
1265 5267 1338 5321 sit
1382 5274 1606 5336 propter
1655 5264 1855 5318 lemma
1911 5262 2064 5317 vocis

489 5370 724 5424 duarum
750 5377 1075 5420 naturarum
1093 5360 1344 5415 dividere
1367 5355 1710 5429 hypostasim
1745 5355 1986 5417 unicam,
2007 5354 2063 5406 in

490 5457 937 5529 imprudentibus
983 5453 1179 5509 eodem
1225 5449 1450 5505 nomine
1491 5447 1795 5518 signiﬁcata
1846 5455 2064 5498 natura.

489 5551 557 5607 Et
581 5564 722 5618 saepe
753 5549 876 5602 loco
893 5545 1145 5602 essentia:
1167 5553 1222 5598 et
1246 5543 1366 5596 loco
1385 5538 1687 5610 personalis
1712 5537 2069 5608 hypostaseos

563 5723 578 5753 '
605 5721 794 5777 Matth.
826 5736 879 5786 v,
910 5719 998 5775 29.
1077 5718 1097 5750 ⁸
1124 5717 1282 5773 Joan.
1318 5732 1372 5780 Χ,
1411 5711 1498 5765 50.

2165 4533 2336 4600 Λόγον
2373 4529 2470 4584 καὶ
2492 4528 2590 4601 τὴν
2628 4529 2805 4600 σάρκα
2829 4525 2924 4580 τοῦ
2949 4527 3176 4596 Κυρίου,
3208 4526 3300 4577 καὶ
3323 4523 3425 4577 οὑκ
3454 4522 3618 4576 αὐτὴν
3648 4521 3741 4579 τὸν

2165 4624 2338 4690 Λόγον
2368 4619 2750 4692 σεσαρκῶσθαι
2777 4618 3201 4688 δογματίζοντας
3250 4617 3310 4669 ὲν
3352 4615 3451 4685 μιᾷ
3494 4615 3562 4684 τῇ
3614 4613 3740 4667 καθ’

2167 4713 2462 4766 ὑπόστασιν
2509 4710 2720 4774 ἐνώσει,
2781 4708 3092 4776 ἀναγκαίως
3137 4707 3326 4775 ἐδέησε
3379 4705 3561 4774 λέγειν
3611 4704 3741 4774 μίαν

2167 4805 2331 4875 φύσιν
2363 4801 2460 4856 τοῦ
2511 4801 2648 4854 Θεοῦ
2679 4801 2855 4866 Λόγου
2893 4798 3340 4868 σεσαρκωμένην,
3387 4797 3472 4848 ενα
3510 4795 3604 4848 καὶ
3643 4798 3759 4863 στί-ε’

2169 4896 2431 4967 μαίνηται
2468 4893 2530 4947 τὸ
2568 4893 2744 4946 διττὸν
2781 4890 2888 4944 τῶν
2919 4889 3134 4958 φύσεων
3183 4889 3270 4941 διὰ
3301 4887 3395 4939 τοῦ
3426 4887 3502 4949 ὡς
3529 4886 3663 4955 πρός
3689 4901 3741 4938 τι

2165 4986 2420 5055 λέγεσθαι
2449 4983 2548 5056 τὴν
2609 4981 3040 5051 σεσαρκωμὲνην
3082 4978 3270 5047 φύσιν
3319 4977 3456 5048 πρὸς
3507 4976 3616 5046 γὰρ
3643 4973 3745 5045 τὴν

2169 5076 2537 5150 σαρκώσασαν
2563 5075 2813 5145 εἴρηταιο
2848 5073 2941 5126 καὶ
2991 5069 3148 5140 δῆλόν
3199 5071 3369 5134 ἐστιν,
3413 5068 3489 5132 ὡς
3537 5067 3638 5121 οὑκ
3683 5067 3744 5120 ἑν

2169 5165 2356 5240 μονάδι
2383 5165 2450 5218 τά
2477 5165 2612 5236 πρός
2636 5163 2690 5216 τί
2723 5165 2860 5225 ἐστι,
2893 5159 3046 5230 χώρα
3079 5175 3141 5211 τε
3175 5160 3290 5220 τοῖς
3317 5154 3636 5210 δυσσεϐοῦσι
3668 5153 3744 5225 μὴ

2163 5259 2291 5328 δοθῇ
2319 5258 2409 5312 διὰ
2445 5256 2540 5309 τοῦ
2569 5255 2860 5326 λήμματος
2889 5250 2991 5321 τῆς
3029 5250 3138 5304 τῶν
3183 5248 3279 5303 δύο
3320 5247 3535 5318 φύσεων
3559 5248 3745 5316 φωνῆς

2165 5350 2407 5420 δικάζειν
2438 5347 2618 5400 αὑτῶν
2653 5345 2750 5416 τὴν
2783 5345 2912 5414 μίαν
2942 5343 3268 5408 ὑπόστασιν,
3306 5343 3365 5394 ὲν
3397 5340 3513 5402 τοῖς
3542 5341 3744 5407 ἀπερι-

2171 5441 2431 5502 σκέπτοις
2460 5434 2862 5508 όμωνυμοὺσης
2893 5433 2992 5501 τῆς
3042 5429 3288 5501 φύσεωςο
3344 5426 3438 5480 καὶ
3483 5424 3745 5487 πολλάκις

2172 5533 2291 5587 ἀντὶ
2320 5531 2510 5592 οὑσίας
2541 5529 2637 5582 καὶ
2689 5526 2811 5582 ἀντὶ
2866 5526 3227 5598 προσωπικῆς
3282 5521 3340 5576 δὲ
3391 5519 3745 5581 ὑποστάσεως
