3998 6282
443 436 572 503 18H

1705 435 2015 499 LEONTII
2052 437 2457 498 BYZANTINI

3548 412 3678 500 1822

441 569 504 607 ro
547 561 602 607 et
655 553 722 606 ab
772 551 932 607 initio
984 553 1260 622 frequenti
1306 554 1651 609 orthodoxiae
1711 553 2043 609 conformis.

2147 551 2212 620 ἧς
2232 525 2635 623 ὁμολογουμένῃ
2668 523 2948 623 ὀρθοδοξίᾳ
2990 552 3270 621 συμφωνεῖ
3315 548 3454 602 κατά
3494 551 3551 603 τὺ
3585 569 3680 621 ση-

439 647 592 716 juxta
636 644 1029 715 signiﬁcatum,
1077 644 1221 699 hanc
1270 645 1644 699 venerabilem
1699 645 1906 698 habere
1958 654 2015 696 et

446 745 708 803 tanquam
737 735 1021 804 propriam
1067 735 1326 804 amplecti
1361 743 1599 804 oportet.
1646 734 1704 788 Si
1733 750 1852 804 qua:
1881 748 2015 787 vero

451 828 577 880 trita
615 826 672 880 in
705 842 860 880 sacra
895 825 1184 896 Scriptura
1209 835 1406 882 cuncta
1435 835 1491 882 et
1519 826 1663 896 apud
1687 826 1874 879 Patres
1901 840 2019 877 om-

448 934 546 972 nes
592 933 697 972 vox
742 918 1043 982 invenitur,
1075 918 1168 972 sed
1197 927 1426 988 propter
1452 917 1674 986 impiam
1719 915 2014 986 quamdam

451 1011 751 1065 novitatem
799 1010 1220 1080 excogitationis
1246 1026 1276 1064 a
1323 1009 1562 1080 quodam
1601 1007 1931 1063 transfertur
1961 1006 2016 1060 in

452 1103 832 1157 diversitatem
881 1119 912 1157 a
968 1111 1118 1157 recta
1168 1101 1418 1168 notione,
1470 1101 1620 1155 illam
1681 1099 1911 1169 rejicere
1962 1107 2019 1151 et

453 1196 715 1251 detestari
744 1212 844 1250 nos
865 1203 1122 1265 tanquam
1147 1195 1324 1249 bonos
1346 1192 1754 1249 nummularios
1774 1197 2017 1261 Oportet,

453 1303 568 1342 non
635 1287 1027 1341 numismatum
1095 1285 1328 1356 efﬁgiem
1394 1292 1450 1338 et
1497 1281 2021 1352 superscriptionem

455 1387 714 1436 curantes
752 1388 985 1442 tantum,
1022 1379 1119 1433 sed
1170 1385 1226 1432 et
1273 1379 1456 1446 ipsum
1488 1382 1779 1446 argentum
1825 1373 2022 1429 callide

456 1472 875 1527 considerantes
915 1479 971 1525 et
1015 1469 1412 1540 investigantes
1459 1468 1504 1523 si
1543 1468 1724 1538 reipsa
1785 1467 2022 1536 probum

457 1574 562 1636 est.
609 1564 827 1620 Etenim
869 1562 1180 1619 testimonia
1243 1562 1463 1617 Domini
1537 1571 1832 1630 argentum
1899 1559 2026 1629 igne

458 1657 749 1726 probatum
776 1655 1037 1709 dicuntur
1063 1672 1077 1719 ;
1103 1663 1377 1725 quotquot
1412 1654 1560 1708 enim
1588 1650 1798 1721 aliquid
1836 1667 1865 1705 a
1909 1649 2026 1721 pri-

462 1762 552 1800 mo
599 1746 894 1801 verborum
941 1745 1135 1800 auditu
1177 1745 1431 1816 judicant
1476 1743 1763 1807 virtutem,
1810 1756 1937 1795 cum
1973 1749 2030 1796 et

461 1839 573 1892 sint
614 1838 812 1892 litterae
861 1837 1168 1892 dictionum
1216 1845 1402 1906 partes
1443 1834 1768 1893 elﬁcientes.
1813 1832 2030 1886 discant

462 1929 609 2000 quod
633 1930 678 1984 si
697 1945 842 1999 saepe
864 1930 1050 1984 littera
1073 1928 1299 1993 occidit,
1320 1926 1548 1998 spiritus
1567 1940 1700 1980 vero
1723 1922 1965 1978 viviﬁcat
1983 1924 2026 1987 θ,

463 2021 606 2075 sicut
632 2028 688 2074 et
712 2035 886 2074 mens.

531 2111 675 2178 Quid
703 2126 836 2182 ergo
863 2111 1044 2166 adhuc
1068 2111 1216 2166 'mihi
1259 2108 1560 2166 verborum
1603 2107 1841 2178 amplius
1887 2105 2032 2160 circa

465 2203 602 2258 illud
626 2203 649 2258 ?
669 2205 953 2258 Noverunt
981 2204 1128 2258 enim
1155 2218 1348 2258 omnes
1370 2203 1518 2272 quod
1560 2199 1842 2256 Manichati
1877 2197 2034 2253 Chri-

467 2294 632 2350 stiani
647 2303 702 2349 et
725 2294 1053 2348 Samaritani
1070 2304 1128 2349 et
1145 2294 1356 2349 Hebraei
1380 2300 1437 2348 et
1453 2292 1642 2348 Ariani
1659 2301 1714 2346 et
1736 2289 2032 2346 Sabelliani

467 2395 524 2441 et
549 2386 919 2441 Valentiniani
945 2397 1000 2441 et
1029 2386 1366 2440 Marcionitae
1383 2393 1439 2440 et
1458 2383 1770 2447 Nestoriani
1796 2389 1852 2437 et
1876 2380 2037 2450 Apol-

467 2478 736 2532 linaristaa
775 2487 832 2532 et
865 2477 1121 2532 universa
1153 2476 1372 2547 proprie
1422 2476 1570 2530 dicta
1594 2474 1735 2529 male
1769 2471 2038 2540 dogmati-

471 2568 715 2621 zantium
768 2567 931 2620 turba
986 2581 1017 2620 e
1074 2580 1230 2621 sacra
1283 2564 1571 2632 Scriptura
1638 2571 1756 2615 tum
1824 2557 2035 2618 Veteri,

472 2668 588 2712 tum
636 2657 790 2712 Novo
829 2667 886 2712 et
923 2655 1367 2726 praecedentibus
1428 2652 1707 2717 Patribus,
1771 2649 2036 2720 quosdam

471 2759 654 2806 textus
675 2759 982 2818 excerpunt
1001 2749 1057 2802 in
1081 2749 1320 2818 propriae
1341 2744 1764 2816 eacogitationis
1792 2741 2042 2797 testimo-

471 2843 648 2908 nium,
691 2841 847 2911 quasi
878 2841 1069 2895 eadem
1099 2839 1476 2909 significarent
1517 2838 1573 2891 hi
1613 2845 1796 2892 textus
1835 2849 1900 2888 ac
1938 2849 2038 2888 vo-

474 2935 594 2988 lunt
627 2932 754 3002 ipsi.
783 2933 924 2987 Num
953 2947 1085 3002 ergo
1126 2931 1410 2985 notionem
1450 2929 1495 2984 si
1541 2937 1689 2982 recte
1727 2923 2041 2992 essetapud

476 3026 628 3094 ipsos
663 3023 1064 3094 iudicaremus,
1099 3031 1291 3076 etnon
1333 3035 1502 3076 voces
1537 3018 1898 3088 simpliciter?
1933 3015 2039 3071 Sed

477 3113 778 3184 sophistice
797 3123 1105 3182 caponente
1131 3112 1373 3167 Sabellio
1395 3110 1532 3165 illud
1563 3127 1576 3163 :
1613 3129 1630 3162 ι
1659 3110 1774 3181 Ego
1796 3117 1853 3162 et
1871 3107 2039 3162 Pater

2120 643 2480 713 μαινόμενον,
2545 643 2749 707 ταύτην
2800 641 3120 695 ποτνιᾶσθαι
3190 643 3282 695 καὶ
3335 641 3410 704 ὡς
3476 643 3683 695 οἰκείαν

2117 734 2530 804 ἀσμενίζεσθαιο
2575 733 2720 796 εἴτις
2749 733 2807 786 δὲ
2833 735 3170 804 τετριμμένη
3201 751 3260 786 τε
3296 737 3362 804 τῇ
3394 734 3526 805 ἁγίᾳ
3543 735 3704 805 Γραυ’

2118 827 2191 895 φῇ
2224 825 2373 895 πάσῃ
2393 825 2488 878 καὶ
2512 827 2621 888 τοῖς
2648 825 2928 895 Πατράσιν
2955 825 3097 888 ὅλοις
3150 825 3266 877 ἐστι
3315 825 3490 895 φωνὴ,
3545 825 3686 878 κατά

2117 931 2238 966 τινα
2281 913 2338 964 δὲ
2388 912 2622 983 δυσσεϐῆ
2665 913 3020 982 καινοτομίαν
3067 913 3338 982 νοήματος
3392 913 3499 966 ὑπό
3543 930 3683 975 τινος

2119 1005 2451 1076 προφέρεται
2501 1006 2581 1068 εἰς
2637 1004 2902 1074 διαφορὰν
2959 1004 3126 1074 ὀρθῆς
3196 1005 3440 1070 ἐννοίας,
3481 1004 3686 1070 ταύτην

2120 1096 2547 1165 ἀποδοκιμάζειν
2613 1095 2711 1149 καὶ
2731 1095 3106 1164 βδελύττεσθαι
3133 1095 3209 1158 ὡς
3258 1095 3457 1157 καλοὺς
3479 1111 3688 1165 τραπε-

2121 1189 2275 1253 ζίτας
2299 1187 2417 1240 δέον
2449 1189 2616 1258 ἡμᾶς,
2674 1186 2748 1256 μὴ
2800 1187 2877 1256 τῷ
2911 1187 3215 1255 ὲπιπολαίῳ
3245 1185 3555 1255 χαρακτῆρι
3582 1184 3688 1236 τῶν

2123 1281 2476 1349 νομισμάτων
2505 1278 2733 1340 καὶτοῖς
2753 1277 3076 1347 χαράγμασι
3117 1277 3480 1348 προσέχοντας
3509 1276 3686 1344 μόνον,

2125 1370 2262 1424 ἀλλά
2292 1371 2385 1422 καὶ
2410 1368 2541 1420 αὐτὸ
2568 1366 2629 1420 τὸ
2671 1365 2936 1437 ἀργύριον
2974 1366 3238 1435 ἐντέχνως
3287 1363 3692 1435 παρανοοῦντας

2126 1462 2220 1514 καὶ
2257 1458 2714 1526 κατεξετάζοντας
2748 1458 2796 1509 εί
2818 1457 2988 1520 ὅντως
3038 1455 3257 1525 δόκιμόν
3282 1457 3397 1508 ὲστι
3420 1470 3432 1482 ·
3467 1454 3536 1507 τὰ
3584 1454 3691 1523 γάρ

2125 1552 2282 1620 λόγια
2301 1551 2531 1621 Κυρίου,
2564 1550 2827 1620 ἀργύριον
2849 1547 3249 1617 πεπυρωμένον
3279 1546 3522 1614 δοκίμιον
3551 1544 3695 1615 εἴρῃ·

2127 1662 2258 1699 ται·
2290 1645 2404 1698 ὅσοι
2449 1642 2559 1713 γάρ
2600 1658 2654 1693 τι
2701 1641 2842 1694 κατὰ
2893 1639 3116 1709 πρώτην
3157 1638 3324 1709 ἀκοὴν
3353 1637 3464 1690 τῶν
3495 1635 3694 1699 λέξεων

2129 1735 2370 1806 κρίνουσι
2404 1733 2501 1804 τὴν
2529 1733 2779 1802 δύναμιν,
2812 1732 2934 1784 ἐπεὶ
2958 1730 3052 1784 καὶ
3084 1729 3151 1783 τὰ
3173 1730 3473 1800 γράμματα
3497 1725 3694 1789 ung

2131 1825 2268 1876 εἰσιν
2291 1821 2629 1890 ἀπογραφαί,
2673 1819 3091 1892 μανθανέτωσαν
3120 1818 3200 1871 ὅτι
3229 1816 3400 1880 οὕτως
3435 1813 3695 1874 πολλάκις

2132 1913 2192 1964 τὸ
2211 1911 2446 1980 γράμμα
2464 1910 2808 1974 ἀποκτέννει,
2828 1907 2888 1960 τὸ
2905 1907 2960 1960 δὲ
2981 1906 3204 1976 πνεῦμα
3226 1905 3501 1969 ζωοποιεῖ,
3519 1903 3694 1956 εῐτουν

2133 2019 2275 2065 νους.

2211 2095 2274 2145 Τί
2300 2093 2363 2163 δὴ
2391 2094 2501 2163 ἄρα
2541 2110 2633 2164 μοι
2667 2093 2848 2162 δεήσει
2869 2091 3042 2161 λόγων
3081 2089 3305 2160 μακρῶν
3336 2087 3472 2160 περὶ
3501 2086 3653 2141 τοῦδε
3681 2103 3695 2151 ;

2136 2189 2266 2239 πᾶσι
2291 2186 2398 2253 γὰρ
2428 2183 2666 2252 γνωστὸν
2700 2183 2775 2245 ὡς
2805 2183 3097 2251 Μανιχαϊοι
3144 2179 3461 2251 Χριστιανοὶ
3483 2177 3576 2231 καὶ
3599 2176 3700 2229 Σα-

2141 2276 2390 2344 μαρεῖται
2419 2271 2512 2325 καὶ
2546 2271 2790 2338 Ἑϐραῖοι
2823 2272 2920 2323 καὶ
2961 2269 3233 2339 Ἀρειανοὶ
3250 2269 3341 2322 καὶ
3359 2263 3703 2320 Σαϐελλεανοὶ

2137 2367 2232 2418 καὶ
2251 2361 2688 2417 Οὐαλεντινιανοὶ
2701 2360 2795 2414 καὶ
2811 2361 2902 2413 Μα
2911 2361 3224 2430 ρκιωνισταὶ
3239 2361 3335 2414 καὶ
3349 2357 3704 2427 Νεστοριανοὶ

2139 2451 2697 2524 καὶἊπολιναρισταὶ
2726 2453 2819 2504 καὶ
2863 2452 3015 2504 πᾶσα
3060 2450 3245 2512 ἁπλῶς
3294 2445 3702 2518 ὁμολογουμένη

2139 2547 2443 2612 κακοδοξία,
2470 2545 2535 2598 ἐκ
2559 2560 2618 2597 τε
2655 2543 2754 2613 τῆς
2791 2543 2955 2612 ἁγίας
3001 2541 3224 2614 Γραφῆς
3248 2541 3491 2600 Παλαιᾶς
3513 2553 3572 2588 τε
3609 2535 3705 2588 καὶ

2139 2643 2306 2707 Νέας,
2339 2639 2432 2692 κα)⁸
2461 2635 2571 2690 τῶν
2591 2633 2973 2705 προλαϐόντων
3001 2634 3260 2702 Πατέρων
3289 2629 3440 2693 τινάς
3483 2627 3706 2698 χρήσεις

2141 2737 2472 2810 παρασπῶσι
2503 2734 2642 2806 πρὸς
2671 2729 2978 2804 μαρτυρίαν
3000 2727 3094 2782 τοῦ
3118 2724 3320 2779 οἰκείου
3339 2720 3705 2793 φρονήματος,

2138 2835 2213 2897 ὡς
2235 2833 2302 2886 τὰ
2330 2831 2468 2886 αύτά
2490 2827 2818 2900 βουλομένας
2842 2823 3023 2887 αὐτοῖς
3043 2838 3057 2853 ο
3084 2821 3191 2893 ἄρα
3220 2813 3312 2872 οὖν
3344 2816 3464 2887 οὐχὶ
3491 2815 3590 2885 τὴν
3619 2811 3711 2866 ἐνε-

2142 2941 2288 2978 νοιαν
2325 2923 2375 2975 εί
2403 2919 2577 2992 ὀρθῶς
2596 2919 2780 2981 αὐτοῖς
2807 2915 2921 2985 ἔχοι
2941 2914 3249 2983 κρίνοιμεν,
3269 2909 3364 2962 καὶ
3385 2908 3446 2960 οὐ
3475 2905 3574 2968 τὰς
3596 2921 3710 2972 φω-

2143 3017 2240 3080 νὰς
2257 3013 2472 3080 άπλῶςς
2507 3009 2668 3064 Ἀλλά
2689 3005 3039 3079 παράγοντος
3077 3000 3368 3056 Σαϐελλίου
3395 2997 3474 3051 τό·
3507 3015 3526 3047 ι
3570 2992 3713 3060 Ἐγὼ

2145 3107 2240 3161 καὶ
2265 3107 2293 3158 ὁ
2324 3102 2514 3172 Πατὴρ
2539 3101 2598 3155 ἓν
2624 3101 2813 3170 ἐσμεν,
2866 3116 2885 3149 ι
2919 3094 3014 3148 καὶ
3064 3090 3416 3163 ἀναιροῦντος
3442 3087 3541 3158 τὴν
3565 3101 3716 3155 τριαο

481 3221 651 3260 nnum
695 3221 906 3270 sumus,
943 3224 961 3257 ι
1000 3214 1056 3259 et
1087 3204 1289 3258 trinam
1329 3202 1670 3275 hypostasim
1708 3173 2043 3271 rejiciente;

2147 3195 2301 3264 δικὴν
2331 3193 2661 3247 ὑπόστασιν⁶
2711 3189 2807 3242 καὶ
2843 3182 3110 3254 Εὐνομίου
3153 3177 3598 3251 προϐαλλομένου
3627 3173 3707 3275 τός

479 3307 537 3352 et
558 3297 830 3351 Eunomio
854 3295 1166 3365 proferente
1192 3294 1328 3349 illud
1359 3313 1373 3348 :
1407 3313 1426 3345 ι
1460 3293 1565 3360 Qui
1594 3292 1743 3347 misit
1763 3305 1852 3346 me
1881 3291 2044 3345 Pater

480 3391 657 3460 major
677 3403 762 3444 me
783 3388 939 3451 est“,
987 3405 1004 3438 ι
1033 3395 1090 3441 et
1121 3386 1409 3442 monadem
1441 3385 1764 3441 destruente
1793 3396 1899 3436 nec
1921 3395 2035 3435 non

481 3489 692 3537 naturae
726 3479 1095 3550 aequalitatem
1138 3477 1194 3533 in
1241 3477 1550 3542 divinitate,
1584 3475 1664 3530 sic
1699 3473 1907 3529 insulse
1938 3471 2048 3526 cir-

483 3572 841 3627 cumferimur
885 3571 1107 3641 quidem
1170 3570 1238 3625 ab
1285 3568 1491 3638 impiis,
1523 3575 1620 3621 aut
1647 3565 1832 3635 potius
1864 3563 1922 3618 in
1949 3576 2049 3632 op-

483 3664 723 3733 positum
772 3661 1215 3716 circumferimur
1267 3660 1416 3715 omni
1465 3665 1630 3712 vento
1676 3655 1941 3712 doctrinae
1980 3652 2050 3706 ad

486 3755 696 3808 erroris
716 3754 984 3810 insaniam
1011 3753 1225 3824 jactati,
1257 3751 1337 3807 sic
1371 3760 1429 3807 et
1453 3767 1485 3806 a
1513 3751 1695 3820 seipsa
1726 3748 2051 3816 discrepans

485 3854 702 3899 tantum
734 3851 1000 3914 quantum
1043 3860 1074 3898 a
1119 3843 1350 3898 vocibus
1408 3850 1652 3897 sanctam
1709 3839 2050 3908 Scripturam

490 3935 909 4000 concludemus,
935 3942 992 3988 et
1041 3933 1325 4005 Evangelii
1375 3933 1660 3989 oraculum
1693 3946 1815 3986 esse
1847 3937 1905 3984 et
1939 3943 2051 3984 non

491 4043 616 4084 esse
647 4028 1041 4083 admittemus?
1063 4027 1184 4083 Non
1213 4026 1294 4082 sic
1320 4025 1418 4096 pii,
1444 4039 1554 4079 non
1585 4023 1683 4088 sic,
1727 4022 1824 4077 sed
1871 4022 2054 4091 reipsa

492 4121 802 4176 differentia
824 4119 1158 4176 aestimantes
1175 4118 1267 4189 qui
1289 4133 1386 4188 per
1403 4130 1596 4172 sensus
1611 4113 1886 4170 exercitos
1905 4127 2056 4167 com-

493 4207 836 4277 parationem
873 4207 1147 4262 bonorum
1173 4217 1230 4261 et
1253 4206 1522 4261 malorum
1552 4205 1836 4270 habemus,
1868 4202 2055 4258 omnia

492 4298 847 4363 aestimantes,
876 4297 1082 4353 bonum
1115 4297 1435 4352 retinemus.

572 4471 717 4542 Ergo
782 4471 1037 4528 veritatis
1100 4470 1275 4541 gratia
1345 4483 1541 4524 omnes
1589 4469 1684 4538 qni
1753 4465 2057 4523 secundum

2157 3307 2176 3341 ι
2219 3287 2278 3340 '0
2303 3282 2629 3344 ἀποστείλας
2655 3297 2745 3352 με,
2773 3275 2985 3347 Πατὴρ,
3026 3272 3226 3344 μείζων
3252 3269 3351 3342 μού
3388 3270 3527 3332 ἐστι,
3555 3284 3574 3318 ι
3598 3264 3716 3352 καὶ

2151 3373 2544 3444 ἀνατρέποντος
2589 3348 2689 3440 τὴν
2715 3363 2917 3436 μονάδα
2931 3362 3026 3415 καὶ
3051 3359 3150 3429 τὴν
3181 3356 3430 3426 ίσοφυῒαν
3452 3353 3554 3444 τῆς
3590 3348 3713 3444 θεό-

2151 3440 2340 3536 τητος,
2365 3458 2564 3515 οὑτωσὶ
2590 3457 2833 3528 ἀνοήτως
2875 3444 3401 3522 συμπεριφερόμεθα
3424 3442 3550 3536 ⁸μὲν
3601 3440 3718 3536 τοῖς

2153 3529 2396 3619 ἀσεϐέσι,
2465 3548 2662 3622 μᾶλλον
2691 3547 2749 3600 δὲ
2805 3545 2901 3598 καὶ
2951 3532 3486 3610 ἀντιπεριφερόμεθα
3553 3529 3723 3622 παντὶ

2157 3646 2343 3715 ἀνέμῳ
2357 3620 2829 3711 τῆςήδιδασκαλίας
2855 3633 2989 3705 πρὸς
3015 3631 3112 3701 τὴν
3141 3625 3353 3715 μωρίαν
3374 3623 3474 3691 τῆς
3509 3620 3720 3715 πλάνης

2159 3705 2627 3799 κλυδωνιζόμενοι.
2685 3723 2826 3779 οὕτω
2877 3737 2938 3774 τε
2989 3718 3154 3787 ἑαυτῇ
3212 3713 3539 3799 ἀσύμφωνον
3595 3705 3721 3799 ὅσον

2158 3825 2266 3880 ἀπὸ
2296 3822 2406 3875 τῶν
2439 3795 2632 3890 φωνῶν
2655 3815 2752 3886 τὴν
2771 3812 2933 3882 ἁγίαν
2960 3807 3184 3880 Γραφὴν
3212 3798 3568 3890 λογισόμεθα,
3607 3795 3723 3890 ’καὶ

2157 3914 2219 3969 τὸ
2247 3882 2503 3983 κήρυγμα
2545 3903 2639 3960 τοῦ
2667 3882 3000 3970 Εύαγγελίου
3031 3893 3169 3951 εῐναί
3199 3911 3260 3947 τε
3303 3891 3398 3946 καὶ
3431 3889 3535 3942 οὐκ
3552 3882 3725 3983 “εῐναι

2160 3976 2592 4068 καταδεξόμεθας
2648 3993 2748 4063 οὐχ
2793 3989 2966 4051 οὕτως
3003 3989 3053 4040 oi.
3103 3983 3346 4046 εὐσεϐεῖς
3379 3979 3496 4034 ἀλλ’
3551 3976 3725 4038 ὅντως

2158 4092 2544 4162 δοκιμάζοντες
2574 4085 2642 4140 τὰ
2669 4080 2996 4151 διαφέροντα
3037 4078 3087 4130 οἱ
3116 4075 3206 4129 διὰ
3273 4071 3386 4126 τῶν
3438 4082 3729 4162 Δγιεγυμνας

2165 4153 2759 4254 σμένωναίσθητηρίων
2786 4171 2884 4233 τὰς
2907 4165 3220 4238 συγκρίσεις
3231 4162 3342 4216 τῶν
3365 4157 3544 4254 καλῶν
3558 4173 3616 4210 τε
3636 4153 3733 4254 καὶ

2163 4245 2348 4331 κακῶν
2405 4245 2740 4340 ποιούμενοι,
2784 4261 2964 4317 πάντα
3007 4254 3412 4327 δοκιμάζοντες,
3460 4249 3520 4305 τδ
3567 4245 3731 4300 καλὸν

2165 4367 2384 4436 κατέχοι
2392 4380 2510 4435 μεν.

2236 4428 2443 4514 Οὐκοῦν
2471 4449 2777 4524 φιλαλήθως
2805 4447 3014 4510 πάντας
3053 4443 3178 4506 τοὺς
3213 4438 3354 4494 κατά
3373 4450 3496 4490 τινα
3530 4428 3732 4486 σκοπὸν

496 4562 790 4634 quemdam
827 4563 1216 4618 haereticorum
1266 4561 1430 4615 ﬁnem
1470 4559 1661 4613 dicunt
1705 4558 1854 4629 quod
1898 4558 2043 4612 unica

2166 4551 2273 4606 τῶν
2307 4522 2600 4618 αἱρετικῶν
2617 4541 2871 4610 λέγοντας
2899 4537 2959 4590 τὸ
2989 4535 3117 4607 μίαν
3145 4531 3305 4604 φύσιν
3333 4526 3428 4582 τοῦ
3469 4522 3605 4578 Θεοῦ
3630 4522 3732 4574 Λό-

2757 4631 2767 4634 “
3175 4623 3188 4634 ⁸
3335 4619 3405 4634 i“
3433 4618 3446 4634 ε
3549 4615 3590 4634 ,,\
3617 4615 3726 4634 ιι---

501 4655 575 4708 sit
652 4661 849 4708 natura
922 4652 1021 4707 Dei
1125 4651 1282 4707 Verbi
1363 4651 1692 4714 incarnata,
1777 4647 2064 4718 ablegandi

502 4754 666 4810 sunt;
699 4743 794 4798 sed
837 4751 893 4797 et
928 4751 1203 4813 quotquot
1243 4743 1396 4813 juxta
1433 4741 1716 4795 notionem
1773 4736 2064 4808 quamdam

504 4836 728 4904 impiam
776 4843 1063 4890 autumant
1089 4834 1468 4904 duplicitatem
1509 4838 1835 4886 naturarum
1863 4826 2069 4884 Christi

503 4927 865 4981 adunatarum
887 4924 1334 4995 inseparabiliter
1354 4935 1616 4993 respuere
1637 4929 1755 4984 est;
1777 4918 2072 4973 admittere

504 5033 640 5073 vero
672 5034 703 5072 e
745 5027 938 5072 contra
975 5024 1088 5072 tum
1132 5030 1326 5071 omnes
1358 5015 1453 5084 qui
1483 5015 1701 5068 unicam
1733 5012 1927 5066 dicunt
1969 5025 2068 5064 na-

509 5123 687 5165 turam
716 5111 813 5164 Dei
844 5109 1008 5164 Verbi
1044 5109 1406 5172 incarnatam,
1442 5103 1600 5175 quasi
1629 5106 1815 5159 alterae
1841 5110 2068 5165 naturae,

505 5202 721 5256 scilicet
760 5208 970 5255 naturae
1011 5198 1193 5253 carnis
1237 5197 1448 5252 unitam
1502 5206 1755 5250 naturam
1785 5193 1950 5248 Verbi
1978 5206 2104 5247 seu

503 5292 747 5348 cundum
790 5289 1149 5362 hypostasim.
1196 5295 1312 5342 tum
1343 5302 1540 5342 omnes
1565 5286 1659 5355 qui
1691 5284 2069 5353 duplicitatem

506 5383 846 5438 conlitentur
892 5389 1208 5435 naturarum
1256 5377 1464 5432 Christi
1505 5375 1870 5430 adunatarnm
1925 5373 2072 5426 inse-

510 5478 829 5546 parabiliter
858 5493 965 5530 non
1008 5472 1311 5529 secundum
1355 5485 1539 5525 rerum
1589 5469 1736 5523 circa
1780 5465 2071 5521 essentiam

507 5565 984 5619 consideratarnm
1027 5562 1254 5632 aliquid,
1285 5561 1381 5614 sed
1409 5559 1713 5614 secundum
1739 5557 2072 5627 hypostasim

512 5659 687 5726 ipsam
727 5667 1071 5720 naturarum,
1110 5656 1164 5709 id
1204 5662 1289 5709 est
1312 5654 1366 5707 in
1411 5652 1577 5706 unius
1605 5665 1857 5721 persona:
1891 5659 2078 5703 osten-

2159 4661 2258 4713 γου
2295 4615 2723 4709 σεσαρκωμένην
2749 4623 3253 4699 ἀποσκορακιστέον
3276 4638 3290 4652 ·
3324 4618 3461 4674 ἀλλά
3500 4615 3596 4670 καὶ
3615 4615 3733 4713 ὅσοι

2165 4733 2304 4789 κατά
2342 4745 2467 4783 τινα
2490 4726 2695 4780 ἔννοιαν
2717 4719 2956 4788 δυσσεϐῆ
3017 4732 3152 4786 φασι
3199 4711 3367 4766 δυάδα
3396 4707 3611 4778 φύσεων
3624 4703 3737 4756 τῶν

2165 4821 2405 4896 Χριστοῦ
2431 4815 2724 4891 ήνωμένων
2751 4808 3092 4881 ἀδιαιρέτως,
3116 4799 3554 4896 καταπτοστέον·
3600 4796 3739 4848 ἀπο-

2167 4887 2381 4970 δεκτέον
2409 4887 2466 4964 δέ
2483 4907 2644 4963 πάλιν
2677 4903 2884 4966 πάντας
2911 4899 3037 4959 τούς
3058 4914 3118 4950 τε
3144 4895 3273 4966 μίαν
3289 4891 3451 4961 φύσιν
3476 4887 3737 4954 λέγοντας

2168 5006 2262 5061 τοῦ
2328 4999 2461 5056 Θεοῦ
2503 4998 2678 5066 Λόγου
2726 4987 3174 5061 σεσαρκωμένην,
3209 4983 3286 5046 ὡς
3331 4979 3496 5051 ἑτέρα
3553 4973 3739 5066 φύσει,

2169 5101 2336 5170 ἡγουν
2363 5095 2427 5164 τῇ
2457 5091 2555 5160 τῆς
2584 5065 2788 5158 σαρκὸς
2811 5079 3094 5153 ἡνωμένην
3117 5077 3214 5146 τὴν
3245 5073 3406 5143 φύσιν
3439 5067 3535 5170 τοῦ
3561 5065 3740 5168 ιξόγου

2173 5157 2293 5245 καθ’
2325 5157 2778 5244 ὑπόστασινίκαὶ
2811 5174 3021 5234 πάντας
3062 5169 3120 5222 δὲ
3169 5167 3295 5228 τοὺς
3338 5157 3743 5232 ὁμολογοῦντας

2175 5390 2235 5427 τε
2267 5336 2387 5423 τῶν.
2400 5365 2526 5435 περὶ
2549 5336 2661 5431 τὴν
2677 5357 2865 5411 οὐσίαν
2898 5349 3310 5435 θεωρουμένωνς
3339 5341 3475 5397 ἀλλά
3492 5336 3749 5435 κατάσην

2180 5462 2473 5514 ὑπόστασιν
2503 5449 2672 5518 αὐτὴν
2721 5444 2828 5498 τῶν
2861 5441 3097 5512 φύσεων,
3155 5433 3436 5489 τουτέστιν
3491 5430 3570 5491 εἰς
3627 5423 3747 5486 ἑνὸς

2181 5547 2472 5620 προσώπου
2491 5539 2655 5605 δεῖξιν
2675 5535 2770 5591 τοῦ
2792 5534 3010 5605 ἀμφοῖν,
3032 5531 3104 5593 ὡς
3126 5527 3222 5598 τὴν
3243 5523 3409 5592 αὐτὴν
3434 5516 3596 5574 οὖσαν
3617 5517 3748 5568 ἑκαο

2182 5645 2343 5714 τέραν
2369 5634 2659 5706 ὁμολογίαν
2684 5624 3106 5696 ποτνιωμένους.

510 5751 722 5804 sionem
777 5749 1084 5812 amborum,
1129 5746 1285 5816 quasi
1335 5743 1584 5799 eamdem
1608 5742 1964 5799 exsistentem
2006 5747 2294 5808 utramque
2336 5726 2736 5786 confessionem
2761 5724 3085 5776 reverenter
3111 5709 3396 5766 habentes.

583 5868 601 5897 ’
634 5864 676 5919 ll
705 5861 830 5919 Cor.
863 5877 939 5927 ιιι,
965 5862 1017 5916 6.
1098 5863 1138 5891 ¹⁰
1169 5861 1326 5916 Joan.
1366 5876 1475 5926 xw,
1508 5857 1596 5913 98.
