4098 6256
330 437 470 504 1813

1482 442 1778 502 CONTRA
1819 438 2414 504 MONOPHYSITAS.

3446 431 3588 494 18M

403 551 530 603 Ὅτι
557 550 666 621 γὰρ
694 550 786 604 καὶ
819 549 1081 622 Κύριλλος
1110 552 1137 605 ό
1167 552 1355 622 Πατὴρ
1412 554 1510 623 τὴν
1557 555 1727 624 αὐτὴν
1768 551 1907 608 οἶδεν

2077 554 2216 622 Quia
2246 555 2393 610 enim
2417 562 2472 608 et
2496 550 2734 622 Cyl-illus
2751 550 2912 603 Pater
2934 548 3184 602 eamdem
3213 548 3371 602 nevit
3401 550 3580 604 notios-

332 640 550 696 ἔννοιαν
576 637 711 696 εἶναι
731 643 828 712 τῆς
857 643 985 710 μιᾶς
1003 641 1216 711 φύσεως
1233 642 1327 696 τοῦ
1346 643 1480 696 Θεοῦ
1504 643 1679 710 Λόγου
1706 661 1902 714 σεσαρ-

335 729 618 800 κωμένης,
681 729 819 784 κατὰ
862 730 962 801 τὴν
997 730 1164 785 αὐτοῦ
1217 731 1428 786 ἔννοιαν
1469 733 1772 803 λεγομένης
1812 735 1906 788 καὶ

334 820 448 875 τῶν
483 821 655 892 ὀρθῶς
672 820 934 876 νοούντων
958 821 1052 876 δύο
1088 823 1282 892 φύσεις
1313 823 1553 893 Χριστοῦ
1591 822 1714 876 καθ’
1772 825 1904 877 ὐπόσ

341 928 529 966 στασιν
552 911 682 982 μίαν
713 913 1020 984 ἡνωμένας,
1051 915 1190 968 κατὰ
1213 915 1315 984 τὴν
1336 914 1565 976 Λέοντός
1598 931 1658 967 τε
1690 915 1786 967 τοῦ
1815 931 1916 968 σοι

341 1002 586 1071 φωτάτου
629 1002 722 1056 καλ⁸
749 1003 857 1057 τῶν
887 1004 1058 1072 ἁγίων
1079 1004 1336 1074 Πατὲρων
1374 1004 1482 1057 τῶν
1503 1005 1560 1056 ὲν
1608 1007 1673 1074 τῇ
1708 1005 1907 1074 συνόδῳ

339 1092 680 1161 Χαλκηδόνος
710 1093 1024 1164 ὁμολογίαν,
1063 1093 1356 1148 ἀκουστέον
1391 1089 1572 1146 αὐτοῦ
1588 1093 1649 1144 ὲν
1676 1093 1742 1161 τῇ
1769 1091 1908 1161 πρὸς

338 1184 597 1252 Εὐλόγιον
661 1185 1038 1256 πρεσϐύτερον
1095 1183 1354 1253 ἐπιστολῇ
1427 1181 1554 1236 τάδε
1621 1181 1902 1250 λέγοντος·

343 1277 608 1332 «Κάκεῖνο
638 1276 697 1331 δὲ
733 1276 816 1348 μὴ·
834 1275 1233 1346 ἀγνοείτωσαν·
1263 1275 1399 1328 ὅπου
1437 1273 1761 1344 γὰρ-ἕνωσις
1791 1273 1909 1326 όνο⁸

340 1368 593 1437 μάζεται,
635 1369 738 1438 οὐχ
763 1366 880 1429 ἑνὸς
909 1367 1236 1436 πράγματος
1277 1365 1603 1436 σημαίνεται
1671 1365 1906 1430 σύνοδος,

337 1458 452 1513 ἀλλ’
485 1459 518 1529 ἢ
549 1458 643 1512 δύο
685 1459 730 1529 ἢ·
771 1458 1173 1513 καὶπλειόνων
1199 1458 1294 1511 καὶ
1344 1456 1622 1528 διαφόρων
1654 1456 1909 1526 ἀλλήλοις
1938 1451 1941 1454 ⁴

337 1549 482 1603 κατὰ
530 1549 643 1620 τῆν-
693 1549 877 1620 φύσιν.
914 1550 978 1603 El
1042 1547 1237 1602 τοίνυνκ
1272 1548 1503 1618 λέγομεν
1540 1547 1642 1618 τὴν
1689 1547 1907 1609 ἕνωσιν,

335 1640 707 1711 ὁμολογοῦμεν
720 1641 810 1694 ὅτι
852 1639 1443 1710 σαρκὸς-ἐψυχωμένης
1467 1639 1674 1710 νοερῶς
1700 1640 1793 1692 καὶ
1822 1639 1909 1691 λό-

335 1747 467 1799 γου·
513 1733 607 1784 καὶ
640 1733 689 1786 οί
723 1730 818 1784 δύο
843 1731 899 1784 δὲ
932 1731 1184 1800 λέγοντες
1236 1729 1450 1800 φύσεις,
1483 1728 1660 1792 οὕτως
1693 1728 1905 1782 νοοῦσι·

339 1821 479 1892 πλὴν
499 1823 599 1892 τῆς
633 1821 880 1885 ἑνώσεως
905 1822 1368 1892 ὀμολογουμένης,
1393 1821 1576 1874 οὐκέτι
1609 1821 1906 1875 διίστανται

2007 660 2132 700 nem
2161 661 2285 700 esse
2303 644 2479 698 unicae
2498 642 2650 697 illius
2677 646 2892 695 natura;
2925 639 3022 694 Dei
3051 637 3218 694 Verbi
3249 639 3593 702 ineat-nate,

2007 735 2310 792 secundum
2346 736 2467 805 ejus
2502 734 2786 788 notionem
2817 731 3000 794 dictae,
3041 738 3101 784 et
3141 739 3293 785 recte
3334 729 3580 800 cogitan-

2007 828 2144 880 tium
2193 827 2332 882 duas
2381 825 2588 881 Christi
2623 832 2855 878 naturas
2889 819 3200 877 secundum
3239 821 3605 892 hypostasim!

2008 933 2171 972 unam
2192 917 2484 977 adunatas,
2507 917 2662 985 juxta
2685 913 2888 967 Leonis
2921 911 3320 981 sapientissimi
3350 921 3408 966 et
3451 926 3578 966 san-

2008 1017 2221 1064 ctorum
2239 1009 2464 1063 Patrum
2477 1006 2672 1078 synodi
2686 1003 3158 1077 Chalcedonensis
3173 1003 3579 1058 confessionem

2007 1099 2201 1154 audire
2232 1109 2319 1153 est
2349 1099 2526 1167 ipsum
2575 1098 2630 1151 in
2661 1095 2902 1166 epistola
2935 1095 3004 1149 ad
3032 1095 3324 1166 Eulogium
3355 1094 3580 1166 presby-

2012 1201 2188 1245 terum
2214 1190 2341 1244 talia
2363 1189 2639 1244 dicentem
2667 1207 2679 1242 :
2722 1206 2741 1239 ι
2779 1187 2849 1242 Ει
2875 1185 3013 1242 illud
3044 1201 3113 1241 ne
3141 1185 3402 1256 ignorent
3440 1203 3455 1239 :
3487 1185 3613 1240 ubi-

2010 1281 2159 1336 euim
2196 1281 2514 1334 nominatur
2541 1279 2830 1342 adunatio,
2870 1292 2981 1332 non
3004 1277 3172 1331 unius
3197 1276 3405 1347 negotii
3440 1276 3584 1330 indi-

2011 1380 2171 1426 catur
2211 1369 2620 1434 convenientia,
2664 1369 2758 1424 sed
2805 1377 2902 1423 aut
2941 1368 3182 1422 duorum
3208 1376 3306 1421 aut
3339 1366 3612 1436 plurium-

2010 1471 2067 1517 et
2088 1462 2413 1517 abinvicem
2442 1470 2638 1515 natura
2669 1460 3134 1530 discrepantium.
3155 1458 3216 1514 Si
3260 1459 3428 1529 igitur
3489 1459 3604 1513 ad»

2014 1556 2334 1610 ouationem
2365 1554 2622 1619 dicimus,
2656 1553 2988 1609 conﬁtemur
3011 1552 3156 1621 quod
3187 1551 3374 1606 carnis
3413 1551 3578 1620 spiri-

2010 1645 2235 1701 tualiter
2277 1647 2534 1701 animata:
2559 1654 2617 1700 et
2641 1645 2808 1700 Verbi
2844 1661 2857 1697 :
2890 1653 2948 1698 et
2975 1643 3113 1698 duas
3137 1643 3235 1713 qui
3265 1641 3460 1697 dicunt
3489 1656 3586 1696 na-

2009 1745 2167 1792 turas
2199 1737 2280 1792 sic
2310 1737 2586 1806 cogitant;
2618 1743 2817 1805 prater
2835 1731 3230 1788 adunationem
3254 1747 3421 1803 quam
3451 1747 3584 1787 con-

2011 1829 2262 1894 fitentur,
2289 1843 2399 1882 non
2423 1826 2661 1897 amplius
2683 1825 3010 1881 dividuntur
3029 1825 3098 1880 ab
3124 1825 3361 1880 invicem
3378 1823 3584 1879 aduna-

338 1911 588 1981 ἀλλὴλων
614 1913 682 1965 τὰ
704 1911 993 1977 ἑνωθέντα,
1030 1912 1146 1966 ἀλλ’
1170 1906 1250 1975 εἷς
1277 1911 1462 1965 λοιπὸν
1491 1911 1642 1974 Υἱὸς,
1672 1911 1772 1980 μία
1805 1911 1906 1981 φύο

2018 1928 2084 1986 ta,
2108 1919 2204 1975 sed
2242 1927 2417 1976 restat
2455 1935 2599 1975 unus
2629 1918 2822 1982 Filius,
2856 1931 2964 1972 una
3013 1925 3212 1973 natura
3257 1918 3378 1986 ejus
3419 1918 3582 1986 quasi

343 2020 427 2065 στς
465 2001 741 2066 αὐτοῦσὼς
764 2002 1134 2073 σαρκωθέντος
1158 2001 1251 2056 τοῦ
1271 2003 1442 2071 Λόγου
1463 2018 1476 2032 ο
1503 2001 1926 2074 ταῦτανὼμολόι.

344 2111 524 2166 γησαν
548 2095 598 2147 οἱ
624 2093 723 2163 τῆς
745 2093 1056 2162 ’Λνατολῆς.
1084 2110 1106 2145 ι

385 2204 389 2206 ·
415 2186 542 2240 Ἔτι
574 2184 684 2255 μὴν
710 2183 806 2237 καὶ
839 2184 897 2236 ὲν
929 2187 991 2253 τῇ
1030 2182 1262 2254 δευτέρᾳ
1299 2186 1434 2256 πρὸς
1463 2185 1760 2243 Σούκενσον
1788 2190 1911 2244 ὲπι-

352 2275 510 2345 στολῇ
539 2273 712 2337 οὐτως
749 2273 905 2343 φησὶ,
937 2273 1445 2342 ἁποσκευαζόμενος
1500 2277 1627 2338 τοὺς
1680 2280 1798 2330 κατ’
1829 2278 1916 2330 εν-

349 2383 497 2420 νοιαν
516 2365 800 2436 μειώσεως
830 2363 862 2432 ἢ
893 2363 1144 2435 φύρσεως
1175 2363 1282 2418 τῶν
1314 2363 1674 2418 συνελθόντων
1697 2366 1916 2420 διαϐάλ-

347 2458 536 2520 λοντας
567 2457 729 2510 αὐτὸν
760 2455 942 2524 λέγειν
967 2456 1065 2525 τὴν
1107 2455 1236 2525 μίαν
1288 2455 1470 2524 φύσιν.
1509 2473 1527 2506 ι
1572 2455 1634 2508 El
1665 2456 1771 2525 μὲν
1813 2457 1922 2528 γὰρ

347 2550 591 2612 εἰπόντες
608 2549 770 2617 φύσιν
802 2547 896 2602 τοῦ
921 2547 1093 2616 Λόγου
1118 2549 1512 2617 σεσιγήκαμεν,
1551 2548 1652 2602 οὐκ
1681 2550 1919 2618 ἐπενέγ-

345 2658 536 2704 καντες
565 2642 624 2694 τὸ
646 2639 1145 2709 σεσαρκωμένην,
1177 2637 1291 2690 ἀλλ’
1320 2632 1920 2704 οἷονέξωθενιτιθέντες

345 2733 443 2802 τὴν
465 2731 797 2802 οἰκονομίαν,
818 2727 887 2802 ἦν
914 2731 1098 2794 αὐτοῖς
1121 2729 1262 2798 τάχα
1283 2744 1386 2782 που
1413 2728 1507 2781 καὶ
1524 2727 1632 2782 οὐκ
1647 2727 1917 2793 ἀπίθανος

343 2826 374 2877 ὁ
401 2822 576 2892 λόγος,
608 2821 1098 2894 προσποιουμένοις
1143 2817 1354 2890 ἐρωτᾷν
1386 2816 1492 2872 ποῦ
1517 2818 1578 2872 τὸ
1601 2819 1816 2872 τέλειον
1858 2821 1936 2873 ὲν-

346 2912 759 2984 ἀνθρωπότητις
798 2911 916 2976 πῶς
948 2910 1256 2981 ὑφέστηκεν
1295 2911 1330 2978 ἡ
1369 2909 1492 2964 καθ’
1538 2911 1689 2980 ἡμᾶς
1716 2911 1914 2977 οὐσία;

344 3005 534 3077 ἐπειδὴ
581 3005 639 3058 δὲ
673 3006 768 3060 καὶ
818 3005 876 3058 ὲν
905 3001 1301 3074 ἀνθρωπότητι.
1348 3001 1646 3072 τελειότης,
1701 3003 1918 3074 καὶτῆς

344 3094 470 3148 καθ’
496 3095 643 3165 ἡμᾶς
669 3093 858 3156 οὐσίας
889 3093 922 3164 ἡ
969 3093 1199 3165 δήλωσις
1254 3094 1667 3164 εἰσκεκόμισται
1700 3093 1792 3147 διὰ
1816 3093 1915 3148 τοῦ

340 3184 525 3253 λέγειν
550 3184 1036 3253 σεσαρκωμένην,
1059 3182 1486 3248 παυσάσθωσαν,
1503 3201 1522 3235 ι
1550 3183 1648 3236 καὶ
1675 3183 1743 3236 τὰ
1763 3181 1915 3253 ἑξῆς.

2011 2011 2283 2068 incarnati
2304 2011 2467 2068 Verbi
2489 2029 2503 2080 ;
2525 2010 2644 2067 haec
2666 2009 2905 2066 confessi
2938 2018 3068 2066 sunt
3085 2007 3178 2079 qui
3199 2007 3267 2063 ab
3284 2007 3531 2064 Oriente.
3559 2025 3579 2058 ι

2083 2187 2281 2244 Adhuc
2307 2197 2370 2244 et
2398 2187 2454 2243 in
2494 2187 2736 2266 secunda
2761 2188 2830 2244 ad
2864 2187 3170 2244 Sucensum
3215 2186 3473 2256 epistola,
3503 2187 3586 2242 sic

2013 2279 2148 2336 dicit
2172 2280 2419 2336 refutans
2446 2281 2572 2337 illos
2588 2281 2683 2351 qui
2702 2282 2861 2352 juxta
2887 2277 3293 2333 imminutionis
3318 2291 3408 2334 aut
3450 2278 3585 2334 mis-

2016 2370 2186 2426 tionis
2231 2371 2686 2427 convenientium
2751 2372 3035 2426 notionem
3085 2377 3341 2424 asserunt
3398 2370 3584 2439 ipsum

2016 2469 2270 2514 naturam
2299 2463 2518 2517 unicam
2547 2462 2739 2518 dicere
2769 2481 2835 2516 εἰ
2861 2460 3082 2517 Etenim
3106 2461 3157 2514 si
3175 2470 3432 2514 naturam
3461 2459 3616 2530 qui--

2020 2549 2147 2604 dem
2184 2549 2351 2606 Verbi
2380 2552 2632 2607 dicentes
2666 2554 2950 2617 siluimus,
2975 2567 3090 2608 non
3109 2551 3378 2607 adversus
3407 2553 3593 2606 incar-

2019 2649 2206 2698 natam
2233 2647 2480 2712 agentes,
2507 2641 2603 2696 sed
2645 2649 2903 2711 tauquam
2961 2643 3032 2696 ab
3077 2651 3234 2697 extra
3264 2649 3580 2698 statuentes

2017 2733 2383 2788 oeconomiam
2425 2732 2848 2797 incarnationis,
2873 2739 2995 2786 erat
3023 2731 3159 2800 ipsis
3187 2731 3320 2786 cito,
3342 2747 3454 2788 nec.
3480 2748 3621 2788 non,

2015 2821 2336 2877 verisimilis
2377 2836 2586 2886 sermo,
2618 2819 3011 2876 aﬂ‘ectantibus
3036 2820 3440 2890 inquirereubi
3459 2837 3610 2892 per--

2016 2913 2222 2970 fectum
2272 2913 2329 2968 in
2368 2913 2749 2968 humanitate?
2797 2911 2901 2968 Ubi
2927 2911 3174 2968 substitit
3218 2912 3456 2968 essentia
3503 2927 3594 2970 so-

2017 3004 2271 3060 cundum-
2314 3005 2454 3060 nos?
2492 3003 2630 3060 Cum
2661 3018 2796 3059 vero
2830 3003 2887 3058 in
2920 3003 3268 3058 humanitate
3295 3003 3589 3074 perfectio,

2016 3104 2074 3150 et
2115 3095 2372 3152 essentia:
2419 3103 2596 3166 prout
2631 3095 2689 3150 in
2735 3094 2898 3150 nobis
2951 3094 3323 3151 manifestatio
3362 3096 3593 3153 affertur

2021 3188 2256 3244 dicendo
2285 3190 2648 3254 incantatam,
2691 3186 3011 3242 sileant:et
3034 3201 3158 3257 quae
3202 3197 3531 3258 sequuntur.
3567 3207 3586 3242 ι

346 3239 533 3333 τειούν
550 3277 688 3350 πρὸς
701 3239 796 3348 ’τῇ
820 3239 918 3349 μιᾷ
941 3239 1101 3345 φύσει
1132 3275 1226 3329 τοῦ
1247 3275 1421 3343 Λόγου
1439 3239 1535 3329 κάὶ
1564 3275 1662 3330 ἀνθ
1673 3239 1919 3347 ρωπίνὲν

2021 3239 2180 3347 se;
2192 3239 3596 3352 gestat;megga‘m;.‘1;;.‘m;;.;;".;;;ie;

340 3367 774 3422 πλείανούσίαν
837 3366 1164 3438 είσκομίζων
1193 3365 1280 3420 διὰ
1306 3363 1400 3419 τοῦ
1425 3367 1918 3436 σεσαρκωμένην,

341 3464 404 3515 οὐ
432 3460 528 3514 δύο
552 3455 693 3514 εἷναι
724 3458 1002 3529 λογίσεται
1027 3459 1126 3521 τὰς
1151 3457 1362 3528 φύσεις,
1393 3457 1612 3512 ἀκούων
1653 3457 1786 3525 μίαν
1821 3457 1924 3528 φύ-

344 3570 434 3608 σιν
471 3551 567 3606 τοῦ
598 3549 736 3605 Θεοῦ
768 3551 939 3617 Λόγου
973 3549 1434 3622 σεσαρκωμένην;
1481 3549 1620 3619 Φησὶ
1650 3549 1759 3621 γὰρ
1827 3550 1932 3604 και

345 3645 492 3714 μετὰ
514 3642 758 3714 βραχέα·
795 3661 814 3694 ι
855 3643 922 3696 Τί
968 3643 1078 3714 γάρ
1112 3643 1258 3696 ἐστιν
1287 3640 1703 3713 ὰνθρωπότητος
1735 3641 1917 3712 φύσις,

340 3735 489 3804 πλὴν
521 3733 604 3788 ὅτι
634 3733 773 3806 σὰρξ
793 3732 1119 3805 ὲψυχωμένη
1159 3732 1396 3804 νοερῶςς
1425 3750 1453 3785 r

410 3825 522 3879 Τοῦ
559 3826 775 3896 Πατρός
827 3822 928 3878 οὖν
984 3823 1172 3894 σαφῶς
1228 3825 1362 3895 ἡμῖν
1386 3821 1800 3894 μαρτυροῦντος
1817 3821 1919 3895 τὴν

340 3916 482 3987 πρὸς
508 3917 677 3971 αὐτὸν
697 3917 794 3971 καὶ
827 3917 924 3988 τὴν
945 3916 1205 3988 ἀλήθειαν
1235 3915 1578 3986 συμφωνίαν,
1629 3914 1741 3970 τῶν
1786 3932 1918 3986 νοη-

2019 3377 2177 3426 ctam.
2193 3371 2489 3427 essentiam
2523 3369 2762 3426 atterens
2795 3385 2896 3440 per
2920 3371 3281 3436 incarnatam,
3306 3383 3422 3424 non
3453 3369 3595 3425 duas

2019 3477 2142 3517 esse
2163 3461 2645 3533 argumentabitur
2661 3468 2890 3515 naturas
2912 3448 3144 3514 audiens
3160 3474 3323 3514 unam
3340 3464 3595 3512 naturam

2019 3552 2116 3607 Dei
2141 3552 2308 3610 Verbi
2348 3551 2728 3607 incarnatam‘!
2767 3551 2911 3606 Dicit
2945 3549 3096 3604 enim
3131 3557 3188 3604 et
3235 3548 3398 3618 paulo
3421 3555 3545 3618 post
3579 3566 3593 3602 :

2029 3662 2048 3694 ι
2082 3642 2226 3709 Quid
2253 3642 2404 3698 enim
2442 3651 2528 3696 est
2564 3641 2926 3695 humanitatis
2969 3645 3188 3704 natura,
3231 3648 3595 3708 praeterquam

2019 3747 2148 3788 caro
2169 3733 2412 3786 animata
2446 3729 2873 3800 spiritualiter‘b
2890 3747 2930 3779 »ς

2090 3822 2256 3878 Patre
2311 3836 2448 3893 ergo
2500 3821 2650 3875 clare
2679 3817 2844 3874 nobis
2890 3817 3267 3873 testimonium
3317 3815 3485 3873 dante
3529 3815 3598 3871 de

2020 3912 2576 3969 convenientiainter
2599 3911 2780 3981 ipsum
2800 3918 2857 3965 et
2872 3909 3183 3974 veritatem,
3200 3908 3598 3978 cogitationum

344 4009 540 4077 μάτων
573 4008 698 4080 ’ἄρα
729 4009 803 4080 μὴ
827 4007 1070 4071 εὐσεϐῶς
1103 4006 1247 4078 ἐχειν
1285 4006 1630 4079 δηλουμένων
1654 4009 1777 4071 ταῖς
1801 4023 1919 4076 φω-

2019 4015 2130 4056 non
2151 4001 2241 4071 pie
2264 4015 2387 4056 esse
2420 3999 2812 4069 apparentium
2841 3996 3072 4051 vocibus
3091 4010 3195 4049 nos
3222 3996 3471 4049 animum
3486 4010 3620 4053 non:

339 4102 462 4164 ναῖς
486 4103 652 4170 ἡμεῖς
679 4101 740 4154 οὐ
772 4097 1184 4171 προσκείμεθαο
1222 4098 1331 4152 οὐδ’
1356 4096 1446 4150 aiax
1480 4096 1643 4151 πάλιν
1683 4097 1919 4160 εὐσεϐῶς

2022 4091 2394 4156 intendimus;
2452 4104 2560 4143 nec
2606 4103 2830 4156 quoque
2869 4088 2958 4154 pie
2986 4101 3046 4140 se
3081 4085 3408 4140 habentium
3436 4100 3614 4142 γοοεςτ

341 4192 580 4259 ἑχόντων
612 4193 710 4257 τὰς
738 4192 924 4262 φωνὰς
954 4188 1426 4259 ἀποστρεφόμεθα
1453 4205 1468 4220 ·
1495 4187 1623 4241 οὐτε
1648 4188 1757 4257 γὰρ
1787 4187 1919 4241 ἐνω-

2024 4195 2365 4235 αηθτεεωυτ.
2397 4178 2511 4233 Nec
2539 4177 2690 4232 enim
2717 4175 2980 4230 adunatio
3023 4183 3120 4230 aut
3149 4189 3341 4232 monas
3384 4176 3620 4248 simpli-.

342 4295 428 4341 σις
448 4279 482 4349 ἢ
524 4281 692 4351 μονὰς
727 4279 914 4342 ἁπλῶς
940 4275 1193 4331 ὁπωσοῦν
1224 4274 1660 4348 συμφραζομένη
1684 4273 1796 4328 τισὶ
1825 4274 1919 4338 τὰς

2025 4271 2168 4328 citer
2225 4269 2492 4341 quolibet.
2546 4267 2711 4324 modo
2767 4267 2929 4324 dicta.
2969 4269 3327 4338 quibusdazn;
3370 4279 3620 4326 naturas,

341 4367 542 4434 φύσεις
589 4370 770 4423 αὐτῶν
811 4371 1048 4440 ἀναιρεῖ,
1105 4368 1156 4420 εί
1215 4366 1291 4438 μὴ
1357 4368 1451 4430 είς.
1489 4365 1705 4434 φύσεως
1752 4365 1919 4436 αὐτῆς

2026 4364 2284 4434 ipsorum
2315 4361 2518 4429 aufert,
2563 4360 2670 4418 nisi
2724 4361 2781 4416 in
2813 4369 3033 4418 natura:
3081 4362 3258 4431 ipsius
3307 4363 3617 4418 monadem-

346 4459 734 4532 μονάδαῖμιειν
778 4459 1002 4514 νοοῦντα
1036 4461 1142 4514 ῐδια
1186 4459 1287 4529 τῆς
1323 4458 1464 4513 κατὰ
1493 4457 1772 4529 σύγχυσιν
1793 4457 1919 4511 ἐνώ-

2021 4456 2214 4512 venire
2262 4455 2600 4528 cogitantem
2646 4453 2872 4526 propria
2906 4451 3264 4508 adunationis
3295 4454 3600 4508 secundum

343 4565 486 4613 σεως
507 4567 522 4580 ·
553 4552 719 4624 ἑτέρα
744 4551 854 4622 γὰρ
874 4551 1070 4615 ἔνωσις
1099 4550 1258 4604 τοῦτο
1284 4552 1346 4604 οὐ
1374 4553 1518 4606 ποιεῖ
1537 4567 1550 4581 ·
1573 4551 1700 4604 οὐδὲ
1726 4551 1760 4622 ἡ
1789 4550 1919 4614 δυὰς

2023 4551 2350 4616 misturam;
2387 4549 2560 4604 altera
2585 4549 2735 4603 enim
2769 4546 3035 4602 adunatio
3067 4545 3123 4602 id
3150 4561 3262 4601 non
3308 4545 3473 4612 facit;
3501 4563 3605 4610 nec

343 4641 570 4706 πάντως
595 4642 1236 4715 κατηγορηθεῖσάιτινος,
1259 4643 1353 4696 καὶ
1386 4643 1466 4706 είς
1485 4642 1752 4714 πρόσωπα
1786 4643 1925 4696 διαι-

343 4735 430 4801 ρεῖ
458 4732 642 4800 τοῦτο,
669 4737 717 4787 εί
752 4736 828 4806 μὴ
877 4735 960 4798 είς
998 4733 1365 4805 προσωπικὴν
1401 4733 1654 4788 δίπλασιν
1709 4733 1796 4805 εἴη
1837 4732 1927 4806 λη.

340 4823 548 4892 φθεῖσα
565 4841 584 4858 ο
611 4826 692 4891 τίς
723 4825 832 4896 γὰρ
852 4825 918 4879 ἂν
947 4824 1090 4878 εἴποι
1113 4825 1242 4879 διότι
1262 4825 1457 4889 ἓνωαίς
1477 4843 1558 4889 τις
1577 4822 1800 4893 λέγεται
1829 4827 1926 4880 καὶ¹

344 4915 520 4982 μονὰς
552 4917 590 4986 ή
617 4915 710 4969 τοῦ
732 4916 855 4970 ὅλου
897 4915 1206 4984 Ῥωμαϊκοῦ
1233 4916 1394 4987 τυχὸν
1435 4916 1695 4988 στρατοῦ,
1725 4918 1819 4970 καὶ
1867 4917 1928 4972 ἓν

342 5005 437 5060 ἐπὶ
471 5006 696 5061 πάντων
724 5007 833 5062 τῶν
868 5009 927 5060 ὲν
951 5005 1122 5077 ταύτῃ
1157 5005 1716 5077 περιλαμϐανομένων
1746 5010 1928 5063 κεῖται

341 5098 516 5166 ῑνομα
547 5097 660 5151 τῶν
685 5097 990 5171 ἀνθρώπων
1014 5099 1108 5151 καὶ
1133 5098 1370 5168 ἡμιόνων
1401 5099 1496 5151 καὶ
1523 5098 1789 5169 καμήλων
1819 5101 1930 5154 τῶν

343 5188 402 5241 ὲν
429 5189 616 5260 αὐτῷ,
653 5191 746 5246 διὰ
766 5191 888 5244 τόδε
917 5191 1014 5243 καὶ
1056 5189 1154 5260 μία
1183 5191 1342 5259 φύσις
1367 5191 1517 5244 ἐστὶν
1545 5191 1574 5242 ὁ
1605 5192 1712 5254 πᾶς
1763 5210 1930 5262 στρα-

342 5281 432 5344 τός
461 5299 476 5347 ;
505 5281 634 5334 ἀλλ’
662 5285 822 5354 αὐτη,
859 5283 1046 5353 φησὶν,
1078 5281 1178 5334 οὐκ
1205 5282 1318 5335 ἐστι
1343 5283 1464 5336 καθ’
1494 5282 1797 5337 ὑπόστασιν
1826 5281 1930 5352 φύ-

352 5387 492 5425 σεων
529 5372 747 5435 ἒνωσις.

415 5462 698 5516 Σκεπτέον
725 5459 843 5529 οὖν,
865 5463 902 5515 ὃ.
925 5462 1083 5531 ἔφην,
1105 5462 1177 5526 ὡς
1202 5464 1299 5517 οὐκ
1335 5463 1481 5518 ἔστιν
1513 5463 1712 5516 ἕνωσιν
1745 5463 1931 5526 ἁπλῶς

347 5555 522 5606 ποιεῖν
564 5553 922 5624 μίαν·φύσιν-·
953 5553 1069 5606 ἀλλ’
1096 5554 1213 5606 οὐδὲ
1240 5557 1286 5606 εἰ
1314 5556 1434 5607 καθ’
1463 5556 1765 5609 ὑπόστασιν
1793 5555 1930 5607 ’ἐνω⁴

353 5660 433 5707 at;
458 5646 547 5713 εἴη
605 5646 768 5716 μόνον
826 5644 1122 5713 λεγομένη,
1178 5645 1377 5711 μονάδα
1423 5649 1644 5716 ποιήσει
1693 5646 1930 5714 φύσεως,

353 5735 465 5788 ἀλλ’
493 5737 528 5805 ἢ
559 5737 733 5806 μόνης
759 5736 1116 5797 ὑποστάσεως
1136 5751 1149 5764 ο
1182 5734 1302 5788 οὐτε
1335 5736 1441 5806 γὰρ
1468 5738 1662 5806 βύὅλος
1698 5737 1729 5805 ἢ
1768 5737 1934 5803 σπόγ-

357 5843 447 5893 γος
473 5829 632 5884 ὕδατι
653 5829 922 5900 ἐμϐαφεὶς
951 5828 1044 5880 καὶ
1066 5827 1464 5896 ἀνιμησάμενος
1488 5829 1591 5899 ὅλῳ
1621 5827 1794 5898 ἑαυτῷ
1821 5828 1936 5879 ὅλον

2026 4642 2325 4712 duplicitas
2351 4641 2574 4712 penitus
2603 4640 2960 4710 pronuntiata
2981 4639 3048 4694 de
3073 4639 3280 4709 aliquo,
3305 4646 3362 4695 et
3391 4639 3446 4694 in
3480 4655 3618 4710 per-.

1979 4771 1992 4792 .
2028 4746 2192 4787 sonas
2238 4730 2436 4786 dividit
2481 4730 2642 4797 illud,
2679 4730 2788 4785 nisi
2845 4731 2901 4785 in
2953 4730 3281 4800 duplicitate
3326 4732 3620 4801 personalix

2029 4825 2102 4878 sit
2125 4823 2424 4879 intellecta.
2481 4822 2620 4890 Quis
2648 4822 2797 4878 enim
2825 4821 3040 4877 diceret
3068 4822 3307 4890 eo-quod
3339 4821 3611 4877 adunatio

2028 4914 2280 4985 quaedam
2358 4915 2577 4970 dicatur
2607 4924 2665 4969 et
2724 4929 2952 4977 monas,
2990 4913 3287 4967 uni-versus
3342 4927 3619 4969 romanus.

2029 5008 2324 5070 exercitus,
2369 5017 2426 5062 et
2461 5022 2638 5060 unum
2682 5005 2758 5060 de
2789 5004 3136 5060 omnibusin
3188 5004 3324 5072 ipso
3352 5018 3616 5074 comprem

2031 5098 2220 5151 hensis
2257 5106 2365 5152 stet
2406 5113 2607 5151 nomen
2661 5096 2948 5150 hominum
3007 5105 3063 5150 et
3117 5096 3495 5165 jumentorum
3550 5103 3608 5150 ct

2031 5188 2368 5242 camelorum
2396 5202 2518 5258 quae
2556 5186 2612 5240 in
2645 5185 2785 5254 ipso,
2825 5185 2978 5254 quod
3035 5194 3340 5255 pnopterea.
3379 5190 3438 5236 et
3497 5202 3608 5239 una

2032 5288 2226 5333 natura
2265 5279 2336 5332 sit
2366 5279 2544 5332 omnis
2581 5276 2902 5330 exercitus?
2940 5276 3048 5331 Sed
3079 5277 3218 5344 ipsa,
3264 5273 3464 5345 inquit,
3493 5293 3611 5332 non

2032 5381 2114 5426 cst
2159 5371 2460 5425 secundum
2513 5369 2849 5441 hypostasim
2891 5376 3212 5421 naturarum
3249 5365 3532 5425 adunatio.

2103 5461 2578 5516 Considerandum
2604 5477 2752 5530 ergo,
2768 5458 2915 5527 quod
2947 5457 3217 5520 dicebam,
3236 5459 3382 5526 quod
3401 5477 3511 5518 non
3535 5465 3618 5519 iis

2036 5562 2124 5607 cet
2148 5552 2542 5605 adunationem
2566 5550 2891 5618 simpliciter
2912 5545 3091 5599 facere
3122 5563 3284 5604 unum
3313 5562 3600 5618 naturam;

2038 5641 2135 5696 sed
2167 5656 2269 5694 nec
2298 5641 2343 5695 si
2377 5639 2682 5694 secundum
2709 5633 3050 5705 hypostasim
3076 5637 3335 5698 adunatio
3364 5644 3440 5698 sit
3483 5654 3610 5699 tan—

2044 5743 2158 5787 tum
2192 5731 2362 5793 dicta,
2405 5728 2693 5781 monadem
2724 5725 2888 5780 faciet
2927 5733 3159 5794 natum,
3183 5733 3276 5790 sed
3312 5738 3480 5794 SOIlltS
3516 5737 3616 5802 Ity-

2043 5828 2362 5892 postascos;
2391 5835 2498 5871 non
2525 5818 2670 5871 enim
2703 5831 2940 5889 papyrus
2968 5818 3048 5869 vel
3070 5825 3294 5895 spongia
3332 5828 3386 5882 in
3416 5835 3616 5896 aquam
