4098 6256
376 316 512 387 1817

1531 327 1824 388 CONTRA
1865 326 2460 390 MONOPHYSITAS.

3483 331 3616 397 1818

370 433 509 494 τοὺς
531 430 776 502 γραφὲας
801 433 1166 506 χορηγοῦντες
1196 437 1352 506 ὑμεῖς
1378 438 1799 513 μὴ-ἀποκάμητε
1816 457 1828 470 ·
1854 443 1936 496 καί

2050 444 2235 511 nobis,
2261 454 2357 500 aut
2406 446 2635 501 bibliam
2680 455 2777 502 aut
2830 447 3131 518 scriptores
3171 448 3459 519 dirigenda
3517 467 3615 507 vos

368 522 475 576 οὐκ
502 522 840 592 autem“
860 526 988 596 ὑμῖν
1009 526 1096 579 διὰ
1123 527 1239 597 βίου
1266 531 1470 594 παντὸς
1491 531 1771 603 Πατρικὰς
1793 535 1937 605 χρή-

373 626 494 675 σεις
522 613 930 677 κατεπάδοντες,
969 616 1055 670 ῐνα
1080 617 1175 670 τοῦ
1203 619 1339 689 πρὸς
1370 623 1521 692 ἡμᾶς
1560 625 1938 695 ἀγριαίνεσθαι

375 701 858 769 ὐποθιιηεεύσαντες
904 708 1366 781 καταπαύσωμεν.

449 789 514 842 Ei
532 790 589 842 δὲ
608 792 697 845 καὶ
723 793 874 847 τοῦτο
894 795 1027 866 ὑμῖν
1057 799 1331 867 φορτικὴν,
1393 801 1515 854 ὅσον
1551 801 1615 854 ἐκ
1647 802 1938 874 προχείρου

375 879 565 949 ὰρκείν
587 884 678 935 καὶ
701 885 782 942 είς
815 884 1131 958 σύμμετρον
1158 888 1380 958 ἔλεγχον
1415 889 1782 962 ἀποχρώντως
1799 893 1937 962 ἔχει,

377 969 511 1031 τέως
566 973 946 1047 παραθήσομεν
1005 980 1156 1048 ὑμῖν,
1211 983 1271 1034 οὺ
1311 983 1472 1052 μόνον
1532 983 1640 1036 τῶν
1670 984 1941 1053 ἐκκρίτων

374 1059 531 1129 ἡμῶν
558 1062 817 1134 Πατάρων
843 1067 1170 1139 μαρτυρίαις
1194 1070 1572 1135 δυσωποῦντες
1611 1072 1811 1125 εἰδέναι
1841 1072 1938 1143 φύ-

375 1166 489 1214 σεις
535 1154 626 1206 ἐπὶ
654 1155 748 1213 τοῦ
802 1159 1007 1229 Κυρίου
1058 1162 1373 1232 σωζομένας
1426 1163 1564 1233 μετὰ
1591 1164 1691 1233 τὴν
1721 1163 1938 1230 ἕνωσιν,

370 1242 505 1296 ἀλλὰ
553 1246 648 1299 καὶ
711 1247 819 1300 τῶν
852 1249 1136 1322 ὑμετέρων
1196 1252 1592 1323 καθηγεμόνων
1646 1255 1940 1325 ὁμολογίας

370 1334 499 1404 περὶ
530 1336 723 1395 τούτου
745 1340 1078 1409 προάγοντες
1098 1359 1111 1372 '
1132 1344 1184 1396 εί
1214 1343 1293 1408 δὲ,
1327 1344 1402 1407 ὡς
1434 1343 1555 1407 ἔθος
1579 1344 1707 1414 ὑμῖν
1738 1344 1941 1398 πολλά-

368 1439 473 1488 ius,
517 1426 933 1494 γελωτοποιεῖτι
985 1433 1082 1487 καὶ
1138 1437 1275 1505 πρὸς
1300 1436 1472 1491 ταῦτα
1521 1437 1941 1508 ὲφευρίσκοντες

367 1512 568 1582 λέγειν,
596 1517 671 1580 ὡς
694 1519 911 1590 ἀληθῶς
943 1523 1135 1591 φύσεις
1177 1526 1277 1593 μὲν
1308 1526 1577 1596 είρηνται,
1616 1527 1732 1579 ἀλλ’
1759 1528 1820 1580 οὐ
1845 1526 1942 1581 δύο

368 1605 510 1673 μετὰ
537 1608 635 1677 τὴν
660 1608 854 1669 ἒνωεῑιν
883 1612 977 1665 ἐπὶ
1004 1613 1103 1666 τοῦ
1131 1616 1360 1685 Κυρίου,
1391 1618 1520 1687 ὑμῖν
1546 1618 1939 1689 δγκαταλείψο-

367 1712 469 1764 μεν
490 1698 553 1750 τὸ
573 1699 759 1755 λοιπὸν
779 1702 1052 1758 διδάσκειν
1076 1706 1222 1775 ἡμᾶς
1250 1707 1382 1772 ὅσας
1410 1707 1530 1762 δέον
1553 1710 1715 1762 τάσδε
1768 1714 1934 1777 νοεῖν,

2044 550 2153 589 non
2184 534 2457 590 insndatis
2502 550 2518 602 ;
2548 550 2653 590 nec
2686 535 2845 591 vobis
2881 536 3256 603 relinquamus
3302 552 3403 607 per
3443 546 3611 593 totam

2044 627 2213 681 vitam
2240 626 2463 682 Patrum
2476 642 2765 683 sermones
2792 627 3219 698 permulcentes,
3250 635 3306 682 et
3328 626 3615 683 blandien-

2044 728 2128 774 tes
2169 719 2237 774 ab
2280 719 2651 775 exulcerando
2686 720 2742 776 in
2786 735 2908 783 nos,
2954 720 3009 773 in
3051 735 3186 790 pace
3236 720 3609 791 quiescamus.

2115 811 2171 866 Si
2206 827 2339 867 vero
2371 813 2537 867 etiam
2568 812 2700 867 illud
2726 812 2882 866 vobis
2915 811 3313 881 importunum,
3346 819 3611 881 quantum

2044 902 2278 957 faciliter
2306 901 2437 957 satis
2461 917 2582 957 esse
2609 913 2665 956 et
2691 903 2746 956 in
2775 902 3029 956 idoneam
3060 901 3438 971 probationem
3463 901 3611 957 sum-

2044 993 2195 1047 ciens
2224 1002 2328 1057 est,
2364 993 2543 1062 primo
2565 992 2864 1048 oll‘eremus
2887 992 3045 1047 vobis
3070 1007 3181 1047 non
3212 992 3387 1048 solum
3409 992 3616 1047 electo-

2046 1099 2168 1138 rum
2198 1085 2417 1138 Patrum
2448 1092 2765 1139 nostrorum
2798 1083 3129 1139 testimoniis
3158 1098 3284 1137 cum
3312 1081 3609 1138 difﬁdentia

2046 1172 2312 1227 habentes
2343 1183 2569 1228 naturas
2593 1174 2737 1229 circa
2776 1173 3069 1227 Dominum
3101 1174 3243 1228 scire
3284 1173 3613 1228 salviﬁcatas

2046 1270 2173 1330 post
2203 1261 2614 1325 adunationem,
2648 1262 2746 1317 sed
2792 1272 2848 1318 et
2897 1272 3208 1317 vestrorum
3243 1261 3444 1317 ducum
3475 1278 3609 1318 con-

2045 1348 2314 1404 fessiones
2348 1351 2416 1405 de
2472 1351 2578 1406 hoc
2613 1350 2983 1420 proferemus.
3020 1350 3080 1407 Si
3110 1367 3261 1417 vero,
3286 1353 3429 1407 sicut
3454 1352 3611 1409 vobis

2045 1451 2187 1506 saepe
2217 1452 2334 1492 mos
2383 1445 2491 1504 est,
2540 1438 2790 1504 rideatis,
2838 1446 2896 1493 et
2962 1439 3030 1494 ad
3092 1439 3199 1497 hoe
3240 1440 3613 1511 excogitantes

2044 1527 2230 1583 dicere
2273 1528 2425 1597 quod
2475 1543 2608 1584 vere
2655 1536 2867 1584 natura;
2913 1529 3137 1600 quidem
3185 1530 3467 1595 dicentur,
3516 1529 3611 1586 sed

2043 1634 2153 1674 non
2197 1618 2313 1673 duo
2350 1628 2474 1688 post
2523 1617 2912 1673 adunationem
2953 1617 3023 1672 de
3060 1616 3301 1682 Christo,
3334 1617 3493 1673 vobis
3520 1632 3612 1671 re—

2045 1710 2289 1765 manebit
2323 1717 2383 1764 ut
2432 1709 2711 1778 reliquum
2754 1708 3000 1764 doceatis
3042 1723 3163 1772 nos,
3211 1719 3348 1777 quot
3395 1714 3615 1778 oportet

364 1786 525 1857 εἴπερ
552 1789 660 1860 ἄρα
681 1792 783 1862 τὴν
823 1794 985 1862 φύσιν
1017 1798 1213 1850 ταυτὸν
1244 1798 1359 1852 ῐστε
1388 1794 1528 1867 εἶναι
1569 1802 1664 1853 καλ⁵
1691 1801 1789 1864 τὰς
1836 1801 1936 1870 φῦ-

2044 1803 2143 1858 has
2184 1802 2444 1872 cogitare,
2479 1801 2526 1856 si
2557 1815 2690 1871 ergo
2719 1810 2972 1855 naturam
3008 1799 3187 1869 ipsum
3233 1799 3387 1854 scitis
3411 1813 3531 1853 esse
3557 1806 3614 1850 et

368 1892 508 1943 σεις,
536 1882 680 1935 κατά
702 1900 765 1950 γε
798 1886 862 1939 τὸ
888 1887 1058 1945 ποσὸν
1084 1887 1356 1959 νοούμενα
1373 1906 1387 1921 ·
1425 1891 1546 1946 οὐδὲ
1565 1891 1675 1963 γὰρ
1723 1893 1938 1963 τοιῆσδε

366 1969 611 2036 ἀμαθίας
667 1973 1005 2042 κατάγνωσιν
1056 1978 1252 2049 φέρετε
1274 2021 1289 2047 ,
1344 1982 1420 2052 μὴ
1466 1981 1833 2053 διακρίνοντες
1876 1986 1941 2039 τὸ

366 2059 551 2112 ἑνικὸν
572 2061 680 2114 ἀπὸ
704 2062 799 2115 τοῦ
827 2062 1215 2134 πληθυντικοῦ,
1245 2069 1305 2133 ἐξ
1331 2071 1575 2142 ἀνάγκης
1596 2073 1629 2142 ἢ
1668 2073 1881 2138 πλείους
1899 2076 1935 2147 ἢ

364 2149 467 2204 δύο
494 2150 618 2219 τόγε
645 2152 924 2223 ἐλάχιστον
951 2155 1155 2208 δώσετε
1182 2153 1323 2212 εἶναι
1346 2160 1506 2213 τάσδε
1543 2161 1621 2231 τῷ
1668 2164 1817 2234 ποοῷ
1841 2165 1938 2229 τὰς

2045 1903 2290 1957 naturas,
2314 1891 2543 1946 relative
2569 1890 2637 1945 ad
2660 1890 3024 1960 quantitatem
3049 1889 3306 1959 cogitata.
3334 1888 3449 1943 Nec
3461 1888 3612 1942 enim

2046 1992 2208 2041 tanta:
2236 1984 2644 2040 damnationem
2694 1982 2940 2037 toleratis
2988 1982 3328 2052 ignorantiae,
3362 1981 3611 2050 singula-

2044 2075 2261 2130 ritatem
2303 2087 2332 2126 a
2364 2071 2679 2142 pluralitate
2709 2086 2819 2124 non
2851 2069 3252 2133 discernentes,
3297 2067 3615 2123 necessario

2044 2164 2157 2217 sive
2189 2163 2375 2233 plures
2402 2161 2518 2215 sive
2547 2160 2684 2213 duas
2707 2158 2775 2213 ad
2806 2158 3092 2212 minimum
3122 2172 3245 2211 esse
3268 2156 3471 2210 dabitis
3492 2156 3617 2209 illas

364 2239 595 2306 δνούσας
622 2243 864 2314 Χριστῷ,
892 2246 988 2301 καὶ
1019 2244 1185 2310 οὔσας
1212 2248 1468 2318 Χριστδν,
1502 2251 1597 2303 καὶ
1622 2253 1679 2304 ὲν
1713 2248 1799 2316 αἶς
1826 2257 1942 2310 ἐστι

359 2330 606 2401 Χριστός
626 2348 640 2362 ’
669 2335 734 2386 ὲκ
763 2333 858 2386 δύο
885 2335 991 2405 γὰρ
1023 2336 1116 2389 καὶ
1142 2336 1304 2406 μόνον
1329 2337 1617 2404 ἀτρέπτων
1634 2340 1727 2393 καὶ
1749 2341 1946 2411 ἀμειώ-

353 2439 479 2477 των
542 2424 705 2495 καὶὴ
765 2426 957 2490 ἓνωσις
986 2427 1226 2497 Χριστοῦ
1280 2428 1615 2502 ὡμολόγητο
1665 2433 1761 2484 καὶ
1815 2433 1945 2502 ὑμῖν

350 2516 458 2571 καὶ
482 2516 645 2586 ἡμῖν·
685 2516 826 2588 πλὴν
855 2518 947 2571 καὶ
973 2517 1067 2572 δύο
1098 2519 1282 2589 ῥητῶς
1328 2520 1588 2589 λέγοντας
1638 2521 1942 2593 δείξωμεν⁸

345 2609 415 2662 οὐ
455 2607 623 2678 μόνον
671 2607 728 2661 δὲ
783 2607 961 2672 τοῦτο,
1013 2609 1148 2663 ἀλλὰ
1203 2611 1298 2664 καὶ
1348 2612 1451 2682 τὴν
1510 2613 1939 2685 ἀντιλεγομένην

344 2699 493 2769 ἡμῖν
528 2696 658 2767 μίαν
690 2696 871 2766 φύσιν,
902 2700 971 2771 ἦν
1001 2717 1163 2769 φασιν
1193 2700 1322 2766 οἶδε,
1349 2702 1632 2772 προδήλως
1678 2705 1938 2759 ἀποδοκι-

340 2790 659 2862 μάζοντας,
696 2789 785 2843 ἵνα
821 2790 983 2861 μηδὲν
1003 2793 1134 2863 ἡμῖν
1161 2794 1240 2857 εἰς
1274 2792 1574 2858 παντελοῦς
1622 2796 1938 2867 ἀνατροπῆς

334 2881 555 2953 χρείαν
585 2878 940 2951 ὑπολείπηται
970 2882 1106 2953 πρὸς
1146 2884 1345 2949 αὐτούς
1365 2901 1380 2915 ο
1413 2886 1634 2956 πρῶτον
1690 2886 1788 2957 μὲν
1843 2884 1937 2942 οὖν

331 2973 475 3034 τοὺς
508 2971 683 3025 οἱονεὶ
701 2971 1114 3041 ὐπογραφικοὺς
1144 2974 1403 3044 ὁρισμοὺς
1425 2975 1663 3046 Χριστοῦ
1694 2976 1799 3031 ὑπὸ
1828 2977 1936 3032 τῶν

329 3064 627 3136 Πατέρων
696 3063 1021 3136 εἰρημένους
1081 3065 1412 3120 ἀκουστέον
1471 3070 1605 3139 φασὶ
1673 3069 1783 3141 γὰρ
1840 3070 1936 3124 οῦ-

324 3167 471 3220 τως*

2046 2255 2102 2308 in
2131 2254 2440 2324 quantitate
2488 2251 2818 2307 exsistentes
2866 2250 2922 2303 in
2961 2248 3183 2304 Christo
3232 2254 3289 2302 et
3317 2245 3616 2301 eﬂicientes

2046 2342 2347 2406 Christum,
2371 2350 2428 2396 et
2449 2341 2506 2395 in
2531 2340 2732 2411 quibus
2758 2346 2843 2393 est
2860 2338 3134 2393 Christus.
3162 2336 3202 2390 E
3227 2335 3442 2390 duobus
3461 2337 3615 2390 enim

2050 2441 2107 2483 et
2145 2441 2352 2485 tantum
2394 2430 2828 2485 immutabilibus
2857 2439 2913 2484 et
2941 2427 3229 2497 completis
3268 2435 3323 2480 ct
3351 2425 3613 2479 adunatio

2048 2519 2254 2575 Christi
2286 2520 2341 2573 in
2371 2518 2622 2573 confesso
2645 2527 2700 2572 et
2729 2519 2889 2572 nobis
2915 2527 2972 2572 et
3002 2518 3161 2572 vobis
3182 2525 3322 2570 erat.
3359 2519 3612 2569 Attamen

1998 2654 2006 2660 .
2046 2623 2102 2668 et
2141 2614 2281 2667 duos
2313 2612 2379 2666 ad
2418 2613 2655 2666 litteram
2702 2620 3040 2679 exponentes
3077 2608 3460 2672 ostendemus;
3502 2622 3613 2660 non

2045 2705 2223 2760 solum
2259 2713 2443 2759 autem
2481 2702 2636 2767 illud,
2683 2701 2778 2758 sed
2827 2712 2882 2757 ct
2930 2710 3342 2755 controversam
3388 2714 3417 2751 a
3461 2697 3617 2753 vobis

2043 2797 2257 2851 unicam
2288 2806 2543 2849 naturam
2584 2809 2746 2863 quam
2798 2792 2989 2845 dicunt
3035 2789 3123 2845 isti
3175 2788 3462 2843 manifeste
3510 2788 3614 2841 im-

2042 2886 2361 2957 probantcs,
2396 2895 2456 2938 ut
2481 2884 2616 2938 nihil
2652 2899 2680 2937 a
2714 2883 2870 2937 nobis
2901 2879 3232 2950 imperfectae
3262 2877 3616 2933 refutationis

2042 2992 2206 3047 opere
2262 2976 2405 3031 desit
2456 2991 2583 3045 erga
2645 2974 2811 3044 ipsos.
2849 2972 3090 3027 Primum
3140 2969 3360 3040 quidem
3403 2970 3610 3025 Christi

2043 3068 2391 3124 deﬁnitiones
2417 3067 2572 3138 quasi
2608 3065 2932 3122 summarias
2957 3080 2985 3118 a
3013 3052 3268 3119 Patribus
3299 3061 3474 3118 dictas
3508 3077 3611 3117 au-

1963 3128 2006 3188 c
2038 3160 2171 3217 dere
2204 3168 2317 3228 est;
2344 3159 2701 3216 dicuntenim
2732 3158 2845 3213 sic:

325 3338 407 3396 ῙῙ
454 3331 663 3395 ΕΣΤΙ
708 3332 1025 3388 ΧΡΙΣΤΟΣ
1050 3336 1093 3387 0
1144 3336 1688 3390 ΠΡΟΣΚΥΝΗΤΟΣ
1717 3337 1928 3393 ΗΜΙΝ.

974 3448 1033 3503 ’Δ
1040 3448 1355 3504 θανασίου.

2075 3340 2246 3408 QUID
2279 3340 2412 3397 EST
2441 3336 2777 3394 CHRISTUS
2810 3332 3229 3390 ADORANDUS
3261 3334 3303 3387 Α
3340 3332 3566 3387 NOBIS.

2668 3449 2974 3506 Athanasii.

2116 3589 2133 3620 ι
2166 3569 2311 3624 Deus
2351 3575 2409 3623 et
2439 3566 2605 3634 homo
2631 3564 2797 3627 idem,
2846 3576 2991 3615 unus
3036 3567 3259 3613 exstans
3309 3554 3611 3611 secundum

2036 3660 2445 3724 exsistentiam,
2499 3654 2746 3726 perfecta
2794 3663 3051 3723 utraque.
3077 3671 3095 3704 ο
3135 3650 3281 3718 Quid
3312 3664 3443 3706 vero
3483 3659 3613 3705 sunt

2035 3754 2154 3809 hac
2184 3761 2437 3823 utraque,
2479 3759 2536 3805 et
2580 3748 2711 3818 quid
2760 3747 2904 3801 Deus
2931 3753 2987 3801 et
3015 3744 3202 3809 homo,
3233 3741 3400 3797 dicite
3433 3740 3479 3795 si
3516 3754 3613 3793 na-

2037 3854 2176 3901 tura:
2203 3853 2332 3900 sunt
2357 3850 2457 3900 aut
2479 3840 2628 3896 non?

390 3590 414 3625 ι
444 3569 603 3634 Θεὸς
645 3565 752 3621 καὶ
771 3565 1056 3637 ἄνθρωπος
1078 3567 1107 3619 ὁ
1136 3564 1318 3630 αὐτὸς,
1358 3559 1437 3629 εἷς
1465 3549 1560 3619 ὤν’
1590 3564 1715 3618 καθ’
1759 3562 1936 3636 ὕπαρ-

303 3664 416 3732 ξιν,
450 3658 758 3729 ἀνελλιπῆ
789 3657 858 3712 τὰ
884 3657 1140 3729 ἑκάτερα.
1175 3676 1194 3710 ι
1222 3657 1288 3711 Τί
1307 3657 1364 3712 δέ
1394 3657 1512 3711 ἐστι
1544 3656 1672 3712 τάδε
1699 3658 1768 3710 τὰ
1797 3658 1933 3715 ἐκά-

296 3773 472 3827 τερα,
521 3754 633 3809 καὶ
667 3749 734 3805 τί
754 3749 889 3813 Θεὸς
917 3750 1011 3802 καὶ
1038 3748 1342 3821 ἄνθρωπος,
1366 3748 1561 3815 είπατε
1599 3750 1648 3802 εί
1675 3746 1869 3820 φύσεις
1894 3747 1929 3819 ἢ

295 3847 467 3920 οὐχίς

978 3932 1319 3987 Βασιλείαν.

2717 3927 2924 3982 Basilii.

368 4046 393 4084 α
427 4026 667 4099 Θεότης
694 4019 944 4094 ἐμψύχῳ
969 4024 1134 4095 σαρκὶ
1158 4021 1499 4092 κεχρημένη.
1531 4040 1551 4073 ι

2114 4043 2133 4076 ι
2154 4024 2424 4079 Divinitas
2455 4020 2699 4075 animata
2727 4032 2895 4071 carne
2929 4023 3115 4070 utens.
3140 4030 3161 4065 ι

969 4135 1092 4201 Γρη
1101 4132 1326 4202 raptat).

2701 4122 2962 4193 Gregorii.

2118 4239 2136 4272 ι
2160 4219 2308 4275 Nova
2351 4214 2662 4273 commistio
2692 4215 2836 4270 Deus
2860 4223 2918 4270 et
2952 4214 3139 4280 homo,
3171 4225 3345 4268 unum
3389 4225 3461 4269 ex
3487 4226 3611 4267 am-

2040 4313 2239 4379 bobus,
2255 4320 2312 4368 et
2339 4326 2440 4382 per
2471 4321 2641 4363 unum
2675 4316 2931 4378 utraque.
2957 4325 2976 4361 ι

361 4251 386 4286 ι
415 4227 624 4298 Καινὴ
676 4223 880 4298 μίξις,
918 4222 1049 4284 θεὸς
1078 4220 1173 4274 καὶ
1199 4219 1507 4291 ἄνθρωπος,
1537 4217 1596 4272 ἒν
1613 4216 1674 4283 ἐξ
1697 4218 1928 4289 ἀμφοῖν,

278 4324 383 4379 καὶ
415 4324 495 4378 δι’
523 4320 669 4385 ἑνὸς
692 4312 1035 4389 ἀμφότερα.
1076 4330 1096 4364 ι

904 4463 908 4466 ι
984 4422 1097 4478 Τοῦ
1123 4422 1331 4479 αὐτοῦ.
1961 4444 2015 4506 D

346 4545 367 4578 ι
405 4526 657 4599 Κρᾶσις
692 4514 866 4589 ἂεοῢ
894 4516 987 4571 καὶ
1022 4515 1242 4587 σαρκὸς,
1267 4513 1356 4568 διὰ
1407 4514 1579 4587 μέσης
1598 4513 1778 4586 ψυχῆς
1811 4532 1929 4570 νοε-

259 4620 391 4689 ρᾶς,
424 4612 905 4691 μεσιτευοῦσης
936 4607 1150 4675 θεότητι
1177 4606 1269 4661 καὶ
1298 4607 1497 4678 σαρκὸς
1528 4606 1824 4677 παχύτητι,
1858 4636 1931 4647 ..-

271 4709 332 4764 '0
368 4710 515 4774 Υίδς
571 4702 739 4761 Θεοῦ
781 4700 903 4763 ὢν,
951 4699 1046 4753 καὶ
1093 4697 1217 4761 Υίδς
1275 4695 1564 4768 ἀνθρώπου
1611 4696 1927 4767 γενόμενος,

247 4800 434 4872 ἆμᾳω
466 4794 563 4863 εἷς
602 4795 766 4857 Υίὺς
808 4789 931 4844 καὶ
957 4787 1108 4851 Θεὸς,
1135 4785 1228 4840 τοῦ
1265 4787 1571 4857 κρείττονος
1593 4787 1927 4856 δκνικήσαν-

240 4909 363 4956 τος.
428 4911 453 4945 ι
529 4890 769 4944 Ἔστιν
844 4879 980 4952 ἄρα
1029 4878 1090 4930 τὸ
1130 4877 1353 4948 νικηθὲν
1418 4878 1514 4931 καὶ
1558 4878 1619 4931 τὺ
1671 4877 1928 4949 νικῆσαν.

242 5015 320 5028 ...
350 5003 373 5037 ς
427 4977 903 5053 Ἀνθρωπότης
941 4968 1228 5053 χρισθεῖσα
1255 4969 1489 5038 θεότητι,
1527 4968 1625 5023 καὶ
1663 4968 1930 5039 γενομένη

235 5074 389 5146 ὅπερ
422 5075 495 5129 τὸ
524 5052 797 5145 χρίσαν,
833 5060 955 5117 καὶ
991 5052 1100 5111 οἷον
1134 5059 1305 5112 εἰπεῖν
1335 5059 1582 5130 ὁμόθεος.
1604 5079 1623 5113 ι

996 5171 1319 5238 Κυριλλου.

309 5298 331 5330 ι
373 5276 479 5343 Εἷς
512 5274 734 5336 ὀΘεδς
757 5264 880 5324 καὶ
922 5258 1251 5330 ἄνθρωπος,
1285 5263 1313 5314 ὁ
1336 5260 1493 5325 αὐτὸς
1518 5261 1675 5316 τοῦτο
1706 5262 1929 5315 κάκεῖνο

226 5337 517 5446 ὑπάρχων
554 5385 628 5422 τε
672 5363 794 5419 καὶ
852 5350 1202 5446 νοούμιενοςἶ
1247 5381 1318 5391 --
1362 5351 1420 5404 Ὀ
1456 5353 1573 5446 τοῦ
1598 5353 1734 5407 Θεοῦ
1761 5353 1933 5446 Δογος

2040 5348 2524 5422 cogitatus—Dei
2566 5346 2807 5404 Verbum
2830 5353 2887 5400 et
2913 5339 3090 5399 Filius
3123 5339 3222 5446 q‘ui
3254 5340 3487 5395 formam
3519 5337 3627 5391 ho-

115 5442 124 5452 ’
527 5446 936 5525 ενανθρωπή
950 5456 1075 5501 σας
1119 5439 1215 5493 καὶ
1253 5444 1775 5512 σεσαρκωμένος.--
1805 5440 1936 5503 Θεὸς

2040 5443 2204 5498 minis
2228 5440 2409 5496 induit
2454 5449 2510 5495 et
2560 5440 2883 5493 incarnatus
2922 5437 3112 5486 est.-—-
3137 5423 3292 5486 Deus
3334 5434 3388 5488 in
3429 5431 3629 5503 adjun—

222 5551 280 5605 ἐν
301 5517 653 5623 προσλήψει
682 5517 953 5611 σαρκὸς
971 5525 1589 5623 νοερῶξξψυχῳμένης.
1641 5529 1936 5623 εὖδοκησας

2040 5532 2225 5586 ctione
2267 5530 2449 5584 carnis
2486 5526 2847 5596 spiritualitcr
2891 5517 3152 5575 animata».
3174 5520 3268 5575 cui
3314 5517 3632 5611 beneplaci:

223 5607 497 5712 τινέὶτθαι
521 5607 642 5695 ζαι
678 5607 1277 5702 ἄνθρωπος--Μία
1297 5618 1454 5686 φύσις
1475 5621 1567 5673 τοῦ
1596 5621 1732 5676 Θεοῦ
1764 5621 1936 5691 Λόγου

2040 5632 2158 5675 tum
2206 5627 2293 5672 est
2336 5618 2613 5672 hominem
2665 5609 3022 5668 ﬁeri.—-Una
3071 5608 3275 5664 natura
3323 5615 3418 5670 Dei
3465 5607 3633 5669 Verbi

2045 5712 2353 5763 incarnata.
2383 5725 2399 5756 ›

2688 4419 2961 4491 Ejusdem.

2107 4514 2467 4575 «Commistio
2521 4512 2623 4567 Dei
2666 4520 2722 4566 et
2759 4510 2964 4574 carnis,
2994 4523 3097 4579 per
3132 4503 3376 4562 medium
3414 4502 3615 4559 animm

2030 4607 2334 4681 spirituaiis
2387 4601 2686 4660 mediantis
2736 4602 2885 4656 inter
2928 4597 3274 4653 divinitatem
3320 4603 3378 4650 et
3425 4594 3616 4651 carnis

2028 4698 2472 4759 crassitudinem.
2494 4694 2666 4751 Filius
2681 4691 2779 4747 Dei
2801 4690 3073 4747 exsistens
3098 4697 3155 4743 et
3178 4686 3352 4743 Filius
3373 4685 3614 4741 hominis

2028 4790 2228 4853 factus,
2245 4788 2407 4842 ambo
2428 4799 2571 4841 mins
2594 4780 2765 4837 Filius
2785 4788 2838 4834 et
2860 4780 3026 4844 Deus,
3040 4775 3268 4831 meliore
3288 4776 3566 4831 vincente.
3585 4791 3606 4825 ι

2029 4880 2129 4937 Est
2145 4892 2274 4949 ergo
2293 4877 2499 4931 victum
2525 4882 2584 4930 et
2608 4872 2957 4926 vincens.——c
2980 4867 3267 4923 Divinitati
3288 4874 3612 4922 consecrata

2030 4970 2346 5027 humanitas
2386 4977 2443 5024 et
2474 4967 2616 5023 facta
2641 4963 2786 5034 quod
2824 4970 2910 5018 est
2955 4972 3307 5026 consecrare,
3330 4965 3416 5025 et,
3451 4965 3515 5011 ut
3539 4955 3615 5009 ita

2033 5063 2236 5126 dicam,
2276 5060 2532 5116 similiter
2557 5058 2723 5112 Deus.
2749 5074 2766 5106 ι

2730 5163 2941 5236 Cyrilli.

2113 5259 2308 5315 «Unus
2342 5260 2487 5314 Deus
2534 5267 2591 5312 et
2640 5256 2826 5321 homo,
2878 5253 3025 5308 idem
3077 5244 3216 5303 illud
3264 5247 3530 5304 exsistens
3566 5251 3624 5298 et

218 5729 664 5807 σεσαρκωμένη
678 5765 693 5777 ι
744 5741 767 5774 ν
