3998 6282
383 530 390 539 -
465 485 602 552 1319

1712 434 2024 553 LEON'i‘II
2042 488 2468 555 ’ΒΥΖΑΝΤΙΝΙ

3579 487 3718 555 ιδεο

531 599 673 665 Ergo
699 597 742 652 si
769 597 834 652 ad
868 597 1102 653 invicem
1143 598 1498 655 consentiunt
1526 600 1581 655 in
1606 600 2033 672 cogitationibus

2208 603 2352 675 ’Λρα
2375 598 2468 658 οῦν
2493 602 2547 655 εῖ
2577 618 2642 670 γε
2695 600 2790 655 καὶ
2834 601 3050 664 ἑαυτοῖς
3082 598 3334 671 ἀλλήλοις
3368 598 3719 670 συμφωνοῦσι

461 689 554 759 qui
588 688 714 742 talia
749 688 1042 752 deﬁniunt,
1079 688 1354 758 quomodo
1383 705 1491 745 non
1520 691 1684 746 ambo
1706 692 2038 747 convenien-

468 785 540 838 tia
597 784 652 837 in
694 782 916 839 Christo
952 792 1230 838 noverunt
1258 784 1407 839 salva
1445 798 1755 850 remanere,
1783 793 1839 840 et
1868 800 2037 839 unam

464 884 716 929 naturam
741 874 837 929 Dei
866 876 1030 930 Verbi
1059 876 1398 930 incarnatam
1423 891 1547 931 cum
1572 876 1803 931 dicunt?
1825 876 1882 931 Si
1908 893 2038 932 vero

465 964 603 1019 illud
640 968 817 1031 ambo,
855 965 967 1021 duo
996 968 1218 1040 negotia
1247 967 1456 1022 indicat
1490 967 1545 1021 in
1574 968 1830 1034 Domino,
1853 977 1911 1023 et
1936 984 2040 1022 nec

465 1056 591 1116 tria,
645 1070 748 1113 nec
802 1073 996 1122 unum,
1051 1059 1272 1129 negotia
1324 1075 1459 1114 vero
1508 1059 1600 1114 illa
1649 1075 1762 1114 non
1809 1059 2040 1115 fortuita

463 1145 732 1214 quaedam,
786 1147 874 1202 vel
925 1147 1228 1216 phantasiee
1284 1151 1583 1221 simplices,
1633 1149 1733 1206 sed
1770 1151 2040 1206 essentia:

463 1234 712 1303 quaedam
763 1243 910 1302 sunt,
957 1237 1090 1306 quid
1144 1239 1291 1293 aliud
1337 1239 1689 1295 concluditur
1738 1256 1840 1311 per
1877 1256 2042 1295 voces

466 1325 589 1380 illas
616 1325 969 1396 cogitandum
990 1330 1096 1384 nisi
1120 1331 1268 1400 quod
1297 1331 1507 1387 Christi
1532 1332 1655 1388 duae
1678 1343 1890 1389 natura:
1910 1342 2041 1389 sunt

464 1415 718 1470 adunataa
743 1418 1048 1474 secundum
1080 1422 1299 1476 unicam
1330 1422 1502 1492 ipsius
1527 1423 1905 1494 hypostasim?
1931 1423 2039 1478 Sed

464 1505 795 1564 festinemus
845 1510 914 1564 ad
960 1511 1109 1566 clare
1152 1514 1513 1569 memorantia
1561 1523 1788 1569 naturas
1834 1514 2041 1571 Christi

445 1598 777 1657 .testimonia
800 1602 1022 1658 Patrum
1056 1613 1112 1659 et
1147 1604 1418 1674 imprimis
1455 1607 1696 1672 illorum,
1732 1605 1802 1661 de
1836 1607 2041 1677 quibus

464 1691 714 1759 quolibet
765 1694 929 1751 modo
972 1712 1081 1751 non
1130 1698 1339 1754 audent
1385 1699 1805 1770 denegationem
1857 1699 2040 1757 facere

465 1782 790 1840 adversarii.

976 1900 1218 1970 Gregorii
1248 1902 1516 1975 Theologi.

542 2005 559 2036 ι
588 1987 801 2041 Etenim
849 1999 1059 2045 natura:
1097 1994 1319 2061 quidem
1361 1996 1501 2057 duae,
1556 1998 1702 2052 Deus
1749 2006 1806 2052 et
1850 1998 2036 2060 homo,

466 2079 913 2148 quandoquidem
955 2082 1135 2137 anima
1183 2096 1239 2139 et
1267 2101 1508 2157 corpus;
1541 2104 1651 2143 non
1698 2090 1808 2144 duo
1852 2097 2039 2144 autem

467 2168 589 2236 lilii,
619 2185 726 2226 nec
754 2170 1030 2226 homines.
1056 2193 1074 2224 ι

1120 2266 1380 2337 Gregorii.

545 2368 564 2402 ι
589 2350 760 2407 Ambo
784 2368 914 2424 ergo
944 2355 998 2409 in
1025 2356 1242 2419 eodem,
1276 2375 1418 2415 unus
1448 2370 1501 2414 et
1528 2362 1673 2416 Deus
1699 2362 1959 2417 similiter
1985 2372 2042 2417 et

467 2442 655 2508 homo,
691 2445 1038 2502 Emmanuel.
1063 2468 1082 2500 ι

467 2555 761 2622 QUALEM
785 2559 1046 2617 DICUNT
1068 2561 1579 2686 ΑΒΑΠῆξίὲἐΟΝΕΜ
1615 2566 1713 2620 DE
1744 2565 2044 2625 CHRISTO

979 2742 1220 2814 Gregorii
1255 2745 1520 2816 Theologi.

544 2851 561 2882 ι
583 2831 641 2887 Si
669 2833 799 2903 quis
830 2835 973 2888 sicut
1014 2835 1068 2888 in
1114 2837 1381 2905 propheta
1414 2837 1548 2891 dicit
1578 2839 1883 2894 secundum
1913 2857 2042 2911 gra-

467 2925 599 2978 tiam
628 2925 960 2995 operavisse,
993 2927 1087 2982 sed
1119 2944 1227 2981 non
1252 2929 1555 2983 secundum
1582 2931 1878 2986 essentiam
1907 2947 2044 2986 con-

465 3012 714 3081 iunctum
752 3020 809 3066 et
845 3014 1244 3069 conformatum
1292 3017 1483 3096 fuisse,
1532 3019 1605 3073 sit
1639 3035 1903 3077 vacuusa
1932 3037 2047 3077 me-

469 3099 607 3154 liore
647 3100 890 3171 euergia.
912 3121 930 3153 ι

575 3211 764 3283 Cyrilli
787 3230 814 3268 ε
839 3216 1173 3286 pmpriorum
1201 3218 1433 3289 capitum
1464 3221 1924 3292 interpretatione.

547 3362 911 3421 «Necessario
954 3382 1057 3421 nos
1085 3367 1326 3424 Nestorii
1377 3371 1563 3427 verbis
1601 3383 1910 3444 pugnantes
1949 3375 2046 3430 ad-

474 3456 793 3532 unationem
822 3458 1127 3513 secundum
1153 3460 1489 3531 hypostasim
1520 3461 1638 3519 fieri
1664 3464 1921 3522 dicimus.
1945 3486 1964 3518 ι

784 3632 1033 3701 Eiusdem
1059 3650 1088 3687 e
1117 3634 1294 3690 littera
1330 3637 1401 3691 ad
1421 3636 1734 3698 Sueenwm.

555 3742 572 3771 ι
594 3722 736 3793 Ergo
768 3732 824 3777 et
862 3724 907 3780 si
948 3724 1230 3781 diceretur
1270 3726 1631 3791 humanitatis
1660 3740 1716 3787 et
1741 3732 2051 3792 divinitatis

477 3822 679 3866 natura
734 3813 880 3869 circa
929 3815 1274 3882 Emmanuel,
1323 3818 1422 3873 sed
1467 3819 1780 3879 humanitas
1826 3827 2050 3896 propria

476 3900 618 3956 facta
652 3909 737 3956 est
768 3903 962 3971 Verbi;
995 3913 1052 3959 et
1081 3907 1279 3962 unicus
1310 3907 1484 3963 Filius
1518 3925 1644 3965 cum
1687 3912 1806 3982 ipsa
1840 3915 2051 3986 cogita-

478 4002 591 4048 tur.
616 4013 635 4044 ι
675 3994 817 4066 Ergo
866 4005 1099 4064 natura,
1134 3999 1283 4068 quod
1327 4002 1612 4070 proprium
1646 4002 1780 4059 fecit
1811 4012 1868 4060 et
1900 4006 2049 4075 quod

478 4087 763 4156 proprium
790 4086 995 4143 factum
1026 4099 1112 4145 est
1154 4091 1211 4145 in
1239 4091 1576 4162 hypostasim
1601 4092 1724 4165 ejus
1752 4095 1846 4166 qui
1885 4111 2049 4152 suum

477 4177 628 4245 fecit,
650 4186 747 4233 aut
775 4181 926 4236 non?

1127 4295 1402 4366 Ejusdem.

578 4383 880 4440 «Nostrum
930 4385 1078 4440 enim
1123 4386 1333 4451 dicere,
1384 4406 1581 4445 vocare
1637 4391 1776 4447 duas
1825 4402 2052 4448 naturas

480 4491 659 4546 usque
690 4477 759 4531 ad
796 4470 1231 4548 cognoscendam
1283 4479 1446 4535 Verbi
1487 4491 1544 4536 et
1577 4482 1763 4537 carnis
1790 4483 2052 4539 differen-

2068 1939 2114 1997 B

2138 697 2252 755 τοῖς
2278 695 2545 765 νοήμασιν
2570 692 2621 745 οἱ
2652 691 2934 762 ὁρίσαντες
2964 690 3110 754 τάδε,
3149 689 3266 754 πῶς
3293 688 3416 759 οὐχὶ
3438 687 3720 758 ἀμφότερα

2138 784 2205 837 τὰ
2246 784 2564 838 συνελθόντα
2601 785 2660 836 ὲν
2689 781 2911 852 Χριστῷ
2934 771 3108 835 οἴδασι
3145 779 3434 845 σώζεσθαι,
3471 779 3564 833 καὶ
3588 777 3717 849 μίαν

2140 874 2303 944 φύσιν
2330 874 2427 929 τοῦ
2455 874 2590 928 Θεοῦ
2610 874 2787 941 Λόγου
2809 873 3240 945 σεσαρκωμένην
3268 872 3357 925 ὅτε
3388 870 3598 939 λέγοιεν
3617 888 3632 935 ;
3649 869 3711 923 El

2138 966 2194 1019 δὲ
2218 966 2278 1018 τὺ
2314 964 2623 1036 ἀμφότερα,
2644 965 2713 1018 τὰ
2740 964 2834 1018 δύο
2866 965 3170 1034 πράγματα
3205 961 3464 1033 σημαίνει
3491 959 3716 1030 κυρίως,

2141 1056 2235 1110 καὶ
2260 1055 2384 1109 οὔτε
2405 1055 2555 1127 τρία,
2578 1055 2702 1109 οὑτε
2726 1055 2805 1121 ἓν,
2827 1054 2895 1108 τὰ
2914 1055 2971 1109 δὲ
2999 1054 3302 1127 πράγματα
3328 1053 3453 1107 τάδε
3482 1054 3544 1107 οὑ
3578 1069 3717 1121 συμ-

2139 1128 2411 1218 ϐεϐηκότα
2439 1145 2580 1211 τινὰ,
2612 1146 2646 1216 ἢ
2671 1145 2960 1215 φαντασίαι
2989 1139 3169 1214 ψιλαῖ,
3205 1143 3321 1199 ἀλλ’
3346 1143 3526 1198 οὐσίαι
3576 1142 3717 1206 τινές

2139 1241 2267 1304 εἰσι,
2295 1239 2348 1292 τί
2381 1238 2508 1292 ἄλλο
2542 1237 2836 1306 συνάγεται
2874 1237 2962 1290 διὰ
2990 1236 3158 1289 τῶνδε
3183 1235 3291 1290 τῶν
3326 1235 3523 1305 φωνῶν
3556 1236 3715 1292 νοεῖν,

2140 1333 2174 1402 ἢ
2203 1333 2286 1385 ὅτι
2332 1330 2429 1384 δύο
2455 1329 2647 1399 φύσεις
2696 1328 2792 1382 τοῦ
2851 1327 3089 1399 Χριστοῦ
3120 1328 3396 1397 ἡνωμέναι
3422 1327 3529 1380 εἰσὶ
3582 1323 3723 1378 κατὰ

2144 1422 2273 1493 μίαν
2300 1422 2399 1493 τὴν
2425 1422 2725 1476 ὑπόστασιν
2763 1419 2961 1487 αὑτοῦ;
3022 1420 3164 1477 Ἀλλ’
3200 1419 3596 1490 ἐπιδράμωμεν
3628 1417 3721 1470 καὶ

2139 1516 2259 1575 ταῖς
2312 1511 2501 1581 σαφῶς
2552 1511 2662 1565 τῶν
2688 1510 2924 1581 φύσεων
2956 1509 3196 1581 Χριστοῦ
3252 1506 3723 1580 μνημονευούσαις

2144 1604 2473 1673 μαρτυρίαις
2526 1604 2854 1673 Πατρικαίς,
2884 1602 2979 1655 καὶ
3019 1601 3254 1672 μάλιστα
3286 1594 3369 1655 ὧν
3407 1598 3482 1671 μὴ
3540 1599 3721 1652 ὁπωσ-

2138 1692 2234 1745 οῦν
2287 1690 2528 1763 τολμῶσι
2610 1690 2886 1745 ποιεῖσθαι
2954 1688 3326 1762 παραγραφὴν
3396 1690 3446 1742 oi.
3503 1685 3720 1742 ἀντιλέ-

2140 1799 2351 1852 γοντες.
3416 1782 3421 1785 ’

2526 1893 2785 1964 Γρηγορί
2788 1912 2860 1948 ου
2892 1893 2999 1948 τοῦ
3024 1893 3346 1962 Θεολόγου.

2217 2006 2236 2038 ι
2273 1986 2468 2048 Φύσεις
2494 1987 2593 2057 μὲν
2622 1987 2730 2056 γὰρ
2753 1984 2865 2048 δύο,
2902 1983 3034 2046 Θεὸς
3072 1985 3167 2037 καὶ
3212 1984 3498 2053 ἄνθρωπος
3531 2020 3550 2046 ,
3598 1983 3723 2036 ἐπεὶ

2142 2079 2238 2131 καὶ
2275 2077 2422 2146 ψυχὴ
2471 2076 2566 2130 καὶ
2616 2075 2809 2147 σῶμα·
2843 2075 2952 2127 υίοὶ
2991 2073 3048 2127 δὲ
3089 2073 3153 2126 οὑ
3199 2072 3315 2138 δύο,
3357 2072 3477 2126 οὑδὲ
3510 2072 3722 2143 ἄνθρωο

2142 2187 2256 2225 ποι.
2296 2190 2314 2221 ι

2756 2280 3115 2350 Γρηγορῑου.

2219 2394 2238 2426 ι
2275 2377 2478 2445 Ἄμφω
2505 2372 2562 2427 δὲ
2591 2367 2685 2427 οῦν
2711 2375 2769 2426 ἐν
2816 2371 3018 2438 ταυτῷ,
3056 2365 3137 2435 εἷς
3183 2370 3316 2434 Θεός
3344 2385 3403 2422 τε
3454 2367 3590 2439 ὁμοῦ
3630 2367 3725 2424 καὶ

2143 2462 2449 2535 ἄνθρωπος,
2482 2466 2511 2517 ὁ
2549 2464 2917 2534 Ἐμμανουήλ.
2961 2481 2980 2515 ι

2144 2579 2370 2633 HUIAN
2410 2579 2591 2639 ΦΑΣΙ
2642 2578 3291 2701 ἸἩΙῚᾶξέέἕέΣΤΟΥ
3328 2576 3607 2633 ΕΛὩΣΙΝ
3651 2576 3728 2633 οι

2515 2759 2849 2829 I‘pnroplov
2895 2758 3000 2813 τοῦ
3048 2761 3367 2831 Θεολόγυυ.

2221 2869 2239 2901 ι
2269 2849 2434 2910 Eiet;
2462 2847 2536 2911 ὡς
2561 2848 2618 2900 ὲν
2647 2848 2904 2920 προφήτῃ
2936 2846 3084 2916 λέγει
3121 2847 3264 2900 κατὰ
3292 2846 3454 2919 χάριν
3487 2847 3729 2917 Evnom-

2147 2940 2321 3006 κέναι,
2351 2938 2486 2993 ἀλλὰ
2517 2937 2593 3010 μὴ
2613 2939 2734 2991 κατ’
2759 2937 2950 2991 οὐσίαν
2974 2937 3245 3006 συνῆφθαί
3276 2955 3337 2991 τε
3374 2939 3468 2991 καὶ
3498 2952 3731 2990 συνανα-

2148 3028 2475 3091 πεπλάσοαι,
2509 3026 2596 3096 εἴη
2622 3027 2777 3091 κενὸς
2796 3026 2892 3098 τῆς
2918 3028 3229 3098 κρείττονος
3262 3027 3565 3098 ἐνεργείας.
3591 3043 3610 3077 ι

2293 3206 2625 3274 Κυρίλλου,
2666 3204 2735 3256 ἐκ
2770 3201 2879 3269 τῆς
2911 3204 3226 3274 ἑρμηνείας
3259 3203 3377 3257 τῶν
3424 3203 3591 3258 ἰδίων

2750 3273 3128 3341 Κεφαλαίων.

2227 3386 2245 3419 ι
2298 3363 2639 3431 Ἀναγκαίως
2692 3364 2857 3433 ἡμεῖς
2902 3365 3018 3426 τοῖς
3070 3360 3368 3435 Νεστορίου
3431 3363 3738 3435 μαχόμενοι

2147 3459 2349 3526 λόγοις,
2405 3453 2507 3525 τὴν
2553 3453 2675 3508 καθ’
2718 3453 3019 3508 ὑπόστασιν
3061 3454 3258 3509 ἕνωσιν
3313 3454 3573 3523 γενέσθαι
3621 3471 3723 3524 φα·

2153 3564 2273 3618 μεν.
2324 3563 2341 3596 ι

2366 3635 2477 3690 Τοῦ
2508 3633 2720 3698 αὑτοῦ,
2741 3633 2811 3688 ἐκ
2839 3631 2947 3700 τῆς
2970 3634 3121 3703 πρὸς
3150 3635 3517 3692 Σούκενσον.

2227 3745 2246 3777 ι
2279 3725 2489 3779 Οὐκοῦν
2511 3724 2606 3778 καὶ
2643 3726 2693 3778 εί
2727 3723 2939 3793 λέγοιτο
2963 3724 3383 3798 ἀνθρωπότητος
3413 3727 3509 3780 καὶ
3538 3724 3737 3797 Θεότη-

2151 3835 2242 3882 τος
2281 3815 2442 3888 φύσις
2469 3817 2564 3871 ἐπὶ
2590 3815 2686 3869 τοῦ
2729 3816 3095 3888 Ἐμμανουήλ,
3148 3816 3265 3870 ἀλλ’
3314 3821 3349 3887 ἡ
3374 3816 3740 3888 ἀνθρωπότης

2157 3908 2262 3963 ἰδία
2284 3910 2476 3977 γέγονε
2520 3905 2617 3959 τοῦ
2650 3906 2860 3975 Λόγου·
2907 3906 3004 3960 καὶ
3052 3907 3081 3959 ὁ
3119 3901 3203 3970 εἷς
3246 3907 3373 3971 Υἱὸς
3405 3909 3607 3961 νοεῖται
3636 3907 3740 3962 σὺν

2152 4001 2314 4071 αὐτῇ.
2387 3996 2535 4072 *Αρα
2612 3994 2705 4053 οῦν
2756 3996 2944 4068 φύσεις
2999 3998 3062 4050 τὸ
3120 3997 3594 4068 ίδιοποιησάμενον
3639 3999 3740 4053 καὶ

2152 4093 2212 4146 τὸ
2245 4092 2568 4164 ἰδιοποιηοὲν
2600 4092 2679 4156 εἰς
2707 4090 2807 4162 τὴν
2836 4087 2931 4143 τοῦ
2957 4090 3385 4161 οῖκειωσαμένου
3410 4089 3736 4156 ὑπόστασιν,

2152 4184 2185 4237 ᾖ
2220 4182 2311 4249 οῦς

2771 4292 2886 4349 Τοῦ
2908 4292 3116 4349 αὐτοῦ.

2229 4408 2247 4438 ι
2272 4387 2565 4459 Ἡμέτερον
2595 4386 2703 4456 γὰρ
2731 4386 2793 4439 τὸ
2842 4387 3021 4453 λέγειν
3059 4387 3177 4458 ἦτοι
3204 4386 3493 4459 ὀνομάζειν
3507 4386 3601 4440 δύο
3626 4387 3736 4455 φύε-

2156 4500 2267 4545 σεις
2303 4483 2463 4552 μέχρι
2490 4483 2584 4536 τοῦ
2610 4481 2901 4551 γινώσκειν
2923 4482 3021 4553 τὴν
3040 4483 3308 4556 διαφορὰν
3324 4484 3418 4537 τοῦ
3447 4483 3623 4551 Λόγου
3638 4484 3745 4538 καὶ

485 4567 640 4621 tiam.
674 4567 1028 4635 Perspicuum
1068 4577 1153 4623 est
1173 4584 1305 4640 ergo
1332 4571 1479 4639 quod
1504 4571 1596 4641 qui
1624 4588 1735 4628 non
1760 4573 1894 4629 dicit
1916 4574 2045 4629 duas

2165 4574 2254 4640 τῆς
2282 4574 2506 4644 σαρκός.
2546 4592 2564 4625 ι
2602 4574 2768 4645 Δῆλον
2796 4568 2889 4628 οῦν
2912 4573 2988 4639 ὡς
3021 4575 3050 4627 ὁ
3084 4576 3160 4645 μὴ
3188 4575 3365 4645 λέγων
3400 4575 3494 4630 δύο
3520 4575 3741 4644 φύσεις,

484 4665 727 4721 naturas,
775 4657 1144 4713 dill'erentiam
1178 4666 1358 4732 negat,
1386 4669 1442 4714 ct
1481 4678 1592 4717 non
1620 4665 1904 4721 cognoscit
1931 4681 2052 4720 eam

486 4746 545 4801 in
581 4745 823 4803 Christo.
854 4766 874 4800 ι

927 4860 1177 4930 Ejusdem
1221 4879 1286 4917 ea:
1328 4864 1632 4936 Glaphgris.

568 4951 819 5004 (Etenim
871 4951 983 5005 duo
1025 4952 1270 5022 quidem,
1326 4956 1422 5019 ait,
1491 4956 1733 5009 volatilia
1773 4955 1934 5026 jubet
1970 4971 2058 5010 as-

486 5041 631 5095 sumi
671 5040 911 5095 viventia
943 5052 998 5097 et
1032 5044 1255 5109 munda,
1300 5055 1360 5098 ut
1408 5047 1619 5116 cogites
1671 5063 1769 5115 per
1816 5045 2058 5100 volatilia

487 5133 768 5188 cmlestem
798 5132 1077 5188 hominem
1103 5143 1160 5189 ct
1191 5136 1492 5197 hominem,
1519 5136 1775 5190 similiter
1790 5144 1841 5191 et
1864 5137 2056 5199 Deum,

488 5225 545 5278 in
576 5224 711 5279 duas
736 5231 965 5279 naturas
983 5226 1200 5296 qualem
1228 5227 1377 5281 venit
1404 5228 1455 5280 in
1490 5226 1728 5282 Verbum
1758 5226 2060 5296 unicuique

489 5316 823 5371 conveniens
854 5315 1114 5370 divisum.
1154 5316 1312 5383 Quod
1353 5318 1501 5372 enim
1541 5334 1607 5373 ex
1641 5319 1753 5372 Deo
1779 5318 1936 5372 Patre
1964 5332 2057 5371 su-

418 5387 435 5480 ξ
491 5424 586 5477 pra
618 5408 921 5480 refulgebat
944 5408 1194 5465 Verbum
1229 5418 1347 5463 erat
1375 5410 1429 5463 in
1457 5426 1622 5466 carne
1655 5409 1918 5463 mulieris.
1946 5430 1963 5459 ι

1010 5520 1247 5592 Gregorii
1279 5520 1539 5590 Thcologi.

573 5628 589 5659 ι
613 5611 760 5665 Deus
802 5628 931 5665 vero
977 5612 1254 5668 diceretur
1294 5628 1405 5666 non
1434 5611 1621 5677 Verbi,
1671 5610 1768 5666 sed
1801 5611 1921 5681 ejus
1963 5611 2059 5680 qui

490 5701 801 5757 vilebalur.
832 5702 1119 5770 Quomodo
1169 5705 1316 5759 enim
1359 5717 1549 5761 exacte
1582 5712 1727 5775 esset
1758 5704 1852 5760 Dei
1883 5704 2062 5759 Deus?

493 5791 651 5847 Sicut
678 5801 735 5845 et
762 5793 916 5849 Pater
951 5811 1056 5849 non
1088 5797 1206 5865 ejus
1236 5797 1329 5865 qui
1360 5796 1670 5854 videbatur.
1700 5794 1864 5849 Verbi
1899 5810 2051 5850 vero.
2092 5800 2105 5809 ‘

495 5886 723 5955 Quando
753 5902 897 5942 enim
930 5902 961 5941 a
993 5888 1646 5960 cogitationibusnaturae
1677 5887 1962 5953 differunt,
1993 5886 2063 5941 si-

2157 4668 2388 4738 ἤρνηται
2435 4662 2534 4731 τὴν
2564 4665 2830 4737 διαφορὰν
2896 4667 2990 4720 καὶ
3030 4667 3091 4719 οὑ
3131 4663 3394 4734 γινώσκει
3448 4667 3619 4736 αὑτὴν
3674 4668 3739 4720 ἐν

2156 4755 2397 4827 Χριστῷ.
2447 4775 2464 4808 ι

2430 4867 2541 4922 Τοῦ
2567 4867 2775 4933 αὑτοῦ,
2818 4868 2887 4922 ἐκ
2914 4867 3033 4920 τῶν
3064 4867 3421 4936 Γλαφυρῶν.

2235 4977 2252 5010 ι
2290 4957 2394 5011 Δύο
2432 4956 2532 5027 μὲν
2563 4955 2691 5026 γὰρ.
2748 4955 2903 5024 φησὶ,
2951 4957 3167 5026 ὀρνίθια
3198 4955 3412 5010 κελεύει
3462 4956 3745 5028 ληφθῆναι

2159 5047 2336 5112 ζῶντα
2363 5047 2454 5100 καὶ
2483 5044 2722 5114 καθαρὰ,
2753 5044 2842 5097 ἴνα
2867 5045 3067 5114 νοήσῃς
3098 5045 3185 5097 διὰ
3212 5045 3477 5098 πετεινῶν
3507 5046 3599 5099 τὸν
3639 5045 3734 5098 οὑο

2162 5140 2343 5209 ρὰνιον
2373 5138 2679 5214 ἄνθρωπον,
2709 5133 2997 5203 ἄνθρωπόν
3047 5152 3104 5188 τε
3137 5137 3271 5204 ὁμοῦ
3305 5137 3396 5190 καὶ
3440 5136 3593 5203 Θεὸν,
3655 5136 3749 5201 είς

2159 5228 2251 5280 δὶο
2281 5227 2469 5297 φύσεις
2494 5227 2619 5279 ὅσον
2644 5225 2778 5296 ἦγεν
2807 5227 2882 5287 εἰς
2915 5224 3006 5277 τὸν
3037 5225 3243 5296 ἑκάστῃ
3268 5227 3548 5293 πρέποντα
3579 5226 3749 5294 λόγον

2160 5318 2559 5389 διαιρούμενον.
2615 5317 2783 5383 Λόγος
2828 5316 2936 5386 γάρ
2964 5311 3030 5387 ἧν
3051 5318 3078 5370 ό
3101 5318 3165 5369 ὲκ
3187 5316 3321 5370 Θεοῦ
3347 5317 3559 5387 Πατρός
3614 5318 3752 5372 ἅνα-

2161 5409 2379 5479 λὰμψις
2405 5410 2460 5460 ὲν
2488 5408 2652 5478 σαρκὶ
2681 5407 2781 5477 τῆς
2808 5408 3086 5474 γυναικός.
3122 5426 3141 5458 ι

2546 5517 2877 5585 Γρηγορίου
2904 5516 3008 5570 τοῦ
3041 5521 3363 5589 Θεολόγου.

2238 5627 2259 5660 ι
2282 5608 2410 5671 Θεὸς
2423 5607 2478 5660 δὲ
2500 5607 2709 5673 λέγοιτο
2728 5606 2814 5671 ἂν,
2831 5607 2891 5660 οὑ
2916 5607 3007 5660 τοῦ
3027 5608 3225 5676 Λόγου,
3244 5610 3336 5662 τοῦ
3357 5609 3637 5679 ὁρωμένου
3654 5610 3745 5666 δὲ.

2166 5699 2291 5764 Πῶς
2321 5699 2427 5770 γὰρ
2462 5698 2527 5752 ἂν
2561 5697 2645 5767 εἴη
2697 5697 2789 5750 τοῦ
2831 5698 3032 5769 κυρίως
3059 5699 3195 5752 Θεοῦ
3225 5701 3394 5765 Θεός;
3427 5701 3616 5769 ὥσπερ
3646 5704 3755 5755 καὶ

2170 5795 2379 5862 Πατὴρ,
2406 5792 2466 5844 οὑ
2489 5791 2581 5844 τοῦ
2607 5791 2908 5860 ὁρωμένου,
2931 5792 3025 5844 τοῦ
3046 5792 3222 5859 Λόγου
3243 5792 3331 5845 δέ·
3359 5792 3523 5861 ἡνίκα
3551 5795 3652 5860 γὰρ
3685 5797 3753 5848 αἱ

2169 5886 2360 5956 φύσεις
2380 5885 2679 5938 διίστανται
2704 5885 2816 5947 ταῖς
2841 5884 3128 5949 ἐπινοίαις,
3160 5884 3543 5954 συνδιαιρείται
3563 5886 3651 5937 καὶ
3676 5887 3756 5939 τὰ
