3998 6282
276 417 408 484 1821

1446 425 1741 487 CONTRA
1781 395 2382 490 ΜοΝοΡὴΥΞΙΤΑε.
2674 475 2712 510 ,

3404 436 3542 503 1822

274 531 537 598 ἀόρατα.
582 549 599 581 ι
630 530 1026 584 Ἐπισκεπτέον
1054 533 1134 584 δτι
1158 532 1218 584 οὐ
1250 535 1314 603 τῇ
1345 534 1557 606 ἐπινοίᾳ
1588 531 1727 590 εἶναι
1761 539 1850 602 τὰς

1967 542 2078 594 mul
2132 541 2548 612 distinguuntur
2594 545 2654 596 et
2700 545 2945 597 nomina.
2976 562 2994 594 δ
3063 545 3539 608 Considerandum

275 622 484 687 ςύσεις,
520 621 660 676 ἀλλά
718 623 1025 676 διίστασθαι
1051 627 1169 686 ταῖς
1201 625 1465 689 ἐπινοίαις
1518 627 1614 691 τὰς
1666 629 1857 697 φύσεις

275 715 462 784 φησίν.

889 825 1005 904 Τοῦ
1043 827 1250 880 αὑτοῦ.

353 938 370 967 ι
411 916 783 986 Κιρναμένων
821 915 1014 989 ὥσπερ
1054 918 1164 971 τῶν
1197 919 1433 987 φύσεων,
1476 921 1618 975 οὕτω
1660 923 1717 977 δὲ
1764 925 1860 978 καὶ

281 1007 380 1058 τῶν
421 1007 706 1077 κλήσεων,
750 1007 847 1062 καὶ
901 1011 1326 1081 περιχωρουσῶν
1380 1014 1460 1075 είς
1514 1013 1751 1084 ἀλλήλας
1783 1015 1860 1085 τῷ

279 1097 414 1168 un?
440 1098 544 1166 τῆς
574 1101 873 1168 συμφυΐας.
923 1119 942 1152 ι

363 1211 728 1277 Βασιλείου,
766 1211 834 1265 ἐκ
864 1214 969 1267 τοῦ
999 1213 1230 1281 πρώτου
1262 1218 1410 1283 πρὸς
1447 1219 1768 1287 Εὐνόμιον.

347 1320 366 1353 ι
406 1303 482 1355 υῦ
512 1303 612 1356 δύο
643 1303 877 1373 λέγομεν
906 1305 1037 1358 Θεὸν
1058 1307 1163 1378 ἰδίᾳ
1188 1310 1280 1360 καὶ
1310 1309 1613 1380 ἄνθρωπον
1641 1306 1722 1373 εἷς
1749 1312 1862 1383 γὰρ

275 1385 361 1461 ἦν’
392 1392 536 1446 ἀλλά
563 1396 690 1446 κατ’
724 1393 965 1447 ἐπίνοιαν
1003 1395 1100 1466 τὴν
1131 1397 1362 1450 ἑκάστου
1387 1398 1546 1466 φύσιν
1572 1398 1860 1468 λογιζόμε-

277 1499 380 1535 νοι³
406 1483 532 1536 οὐδὲ
556 1484 669 1555 γὰρ
698 1487 726 1538 ό
761 1487 965 1556 Πέτρος
996 1487 1089 1540 δύο
1116 1489 1340 1556 ἐνόησεν
1378 1488 1571 1552 εἰπὼν,
1599 1490 1860 1557 Χριστοῦ

275 1568 386 1628 οὗν
429 1575 736 1642 παθόντος
781 1577 936 1645 ὑπὲρ
986 1577 1155 1646 ἡμῶν
1203 1581 1404 1647 σαρκί.
1436 1599 1454 1633 ι
1499 1581 1560 1634 '0
1593 1582 1755 1645 αὐτὸς
1802 1583 1859 1636 δὲ

278 1665 450 1733 μέγας
475 1665 762 1729 Βασίλειός
791 1685 922 1737 φησι
953 1669 1090 1738 πρὸς
1122 1671 1384 1739 Εὐνόμιον
1433 1669 1572 1726 εἶναι
1612 1672 1733 1726 τινὰ
1763 1674 1860 1743 μὲν

275 1757 539 1818 ἐπίνοιαν,
566 1759 668 1827 τὴν
700 1758 874 1829 ἀληθῆ
903 1759 1100 1830 νοητὴν
1131 1761 1386 1832 θεωρίαν,
1431 1763 1524 1816 καὶ
1555 1760 1698 1816 εἶναι
1744 1765 1861 1816 ἑτέ-

1961 629 2107 699 quod
2146 645 2254 684 non
2305 630 2635 699 cogitatione
2665 647 2787 687 esse
2834 641 3081 699 naturas,
3111 635 3208 690 sed
3251 639 3540 709 cogitatio-

1960 721 2126 777 nibus
2158 722 2421 792 distingui
2455 723 2610 778 dicit.

2608 838 2883 908 Ejusdem.

2039 944 2057 976 ι
2083 926 2280 994 Mistis,
2328 936 2387 981 ut
2417 927 2490 982 ita
2517 928 2718 991 dicam,
2759 931 2995 994 naturis,
3021 931 3098 985 sic
3116 939 3172 986 et
3201 934 3536 998 nominibus,

1961 1028 2016 1073 et
2044 1017 2469 1074 succedentibus
2499 1018 2567 1072 ad
2612 1019 2847 1074 invicem
2878 1021 3052 1076 verbo
3077 1024 3490 1092 coagulationis.
3515 1044 3533 1075 ι

2283 1212 2496 1278 Basilii,
2536 1232 2564 1267 e
2602 1217 2772 1284 primo
2803 1218 2873 1269 ad
2901 1217 3246 1272 Eunomium.

2041 1323 2057 1353 ι
2077 1303 2198 1357 Non
2233 1304 2371 1358 duos
2400 1305 2639 1361 dicimus
2670 1308 2839 1362 Deum
2889 1311 3112 1380 proprie
3141 1320 3196 1364 et
3237 1313 3536 1377 hominem,

1961 1393 2164 1462 quippe
2215 1395 2310 1462 qui
2368 1410 2511 1450 unus
2555 1405 2692 1461 erat,
2743 1399 2839 1452 sed
2889 1400 3192 1453 secundum
3254 1403 3536 1456 notionem

1961 1482 2395 1552 uniuscujusque
2463 1495 2715 1540 naturam
2782 1490 3212 1555 concludentes;
3273 1508 3394 1545 nam
3438 1509 3538 1546 nec

1959 1575 2157 1629 Petrus
2200 1572 2340 1627 duos
2384 1575 2649 1645 cogitavit
2685 1576 2911 1631 dicens:
2948 1578 3155 1632 Christo
3187 1580 3351 1649 igitur
3385 1599 3538 1650 passo

1961 1665 2016 1717 in
2047 1681 2209 1719 carne
2227 1673 2411 1719 nostra
2433 1667 2497 1720 “.
2527 1684 2544 1717 ι
2574 1665 2799 1735 Magnus
2831 1667 2972 1720 idem
2991 1668 3223 1722 Basilius
3245 1669 3310 1721 ad
3354 1671 3535 1725 Euno-

1962 1754 2130 1808 mium
2165 1755 2300 1809 dicit
2347 1769 2468 1809 esse
2503 1756 2793 1824 quamdam
2853 1755 3076 1824 quidem
3123 1758 3533 1827 cogitationem,

280 1865 374 1917 ριν
420 1847 520 1917 τὴν
572 1850 719 1901 κατά
753 1849 1084 1921 ἀνάπλασμα
1129 1852 1378 1921 ψεύδους,
1412 1849 1499 1906 οἷα
1547 1854 1657 1907 τῶν
1695 1854 1850 1925 μυθο-

1960 1859 2145 1898 veram
2183 1845 2611 1900 intellectualem
2655 1847 3194 1915 contemplationem,
3222 1857 3386 1919 atque
3408 1865 3530 1904 esse

277 1938 443 1991 ποιῶν
476 1940 577 1991 καὶ
608 1939 937 2010 ζωγράφων·
976 1944 1024 1994 εἰ
1059 1943 1158 2010 μὲν
1186 1938 1279 1996 οὖν
1311 1945 1446 2012 πρὸς
1489 1945 1578 1997 τὸν
1604 1944 1738 1997 Θεὸν
1763 1945 1856 1998 καὶ

275 2031 585 2102 ἄνθρωπον,
613 2035 716 2106 τὴν
741 2034 938 2106 ἀληθῆ·
980 2039 1028 2088 εί
1077 2035 1133 2088 δὲ
1167 2035 1304 2105 πρὸς
1348 2035 1408 2089 τὸ
1444 2036 1548 2106 ίδίᾳ
1595 2035 1692 2106 τὴν
1736 2038 1856 2089 ἐπί-

273 2139 416 2174 νοιαν
446 2123 749 2194 ἀκούομεν,
778 2125 876 2196 τὴν
899 2127 1309 2198 ἀναπλαστικὴν
1338 2127 1638 2194 λογιστέον.
1676 2128 1855 2182 Μόνον

273 2213 376 2283 γὰρ
403 2214 496 2266 διὰ
518 2215 584 2267 τδ
614 2215 949 2286 διαρθρῶσαι
978 2219 1188 2281 ἑαυτοῖς
1212 2218 1273 2271 τὸ
1295 2218 1550 2289 διάφορον
1576 2219 1682 2271 τῶν
1715 2221 1826 2288 ήνω
1843 2250 1854 2260 -

276 2304 468 2372 μένων,
518 2308 644 2369 ταῖς
697 2308 1022 2374 φαντασίαις
1077 2309 1182 2379 ἰδίᾳ
1233 2309 1463 2362 ἕκαστον
1497 2308 1849 2379 ἀφορίζομεν,

270 2395 372 2458 ἕως
406 2394 633 2467 ἴδωμεν,
663 2396 719 2450 τί
751 2398 851 2468 μὲν
880 2399 1024 2463 ἰδίως
1053 2399 1227 2469 τοῦδε,
1258 2401 1310 2453 τί
1350 2400 1406 2453 δὲ
1441 2402 1534 2453 τοῦ
1567 2401 1775 2470 ἑτέρου.

874 2687 987 2742 Τοῦ
1043 2686 1252 2742 αὐτοῦ.

351 2771 450 2827 ἐκ
501 2773 701 2828 τούτου
744 2775 828 2830 δεῖ
858 2779 1111 2851 συνορᾷν,
1157 2779 1304 2842 ὅπως
1336 2781 1396 2834 ὲν
1427 2777 1506 2851 τῷ
1537 2781 1621 2836 ὲνὶ
1649 2782 1745 2836 καὶ
1768 2782 1847 2857 τῷ

271 2863 417 2934 αὒτῷ
443 2865 716 2938 ἑκατέρας
749 2868 966 2938 φύσεως
991 2869 1285 2941 ἀποδειχθῇ
1318 2871 1352 2942 ἡ
1383 2869 1632 2942 ἀλήθεια.

647 2984 976 3052 Γρηγορίου
1005 2982 1110 3037 τοῦ
1143 2985 1458 3053 Θεολόγου.
1585 3055 1590 3063 _

350 3090 370 3125 ι
412 3073 726 3145 ’Δπεστάλη
763 3074 884 3144 μὲν,
915 3073 1029 3128 ἀλλ’
1061 3073 1136 3138 ὡς
1163 3074 1258 3128 ἀνθ
1269 3090 1470 3147 ρωπος·
1494 3076 1715 3143 διπλοῦς
1737 3077 1848 3150 γὰρ

272 3161 360 3235 ἦν.
399 3185 420 3218 ι

272 3279 580 3346 Κυρίλλου
617 3281 686 3334 ἐκ
717 3281 823 3336 τοῦ
870 3279 1021 3350 πρὸς
1067 3285 1394 3340 Θεοδόσιον
1431 3285 1538 3340 τὸν
1559 3286 1847 3350 βασιλέα.

350 3387 368 3420 ι
407 3370 521 3432 Τὰς
554 3369 668 3441 γὰρ
715 3371 1076 3440 εὐαηελικάς
1123 3373 1253 3444 περὶ
1282 3373 1377 3426 τοῦ
1427 3375 1631 3444 Κυρίου
1666 3375 1850 3443 φωνάς

275 3463 432 3531 ἴσμεν
460 3463 592 3524 τοὺς
623 3461 904 3530 θεολόγους
931 3463 1132 3534 ἄνδρας
1159 3464 1258 3527 τὰς
1287 3464 1388 3535 μὲν
1411 3464 1850 3528 κοινοποιοῦντας

275 3551 351 3614 ὡς
390 3552 480 3620 ἐφ’
511 3551 633 3614 ἐνὸς
681 3552 997 3622 προσώπου,
1027 3553 1126 3617 τὰς
1162 3554 1220 3608 δὲ
1259 3553 1606 3624 διαιροῦντας
1648 3555 1724 3622 ὡς
1757 3555 1853 3610 ἐπὶ

277 3643 367 3697 δύο
396 3644 640 3711 φύσεων·
686 3645 778 3698 καὶ
805 3645 904 3708 τὰς
938 3646 1038 3714 μὲν
1070 3646 1412 3718 θεοπρεπεῖς,
1445 3646 1588 3701 κατὰ
1617 3647 1714 3719 τὴν
1754 3649 1850 3702 ἀν-

279 3733 609 3806 θρωπότητα
633 3733 797 3789 αὐτοῦ
821 3734 1083 3800 διδόντας.
1121 3755 1141 3789 ι

281 3936 390 3991 τοῦ
413 3936 732 4005 Θεολότου,
767 3935 836 3988 ἐκ
865 3934 972 3988 τοῦ
997 3935 1129 4002 περὶ
1161 3934 1294 3989 Υιοῦ
1327 3935 1610 4002 δευτέρου
1637 3937 1848 4005 λόγου.

353 4047 370 4080 ι
401 4029 479 4081 Τὸ
511 4029 620 4098 γὰρ
660 4026 1092 4099 συναμφότερον,
1124 4026 1201 4093 ἓν,
1229 4025 1344 4081 ἀλλ’
1369 4028 1432 4082 οὐ
1464 4031 1533 4098 τῇ
1565 4026 1748 4098 φύσει,
1784 4029 1851 4098 τῇ

279 4121 335 4174 δὲ
374 4120 603 4191 συνόδῳ.
642 4138 662 4171 δ

911 4233 1235 4300 Κυριλλου.

353 4343 372 4375 ο
403 4323 564 4378 Μετά
594 4322 777 4394 μέντοι
805 4322 903 4393 τὴν
930 4323 1146 4385 ἕνωσιν,
1178 4323 1240 4376 οὐ
1283 4323 1600 4392 διαιροῦμεν
1628 4324 1726 4388 τὰς
1754 4324 1855 4394 φύ-

282 4429 391 4476 σεις
426 4414 524 4465 ἀπ’
555 4412 826 4481 ἀλλήλων,
857 4411 976 4466 οὐδὲ
1032 4414 1112 4475 είς
1151 4412 1244 4464 δύο
1274 4412 1423 4476 υἱοὺς
1465 4413 1734 4484 τέμνομεν
1757 4414 1851 4467 τὸν

276 4506 371 4557 ἕνα
405 4505 506 4559 καὶ
547 4505 866 4574 ἀμέριστον.
906 4523 923 4554 ι
961 4503 1128 4574 Δῆλον
1158 4503 1286 4574 ἀρα,
1315 4503 1388 4567 ὡς
1419 4505 1467 4557 εἰ
1497 4505 1590 4558 καὶ
1615 4505 1850 4576 ἀδιαιρέ-

279 4611 420 4659 τους,
449 4593 566 4647 ἀλλ’
594 4590 688 4648 οὖν
719 4593 907 4663 φύσεις
936 4588 1043 4646 οἶδε
1073 4591 1172 4656 τὰς
1203 4591 1341 4662 μετὰ
1371 4592 1470 4664 τὴν
1502 4593 1717 4657 ἓνωσιν,
1749 4593 1845 4646 καὶ

275 4685 336 4738 οὐ
364 4683 527 4756 φύσιν
560 4685 711 4755 μίαν.

477 4795 809 4864 Γρηγορίου
845 4792 1104 4860 Νὐσσης
1129 4791 1278 4846 κατὰ
1308 4794 1628 4862 Εὑνομίου.

349 4906 369 4939 ι
403 4885 544 4941 Οὔτε
573 4885 826 4949 ζωοποιεῖ
855 4885 945 4936 τὸν
973 4886 1222 4955 Λάζαρον
1255 4885 1288 4954 ὴ
1318 4884 1631 4956 ἀνθρωπίνη
1660 4884 1843 4955 φύσις,

276 4977 397 5032 οὔτε
430 4977 662 5049 δακρύει
684 4977 777 5029 τὸν
809 4975 1061 5046 κείμενον
1098 4978 1131 5046 ἠ
1167 4974 1387 5047 ἀπαθὴς
1414 4976 1654 5041 ἐξουσία.
1683 4995 1703 5029 ι
1735 4976 1847 5030 Καὶ

275 5071 458 5124 πάλινο
511 5087 529 5121 ι
577 5068 680 5120 Τὸν
725 5067 948 5136 μεσίτην
984 5065 1119 5119 Θεοῦ
1156 5066 1249 5119 καὶ
1293 5064 1616 5137 ἀνθρώπων,
1663 5065 1845 5130 καθὼς

279 5162 367 5213 καὶ
395 5159 684 5229 ὠνόμασεν
703 5160 731 5211 ὁ
761 5157 900 5219 θεῖος
939 5156 1282 5220 ’Λπόστολος,
1313 5157 1462 5210 οὐδὲν
1486 5156 1656 5220 οὕτως
1691 5157 1766 5221 ὡς
1789 5160 1848 5211 τὸ

276 5249 368 5302 τοῦ
417 5247 552 5303 Υἱοῦ
599 5247 871 5300 δείκνυσιν
895 5245 1087 5315 ὄνομα,
1144 5246 1386 5318 ἑκατέρᾳ
1428 5245 1588 5316 φύσει
1617 5249 1682 5317 τῇ
1729 5247 1874 5327 θείςι⁵

277 5339 368 5392 καὶ
396 5337 716 5410 ἀνθρωπίνῃ
753 5337 895 5389 κατὰ
923 5336 983 5388 τὸ
1019 5337 1135 5389 ἴσον
1165 5336 1630 5406 ἐφαρμοζόμενον.
1676 5356 1695 5388 ι

277 5447 388 5503 τοῦ
415 5447 874 5517 Χρυσοστόμου,
899 5445 970 5498 ἐκ
1002 5443 1105 5498 τοῦ
1131 5445 1282 5498 κατὰ
1312 5445 1839 5514 Ἀπολιναριστῶν.

348 5559 366 5592 ι
401 5539 566 5595 Οὕτω
614 5535 893 5590 κάνταῦθα
932 5536 1032 5604 τῆς
1071 5535 1220 5599 θείας
1249 5535 1605 5607 ὲνιδρυσάσης
1631 5537 1708 5606 τῷ
1741 5537 1844 5589 σὼ-

277 5648 406 5698 ματι
440 5631 682 5699 φύσεως,
710 5628 805 5683 ἕνα
840 5628 988 5694 Υἱὺν,
1032 5627 1090 5680 ἓν
1134 5628 1444 5698 πρόσωπον,
1475 5628 1536 5681 τὸ
1571 5631 1843 5700 συναμφό-

342 5810 381 5842 ¹¹
411 5806 436 5864 ι
469 5809 621 5866 Petr.
653 5823 728 5873 tv,
763 5808 810 5862 Ι.
891 5808 930 5839 ¹¹
962 5807 1248 5864 lTimoth.
1281 5822 1339 5874 ιι,
1375 5806 1425 5860 5.

1959 1936 2184 1989 alteram
2231 1937 2384 2006 juxta
2421 1936 2690 1991 mendacii
2725 1936 3024 2002 ﬁctionem,
3066 1940 3283 2007 qualem
3317 1939 3532 1993 fabula-

1961 2035 2142 2080 torum
2188 2036 2245 2082 et
2290 2029 2594 2097 pictorum;
2639 2029 2686 2082 si
2736 2045 2867 2099 ergo
2913 2029 3136 2098 quidem
3175 2032 3320 2085 circa
3371 2033 3530 2093 illud.

1957 2118 2127 2172 Deum
2154 2127 2210 2172 et
2249 2119 2552 2186 hominem,
2592 2137 2808 2184 veram;
2852 2120 2896 2174 si
2931 2135 3062 2174 vero
3123 2122 3535 2191 particulariter

1955 2203 2100 2258 circa
2167 2207 2554 2275 cogitationem
2617 2209 2892 2272 audimus,
2943 2207 3125 2262 ﬁctam
3195 2211 3528 2265 concludere

1957 2305 2194 2363 oportet.
2240 2298 2475 2352 Tantum
2511 2301 2658 2352 enim
2703 2301 2756 2352 in
2799 2301 3128 2355 articulatim
3164 2301 3298 2371 ipsis
3343 2303 3529 2371 expla-

1955 2388 2137 2441 nando
2165 2389 2531 2444 adunatornm
2562 2392 2994 2457 distinctionem,
3026 2393 3328 2462 phantasiis
3360 2394 3531 2462 parti-

1955 2477 2215 2532 culariter
2244 2496 2692 2550 unumquemque
2731 2482 3026 2536 deﬁnimus
3043 2483 3218 2537 donec
3240 2498 3531 2538 noscamus

1954 2568 2085 2638 quid
2114 2569 2243 2624 hinc
2275 2571 2500 2640 preprie
2526 2572 2594 2626 de
2623 2574 2818 2638 altero,
2850 2574 2982 2644 quid
3017 2575 3171 2630 illinc
3195 2573 3264 2629 de
3285 2576 3480 2629 altero.

2031 2753 2036 2758 ,
2611 2689 2889 2760 Ejusdem.

2025 2781 2108 2838 Ex
2141 2782 2248 2838 hoc
2280 2790 2499 2852 oportet
2534 2783 2886 2836 considerare
2936 2779 3214 2851 quomodo
3244 2781 3299 2835 in
3335 2796 3443 2836 uno
3475 2794 3531 2835 ct

1955 2873 2150 2930 eodem
2196 2873 2487 2945 utriusque
2529 2882 2742 2927 naturae
2795 2872 3137 2928 manifestata
3183 2883 3269 2928 est
3305 2874 3526 2928 veritas.

2471 2983 2710 3054 Gregorii
2745 2981 3005 3052 Theologi.

2034 3077 2268 3134 iMissus
2313 3086 2397 3134 est
2440 3076 2684 3148 quidem,
2707 3074 2802 3130 sed
2856 3082 2917 3128 ut
2963 3074 3146 3139 homo,
3191 3074 3394 3143 quippe
3437 3074 3530 3142 qui

1957 3168 2160 3239 duplex
2188 3177 2330 3224 erat.
2355 3189 2372 3221 ι

2045 3281 2255 3352 Cyrilli,
2285 3297 2312 3334 e
2336 3282 2529 3351 scripto
2561 3279 2630 3333 ad
2671 3277 3010 3332 Theodosium
3047 3278 3440 3345 imperatorem.

2032 3375 2202 3429 «Nam
2255 3373 2596 3443 evangelicas
2641 3369 2710 3426 de
2769 3369 3001 3423 Domino
3053 3383 3221 3421 voces
3276 3366 3533 3420 novimus

1953 3466 2238 3536 theologos
2276 3464 2446 3528 viros,
2500 3463 2635 3518 alias
2676 3463 2942 3516 adhibere
2989 3473 3310 3514 communes
3369 3458 3527 3527 quasi

1953 3553 2022 3608 de
2052 3569 2160 3608 una
2197 3567 2452 3622 persona,
2499 3552 2634 3606 alias
2680 3551 2950 3612 diversas,
2991 3549 3145 3617 quasi
3194 3547 3260 3601 de
3314 3547 3532 3600 duabus

1953 3645 2200 3712 naturis;
2226 3654 2282 3698 et
2324 3644 2460 3698 alias
2491 3653 2551 3698 ut
2576 3643 2736 3698 decet
2764 3644 2954 3704 Deum,
2987 3641 3140 3711 juxta
3181 3640 3302 3708 ejus
3327 3638 3531 3692 divini-

1955 3743 2147 3800 tatem,
2177 3735 2313 3789 alias
2338 3741 2401 3788 ut
2425 3733 2637 3787 homini
2665 3731 2919 3803 congruit
2936 3731 3090 3802 juxta
3114 3730 3234 3800 ejus
3265 3729 3526 3784 humani-

1953 3834 2120 3880 tatem
2146 3825 2279 3880 dant
2303 3823 2562 3895 theologi.
2591 3841 2608 3875 ι

2165 3935 2435 4005 Theologi.
2463 3951 2526 3988 ex
2551 3934 2778 3988 secundo
2803 3934 2865 3986 de
2893 3933 3026 3987 Filio
3061 3942 3315 3986 tractatu.

2026 4045 2048 4090 ς
2067 4026 2201 4079 Nam
2227 4026 2386 4080 ambo
2405 4040 2534 4089 una,
2568 4041 2676 4078 non
2706 4034 2921 4088 natura,
2954 4023 3051 4078 sed
3078 4023 3431 4076 adunatione.
3459 4040 3479 4071 ι

2631 4223 2840 4294 Cyrilli.

2032 4337 2049 4368 ι
2071 4317 2200 4372 Post
2225 4315 2613 4370 adunationcm
2647 4323 2849 4372 tamen.
2897 4330 3006 4368 non
3034 4322 3258 4368 naturas
3286 4313 3354 4366 ab
3387 4313 3530 4366 invi-

1955 4423 2074 4463 cem
2108 4407 2427 4471 dividimus,
2476 4422 2578 4460 nec
2626 4407 2679 4460 in
2721 4405 2860 4460 duos
2903 4403 3044 4458 ﬁlios
3078 4419 3327 4458 sccamns
3358 4421 3527 4458 unum

1954 4497 2106 4550 illum
2151 4503 2205 4548 et
2249 4493 2659 4548 indivisibilem.
2688 4512 2705 4544 ›
2737 4491 2977 4546 Evidens
3009 4496 3092 4546 est
3131 4507 3263 4561 ergo
3293 4491 3438 4559 quod
3481 4492 3528 4544 si

1954 4585 2319 4640 indivisibiles
2370 4585 2544 4648 novit,
2573 4585 2763 4653 utique
2795 4583 2949 4638 novit
2987 4592 3214 4636 naturas
3248 4582 3369 4637 illas
3407 4591 3531 4652 post

1955 4677 2369 4738 adunationem,
2397 4693 2500 4732 nec
2525 4679 2982 4730 naturam'unam.

2198 4795 2435 4864 Gregorii
2471 4793 2694 4864 Nysseni
2725 4803 2911 4847 contra
2941 4793 3286 4846 Eunomium.

2035 4907 2052 4940 ι
2075 4888 2188 4943 Nec
2215 4887 2461 4941 vivilicat
2485 4887 2752 4940 Lazarum
2780 4886 3019 4940 humana
3051 4895 3268 4947 natura,
3314 4900 3418 4938 nec
3445 4884 3532 4937 lu-

1951 4986 2040 5049 get
2089 4988 2368 5033 mortuum
2423 4977 2776 5047 impassihilis
2820 4978 3075 5031 essentia.
3105 4995 3122 5024 ι
3175 4976 3241 5030 Ει
3286 4975 3518 5029 iterum:

1960 5091 1978 5123 ‹
1998 5071 2347 5126 Mediatorem
2365 5071 2461 5126 Dei
2477 5080 2531 5124 et
2547 5070 2853 5131 hominum,
2872 5084 3034 5138 quem
3053 5067 3346 5122 admodum
3372 5075 3528 5119 vocat

1954 5163 2107 5217 illum
2136 5162 2296 5216 divus
2325 5160 2621 5231 Apostolus
2644 5162 2685 5192 ¹²
2714 5161 2853 5214 nihil
2888 5160 3032 5213 sicut
3058 5159 3180 5212 Filii
3212 5173 3410 5210 nomen
3434 5172 3523 5207 os-

1959 5250 2154 5310 tendit,
2186 5250 2402 5319 utrique
2431 5259 2639 5303 natum
2663 5248 2863 5302 divinze
2885 5257 2942 5302 et
2964 5248 3219 5300 humana:
3240 5243 3524 5311 aequaliter

1930 5337 2311 5407 conveniente
2338 5337 2558 5391 nomine
2597 5336 2722 5391 isto.
2753 5355 2770 5387 ι
3501 5343 3503 5346 ‘

2061 5449 2413 5520 Chrysostomi
2443 5466 2470 5502 e
2496 5457 2726 5503 tractatu
2761 5456 2943 5502 contra
2975 5443 3407 5514 Apollinarium.

2031 5559 2046 5589 ι
2076 5540 2165 5596 Sic
2187 5551 2244 5596 et
2280 5542 2356 5595 ibi
2380 5542 2565 5595 divina
2592 5551 2784 5594 natura
2841 5553 2965 5592 cum
3018 5536 3237 5604 corpori
3266 5533 3522 5588 immisis-

1953 5642 2033 5684 sct
2060 5631 2253 5686 Filium
2293 5637 2483 5696 unum,
2526 5647 2685 5684 imam
2726 5645 3035 5699 personam,
3064 5629 3226 5680 ambo
3262 5642 3364 5680 una
3396 5639 3522 5710 per“-
