3998 6282
455 450 598 522 1823
1295 485 1326 517 ο

1722 444 2036 507 LEONTII
2077 444 2493 506 BYZANTINI'

3582 442 3717 509 1824

448 568 600 631 iecit,
637 562 925 636 cognitum
954 574 1052 632 per
1082 557 1323 615 Verbum
1366 573 1469 614 nec
1514 556 1880 622 confundens,
1924 570 2031 612 nec

2151 573 2291 628 τερον
2340 557 2634 610 ἀπετέλεσε
2666 596 2679 619 ,
2731 553 3136 626 γνωριζόμενον
3178 555 3362 625 μέντοι
3422 554 3718 625 ἁσυγχύτῳ

449 657 706 714 dividens
743 669 855 707 non
892 653 958 707 in
997 666 1105 706 una
1132 657 1327 705 natura
1367 649 1553 715 unica,
1587 648 1682 704 sed
1718 650 1773 703 in
1808 647 2028 704 duabus

2134 648 2230 702 καὶ
2259 647 2549 719 ἀδιαιρέτῳ
2578 647 2757 717 Λόγῳ,
2783 646 2885 700 οὐκ
2911 647 2969 699 ἐν
2999 647 3098 717 μιᾷ
3133 647 3270 719 μόνῃ
3301 645 3484 715 φύσει,
3523 643 3638 701 ἀλλ’
3657 649 3717 702 ὲν

451 747 732 821 perfectis.
759 744 919 800 Circa
954 758 1122 798 unam
1164 731 1338 806 enim,
1371 740 1654 811 quomodo
1680 738 2027 795 confusionis

2151 739 2253 793 ῑυσὶ
2285 739 2543 801 τελείαις.
2608 737 2731 790 Ἐπὶ
2773 738 2881 809 γὰρ
2914 738 3066 808 μιᾶς,
3100 737 3218 801 πῶς
3262 738 3324 791 τὸ
3375 737 3716 808 ἀσύγχυτονς

448 836 761 909 exemptio?
806 834 1098 902 Quomodo
1139 833 1515 889 distinctionis
1542 831 1835 887 absentia?
1875 830 2028 897 Quo-

447 929 613 985 modo
665 927 928 983 adunatio
985 924 1126 980 forte
1170 923 1484 980 diceretur?
1521 923 1656 979 Nam
1708 922 1871 976 unica
1918 922 2026 976 sibi

454 1021 559 1092 ipsi
589 1019 736 1074 uniri
769 1026 865 1072 aut
890 1015 1156 1072 confundi
1182 1026 1278 1070 aut
1316 1031 1348 1070 a
1394 1031 1452 1070 se
1480 1014 1596 1085 ipsa
1623 1013 1889 1085 distingui
1928 1029 2031 1068 ne-

448 1108 628 1178 quit.»
672 1107 742 1162 Et
788 1106 954 1176 paulo
1015 1113 1169 1174 post:
1205 1104 1453 1157 «Iterum
1512 1101 1580 1156 ad
1641 1101 1791 1156 aliud
1836 1101 2033 1156 leviter
2080 1124 2087 1131 ~

448 1212 758 1255 sermonem
792 1195 1185 1251 transferentes
1213 1195 1370 1250 aiunt
1412 1194 1559 1266 quod
1596 1204 1722 1265 post
1744 1194 2033 1249 adunatio—

450 1307 581 1348 nem
612 1291 798 1347 dicere
828 1290 966 1345 duas
992 1296 1122 1344 natu
1133 1304 1220 1344 ras
1241 1305 1351 1343 non
1368 1296 1617 1358 oportet;
1636 1289 1860 1343 attende
1883 1289 2035 1343 vocis

451 1380 883 1454 significationi:
937 1380 1334 1435 adunationem
1380 1379 1590 1443 dixisti,
1638 1378 2033 1435 adunationem

449 1488 585 1529 vero
622 1472 786 1527 unius
826 1488 940 1526 non
986 1470 1238 1526 invenies
1282 1470 1502 1526 factam.
1532 1491 1550 1522 ι
1586 1472 1653 1526 Et
1678 1471 1849 1542 paulo.
1874 1478 2032 1542 post:

460 1585 478 1617 ι
500 1564 922 1620 Consueverunt
952 1570 1010 1616 et
1036 1561 1089 1616 id
1117 1562 1365 1632 objicere
1389 1580 1403 1617 :
1430 1562 1572 1616 Num
1593 1560 1799 1618 Christi
1831 1577 2036 1631 corpus

450 1665 508 1713 et
536 1656 862 1727 sanguinem
920 1653 1158 1708 ﬁdeliter
1190 1654 1391 1724 pieque
1443 1670 1553 1709 non
1604 1654 1916 1708 sumimus?
1957 1652 2036 1708 [ta

454 1757 611 1806 sane,
639 1741 878 1805 dicetur,
904 1757 1014 1797 non
1041 1741 1171 1810 quia
1198 1756 1403 1812 corpus
1423 1751 1480 1797 et
1501 1742 1825 1813 sanguinein
1852 1742 2037 1797 divina

456 1846 580 1901 pars
607 1838 736 1886 ante
760 1831 1120 1886 humanitatis
1148 1832 1586 1913 assumptionem
1609 1843 1811 1888 natura
1847 1848 2037 1903 posse~

2132 832 2249 896 πῶς
2288 834 2350 885 τὺ
2389 830 2729 901 ἀδιαίρετονς
2761 829 2879 894 πῶς
2909 831 2943 901 ἡ
2971 829 3166 913 ἓνωσις
3206 828 3423 902 λεχθείη
3472 829 3603 884 ποτέ
3631 846 3647 896 ;
3677 832 3712 902 ἡ

2132 926 2241 993 γὰρ
2276 923 2375 995 μία
2414 924 2583 994 ἑαυτῇ
2616 922 2890 988 ὲνοῦσθαι,
2918 923 2951 985 ἦ
2980 924 3321 995 συγχεῖσθαι,
3349 923 3384 995 ἢ
3421 924 3479 991 ἑξ
3512 924 3715 994 ἑαυτῆς

2132 1014 2484 1086 διαιρεῖσθαι,
2511 1015 2574 1067 ού
2633 1013 2882 1068 δύναται.
2917 1032 2937 1065 ι
2966 1014 3081 1068 Καὶ
3117 1013 3255 1085 μετὰ
3286 1013 3517 1084 βραχέα·
3548 1031 3568 1065 ι
3604 1012 3718 1067 Πά-

2132 1105 2216 1158 λιν
2243 1105 2329 1158 ἐπ’
2359 1104 2487 1159 ἄλλο
2540 1103 2962 1173 μεταπηδῶντές
3013 1120 3170 1172 φασι,
3224 1104 3363 1173 μετὰ
3391 1103 3491 1172 τὴν
3518 1103 3716 1158 ἕνωσιν

2140 1199 2216 1268 μὴ
2267 1196 2465 1267 χρῆναι
2508 1196 2687 1264 λέγειν
2717 1195 2810 1249 δύο
2844 1195 3058 1264 φύσεις·
3092 1195 3330 1265 πρόσεχε
3366 1197 3437 1266 τῇ
3471 1193 3714 1265 σημασιᾳ

2133 1291 2228 1344 τοῦ
2261 1290 2450 1363 ῥητοῦ·
2479 1289 2679 1344 ἕνωσιν
2700 1284 2879 1352 εἶπας·
2917 1287 3112 1341 ἕνωσιν
3151 1286 3207 1340 δὲ
3239 1270 3368 1357 μιᾶς
3401 1287 3501 1340 οὐκ
3532 1285 3599 1339 ἂν
3626 1285 3715 1338 εὓ-

2138 1399 2253 1454 ροις
2305 1381 2618 1452 γινομένην.
2664 1399 2682 1432 ι
2719 1379 2830 1433 Καὶ
2865 1378 3003 1448 μετὰ
3037 1378 3267 1449 βραχέα·
3318 1396 3341 1431 ι
3383 1377 3624 1432 Ειώθασι
3660 1377 3717 1431 δὲ

2136 1474 2231 1526 καὶ
2268 1473 2424 1526 τοῦτο
2455 1471 2780 1541 προτείνειν·
2816 1471 2960 1542 Ἀρα
2989 1471 3052 1525 ού
3077 1470 3139 1523 τὸ
3177 1469 3345 1539 σῶμα
3363 1469 3458 1523 καὶ
3486 1469 3548 1521 τὸ
3579 1462 3720 1539 αἷμα

2136 1565 2230 1619 τοῦ
2265 1562 2402 1619 Θεοῦ
2434 1564 2786 1635 λαμϐάνομεν
2820 1562 3028 1626 πιστῶς
3049 1563 3149 1616 κο.)⁸
3176 1562 3450 1627 ενύσεεῶκ
3483 1561 3614 1625 Ναὶ,
3639 1559 3720 1612 λε·

2138 1657 2317 1710 κτέον·
2342 1657 2441 1728 οὐχ
2465 1657 2546 1710 ὃτι
2572 1655 2732 1726 σῶμα
2761 1655 2856 1710 ual
2882 1652 3045 1724 αἷμα,
3080 1653 3144 1707 τὸ
3180 1653 3335 1707 Θεϊον
3365 1653 3474 1723 πρὸ
3504 1652 3600 1723 τῆς
3630 1652 3718 1704 ὲν·-

2139 1748 2550 1821 ανθρωπήσεως
2600 1746 2866 1815 ἐκέκτητο
2911 1745 3094 1815 φύσειο
3123 1744 3241 1799 ἀλλ’
3274 1744 3462 1815 ἐπειδὴ
3506 1742 3577 1797 τὰ
3620 1743 3722 1812 τῆς

2144 1840 2348 1911 σαρκὸς
2377 1839 2719 1901 ἰδιοποεῖται,
2753 1838 2898 1909 ἔχειν
2926 1836 3145 1905 λέγεται
3175 1836 3368 1891 ταῦτα·
3399 1833 3445 1889 ὣ
3473 1833 3567 1888 τοῦ
3598 1834 3721 1888 ἀτο-

456 1923 561 1988 dit,
612 1922 708 1978 sed
758 1933 1049 1994 postquam
1095 1903 1321 1994 propria
1373 1924 1558 1980 carnis
1608 1941 1706 1983 sua
1747 1925 1879 1981 fecit
1924 1926 2042 1981 haec

2151 1903 2433 2004 nﬁpazoql
2467 1928 2512 1985 ὣ
2544 1932 2644 2002 τῆς
2691 1903 2922 1994 das-deﬁt;
2953 1903 3230 1992 δεανοῐαςῐ
3280 1925 3584 1981 κινδυνεύει
3612 1927 3722 1998 γὰρ

455 2011 665 2067 habere
698 2012 924 2066 dicitur.
964 2014 1006 2065 Ο
1039 2012 1377 2068 absurdum!
1409 2013 1453 2067 Ο
1487 2013 1710 2084 impiam
1747 2015 2039 2085 cogitatio-

455 2104 617 2160 nem!
658 2103 719 2159 In
765 2104 1018 2174 periculo
1063 2113 1143 2159 est
1182 2105 1331 2159 enim
1375 2105 1520 2175 apud
1553 2106 1701 2177 ipsos
1729 2107 2041 2164 divinitatis

457 2195 727 2265 dignatio,
774 2203 832 2250 et
877 2195 1077 2251 exinde
1133 2196 1484 2252 Dominicum
1539 2212 1744 2268 corpus
1811 2207 1870 2253 ut
1932 2214 2035 2254 ve-

457 2303 584 2342 rum
626 2303 831 2357 corpus
875 2287 1124 2343 confiteri
1171 2304 1282 2344 non
1344 2291 1647 2347 sustinent.
1691 2292 1798 2347 Per
1868 2292 2043 2348 dicto.

459 2394 583 2439 rum
624 2381 771 2435 enim
807 2381 1066 2436 astutiam
1124 2390 1393 2438 mutatum
1429 2383 1601 2439 fuisse
1654 2384 1789 2438 illud
1816 2384 1869 2438 in
1897 2383 2044 2439 divi-

458 2473 686 2529 nitatem
720 2488 857 2527 vane
879 2476 1213 2544 excogitant,
1240 2476 1459 2530 unicam
1489 2476 1688 2530 exinde
1712 2474 2043 2544 eﬂingentes

458 2572 739 2629 naturam,
757 2574 813 2623 et
833 2565 979 2619 illam
1003 2580 1113 2620 non
1138 2566 1486 2621 invenientes
1507 2566 1889 2635 dicerequalis
1905 2567 1995 2623 sit.
2020 2586 2041 2621 ι

534 2656 601 2709 Et
635 2656 802 2725 paulo
840 2664 959 2725 post
999 2672 1013 2710 :
1058 2675 1076 2707 σ
1122 2656 1416 2727 Fugiamus
1458 2657 1581 2711 illos
1621 2657 1715 2726 qui
1755 2657 2044 2723 dividunt;

462 2745 508 2800 si
543 2745 689 2800 enim
722 2752 778 2800 et
808 2746 1010 2815 duplex
1042 2757 1260 2809 natura,
1297 2747 1466 2816 igitur
1496 2748 1855 2807 indivisibilis
1882 2756 1941 2803 et
1969 2750 2049 2804 la—

462 2836 638 2891 cerari
676 2853 796 2907 quae
830 2837 1020 2907 nequit
1056 2839 1320 2892 adunatio
1357 2840 1412 2893 in
1449 2855 1556 2893 una
1592 2839 1835 2895 fiii'etatis
1878 2838 2049 2894 confi-

465 2927 629 2983 tenda
655 2944 890 2999 persona
919 2938 976 2984 et
1005 2946 1111 2983 una
1143 2931 1458 3000 hypostasi;
1492 2930 1767 3001 fugiamus
1799 2932 1925 2986 illos
1952 2930 2046 3001 qui

468 3033 631 3073 unam
663 3027 911 3072 naturam
940 3027 1064 3088 post
1091 3018 1486 3072 adunationem
1518 3018 1858 3073 mendaciter
1882 3033 2050 3086 expo-

466 3119 607 3164 nunt
642 3127 655 3163 :
690 3125 816 3163 nam
854 3110 1018 3163 unius
1051 3111 1311 3177 notione,
1348 3109 1416 3165 ad
1450 3110 1763 3180 passionem
1799 3110 2051 3181 impassi-

467 3201 563 3256 bili
599 3201 709 3258 Deo
739 3201 1147 3255 attribuendam
1183 3201 1544 3257 inducuntur.
1585 3220 1603 3253 ι

528 3313 715 3387 σεμνιαί
741 3331 766 3368 e
796 3315 1107 3369 tractatibus
1137 3324 1323 3369 contra
1355 3314 1661 3371 Nestorium
1689 3315 1742 3369 in
1770 3315 1996 3370 secundo

1128 3401 1391 3439 sermone.

549 3492 567 3523 ι
596 3472 777 3530 Unum
803 3474 1089 3538 conﬁtere,
1117 3481 1339 3528 naturas
1366 3488 1478 3528 non
1506 3472 1782 3539 dividens,
1809 3472 2053 3529 simulet

471 3572 653 3628 sciens
683 3566 831 3639 quod
867 3565 1054 3620 carnis
1077 3563 1310 3634 quidem.
1332 3571 1417 3617 est
1448 3577 1629 3617 sermo
1658 3564 1818 3626 alter,
1849 3562 2054 3618 divini-

472 3663 604 3718 tatis
623 3676 755 3717 vero
779 3659 872 3730 qui
899 3659 1072 3727 ipsam
1099 3656 1267 3711 solam
1295 3655 1473 3710 decet.
1507 3673 1527 3706 ›
1557 3655 1698 3710 Ecce
1728 3669 1860 3726 ergo
1904 3655 2053 3709 clare

474 3755 540 3810 ad
571 3769 678 3808 non
712 3749 1064 3807 auferendam
1094 3747 1505 3817 duplicitatem,
1530 3746 1627 3801 sed
1657 3761 1770 3802 non
1800 3745 2053 3802 dividen-

474 3847 600 3901 dam
626 3845 881 3898 hortatur
906 3841 1052 3895 illam
1080 3854 1202 3909 quaa
1226 3838 1428 3907 duplex
1453 3838 1608 3908 juxta
1645 3846 1872 3892 naturas
1912 3839 2057 3893 exsis-

474 3938 606 4002 stit,
647 3941 704 3989 et
738 3930 1181 4005 cognoscendum
1228 3928 1282 3983 in
1325 3928 1473 3999 quali
1498 3928 1652 3984 verbi
1684 3929 2053 3985 differentiam

473 4027 708 4085 alterius
752 4023 820 4079 ad
869 4024 1097 4079 alteram
1143 4021 1293 4086 vult,
1339 4029 1568 4076 naturas
1615 4019 1808 4077 dicens
1851 4029 1907 4077 et
1950 4021 2056 4076 alia

477 4120 669 4175 verba.

514 4232 774 4303 Ejusdem
806 4245 869 4283 ex
900 4227 1333 4348 interpretatzone
1363 4224 1619 4348 Epistola:
1652 4224 1721 4278 ad
1755 4224 2017 4291 Hebraeos,

1050 4311 1205 4348 secun
1247 4313 1278 4348 a
1314 4311 1414 4348 nar
1440 4311 1488 4348 ε.

1050 4311 1278 4349 secunda
1314 4311 1488 4364 parte.

559 4411 578 4443 ι
613 4389 694 4446 Ad
730 4387 964 4443 invicem
1000 4382 1354 4439 incﬂ‘abiliter
1382 4389 1439 4436 et
1470 4397 1638 4451 supra
1667 4397 1890 4437 sensum
1926 4398 2060 4440 con-

478 4489 757 4539 venerunt
784 4477 1047 4534 divinitas
1073 4483 1128 4529 et
1155 4471 1489 4532 humanitas,
1514 4480 1572 4527 et
1597 4471 1916 4529 difierentes
1939 4473 2062 4543 qui-

2143 2026 2274 2097 παρ⁹
2300 2026 2483 2088 αὐτοῖς
2522 2024 2623 2094 τῆς
2667 2023 2924 2094 Θεότητος
2950 2022 3013 2076 τὸ
3040 2020 3280 2091 ἀξίωμα,
3322 2019 3419 2073 καὶ
3464 2017 3630 2072 πάλιν
3660 2016 3721 2071 τὸ

2141 2116 2422 2188 κυριακὸν
2474 2115 2636 2186 σῶμα
2681 2114 2758 2179 ὡς
2805 2114 3059 2184 ἀληθινὸν
3105 2112 3266 2184 σῶμα
3299 2110 3583 2182 ὁμολογεῖν
3621 2111 3723 2165 οὐκ

2147 2209 2457 2279 ἀνέχονται’
2486 2207 2554 2260 δι’
2584 2206 2827 2270 ἐπινοίας
2854 2205 2961 2276 γὰρ
2995 2204 3192 2269 λέξεων
3231 2203 3537 2275 τετράφθαι
3562 2202 3725 2256 τοῦτο

2145 2304 2224 2365 εἰς
2249 2300 2482 2368 θεότητα
2510 2297 2898 2367 φαντάζονται,
2932 2296 3060 2366 μίαν
3088 2293 3341 2350 ἐντεῦθεν
3372 2293 3722 2349 κατασκευά-

2145 2391 2333 2455 ζοντες
2362 2390 2544 2459 φύσινο
2573 2388 2669 2443 καὶ
2697 2387 2869 2458 αὐτὴν
2897 2387 3043 2452 τίνος
3071 2383 3239 2452 εἶναι,
3265 2386 3340 2459 μὴ
3373 2384 3724 2457 εὑρίσκοντες

2145 2483 2350 2552 λέγειν.
2388 2500 2405 2533 ι

2243 2657 2353 2711 Καὶ
2424 2657 2542 2724 μετ’
2608 2655 2790 2723 ὀλίγαι
2848 2674 2867 2708 ι
2925 2656 3192 2727 Φύγωμεν
3251 2652 3381 2712 τοὺς
3456 2649 3728 2724 διαιροῦντ

2146 2765 2266 2814 τας·
2292 2751 2341 2801 εἰ
2367 2748 2476 2819 γὰρ
2522 2748 2618 2801 καὶ
2651 2747 2803 2817 διττὴ
2838 2749 2872 2819 ἡ
2923 2746 3106 2816 φύσις,
3140 2746 3255 2800 ἀλλ’
3278 2743 3371 2799 οὖν
3421 2743 3726 2815 ἀδιαίρετος

2149 2845 2243 2895 καὶ
2270 2841 2634 2904 ἀδιάσπαστος
2667 2843 2700 2910 ἡ
2735 2840 2951 2904 ἕνωσις,
2982 2842 3040 2894 ἓν
3072 2840 3152 2893 ἐνὶ
3186 2839 3288 2910 τῆς
3322 2839 3569 2908 νεότητος
3604 2839 3731 2908 ὁμο·

2147 2924 2456 3001 λογουμένη
2494 2928 2795 3000 προσώπῳ,
2829 2930 2924 2983 καὶ
2972 2931 3070 3001 μιᾷ
3101 2930 3424 2990 ὑποστάσει·
3464 2927 3730 2997 φύγωμεν

2148 3023 2275 3087 τοὺς
2323 3022 2453 3094 μίαν
2485 3023 2646 3091 φύσιν
2679 3021 2818 3092 μετὰ
2860 3021 2959 3093 τὴ)
2989 3021 3185 3076 ἕνωσιν
3235 3020 3729 3092 τερατευομένουςο

2149 3117 2214 3186 τῇ
2243 3113 2352 3185 γὰρ
2380 3113 2481 3183 τῆς
2531 3113 2660 3183 μιᾶς
2700 3112 2935 3184 ἐπινοεᾳ,
2990 3112 3070 3184 τῷ
3124 3112 3333 3167 ἀπαθεῖ
3375 3110 3496 3184 Θεῷ
3555 3110 3734 3174 πάθος

2152 3196 2489 3277 προσάπτειν
2527 3203 2863 3273 ἐπείγονται.
2895 3221 2914 3256 ι

2154 3320 2463 3388 Κυρίλλου
2488 3316 2560 3371 ἐκ
2582 3316 2701 3371 τῶν
2732 3317 3243 3441 κατέόΝεστορίου
3268 3317 3340 3371 ἐν
3363 3314 3445 3383 τῷ
3468 3313 3735 3384 δευτέρῳ

2922 3404 3020 3441 re).

2884 3404 2916 3440 ο
3006 3425 3020 3441 .

2230 3500 2251 3533 ι
2298 3480 2664 3552 Ὀμολόγησον
2689 3478 2808 3544 ἕνα,
2840 3404 3191 3549 λμὶζῖιαιρῶν
3227 3476 3326 3540 τὰς
3353 3475 3565 3548 φύσεις,
3592 3474 3737 3546 μετὰ

2152 3573 2250 3628 τοῦ
2280 3573 2482 3627 εἰδέναι
2514 3573 2596 3625 ὅτι
2629 3569 2832 3642 σαρκὸς
2863 3570 2962 3641 μὲν
3008 3570 3195 3640 ἕτερος
3248 3569 3431 3639 λόγος,
3474 3567 3735 3638 θεότητος

2155 3663 2211 3717 δὲ
2242 3664 2270 3716 ὁ
2304 3663 2441 3734 αὐτῇ
2472 3662 2566 3716 κα).
2595 3660 2731 3732 μόνῃ
2760 3660 3010 3729 πρέπων.
3050 3677 3070 3712 ι
3110 3659 3241 3713 ’1δοῦ
3279 3654 3374 3712 οὖν
3404 3657 3610 3727 σαφῶς,
3631 3657 3736 3712 οὐκ

2157 3757 2397 3827 ἀναιρεῖν
2419 3754 2519 3824 τὴν
2541 3753 2730 3816 δυάδα,
2760 3750 2897 3805 ἀλλὰ
2929 3752 3004 3823 μὴ
3033 3751 3264 3822 διαιρεῖν
3293 3751 3550 3820 παραινεῖ
3573 3747 3733 3820 τήνδε

2155 3847 2252 3918 τὴν
2307 3846 2449 3900 κατὰ
2484 3845 2583 3907 τὰς
2616 3844 2826 3914 φύσεις,
2857 3841 3148 3911 γινώσκειν
3192 3856 3254 3894 τε
3303 3841 3440 3911 πρὸς
3467 3838 3546 3909 τῷ
3577 3837 3735 3910 ποσῷ

2156 3940 2252 3995 καὶ
2299 3939 2398 4009 τὴν
2445 3936 2712 4007 διαφορὰν
2751 3933 2846 3988 τοῦ
2896 3933 3055 4001 λόγου
3089 3930 3325 4002 θατέρας
3359 3930 3495 3999 πρὸς
3532 3927 3733 4000 ἑτέραν

2159 4030 2430 4104 βούλεται,
2466 4028 2658 4100 φύσεις
2687 4044 2748 4081 τε
2778 4024 2949 4081 εἰπὼν
2977 4024 3072 4080 καὶ
3105 4022 3326 4097 ἑτέρους
3352 4020 3568 4090 λόγους.

2165 4234 2276 4290 Τοῦ
2302 4231 2488 4290 αὑτοῦ
2520 4233 2588 4287 ἐκ
2609 4231 2719 4295 τῆς
2751 4228 3070 4297 ἑρμηνείας
3093 4224 3202 4294 τῆς
3229 4222 3380 4294 πρὸς
3427 4220 3734 4291 Ἑϐραίους

2685 4299 2967 4367 δευτέρου
2995 4297 3200 4365 τόμου.

2236 4415 2255 4449 ι
2298 4391 2615 4464 Συνέὸησαν
2640 4391 2696 4445 δὲ
2735 4389 2993 4459 ἀλλήλαις
3023 4387 3356 4457 ἀπορρήτοις
3378 4401 3440 4438 τε
3462 4383 3556 4438 καὶ
3590 4382 3734 4453 ὑπὲρ

2161 4490 2286 4546 νοῦν
2324 4488 2515 4557 θεότης
2560 4484 2663 4537 καὶ¹
2702 4479 3079 4551 ἀνθρωπότης·
3118 4478 3214 4530 καὶ
3250 4477 3498 4546 διάφοροι
3545 4474 3642 4545 μὲν
3676 4473 3732 4526 αξ

476 4575 609 4633 dem
650 4580 863 4627 natura:
901 4570 957 4624 in
996 4565 1271 4628 confesso,
1307 4580 1451 4618 unus
1488 4573 1672 4619 tamen
1707 4573 1764 4618 et
1802 4564 1954 4620 solus
1991 4581 2048 4620 ex

2163 4583 2356 4653 φύσεις
2393 4575 2876 4651 ὁμολογουμένως,
2917 4571 3059 4643 πλὴν
3099 4564 3181 4635 εἷς
3229 4588 3290 4623 τε
3327 4568 3422 4623 καὶ
3473 4567 3630 4638 μόνος
3676 4562 3737 4629 ἐξ

478 4666 753 4724 ambobus
787 4662 978 4717 Filius.
1021 4679 1039 4711 ι
1079 4658 1237 4727 Quod
1271 4673 1403 4728 ergo
1435 4657 1785 4721 differentes,
1822 4657 1970 4727 quod
2004 4665 2060 4714 et

482 4744 866 4819 naturaa'sunt,
897 4752 1066 4808 novit.
1104 4751 1159 4807 Si
1191 4766 1322 4822 ergo
1353 4767 1461 4804 non
1492 4758 1721 4804 naturas
1752 4761 1877 4820 post
1908 4764 2062 4804 com-

481 4846 814 4920 positionem
842 4842 1004 4906 dicit,
1031 4855 1133 4895 uec
1154 4839 1400 4893 diversas
1423 4837 1766 4892 divinitatem
1791 4846 1847 4892 et
1869 4837 2068 4892 huma-

484 4939 736 4995 nitatem.

785 5026 1039 5099 Ejusdem
1071 5041 1134 5079 ex
1166 5023 1371 5086 eadem,
1403 5032 1554 5077 sexta
1589 5029 1762 5090 parte.

564 5145 581 5175 ι
622 5122 679 5178 Si
716 5121 863 5177 enim
907 5119 1219 5188 cogitantur
1255 5114 1487 5169 diversa:
1526 5121 1583 5167 et
1620 5111 1766 5167 inter
1804 5125 1860 5166 se
1906 5109 2069 5165 dissi-

484 5214 646 5275 miles
681 5228 711 5266 a
750 5210 919 5266 rebus
953 5208 1010 5261 in
1043 5204 1433 5259 adunationem
1470 5200 1928 5257 convenientibus
1965 5215 2068 5254 na-

408 5342 433 5366 ,δ
484 5316 645 5371 τοι-ιε,
671 5315 833 5361 carne
856 5300 981 5355 dico
1004 5307 1058 5353 ct
1080 5298 1215 5359 Deo,
1239 5295 1405 5366 igitur
1427 5309 1571 5349 unus
1593 5303 1650 5348 et
1672 5293 1823 5349 solus
1844 5307 1974 5347 vere
2001 5307 2069 5346 ex

429 5378 439 5446 Ῐ
485 5395 756 5453 ambobus
798 5391 961 5447 ﬁlius.
1016 5408 1034 5440 ι
1080 5386 1321 5443 Evidcns
1361 5392 1447 5439 est
1487 5400 1619 5455 ergo
1662 5383 1807 5454 quod
1849 5381 2069 5453 quando

488 5504 636 5545 unus
678 5503 744 5543 ex
790 5467 1254 5548 ambobus-tunc
1296 5478 1607 5549 cogitantur
1643 5487 1699 5532 et
1742 5486 1974 5539 naturae,
2015 5482 2071 5529 et

488 5577 562 5634 ab
599 5577 837 5631 invicem
873 5571 1170 5629 dissimiles
1204 5569 1351 5623 circa
1382 5567 1665 5623 Christum
1699 5574 1824 5636 post
1858 5565 2068 5618 aduna-

490 5668 724 5726 tionem.

703 5781 956 5852 Ejusdem
989 5798 1015 5835 e
1048 5779 1376 5836 Scholiorum
1406 5773 1632 5830 secundo
1661 5773 1857 5841 capite.

460 5875 467 5884 ’
572 5894 599 5935 ι
631 5875 771 5945 Quia
808 5873 1012 5947 absque
1050 5872 1367 5929 confusione
1408 5870 1788 5923 remanserunt
1827 5871 2065 5923 naturm,

2161 4676 2364 4746 ἀμφοῖν
2392 4672 2540 4733 Υἱός.
2578 4670 2732 4723 »Ὅτι
2766 4685 2827 4720 τε
2855 4661 2948 4720 οὖν
2979 4664 3248 4734 διάφοροι,
3284 4660 3381 4717 καὶ
3409 4660 3498 4714 ὅτι
3525 4658 3617 4713 καὶ
3642 4655 3737 4726 φύ-

2165 4784 2280 4829 σεις
2304 4764 2432 4829 εἰσὶ,
2460 4758 2620 4817 οἶδεν·
2653 4762 2701 4814 εἰ
2731 4754 2828 4814 οὗν
2857 4757 2930 4828 μὴ
2961 4755 3153 4826 φύσεις
3178 4753 3315 4826 μετὰ
3340 4752 3440 4823 τὴν
3464 4748 3737 4821 σύμϐασιν

2161 4857 2332 4927 λέγει,
2357 4852 2482 4909 οὔτε
2508 4852 2797 4924 διαφόρους
2828 4848 3057 4918 θεότητα
3091 4845 3188 4901 καὶ
3216 4840 3632 4913 ἀνθρωπότητα.

2382 5013 2492 5068 Τοῦ
2533 5009 2721 5066 αὐτοῦ
2753 5008 2822 5062 ἐκ
2862 5004 2976 5075 τῆς
3004 5003 3196 5071 αὐτῆς
3228 5003 3414 5071 τόμου
3440 4997 3507 5081 ,ς’

2245 5125 2263 5158 ι
2317 5107 2382 5160 Εἰ
2425 5105 2535 5175 γὰρ
2589 5101 2685 5155 καὶ
2738 5099 2983 5155 νοοῦνται
3037 5096 3306 5164 διάφοροι,
3343 5092 3438 5145 καὶ
3481 5089 3743 5160 ἀλλήλαις

2166 5200 2341 5255 ἄνισοι
2378 5195 2487 5249 τῶν
2509 5196 2590 5257 εἰς
2628 5191 2858 5261 ἑνότητα
2893 5182 3414 5257 συνδεδραμηκότων
3436 5181 3491 5233 αἱ
3525 5176 3740 5247 φύσεις,

2171 5289 2371 5360 σαρκὸς
2403 5286 2471 5351 δὴ
2496 5285 2643 5352 λέγω
2669 5282 2763 5336 καὶ
2803 5277 2962 5343 Θεοῦ,
2990 5276 3105 5331 ἀλλ’
3135 5270 3230 5329 οὖν
3270 5267 3351 5337 εἷς
3374 5288 3438 5360 τε
3463 5270 3559 5325 καὶ

2170 5383 2199 5435 ὁ
2224 5354 2281 5446 ἐξ
2305 5377 2508 5448 ἀμφοῖν
2537 5373 2667 5436 Υἱὸς
2693 5368 2930 5440 άληθῶς.
2967 5387 2987 5419 ι
3024 5367 3192 5436 Δῆλον
3214 5364 3322 5435 ἄρα
3346 5356 3438 5417 δτι
3459 5362 3549 5416 ὅτε
3579 5354 3660 5421 εἷς
3686 5357 3747 5423 εξ

2171 5473 2397 5541 ἀμφοῖν,
2431 5467 2553 5521 τότε
2580 5464 2675 5518 καὶ
2703 5460 2950 5517 νοοῦνται
2995 5458 3093 5511 καὶ
3129 5456 3343 5527 φύσεις,
3369 5453 3464 5507 καὶ
3487 5450 3749 5522 ἀλλήλαις

2173 5562 2344 5615 ἄνισοι
2375 5559 2468 5612 ἐπὶ
2503 5553 2743 5627 Χριστοῦ
2784 5549 2922 5623 μετὰ
2951 5550 3049 5619 τὴν
3073 5549 3288 5601 ἕνωσιν.

2180 5766 2288 5821 Τοῦ
2325 5763 2512 5818 αὑτοῦ
2561 5762 2629 5815 ἐκ
2675 5759 2779 5814 τοῦ
2822 5764 2891 5812 ια’
2930 5753 3264 5824 κεφαλαίου
3308 5748 3427 5805 τῶν
3458 5744 3748 5815 Σχολίων.

2254 5873 2271 5906 ι
2313 5856 2436 5907 Ὀτι
2464 5852 2520 5905 δὲ
2568 5850 2864 5921 ἀσύγχυτοι
2907 5843 3287 5917 μεμενήκασιν
3314 5840 3368 5892 αἱ
3404 5835 3614 5907 φύσεις,
3649 5827 3751 5883 εῐτ*
