3998 6282
440 427 575 490 1827

1677 404 1984 484 LEONTII
2028 423 2429 485 BYZANTINI

3551 417 3686 485 1828

437 540 716 601 confusas,
749 556 912 594 unam
942 555 1076 596 vero
1107 553 1421 609 personam,
1451 547 1616 606 prout
1645 548 1701 590 ct
1733 553 1875 592 unus
1904 538 2014 592 Do—
2044 585 2046 591 .

2156 535 2334 600 ύτους,
2385 537 2442 589 ἓν
2490 537 2546 589 δὲ
2613 535 2927 606 πρόσωπον.
2977 535 3099 589 καθ’
3143 533 3173 586 ὃ
3215 534 3311 587 καὶ
3344 530 3423 596 εἷς
3460 533 3690 599 Κύριος,

439 630 655 691 minus,
705 631 805 685 hos
850 629 1274 685 anathematizat
1314 627 1584 682 catholica
1623 636 1680 680 et
1718 627 2016 696 apostolica

2153 626 2341 694 ούτους
2392 625 2780 695 ἀναθεματίζει
2827 629 2859 696 ἡ
2913 625 3176 696 meum,
3212 625 3308 678 καὶ
3357 622 3689 693 ἀποστολικη

440 719 708 773 Ecclesia.
751 739 768 769 ι
811 720 1141 773 lmminuere
1172 732 1300 772 vero
1343 727 1522 773 textus
1554 717 1826 786 cogimur,
1861 729 1928 769 ne
1962 715 2020 768 in

447 808 604 877 plura
633 819 690 863 et
715 811 970 880 graviora
1000 826 1139 880 opus
1166 807 1582 880 protendamus.

541 1017 816 1088 Ejusdem,
854 1035 879 1072 e
911 1035 1154 1072 sermone
1187 1019 1250 1072 de
1287 1018 1475 1072 Divina
1509 1018 1905 1072 Incarnatione.

524 1126 540 1157 ι
576 1107 905 1161 Prodici-unt
935 1110 1156 1176 quidam
1185 1107 1400 1162 Domini
1430 1123 1650 1162 carnem
1679 1116 1736 1162 et
1764 1105 2023 1160 divinita-

451 1205 557 1250 tem
594 1199 757 1252 unius
783 1209 994 1252 natura:
1020 1215 1141 1253 esse
1165 1200 1447 1254 dicentes:
1473 1197 1748 1268 quomodo
1777 1195 2027 1249 infernus

451 1289 614 1342 talem
645 1289 1038 1357 blasphemiam
1071 1290 1322 1359 collegit?
1357 1309 1375 1340 ›

449 1398 580 1452 Julii
607 1400 750 1453 urbis
779 1400 958 1452 Romm
989 1401 1233 1469 episcopi,
1261 1417 1424 1469 quam
1451 1407 1502 1452 et
1528 1399 1761 1469 Cyrillus
1791 1397 2029 1452 adhibuit

797 1471 1100 1534 dictionem,
1133 1473 1188 1523 in
1217 1470 1416 1540 synodo
1444 1472 1502 1522 in
1534 1469 1686 1524 Urbe.

534 1577 550 1609 ι
592 1557 696 1624 Qui
735 1565 792 1612 et
831 1558 1050 1627 propria
1089 1557 1261 1620 novit,
1305 1567 1360 1610 et
1399 1555 1787 1610 adunationem
1825 1560 2026 1616 servat,

452 1661 555 1716 nec
604 1645 674 1701 de
725 1646 938 1701 naturis
989 1646 1231 1710 errabit,
1281 1659 1384 1698 nec
1435 1643 1824 1698 adunationem
1876 1641 2032 1711 igno-

455 1735 620 1790 rabit.
666 1753 685 1786 ι

457 1847 696 1916 Gregorii
718 1846 1052 1918 Nysseni,iad
1088 1845 1387 1918 Philippum
1419 1844 1656 1918 solitaria
1683 1844 1950 1918 viventem
1968 1841 2032 1918 de

529 1911 849 1996 Arianorum
896 1917 1181 1997 objectione
1228 1911 1376 1986 cujus
1424 1916 1636 1968 initium
1683 1929 1701 1966 :
1750 1931 1768 1962 ι
1821 1911 2032 1966 Malitia

527 1994 801 2053 progenies
838 1994 915 2037 est
948 1994 1160 2038 anitum.
1204 2004 1220 2036 ι

537 2093 552 2123 ι
576 2074 728 2129 Licet
751 2076 1108 2129 inenarrabili
1133 2074 1506 2143 incﬂ‘abﬂique
1525 2071 1856 2127 adunatione
1874 2070 2035 2124 ambo

460 2181 651 2228 unum,
687 2165 784 2220 sed
811 2181 919 2220 non
953 2176 1174 2230 natura,
1208 2182 1305 2236 per
1332 2166 1667 2234 inconfusum
1697 2163 1852 2228 dico;
1887 2162 2035 2216 aliud

460 2249 605 2301 enim
639 2249 888 2304 divinum
923 2267 954 2306 a
989 2268 1240 2322 corpore,
1274 2268 1400 2307 nam
1435 2253 1676 2306 alienum
1712 2261 1817 2306 cst.
1850 2252 2037 2319 Itaque

468 2340 746 2396 exsistens
767 2341 1018 2398 Christus
1054 2359 1176 2397 esse
1214 2343 1352 2398 duas
1389 2352 1613 2397 naturas
1647 2342 1871 2405 dicitur,
1905 2351 1960 2397 et
1984 2343 2038 2395 in

464 2429 585 2484 istis
628 2446 756 2485 vere
806 2433 1080 2498 noscitur,
1145 2432 1260 2486 sola
1326 2447 1581 2501 persona,
1627 2431 1914 2486 inconfusa
1962 2430 2038 2484 si-

465 2519 690 2574 militer.
731 2538 749 2571 ι

771 2633 1044 2703 Ejusdem,
1079 2633 1142 2685 de
1171 2633 1378 2702 scriptis
1405 2632 1475 2685 ad
1504 2632 1724 2685 eosdem.

544 2740 561 2773 ι
599 2723 655 2778 Si
694 2725 841 2778 enim
883 2732 938 2777 et
974 2725 1028 2776 in
1072 2723 1288 2777 duabus
1322 2723 1533 2776 naturis
1567 2723 1837 2792 cogitatur
1869 2733 1926 2777 et
1961 2732 2044 2777 est

465 2814 741 2879 Christus,
771 2815 865 2868 sed
902 2831 1070 2869 unum
1100 2815 1306 2869 scimus
1333 2813 1552 2868 Filium.
1593 2833 1611 2865 ι

623 2923 846 2976 Ιοαηη.δ
881 2921 1256 2992 Chrysostomi,
1294 2937 1500 2975 eserm.
1539 2923 1591 2974 in
1617 2920 1904 2974 Lazarum.

549 3097 567 3130 ι
606 3077 896 3142 Stannum,
932 3077 1143 3147 plumbi
1175 3084 1230 3130 et
1262 3075 1475 3146 argenti
1510 3078 1790 3146 particeps
1818 3085 1923 3139 est,
1955 3092 2044 3130 ar-

2135 716 2451 787 Ἒκκλησία.
2512 737 2530 768 ι
2581 717 3023 788 Ἀναγκαζόμεθα
3073 718 3131 771 δὲ
3185 716 3532 787 περιτέμνειν
3590 715 3690 778 τὰς

2123 808 2350 876 χρήσεις
2382 807 2470 860 διὰ
2509 809 2570 862 τδ
2614 809 2690 879 μὴ
2727 810 2806 872 εἷς
2845 808 3051 879 πλῆθος
3100 808 3195 862 καὶ
3237 808 3399 876 ὄγκον
3447 805 3602 874 ἄγειν
3630 805 3691 858 τδ

2123 898 2490 968 σύγγραμμα·

2130 1009 2240 1063 Τοῦ
2260 1009 2551 1075 αὐτοῦ,ἑκ
2568 1009 2672 1063 τοῦ
2693 1009 2827 1077 περὶ
2848 1010 2958 1077 τῆς
2980 1011 3144 1075 θείας
3164 1008 3690 1077 ἐνανθρωπήσεως.

2206 1117 2226 1150 ι
2277 1099 2614 1170 Ἀνεφύησάν
2662 1116 2805 1162 τινες
2852 1100 2949 1168 τὴν
2995 1100 3172 1169 σάρκα
3221 1098 3314 1151 τοῦ
3348 1099 3554 1168 Κυρίου
3601 1099 3694 1149 καὶ

2125 1192 2226 1260 τὴν
2259 1190 2486 1259 θεότητα
2510 1192 2638 1259 μιᾶς
2671 1186 2810 1242 εἶναι
2843 1189 3059 1258 φύσεως
3079 1189 3351 1256 λέγοντεςο
3381 1191 3532 1249 ποῖος
3562 1186 3694 1258 ᾅδης

2127 1281 2226 1352 τὴν
2257 1280 2514 1350 τοιαύτην
2546 1280 2892 1350 βλασφημίαν
2919 1283 3214 1350 ὲξήμεσεν;
3245 1300 3264 1333 ι

2141 1389 2402 1444 Ἰουλίου
2455 1388 2802 1443 ἐπισκόπου
2841 1390 3086 1455 Ῥώμης,
3123 1387 3206 1456 ἢν
3255 1389 3353 1442 καὶ
3403 1389 3697 1456 Κύριλλος

2200 1457 2508 1527 παρήγαγε
2535 1459 2762 1527 χρῆσιν
2789 1461 2861 1512 ἐν
2883 1459 2956 1528 τῇ
2991 1461 3116 1512 κατ’
3144 1459 3340 1524 αὐτὴν
3366 1457 3624 1522 συνόδῳ.

2207 1567 2226 1600 ι
2275 1549 2335 1603 '0
2357 1550 2415 1602 δὲ
2443 1551 2537 1602 καὶ
2559 1550 2664 1603 τδια
2687 1549 2989 1617 γινώσκων,
3026 1550 3119 1602 καὶ
3143 1551 3240 1620 τὴν
3267 1549 3463 1602 ἕνωσιν
3495 1548 3698 1618 φυλάτ-

2129 1656 2258 1704 των,
2290 1639 2415 1694 οΰτε
2461 1641 2561 1704 τὰς
2608 1641 2803 1710 φύσεις
2846 1641 3132 1710 ψεύσεται,
3184 1641 3307 1694 οὔτε
3357 1641 3456 1714 τὴν
3506 1641 3698 1695 ἕνωσιν

2131 1731 2412 1799 ἀγνοήσει.
2446 1748 2466 1782 ι

2060 1871 2106 1929 B
2134 1842 2466 1929 rem???
2505 1843 2758 1929 Νέσίξης
2829 1844 2973 1923 πρεδς
3038 1843 3340 1929 suam
3369 1841 3704 1929 μοῖάζοιῖτα

2206 1910 2489 1983 περίμτῆς
2516 1911 2640 1983 τῶν
2673 1910 2984 1983 ξΑρειαή-ὡν
3021 1910 3395 1983 ἀντιθέσεως]
3433 1910 3508 1983 ἧς
3535 1914 3571 1980 ἠ
3603 1912 3705 1980 ἁρ-

2205 1980 2306 2049 χὴ,
2335 1981 2372 2047 ἡ
2403 1981 2580 2034 κακία
2625 1981 2889 2050 τιέννημά
2931 1983 3061 2036 ἐστι
3089 1982 3281 2050 ψυχῇ.

2212 2089 2230 2121 ι
2265 2069 2380 2122 Κᾶν
2414 2070 2522 2140 γὰρ
2575 2071 2797 2142 ἀρρήτῳ
2842 2073 2934 2125 καὶ
2964 2073 3224 2142 ἀφράστῳ
3261 2069 3450 2124 ἑνώσει
3494 2068 3561 2122 τὰ
3592 2087 3708 2122 συνι-

2136 2162 2421 2232 αμφότερα
2461 2161 2540 2226 ἓν,
2573 2163 2685 2216 ἀλλ’
2735 2166 2794 2216 ού
2819 2167 2883 2234 τῇ
2920 2164 3096 2232 φύσει,
3131 2163 3218 2216 διὰ
3267 2163 3329 2214 τὸ
3360 2162 3704 2230 ἀσύγχυτόν

2138 2269 2299 2322 φημι·
2334 2252 2520 2323 ἕτερον
2553 2253 2660 2324 γὰρ
2707 2254 2770 2306 τὸ
2815 2253 2957 2306 θεῖον
2993 2253 3144 2322 παρὰ
3180 2252 3242 2305 τὸ
3287 2251 3464 2322 σῶμα,
3524 2251 3705 2304 ἐπείσ-

2139 2360 2302 2395 ακτον
2324 2343 2450 2412 γάρ·
2473 2345 2500 2395 ό
2525 2343 2704 2395 τοίνυν
2729 2343 2964 2414 Χριστὸς
2981 2343 3072 2396 δύο
3094 2344 3353 2415 ὑπάρχων
3378 2341 3586 2411 φύσεις,
3613 2341 3708 2394 καὶ

2141 2435 2200 2486 ὲν
2247 2436 2434 2496 αὐταῖς
2473 2435 2687 2502 ἀληθῶς
2733 2435 3163 2505 γνωριζόμενος,
3203 2432 3488 2505 μοναδικὺν
3540 2431 3708 2501 πρόσο

2142 2541 2310 2587 ωπον,
2344 2524 2646 2594 ἀσύγχυτον
2677 2527 2848 2594 ὅμως.
2883 2543 2903 2577 ι
3464 2534 3467 2537 ’

2327 2682 2332 2684 .
2427 2635 2538 2688 Τοῦ
2565 2635 2751 2689 αὑτοῦ
2779 2636 2849 2690 ἐκ
2879 2636 2996 2690 τῶν
3032 2638 3181 2704 πρὸς
3207 2635 3444 2700 αὐτούς.

2219 2742 2236 2774 ι
2280 2724 2340 2776 Ei
2366 2725 2473 2794 γὰρ
2502 2724 2595 2776 καὶ
2617 2726 2672 2776 ἐν
2697 2725 2790 2777 δύο
2812 2725 3007 2792 φύσεσι
3027 2728 3228 2778 νοεῖται
3255 2725 3346 2776 καὶ
3371 2724 3515 2775 ἔστιν
3534 2724 3561 2775 6
3581 2722 3624 2774 Χ
3635 2738 3714 2792 pt—

2146 2814 2289 2878 στὺς,
2327 2814 2441 2866 ἀλλ’
2473 2813 2568 2866 ἕνα
2600 2815 2758 2884 ίσμεν
2789 2815 2938 2869 Υῑόν.
2982 2833 3001 2868 ι
3045 2882 3048 2884 γ

2159 2925 2436 2980 Ἰωάννου
2463 2927 2568 2980 τοῦ
2596 2928 3122 2996 Χρυσοστόμου,ἐκ
3141 2927 3247 2982 τοῦ
3273 2928 3358 2992 είς
3389 2928 3493 2981 τὸν
3522 2923 3710 2987 Λάζα-

2864 3015 2997 3065 ρον.
3401 3037 3406 3040 -

2224 3105 2242 3137 ι
2286 3087 2343 3140 Ὀ
2389 3088 2739 3157 κασσίτερος,
2781 3088 3028 3158 μολίϐδου
3064 3089 3156 3141 καὶ
3203 3088 3442 3158 ἀργύρου
3475 3086 3714 3157 μετέχει,

472 3171 620 3241 genti
651 3178 876 3240 aspectu
897 3210 910 3233 ,
942 3168 1152 3239 plumbi
1181 3176 1380 3222 natura
1414 3185 1428 3221 :
1459 3168 1575 3238 pari
1608 3168 1770 3222 modo
1801 3177 1858 3222 et
1885 3166 2046 3222 Chri-

2152 3176 2392 3248 ἀργύρου
2436 3179 2531 3247 τὴν
2570 3178 2714 3244 δψιν,
2749 3177 2997 3248 μολίϐδου
3043 3179 3141 3250 τὴν
3191 3178 3387 3248 φύσιν
3429 3179 3522 3232 τὸν
3556 3177 3720 3231 αὑτὸν

471 3269 590 3316 stus
619 3259 926 3314 divinitatis
977 3267 1033 3312 et
1088 3257 1446 3312 humanitatis
1472 3257 1710 3327 perfecte
1739 3265 1966 3311 naturas
1997 3259 2046 3310 in

2153 3268 2353 3336 τρόπον
2385 3269 2479 3320 καὶ
2532 3269 2559 3320 6
2585 3268 2823 3334 Χριστὸς
2871 3268 3124 3336 θεότητος
3174 3269 3264 3321 καὶ
3303 3267 3723 3338 ἀνθρωπότητος

472 3352 657 3421 seipso
682 3358 882 3404 servat.
907 3348 1379 3416 Quemadmodum
1408 3348 1573 3419 igitur
1597 3349 1653 3402 in
1679 3349 1862 3418 seipse
1892 3359 2046 3402 natu-

477 3457 569 3496 ras
604 3440 790 3504 habet,
827 3440 907 3494 sic
938 3447 994 3493 et
1027 3440 1143 3509 ipse
1175 3440 1232 3494 in
1264 3439 1480 3495 naturis
1515 3439 1622 3493 illis
1651 3448 1735 3493 est
1765 3454 1891 3494 cum
1925 3441 2052 3509 qui-

381 3536 389 3598 ς
478 3533 581 3585 bus
611 3547 721 3585 non
749 3530 890 3584 alius
918 3529 1153 3584 exsistit.
1186 3550 1203 3582 ι

619 3619 870 3688 Ephraim
901 3617 1041 3689 Syri,
1064 3634 1090 3670 e
1119 3618 1426 3672 tractatibus
1456 3621 1509 3672 in
1541 3621 1911 3689 margaritam.

555 3729 573 3760 ι
600 3709 905 3764 Considera
932 3712 1306 3782 margaritam,
1325 3720 1380 3765 et
1395 3711 1610 3766 videbis
1632 3713 1776 3781 quod
1797 3711 1933 3766 duas
1955 3728 2053 3766 na-

480 3810 630 3854 turas
666 3800 933 3866 retineat;
973 3802 1452 3870 splendidissimus
1481 3811 1568 3856 est
1599 3813 1824 3872 propter
1854 3803 2054 3859 divini-

482 3894 668 3950 tatem,
701 3887 859 3940 albus
888 3899 1112 3958 propter
1137 3891 1646 3959 praesumptionem.
1686 3911 1702 3942 ι

516 3997 707 4050 lsidori
751 3997 1034 4066 Pelusiaci,
1066 4001 1155 4075 ad
1182 4019 1381 4075 papam
1429 4002 1716 4075 (Patrem)
1763 4003 2020 4074 Cyrillum

1088 4070 1450 4126 Alexandria).

558 4177 576 4208 ι
614 4157 752 4224 Quia
783 4174 948 4214 verus
983 4167 1038 4214 et
1071 4175 1236 4230 super
1269 4177 1462 4216 omnes
1500 4164 1646 4219 Deus
1684 4165 1850 4220 homo
1883 4165 2060 4222 factus

481 4258 595 4307 est,
625 4264 727 4302 nec
755 4250 899 4317 quod
928 4259 1046 4304 erat
1077 4263 1326 4319 mutans,
1358 4263 1414 4309 et
1440 4255 1586 4323 quod
1614 4271 1723 4310 non
1752 4266 1871 4310 erat
1900 4273 2057 4312 assu-

485 4353 661 4400 mens,
698 4338 751 4390 in
788 4339 1004 4394 duabus
1039 4343 1254 4395 naturis
1284 4359 1427 4398 unus
1457 4347 1725 4400 exsistens
1754 4347 1923 4401 Filius
1959 4347 2059 4400 im-

2152 3357 2371 3420 τελείως
2407 3359 2504 3420 τὰς
2537 3357 2725 3426 φύσεις
2759 3361 2816 3412 ὲν
2842 3359 3017 3429 ἑαυτῷ
3046 3358 3349 3422 ἀποσώζει..
3387 3360 3596 3430 Ὠσπερ
3626 3354 3722 3412 οὖν

2155 3445 2213 3496 ὲν
2246 3445 2424 3514 ἐαυτῷ
2446 3446 2559 3514 ἔχει
2595 3447 2696 3509 τὰς
2736 3446 2944 3515 φύσεις,
2976 3445 3118 3500 οὕτω
3144 3447 3236 3499 καὶ
3259 3447 3420 3508 αὐτὸς
3447 3447 3504 3499 ὲν
3533 3445 3724 3509 αὑταῖς

2154 3535 2319 3599 ἐστιν,
2360 3535 2457 3604 οὐχ
2487 3536 2750 3604 ὑπάρχων
2778 3537 2965 3607 ἕτερος
2991 3536 3120 3606 παρ’
3150 3534 3340 3599 αὑτάς.
3389 3553 3408 3587 ι

2167 3624 2407 3692 Ἐφραῒμ
2447 3625 2553 3677 τοῦ
2579 3626 2793 3692 Σύρου,
2826 3625 2894 3678 ἐνί
2927 3627 3030 3679 τοῦ
3065 3628 3151 3692 είς
3187 3626 3294 3694 τὸν
3333 3624 3722 3694 μαργαρίτην.

2233 3732 2251 3765 ι
2303 3713 2622 3782 Ἐπίϐλεψον
2652 3713 2730 3783 τῷ
2767 3715 3103 3785 μαργαρίτῃ,
3133 3715 3225 3766 καὶ
3260 3713 3475 3782 βλέπεις
3503 3714 3602 3776 τὰς
3631 3713 3730 3766 δύο

2159 3807 2349 3876 φύσεις
2383 3809 2690 3878 συνέχοντα·
2718 3808 3070 3878 φαιδρότατος
3099 3810 3214 3862 ἐστι
3236 3807 3324 3862 διὰ
3343 3809 3440 3879 τὴν
3469 3808 3724 3878 Θεότητα,

2154 3898 2349 3961 λευκὸς
2381 3898 2467 3951 διὰ
2499 3899 2598 3970 τὴν
2636 3899 2924 3969 πρόληψιν.
2961 3919 2980 3953 ι

2170 4009 2476 4078 Ἰσιδὼρου
2498 4011 2602 4065 τοῦ
2628 4010 3228 4080 Πηλουσιώτου,πρός
3255 4011 3361 4065 τὸν
3386 4011 3594 4066 πὰπαν
3621 4013 3730 4066 Κύ-

2501 4084 2722 4148 pauor
2761 4081 2865 4134 τὸν
2907 4081 3380 4148 Ἀλεξανδρείας.

2235 4189 2254 4221 ‹
2291 4171 2414 4224 Ὅτι
2439 4171 2494 4223 δὲ
2527 4174 2554 4224 ὁ
2582 4171 2836 4241 ἀληθινὸς
2868 4174 2962 4225 καὶ
2987 4174 3079 4225 ἐπὶ
3109 4174 3324 4226 πάντων
3356 4172 3488 4235 Θεὸς
3514 4171 3730 4242 ἄνθρω-

2161 4277 2261 4322 πος
2286 4261 2534 4330 γέγονεν,
2562 4260 2684 4314 οὕτε
2712 4262 2740 4314 ὃ
2767 4259 2835 4333 ἦν
2870 4264 3120 4333 τραπεὶς,
3161 4266 3255 4318 καὶ
3287 4263 3314 4316 ὃ
3344 4263 3443 4316 οὐκ
3468 4259 3536 4333 ἦν
3563 4279 3734 4333 προσ-

2158 4351 2360 4417 λαϐὼν,
2398 4353 2457 4404 ὲν
2493 4351 2587 4405 δύο
2627 4353 2851 4421 φύσεσιν
2891 4349 2972 4416 εἷς
3013 4356 3273 4424 ὑπάρχων
3294 4353 3432 4416 ’Υἱὸς
3467 4355 3733 4423 ἄτρεπτος

485 4428 768 4483 mutabilis
801 4441 856 4483 et
893 4429 1102 4494 ﬁrmus,
1138 4446 1312 4486 novus
1347 4441 1403 4487 et
1441 4444 1763 4503 perpetuus,
1799 4437 1914 4506 ipse
1949 4454 2046 4491 non

2162 4443 2255 4495 καὶ
2285 4443 2660 4506 ἀναλλοίωτος,
2699 4443 3010 4512 πρόσφατος
3037 4446 3129 4496 καὶ
3154 4446 3346 4507 ἀΐδιος,
3381 4444 3490 4497 οὐδ’
3520 4444 3586 4496 ἂν
3632 4444 3732 4495 αύ-

486 4535 737 4588 negares,
773 4521 1214 4588 plures‘hahcns
1244 4523 1417 4576 sancti
1456 4525 1632 4579 Patris
1665 4527 1836 4580 nostri
1876 4529 2046 4598 magni

2163 4534 2254 4595 τὸς
2296 4501 2924 4603 ἀρνηθείης,ηπλείστας
2961 4501 3097 4602 ἐάων
3154 4533 3246 4586 τοῦ
3305 4501 3470 4602 ⁷ἁγίου
3523 4533 3735 4601 Harpe;

486 4609 766 4662 Athanasii
800 4609 866 4662 de
899 4611 984 4664 his
1015 4613 1380 4666 assensiones.
1420 4632 1438 4664 ι

488 4783 650 4854 Pauli
673 4785 895 4854 episcopi
931 4784 1156 4849 Emesa',
1182 4803 1246 4840 ex
1278 4788 1453 4842 habito
1475 4789 1529 4842 in
1563 4788 1931 4846 Alexandrina
1959 4792 2058 4846 Ec-

555 4853 717 4906 clesia
758 4854 821 4906 ab
847 4853 1258 4929 ipsosermone
1297 4873 1476 4911 coram
1507 4859 1706 4928 Cyrillo
1753 4864 2060 4929 patriarcha

555 4938 710 4993 quem
732 4923 1051 4989 prazdicavit,
1074 4923 1316 4979 laudibus
1342 4923 1620 4980 ornavit-et
1641 4923 1847 4993 extulit,
1877 4934 2059 4984 statim

556 4991 753 5066 addens
783 5001 843 5066 et_
857 4994 966 5066 ipse
989 5009 1306 5062 sermonem,
1331 4997 1386 5050 in
1435 5013 1536 5066 quo
1575 4998 1700 5051 dicit
1741 5015 1759 5052 :
1785 5018 1801 5049 ι
1836 4991 2058 5054 Tolera-

557 5061 724 5113 cimus
757 5062 921 5116 nobis.
959 5081 976 5114 ι

563 5251 579 5282 ι
624 5233 760 5288 Vide
799 5241 854 5288 ct
889 5234 1152 5292 Joannem
1195 5235 1335 5293 duas
1377 5248 1604 5296 naturas
1641 5241 1970 5298 clamantem
2007 5255 2062 5299 et

489 5340 656 5378 unum
705 5326 937 5389 Filium,
981 5327 1218 5381 alterum
1266 5330 1680 5386 tabernaculum
1727 5343 1783 5388 et
1826 5335 2060 5391 alterum

486 5413 863 5482 habitantem;
900 5419 1132 5472 alterum
1176 5421 1439 5490 templum
1477 5432 1534 5476 et
1569 5423 1801 5477 alterum
1841 5425 2061 5480 inhabi-

490 5513 692 5559 tantem
732 5508 934 5574 Deum;
971 5509 1192 5566 attende
1230 5510 1380 5565 dicto
1415 5530 1426 5564 :
1463 5527 1572 5566 non
1615 5513 1886 5580 dicebam,
1925 5516 2063 5571 alter

487 5593 732 5664 et-alter,
767 5598 910 5652 sicut
934 5599 1001 5652 de
1023 5599 1240 5654 duobus
1279 5602 1533 5670 personis
1571 5613 1667 5658 aut
1697 5605 1933 5662 Christis
1969 5619 2062 5664 aut

487 5685 704 5739 duobus
731 5687 907 5750 Filiis,
934 5691 1025 5743 sed
1057 5693 1290 5746 alterum
1319 5703 1368 5748 et
1399 5695 1630 5749 alterum
1663 5698 1805 5752 sicut
1833 5700 1897 5754 de
1926 5700 2062 5755 duo-

488 5775 590 5830 bus
624 5779 852 5832 naturis.
891 5799 908 5830 ι

2165 4623 2320 4694 ἡμῶν
2347 4621 2440 4675 τοῦ
2483 4622 2716 4692 μεγάλου
2767 4623 3082 4679 Ἀθανασίου
3138 4628 3263 4696 περὶ
3299 4626 3506 4678 τούτων
3552 4642 3736 4677 συναι-

2165 4716 2358 4777 νὲσεις.
2395 4732 2413 4764 ι

2169 4826 2412 4878 Παύλου
2447 4825 2784 4878 ἐπισκόπου
2814 4823 3092 4892 Ἐμέσης,
3119 4824 3187 4877 ἐκ
3229 4824 3335 4878 τοῦ
3357 4825 3646 4892 ῥηθέντος
3669 4824 3740 4876 ἐν

2240 4844 2412 4878 ιυ.ιου
2447 4844 2784 4878 επισκοπου
2820 4844 2871 4876 ι
2921 4844 3092 4891 εσης,
3119 4844 3187 4877 εκ
3229 4844 3335 4878 του
3357 4844 3646 4892 ρηοεντος
3669 4844 3738 4876 εν

2240 4894 2314 4959 τῇ
2371 4844 3156 4962 Ἀλεξανεδρέων⁹έ;ικ.1ησίῃ
3194 4897 3380 4962 λόγου
3421 4893 3519 4947 ὑπ’
3550 4893 3738 4946 αὑτοῦ

2238 4967 2540 5032 παρουσίᾳ
2574 4961 2871 5030 Κύρίλλου
2913 4962 3300 5030 πατριάρχου·
3332 4961 3404 5015 ὃν
3421 4962 3739 5046 εςιςρήμησε

2238 5033 2337 5086 καὶ
2384 5033 2713 5096 ἀπεδέξατο
2764 5031 2863 5084 καὶ
2911 5033 3314 5096 ἐνεκωμίασεν
3352 5033 3533 5096 εὐθυς
3580 5033 3738 5084 ἐπει-

2240 5052 2337 5086 και
2384 5052 2713 5096 απεοεςατο
2764 5052 2863 5084 και
2911 5052 3314 5095 ενεκωμιασεν
3352 5052 3533 5096 ευυυς
3580 5052 3738 5084 επει-

2240 5101 2484 5237 Ξὼξκαὶ
2505 5103 2686 5168 αὐτὸς
2701 5102 2904 5169 λόγον.
3015 5095 3064 5168 ᾧ
3084 5113 3252 5169 φησι-
3279 5118 3298 5152 ι
3321 5100 3738 5170 Ἦντλήσαιιεν

2281 5189 2342 5237 μ’
2391 5209 2403 5222 -

2281 5187 2403 5239 μιν.
2444 5188 2462 5220 ι

2245 5279 2261 5310 ι
2304 5262 2446 5330 Ὀρα
2481 5261 2576 5313 καὶ
2616 5260 2706 5314 τὸν
2761 5260 3014 5330 Ἰωάννην
3049 5258 3150 5313 δύο
3179 5260 3369 5329 φύσεις
3399 5259 3738 5330 κηρύττοντα

2169 5352 2263 5404 καὶ
2301 5350 2398 5403 ἕνα
2447 5351 2596 5403 Υἰόν·
2660 5351 2845 5422 ἕτερον
2893 5351 3084 5422 σκηνὴ,
3119 5353 3211 5406 καὶ
3241 5352 3426 5423 ἕτερον
3481 5349 3734 5420 σκηνοῦνο

2168 5439 2353 5510 ἕτερον
2390 5441 2536 5505 ναὸς,
2576 5439 2766 5512 ἕτερον
2798 5443 2826 5494 6
2851 5440 3076 5493 ὲνοικῶν
3113 5441 3264 5506 Θεός’
3296 5442 3527 5510 πρόσεχε
3552 5439 3629 5510 τῷ
3653 5439 3738 5492 λι-

2169 5529 2403 5601 γομένῳ·
2439 5529 2537 5583 ούκ
2569 5526 2747 5596 εἷπον,
2787 5530 3028 5598 Ἕτερος
3059 5531 3155 5584 καὶ
3184 5531 3404 5600 ἔτερος,
3426 5531 3501 5594 ὡς
3535 5530 3626 5584 ἐπὶ
3649 5527 3742 5582 δύο

2171 5619 2475 5690 προσώπων
2525 5621 2558 5691 ἢ
2591 5621 2901 5693 Χριστῶνῆ
2936 5622 3028 5675 δύο
3063 5622 3216 5687 υίῶν,
3248 5620 3363 5678 ἁλλ’
3415 5621 3601 5693 ἕτερον
3646 5618 3740 5674 καὶ

2169 5711 2378 5782 ἕτερον,
2405 5712 2480 5776 ὼς
2501 5712 2593 5764 ἐπὶ
2625 5712 2716 5766 δύο
2748 5713 2983 5783 φύσεων.
3017 5733 3035 5767 ι
