4098 6256
294 301 434 379 1829

1460 294 1756 356 CONTRA
1791 288 2382 354 MONOPHYSI'I‘AS.

3422 285 3558 354 1830

289 410 709 480 Κυρίλλου,ἐκ
739 407 851 480 τῆς
887 406 1225 480 ἐπιστολῆς
1250 406 1357 480 τῆς
1400 409 1552 480 ςτρρς
1595 403 1886 480 titubetur

2017 399 2269 468 iyrillt',”
2304 396 2544 480 Epistula
2578 393 2932 480 ad‘Joannem
2959 397 3248 480 Antiochiae
3273 403 3320 448 et
3349 404 3416 448 ad
3446 417 3570 454 san-

379 474 740 547 ἶΑνζιοχιςίας
762 474 858 531 καί
881 478 993 545 τὴν
1020 479 1122 531 ὑπ’
1161 477 1350 530 αὑτοῦ
1385 475 1566 547 (trior
1592 474 1879 547 σύνοδον,

554 543 745 628 φῇσιν
787 543 1205 628 ἀποδέξασθαι
1238 543 1529 598 αὐτοῦτὰ
1576 543 1883 613 γράμματα

376 616 566 687 ὀρθῶς
606 618 823 687 ἔχοντα
869 616 1028 669 τάδε.

388 732 409 765 ι
442 713 555 775 Τὰς
587 711 644 764 δὲ
678 709 1036 778 εὐαγγελικᾶς
1077 707 1173 761 καὶ
1218 706 1585 770 ἀποστολικὰς
1633 705 1760 776 περὶ
1789 703 1884 756 τοῦ

304 808 519 878 Κυρίου
554 803 732 874 φωνὰς
763 804 921 873 ῐσμεν
949 804 1076 865 τοὺς
1101 800 1400 873 Θεηγόρους
1433 801 1634 870 ἄνδρας
1660 799 1757 860 τὰς
1789 797 1888 865 μὲν

309 896 751 958 κοινοποιοῦντας
777 895 852 957 ὠς
892 896 975 964 ἐφ’
1007 893 1126 957 ἑνὸς
1162 893 1481 964 προσώπου,
1517 892 1616 953 τὰς
1659 889 1715 942 δὲ
1753 889 1890 940 διαι-

309 990 535 1061 ροῦντας
562 987 636 1050 ὡς
664 988 758 1040 ἐπὶ
797 987 892 1040 δύο
926 985 1167 1055 φύσεων.
1209 1003 1227 1035 ι
1273 984 1406 1037 Ἰδοὺ
1445 982 1578 1050 γοῦν
1611 973 1766 1042 οὗτος
1796 979 1891 1032 καὶ

343 1080 570 1151 ιαίρεσιν
599 1077 708 1130 τῶν
739 1076 883 1130 κατὰ.
908 1076 1008 1140 τὰς
1037 1075 1226 1144 φύσεις
1257 1072 1674 1143 σημαινομένων
1701 1073 1894 1139 ὁμαλο-

321 1171 446 1239 (ὧν,
476 1171 537 1224 οὐ
572 1169 671 1238 τὴν
721 1169 918 1223 ἕνωσιν
953 1167 1190 1221 διαλύειν
1217 1165 1506 1236 ἐνεϐλήθη.
1540 1164 1676 1234 Περὶ
1713 1163 1768 1215 δὲ
1801 1163 1897 1214 αύ-

311 1259 409 1315 τοῦ
441 1260 661 1330 καὶτῆς
693 1259 918 1314 συνόδου
966 1260 1134 1313 αὐτοῦ
1179 1258 1307 1314 τάδε
1338 1258 1539 1328 γράφει
1585 1256 1721 1325 πρὸς
1753 1256 1896 1306 Οὐα-

305 1348 556 1418 λεριανὸν
590 1347 897 1400 ἐπίσκοπον
943 1347 1193 1401 Ἰκονίου·
1227 1364 1246 1399 ι
1277 1347 1339 1399 Οί
1372 1345 1479 1416 γάρ
1512 1361 1592 1396 τοι
1626 1343 1766 1396 κατὰ
1799 1342 1898 1414 τὴν

324 1439 499 1510 Ἐᾠοιν
521 1439 758 1503 ἅπαντες
779 1439 1193 1494 οεοσεόέστατοι
1217 1439 1506 1491 ἐπίσκοποι
1528 1436 1645 1506 ἅμα
1671 1436 1749 1505 τῷ
1779 1435 1898 1488 Oeo-

313 1531 621 1602 σεὸεστάτῳ
670 1530 958 1602 ὲπισκόπῳ
1004 1532 1106 1601 τῆς
1147 1531 1469 1601 Ἀντιοχέων
1512 1529 1758 1602 Ἰωάννῃ.
1807 1529 1900 1580 καὶ

311 1625 379 1677 δι’
407 1624 690 1694 ἐγγράφου
737 1625 834 1676 καὶ
880 1622 1090 1691 σαφοῦς
1123 1622 1414 1693 ὁμολογίας
1448 1621 1683 1691 φανερὸν
1728 1619 1898 1674 ἅπασι

311 1713 680 1784 κατέστησαν,
708 1712 790 1766 ὅτι
822 1711 921 1775 τὰς
952 1712 1052 1782 μὲν
1087 1710 1347 1782 βεὸήλους
1382 1709 1682 1779 Νεστορίου
1715 1726 1902 1762 καινο-

313 1803 518 1870 φωνίας
565 1803 961 1873 κατακρίνουσί
1012 1819 1072 1856 τε
1114 1803 1210 1856 καὶ
1266 1801 1723 1872 ἁναϐεματίζουσι
1779 1801 1899 1872 μεθ’

318 1895 500 1964 ἡμῶν,
551 1895 648 1947 καὶ
677 1895 890 1958 οὐδενὸς
945 1894 1116 1958 αὑτὰς
1167 1895 1404 1963 ἠξίωσαν
1465 1893 1687 1948 πώποτε
1715 1897 1897 1960 λόγου,

321 1983 461 2040 ἀλλὰ
509 1987 624 2047 τοῖς
675 1985 1053 2048 ἀποπολικοῖς
1096 1985 1318 2038 ἕπονται
1357 1985 1616 2055 δόγμασι,
1662 1985 1754 2038 καὶ
1803 1984 1901 2054 τὴν

323 2075 437 2132 τῶν
465 2075 733 2146 Πατέρων
776 2075 1066 2142 ὁμολογίαν
1121 2079 1240 2128 κατ’
1278 2077 1468 2130 οὐδένα
1499 2077 1730 2130 λυποῦσι
1775 2077 1904 2148 τρό-

328 2181 449 2220 πον.
495 2184 515 2217 ι
560 2161 696 2218 Εἶτα
749 2163 922 2217 είπὼν
977 2165 1014 2218 ὃ.
1060 2182 1246 2232 φασιν,
1297 2167 1512 2233 ἐπάγει·
1545 2186 1563 2218 ι
1602 2170 1699 2220 Ἂν
1725 2169 1906 2221 τοίνυν

328 2255 653 2326 ψευδόμενοί
679 2272 828 2319 τινες
859 2255 1094 2322 λέγωσιν
1128 2255 1290 2324 ἕτερά
1312 2272 1432 2309 τινα
1461 2259 1589 2326 παρ’
1624 2259 1758 2322 αὐτὰ
1781 2276 1909 2328 φρο-

329 2351 441 2402 νεῖν
465 2349 682 2413 αὐτοὺς,
736 2347 813 2418 μὴ
845 2346 1316 2410 πιστευέσθωσαν,
1353 2345 1470 2400 ἀλλ’
1500 2347 1576 2410 ὼς
1603 2348 1914 2410 ἀπατεῶνες

328 2437 423 2493 καὶ
449 2435 682 2506 ψεῦσται
724 2436 870 2491 κατὰ
905 2435 996 2490 τὸν
1025 2434 1209 2489 αὐτῶν
1240 2437 1448 2508 πατέρα
1494 2437 1741 2491 διάϐολον
1783 2440 1918 2491 ἀποο

331 2525 762 2598 πεμπέσθωσαν,
802 2526 890 2580 ἵνα
919 2525 996 2596 μὴ
1037 2523 1314 2597 θορυϐῶσι
1343 2527 1470 2590 τοὺς
1512 2527 1798 2590 ἐθέλοντας
1822 2530 1917 2599 ὀρ-

328 2619 598 2674 θοποδείν.
634 2636 653 2670 ι
687 2615 880 2670 Ταῦτα
914 2617 1189 2687 Κυρίλλου
1221 2617 1632 2689 μαρτυροῦντος
1668 2621 1822 2688 ἡμῖν,
1863 2621 1916 2670 τί

328 2711 521 2782 ὥσπερ
560 2711 656 2764 ἀπ’
685 2707 858 2763 αὑτοῦ
892 2710 1151 2780 πολεμεῖν
1181 2712 1246 2780 τῇ
1269 2709 1378 2763 τῶν
1411 2709 1504 2762 δύο
1534 2710 1751 2778 φύσεων
1783 2712 1915 2779 Χρι-

329 2801 461 2856 στοῦ
495 2801 759 2874 ὁμολογίᾳ
793 2800 1220 2872 προσποιοῦνται
1257 2803 1307 2854 οί
1340 2802 1700 2872 συκοφάνταις

429 2915 738 2982 Κυρίλλου
767 2915 1092 2984 παραγωγὴ
1115 2914 1390 2983 χρήσεως
1445 2913 1826 3002 Ἀμϐρορίίου.

414 3031 432 3064 ι
467 3010 800 3082 Φυλάξωμεν
832 3013 933 3082 τὴν
967 3012 1235 3084 διαφορὰν
1265 3012 1366 3082 τῆς
1397 3012 1652 3082 θεότητος
1690 3013 1788 3066 καὶ
1814 3012 1916 3084 τῆς

2062 478 2203 520 ctam
2235 469 2326 520 sub
2365 469 2474 535 ipso
2506 466 2763 535 synodum
2803 466 2858 516 in
2901 481 3006 533 qua
3049 467 3328 518 admittere
3359 483 3413 519 se
3447 474 3574 526 dicit

2060 540 2224 608 ipa-ius
2253 534 2546 590 art/mdoxa
2574 534 2637 586 de
2663 536 2756 586 hoc
2784 536 3005 601 scripta.

2073 732 2089 765 ι
2140 711 2501 781 Evangelicas
2544 720 2600 766 et
2649 710 2975 780 apostolicas
3021 710 3087 762 de
3137 707 3370 762 Domino
3410 723 3574 763 voces

1996 806 2201 861 scimus
2242 806 2526 873 theologos
2568 805 2720 856 viros
2765 804 2964 856 alteras
2994 816 3316 856 communes
3343 800 3570 860 habere.

1998 898 2144 952 sicut
2179 895 2246 950 de
2283 910 2389 949 una
2427 909 2684 962 persona.
2722 893 2920 946 alteras
2941 891 3243 946 distinctim
3281 891 3574 953 adhibere,

1999 989 2142 1043 sicut
2172 987 2241 1041 de
2275 985 2490 1040 duabus
2524 983 2757 1038 naturis.
2802 1003 2820 1034 ι
2861 982 3001 1037 Ecce
3038 982 3152 1051 ipse
3183 995 3239 1036 et
3271 981 3579 1036 distinctio-

2003 1094 2127 1134 nem
2159 1078 2566 1147 designatarum
2600 1074 2904 1130 secundum
2938 1081 3163 1127 naturas
3193 1089 3376 1128 rerum
3407 1074 3581 1127 conli-

2004 1179 2145 1233 tens,
2173 1184 2282 1222 non
2309 1167 2701 1222 adunationem
2729 1167 3016 1220 destruere
3039 1164 3331 1220 conclusit.
3358 1165 3433 1218 De
3463 1164 3583 1232 ipso

2005 1270 2061 1316 et
2089 1261 2158 1315 de
2188 1259 2399 1330 synodo
2429 1259 2605 1328 ipsius
2629 1259 2745 1312 haec
2773 1257 2969 1312 scribit
2995 1257 3060 1310 ad
3089 1256 3434 1312 Valerianum
3467 1255 3584 1308 Ico-

2006 1352 2081 1406 nii
2116 1353 2436 1420 episcopum
2468 1367 2481 1403 :
2519 1369 2536 1399 ι
2573 1348 2675 1415 Qui
2703 1349 2850 1403 enim
2879 1347 2947 1401 de
2978 1347 3201 1402 Oriente
3233 1361 3422 1400 omnes
3454 1346 3586 1415 piis-

2007 1443 2128 1498 simi
2148 1441 2393 1512 episcopi
2416 1456 2521 1494 una
2538 1455 2661 1494 cum
2680 1439 2931 1508 piissimo
2948 1439 3206 1507 episcopo
3221 1437 3590 1490 Antiochena-

2008 1551 2127 1589 rum
2154 1535 2360 1589 Joanne
2391 1540 2447 1587 et
2478 1531 2840 1602 perscriptam
2871 1539 2928 1583 et
2959 1531 3160 1582 claram
3188 1528 3588 1582 confessionem

2006 1635 2196 1695 aperte
2230 1623 2488 1678 omnibus
2519 1631 2868 1685 statuerunt,
2900 1619 3050 1690 quad
3085 1619 3340 1689 profanas
3367 1621 3588 1689 quidem

2008 1713 2245 1769 Nestorii
2289 1728 2484 1768 vocum
2537 1713 2814 1768 novitates
2860 1719 2916 1768 et
2963 1711 3228 1766 damnant
3273 1712 3592 1766 anathema-

2004 1807 2285 1875 tizantque
2311 1805 2620 1869 nobiscum,
2644 1815 2700 1860 et
2720 1805 2928 1859 nullius
2952 1804 3075 1859 illas
3097 1801 3294 1872 dignas
3317 1803 3593 1856 mstimant
3685 1844 3691 1849 .

2003 1909 2234 1964 prorsus
2263 1895 2571 1959 sermonis,
2605 1894 2698 1949 sed
2729 1894 3047 1964 apostolicis
3078 1893 3463 1962 obtemperant
3494 1893 3594 1947 do-

2004 1987 2308 2057 gmatibus,
2339 1995 2396 2042 et
2425 1987 2647 2041 Patrum
2678 1974 3087 2041 confessionem
3123 1985 3276 2040 nullo
3308 1985 3472 2039 modo
3509 2001 3594 2039 re-

2004 2085 2229 2147 spuunt.
2283 2095 2301 2127 »
2350 2077 2558 2131 Deinde
2599 2092 2881 2146 exponens
2925 2092 3048 2146 quae
3091 2077 3312 2141 dicunt,
3355 2077 3533 2147 pergit
3577 2096 3589 2131 :

2011 2185 2030 2217 ι
2067 2167 2400 2222 Mentientes
2430 2166 2655 2236 quidam
2685 2166 2873 2220 dicant
2903 2165 3046 2235 quod
3079 2165 3185 2218 alia
3215 2168 3466 2234 quautam
3500 2181 3595 2218 eo-

2009 2257 2182 2326 gitent
2209 2258 2336 2328 ipsi,
2363 2258 2466 2312 hos
2491 2272 2559 2312 ne
2587 2257 2834 2320 credant,
2861 2256 2954 2310 sed
2984 2266 3243 2325 tanquam
3273 2256 3599 2326 deceptores

2012 2358 2068 2402 et
2110 2350 2403 2404 mendaces
2438 2350 2592 2419 juxta
2631 2364 2822 2403 eorum
2870 2357 3082 2418 patrem
3123 2347 3404 2402 diabolum
3445 2349 3600 2410 dete-

2017 2449 2254 2504 stentur,
2275 2458 2346 2495 ne
2369 2458 2466 2496 eos
2488 2443 2710 2497 turbent
2731 2443 2825 2511 qui
2851 2451 2999 2497 recte
3020 2447 3214 2497 volunt
3237 2441 3538 2496 ambulare.
3577 2461 3594 2491 ι

2019 2529 2145 2584 Hec
2183 2527 2344 2582 nobis
2376 2537 2670 2583 attestante
2700 2529 2925 2599 Cyrillo,
2957 2531 3092 2598 quid
3124 2531 3283 2598 quasi
3315 2546 3440 2584 cum
3479 2531 3602 2600 ipso

2015 2635 2265 2690 pugnare
2306 2618 2713 2672 confessionem
2752 2619 2988 2672 duarum
3026 2619 3081 2672 in
3115 2619 3337 2674 Christo
3377 2632 3602 2676 natura-

2017 2726 2139 2763 rum
2175 2709 2387 2780 ﬁngunt
2418 2708 2884 2763 calumniatores?

2314 2907 2507 2979 Cyrilli
2541 2909 2797 2978 expositio
2829 2918 3004 2964 textus
3027 2911 3310 2968 Ambrosii.

2093 3028 2111 3064 ι
2145 3011 2518 3066 Dltferentiam
2555 3027 2841 3069 servemus
2877 3014 3182 3072 divinitatis
3214 3026 3270 3072 et
3303 3018 3516 3086 carnis;
3547 3019 3605 3075 in

338 3104 558 3172 σαρκός*
591 3104 650 3155 ὲν
685 3103 926 3174 ἑκατέρᾳ
951 3101 1105 3156 λαλεῖ
1138 3105 1166 3156 ὁ
1209 3102 1302 3157 τοῦ
1344 3103 1482 3157 Θεοῦ
1510 3105 1660 3169 Υἱός·
1682 3105 1912 3178 ἑκατέρα

2023 3109 2255 3171 utraque
2292 3100 2440 3156 fatur
2474 3103 2568 3156 Dei
2607 3103 2808 3171 Filius;
2850 3114 3080 3176 utraque
3119 3109 3266 3163 enim
3308 3118 3504 3165 natura
3547 3098 3616 3166 inv

336 3193 448 3263 γὰρ
480 3192 643 3262 φύσις
669 3195 727 3245 ὲν
759 3192 908 3263 αὐτῷ
941 3196 1077 3248 ἐστι.
1117 3213 1138 3248 ι

336 3306 667 3377 Κυρίλλου,
703 3305 771 3358 ἐκ
819 3306 928 3374 τῆς
977 3307 1652 3430 πεῧὶηένανθρωπήσεως
1678 3309 1758 3364 ἐπ
1782 3328 1914 3360 cnv-

1107 3396 1200 3430 nc.

1107 3396 1200 3446 ric-

421 3509 439 3540 ι
480 3489 556 3543 Ού
580 3487 881 3558 διαιρετέον
910 3484 1000 3543 οῦν
1034 3491 1144 3560 ἄρα
1175 3489 1265 3543 τὸν
1295 3491 1389 3543 ἕνα
1421 3490 1625 3561 Κύριον
1655 3489 1750 3544 καὶ
1789 3488 1921 3544 Υίδν

337 3582 437 3636 καὶ
472 3582 712 3651 Χριστὸν
756 3584 832 3645 είς
860 3582 1148 3653 ἄνθρωπον
1197 3582 1379 3648 ίδικῶς
1418 3585 1512 3636 καὶ
1542 3586 1622 3647 είς
1647 3583 1781 3636 Θεὸν
1822 3585 1918 3636 ἰδι-

338 3672 475 3736 κῶς,
513 3672 628 3726 ἀλλ’
657 3671 755 3725 ἕνα
795 3674 890 3726 καὶ
919 3673 1012 3726 τὸν
1056 3674 1216 3727 αὐτὸν
1243 3675 1475 3745 Χριστὸν
1503 3677 1596 3729 καὶ
1632 3676 1754 3729 Υίὸν
1778 3670 1918 3728 εἷναί

339 3781 544 3833 φαμεν,
571 3762 668 3834 τὴν
694 3765 799 3816 τῶν
825 3764 1040 3834 φύσεων
1070 3767 1270 3830 εἰδότες
1301 3767 1588 3840 διαφορὰν,
1632 3771 1727 3823 καὶ
1756 3770 1919 3837 ἀσυγ-

340 3854 546 3926 χύτους
570 3854 828 3926 ἀλλήλαις
867 3857 1160 3929 τηροῦντες
1193 3858 1382 3922 αὑτάς.
1414 3878 1432 3910 ι

959 3972 1069 4026 Τοῦ
1103 3972 1313 4026 αὑτοῦ.

423 4102 442 4136 ι
486 4083 707 4138 Νοεῐται
742 4085 796 4138 δὲ
841 4085 1059 4146 πᾶντως
1106 4085 1292 4153 ἕτερον
1323 4085 1380 4136 ὲν
1412 4082 1618 4154 ἑτέρῳο
1647 4082 1924 4135 τουτέστιν

337 4176 379 4245 ἡ
412 4174 532 4228 Θεία
565 4174 729 4245 φύσις
757 4177 814 4228 ὲν
842 4173 1247 4245 ἀνθρωπότητι.
1276 4191 1294 4222 ι

345 4284 464 4340 Τοῦ
491 4285 679 4340 αὐτοῦ
711 4285 779 4338 ἐκ
814 4283 922 4350 τῆς
950 4284 1271 4351 ἑρμηνείας
1301 4280 1410 4350 τῆς
1431 4281 1584 4351 πρὸς
1622 4280 1930 4348 Ἐϐραίους

950 4351 1333 4421 Ἐπιστολῆς.

425 4484 444 4517 ι
479 4465 735 4536 Νοοῦμεν
777 4465 832 4518 δὲ
873 4465 1074 4534 μᾶλλον
1130 4465 1222 4518 καὶ
1271 4465 1624 4536 ὑπαρχούσης
1658 4463 1925 4534 ἑκατέρας

340 4557 410 4609 ἑν
435 4558 512 4628 τῷ
537 4557 636 4628 τῆς
661 4556 798 4617 ἰδίας
828 4555 1046 4625 φύσεως
1074 4557 1186 4627 ὅρῳ
1213 4557 1524 4625 πεπρᾶχθαι
1545 4555 1644 4626 τὴν
1675 4556 1920 4610 ἕνωσιν.»

339 4648 460 4702 Καὶ
489 4649 675 4702 πάλινο
711 4665 729 4699 ι
765 4648 878 4700 Οὐκ
905 4647 1168 4717 ὰνάχυσίν
1201 4664 1323 4703 τινα
1354 4647 1456 4718 τὴν
1488 4647 1568 4710 είς
1591 4646 1794 4716 ἄλληλα
1818 4646 1928 4698 τῶν

336 4736 567 4806 φύσεων
601 4737 922 4807 πεπρᾶχθαι
959 4737 1162 4808 φαμὲν,
1197 4737 1460 4810 μένουσης
1488 4737 1545 4791 δὲ
1571 4737 1772 4808 μᾶλλον
1798 4739 1930 4790 ἐκαε-

335 4827 512 4898 τέρας
545 4829 712 4884 τοῦτο
740 4829 876 4897 ὅπερ
905 4829 1081 4892 ἐστὶν,
1108 4827 1352 4899 ἥνῶσθαι
1385 4832 1546 4901 σαρκὶ
1580 4830 1809 4900 νοοῦμεν
1837 4832 1928 4882 τὸν

334 4918 546 4988 Λόγον.
585 4939 604 4971 ι

434 5031 542 5084 Τοῦ
590 5031 786 5086 αὐτοῦ
822 5031 891 5083 ἐκ
931 5031 1036 5085 τοῦ
1065 5033 1265 5100 τρίτου
1297 5035 1480 5102 τόμου
1521 5033 1672 5103 πρὸς
1718 5033 1930 5087 Neote-

1092 5119 1246 5171 ριον.

379 5238 382 5240 ν
440 5233 456 5264 ι
495 5215 706 5268 Οὐκοῦν
733 5215 860 5267 ὅσον
898 5214 996 5283 μὲν
1024 5211 1160 5288 ἧκεν
1187 5218 1265 5278 εἰς
1301 5217 1508 5271 ἔννοιαν
1536 5219 1628 5272 καὶ
1663 5221 1744 5283 εἰς
1773 5219 1933 5290 μόνον

331 5306 414 5356 τὸ
454 5307 583 5374 ὁρᾷν
614 5307 731 5367 τοῖς
776 5303 879 5371 τῆς
905 5304 1082 5374 ψυχῆς
1118 5307 1333 5375 ὄμμασι
1362 5309 1483 5362 τίνα
1531 5311 1732 5380 τρόπον
1772 5311 1931 5377 ὲνην-

332 5396 656 5466 Θρὼπησεν
690 5399 719 5448 ὁ
752 5396 1102 5464 Μονογενὴς,
1157 5397 1250 5449 δύο
1293 5397 1388 5462 τὰς
1439 5402 1598 5468 φύσει
1611 5421 1628 5464 ;
1661 5401 1802 5456 εἶναί
1835 5420 1938 5470 φα-

335 5505 488 5559 μεν,
511 5487 608 5540 ἕνα
651 5485 891 5555 Χριστὸν
917 5485 1010 5537 καὶ
1038 5487 1164 5540 Υἱὺν
1192 5487 1285 5539 καὶ
1321 5489 1524 5560 Κύριον
1542 5493 1631 5544 τὸν
1665 5492 1758 5544 τοῦ
1798 5493 1935 5545 Θεοῦ

330 5577 537 5644 Λόγον
567 5577 1069 5644 ὲνανθρωπήσαντα
1106 5579 1538 5646 σεσαρκωμένονο
1571 5582 1686 5634 ἀλλ’
1715 5585 1763 5634 οἱ
1803 5599 1938 5652 παρ-

331 5669 661 5725 κοὸλέπται
687 5668 842 5730 ὄντες
863 5669 955 5720 καὶ
977 5667 1136 5736 μόνον
1167 5669 1215 5720 εί
1247 5669 1322 5738 μὴ
1345 5673 1450 5734 τοῖς
1492 5673 1694 5744 σαρκὸς
1725 5674 1940 5742 ὅμμαςι

2019 3190 2141 3262 ipso
2170 3202 2272 3248 est.
2317 3211 2334 3243 ι

2251 3304 2463 3377 Cyrilli,
2496 3323 2558 3360 ea:
2595 3307 2835 3377 Epistola
2867 3309 2930 3361 de
2959 3310 3350 3368 incarnatione.

2095 3498 2114 3534 ι
2151 3482 2270 3536 Non
2309 3481 2644 3537 dividendus
2679 3499 2810 3553 ergo
2851 3500 2995 3538 unus
3036 3484 3304 3537 Dominus
3343 3494 3398 3538 et
3435 3485 3609 3545 Filius

2017 3582 2073 3627 et
2095 3571 2373 3639 Christus,
2405 3575 2461 3628 in
2494 3575 2718 3628 homine
2751 3575 2993 3644 proprie,
3031 3583 3089 3628 et
3126 3575 3180 3628 in
3212 3575 3253 3629 lt
3291 3593 3322 3626 υ
3359 3581 3603 3646 proprie,

2018 3662 2114 3717 sed
2149 3681 2318 3719 unum
2351 3675 2408 3720 et
2440 3665 2697 3719 eumdem
2730 3664 3012 3719 Christum
3046 3673 3102 3717 ct
3136 3665 3334 3719 Filium
3365 3681 3486 3722 esse
3517 3670 3602 3722 di-

2019 3756 2218 3829 cimus,
2252 3767 2579 3812 naturarum
2624 3765 2918 3810 noscentes
2961 3754 3354 3821 differentiam,
3389 3767 3445 3812 et
3485 3762 3613 3811 alis-

2020 3861 2127 3915 que
2157 3849 2483 3904 confusione
2515 3847 2581 3899 ad
2615 3846 2848 3900 invicem
2879 3861 2973 3900 cas
3002 3857 3300 3902 servantes.
3341 3867 3360 3898 ι

2673 3957 2954 4025 Ejusdem.

2104 4089 2120 4119 ι
2156 4071 2445 4140 Cogitatur
2479 4067 2703 4136 penitus
2734 4067 2970 4120 alterum
3004 4062 3062 4116 in
3093 4062 3288 4131 altero,
3323 4065 3377 4120 id
3409 4075 3492 4121 est
3523 4069 3600 4123 di-

2027 4158 2154 4211 vina
2184 4170 2382 4212 natura
2412 4158 2470 4210 in
2501 4155 2866 4211 humanitate.
2901 4175 2920 4207 ι

2067 4272 2319 4343 Ejusdem
2354 4289 2418 4328 ea;
2453 4271 2896 4342 Interpretatione
2925 4270 3182 4343 Epistolis
3211 4275 3279 4327 ad
3306 4276 3570 4332 Hebrazos.
3601 4289 3610 4296 ’

2104 4470 2122 4504 ι
2159 4453 2326 4524 Magis
2341 4452 2646 4524 cogitamus
2669 4459 2725 4505 et
2755 4450 3058 4505 exsistente
3085 4454 3352 4516 utraque,
3385 4448 3439 4502 in
3478 4465 3608 4520 pro-

2031 4545 2166 4613 priae
2197 4554 2406 4599 natura:
2439 4542 2713 4597 limitibus
2750 4541 2868 4597 fieri
2904 4539 3320 4594 adunationem.
3357 4558 3378 4593 ι
3410 4541 3477 4596 Ει
3510 4544 3611 4597 itc-

2034 4653 2152 4690 rum
2188 4653 2201 4690 :
2237 4653 2255 4686 ι
2293 4636 2410 4690 Νοη
2442 4634 2713 4689 fusionem
2746 4631 3039 4702 quamdam
3073 4646 3196 4700 qua:
3227 4631 3407 4686 locum
3444 4633 3611 4690 habet

2033 4728 2176 4781 inter
2204 4737 2431 4781 naturas
2458 4725 2526 4779 ad
2561 4724 2796 4778 invicem
2833 4723 2949 4776 fieri
2981 4723 3238 4786 dicimus,
3267 4725 3398 4792 quin
3430 4729 3616 4794 potius

2034 4830 2351 4873 remanente
2389 4828 2626 4885 utraque
2667 4815 2801 4870 illud
2843 4815 3110 4884 quidquid
3149 4821 3255 4878 est,
3287 4829 3413 4869 cum
3448 4831 3616 4872 carne

2033 4911 2263 4965 adunari
2297 4913 2608 4980 cogitamus
2634 4908 2895 4962 Verbum.
2936 4925 2954 4958 )

2275 5023 2532 5094 Ejusdem
2555 5038 2582 5076 e
2601 5024 2757 5075 tertia
2785 5030 2935 5091 parte
2962 5022 3017 5073 in
3042 5019 3362 5074 Nestorium.

2111 5243 2127 5273 ι
2169 5223 2312 5293 Ergo
2347 5227 2616 5291 quantum
2659 5219 2712 5274 in
2743 5217 3135 5287 cogitationem
3168 5215 3321 5269 venit
3354 5225 3409 5270 et
3438 5215 3490 5270 in
3535 5224 3622 5278 \i-

2037 5313 2278 5369 vendum
2326 5312 2677 5368 solummodo
2708 5311 2911 5366 anima:
2934 5309 3114 5363 oculis
3140 5309 3294 5377 juxta
3326 5323 3624 5375 quemnam

2039 5405 2265 5460 modum
2296 5405 2466 5459 homo
2513 5402 2692 5458 factus
2724 5409 2810 5457 est
2841 5397 3190 5469 Unigenitus,
3218 5393 3356 5451 duas
3398 5412 3631 5463 naturas

2038 5511 2160 5550 esse
2188 5495 2446 5555 dicimus,
2473 5507 2646 5545 unum
2689 5491 2974 5547 Christum
3003 5494 3060 5539 et
3090 5485 3290 5538 Filium
3331 5496 3388 5542 et
3434 5492 3630 5550 Domi-

2041 5597 2174 5636 num
2229 5582 2326 5636 Dei
2384 5578 2627 5633 Verbum
2685 5575 2932 5633 hominis
2993 5582 3248 5626 naturam
3304 5575 3630 5643 induentem

2045 5673 2425 5733 incarnatum;
2454 5663 2551 5719 sed
2579 5666 2667 5720 cui
2690 5680 2915 5723 carnem
2951 5661 3155 5717 intueri
3187 5664 3365 5722 solent
3388 5687 3490 5728 nec
3520 5672 3628 5728 nisi
