3998 6282
439 441 566 507 1831

1454 388 1459 397 ’
1570 502 1589 509 Α
1699 427 2013 494 LEONTII
2051 427 2455 493 BYZANTINI

3546 428 3681 495 1832

430 557 616 613 carnis
655 555 832 612 oculis
876 554 1174 625 quidquam
1222 549 1605 610 considerare,
1651 548 1762 601 non‘
1818 545 2000 614 reipsa

2108 540 2385 613 θεωρεῖται
2428 559 2500 607 τι,
2533 541 2633 595 οὐκ
2676 540 2845 606 ὅντως
2878 529 3018 596 εἶναι
3047 542 3166 596 τόδε
3192 534 3414 597 οἴονται·
3445 532 3554 615 ἀρα
3587 541 3682 600 οὖν

344 653 359 724 ᾗ
430 663 552 704 esse
590 646 726 702 illud
767 645 1127 701 arbitrantur.
1158 643 1329 714 Igitur
1348 656 1453 696 nec
1472 638 1698 710 angelus
1728 651 1833 692 nec
1860 637 2005 691 Deus

437 739 568 803 erit,
591 753 696 794 nec
725 738 855 809 quid
889 735 1261 807 Spiritnalium
1286 732 1630 802 simpliciter.
1663 748 1681 780 ι

482 855 760 926 Ejusdem,
793 870 857 907 ea:
887 870 930 917 cl
949 850 1106 906 istola
1136 851 1206 904 ad
1231 848 1442 903 Jus'um
1480 847 1661 902 Roma
1687 863 1713 900 ε
1734 847 2006 915 n'scopum.

508 1025 527 1056 ι
555 1005 668 1075 Ego
693 1005 841 1060 enim
867 1019 969 1058 nec
987 1006 1286 1058 convincor
1304 1000 1401 1070 qui
1426 1001 1574 1055 aliud
1605 998 1739 1070 quid
1762 1009 2003 1068 unquam

434 1096 809 1168 cogitaverim,
829 1110 993 1164 quam
1024 1094 1170 1165 quod
1193 1092 1480 1149 conformo
1508 1091 1729 1145 videtur
1760 1088 2003 1152 veritati,

434 1202 540 1243 nec
573 1187 887 1257 passibilem
929 1185 1041 1239 dixi
1080 1200 1318 1255 unquam
1361 1183 1607 1238 divinam
1639 1178 1808 1238 Verbi
1841 1189 2002 1233 natu-

388 1298 395 1303 ·
436 1290 575 1332 ram.
612 1295 631 1330 ι
677 1277 746 1331 Et
779 1276 943 1346 paulo
974 1283 1098 1345 post
1129 1292 1143 1328 :
1180 1295 1196 1326 ι
1227 1274 1361 1329 Novi
1390 1283 1447 1328 et
1474 1271 1869 1342 impassibilem
1910 1270 2002 1325 Dei

434 1377 686 1423 naturam
712 1376 769 1421 et
795 1366 1005 1420 firmam
1032 1372 1089 1419 et
1116 1365 1538 1427 immutabilem,
1566 1364 1699 1418 licet
1727 1363 1783 1417 in
1806 1362 2004 1416 huma-

427 1459 616 1515 nitatis
645 1462 865 1521 natura,
892 1464 950 1511 et
977 1470 1146 1511 unum
1178 1458 1235 1510 in
1261 1454 1535 1510 ambobus
1565 1462 1622 1508 et
1643 1466 1712 1508 ex
1736 1452 2006 1508 ambobus

427 1550 727 1606 Christum.
760 1567 779 1601 ι

429 1661 709 1717 Athanasii
752 1661 808 1714 in
849 1659 1240 1716 Commentario
1291 1667 1460 1713 textus
1501 1674 1519 1711 :
1552 1676 1573 1707 ι
1612 1657 1800 1720 Amen,
1846 1672 2003 1711 amen

462 1733 576 1785 dico
600 1731 760 1795 vobis,
790 1737 1076 1799 antequam
1099 1729 1364 1782 Abraham
1386 1727 1557 1797 ﬁeret,
1589 1743 1682 1798 ego
1703 1742 1821 1781 sum
1848 1728 1913 1782 ¹³.
1941 1746 1960 1778 ι

504 1841 524 1872 ¢
566 1820 909 1892 lmpudcntia
948 1818 1237 1874 evidenter
1274 1834 1386 1874 non
1420 1818 1715 1889 dupliciter
1757 1820 2001 1889 cogitare

2108 634 2230 687 οὐδὲ
2257 633 2509 704 ἄγγελος,
2555 632 2678 686 οὐδέ
2715 631 2848 696 Θεὸς
2894 630 3068 699 ἔσται,
3093 632 3216 686 οὐδέ
3255 648 3309 685 τι
3337 633 3447 687 τῶν
3477 633 3683 705 νοητῶν

2108 725 2314 789 ἁπλῶς.
2354 744 2374 777 ι

2112 836 2223 891 Τοῦ
2280 835 2490 906 αὑτοῦ,
2532 836 2608 906 ex,
2638 830 2762 906 _zﬁc
2817 836 2963 906 πρὸς
3031 837 3303 892 Ἰοῦστον
3341 836 3683 892 ἐπίσκοπον

2598 902 2824 976 Ῥώμης
2852 902 3204 975 ἐπιστολῆς.

2184 1016 2204 1048 ι
2260 993 2404 1065 Ἐγὼ
2446 994 2555 1068 γὰρ
2602 994 2727 1051 οὗτε
2773 997 3070 1069 ἐλέγχομαι
3109 998 3468 1069 πεφροντικὼς
3492 996 3680 1062 ἔτερόν

2104 1106 2158 1142 τι
2189 1089 2407 1141 πώποτε
2442 1089 2592 1158 παρά
2633 1087 2695 1142 τὸ
2724 1087 2915 1143 δοκοῦν
2966 1092 3034 1160 τῇ
3073 1089 3325 1161 ἀληθείᾳ,
3348 1088 3471 1143 οὔτε
3498 1084 3676 1158 παθη-

2105 1180 2205 1252 τὴν
2226 1180 2425 1251 εἴρηκά
2451 1197 2589 1234 ποτε
2619 1181 2721 1252 τὴν
2762 1177 2915 1234 θείαν
2940 1180 3034 1234 τοῦ
3067 1182 3242 1250 Λόγου
3294 1182 3476 1251 φύσιν.
3514 1200 3534 1233 ι
3567 1178 3677 1234 Καὶ

2109 1270 2248 1341 μετά
2289 1269 2486 1341 βραχύο
2525 1287 2544 1322 ι
2586 1265 2716 1324 Οἶδα
2744 1268 2802 1322 δὲ
2831 1269 2926 1322 καί
2952 1268 3142 1338 ἀπαθῆ
3163 1268 3264 1338 τὴν
3292 1266 3385 1321 τοῦ
3415 1266 3550 1321 Θεοῦ
3578 1265 3677 1336 φύ-

2106 1379 2192 1416 σιν
2223 1363 2317 1417 καί
2347 1362 2617 1433 ἄτρεπτον
2665 1362 2761 1416 καὶ
2801 1360 3161 1417 ἀναλλοίωτον
3211 1359 3317 1412 κάν
3361 1362 3427 1429 τῇ
3460 1360 3557 1428 τῆς
3590 1360 3677 1412 ἀν-

2105 1452 2454 1524 θρωπότητος
2505 1452 2685 1523 φύσει,
2732 1452 2827 1506 καὶ
2865 1450 2962 1504 Eva
3008 1450 3070 1504 ἐν
3107 1451 3311 1522 ἀμφοῖν
3340 1448 3438 1504 καὶ
3474 1449 3533 1514 ἐξ
3570 1450 3678 1519 ἀμ-

2105 1544 2225 1611 φοῖν
2264 1540 2356 1596 τὸν
2383 1542 2639 1613 Χριστόν.
2672 1554 2691 1593 ι

2116 1652 2463 1708 Ἄθανασίου
2494 1652 2564 1707 ἐν
2592 1651 2666 1721 τῆ
2693 1649 2979 1720 ἐξηγήσει
3027 1649 3134 1721 τοῦ
3156 1666 3171 1681 ο
3216 1667 3235 1701 ι
3279 1647 3478 1721 ᾎιιὴν,
3515 1647 3679 1718 ἀμὴν

2156 1723 2312 1792 λέγω
2339 1723 2499 1792 ὑμῖν,
2529 1717 2673 1790 πρὶῦ
2711 1717 2958 1789 Ἀϐραὰμ
2976 1719 3253 1789 γενέσθαι
3276 1717 3390 1788 ἐγώ
3417 1720 3552 1785 ειμι.
3593 1736 3612 1769 ι

2178 1832 2199 1866 ι
2251 1812 2633 1884 ’Λναισχυντία
2663 1810 2850 1880 σαφῶς
2878 1810 2938 1862 τὸ
2975 1809 3048 1880 μὴ
3077 1807 3238 1879 διχῶς
3270 1810 3410 1862 νοεῖν
3431 1808 3522 1861 τὸν
3542 1807 3677 1877 Χρι-

429 1914 730 1979 Christum,
777 1914 966 1969 divine
996 1922 1053 1967 et
1080 1913 1414 1969 humaniter.
1454 1932 1473 1963 ι
1508 1912 1569 1968 ln
1613 1912 1775 1968 tertio
1809 1920 1999 1968 contra

2108 1906 2228 1959 στὸν
2260 1904 2459 1969 θεῖκῶς
2502 1922 2561 1957 τε
2592 1904 2687 1958 καὶ
2724 1902 3102 1974 ἀνθρωπίνως.
3142 1918 3161 1952 ι
3193 1898 3285 1952 'Ev
3313 1898 3371 1952 δέ
3406 1898 3484 1968 τῷ
3534 1897 3679 1951 κατὰ

429 2008 661 2062 Arianos
691 2014 943 2061 sermone
986 2004 1162 2060 dicit:
1199 2022 1216 2053 ι
1246 2002 1439 2059 Omnia
1484 2019 1606 2073 quae
1652 2005 1707 2057 in
1741 2004 2000 2058 humani-

430 2098 558 2153 tatis
607 2106 852 2166 tempore
890 2112 919 2150 a
959 2096 1239 2150 Saivatore
1282 2096 1504 2152 Christo
1546 2097 1686 2152 facta
1730 2106 1862 2153 sunt
1905 2104 2003 2150 aut

433 2189 602 2253 dicta,
631 2202 688 2243 et
717 2188 857 2243 facta
882 2196 939 2243 et
968 2188 1115 2243 dieta
1136 2188 1399 2243 unitatem
1423 2187 1610 2243 formae
1638 2204 1746 2243 nos.
1776 2189 2001 2255 habent,

428 2279 742 2334 differentia
778 2294 909 2333 vero
932 2285 1035 2333 est.
1074 2299 1093 2331 ι

522 2386 705 2442 Sancti
735 2387 922 2459 Cyrilli
951 2404 1015 2442 ea:
1038 2387 1359 2442 allocutione
1391 2387 1461 2441 ad
1485 2386 1899 2442 Alexandrinos.

505 2560 524 2591 σ
551 2540 853 2595 Ineli‘abilis
882 2541 1144 2597 adunatio
1175 2557 1336 2612 quam
1365 2551 1514 2597 recte
1550 2542 1855 2611 cogitantes
1875 2555 2006 2597 con-

429 2631 656 2686 ﬁtentur
684 2631 874 2686 ambas
899 2631 1073 2686 salvat
1104 2632 1419 2687 inconfusas
1447 2640 1695 2698 naturas,
1745 2642 1801 2687 et
1831 2649 2003 2688 unum

434 2722 652 2792 perﬁcit
672 2730 728 2776 et
758 2738 824 2776 ex
860 2722 1130 2777 ambobus
1163 2723 1341 2777 visum
1364 2720 1672 2788 Christum,
1709 2723 1882 2778 Deum
1907 2738 2005 2793 pa-

430 2813 568 2867 riter
621 2822 676 2866 et
723 2812 1003 2866 hominem
1054 2812 1256 2866 factum
1300 2817 1554 2867 eumdem
1601 2822 1657 2868 et
1703 2828 1819 2867 non
1867 2813 2007 2868 duos

423 2903 698 2969 Christos,
721 2919 888 2957 unum
916 2918 1048 2957 vero
1080 2912 1290 2957 tantum
1322 2904 1646 2968 adunatum,
1678 2911 1734 2957 et
1768 2919 1881 2958 non
1902 2905 2006 2959 mi-

427 3004 601 3050 stum.
653 2992 712 3048 Si
746 2993 892 3048 enim
920 2994 1222 3052 miscentur
1247 2994 1371 3049 dua:
1408 3003 1617 3049 natura:
1640 2994 1697 3049 in
1723 2995 2006 3050 niisturam

432 3101 599 3141 unam
636 3086 854 3140 diversa
879 3085 1211 3140 exsistentes
1232 3094 1447 3151 natura,
1490 3101 1593 3141 nec
1635 3094 1866 3157 utraque
1896 3089 2007 3144 sal-

427 3176 671 3242 vabitur,
703 3176 799 3232 sed
833 3175 1007 3231 ambae
1047 3191 1156 3230 una
1193 3176 1387 3231 infusae
1420 3176 1489 3231 ab
1517 3177 1693 3232 oculis
1731 3179 2008 3248 subrepta;

426 3277 587 3331 sunt,
621 3283 724 3323 nec
768 3268 1115 3323 intervallum
1161 3267 1231 3322 ab
1283 3268 1520 3323 invicem
1567 3278 1664 3323 aut
1695 3269 2008 3325 distinctio-

430 3375 556 3413 nem
589 3358 890 3413 admittunt
918 3360 1253 3429 conjunctae;
1286 3359 1479 3414 mortis
1510 3367 1755 3430 tempore
1780 3361 2009 3417 sublata:

428 3457 557 3504 sunt
606 3459 660 3503 et
709 3457 1007 3520 separatae;
1052 3457 1109 3504 et
1143 3450 1326 3504 anima
1379 3466 1408 3505 a
1457 3464 1689 3520 corpore
1739 3451 1795 3505 in
1841 3451 2009 3507 infer-

429 3555 561 3593 num
591 3554 715 3595 cum
762 3538 1048 3594 divinitate
1091 3539 1398 3605 descendit,
1457 3548 1513 3594 ct
1538 3555 1738 3610 corpus
1780 3540 1849 3596 ab
1886 3541 2008 3595 ani-

432 3648 516 3686 ma
551 3632 607 3686 in
644 3641 1000 3687 monumento
1040 3647 1183 3687 novo
1235 3632 1496 3702 positum,
1548 3633 1702 3703 juxta
1753 3649 1863 3688 non
1905 3632 2009 3689 fal-

426 3725 578 3780 laces
625 3742 655 3777 a
698 3725 920 3780 Christo
969 3740 1137 3779 voces
1175 3725 1351 3779 dictas
1390 3743 1402 3779 :
1439 3743 1458 3775 ι
1496 3725 1705 3780 Solvite
1745 3726 2008 3796 templum

429 3817 559 3895 hoc,
585 3827 642 3873 et
673 3817 726 3872 in
752 3819 931 3873 tribus
965 3817 1158 3872 diebus
1187 3816 1440 3872 excitabo
1473 3817 1608 3874 illud
1631 3818 1703 3887 “;
1744 3836 1764 3871 ι
1807 3827 1863 3873 et
1894 3818 2008 3874 sol-

429 3906 580 3960 vitur
643 3908 864 3978 quidem
941 3909 1208 3978 templum
1284 3908 1338 3962 in
1408 3916 1653 3980 tempore
1716 3909 2011 3981 sepulturae

432 3998 601 4052 trium
630 3998 868 4066 dierum,
914 4007 1079 4069 prout
1106 3998 1327 4054 volebat
1369 3999 1506 4069 ipse,
1543 4007 1598 4054 et
1633 3999 1832 4054 iterum
1871 3999 2009 4055 illud

435 4090 842 4157 ressuscitavit;
877 4091 966 4145 cui
1017 4090 1282 4145 ineffabili
1327 4098 1384 4145 et
1414 4090 1767 4146 inenarrabili
1798 4092 2008 4146 ratione

350 4190 359 4195 ’
427 4172 704 4236 adunatus
731 4189 837 4247 est,
867 4197 977 4236 non
1013 4181 1068 4236 in
1108 4182 1292 4252 seipse
1323 4182 1519 4237 mistus
1549 4190 1644 4237 aut
1697 4181 1753 4237 in
1784 4198 2004 4238 carnem

431 4281 702 4336 mutatus,
740 4272 836 4326 sed
868 4272 922 4325 in
956 4273 1138 4341 seipse
1172 4273 1388 4327 salvans
1416 4281 1736 4328 naturarum
1776 4272 2007 4331 diversze

428 4362 689 4419 essentia:
735 4361 1052 4418 inconfusas
1085 4362 1484 4431 proprietates;
1527 4377 1808 4432 nunquam
1858 4367 2007 4421 enim

428 4454 734 4511 commistae
768 4462 897 4508 sunt
932 4460 1162 4508 naturae.
1201 4471 1220 4504 ι
1256 4452 1464 4507 Deinde
1487 4454 1866 4510 testimonium
1918 4457 2007 4511 in-

2102 1997 2402 2069 Ἀρειανῶν
2418 1998 2589 2070 τρίτῳ
2602 1996 2746 2066 λόγῳ
2765 1994 2917 2065 φησί’
2941 2011 2960 2044 ι
2985 1993 3170 2045 Πάντα
3191 1992 3260 2044 τὰ
3273 1994 3414 2044 κατὰ
3442 1990 3535 2042 τὸν
3565 2007 3678 2042 και-

2108 2092 2199 2164 ρὸν
2221 2092 2319 2161 τῆς
2353 2089 2821 2161 ἐνανθρωπήσεως
2859 2085 2939 2157 τῷ
2970 2084 3184 2156 Σωτῆρι
3210 2082 3431 2154 Χριστῷ
3461 2098 3676 2153 πεπρα-

2104 2182 2304 2251 γμένα,
2328 2179 2498 2251 ἦγουν
2524 2177 2848 2246 λελεγμένα,
2886 2174 3193 2246 πράγματα
3215 2189 3275 2225 τε
3306 2172 3401 2225 καὶ
3427 2171 3672 2243 ῥήματα,

2103 2272 2165 2325 τὸ
2196 2272 2469 2343 μονοειδὲς
2496 2270 2596 2322 οὐκ
2627 2269 2762 2338 ἔχει,
2796 2267 3029 2336 διάφορα
3064 2265 3123 2318 δέ
3152 2265 3287 2318 ἐστι.
3320 2282 3340 2316 ι

2110 2383 2222 2439 Τοῦ
2252 2382 2427 2452 ἀγῶυ
2453 2380 2759 2448 Κυρίλλου
2792 2378 2861 2432 ἐκ
2909 2376 3016 2452 τοῦ
3064 2376 3215 2452 πρὸς
3264 2370 3674 2444 Ἀλεξανδρεῖς

2519 2447 3019 2517 ἀροσφωνητικού
3055 2450 3264 2516 λόγου.

2183 2560 2203 2593 ι
2259 2539 2327 2595 Ἦ
2372 2540 2429 2593 δέ
2458 2539 2694 2610 ἀρῤητος
2726 2537 2919 2601 Evam;
2970 2536 3120 2606 παρά
3163 2536 3275 2590 τῶν
3329 2534 3504 2608 ὀρθῶς
3540 2550 3677 2607 φροι-

2106 2631 2342 2685 νούντων
2384 2629 2789 2701 ὁμολογουμένη
2819 2668 2834 2694 ,
2877 2627 3192 2698 ἀμφοτέρας
3233 2625 3395 2691 σώζει
3434 2624 3676 2698 deum.

2105 2740 2233 2788 τους
2262 2723 2359 2786 τὰς
2383 2722 2594 2791 φύσεις,
2627 2722 2721 2774 καὶ
2749 2721 2845 2774 ἕνα
2879 2716 3134 2773 ἀποτελεῖ
3160 2719 3254 2773 καὶ
3274 2718 3331 2787 ἐξ
3364 2721 3567 2790 ἀμφοῖν
3586 2719 3678 2775 τὸν

2106 2816 2338 2886 ὀφθέντα
2369 2815 2624 2887 Χριστὸν,
2657 2813 2791 2867 Θεὸν
2821 2829 2880 2866 τε
2913 2810 3049 2880 ὁμοῦ
3080 2812 3174 2865 καί
3202 2811 3486 2881 ἀνθρωπον
3522 2810 3678 2879 γενό-

2111 2924 2270 2981 μενον
2297 2908 2387 2961 τὸν
2419 2906 2600 2972 αὐτὸν,
2625 2906 2718 2959 καὶ
2757 2905 2819 2958 οὐ
2857 2904 2951 2958 δύο
2975 2903 3266 2976 Χριστοὺς,
3297 2901 3394 2956 {va
3424 2903 3481 2956 δέ
3518 2901 3677 2973 μόνον

2106 2996 2382 3051 ὲνωθέντα
2428 2997 2523 3050 καὶ
2559 2996 2621 3049 οὐ
2674 2995 3035 3066 κεκραμένονο
3088 2996 3136 3046 εί
3163 2992 3271 3066 γὰρ
3297 2994 3594 3065 κέκρανται
3618 2992 3677 3048 αί

2106 3089 2199 3144 δύο
2223 3089 2409 3159 φύσεις
2454 3090 2535 3152 είς
2569 3087 2716 3159 μίξιν
2749 3087 2879 3158 μίαν
2928 3086 3257 3160 ἐτεροούσιοι
3287 3087 3675 3157 τυγχάνουσαι,

2107 3183 2227 3236 οὐδέ
2265 3182 2503 3251 ὁποτέρα
2539 3180 2795 3246 σώζεται,
2826 3181 2941 3234 ἀλλ’
2973 3181 3281 3252 ἀμφότεραι
3324 3180 3678 3252 συγχυθεῖσαι

2108 3274 2515 3344 ἠφανίσθησαν,
2573 3275 2668 3327 καί⁸
2720 3273 2846 3327 οὔτε
2896 3272 3175 3344 χωρισμὸν
3222 3272 3316 3326 ἀπ’
3366 3272 3608 3340 ἀλλήλων
3641 3271 3676 3342 ἢ

2109 3365 2372 3437 διαίρεσιν
2426 3363 2765 3432 ἐπιδέχονται
2827 3361 3191 3432 κεκραμέναι·
3257 3360 3590 3433 διῃρέθησαν
3620 3360 3680 3414 δέ

2108 3459 2186 3528 τῷ
2231 3457 2408 3529 καιρῷ
2451 3456 2546 3510 τοῦ
2593 3455 2825 3509 θανάτου
2858 3454 2953 3508 καὶ
2984 3452 3380 3523 ἐχωρίσθησαν
3411 3451 3678 3522 καὶψυχὴ

2108 3549 2218 3604 ἀπὸ
2260 3546 2510 3618 σώματος
2540 3548 2617 3612 είς
2651 3546 2778 3618 ᾅδου
2811 3544 2949 3615 μετά
2979 3543 3078 3613 τῆς
3108 3542 3359 3612 θεότητος
3389 3541 3681 3596 κατελθοῦ-

2111 3658 2202 3705 σα,
2235 3640 2332 3694 καὶ
2363 3639 2520 3710 σῶμα
2552 3638 2659 3691 ἀπὸ
2685 3637 2862 3707 ψυχῆς
2895 3636 2955 3687 ἐν
2987 3635 3234 3706 μνήματι
3268 3633 3440 3704 καινῷ
3478 3634 3671 3688 ἀποτε-

2111 3728 2205 3782 θέν
2237 3728 2378 3781 κατὰ
2409 3728 2510 3791 τὰς
2536 3724 2788 3796 ἀψευδεῖς
2828 3724 2921 3778 τοῦ
2966 3722 3205 3794 Χριστοῦ
3237 3724 3421 3792 φωνὰς
3463 3726 3563 3786 τὰς
3590 3722 3679 3777 λε-

2110 3821 2334 3891 γούσαςο
2363 3840 2381 3872 ι
2413 3821 2629 3874 Λύσατε
2656 3818 2746 3871 τὸν
2779 3816 2905 3869 ναὸν
2926 3815 3139 3878 τοῦτον,
3164 3816 3259 3868 καὶ
3278 3817 3334 3868 ἐν
3350 3816 3526 3886 τρισὶν
3540 3816 3679 3886 ήμέο

2111 3930 2235 3984 ραις
2258 3911 2432 3982 ἐγερῶ
2454 3909 2635 3964 αὐτόν·
2651 3928 2671 3961 ι
2703 3909 2799 3962 καὶ
2827 3905 3015 3960 λύεται
3041 3904 3138 3975 μέν
3156 3904 3185 3957 ὁ
3213 3905 3339 3968 ναὸς
3364 3906 3422 3957 ἐν
3445 3903 3524 3975 τῷ
3553 3921 3677 3959 και-

2112 4005 2191 4076 ρῷ
2224 4004 2325 4073 τῆς
2369 4001 2669 4073 τριημέρου
2720 3998 2923 4069 ταφῆς,
2972 3996 3296 4069 βουλομένου
3328 3995 3493 4049 αὐτοῦ
3523 4034 3539 4059 ,
3582 3996 3677 4049 καὶ

2109 4095 2273 4148 πάλιν
2329 4091 2625 4163 ἀνέστησεν
2679 4087 2864 4152 αὑτὸν,
2909 4087 3002 4141 καὶ
3042 4084 3223 4157 ήνὼθη
3255 4085 3402 4156 αὖτῷ
3452 4084 3675 4156 ἀρρήτῳ

2111 4185 2207 4240 καὶ
2253 4181 2518 4253 ἀφράστῳ
2567 4178 2732 4248 λόγῳ,
2762 4177 2823 4231 οὐ
2855 4176 3195 4247 κεκραμένος
3218 4176 3276 4227 ἐν
3304 4172 3454 4243 αὐτῷ
3481 4173 3516 4243 ἢ
3545 4174 3676 4226 am-

2111 4273 2555 4347 σεσαρκωμένος,
2580 4269 2697 4325 ἀλλ’
2716 4266 3014 4332 ἀποσώξων
3048 4267 3107 4320 ἐν
3127 4264 3304 4336 ἐαυτῷ
3332 4264 3439 4317 τῶν
3462 4264 3672 4334 φύσεωι

2107 4367 2215 4420 τῶν
2255 4363 2610 4436 ἐτεροουσίων
2635 4359 2971 4431 ἀσυγχύτους
3016 4357 3115 4420 τὰς
3162 4357 3451 4427 ίδιότηταςο
3481 4357 3541 4409 ού
3568 4354 3678 4427 γὰρ

2109 4457 2283 4528 δήπου
2311 4453 2623 4525 ἐκράθησαν
2655 4451 2711 4504 ai
2744 4448 2952 4516 φύσεις.
2990 4466 3009 4500 ι
3054 4440 3190 4501 Εἶτα
3224 4447 3492 4514 ἐπάγεται
3537 4462 3678 4516 μαρ-

431 4545 592 4600 ducit
632 4545 805 4601 sancti
854 4543 1134 4599 Athanasii
1183 4543 1251 4599 in.
1270 4526 1439 4599 idem.
1475 4565 1495 4599 ι
1532 4545 1756 4601 Duabus
1792 4548 2005 4604 naturis

2109 4526 2302 4616 τυρίαν
2337 4541 2432 4597 τοῦ
2461 4543 2520 4595 ἐν
2549 4540 2724 4609 ἁγίοις
2759 4537 3076 4592 ’Δθανασίου
3107 4536 3274 4601 αὐτὸς
3304 4537 3483 4609 τήνδε·
3507 4550 3528 4587 ι
3571 4535 3676 4589 Δύο

431 4637 778 4689 diversarum
822 4632 1184 4687 essentiarum
1241 4633 1298 4687 in
1337 4647 1450 4687 uno
1493 4631 1715 4689 Christo
1760 4643 1819 4689 et
1865 4636 2005 4694 Filio

434 4725 533 4779 Dei
569 4725 756 4785 salvis,
801 4737 906 4777 nec
948 4721 1212 4790 confusis,
1236 4738 1340 4778 nec
1357 4722 1681 4793 deperdttis,
1718 4740 1821 4781 nec
1850 4727 2004 4783 abla-

438 4810 540 4871 eis.
587 4830 607 4864 ι

817 4920 1095 4992 Ejusdem,
1134 4935 1162 4975 ε
1199 4928 1439 4979 teztuum
1468 4922 1618 4979 libro.

414 5068 421 5075 η
517 5031 536 5063 ι
572 5012 641 5068 Ει
670 5010 763 5066 alii
786 5027 950 5066 unam
976 5020 1228 5067 naturam
1266 5012 1335 5067 ad
1357 5015 1699 5085 ereptionem
1729 5018 2011 5074 associatae

433 5120 469 5159 e
494 5103 652 5160 nobis
674 5118 705 5157 a
728 5102 825 5158 Dei
851 5101 1033 5158 Verbo
1054 5102 1310 5174 perfectae
1330 5104 1692 5163 humanitatis
1710 5121 1808 5177 pro
1830 5109 2006 5165 salute

435 5188 826 5244 universorum
867 5189 1099 5256 docent;
1128 5189 1221 5244 alii
1251 5190 1389 5247 duas
1428 5191 1772 5264 hypostases,
1795 5197 2006 5253 scilicet

416 5288 687 5347 naturas,
734 5278 1040 5334 secundum
1072 5279 1480 5337 distinctionem
1512 5290 1569 5339 et
1603 5287 2003 5356 separationem

430 5371 658 5436 docent,
682 5368 777 5428 sed
808 5389 916 5428 non
952 5373 1256 5429 secundum
1290 5374 1679 5433 adunationem
1707 5396 1829 5450 qua:
1850 5382 2005 5453 juxta

438 5463 732 5518 essentiam
762 5472 866 5530 est,
892 5472 1057 5534 prout
1090 5474 1302 5520 rectum
1332 5467 1537 5522 sanctis
1566 5468 1823 5527 Pati-ibus
1848 5473 2003 5528 vide-

434 5559 550 5606 tur.
579 5552 734 5611 Unde
766 5555 989 5627 utrique
1017 5571 1048 5611 a
1073 5556 1307 5612 veritate
1335 5567 1544 5614 errant.
1585 5577 1604 5611 ι
1633 5558 1776 5627 Quid
1812 5561 2006 5618 horum

432 5644 781 5703 evidentius?
811 5655 1022 5703 tantum
1051 5664 1119 5705 eo
1161 5649 1310 5721 quod
1358 5651 1660 5707 secundum
1697 5652 2008 5711 distinctio.

454 5818 459 5823 ‘
510 5805 557 5839 "
584 5802 740 5861 Joan.
773 5819 893 5870 νιιι,
932 5805 1019 5860 58.
1098 5804 1141 5838 “
1167 5805 1322 5860 Joan.
1360 5821 1419 5872 ιι»
1450 5806 1533 5861 l9-

2111 4636 2327 4708 φύσεων
2361 4633 2472 4687 τῶν
2524 4630 2877 4701 ἐτεροουσιων
2916 4630 2975 4685 ἐν
3016 4629 3101 4684 ἐνὶ
3132 4628 3354 4702 Χριστῷ
3403 4629 3501 4683 καὶ
3561 4629 3678 4701 Υίῷ

2109 4726 2205 4782 τοῦ
2247 4726 2383 4780 Θεοῦ
2427 4725 2773 4795 σωζομένων,
2805 4722 2901 4781 καὶ
2941 4722 3078 4793 μήτε
3113 4720 3496 4792 συγχεομένων
3533 4721 3676 4791 μήτε

2111 4818 2503 4889 ἀπολλυμένων
2533 4816 2567 4886 ἢ
2595 4813 2989 4887 διαιρεθεισῶν.
3034 4832 3053 4866 ι

2248 4930 2359 4986 Τοῦ
2386 4926 2599 4993 αὐτοῦ,
2634 4926 2702 4979 ἐκ
2739 4921 2849 4991 τῆς
2873 4923 3096 4989 ,ϐίϐλου
3118 4923 3236 4978 τῶν
3257 4922 3552 4992 χρήσεων.

2186 5042 2203 5077 ι
2232 5022 2339 5076 Καὶ
2357 5020 2406 5073 oi
2438 5019 2538 5089 μὲν
2554 5017 2684 5089 μίαν
2714 5015 2876 5085 φύσιν
2905 5012 3043 5085 πρὸς
3068 5015 3353 5085 ἀναίρεσιν
3372 5014 3474 5085 τῆς
3502 5029 3674 5088 προσ-

2104 5113 2404 5188 ληφθείσης
2452 5109 2514 5176 ἐξ
2544 5107 2703 5179 ἡμῶν
2742 5106 2848 5161 ὑπὸ
2882 5105 2977 5161 τοῦ
3049 5105 3189 5159 Θεοῦ
3232 5106 3408 5175 Δόγου
3460 5106 3674 5170 τελείας

2111 5207 2212 5263 ἀνθ
2223 5205 2533 5277 ρωπότητος
2578 5202 2674 5253 ἐπὶ
2720 5199 2964 5270 σωτηρίᾳ
2998 5198 3109 5251 τῶν
3140 5196 3278 5252 ὅλων
3325 5197 3673 5252 ἐκδιδάσκου·

2114 5314 2198 5351 σιν
2218 5312 2234 5327 °
2264 5295 2315 5350 οί
2348 5293 2406 5348 δέ
2427 5291 2522 5347 δύο
2552 5291 2901 5355 ὑποστάσεις,
2931 5289 3099 5361 ἧγουν
3133 5291 3349 5357 φύσεις,
3375 5287 3518 5343 κατὰ
3539 5287 3677 5341 διαί-

2115 5404 2262 5457 ρεσιν
2319 5384 2413 5437 καὶ
2464 5381 2743 5454 χωρισμὸν
2785 5379 3219 5447 ἐκπαιδεύουσιν,
3270 5377 3388 5435 ἀλλ’
3430 5379 3494 5433 οὐ
3553 5375 3678 5434 καθ’

2112 5481 2305 5533 ἕνωσιν
2342 5475 2443 5547 τὴν
2476 5474 2598 5529 κατ’
2620 5471 2808 5527 οὐσίαν
2838 5471 2916 5536 ὡς
2943 5472 3057 5536 τοῖς
3087 5470 3263 5539 ἁγίοις
3284 5472 3432 5530 δοκεῖ
3455 5468 3674 5541 Πατρά-

2108 5588 2192 5626 σιν
2216 5585 2228 5598 ο
2262 5569 2336 5633 ὡς
2366 5566 2663 5635 ἐκατέρους
2694 5563 2892 5626 αὐτοὺς
2924 5562 3025 5634 τῆς
3066 5561 3324 5634 ἀληθείας
3363 5560 3669 5632 διαμαρτά-

2108 5678 2240 5715 νειν.
2268 5679 2286 5713 ι
2329 5658 2395 5712 Τί
2427 5655 2631 5711 τούτων
2670 5653 3034 5723 σαφέστερον;
3073 5652 3234 5724 μόνον
3273 5651 3382 5724 γὰρ
3421 5649 3500 5721 τῷ
3532 5646 3653 5707 κατι
