4098 6256
533 391 680 455 ἆῢῖιθ

1825 399 2133 462 LEONTII
2173 403 2578 470 BYZANTINI

3676 415 3802 484 1840

535 512 782 602 Flaviani
793 513 1035 602 .(‘pisco‘pi
1046 515 1084 570 Α
1095 515 1330 602 ntiochia:
1339 518 1859 602 geninterpretatione
1875 519 1929 572 in
1945 529 2096 573 sanct

2220 527 2560 602 Φλοδιᾳνοῦ
2589 529 2930 588 ἐπισκόπου
2972 533 3338 602 Ἀντιοχείας
3377 536 3449 590 ἐκ
3501 537 3619 592 τοῦ
3664 547 3802 598 κατὰ

605 582 1021 656 ⁴[οιιηηὶευιτι-ὸα
1057 600 1074 638 :
1128 607 1146 634 ι
1173 585 1279 652 Qui
1328 584 1528 643 Filium
1565 582 1670 642 non
1717 590 1976 656 honorat,
2019 607 2113 645 nec

606 653 824 708 Patrem
862 656 1162 711 honorat".
1204 677 1222 709 ι

612 764 632 795 ι
661 745 733 800 Ut
775 746 914 801 duas
949 748 1068 816 ejus
1113 747 1395 804 discamus
1451 760 1679 806 naturas
1723 761 1780 804 et
1826 750 2108 805 hominem

533 835 630 902 qui
667 833 887 889 videtur
932 844 990 890 et
1022 836 1373 893 divinitatem
1423 854 1547 910 quae
1591 855 1690 910 per
1731 855 1934 910 corpus
1974 855 2109 910 ope-

536 935 712 983 ratur.
741 945 761 979 ι

637 1041 892 1112 Ejusdem
919 1057 983 1095 ea:
1013 1059 1254 1096 sermone
1280 1045 1333 1097 in
1360 1044 1718 1098 ascensionem
1743 1042 1972 1098 Domini.

612 1155 636 1200 ι,
667 1135 930 1188 Humana:
958 1146 1171 1190 natura:
1195 1136 1384 1190 unitur
1409 1136 1701 1204 divinitas,
1727 1145 1962 1208 utraque
1981 1148 2111 1208 per-

534 1235 793 1283 manente
823 1237 1041 1283 natura.
1075 1247 1093 1279 ι

532 1343 726 1398 Isidori
757 1351 944 1397 ascetw
975 1338 1259 1466 Pelusizta:
1296 1359 1359 1396 ea:
1383 1341 1605 1413 epistola
1648 1345 1718 1398 ad
1765 1342 2108 1398 Theodosium

1198 1431 1464 1466 zaconum.

1198 1431 1464 1467 taconum.

607 1525 623 1556 ι
659 1505 775 1560 Νοη
821 1520 1008 1560 merus
1045 1505 1212 1559 homo
1242 1504 1501 1560 Christus
1535 1505 1860 1558 incarnatus
1882 1545 1894 1568 ,
1919 1502 2106 1574 potius

529 1613 661 1652 vero
676 1599 822 1653 Deus
845 1599 902 1652 in
930 1606 1164 1669 utraque
1181 1608 1379 1652 natura
1414 1598 1612 1652 unicus
1643 1593 2099 1652 exsistitFilius.»

592 1798 777 1855 Sancti
809 1797 996 1870 Cyrilli
1027 1814 1090 1853 ex
1109 1797 1323 1870 dialogo
1345 1799 1429 1851 cui
1461 1795 1686 1851 titulus:
1722 1815 1740 1848 ι
1781 1794 1926 1851 Unus
1962 1803 2038 1848 est

1133 1867 1393 1924 Christus.
1427 1887 1446 1919 ι

610 1981 626 2014 ι
653 1962 796 2017 Num
828 1960 998 2031 igitur
1017 1959 1436 2014 confunduntur
1455 1958 1578 2014 dua:
1602 1966 1816 2013 naturae
1848 1965 1910 2012 ut
1939 1971 2108 2012 unam

469 2103 479 2112 .
530 2057 813 2114 elIiciant?
841 2055 976 2122 Quis
1003 2055 1143 2110 adeo
1167 2070 1406 2110 vesanus
1441 2053 1821 2126 ignarusque?
1849 2072 1868 2106 ι

600 2255 858 2328 Ejusdem
886 2269 949 2308 ex
977 2255 1218 2307 oratione
1240 2251 1293 2315 9,
1319 2251 1381 2304 de
1414 2250 1730 2305 adorationc
1763 2250 1818 2303 in
1843 2249 2056 2319 spiritu.

607 2370 624 2400 ι
661 2349 858 2404 Clarus
903 2346 1050 2400 enim
1085 2345 1140 2398 in
1177 2353 1321 2398 terra
1357 2358 1419 2397 ac
1453 2341 1782 2396 manifestus
1803 2339 2064 2395 Christus
2093 2379 2107 2403 ,

525 2446 681 2514 juxta
711 2439 846 2519 illud
878 2454 899 2490 ι
934 2457 949 2487 ι
979 2438 1126 2491 Deus
1163 2435 1431 2489 Dominus
1471 2434 1728 2502 apparuit
1776 2433 1959 2494 nobis,
1997 2450 2016 2482 ι
2054 2438 2112 2485 et

537 2534 687 2603 quasi
721 2531 998 2602 duplicem
1032 2527 1286 2582 notitiam
1323 2527 1573 2581 habens:
1607 2541 1732 2580 nam
1775 2527 1831 2581 in
1873 2526 1993 2596 ipso
2020 2525 2109 2579 in-

533 2627 801 2699 telligitur
833 2625 980 2678 Deus
1007 2630 1064 2676 et
1099 2620 1284 2674 homo.
1322 2638 1340 2672 ι

775 2737 1026 2811 Ejusdem
1055 2751 1118 2789 ea:
1156 2721 1310 2806 opere
1335 2741 1520 2788 contra
1551 2732 1854 2789 lulianum.

599 2855 616 2886 ι
651 2835 826 2890 Unica
865 2831 1013 2885 eliim
1053 2836 1253 2882 natura
1295 2827 1446 2897 quod
1491 2825 1596 2897 ipsi
1641 2834 1726 2882 est
1759 2823 2102 2881 contrarium

525 2925 805 2997 quomodo
842 2919 1116 2992 recipiet?
1155 2938 1174 2971 ι

534 3034 800 3092 Eustathii
905 3029 1140 3086 Antioch.
1171 3031 1424 3103 episcopi
1455 3045 1531 3103 ac
1567 3031 2007 3103 interpretatione
2050 3035 2106 3089 in

1062 3099 1328 3170 psalmum
1363 3099 1428 3154 l5
1465 3101 1561 3170 (1).

2286 589 2591 682 "ludis-mf
2610 603 2696 667 εις
2713 602 2802 668 τὸ,
2827 621 2847 654 ι
2873 603 2927 656 '0
2938 606 3025 674 μὴ
3046 589 3233 676 τιμῶν
3248 589 3356 660 τὸν
3573 589 3650 666 οὐ

2285 670 2396 720 τόν
2422 670 2672 738 Πατέρα.
2711 690 2730 725 ι

2293 778 2312 812 ι
2357 759 2479 814 Ἵνα
2512 763 2832 834 ἀμφοτέρας
2865 767 3030 822 αὑτοῦ
3063 768 3406 839 διδαχθῶμεν
3437 771 3541 836 τὰς
3575 770 3790 842 φύσεις,

2217 853 2312 904 καὶ
2345 853 2435 905 τὸν
2467 854 2744 925 ὁρώμενον
2769 857 3079 930 ἄνθρωπον,
3109 863 3204 916 καὶ
3235 865 3335 934 τὴν
3357 863 3454 919 ’διά
3481 867 3579 920 τοῦ
3609 868 3786 941 σώμα-

2218 959 2308 1007 τος
2332 945 2666 1016 ἐνεργοῦσαν
2692 948 2946 1019 θεότητα.

2330 1058 2439 1113 Τοῦ
2464 1061 2651 1136 αὑτοῦ
2692 1065 2780 1127 εις
2807 1063 2923 1130 τὴν
2960 1065 3274 1135 ἀνάληψιν
3310 1070 3418 1124 τοῦ
3444 1072 3690 1140 Κυρίου.

2293 1167 2313 1200 ι
2373 1149 2714 1226 ’Λνθρωπίνῃ
2756 1154 2919 1222 φύσει
2971 1155 3164 1225 θεότης
3211 1161 3565 1230 συνάπτεται,
3601 1166 3782 1236 μενοιῗν⁴

2140 1234 2143 1236 ’
2218 1255 2317 1310 an;
2349 1242 2437 1311 ἐφ’
2461 1243 2670 1312 ἑαυτῆς
2701 1247 2968 1316 ἑκατέρας
3003 1249 3241 1316 φύσεως.
3274 1271 3293 1304 ι

2228 1353 2534 1442 Ἵσιδῴοου
2569 1357 2862 1442 [dogmati
2931 1361 3046 1442 τοῦ.
3072 1364 3508 1442 Πηλουσιὼτου
3556 1369 3626 1442 ἐκ
3674 1369 3775 1442 τῆς

2356 1427 2510 1494 πρὸς
2563 1428 2889 1483 Θεοδόσιον
2951 1427 3240 1486 διάκονον
3294 1437 3650 1506 ἐπιστολῆς.

2288 1535 2309 1568 ι
2355 1519 2430 1571 Oti
2489 1519 2643 1588 ψιλὸς
2684 1522 2968 1592 ἄνθρωπος
2997 1527 3025 1577 ὁ
3077 1526 3311 1596 Χριστὸς
3337 1530 3774 1604 ὲνανθρωπὴσας,

2216 1610 2417 1678 μᾶλλον
2446 1611 2504 1664 δὲ
2529 1613 2666 1676 Θεὸς
2695 1615 2752 1668 ἐν
2782 1615 3077 1688 ἑκατέραις
3106 1621 3223 1682 ταῖς
3243 1621 3472 1690 φύσεσιν
3501 1619 3582 1691 εἷς
3611 1628 3775 1700 iamip-

2212 1718 2296 1770 χει
2325 1701 2468 1766 Υἱός.
2499 1723 2518 1755 ι

2218 1813 2331 1869 Τοῦ
2369 1816 2540 1896 ἁγίου
2567 1819 2874 1896 Κυρίλλου
2900 1820 2970 1875 ἐκ
2997 1821 3108 1896 τοῦ
3139 1825 3288 1878 κατὰ
3323 1825 3611 1896 διάλογον
3637 1844 3773 1886 συν·

2456 1887 2774 1956 τάγματος,
2803 1891 2892 1943 ὅτι
2947 1911 2966 1944 ι
2992 1886 3104 1960 Εἷς
3132 1898 3164 1947 ὀ
3190 1898 3464 1963 Χριστός.
3490 1886 3510 1948 ί

2288 1995 2308 2030 ι
2331 1971 2480 2047 Ἆρα
2509 1975 2603 2033 οὖν
2636 1985 3001 2052 συγκέχυνται
3030 1987 3128 2039 καὶ
3161 1989 3262 2054 μία
3299 1989 3594 2056 γεγόνασιν
3621 1993 3776 2063 ἄμφω

2211 2069 2267 2122 αἶ
2301 2071 2495 2138 φύσεις
2521 2089 2537 2140 ;
2569 2067 2689 2128 εἶτα
2720 2074 2804 2138 τις
2834 2074 3007 2140 οὕτως
3038 2077 3410 2150 ὲμϐρόντητος
3437 2084 3534 2136 καὶ
3569 2085 3776 2156 ἀμαθὴς

2211 2179 2382 2234 ειη;›

2217 2277 2328 2332 Τοῦ
2345 2279 2532 2334 αὐτοῦ
2559 2280 2629 2335 ἐκ
2662 2281 2769 2336 τοῦ
2793 2283 2864 2336 ἐν
2884 2284 3174 2354 πνεύματι
3203 2288 3488 2355 λατρείας
3509 2291 3697 2360 λόγου
3713 2295 3779 2348 θ’.

2265 2372 2601 2445 ¹«Λάμπρος
2651 2373 2760 2441 γὰρ
2809 2377 2868 2428 ὲν
2919 2379 2989 2446 γῇ
3038 2381 3132 2431 καὶ
3171 2378 3781 2454 διαφανὴςόΧριστός·

2209 2465 2350 2518 κατά
2379 2482 2442 2532 γε
2479 2467 2558 2518 τό·
2598 2466 2776 2531 (Θεὸς
2806 2467 3007 2536 Κύριος
3034 2469 3129 2522 καὶ
3161 2471 3432 2539 ὲπέφανεν
3461 2475 3616 2543 ἡμῖν,
3646 2493 3665 2526 ι
3694 2477 3786 2530 καὶ

2209 2554 2372 2607 οἱονεὶ
2403 2555 2569 2623 διφυᾶ
2603 2555 2700 2624 τὴν
2729 2557 2929 2624 γνῶσιν
2960 2557 3100 2628 ἔχων
3121 2576 3134 2591 ·
3163 2561 3367 2615 νοεῖται
3389 2563 3498 2634 γὰρ
3523 2567 3581 2617 εν
3605 2564 3784 2636 {non}

2209 2644 2341 2708 Θεὸς
2373 2649 2470 2699 καὶ
2497 2646 2804 2718 ἄνθρωπος.
2837 2667 2858 2701 ι

2249 2755 2361 2812 Τοῦ
2408 2759 2595 2813 αὑτοῦ
2629 2760 2699 2813 ἐκ
2737 2761 2843 2814 τοῦ
2883 2761 3036 2816 κατὰ
3077 2763 3413 2820 Ἰουλιανοῦ
3449 2768 3642 2835 λότου
3669 2765 3746 2833 η’.

2206 2938 2230 2990 ὲ
2285 2848 2442 2993 ιέδία
2487 2850 2594 2922 γὰρ
2640 2849 2800 2920 φύσις
2838 2852 2954 2917 πῶς
3000 2853 3066 2908 ἂν
3104 2855 3406 2930 εισδέξηται
3436 2859 3499 2913 τὺ
3532 2859 3785 2933 διάφορον

2239 2941 2294 2993 ω’
2357 2941 2553 2993 ausis:
2586 2960 2605 2993 ι

2239 2941 2294 3009 φ’
2325 2941 2554 3012 ὲαυτῆς;
2586 2960 2605 2995 ι

2206 3051 2550 3106 Εὐσταθίου
2579 3053 2934 3122 Ἀντιοχείας
2959 3055 3375 3137 ἐξαέρμηνείας
3405 3061 3513 3117 τοῦ
3541 3071 3606 3118 ιε’
3633 3069 3784 3135 w-

2934 3144 3072 3194 μου.

609 3218 625 3250 ι
659 3195 806 3251 Misit
834 3192 1096 3249 Dominus
1143 3191 1339 3246 Filium
1378 3207 1537 3245 suum
1580 3193 1827 3262 genitum
1869 3209 1936 3250 ex
1976 3211 2097 3250 mu-

2282 3230 2302 3264 ι
2341 3212 2758 3278 Ἐξαπέστειλεν
2803 3219 2831 3269 ὁ
2873 3191 3009 3281 Θεὸς
3032 3219 3122 3296 τὸν
3143 3219 3274 3273 Υἱδν
3300 3221 3466 3276 αὐτοῦ
3492 3227 3780 3296 γενόμενον

527 3295 687 3348 liere.
727 3290 848 3345 Non
873 3287 1087 3358 genitos
1110 3286 1216 3348 aio,
1244 3283 1338 3339 sed
1359 3285 1636 3355 genitum;
1671 3287 1833 3342 unica
1855 3288 2001 3342 enim
2021 3296 2098 3343 est

2206 3305 2270 3358 ὲκ
2296 3306 2574 3373 γυναικὸς,
2601 3309 2663 3360 ού
2693 3308 3043 3378 γενομένους,
3087 3291 3223 3363 am
3263 3283 3582 3385 γενόμενον·
3619 3283 3779 3388 pavu-

530 3399 789 3456 persona.
837 3381 956 3436 Non
989 3378 1100 3434 dixi
1145 3378 1362 3433 unicam
1413 3389 1668 3432 naturam
1713 3379 1885 3450 (absit
1916 3380 2101 3447 enim,

529 3488 588 3532 ut
615 3479 720 3531 hoc
746 3475 1013 3540 dicamus)
1043 3486 1221 3540 neque
1247 3485 1413 3523 unam
1441 3471 1804 3539 eamdemque
1831 3486 1951 3526 esse
1975 3472 2106 3526 sub-

527 3570 787 3624 stantiam
818 3564 1003 3620 carnis
1035 3572 1088 3616 et
1136 3560 1480 3626 divinitatis;
1517 3561 1613 3615 sed
1657 3577 1825 3616 unum
1859 3563 1972 3617 dixi
1999 3563 2104 3617 Do-

531 3661 740 3716 minum
769 3659 965 3714 Jesutn
1006 3653 1294 3709 Christum
1319 3695 1333 3720 ,
1370 3668 1471 3723 per
1520 3668 1685 3723 quem
1729 3655 1914 3708 omnia
1959 3655 2103 3710 facta

526 3762 677 3808 sunt.
715 3771 732 3802 ι

630 3862 856 3918 Joannis
881 3858 1236 3930 Chrysostomi
1257 3872 1319 3911 ea:
1343 3854 1565 3926 epistola
1588 3857 1656 3910 ad
1685 3855 1995 3912 Cmsarium.

600 3975 617 4006 ι
642 3953 958 4008 Mistinncm‘
984 3966 1192 4005 sacram
1239 3949 1550 4003 divinitatis
1591 3956 1648 4003 et
1684 3949 1900 4013 carnis,
1936 3965 2099 4004 unam

525 4059 708 4104 autem
737 4061 804 4100 ex
827 4044 934 4098 hoc
957 4041 1144 4114 perlici
1169 4048 1442 4105 naturam,
1460 4040 1574 4093 hoc
1607 4040 1918 4109 insipientis
1934 4042 2100 4111 Apol-

522 4140 706 4196 linarii
747 4135 1210 4192 inconsideratio.
1252 4134 1358 4189 ista
1387 4148 1580 4187 eorum
1612 4132 1706 4202 qui
1741 4132 2101 4188 introducunt

526 4228 1091 4298 contemperationem
1158 4235 1215 4281 et
1272 4225 1716 4281 commistionem
1774 4223 2096 4295 impiissima

522 4326 771 4382 hatresis.
805 4344 822 4375 ι
853 4322 923 4378 Et
946 4323 1040 4376 sub
1065 4321 1263 4388 ﬁnem:
1311 4339 1329 4372 ι
1367 4322 1663 4391 Fugiamus
1687 4335 1784 4374 eos
1808 4320 1902 4388 qui
1931 4333 2097 4373 unam

521 4431 779 4476 naturam
793 4424 926 4485 post
946 4412 1254 4467 unitionem
1280 4411 1659 4481 prodigialiter
1676 4411 1900 4463 dicunt:
1931 4409 2097 4462 unius

519 4512 668 4567 enim
701 4506 1036 4578 cogitatione
1069 4502 1398 4572 impassibili
1419 4503 1533 4558 Deo
1559 4501 1874 4573 passionem
1900 4499 2096 4572 adjun-

521 4621 649 4675 gere
681 4599 1061 4668 impelluntur.
1092 4613 1112 4646 ι

571 4709 923 4784 Amphilochii
946 4708 1572 4830 llconiengsmefnepistala
1591 4708 1822 4765 secunda
1844 4710 1914 4764 ad
1936 4708 2036 4767 Se-

946 4801 948 4803 '
1171 4795 1394 4833 teucum.

603 4905 620 4936 ι
653 4883 792 4939 Cum
819 4880 920 4936 tibi
955 4879 1199 4935 dixerint
1230 4895 1350 4934 esse
1386 4879 1551 4934 unius
1584 4877 1933 4944 substantiae,
1962 4894 2088 4949 per-

468 5032 473 5037 _
518 4983 786 5030 cunctare
821 4973 943 5027 illos
973 4990 986 5025 :
1021 4971 1123 5037 Qui
1161 4986 1290 5041 ergo
1319 4969 1603 5025 Christum
1635 4970 1827 5025 dicitis
1862 4971 2090 5042 impati-

520 5068 688 5121 bilem
721 5062 1021 5119 secundum
1051 5061 1403 5117 divinitatem
1431 5076 1446 5126 ;
1486 5060 1794 5114 secundum
1821 5076 1954 5115 vero
1984 5060 2090 5114 hu-

522 5159 868 5220 manitatem,
904 5154 1233 5224 patibilem?
1263 5151 1422 5218 Quod
1452 5151 1602 5207 enim
1639 5151 1807 5206 unius
1834 5153 2092 5206 substan-

518 5255 606 5308 tia:
666 5261 753 5306 est
805 5258 992 5304 totum
1051 5247 1230 5302 simile
1258 5255 1346 5301 est
1392 5263 1406 5300 :
1463 5260 1589 5299 nam
1637 5245 1727 5300 vel
1775 5243 2090 5314 impatibile

517 5357 715 5411 totum,
748 5346 834 5402 vel
863 5344 1118 5416 patibile.
1149 5361 1166 5394 ι
1200 5343 1267 5396 Et
1289 5341 1469 5414 paucis
1503 5342 1830 5412 interjectis:
1860 5359 1878 5392 ι
1906 5340 2087 5396 Unum

517 5437 689 5507 igitur
713 5439 916 5494 Filium
954 5436 1238 5492 Christum
1270 5434 1407 5488 duas
1441 5434 1648 5488 habere
1682 5443 1910 5487 naturas
1950 5447 2088 5488 con-

521 5528 698 5595 liteor,
731 5545 912 5599 neque
941 5529 1186 5584 divinam
1215 5541 1397 5596 neque
1439 5527 1738 5580 humanam
1761 5524 1876 5594 ipsi
1913 5523 2086 5578 dene-

589 5657 630 5686 ⁸⁷
663 5658 818 5712 Joan.
849 5676 901 5721 v,
927 5661 1020 5713 εδ.

2119 4567 2172 4627 1)

2203 3393 2355 3446 δικὸν
2403 3394 2512 3464 γὰρ
2557 3395 2618 3448 τὸ
2665 3399 2985 3467 πρόσωπον’
3021 3401 3121 3453 ούκ
3151 3395 3305 3454 εἷπον
3357 3405 3653 3476 μοναδικὴν
3686 3409 3781 3476 τὴν

2206 3485 2367 3555 φύσιν
2395 3487 2629 3562 (ἄπαγε,
2669 3488 2744 3559 μὴ
2769 3489 2978 3557 γένοιτο
3002 3492 3065 3560 l),
3100 3492 3345 3562 ούδὲτὴν
3389 3496 3561 3567 αὐτὴν
3595 3499 3780 3552 οὐσίαν

2207 3577 2409 3650 σαρκὸς
2439 3580 2535 3632 καὶ
2579 3579 2857 3649 θεότητος,
2883 3582 3000 3636 ἀλλ’
3029 3578 3186 3636 εἷπον
3209 3584 3304 3637 ἕνα
3332 3586 3530 3656 Κύριον
3573 3590 3781 3660 Ἰησοῦν

2202 3668 2457 3738 Χριστὸν,
2481 3669 2548 3722 δι’
2577 3662 2638 3722 οὗ
2655 3671 2724 3723 τὰ
2743 3672 2940 3739 πάντα,
2972 3675 3028 3727 ἐν
3051 3675 3130 3746 τῷ
3157 3673 3399 3748 διαφόρῳ
3429 3679 3538 3732 τῶν
3567 3681 3780 3749 φύσεων

2202 3763 2604 3834 γνωριζόμενον
2635 3764 2776 3818 κατὰ
2811 3767 3008 3820 πάντα.
3041 3786 3062 3820 ι

2215 3877 2496 3933 Ἰωάννου
2532 3879 2640 3933 τοῦ
2679 3883 3110 3956 Χρυσοστόμου
3145 3885 3219 3956 ἐκ
3259 3883 3369 3954 τῆς
3429 3886 3582 3956 πρὸς
3636 3892 3776 3944 Και-

2685 3950 2903 4019 σάριον
2933 3950 3289 4022 ἐπιστολῆς.

2279 4058 2298 4092 ι
2329 4039 2490 4104 Μίξιν
2525 4041 2818 4096 θεσπεσίαν
2856 4044 3109 4116 θεότητος
3148 4050 3243 4101 καὶ
3289 4049 3510 4120 σαρκὸς,
3559 4051 3776 4122 μίανδὲ

2201 4131 2451 4185 ἐντεῦθεν
2491 4133 2808 4204 τελεσθῆναι
2855 4137 3042 4205 φύσιν,
3091 4140 3250 4193 τοῦτο
3297 4139 3388 4193 τοῦ
3425 4145 3776 4215 παρὰφρονος

2213 4225 2593 4295 Ἀπολιναρίου
2638 4228 2700 4279 τὸ
2748 4229 3041 4301 ὰτόπημα’
3091 4232 3230 4302 αὕτη
3278 4233 3388 4286 τῶν
3438 4236 3775 4303 εἰσαγόντων

2199 4319 2397 4388 κρᾶσιν
2442 4318 2539 4372 καὶ
2587 4322 2912 4392 συναλοιφὴν
2955 4323 3436 4395 ήσδυσσεῦεστάτη
3484 4328 3720 4397 αἵρεσις,
3753 4347 3770 4378 ι

2198 4409 2309 4461 Καὶ
2344 4407 2479 4477 πρὸς
2515 4409 2590 4479 τῷ
2612 4411 2758 4464 τέλει
2785 4428 2800 4442 ·
2833 4433 2852 4464 ι
2878 4415 3143 4485 Φύγωμεν
3169 4417 3295 4480 τοὺς
3335 4418 3464 4486 μίαν
3494 4419 3655 4486 φύσιν
3683 4421 3779 4472 ἐπὶ

2196 4500 2297 4566 τὴν
2347 4500 2538 4554 ἕνωσιν
2581 4507 3069 4575 τερατευομένους·
3119 4511 3184 4578 τῇ
3235 4510 3343 4581 γὰρ
3370 4511 3468 4579 τῆς
3503 4513 3634 4578 μιᾶς
3663 4515 3781 4566 ἐπι·

2198 4591 2339 4663 νοίᾳ,
2369 4593 2447 4664 τῷ
2478 4595 2681 4649 ἀπαθεῖ
2703 4596 2821 4668 Θεῷ
2852 4598 3020 4661 πάθος
3049 4601 3381 4671 προσάπτειν
3402 4605 3773 4670 ἐπείγονται.ι

2209 4705 2594 4776 Ἀμφιλοχίου
2621 4709 2875 4763 Ἰκονίου
2904 4711 2974 4762 ἐν
2997 4712 3108 4777 τῆς
3135 4711 3284 4779 πρὸς
3309 4711 3612 4767 Σέλευκον
3641 4713 3780 4769 δευ-

2707 4781 2881 4846 τέρας
2911 4779 3260 4848 ἐπιστολῆς.

2271 4903 2292 4936 ι
2323 4884 2451 4939 Ἐὰν
2481 4885 2715 4939 εἴπωσιν
2753 4886 2829 4950 ὡς
2879 4887 3232 4958 μιᾶςόὺσῐας
3267 4887 3406 4949 ἐστὶ,
3451 4887 3778 4957 ἐρωτήσατε

2195 4977 2416 5042 αὐτοὺς,
2448 4979 2572 5040 Πῶς
2601 4974 2694 5030 οὖν
2719 4978 2860 5030 κατὰ
2903 4977 3000 5048 μὲν
3043 4977 3272 5046 θεότητα
3298 4976 3506 5047 ἀπαθῆ,
3541 4980 3686 5030 κατὰ
3719 4978 3779 5030 δὲ

2194 5069 2294 5138 τὴν
2322 5071 2500 5140 σάρκα
2530 5068 2806 5134 παθητόν;
2842 5068 2904 5120 τὸ
2945 5068 3053 5137 γὰρ
3093 5068 3222 5135 μιᾶς
3269 5066 3517 5134 ὑπάρχον
3558 5067 3774 5130 οὐσίας,

2195 5161 2316 5213 ὅλον
2347 5161 2534 5229 ὅμοιον
2555 5176 2570 5192 ⁸
2601 5159 2634 5230 ἢ
2662 5162 2772 5229 γὰρ
2802 5157 3008 5220 ἀπαθὲς
3054 5158 3195 5219 ὅλον,
3222 5155 3254 5224 ἢ
3290 5154 3555 5222 παθητόν.
3599 5175 3618 5208 ι
3665 5157 3779 5210 Καὶ

2200 5251 2339 5320 μετὰ
2378 5249 2585 5320 βραχέα
2613 5265 2628 5280 σ
2665 5270 2683 5303 ι
2706 5251 2845 5303 Ἕνα
2888 5247 2985 5303 οὖν
3010 5248 3136 5302 Υἱὸν
3165 5248 3253 5299 τὸν
3283 5245 3514 5312 Χριστὸν
3542 5245 3640 5299 δύο
3671 5247 3784 5314 φύς

2198 5341 2336 5395 σεών
2369 5360 2532 5414 φημι,
2565 5344 2666 5396 οὐκ
2697 5342 3028 5415 ἀρνούμενος
3072 5342 3170 5412 τὴν
3200 5337 3367 5397 θείαν,
3393 5335 3514 5387 οὐδὲ
3549 5337 3650 5404 τὴν
3677 5340 3776 5391 ἀν-

2197 5429 2473 5502 θρωπείαν
2498 5447 2524 5490 ἰ
2559 5433 2761 5503 πάσχει
2810 5432 2990 5486 τοίνυν
3030 5433 3090 5484 ού
3139 5428 3372 5494 θεότητι,
3407 5425 3523 5476 ἀλλ’
3556 5426 3781 5496 ἀνθρω⁴

2195 5523 2390 5594 πότητι
2411 5539 2423 5551 ·
2456 5522 2706 5575 τουτέστι
2738 5523 2972 5592 Χριστὸς
3027 5520 3191 5574 ἔπαθε
3223 5513 3402 5583 σαρκὶ,
3441 5512 3562 5564 ἀλλ’
3606 5517 3710 5584 οὐχ
3744 5517 3778 5582 ὴ

589 5769 680 5841 (_i)_
702 5771 779 5823 Ex
824 5770 1092 5841 Eustathii
1164 5771 1574 5824 commentariis
1648 5772 1704 5824 in
1748 5770 1956 5838 aliquot
2014 5771 2251 5841 psalmos
2293 5741 2526 5841 protulit
2575 5777 2833 5838 excerpta
2911 5765 3156 5835 quaedam
3204 5757 3331 5815 clar.
3375 5755 3452 5808 vir
3512 5753 3606 5810 Jo.
3652 5758 3786 5833 Alb.

519 5837 828 5908 Fabricius,
881 5839 1013 5894 Blbl.
1063 5841 1251 5923 (metu,
1305 5849 1435 5895 tom.
1499 5841 1627 5906 \‘lll,
1669 5837 1881 5912 p.18i.
