4098 6256
325 351 460 418 ιδῃ

1504 362 1802 422 CONTRA
1840 352 2438 420 MONOPHYSITAS.

3440 353 3582 418 18ίέ

326 471 523 541 θεότης
565 467 767 522 ἔπαθεν
788 485 803 500 ·
837 468 1016 538 ἄπαγε
1044 471 1104 524 τὸ
1129 469 1390 537 δυσμενὲς
1419 471 1578 526 τοῦτο
1605 473 1697 526 καὶ
1740 470 1906 541 βλάσ-

2008 485 2158 542 gans.
2212 471 2428 526 Patitur
2476 483 2588 524 non
2639 465 2991 532 deitate,sed
3037 465 3404 523 humanitate.
3463 469 3579 522 Hoc

330 578 537 631 φημον,
575 555 620 614 ὦ
645 560 874 614 δείλαιε·
906 563 938 631 ὴ
974 560 1235 632 ληφθεῖσα
1275 564 1476 636 πάσχει
1524 563 1705 634 φύσις,
1755 566 1789 634 ὴ
1848 562 1905 616 δὲ

2008 563 2260 618 Christus
2292 577 2495 632 passus
2540 570 2626 616 est
2667 576 2880 614 carne:
2927 560 3074 614 haud
3124 575 3400 629 quaquam
3439 574 3575 614 vero

332 651 579 707 λαϐοῦσα
607 651 824 724 ἀπαθὴς
851 653 1022 724 μένει.
1052 672 1073 708 ι

340 937 670 1007 Γρηγσρίου
701 941 960 1009 Νύσσης
990 941 1060 996 ἐκ
1110 941 1217 996 τοῦ
1249 943 1337 1008 εἰς
1369 942 1700 1010 παρθενίαν
1740 941 1908 996 ἐπαί-

1056 1029 1191 1066 νου.

345 1096 548 1153 «Ἦλθε
570 1101 703 1164 Θεὸς
734 1102 932 1172 θνητός
959 1120 1040 1166 τε,
1065 1103 1256 1171 φύσεις
1278 1104 1374 1158 δύο
1413 1105 1494 1167 εἰς
1522 1104 1580 1156 ἓν
1608 1104 1832 1175 διείρας,

338 1189 447 1260 Τὴν
465 1191 563 1260 μὲν
584 1191 947 1265 κευθομένην,
962 1195 1062 1265 τὴν
1083 1195 1127 1248 δ’
1157 1195 1438 1265 ἀμφαδίην
1459 1213 1524 1266 με
1534 1196 1748 1267 ρόπεσι.
1778 1216 1798 1251 ι

416 1361 556 1414 Ἀλλ’
588 1356 756 1417 αὗται
796 1365 897 1433 μὲν
944 1365 1056 1420 τῶν
1107 1367 1391 1437 ἡμετέρων
1417 1383 1432 1399 ο
1465 1367 1648 1422 αὐτῶν
1693 1369 1749 1422 δὲ
1799 1369 1909 1424 τῶν

335 1452 458 1504 καθ’
487 1455 642 1524 ἡμῶν
672 1455 997 1511 λυττώντων
1017 1497 1032 1522 ,
1067 1460 1114 1510 εί
1145 1458 1385 1512 ἑκούσιοι
1427 1461 1570 1514 κατὰ
1599 1461 1750 1516 θείαν
1779 1481 1907 1516 συν-

335 1544 520 1598 ἐλασιν
560 1546 593 1617 ἢ
636 1547 887 1601 ἀκούσιοι
924 1549 1024 1602 οὐκ
1054 1543 1192 1616 οἴδα,
1241 1550 1444 1604 τοιαίδε
1469 1551 1525 1604 δὲ
1553 1553 1703 1623 ὅμως
1733 1557 1907 1623 φωναὶ

335 1634 619 1705 φέρονται.

347 1747 736 1826 Ἀρριλοχίριι
751 1749 858 1826 (of;
887 1750 1088 1826 Σίδης,
1112 1751 1184 1826 ὅιξ
1205 1769 1354 1826 φασι
1367 1756 1562 1826 miror
1587 1759 1904 1826 ἀπροσπα-

2004 670 2162 726 passa
2219 663 2305 710 est
2350 655 2552 710 deitas.
2587 654 2866 716 Facessat,
2904 653 3108 706 miser!
3158 653 3386 708 inimica
3422 652 3577 706 blas-

2004 745 2314 814 phemaque
2365 753 2451 799 est
2496 744 2614 798 haec
2656 743 2867 812 opinio.
2911 743 3123 798 Patitur
3165 751 3447 812 assumpta
3480 758 3575 796 na-

2007 845 2172 890 tura:
2211 852 2334 905 qua:
2370 845 2558 891 autem
2589 835 2896 905 assumpsit
2923 843 3114 890 manet
3141 835 3484 906 impatibilis.
3514 853 3533 887 ο

2182 950 2421 1023 Gregorii
2449 950 2672 1024 Νεμεεηὶ
2699 968 2762 1006 ex
2787 951 3041 1006 Encomio
3068 951 3410 1022 virginitatis.

2084 1123 2103 1157 ι
2139 1104 2308 1161 Venit
2328 1105 2477 1160 Deus
2502 1107 2872 1176 mortalisque
2892 1105 3032 1161 duas
3062 1105 3116 1160 in
3144 1120 3318 1160 unum
3349 1113 3585 1161 naturas

2008 1213 2327 1262 consuens,
2379 1214 2541 1252 unam
2598 1199 2828 1269 quidem
2873 1198 3286 1263 absconditam,
3344 1198 3576 1253 alteram

2009 1300 2197 1346 autem
2230 1290 2553 1345 hominibus
2594 1291 2963 1345 manifestam.
2997 1309 3015 1341 ι

2080 1381 2208 1436 Haec
2239 1388 2372 1435 sunt
2399 1381 2624 1450 quidem
2659 1389 2979 1435 nostrorum
3004 1381 3191 1435 verba.
3217 1381 3440 1434 Illorum
3477 1395 3580 1434 au-

2009 1481 2120 1528 tem
2155 1473 2249 1543 qui
2282 1473 2337 1527 in
2368 1488 2472 1528 nos
2505 1475 2753 1527 furentes
2787 1481 2949 1536 sunt,
2978 1487 3141 1526 voces
3171 1473 3285 1526 sive
3324 1472 3579 1526 volunta-

2007 1565 2101 1620 riae
2123 1563 2428 1620 secundum
2469 1564 2712 1618 divinam
2739 1563 3153 1634 impulsionem,
3179 1563 3294 1618 sive
3327 1563 3592 1619 involunw

2006 1653 2181 1717 tariae,
2209 1653 2423 1717 nescio,
2451 1652 2589 1707 tales
2614 1651 2945 1706 afferuntur.

2007 1763 2356 1834 Amphilochii
2385 1761 2642 1823 Sidensis,
2671 1779 2825 1834 quem
2871 1761 3042 1816 solum
3089 1761 3350 1834 intrepido
3400 1763 3590 1834 animo

405 1819 520 1904 Qui};
564 1819 896 1904 καὶ.ἀδεῶς
920 1822 1088 1889 ἔχειν
1125 1819 1238 1904 eili-
1281 1819 1772 1904 ér'r-ﬁyvydow,
1830 1833 1899 1904 ἐκ

2071 1819 2232 1904 fuisse
2265 1835 2476 1902 ferunt;
2512 1849 2576 1886 ea:
2613 1819 2837 1891 epistola
2875 1842 3060 1886 contra
3088 1819 3349 1902 synodum
3378 1833 3584 1897 scripta

405 1889 516 1972 τῆς
570 1891 693 1972 κατ’
730 1889 919 1972 αὐτῆς
981 1896 1316 1972 γραφείσης
1355 1889 1514 1961 αὐτῷ
1572 1889 1905 1972 ἐπιστολῆς

405 1908 516 1953 της
570 1908 689 1942 κατ’
730 1908 919 1956 αυτης
1059 1908 1246 1959 agnata"

405 1955 559 2024 πρὸς
590 1956 820 2010 Λέοντα
841 1959 946 2011 τὸν
963 1908 1246 2023 Ᾰέσιλέα.

414 2065 434 2096 ι
459 2045 913 2114 Καταφεύξονται
957 2048 1066 2119 γὰρ
1119 2051 1197 2114 εἰς
1236 2070 1387 2124 τινας
1429 2056 1783 2126 διδασκάλους
1814 2062 1909 2117 δύο

340 2134 532 2204 φύσεις
558 2137 872 2208 εἰρηκότας.
899 2156 919 2190 ι

341 2245 609 2330 Σεξῄρου
639 2231 1073 2330 ξοιξᾼαῑρετικρῦ
1096 2255 1200 2309 τοῦ
1215 2256 1612 2330 έιιξοφυσίτου
1633 2266 1760 2330 ταῖς
1774 2266 1912 2320 ἰου-

409 2319 686 2456 ᾕιέιέοκαὶ
727 2322 1080 2391 Ἀμϐροσίου
1130 2319 1428 2394 χρῆσὲοῖιν
1474 2330 1660 2395 οὕτως
1714 2319 1913 2389 ἐπιλέ-

590 2408 643 2454 ς.

410 2517 431 2550 ε
469 2498 527 2555 Ὀ
552 2501 608 2553 δὲ
638 2502 736 2555 καὶ
757 2503 827 2556 τὰ
861 2504 969 2559 ἴδια
991 2507 1294 2576 γινώσκων,
1324 2511 1414 2566 καὶ
1440 2511 1540 2583 τὴν
1571 2513 1766 2570 ἕνωσιν
1815 2534 1916 2586 φυ-

333 2589 546 2645 λάττων
570 2634 585 2659 ,
625 2593 752 2647 οὗτε
780 2595 880 2660 τὰς
918 2597 1107 2668 φύσεις
1133 2601 1413 2671 ψεύδεται,
1443 2603 1566 2657 οὔτε
1595 2605 1692 2674 τὴν
1719 2606 1911 2663 ἕνωσιν

333 2685 618 2754 ἀγνοήσει.
641 2704 660 2738 ι

445 2796 556 2851 Τοῦ
582 2798 770 2875 αὐτοῦ
797 2799 866 2854 ἐκ
892 2800 1011 2857 τῶν
1042 2805 1194 2858 κατὰ
1225 2806 1331 2861 τοῦ
1358 2809 1800 2878 Γραμματικοῦ.

409 2925 429 2958 ι
464 2906 570 2961 Δύο
597 2909 694 2974 τὰς
728 2909 920 2979 φύσεις
946 2913 1002 2965 ὲν
1035 2913 1112 2984 τῷ
1137 2916 1357 2988 Χριστῷ
1390 2917 1640 2989 νοοῦμεν,
1675 2921 1774 2993 τὴν
1809 2923 1914 2992 μὲν

333 2999 580 3069 κτιστὴν,
617 3001 718 3068 τὴν
749 3001 808 3055 δὲ
849 3002 1122 3072 ᾶκτιστον,
1152 3007 1268 3061 ἀλλ’
1293 3008 1466 3072 οὐδεὶς
1503 3012 1780 3081 ἐγράψατο
1810 3013 1908 3085 τὴν

335 3090 398 3142 ὲν
431 3090 738 3162 Χαλκηδόνι
781 3094 1026 3159 σύνοδον,
1062 3098 1162 3169 τὴν
1187 3099 1378 3169 ἄλογον
1413 3103 1616 3175 ταύτην
1644 3107 1864 3177 γραφήν
1887 3123 1902 3140 ’

333 3179 388 3232 τί
423 3180 621 3250 δήποτε
644 3183 736 3237 δύο
769 3184 962 3253 φύσεις
989 3187 1278 3259 ὠνόμασαν
1303 3193 1433 3264 περὶ
1456 3194 1554 3263 τῆς
1580 3195 1671 3248 τοῦ
1689 3176 1904 3266 Ἐμμα-
1931 3176 1976 3234 C

334 3271 502 3341 νουὴλ
528 3273 776 3338 ἐνώσεως
791 3277 1287 3349 διαλαμὸάνοντες;
1314 3284 1496 3348 οὐδεὶς·
1513 3285 1711 3358 ταύτην
1740 3289 1904 3360 ἐστή-

335 3378 466 3415 σατο
511 3363 612 3435 τὴν
657 3369 1023 3440 κατηγορίαν,
1070 3371 1185 3424 ἀλλ’
1223 3373 1440 3444 ἐκείνην
1474 3376 1618 3445 μάλα
1649 3377 1900 3443 δικαίως·

224 3502 229 3506 ,
331 3453 387 3506 τί
416 3454 619 3525 δήποτε
684 3459 761 3528 μὴ
815 3461 1278 3532 ἀκολουθήσαντες
1330 3466 1407 3536 τῷ
1470 3467 1611 3538 ἁγίῳ
1650 3470 1903 3542 Κυρίλλῳ

332 3548 398 3600 ὲκ
431 3547 526 3600 δύο
562 3551 779 3616 φύσεων
821 3551 1034 3619 ἔφασαν
1073 3549 1214 3609 εἶναι
1241 3557 1332 3610 τὸν
1354 3559 1622 3629 Χριστόνο
1659 3563 1725 3617 οὐ.
1763 3580 1907 3618 παυς

332 3638 542 3709 σόμεθα
581 3639 831 3709 λέγοντες
890 3643 1090 3710 τοίνυν,
1156 3646 1232 3711 ὡς
1283 3648 1504 3716 Δείξατο
1555 3652 1642 3716 τίς
1693 3653 1798 3725 τὴν
1844 3655 1905 3709 ἐν

331 3731 639 3802 Χαλκηδόνι
684 3732 925 3801 σύνοδον,
958 3735 992 3809 ἢ
1026 3737 1142 3790 τὸν
1171 3738 1336 3809 τόμον
1367 3741 1616 3808 Λέοντος,
1642 3743 1740 3814 τὴν
1777 3746 1903 3800 καθ’

329 3821 678 3876 ὑπόστασιν
699 3822 918 3878 ἕνωσιν
951 3826 1412 3898 ὁμολογήσαντας,
1435 3832 1469 3903 ἢ
1501 3831 1716 3889 σύνοδον
1743 3853 1905 3904 φυσι-

332 3910 452 3982 κὴν,
487 3911 522 3982 ἢ
569 3913 628 3978 ἐξ
667 3915 870 3984 ἀμφοῖν
911 3914 1008 3970 ἕνα
1049 3919 1306 3989 Χριστὸν,
1348 3921 1381 3993 ἢ
1425 3923 1556 3992 μίαν
1602 3923 1764 3994 φύσιν
1807 3927 1902 3981 τοῦ

332 4001 465 4055 Θεοῦ
502 4004 679 4072 Λόγου
723 4009 1233 4077 σεσαρκωμένηγ¹
1280 4014 1377 4064 καὶ
1413 4015 1534 4065 τότε
1578 4015 1907 4084 γνωσόμεθα

333 4093 406 4157 ὡς
440 4095 582 4148 κατὰ
619 4095 712 4149 τὸν
739 4096 1067 4166 σοφώτατον.
1087 4099 1354 4169 Κύριλλον
1373 4101 1585 4172 ’θεωρίᾳ
1610 4103 1749 4176 μόνῃ
1772 4105 1908 4156 ἀνα-

333 4185 610 4254 κρίνοντες
637 4187 736 4258 τὴν
783 4188 1016 4260 ούσιώδη
1042 4188 1308 4260 διαφορὰν
1332 4191 1444 4243 τῶν
1482 4194 1914 4263 συνενεχθέντων

333 4276 666 4350 ἀπορῤήτως
697 4281 777 4342 είς
805 4279 864 4332 ἓν
903 4281 1087 4348 ῐσασιε
1108 4280 1214 4333 καὶ
1245 4280 1322 4344 ὼς
1354 4281 1516 4353 ἑτέρα
1549 4285 1581 4354 ἠ
1612 4283 1706 4337 τοῦ
1732 4285 1910 4354 Λόγου

335 4368 515 4436 φύσις,
559 4371 653 4424 καὶ
683 4370 852 4441 ἑτέρα
888 4373 921 4442 ἡ
951 4371 1048 4442 τῆς
1083 4370 1306 4442 σαρκὸς,
1336 4375 1431 4426 καὶ
1454 4373 1530 4437 ὡς
1576 4373 1670 4428 δύο
1696 4375 1792 4430 τὰ
1813 4378 1909 4431 ἁλ-

2081 1904 2150 1957 ad
2175 1903 2401 1957 Leonem
2431 1904 2808 1973 imperatorem
2823 1905 2920 1976 (Ξ).

2081 2076 2100 2110 ι
2137 2057 2470 2128 Confugient
2505 2057 2572 2112 ad
2601 2056 2870 2129 quosdam
2901 2067 3290 2131 praeceptores,
3325 2054 3418 2125 qui
3440 2053 3589 2108 duas-

2006 2158 2236 2204 naturas
2261 2149 2652 2219 praedicarunt.
2689 2167 2711 2199 ›

2009 2263 2238 2319 Severus
2273 2264 2949 2333 hereticus.mimpltysita,
2995 2262 3394 2318 auctoritatibus
3447 2260 3588 2316 Julii

2457 2341 2506 2385 et
2529 2327 2910 2388 A'mbrosii'hoc
2932 2333 3128 2386 subdit;

2092 2526 2109 2559 ι
2132 2505 2611 2577 Quiproprietates
2626 2509 2891 2578 agnoscit,
2908 2508 3111 2578 quique
3134 2507 3594 2578 coniunctionem

2012 2597 2311 2668 diligenter
2341 2597 2638 2664 observat,
2676 2599 2724 2652 is
2756 2614 2936 2667 neque
2968 2605 3196 2652 naturas
3220 2596 3595 2659 inﬁciabitur;

2011 2704 2114 2744 nec
2145 2688 2394 2758 ipsarum
2422 2689 2675 2759 copulam
2708 2689 3002 2760 ignorabit.
3038 2707 3056 2740 ι

2201 2805 2458 2875 Ejusdem
2487 2821 2550 2859 ex
2573 2805 2718 2860 libris
2742 2813 2929 2860 contra
2961 2805 3403 2862 Grammaticum.

2083 2919 2298 2973 ¢.Duas
2337 2919 2394 2973 in
2443 2918 2665 2975 Christo
2703 2927 2936 2973 naturas
2983 2917 3368 2988 concipimus,
3413 2932 3594 2972 unam

2009 3019 2270 3076 creatam,
2317 3013 2546 3067 alteram
2587 3014 2909 3068 increatam.
2936 3013 3110 3068 Nemo
3161 3027 3295 3067 vero
3341 3011 3590 3067 concilio.

2007 3101 2442 3158 Chalcedonensi
2469 3103 2768 3158 ridiculum
2796 3105 2902 3159 hoc
2927 3105 3140 3159 crimen
3175 3104 3402 3174 objecit,
3429 3103 3586 3173 quod

2008 3193 2062 3247 in
2085 3193 2448 3249 Emmanuele
2467 3194 2605 3249 duas
2623 3202 2848 3250 naturas
2867 3196 3198 3261 asseruerit;
3225 3209 3388 3249 nemo
3411 3209 3597 3258 unus,

2012 3284 2259 3354 inquam,
2289 3287 2396 3342 hoc
2430 3287 2660 3358 objecit,
2691 3289 2788 3342 sed
2810 3287 2942 3341 illud
2982 3287 3168 3356 potius
3201 3289 3250 3340 ei
3287 3286 3426 3340 vitio
3453 3300 3581 3340 ver-

2008 3375 2235 3430 tendum
2277 3377 2528 3445 putavit;
2575 3377 2721 3447 quod
2763 3377 2984 3432 concilii
3029 3377 3219 3442 Patres
3258 3375 3594 3428 ex.duabus

2006 3463 2230 3517 naturis
2267 3462 3003 3533 Christum-compositum,
3056 3461 3326 3532 Cyrillum
3369 3462 3596 3525 secuti,.
3677 3487 3680 3490 ~

2007 3552 2235 3608 minime
2275 3553 2588 3608 docuerint.
2643 3554 2756 3609 Nos
2807 3563 2992 3608 autem
3046 3552 3250 3606 instare
3300 3565 3584 3619 nunquam

2009 3643 2372 3699 cessabimus.
2407 3643 2675 3700 Ostendat
2710 3643 2914 3713 aliquis
2962 3641 3233 3712 synodum
3278 3639 3583 3696 Chalcedo-

2007 3749 2238 3790 nensem
2272 3745 2369 3790 aut
2398 3735 2640 3790 Leonem
2670 3735 2724 3790 in
2753 3735 2869 3790 suis
2901 3733 3059 3788 libris
3093 3732 3346 3786 confiteri
3376 3733 3460 3787 vel
3493 3721 3596 3804 Ity:

2008 3828 2326 3893 postaticam
2358 3828 2630 3890 unionem,
2657 3826 2744 3880 vel
2770 3825 3079 3879 naturalem
3115 3823 3582 3892 conjunctionem,

2008 3917 2094 3970 vel
2135 3933 2204 3972 ex
2243 3918 2464 3973 duabus
2513 3917 2733 3971 naturis
2767 3931 2943 3971 unum
2988 3915 3296 3978 Christum,
3345 3917 3431 3968 vel
3484 3917 3585 3971 Dei

2009 4006 2175 4063 Verbi
2226 4018 2484 4063 naturam
2537 4022 2708 4062 unam
2768 4007 3150 4067 inearnatam;
3207 4003 3283 4066 id,
3338 4004 3603 4073 inquam...

2011 4099 2283 4154 ostendat.
2298 4099 2369 4152 Et
2388 4109 2789 4151 tuncunacum
2810 4093 3214 4161 sapientissimo
3225 4091 3427 4164 Cyrillo
3441 4094 3590 4151 dice-

2013 4204 2138 4244 mus
2170 4205 2266 4243 eos
2297 4195 2482 4242 mente
2508 4186 2625 4241 sola
2653 4184 3072 4254 deprehendere
3097 4185 3416 4253 discrimen,
3438 4190 3589 4258 quod

2013 4278 2160 4333 inter
2181 4278 2273 4332 illa
2309 4277 2442 4342 duo,
2477 4293 2600 4347 quae
2625 4275 2891 4330 ineffabili
2921 4275 3086 4331 modo
3114 4278 3407 4348 conjuncta
3436 4291 3584 4342 sunt,

2013 4367 2338 4436 intercedit,
2384 4376 2550 4438 atque
2595 4367 2923 4438 dignoscere
2965 4375 3264 4436 utrumque
3312 4369 3365 4421 in
3415 4384 3588 4422 unum

334 4458 511 4531 λὴλοις
543 4462 1291 4534 συνενηνεγμένα.καθορῶσι
1317 4463 1394 4536 τῷ
1427 4465 1805 4536 νῴ,,διιστῶσι
1846 4469 1905 4523 δὲ

2011 4460 2361 4526 convenisse,
2399 4471 2456 4516 et
2485 4461 2650 4515 aliam
2681 4475 2805 4516 esse
2832 4468 3089 4516 naturam
3129 4459 3314 4526 Verbi,
3337 4470 3396 4517 et
3425 4463 3600 4518 aliam.

331 4552 602 4623 οὐδαμῶς.
631 4571 652 4605 ι

400 4815 591 4872 Καίτοι
633 4832 700 4886 γε
766 4817 811 4870 όῖ
846 4816 1023 4872 ταῦτα
1077 4817 1272 4888 λέγων,
1313 4820 1371 4873 ὲν
1417 4824 1485 4892 τῇ
1536 4821 1752 4876 ἐκθέσει
1801 4823 1902 4894 τῆς

324 4906 567 4972 πίστεως
596 4907 769 4965 αὐτοῦ
801 4909 937 4980 πρὸς
969 4910 1270 4980 Νηφάλιον,
1303 4915 1331 4966 ὁ
1353 4913 1514 4979 αὐτός
1547 4930 1678 4983 φησι
1704 4928 1717 4942 ·
1768 4931 1786 4965 ι
1829 4915 1904 4968 Τὸ

322 4996 512 5065 λέγειν
543 4999 638 5052 δύο
669 4999 862 5069 φύσεις
903 4999 998 5054 ἐπὶ
1043 5002 1299 5072 Χριστοῦ,
1333 5003 1514 5075 πάσης
1566 5005 1902 5074 κατηγορίας

320 5089 662 5158 ἑπίμεστον,
681 5092 733 5144 εἰ
760 5092 856 5146 καὶ
885 5093 990 5146 ὑπὸ
1019 5092 1283 5146 πλειόνων
1312 5095 1483 5162 ἁγίων
1529 5097 1792 5166 Πατέρων
1822 5097 1900 5150 el-

323 5196 518 5250 ρηται.
552 5199 572 5233 ι
609 5181 722 5235 Καὶ
761 5180 880 5252 μεθ’
923 5181 1090 5251 ἕτερα
1120 5198 1133 5211 °
1165 5201 1182 5234 ι
1212 5184 1321 5236 Καὶ
1372 5187 1445 5254 μὴ
1497 5186 1658 5256 εἴπῃς
1703 5186 1779 5250 ὡς
1832 5188 1899 5258 τῇ

316 5269 475 5336 λέξει
497 5270 607 5324 τῶν
635 5271 730 5325 δύο
753 5271 972 5340 φύσεων
989 5273 1133 5334 τινὲς
1155 5274 1262 5326 τῶν
1289 5271 1546 5347 Πατέῥων
1579 5277 1899 5347 ἐχρήσαντο·

1929 4510 1982 4570 D

2014 4555 2269 4602 naturam
2301 4549 2504 4612 carnis,
2535 4564 2656 4617 qua1
2677 4547 2785 4602 sibi
2811 4548 3046 4603 invicem
3074 4549 3436 4619 copulata,.et
3458 4565 3590 4604 con-

2006 4636 2199 4706 juncta
2234 4635 2344 4690 dno
2389 4650 2614 4690 manere
2654 4644 2840 4690 mente
2881 4635 3211 4706 percipient,
3248 4638 3467 4695 etiamsi
3497 4653 3588 4693 re-

2011 4724 2130 4792 ipsa
2155 4719 2383 4776 minime
2418 4722 2828 4793 disjungautur.
2851 4773 2855 4777 .
2877 4741 2895 4774 ι

2083 4824 2408 4896 Quanquam
2435 4826 2531 4895 qui
2557 4826 2676 4882 hinc
2708 4825 2867 4903 dicit,
2893 4826 3038 4881 idem
3073 4828 3125 4881 in
3156 4843 3253 4883 sua
3281 4829 3345 4884 ad
3379 4831 3453 4904 ('5)
3483 4832 3589 4884 Nc-

2008 4911 2258 4984 phalium
2306 4911 2433 4967 fidei
2472 4912 2710 4984 formula
2747 4921 2984 4966 testatur
3041 4927 3162 4968 esse
3219 4934 3237 4965 ι
3283 4917 3587 4970 absurdum

2008 5006 2261 5062 omnium
2294 4987 2599 5060 maximum
2629 5005 2766 5060 duas
2787 5004 2854 5058 de
2886 5004 3108 5062 Christo
3137 5014 3360 5062 naturas
3391 5008 3596 5076 pracdi-

2011 5107 2160 5158 care,
2203 5093 2457 5162 quamvis
2497 5092 2552 5146 id
2583 5092 2932 5161 aplerisque
2971 5094 3180 5147 sanctis
3212 5091 3468 5145 Patribus
3497 5105 3588 5142 as—

2009 5192 2219 5238 sertum
2261 5183 2451 5236 fuerit.
2479 5201 2496 5232 ι
2531 5183 2600 5238 Ει
2636 5191 2762 5252 post
2794 5182 2950 5236 haec:
2988 5201 3007 5235 ι
3047 5183 3126 5237 Ne
3159 5182 3334 5238 dicas.
3381 5179 3586 5248 inquit,

2009 5273 2310 5328 nonnullos
2353 5273 2544 5328 Patres
2598 5274 2705 5328 hoc
2746 5272 2918 5328 verbo
2969 5273 3205 5327 duarum
3263 5277 3607 5322 naturaruur.

317 5360 640 5432 ἐχρήσαντο
679 5361 790 5432 γὰρ
810 5361 1176 5431 ἀδιαϐλήτως,
1207 5361 1395 5435 ὥσπερ
1454 5366 1712 5435 εἴπομενο
1755 5369 1907 5423 κατὰ

2008 5380 2128 5420 esse
2172 5379 2337 5429 usos;
2380 5379 2508 5417 nam
2547 5374 2662 5420 tum
2701 5380 2770 5428 eo
2817 5363 3091 5419 vocabulo
3137 5359 3217 5411 nti
3249 5359 3332 5411 eis
3361 5358 3593 5429 impune

401 5540 497 5614 (2).
521 5540 758 5614 Scripsit
804 5540 975 5614 igitur
1016 5538 1111 5592 hic
1140 5539 1787 5614 Amphilochiusicontra
1819 5560 1908 5614 sy-

314 5609 541 5664 nodum
584 5609 662 5663 ad
701 5609 850 5680 imp;
885 5609 1168 5680 Leonem;
1193 5609 1346 5680 cujus
1383 5616 1461 5667 rei
1492 5613 1640 5665 nulla
1673 5609 1899 5676 mentio,

313 5680 476 5747 quod
507 5694 614 5749 ego
645 5677 830 5749 sciam,
862 5677 1441 5749 apudecclesiasticos
1465 5682 1780 5748 scriptores.
1808 5683 1905 5734 Hic

314 5745 759 5814 Amphilochius
805 5745 1062 5802 interfuit
1109 5747 1337 5803 concilio
1376 5765 1464 5803 an.
1510 5745 1638 5817 45],
1682 5752 1915 5818 ejusque-

2019 5541 2227 5608 scripta
2256 5550 2523 5593 memorat
2566 5541 2791 5595 Photins
2824 5537 2936 5592 cod.
2970 5534 3090 5608 228.

2085 5601 2161 5677 (δ’)
2205 5609 2465 5661 Memorat
2490 5609 2592 5677 hoc
2624 5625 2761 5677 opus
2793 5605 3112 5664 Anastasius
3143 5604 3200 5658 in
3226 5601 3455 5673 IIoa’ego,
3486 5617 3602 5660 nec

2015 5695 2124 5734 non
2144 5675 2448 5743 Evagrius,
2504 5675 2592 5740 ιιι,
2641 5676 2726 5730 55.
2979 5679 2982 5684 ’
