3998 6282
1710 252 1753 293 ο

487 407 625 472 πειῖι

1750 414 2063 475 LEONTII
2100 414 2508 483 BYZANTINI

3598 424 3734 489 18M

479 524 662 587 licuit,
686 530 747 576 ut
772 524 886 593 jam
913 523 1178 589 diximus,
1216 540 1325 579 non
1358 526 1491 579 item
1520 534 1576 581 et
1604 527 1667 580 D.
1704 526 1893 598 Cyl-illi
1920 539 2038 584 tem

2158 530 2215 584 δὲ
2267 530 2359 584 τὸν
2413 531 2606 602 χρόνον
2644 532 2739 587 τοῦ
2788 534 2948 604 ἁγίου
2992 537 3263 608 Κυρίλλου
3295 538 3399 608 τῆς
3428 539 3581 593 νόσου
3620 540 3735 595 τῶν

480 632 636 686 pore,
672 631 805 685 quo,
839 617 968 671 dum
996 633 1091 686 per
1120 616 1396 672 Ecclesias
1415 616 1740 673 Nestoriana
1760 619 1883 674 lues
1904 635 2057 690 gras-

480 709 727 774 sabatur,
755 726 820 764 ea
856 724 961 763 vos
982 709 1155 779 magis
1185 709 1465 780 magisque
1494 710 1694 781 reiecta
1718 709 1844 766 fuit.
1887 730 1906 762 ι

552 801 610 856 Si
642 803 719 856 ita
746 810 851 867 est,
879 803 1095 868 insane,
1122 802 1327 872 rejeeta
1354 817 1484 873 ergo
1501 804 1611 873 jam
1644 810 1808 858 antea
1837 802 1963 867 fuit,
1997 811 2056 858 et

479 894 657 948 multo
710 895 884 965 magis
922 902 1048 965 post
1092 894 1434 949 Nestorium.
1464 893 1619 960 Quod
1669 908 1792 949 eum
1836 893 1911 948 ita
1958 893 2053 958 sit,

477 986 757 1055 quomodo
808 1001 940 1056 ergo
984 986 1241 1042 Patribus
1291 984 1401 1039 illis
1444 1000 1507 1039 ea
1556 1001 1688 1041 voce
1733 986 1816 1040 uti
1849 985 2054 1041 licuit?

478 1078 751 1133 Praatcrea
776 1077 825 1132 si
859 1079 1191 1133 vocabulum
1220 1079 1354 1132 illud
1385 1079 1646 1149 rejectum
1682 1076 1787 1131 fuit
1818 1078 1870 1131 in
1898 1078 2052 1148 judi-

478 1167 567 1221 cio
590 1178 789 1224 contra
809 1168 1153 1233 Nestorium,
1184 1184 1287 1224 cur
1310 1183 1473 1225 nemo
1508 1177 1713 1223 coetum
1746 1167 2021 1224 Chalcedo

475 1275 703 1315 lensem
731 1261 987 1317 Nestorio
1030 1262 1393 1331 posteriorem
1429 1261 1497 1316 de
1538 1260 1644 1315 hoc
1680 1260 1820 1329 ipso,
1860 1275 1970 1329 quo
2006 1259 2055 1317 is

476 1367 611 1406 usus
656 1359 761 1416 est,
806 1352 1123 1423 redarguit?
1156 1353 1253 1408 sed
1295 1353 1347 1407 id
1394 1367 1566 1407 unum
1606 1352 1657 1406 ei
1685 1351 1819 1406 vitio
1860 1352 2049 1419 vertit,

473 1444 623 1513 quod
653 1459 683 1498 e
708 1446 925 1500 naturis
968 1446 1185 1501 duabus
1226 1445 1454 1500 minime
1492 1444 1861 1514 compositum
1888 1443 2052 1499 Chri-

475 1546 620 1593 stum
648 1548 882 1606 asserat,
916 1556 1020 1596 nec
1061 1556 1250 1595 earum
1292 1540 1346 1594 in
1384 1555 1493 1595 una
1531 1538 1886 1595 subsistentia
1921 1552 2053 1592 eon-

469 1631 815 1701 junetionem
865 1633 1211 1703 proﬁteatur.
1244 1630 1401 1698 Quod
1444 1639 1627 1686 autem
1675 1630 1781 1685 hoc
1817 1628 1966 1685 dicat
1994 1636 2052 1685 et

472 1739 627 1778 sacra
656 1725 920 1796 synodus,
943 1725 1069 1794 quis
1101 1724 1356 1780 dubitat?
1376 1724 1420 1779 si
1446 1723 1592 1778 enim
1618 1723 1710 1778 illa
1731 1721 1850 1778 suis
1870 1721 2052 1777 feren-

471 1816 560 1871 dis
596 1816 842 1872 decretis
879 1817 955 1872 ita
990 1818 1277 1888 loquitur:
1317 1837 1336 1869 ι
1368 1815 1716 1887 Suscipimus
1754 1815 1818 1869 D.
1852 1800 2047 1885 Cyrilli

2156 623 2459 695 Νεστορίου
2508 628 2885 695 καινοφωνιῶν
2916 629 3016 693 τὰς
3059 630 3382 703 Ἐκκλησίας
3410 634 3731 704 ἐπινεμομέ-

2156 731 2275 784 νης,
2304 717 2398 769 ἐπὶ
2431 717 2593 771 πλέον
2621 719 2653 788 ή
2678 718 2824 783 λέξις
2850 720 3289 794 ἀπεδοκιμάσθη.
3324 741 3343 775 ι

2230 808 2394 861 Ὥστε
2432 805 2543 872 οῦν,
2590 803 2636 863 ὧ
2675 806 2851 877 οὗτος,
2901 812 2996 866 καὶ
3037 814 3203 868 πάλαι
3238 816 3474 887 ἀδόκιμα
3505 817 3596 870 καὶ
3635 817 3729 870 ἐπὶ

2156 899 2323 953 πλέον
2357 902 2496 970 μετὰ
2527 902 2852 975 Νεστόριον·
2887 907 3008 969 πῶς
3048 903 3141 961 οῦν
3187 908 3530 979 ἀδιαϐλήτως
3567 911 3730 981 ἐχρή-

2156 1008 2320 1047 σαντο
2351 993 2528 1063 αὐτῇς
2574 990 2695 1048 εἶτα
2736 996 2793 1049 δὲ
2837 997 2886 1049 εί
2934 997 3286 1067 διαϐέϐληται
3332 1001 3428 1053 καὶ
3469 1000 3727 1053 ἀπεδοκι-

2146 1081 2340 1158 μάσθη
2370 1083 2516 1137 κατὰ
2555 1085 2876 1156 Νεστόριον,
2909 1089 3026 1151 πῶς
3052 1090 3111 1142 ού
3140 1090 3280 1142 κατά
3305 1090 3422 1142 τόδε
3457 1091 3725 1161 γράφεται

2152 1175 2294 1246 τιςῆ
2334 1179 2631 1247 κατηγορεῖ
2680 1177 2781 1248 τῆς
2843 1179 2904 1233 ἐν
2960 1172 3264 1253 Χαλκηδόνι
3300 1183 3520 1236 συνόδου
3586 1183 3727 1250 μετά

2153 1266 2451 1338 Νεστόριον
2493 1268 2689 1339 οὖσης;
2727 1270 2866 1325 ἀλλά
2907 1271 3043 1325 διότι
3096 1274 3170 1343 μὴ
3221 1272 3316 1327 καὶ
3341 1275 3405 1326 ὲκ
3435 1273 3529 1326 δύο
3552 1274 3723 1341 λέγει,

2153 1359 2250 1412 καὶ
2298 1359 2398 1431 τὴν
2427 1361 2549 1415 καθ’
2579 1362 2878 1418 ὑπόστασιν
2919 1364 3116 1418 ἕνωσιν
3139 1364 3375 1435 Χριστοῦ
3400 1383 3414 1397 ο
3447 1366 3530 1418 ὅτι
3556 1366 3613 1418 δὲ
3642 1365 3729 1417 λέ-

2152 1465 2241 1516 γει
2266 1449 2414 1516 τάδε,
2445 1450 2531 1514 τίς
2559 1452 2896 1522 ἀμφιϐάλλει
2919 1471 2934 1519 ;
2971 1472 2991 1505 ι
3018 1455 3079 1507 Εἰ
3105 1455 3219 1523 γὰρ
3244 1456 3277 1525 ή
3314 1454 3532 1518 σύνοδος
3555 1455 3729 1524 ψηφι-

2156 1539 2363 1612 ζομένη
2407 1543 2575 1614 φησὶν
2615 1543 2813 1610 οὕτως,
2860 1545 2963 1608 τὰς
2997 1544 3091 1599 τοῦ
3137 1548 3412 1617 μακαρίου
3455 1546 3728 1616 Κυρί).λου

2150 1632 2244 1687 τοῦ
2262 1633 2363 1704 τῆς
2388 1634 2784 1706 Ἀλεξανδρέων
2808 1636 3134 1708 Ἐκκλησίας
3161 1638 3451 1707 γενομένου
3469 1638 3730 1707 ποιμένος

2153 1723 2440 1788 συνοδικάς
2470 1725 2760 1790 ἐπιστολὰς
2805 1725 2943 1798 πρὸς
2992 1727 3289 1799 Νεστόριον
3314 1729 3409 1781 καὶ
3439 1727 3577 1796 πρὸς
3600 1728 3730 1790 τοὺς

2150 1816 2249 1886 τῆς
2272 1816 2564 1887 Ἀνατολῆς
2591 1818 2862 1890 δεχόμεθα
2892 1820 3157 1891 ἀρμοδίας
3185 1819 3351 1883 οὔσας
3381 1821 3462 1884 είς
3504 1820 3730 1890 ἔλεγχον

469 1906 567 1975 qui
599 1907 861 1963 Ecclesia:
882 1908 1275 1963 Alexandrinae
1317 1907 1562 1978 praefuit,
1612 1913 1803 1962 contra
1843 1905 2038 1961 Nesto-

2147 1906 2251 1976 τῆς
2283 1906 2580 1979 Νεστορίου
2627 1910 3073 1981 φρενοϐλαϐείας,
3107 1929 3128 1964 ι
3169 1907 3261 1976 αἶς
3291 1910 3603 1973 ἐπιστολαῖς
3633 1910 3732 1966 καὶ

467 1998 613 2053 rium
660 2008 718 2054 et
761 1998 1073 2055 Orientales
1102 2000 1392 2070 episcopos
1430 1999 1723 2071 synodales
1760 1997 2041 2068 epistolas,

467 2104 590 2157 quae
614 2088 934 2145 Nestorium
962 2091 1143 2161 ipsum
1181 2105 1294 2146 suae
1327 2090 1620 2148 dementiae
1639 2091 1785 2148 clare
1817 2091 2047 2147 convin-

466 2187 621 2234 cunt.
651 2200 669 2232 ι
695 2180 908 2247 Quibus
930 2182 983 2235 in
1006 2182 1257 2251 epistolis
1287 2189 1511 2237 sanctus
1537 2181 1703 2237 Pater
1735 2182 2045 2238 naturalem

2151 1997 2250 2070 τὴν
2276 1999 2511 2071 φυσικὴν
2558 2002 2655 2055 καὶ
2695 2004 2794 2073 τὴν
2842 2004 2965 2058 καθ’
3005 2005 3306 2058 ὑπόστασιν
3340 2005 3540 2058 ἕνωσιν
3568 2003 3671 2073 ἔφη
3699 2004 3729 2057 ό

2151 2090 2363 2160 Πατὴρ,
2391 2091 2509 2156 πῶς
2534 2092 2655 2163 οὐχὶ
2678 2093 2748 2147 τὰ
2770 2093 2912 2148 αὐτὰ
2933 2094 3206 2166 ὁμολογεῖ,
3235 2089 3279 2165 ᾧ
3308 2097 3605 2167 συμφωνεῖ,
3630 2098 3725 2150 καὶ

2152 2179 2211 2234 ὃν
2243 2181 2566 2253 ἀποδέχεται
2595 2185 2654 2237 ἐν
2687 2186 2897 2252 τοῖσδε;

465 2273 918 2344 eonjunctionem
959 2275 1012 2329 in
1046 2289 1154 2329 una
1177 2274 1483 2345 eademque
1545 2274 1906 2330 subsistentia
1970 2273 2306 2330 confitetur:
2339 2273 2621 2345 quomodo
2689 2274 2933 2346 synodus
2972 2276 3091 2347 ipsa
3131 2290 3246 2331 non
3285 2260 3371 2332 est
3433 2278 3489 2332 in
3529 2275 3722 2331 eadem

465 2367 760 2434 sententia,
818 2383 883 2423 ac
928 2368 1042 2434 ille,
1093 2368 1316 2439 quicum
1358 2369 1587 2424 omnino
1645 2351 1945 2435 consentit’,
1990 2378 2048 2424 et
2077 2385 2239 2441 quem
2265 2369 2371 2424 hac
2394 2369 2454 2451 in
2489 2386 2550 2427 re
2579 2371 2820 2426 maxime
2850 2369 3049 2440 probat
3079 2370 3577 2442 amplectiturque?

533 2460 672 2516 Cum
694 2475 860 2529 porro
879 2475 982 2515 nos
1005 2475 1115 2514 uno
1139 2475 1232 2514 ore
1257 2459 1548 2525 fateamur,
1567 2458 2041 2528 prmdicemusque

462 2551 746 2608 Christum
786 2550 1078 2606 Dominum
1112 2566 1179 2606 ex
1216 2551 1432 2605 duabus
1475 2549 1695 2604 naturis
1735 2565 1857 2606 esse
1886 2548 2041 2606 com1

462 2641 725 2711 positum,
756 2641 1125 2711 eumdemque
1169 2641 1332 2697 simul
1363 2641 1418 2696 in
1456 2641 1675 2696 duabus
1706 2640 1908 2696 iisdem
1943 2656 2042 2696 na-

463 2729 607 2784 turis
661 2729 1091 2797 subsistentem;
1135 2745 1373 2801 eumque
1420 2747 1733 2788 asseramus
1792 2739 1849 2787 et
1901 2746 2037 2787 con-

2223 2461 2413 2529 Ἥμῶν
2439 2454 2496 2514 δὲ
2537 2460 2917 2531 προλεγόντων
2946 2477 3005 2512 τε
3037 2460 3133 2513 καὶ
3160 2459 3533 2528 συλλεγόντων
3566 2459 3628 2514 τὸ
3658 2463 3725 2516 ὲκ

2141 2550 2235 2605 δύο
2261 2550 2481 2621 φύσεων.
2506 2546 2645 2605 εἶναι
2672 2551 2763 2606 τὸν
2792 2550 3018 2622 Κύριον,
3050 2550 3189 2622 μετά
3214 2550 3304 2604 τοῦ
3325 2553 3416 2605 καὶ
3430 2553 3487 2604 ἐν
3502 2551 3596 2604 δύο
3617 2553 3724 2625 φύ-

2141 2658 2290 2696 σεσιν
2309 2637 2473 2707 εἶναι,
2497 2644 2591 2696 καὶ
2613 2642 2881 2711 λεγόντων
2909 2644 3004 2697 καὶ
3027 2642 3126 2715 τὴν
3151 2642 3394 2709 σύνοδον,
3425 2645 3519 2696 καὶ
3540 2646 3725 2699 πᾶσαν

2138 2731 2324 2800 φύσιν,
2353 2732 2446 2785 καὶ
2472 2731 2701 2801 ἄγγελον
2726 2732 2784 2798 ἐξ
2806 2732 3058 2805 ούρανοῦ,
3089 2735 3137 2786 εί
3171 2735 3243 2803 μὴ
3264 2733 3437 2797 οὕτως
3462 2736 3723 2805 ἐφρόνουν

456 2822 805 2893 junctionem
869 2831 928 2879 et
988 2833 1245 2879 naturam
1307 2833 1616 2895 utramque,
1677 2825 1877 2894 parati,
1949 2824 2038 2879 vel

2147 2820 2670 2891 ἀναθεματιζόντων,
2693 2822 2784 2876 διὰ
2804 2822 2857 2875 τί
2886 2824 2959 2893 μὴ
2989 2824 3380 2894 καταδέχονται
3408 2823 3564 2878 αὐτοὶ
3594 2824 3722 2878 τάδε

461 2915 717 2985 angelum
776 2916 958 2985 ipsum
997 2931 1028 2971 e
1073 2916 1214 2971 caelo
1259 2915 1711 2979 descendentem,
1749 2916 1856 2972 nisi
1894 2916 2038 2971 idem

2147 2912 2566 2982 συνομολογεῖν,
2588 2913 2841 2981 λέγοντες
2888 2913 2985 2968 καὶ
3035 2914 3097 2967 τὸ
3127 2917 3191 2968 ἐκ
3243 2914 3338 2968 δύο
3372 2914 3509 2986 μετά
3533 2915 3631 2969 τοῦ
3663 2917 3724 2969 ὲν

460 3007 735 3072 crederet,
784 3006 1094 3072 exsecrari;
1141 3022 1241 3062 cur
1291 3007 1484 3061 eadem
1529 3015 1587 3063 et
1618 3007 1871 3077 ipsimon
1914 3022 2038 3062 cre-

2147 3002 2236 3056 δύο
2266 3003 2362 3056 σὺν
2394 3005 2527 3074 ἡμῖν
2552 3020 2568 3071 ;
2600 3005 2695 3058 καὶ
2720 3004 2982 3074 Σεϐῆρον,
3015 3004 3110 3058 καὶ
3137 3006 3450 3078 Διόσκορον,
3476 3008 3568 3061 καὶ
3596 3011 3726 3075 τοὺς

459 3099 600 3154 dunt
669 3097 1109 3169 proﬁtenturque
1156 3097 1446 3154 nobiseum
1491 3098 1775 3155 Christum
1821 3114 1945 3154 cum
1973 3114 2038 3155 ex

2147 3095 2265 3164 μετ’
2299 3094 2501 3160 αὐτῶν,
2550 3096 2599 3148 εί
2653 3094 2729 3166 μὴ
2776 3095 2951 3157 οὕτως
2980 3097 3268 3165 ἐφρόνουν,
3299 3098 3724 3168 ἀναθεματίζειν

459 3190 679 3246 duabus
707 3190 923 3245 naturis
956 3190 1238 3261 componi,
1274 3201 1389 3246 tum
1423 3192 1477 3246 in
1509 3191 1663 3247 hisce
1690 3191 2038 3247 subsistere?

2147 3182 2490 3254 αἱρούμενοι;
2525 3183 2827 3238 Φλαϐιανοῦ
2860 3202 2918 3238 τε
2944 3186 3041 3238 τοῦ
3081 3186 3385 3257 μακαρίτου
3424 3188 3525 3260 τῆς
3571 3189 3729 3242 ἐκθέ-

457 3282 573 3338 Cur
597 3290 653 3336 et
690 3283 978 3349 Severum,
1015 3292 1073 3338 et
1132 3284 1479 3348 Dioscorum,
1523 3298 1832 3353 eorumque
1860 3291 2038 3337 sectat-

2148 3291 2288 3339 σεως
2314 3276 2548 3346 ἐχούσης
2587 3276 2706 3338 καὶ,
2738 3294 2757 3328 ι
2793 3275 2939 3330 Μίαν
2966 3276 3025 3330 δὲ
3057 3277 3221 3346 φύσιν
3238 3277 3332 3331 τοῦ
3359 3278 3495 3332 Θεοῦ
3520 3280 3725 3348 Λόγου,

459 3384 609 3430 tores
633 3375 792 3429 aliter
816 3375 1144 3438 sentientes,
1179 3389 1290 3429 non
1315 3372 1576 3428 damnant
1601 3383 1764 3443 atque
1797 3372 2035 3443 proscri-

457 3465 640 3521 bunt?
685 3466 754 3520 Et
800 3481 925 3522 cum
977 3465 1156 3522 felicis
1196 3465 1477 3521 memoriae
1509 3464 1802 3520 Flavianus
1838 3464 1893 3518 in
1932 3479 2030 3519 sua

457 3556 585 3611 ﬁdei
614 3557 962 3627 expositione
993 3557 1162 3622 dicat,
1198 3575 1216 3607 ι
1257 3556 1434 3613 Unam
1461 3556 1561 3611 Dei
1585 3555 1751 3612 Verbi
1774 3563 2030 3611 naturam

456 3648 823 3715 incarnatam,
863 3649 1224 3718 eamdemque
1240 3648 1639 3703 humanitatem
1667 3647 2033 3716 assumpsisse

457 3739 757 3809 prmdicare
830 3755 953 3794 non,
1016 3738 1380 3805 dubitamus,
1438 3746 1728 3809 propterea
1786 3738 1915 3808 quia
1966 3753 2035 3793 ex

2141 3367 2568 3438 σεσαρκωμένην
2618 3367 2801 3437 μέντοι
2837 3370 2930 3421 καὶ
2981 3369 3507 3439 ὲνανθρωπήσασαν,
3537 3370 3724 3440 λέγειν

2137 3463 2199 3516 ού
2216 3460 2633 3533 παραιτούμεθα
2652 3461 2740 3515 διὰ
2767 3461 2859 3515 τὸν
2884 3461 2944 3527 ἐξ
2969 3463 3175 3530 ἀμφοῖν
3207 3463 3303 3516 ενα
3332 3462 3539 3533 Κύριον
3562 3465 3594 3532 ἡ
3604 3463 3726 3531 μῶν

2151 3553 2366 3624 Ἰησοῦν
2399 3553 2666 3624 Χριστόνο
2703 3573 2719 3604 ι
2754 3553 3027 3607 καὶτοῦτο
3046 3556 3145 3624 τῆς
3165 3554 3382 3608 συνόδου
3415 3553 3730 3624 ποτνιωμὲ-

2140 3661 2261 3716 νης,
2292 3644 2407 3707 πῶς
2432 3644 2555 3714 οὐχ).
2574 3642 2718 3697 κατά
2752 3644 2930 3699 πάντα
2954 3645 3083 3700 τάδε
3113 3644 3328 3710 τούτοις
3356 3644 3721 3715 συμφθέγγε-

2142 3752 2234 3790 ται
2259 3737 2295 3806 ἡ
2326 3734 2571 3801 σύνοδος;

454 3831 670 3887 duabus
694 3832 911 3887 naturis
929 3848 1071 3887 unus
1093 3832 1360 3887 Dominus
1388 3840 1580 3887 noster
1598 3831 1759 3887 Iesus
1789 3830 2045 3886 Christus
2081 3828 2467 3898 componitur;
2499 3847 2518 3881 ι
2554 3843 2794 3898 cumque
2837 3842 2994 3884 sacra
3061 3828 3306 3900 synodus
3369 3828 3563 3883 eadem
3600 3824 3727 3881 habe

451 3931 770 3990 veneretur,
824 3924 1099 3994 quomodo
1130 3939 1243 3979 non
1287 3922 1430 3979 idem
1462 3923 1519 3977 in
1561 3922 1649 3978 his
1680 3922 1941 3977 omnibus
1967 3929 2026 3976 et
2063 3920 2181 3990 ipsa
2202 3934 2329 3974 cum
2359 3919 2629 3976 Flaviano.
2645 3920 2854 3976 sentit?

521 4017 694 4072 Divus
721 4025 907 4073 autem
938 4018 1051 4074 Leo
1074 4018 1354 4073 sententia
1377 4027 1435 4073 et
1455 4017 1680 4072 decreto
1704 4031 1806 4072 suo
1837 4015 2033 4073 conﬁr-

452 4117 569 4165 mat
607 4121 836 4180 rataque
858 4110 1031 4165 habet
1054 4111 1242 4165 omnia
1267 4124 1391 4178 quae
1412 4108 1467 4163 in
1489 4108 1726 4164 concilio
1752 4108 2031 4177 Ephesino

453 4210 644 4255 contra
690 4200 1005 4255 Nestorium
1033 4215 1064 4254 a
1094 4199 1224 4255 divo
1259 4198 1465 4272 Cyrillo
1516 4198 1730 4267 prolata
1782 4196 2027 4252 fuerunt.

459 4312 479 4343 ι
526 4292 709 4347 Firma
760 4301 1041 4356 maneant,
1086 4291 1288 4361 inquit,
1331 4290 1556 4347 concilii
1604 4288 1866 4359 Ephesini
1904 4288 2030 4359 (cui

451 4384 633 4457 felicis
662 4383 1064 4440 recordationis
1092 4381 1331 4453 Cyrillus
1351 4382 1590 4451 praefuit)
1613 4389 1804 4436 contra
1833 4381 2031 4436 Nesto-

451 4478 597 4532 rium
624 4485 766 4542 aeta,
798 4491 870 4531 ne
906 4475 1051 4530 forte
1082 4482 1198 4528 tum
1230 4473 1488 4527 damnata
1517 4472 1772 4542 impietas
1803 4487 1899 4541 per
1927 4471 2034 4527 hoc

453 4565 632 4635 ipsum
674 4565 789 4619 ullo
827 4562 992 4618 modo
1028 4576 1088 4617 se
1125 4559 1386 4629 decipiat.
1429 4557 1886 4628 Quandoquidem
1917 4558 2031 4613 Eu-

454 4657 645 4729 tycbes
670 4657 793 4726 jure
826 4670 889 4710 ac
908 4658 1110 4709 merito
1140 4669 1169 4707 a
1198 4651 1405 4707 Christi
1437 4650 1681 4705 ﬁdelium
1711 4651 2029 4706 communi-

2209 4013 2361 4066 Λέων
2402 4012 2461 4065 δὲ
2507 4015 2537 4066 ό
2581 4013 2889 4084 θαυμάσιος
2940 4015 3039 4086 μιᾷ
3081 4013 3318 4086 κυρώσει
3362 4017 3457 4070 καὶ
3493 4017 3718 4087 συνόψει

2137 4104 2319 4159 πάντα
2374 4102 2502 4158 τάδε
2553 4106 2625 4158 τά
2687 4105 2833 4159 κατά
2876 4106 3176 4178 Νεστορίου
3223 4108 3493 4178 εἰρημένα
3545 4110 3604 4162 ὲν
3645 4112 3717 4183 τῇ

2136 4197 2195 4250 ὲν
2227 4194 2441 4267 Ἐφέσῳ
2473 4196 2675 4268 συνόδῳ
2708 4196 2816 4251 ύπδ
2846 4195 2942 4251 τοῦ
2977 4198 3253 4269 μακαρίου
3284 4200 3557 4269 Κυρίλλου
3590 4201 3717 4255 ἐπι·-

2137 4286 2501 4359 σφραγίζεται
2533 4290 2624 4342 καὶ
2653 4292 2836 4360 κυροῖ,
2873 4291 3046 4359 λέγων
3065 4307 3081 4323 ’
3139 4309 3159 4342 σ
3193 4291 3274 4344 Τά
3311 4292 3492 4361 μέντοι
3519 4310 3581 4361 γε
3610 4295 3718 4365 τῆς

2139 4379 2405 4450 πρότερον
2446 4381 2503 4434 ἐν
2532 4380 2747 4451 Ἐφέσῳ
2776 4381 3031 4448 συνόδου,
3084 4377 3308 4455 ἧστινος
3344 4387 3373 4437 ό
3430 4387 3526 4458 τῆς
3555 4387 3719 4451 ὁσίας

2136 4470 2359 4538 μνήμης
2391 4468 2663 4540 Κύριλλος
2691 4473 2812 4525 τότε
2841 4474 3204 4544 προήδρευεν,
3242 4476 3386 4529 κατὰ
3411 4477 3716 4549 Νεστορίου

2134 4558 2320 4623 ίδικῶς
2371 4561 2688 4631 πραχθέντα
2710 4566 2755 4629 ,³
2783 4563 3196 4636 διαμενέτωσαν
3216 4582 3229 4597 ·
3293 4569 3492 4638 μήπως
3525 4571 3557 4639 ἡ
3588 4570 3714 4624 τότε

2132 4652 2601 4706 καταδικασθεϊσα
2624 4654 2935 4721 δυσσέϐεια,
2961 4658 3029 4710 δι’
3054 4659 3186 4712 αὐτὸ
3206 4659 3364 4714 τοῦτο
3387 4661 3509 4715 καθ’
3532 4662 3714 4717 ὁτιοῦν

452 4726 567 4805 tate
601 4747 867 4818 expulsus
910 4755 1016 4812 est,
1058 4754 1115 4802 et
1155 4744 1224 4801 ab
1275 4742 1405 4800 sede
1451 4758 1551 4798 sua
1591 4742 1857 4814 deiectus.
1890 4742 2025 4797 Nam

2147 4745 2333 4815 iant-iw
2363 4746 2646 4817 ἀπατήσῃ,
2679 4747 2875 4819 ὅτιπερ
2910 4749 3155 4820 Εύτυχὴς
3186 4751 3413 4815 δικαίως
3441 4754 3716 4823 ἀναθεμαο

450 4855 592 4910 pura
636 4837 793 4905 ﬁdes,
840 4845 899 4893 et
929 4853 994 4893 ea
1041 4835 1452 4907 simplicissima
1481 4836 1793 4905 'disciplina
1839 4835 2026 4907 (quam

369 4990 373 4995 ,
450 4946 554 4985 nos
575 4945 665 4995 eo,
693 4945 805 5001 quo
836 4929 1013 4985 sancti
1043 4931 1255 4993 Patres,
1281 4929 1468 4983 animo
1506 4936 1562 4983 et
1595 4926 1794 4982 aﬂectu
1822 4926 2024 4997 praedi-

451 5022 662 5091 camus)
692 5023 887 5078 eadem
924 5021 1200 5077 sententia
1239 5019 1463 5074 damnat
1504 5034 1669 5090 prava
1694 5017 1936 5073 Nestorii
1966 5027 2024 5073 et

450 5111 791 5184 Eutychetis,
861 5127 1165 5182 eorumque
1225 5120 1558 5167 sectatorum
1600 5108 1873 5177 dogmata,
1908 5122 2026 5162 om-

449 5203 715 5274 niumque
749 5202 978 5258 istorum
1006 5202 1276 5258 nefariam
1309 5198 1641 5258 sententiam
1668 5198 1865 5253 iisdem
1897 5196 2026 5252 telis

447 5295 695 5351 coniicit.
723 5314 741 5347 ι
1054 5346 1057 5349 .

447 5312 590 5351 conn
635 5312 695 5351 ll.
723 5314 741 5347 ι
1054 5346 1057 5349 _

418 5406 421 5409 λ
516 5312 628 5442 Sed
649 5386 941 5442 redeamus
972 5385 1173 5440 iterum
1200 5382 1271 5438 ad
1292 5398 1443 5448 eum,
1474 5382 1569 5452 qui
1601 5380 1806 5438 fatetur
1833 5381 2022 5453 plures

2133 4833 2336 4900 τισθεὶς
2356 4836 2762 4908 καταϐέϐληται
2777 4854 2790 4867 ⁸
2819 4841 2853 4909 ἡ
2881 4839 3194 4911 καθαρότης
3216 4841 3327 4913 γὰρ
3351 4842 3449 4913 τῆς
3472 4844 3712 4908 πίστεως

2131 4925 2226 4979 κοιλ⁴
2255 4926 2610 4992 διδασκαλία,
2646 4929 2712 5000 ἥν
2743 4928 2819 5000 τῷ
2850 4930 3004 5000 αύτῷ
3033 4930 3308 5002 πνεύματι
3339 4933 3704 5004 κηρύττομεν,

2127 5015 2316 5087 ὥσπερ
2349 5021 2398 5072 οἱ
2431 5018 2582 5087 ἆγιοι
2611 5020 2859 5092 Πατέρες
2884 5022 3043 5092 ἡμῶν
3064 5061 3079 5086 ,
3130 5025 3225 5077 καί⁹
3262 5025 3363 5095 τὴν
3385 5026 3706 5094 Νεστορίου,

2129 5107 2225 5160 καὶ
2270 5108 2373 5177 τὴν
2417 5107 2730 5180 Εὐτυχοῦς,
2792 5113 2933 5182 μετά
2980 5113 3091 5166 τῶν
3129 5115 3459 5184 ἡγουμένων
3491 5116 3704 5181 αὐτῶν,

2129 5200 2219 5252 ἐπ’
2244 5200 2366 5272 ίσης
2396 5203 2747 5267 καταδικάζει
2778 5204 2874 5258 καὶ
2899 5203 3086 5260 διώκει
3114 5206 3457 5273 κακοδοξίαν.
3491 5226 3512 5261 ›

2208 5380 2527 5435 Ἀκουστέον
2565 5380 2623 5434 δὲ
2667 5380 2751 5436 ἔτι
2783 5382 2881 5437 τοῦ
2909 5383 3165 5453 λέγοντος
3214 5386 3298 5440 ὅτι
3347 5387 3440 5440 καὶ
3481 5385 3706 5448 πλείους

448 5487 668 5532 sanctos
696 5478 890 5534 Patres
922 5475 1129 5532 dixisse
1157 5472 1440 5531 Christum
1470 5473 1688 5528 duabus
1722 5474 1775 5528 in
1804 5474 2018 5529 naturis

2147 5471 2230 5525 τῶν
2255 5472 2517 5543 Πατέρων
2546 5474 2886 5547 ἀδιαϐλήτως
2913 5479 3223 5548 ἐχρήσαντο
3255 5481 3406 5549 φωνῇ
3433 5481 3496 5548 τῇ
3527 5480 3586 5532 εν
3608 5477 3703 5531 δύο

444 5565 778 5632 subsistere;
803 5567 1100 5623 concilium
1127 5577 1258 5619 vero
1287 5561 1734 5618 Chalcedonense
1759 5578 1869 5618 non
1893 5562 2017 5618 ideo

2147 5563 2220 5616 ιπὶ
2244 5561 2505 5634 Χριστοῦ,
2537 5565 2632 5618 καὶ
2656 5566 2740 5618 ὅτι
2769 5566 2867 5638 ούχ
2892 5568 2965 5632 ὡς
2994 5568 3264 5637 λέγουσαν
3288 5571 3349 5624 τὸ
3372 5572 3429 5622 ἐν
3452 5570 3545 5623 δύο
3567 5570 3704 5641 γρά-

444 5657 818 5728 reprehendi,
877 5657 1024 5729 quod
1084 5657 1137 5711 id
1193 5655 1373 5726 ipsum
1433 5654 1675 5719 dixerit,
1733 5653 1831 5710 sed
1883 5653 2012 5724 quia

2147 5672 2286 5720 petat
2312 5655 2412 5725 τὴν
2440 5655 2659 5710 σύνοδον
2678 5697 2694 5724 ,
2734 5658 2853 5713 ἀλλ’
2882 5660 2955 5726 ὡς
2988 5661 3051 5716 τδ
3080 5664 3145 5717 ὲκ
3173 5662 3267 5718 δύο
3298 5662 3372 5734 μὴ
3401 5663 3696 5716 εἰποῦσαν

441 5746 722 5803 Christum
760 5748 1018 5803 eumdem
1068 5762 1135 5802 ex
1187 5747 1402 5805 duabus
1454 5746 1817 5817 compositum
1866 5745 2014 5799 haud

2147 5748 2216 5800 ιαί
2244 5746 2311 5800 τὰ
2337 5745 2500 5802 λοιπὰ
2526 5747 2563 5802 ἆ
2587 5765 2751 5819 φησιν
2773 5768 2787 5783 ο
2819 5753 2919 5807 οὐκ
2940 5751 3056 5809 οῖδα
3080 5754 3190 5827 γὰρ
3220 5755 3337 5820 πῶς
3362 5755 3539 5809 λαϐὼν
3569 5757 3701 5809 ἑαυ-

447 5835 764 5904 aftirmavit;
801 5848 853 5893 et
883 5839 1113 5907 reliqua,
1134 5854 1264 5921 quae
1298 5838 1412 5910 ipse
1443 5837 1767 5894 deblaterat.
1810 5837 2011 5893 Verum

2147 5838 2210 5891 τὸν
2248 5836 2437 5907 ὥσπερ
2469 5837 2671 5894 ἔνυπνα
2701 5840 2901 5911 λαλῶν,
2939 5848 2998 5899 ἐν
3031 5848 3145 5911 τοῖς
3173 5846 3371 5900 ἑαυτοῦ
3402 5844 3695 5916 συγγράμ-
