4098 6256
278 344 417 410 18ἒῦ

1477 358 1774 420 CONTRA
1812 358 2120 419 MONOPH
2130 357 2408 418 YSlTAS.

3411 345 3430 405 Ῑ
3443 345 3540 407 84ίῖ

278 477 415 526 μασι
445 459 610 514 πάλιν
635 463 770 534 φησί
792 479 805 494 '
845 483 861 516 ι
881 464 1119 535 Νύκτωρ
1145 465 1384 545 κα“ι.μεθ’
1408 468 1622 536 ἡμέραν
1644 469 1761 530 ταῖς
1785 467 1862 537 βί-

1974 466 2243 520 animvero
2267 463 2331 524 is,
2355 462 2545 517 nescio
2573 459 2849 531 quomodo
2874 457 3072 512 suimet
3101 455 3277 526 ipsius
3314 454 3540 518 oblitus,

275 551 430 614 ελοις
464 544 575 606 τῶν
604 556 870 626 Ῑῐατέρων
901 544 1300 628 στρεφόμενος,
1356 558 1513 612 οὔπω
1543 561 1663 613 τινὰ
1697 563 1856 631 μέχρι

279 646 380 697 καὶ
431 645 530 697 νῦν
579 648 689 700 τῶν
730 649 991 718 Πατέρων
1031 649 1211 720 εὑρεῖν
1240 651 1506 722 ἐδυνήθην
1537 652 1727 719 φύσεις
1767 653 1859 704 ἐπὶ

281 736 532 806 Χριστοῦ
586 738 678 792 δύο
722 738 1050 807 δοξάζοντα,
1108 741 1360 812 καθάπερ
1395 745 1442 795 οξ
1474 744 1532 794 ἐν
1558 742 1860 810 Χαλκηδόνι

286 827 639 892 συνελθόντες
673 830 965 896 ἐδόξασαν,
1025 833 1120 885 καὶ
1164 834 1224 886 ὲν
1259 833 1412 886 δυσὶν
1445 835 1607 886 αὐτὸν
1641 834 1860 904 ἀπεφή-

287 935 454 971 ναντο
484 919 726 986 φύσεσιν.
757 941 776 972 ι
821 921 1008 975 Ταῦτά
1031 940 1116 990 γε,
1154 925 1202 976 εί
1235 923 1310 994 μὴ
1339 923 1398 976 τὸ
1423 924 1526 991 τῆς
1555 923 1865 986 ὑποθέσεως

288 1009 404 1061 τῶν
447 1011 792 1080 ζητουμένων
825 1014 1023 1066 σεπτὸν
1059 1014 1195 1084 πρὸς
1224 1015 1511 1068 εὐλάϐειαν
1541 1016 1738 1084 ἄγχει,
1776 1015 1866 1068 τὸν

291 1101 570 1170 ἀκροατὴν
603 1104 704 1155 οὐκ
734 1105 814 1166 είς
846 1105 1087 1175 ἄμετρον
1119 1107 1341 1176 ὲκχύσει
1371 1107 1619 1174 γέλωτα,
1669 1107 1871 1159 οὑτωσὶ

289 1188 458 1240 αὑτοῦ
494 1190 718 1255 ἑαυτὸν,
758 1193 1096 1262 ἀμνημόνως
1127 1195 1159 1264 ἢ
1192 1195 1585 1265 ἀταλαφρὸνως
1613 1195 1644 1266 ἢ
1675 1195 1871 1266 θεηλά-

291 1293 401 1338 τως
431 1278 530 1330 οὐκ
557 1275 675 1332 οἶδα
707 1280 822 1342 πῶς
852 1281 1057 1348 λέγειν,
1089 1285 1728 1355 ἀντικαταῤῥάσσοντος;
1762 1286 1872 1338 Καὶ

291 1369 427 1435 ἡμῖν
463 1371 663 1431 σκοπὸς
704 1372 807 1451 ορκ
837 1368 934 1441 ἦν,
971 1373 1046 1434 ὥς
1078 1376 1105 1427 ὁ
1137 1373 1340 1446 Κύριος
1374 1374 1624 1444 μάρτυς,
1676 1375 1872 1446 ἀνδρὸς

290 1459 568 1527 όμοφυοῦς
597 1460 822 1529 ἄγνοιαν
849 1462 1156 1528 ὀνειδίζειν,
1189 1464 1220 1535 ἢ
1250 1465 1562 1535 σαθρότητα
1585 1465 1759 1534 λόγων
1779 1465 1874 1519 ἀλ-

291 1547 527 1615 λοτρίων
563 1550 774 1620 ἑτέροις
807 1552 1186 1621 δημοσιεύειν·
1224 1554 1339 1607 ἀλλ’
1372 1556 1496 1608 ἐπεὶ
1529 1553 1592 1608 τὸ
1623 1555 1722 1624 μὲν
1752 1555 1873 1609 κατ’

293 1636 462 1689 αὐτὸν
508 1637 683 1706 δόγμα
731 1643 1054 1709 κεκίνηται,
1105 1641 1133 1692 ό
1164 1641 1222 1695 δὲ
1264 1641 1485 1712 θερμῶς
1518 1641 1874 1713 ἀντιποιησά-

296 1740 460 1792 μενος
493 1726 652 1779 τοῦδε
683 1728 776 1781 τοῦ
804 1729 1096 1800 δόγματος,
1131 1731 1294 1795 αὐτὸς
1322 1730 1476 1786 οὔπω
1507 1731 1646 1802 ἔφθη
1671 1749 1872 1786 πανεκ-

1964 567 2018 612 et
2051 557 2205 626 quasi
2239 555 2567 611 somniando
2591 555 2720 608 alibi
2754 552 2868 606 suis
2897 552 2951 604 in
2979 549 3137 603 libris
3165 548 3236 602 ita
3261 549 3535 616 loquitur:

1970 666 1988 698 ι
2033 648 2146 718 Ego
2179 647 2271 701 die
2312 655 2592 714 noctuque
2637 644 2921 698 revolvens
2955 649 3272 696 sanctorum
3316 639 3539 693 Patrum

1964 740 2269 801 volumina,
2299 738 2577 793 neminem
2607 736 2786 790 adhuc
2815 735 3062 789 invenire
3089 733 3263 803 potui,
3288 731 3384 800 qui
3405 731 3541 785 duas

1968 831 2147 886 inesse
2191 832 2410 886 Christo
2453 838 2684 882 naturas
2722 825 3022 888 allirmarit,
3053 832 3110 877 ut
3150 822 3542 893 iudicaverunt

1969 919 2189 974 concilii
2234 917 2701 973 Chalcedonensis
2740 924 2944 984 patres,
2990 913 3084 982 qui
3125 920 3181 965 et
3226 912 3282 964 in
3326 910 3542 963 duabus

1970 1009 2184 1063 naturis
2209 1024 2336 1063 eum
2374 1008 2680 1061 subsistere
2710 1005 3164 1076 pronuntiarunt.
3199 1022 3217 1055 ι
3259 1002 3406 1064 llmc,
3435 1001 3540 1054 nisi

1973 1099 2235 1154 sanctitas
2281 1099 2589 1168 argumenti
2649 1098 2718 1152 de
2767 1112 2876 1166 quo
2927 1097 3128 1163 agitur,
3174 1093 3541 1149 reverentiam

1974 1191 2320 1245 auditoribus
2335 1191 2627 1254 incuteret,
2653 1205 2833 1242 nonne
2854 1189 3020 1242 risum
3036 1197 3199 1256 atque
3218 1187 3544 1240 cachinnum

1975 1282 2058 1336 eis
2081 1282 2401 1335 moverent?
2423 1282 2663 1344 Etenim,
2693 1280 2777 1334 sui
2807 1278 3212 1349 quodammodo
3234 1277 3457 1338 oblitus,
3488 1285 3546 1328 ut

1977 1373 2214 1437 aiebam,
2249 1373 2331 1427 vel
2366 1373 2567 1426 mentis
2610 1371 3013 1434 imbecillitate,
3053 1369 3139 1423 vel
3184 1369 3257 1422 ita
3289 1369 3400 1421 Deo
3425 1365 3548 1436 peri

1977 1469 2230 1524 mittente
2281 1474 2414 1538 (quo
2457 1469 2604 1522 enim
2656 1467 2826 1521 verbo
2882 1473 3004 1519 utar
3054 1463 3288 1533 nescio),
3330 1462 3550 1517 sibimet

1979 1560 2083 1630 ipsi
2120 1560 2359 1630 turpiter
2393 1559 2744 1614 contradicit.
2793 1557 2963 1611 Porro
2997 1555 3161 1609 nobis
3203 1553 3551 1624 propositum

1977 1667 2087 1705 non
2127 1661 2244 1706 erat
2291 1651 2494 1721 (testor
2543 1648 2748 1716 Deum)
2785 1647 2992 1702 homini
3029 1645 3245 1709 eadem,
3287 1660 3393 1714 qua
3427 1660 3545 1704 nos,

1978 1745 2357 1799 imbecillitate
2393 1743 2625 1814 praedito
2661 1741 2998 1812 exprobrare
3030 1739 3414 1810 ignorantiam,
3448 1753 3550 1790 nec

294 1815 508 1885 κλησίῳ
543 1818 747 1889 συνόδῳ
779 1823 1184 1892 κατακριθῆναι
1209 1861 1224 1886 ,
1283 1823 1420 1876 ἀλλὰ
1466 1823 1671 1893 ψήφοις
1699 1823 1868 1895 βασι-

1974 1835 2145 1905 ipsius
2167 1835 2591 1890 inconstantiam
2616 1833 2886 1888 sermonis
2908 1833 3048 1902 apud
3073 1833 3209 1886 alios
3233 1831 3546 1893 decantare,

295 1907 480 1967 λικαῖς
529 1909 625 1960 καὶ
671 1911 976 1981 ἱερατικαῑς
1018 1913 1352 1983 ἐκϐληθῆναι
1399 1914 1493 1967 τοῦ
1531 1914 1722 1981 θρόνου
1769 1914 1870 1984 τῆς

312 1997 671 2064 Ἀντιοχέων,
707 2001 1004 2069 ἀναγκαῖον
1059 2009 1413 2076 παραστῆσαι
1466 2005 1566 2077 τήν
1610 2007 1871 2078 ποιότητα

298 2085 394 2140 τοῦ
431 2088 624 2158 ἀνδρός
645 2105 660 2119 ο
714 2092 910 2160 μήπως
950 2096 1014 2146 ὲκ
1041 2096 1138 2164 τῆς
1170 2113 1332 2150 τινων
1364 2099 1492 2168 περὶ
1521 2099 1686 2152 αὑτοῦ
1729 2118 1874 2171 φραο

302 2179 637 2247 τριαστικῆς
666 2181 727 2233 τὸ
751 2182 872 2234 ὅλον
902 2184 1221 2253 προλήψεων
1249 2188 1485 2252 ἐνδόξου,
1511 2194 1630 2254 ταῖς
1659 2193 1871 2245 ἐκείνου

305 2267 674 2334 διδασκαλίαις
725 2271 1106 2338 ἀϐασανίστως
1159 2277 1209 2327 οἱ
1259 2276 1590 2349 νηπιώτεροι
1633 2283 1874 2334 κατασύ-

302 2375 483 2428 ροιντο
503 2375 517 2389 ·
558 2361 674 2414 ἔστι
705 2363 814 2434 γὰρ
846 2364 1054 2417 τοιόσδε
1101 2366 1131 2418 ό
1163 2365 1303 2436 ἀνὴρ
1339 2370 1432 2420 καὶ
1465 2370 1523 2422 ἐν
1554 2370 1736 2434 ἄλλοις
1767 2374 1877 2436 τοῖς

297 2449 764 2521 ὑποτεταγμένοις
812 2454 981 2509 αὐτοῦ
1041 2459 1445 2529 συγγράμμασι
1500 2461 1878 2533 θεωρούμενος

292 2541 390 2592 καὶ
435 2542 756 2613 σύμφωνος,
794 2545 871 2610 ὡς
899 2547 1077 2601 είπεῖν
1096 2588 1114 2614 ,
1151 2550 1252 2620 τὴν
1283 2551 1647 2622 ἁσυμφωνίαν
1677 2553 1875 2608 ἑαυτοῦ

291 2635 726 2703 γινωσκόμενος.

1972 1927 2069 1982 sed
2115 1927 2385 1982 adversus
2432 1928 2553 1997 ejus
2598 1925 2793 1996 dogma
2853 1925 3120 1978 duntaxat
3160 1936 3342 1978 sermo
3388 1919 3550 1974 nobis

1969 2026 2263 2088 susceptus
2299 2027 2405 2072 est.
2439 2017 2538 2072 Cui
2564 2017 2800 2088 dogmati
2828 2031 2952 2071 cum
2989 2016 3033 2070 is
3064 2013 3345 2069 mordicus
3375 2012 3550 2066 luere-

1975 2119 2082 2170 ret.
2105 2125 2343 2179 cumque
2378 2125 2434 2164 se
2453 2109 2665 2179 judicio
2700 2108 3026 2163 universalis
3048 2106 3272 2162 concilii
3296 2105 3549 2160 commit-

1975 2208 2092 2254 tere
2125 2200 2321 2266 nollet,
2357 2209 2522 2270 atque
2565 2209 2860 2270 propterea
2903 2199 3184 2267 regalibus
3223 2196 3461 2251 decretis
3491 2203 3549 2249 et

1977 2289 2352 2345 ecclesiastica
2389 2292 2664 2345 sententia
2707 2289 2875 2345 fuerit
2922 2289 2991 2344 ab
3035 2289 3162 2344 sede
3210 2288 3549 2343 Antiocliena

1980 2377 2224 2448 dejectus
2258 2398 2270 2435 :
2305 2397 2532 2437 necesse
2583 2374 2687 2436 fuit
2729 2391 2982 2437 accurate
3031 2381 3346 2436 describere
3393 2380 3548 2448 inge-

1982 2467 2136 2521 nium
2173 2481 2339 2539 atque
2379 2472 2618 2526 indolem
2650 2473 2880 2542 hujusce
2909 2473 3034 2537 viri,
3066 2489 3134 2527 ne
3166 2472 3304 2526 forte
3336 2470 3548 2538 simpli-

1980 2558 2160 2613 ciores
2181 2558 2434 2614 homines
2456 2561 2575 2630 ejus
2600 2561 2917 2616 celebritate
2967 2571 3022 2616 et
3049 2561 3190 2615 fama
3224 2560 3290 2614 de
3326 2575 3392 2613 eo
3419 2575 3552 2613 cen-

1978 2659 2136 2720 eepta
2169 2650 2586 2720 deciperentur,
2630 2653 3061 2722 exeiperentque
3090 2653 3240 2706 nulla
3269 2651 3549 2720 prtemissa

289 2720 720 2794 disquisitione,
774 2730 1219 2802 qualemcunque
1285 2734 1460 2803 ipsius
1516 2734 1854 2792 doctrinam.
1922 2739 2072 2796 Talis
2131 2743 2283 2797 enim
2321 2743 2408 2798 vir
2448 2744 2540 2798 ille
2579 2720 3018 2814 deprehenditur
3083 2753 3148 2798 et-
3181 2743 3235 2797 in
3275 2743 3396 2797 aliis
3432 2758 3552 2813 qua:

289 2821 691 2892 subjiciuntur,
741 2826 863 2896 ejus
907 2828 1193 2897 operibus,
1242 2831 1338 2884 ubi
1391 2841 1667 2896 constans,
1701 2843 1764 2887 ut
1792 2835 1868 2889 ita
1906 2835 2105 2900 dicam,
2136 2837 2507 2895 inconstantia
2542 2855 2765 2910 semper
2785 2840 3046 2896 OCCtll‘l‘lL
3088 2858 3107 2892 ι

290 2938 562 3007 Σεσήρου
620 2941 687 2994 ἐκ
732 2940 855 3018 τῶν
903 2943 1054 2996 κατὰ
1097 2945 1203 3018 τοῦ
1232 2945 1652 3018 Γραμματικοῦ
1683 2947 1871 3018 λόγου

650 3012 878 3078 τρίτου,
920 3015 1255 3082 κεφαλαίου
1281 3012 1329 3069 θ’
1357 3012 1514 3086 ιγ’.

380 3142 400 3175 ι
422 3123 584 3179 Ἀλλά
607 3125 786 3192 λέγεις
815 3127 892 3189 ὡς
919 3127 1020 3180 οὐκ
1045 3128 1288 3198 ἀρνεῖται
1314 3131 1342 3183 ὁ
1365 3130 1732 3202 δοκιμώτατος
1756 3133 1873 3186 Κύ-

297 3217 478 3287 ριλλος
518 3217 612 3270 δύο
641 3217 833 3286 φύσεις
866 3217 1157 3288 ὀνομάζειν
1179 3235 1194 3250 ⁸
1248 3221 1411 3292 ἑτέρα
1437 3222 1547 3293 γὰρ
1578 3225 1610 3293 ἡ
1638 3223 1732 3276 τοῦ
1761 3224 1866 3276 Λό-

1981 2945 2235 3020 Ejusdem
2283 2947 2481 3017 Severi,
2523 2968 2589 3006 ea:
2630 2951 2719 3007 lib.
2765 2951 2849 3006 III
2885 2961 3069 3005 contra
3101 2950 3544 3022 Crammalicum,

2536 3038 2651 3093 cap.
2688 3025 2743 3089 9,
2773 3022 2856 3076 vel
2895 3023 2979 3078 15.

2053 3150 2072 3183 ι
2115 3133 2317 3186 Verum
2362 3133 2496 3188 duas
2543 3145 2789 3200 naturas,
2834 3119 3034 3208 inquis,
3079 3139 3227 3196 haud
3266 3141 3545 3197 inﬁciatur

1976 3222 2316 3278 clarissimus
2341 3223 2606 3296 Cyrillus;
2639 3228 3090 3298 quandoquidem
3119 3232 3211 3287 ille
3251 3233 3562 3289 confitetur

293 3326 397 3377 γου
418 3349 435 3374 ,
478 3310 574 3362 καὶ
607 3309 772 3378 ἑτέρα
817 3311 850 3380 ἡ
887 3310 988 3379 τῆς
1022 3310 1272 3381 ἐμψύχου
1320 3313 1416 3366 καὶ
1448 3313 1600 3367 ἐννου
1635 3315 1834 3385 σαρκός
1857 3332 1868 3343 ·

1974 3311 2134 3364 aliam
2177 3327 2301 3368 esse
2352 3321 2604 3368 naturam
2650 3317 2745 3370 Dei
2797 3317 2984 3383 Verbi,
3035 3330 3091 3376 et
3138 3321 3300 3376 aliam
3342 3323 3543 3386 carnis,

298 3401 566 3470 σύμφημι
592 3401 768 3470 κάγὼ,
795 3405 888 3456 καὶ
912 3405 989 3466 ὼς
1015 3406 1064 3458 οἱ
1090 3408 1148 3459 ὲν
1169 3405 1474 3478 Χαλκηδόνι
1503 3408 1870 3475 συνελθόντες,

291 3493 334 3548 ἃ
365 3495 465 3562 μὲν
492 3495 850 3563 συνομολογεῖ
877 3497 971 3548 καὶ
995 3496 1287 3568 Νεστόριος
1307 3501 1440 3569 ήμῖν
1465 3501 1529 3554 ὲκ
1551 3501 1657 3554 τῶν
1680 3501 1876 3574 Κυρίλ-

293 3586 396 3639 λου
444 3587 641 3654 φωνῶν
690 3586 1118 3656 παρατίθενται,
1167 3590 1369 3663 δηλαδὴ
1411 3594 1473 3646 τὸ
1509 3593 1702 3661 φύσεις
1733 3591 1872 3649 εἶναι

292 3677 393 3730 δύο
415 3716 430 3737 ,
487 3677 584 3729 καὶ
627 3676 920 3749 διαφόρους
964 3678 1064 3749 τὴν
1091 3681 1283 3736 οὐσίαν
1313 3681 1544 3755 θεότητά
1567 3701 1628 3738 τε
1657 3684 1752 3738 καὶ
1775 3686 1873 3740 άν·

296 3766 648 3838 θρωπότητα.
677 3785 698 3820 ι

305 3967 418 4023 Τοῦ
465 3970 651 4024 αὑτοῦ
709 3971 780 4024 ἐκ
831 3971 952 4026 τῶν
1000 3973 1149 4027 κατὰ
1193 3974 1300 4028 τοῦ
1345 3976 1534 4030 αὐτοῦ
1585 3977 1874 4034 Ἰωάννου

374 4041 796 4116 Γρᾳμματωςοῦ
863 4042 966 4097 τοῦ
1021 4044 1382 4112 Καισαρέως,
1416 4047 1606 4114 λόγου
1642 4046 1723 4116 1’,
1776 4063 1877 4102 κε-

375 4113 636 4178 φαλαίου
669 4109 754 4175 ιζ’,
779 4128 796 4156 ι
1092 4139 1101 4146 -

381 4240 400 4274 ι
430 4220 541 4293 Τὴν
567 4178 834 4292 διαφοράν
863 4221 1174 4292 δεξάμενοι,
1194 4221 1290 4275 δύο
1314 4223 1412 4285 τὰς
1438 4222 1630 4291 φύσεις
1652 4224 1710 4277 ὲν
1731 4225 1882 4296 αὐτῷ

301 4310 552 4382 νοοῦμεν,
585 4315 687 4384 τὴν
715 4315 816 4384 μὲν
843 4314 1092 4384 κτιστὴν,
1128 4313 1228 4385 τὴν
1254 4313 1313 4366 δὲ
1344 4314 1624 4370 ᾶκτιστον.
1657 4334 1678 4368 ι

692 4511 803 4567 Τοῦ
827 4511 1036 4577 αὑτοῦ,
1071 4514 1403 4581 κεφαλαίου
1429 4512 1496 4569 θ’.

375 4611 406 4678 ἰ
439 4627 512 4681 Τὺ
541 4628 635 4681 δύο
664 4627 860 4696 φύσεις
888 4627 1098 4694 λέγειν,
1135 4630 1314 4684 εῐτουν
1342 4631 1658 4699 ὀνομάζειν,
1698 4634 1878 4688 κοινὸν
1912 4650 1954 4704 ι)

303 4720 442 4787 ἡμῖν
491 4721 586 4771 καὶ
632 4719 917 4789 Νεστορίῳ
975 4720 1140 4789 μέχρι
1187 4721 1280 4774 τοῦ
1321 4720 1614 4789 γινώσκειν
1639 4723 1738 4796 τήν
1763 4724 1879 4779 δια-

307 4811 479 4880 φοράν
508 4811 597 4864 τοῦ
627 4811 764 4864 Θεοῦ
790 4812 967 4880 Λόγου
999 4814 1096 4865 καὶ
1120 4814 1218 4883 τῆς
1245 4815 1468 4885 σαρκός.
1501 4835 1519 4868 ι

1975 3403 2155 3458 anima
2186 3413 2241 3459 et
2275 3406 2489 3462 ratione
2527 3408 2790 3476 praedita.
2827 3409 3024 3466 Fateor
3052 3411 3105 3466 id
3140 3413 3318 3482 ipsum
3345 3422 3401 3468 et
3422 3430 3544 3484 ego,

1973 3498 2439 3566 quemadmodum
2495 3515 2601 3554 nec
2653 3500 2788 3554 illud
2845 3517 3019 3571 nego,
3080 3503 3299 3556 concilii
3351 3519 3550 3574 nempe

1970 3587 2435 3645 Chalcedonensis
2451 3591 2659 3654 Patres,
2677 3591 2788 3646 divi
2812 3591 2998 3662 Cyrilli
3022 3593 3214 3648 verbis
3229 3595 3549 3650 inluerendo

1971 3678 2357 3748 pronuntiasse
2380 3678 2550 3750 (quod
2577 3679 2868 3735 nobiscum
2902 3680 3107 3736 fatetur
3134 3692 3189 3736 et
3211 3681 3546 3749 Nestorius),

1973 3770 2111 3825 duas
2136 3771 2194 3824 in
2217 3770 2440 3826 Christo
2468 3779 2720 3835 naturas,
2755 3773 2826 3826 ab
2857 3787 2916 3828 se
2965 3774 3224 3838 invicem,
3257 3774 3551 3830 divinitate

1973 3867 2032 3915 et
2060 3859 2426 3926 humanitate,
2462 3862 2625 3931 plane
2650 3862 2915 3917 diversas.
2964 3884 2982 3915 ι

1977 3981 2253 4052 Ejusdem,
2279 4001 2342 4038 ea:
2372 3983 2463 4038 lib.
2493 3983 2580 4036 III
2606 3990 2792 4036 contra
2833 3985 3071 4036 eumdem
3105 3986 3190 4038 Io.
3223 3984 3552 4040 Grammati-

2341 4071 2462 4107 cum
2493 4052 2892 4114 Caesariensem,
2928 4067 3047 4119 cap.
3086 4054 3174 4106 17.

2058 4213 2090 4273 ι’
2117 4223 2264 4276 Duas
2299 4221 2354 4276 iu
2378 4219 2500 4292 ipso
2519 4229 2744 4276 naturas
2772 4222 3154 4294 intelligimus,
3190 4243 3353 4285 uuam
3389 4248 3550 4288 crea-

1981 4321 2112 4379 tam,
2143 4313 2371 4368 alteram
2398 4314 2720 4378 increatam,
2758 4315 2905 4372 inter
2927 4331 3063 4387 quas
3091 4334 3346 4392 maguum
3375 4321 3551 4379 inter-

1979 4420 2100 4462 esse
2121 4404 2421 4462 discrimen
2448 4405 2794 4462 conﬁtemur.
2831 4426 2852 4461 ι

2497 4514 2771 4586 Ejusdem,
2800 4535 2920 4590 cap.
2953 4518 3016 4574 9..

2060 4641 2080 4676 ι
2124 4625 2271 4680 Duas
2297 4624 2367 4680 de
2393 4623 2615 4680 Christo
2643 4635 2868 4684 naturas
2898 4630 3224 4700 praedicare,
3251 4647 3557 4690 commune-

1979 4716 2140 4772 nobis
2167 4725 2252 4772 est
2277 4732 2403 4772 cum
2430 4717 2716 4783 Nestorio;
2757 4722 3223 4788 quemadmodum
3253 4736 3310 4780 et
3339 4726 3544 4784 discri-

1976 4823 2102 4863 men
2123 4808 2271 4864 iuter
2295 4817 2586 4879 utramque
2609 4809 2877 4866 conﬁteri.
2912 4831 2932 4864 ι

319 4923 433 4977 Τοῦ
465 4923 653 5002 αὑτοῦ
679 4924 764 5002 ’ἐκ
795 4922 910 5002 flio
931 4925 1095 5002 πρὸς
1116 4927 1360 5002 Σόλωνα
1385 4929 1718 4997 ἐπιστολῆς
1737 4971 1753 4998 ,
1805 4927 1873 5002 ἧς

1974 4921 2247 5002 Ejusdem,
2294 4939 2359 4976 ex
2383 4920 2747 5002 epistofanad
2780 4923 3042 5002 _Solonem
3089 4895 3494 5002 cujusjuitium
3523 4948 3544 4986 :

482 4993 520 5059 ἡ
551 4993 730 5060 ἁρχὴ,
751 5011 770 5044 ι
795 4991 1022 5048 ἸΙλυεν
1049 4999 1134 5060 εἰς
1157 4997 1310 5064 ἐμὴν
1325 4991 1725 5068 μετριότηταί)

385 5123 404 5157 ι
443 5105 525 5160 Τὰ
563 5105 621 5171 ἐξ
653 5099 729 5159 ὧν
767 5109 795 5159 ό
832 5107 1184 5177 Ἐμμανουήλ
1220 5111 1551 5178 ὑφεστήκει,
1603 5114 1699 5166 καὶ
1739 5115 1875 5183 μετὰ

304 5196 410 5265 τὴν
439 5199 635 5252 ἕνωσιν
665 5200 725 5250 οὐ
755 5199 1077 5268 τέτραπται,
1103 5203 1374 5272 ὑφέστηκε
1402 5203 1457 5256 δὲ
1488 5207 1544 5258 ὲν
1570 5209 1634 5276 τῇ
1661 5207 1870 5270 ένώσει,

2120 5010 2138 5042 ι
2180 4992 2417 5046 Pervenit
2436 4991 2506 5046 ad
2533 4991 2944 5048 moderationem
2971 4991 3206 5051 nostra'm
3237 4999 3333 5067 (4).
3377 5020 3395 5051 ι

2053 5124 2070 5156 ι
2099 5105 2175 5160 Ea
2198 5121 2265 5160 ex
2289 5105 2492 5176 quibus
2518 5106 2842 5161 Emmanuel
2874 5107 3130 5163 subsistit
3157 5119 3281 5178 post
3309 5117 3545 5182 conjun—

1966 5198 2228 5260 ctionem,
2259 5199 2392 5268 quin
2416 5215 2586 5253 unum
2625 5199 2678 5254 iu
2709 5201 2858 5255 aliud
2876 5209 3252 5262 convertatur,
3283 5203 3547 5258 substite-

304 5288 406 5338 καὶ
436 5289 492 5338 ὲν
521 5290 619 5358 μιᾷ
645 5288 950 5342 ὑποστάσει
978 5288 1346 5361 θεωρούμενα,
1372 5295 1465 5344 καὶ
1486 5295 1586 5347 οὐκ
1609 5297 1667 5346 ὲν
1689 5295 1873 5362 μονάδι

1974 5297 2099 5344 runt
2138 5299 2195 5343 et
2238 5288 2294 5342 in
2339 5289 2459 5360 ipsa
2503 5293 2743 5346 naturali
2794 5289 3209 5360 conjunctione,
3249 5304 3371 5354 quae
3409 5307 3545 5346 sane

308 5377 432 5428 κατ’
463 5376 596 5430 ἰδίαν
632 5377 937 5430 ὑπόστασιν
959 5418 974 5443 ,
1031 5377 1260 5432 ἕκαστον
1297 5381 1603 5449 ίδιοστάτως
1636 5385 1873 5458 θεωρού-

1974 5381 2302 5435 cousiderari
2351 5381 2557 5438 debent
2604 5385 2657 5439 in
2709 5400 2815 5438 una
2863 5381 3172 5443 eademque
3227 5377 3540 5446 hyPOﬂasi.

311 5484 496 5535 μενον.
535 5487 555 5520 ι

389 5732 464 5798 (ι)
506 5733 694 5788 Severi
721 5730 966 5803 Epistola
1006 5731 1070 5784 ad
1095 5729 1346 5786 Solonem
1381 5733 1875 5804 contraEucbytas

1968 5486 2148 5539 neque
2178 5485 2275 5539 per
2290 5487 2346 5525 se
2370 5475 2803 5543 unumquodque
2826 5466 3132 5524 subsistere
3154 5467 3420 5532 peculiari
3443 5486 3546 5527 sua

1971 5558 2322 5616 subsistentia
2353 5562 2555 5615 fretum
2585 5562 2937 5629 intelligitur.
2970 5573 2987 5602 ι

2054 5738 2282 5784 oratura
2303 5731 2571 5798 Vabricio,
2612 5734 2746 5789 Bibl.
2776 5731 2950 5790 (Ira’C-
2983 5730 3115 5776 lom-
3143 5721 3232 5786 ῘΧ,
3262 5738 3314 5790 p.
3347 5726 3468 5783 διε.
