3998 6282
540 383 672 448 18Π

1826 391 2136 452 LEONTII
2179 390 2586 452 BYZANTINI

3651 397 3791 460 1848

533 501 816 571 Ejusdem,
856 516 919 554 ea:
957 501 1046 555 lib.
1091 500 1144 555 11
1183 519 1302 572 cap.
1349 504 1399 567 l,
1437 503 1634 560 Contra
1665 495 2106 559 Grammaticum.

2232 503 2328 558 Γοῦ
2349 504 2536 558 αὑτοῦ
2559 504 2628 558 ἐκ
2649 503 2768 559 τῶν
2787 505 2938 574 πρὸς
2961 505 3069 559 τὸν
3085 508 3532 581 Τραμματτκόν,
3551 512 3684 581 λότ.
3698 515 3785 579 β’,

613 671 630 704 ι
678 653 1024 709 Manentibus
1060 656 1288 727 integris
1317 667 1372 712 et
1397 659 1697 714 immutatis
1726 660 1794 714 iis
1813 675 1878 714 ex
1906 660 2110 730 quibus

535 747 852 815 conjunctio
878 747 1019 801 facta
1045 757 1149 813 est,
1194 766 1315 819 qua:
1345 752 1566 821 quidem
1615 753 1667 808 in
1709 753 2109 824 compositione

533 837 866 903 subsistunt,
899 855 1010 898 non
1054 850 1236 896 tamen
1282 843 1338 896 in
1383 845 1694 900 unitatibus
1728 845 1952 916 propria
1977 845 2110 900 sub-

535 930 784 985 sistentia
811 933 1076 1002 prmditis.
1126 955 1143 986 ι

604 1022 686 1076 En
726 1023 942 1092 cogitur
975 1024 1134 1080 fateri
1182 1028 1447 1098 integrant
1484 1029 1784 1083 secundum
1828 1029 2112 1100 quantita-

538 1123 668 1180 tem,
705 1123 761 1168 et
799 1117 1130 1171 immutabile
1185 1120 1492 1174 secundum
1531 1121 1841 1175 naturalem
1877 1120 2113 1191 qualita-

538 1214 668 1259 tem.
705 1206 770 1260 Et
810 1220 934 1273 post
973 1209 1223 1277 quzedam
1261 1211 1407 1266 alia:
1447 1232 1463 1264 ‹
1501 1214 1577 1268 Ea
1615 1199 1683 1268 ei
1723 1214 1926 1283 quibus
1955 1213 2115 1268 Chri-

535 1307 654 1351 stus
684 1301 1054 1369 componitur,
1098 1303 1152 1355 in
1187 1304 1592 1374 compositione
1633 1306 1752 1374 ipsa
1792 1313 2114 1359 manserunt

537 1389 748 1460 integra
780 1400 836 1444 et
867 1391 1134 1464 perfecta.
1176 1412 1194 1444 ι

536 1496 715 1552 Severi
769 1515 833 1553 ea:
881 1501 1118 1570 ejusdem
1160 1504 1383 1577 epistola
1418 1505 1479 1577 Π
1519 1505 1588 1558 ad
1636 1504 1878 1577 Sergium
1915 1505 2113 1562 Gram-

1132 1575 1382 1627 maticum
1416 1575 1514 1644 (5).

613 1677 630 1709 ι
677 1660 846 1716 Valde
885 1663 1059 1717 miror
1101 1671 1153 1718 te
1187 1666 1646 1734 compositionem
1686 1681 1886 1722 vocare
1931 1667 2114 1722 carnis

540 1753 1000 1820 assumptionem,
1038 1754 1130 1823 qui
1165 1755 1294 1808 alibi
1324 1757 1592 1825 prazdicas
1625 1773 1787 1812 unam
1813 1757 1868 1812 in
1894 1759 2114 1815 Christo

2876 592 3008 644 κεφ.
3045 577 3116 631 α’.

2291 685 2309 715 ι
2355 665 2466 718 Kal.
2514 664 2624 718 τῶν
2674 661 2733 729 ἐξ
2773 659 2849 719 ὧν
2895 667 2928 735 ἡ
2961 665 3157 729 ἓνωσις
3197 666 3471 736 μενόντων
3501 668 3789 738 ἀμειώτων

2214 756 2307 808 καὶ
2360 755 2766 818 ἀναλλοιὼτων,
2819 757 2877 808 ὲν
2920 756 3169 810 συνθέσει
3206 757 3262 810 δὲ
3305 758 3655 824 ὑφεστώτων,
3691 761 3789 813 καὶ

2213 849 2315 901 οὐκ
2344 849 2402 899 ὲν
2429 848 2652 916 μονάσιν
2685 847 3129 910 ίδιοσυστάτοις.»
3171 847 3305 900 Ἰδοὺ
3337 849 3400 902 τό
3425 867 3485 902 τε
3516 851 3788 920 ἀμείωτον

2216 935 2355 988 κατὰ
2386 934 2577 999 ποσὸν,
2615 936 2712 989 καὶ
2745 933 3102 988 ἀναλλοίωτον
3133 936 3275 988 κατά
3302 937 3456 989 ποιὸν
3480 937 3660 1005 λέγειν
3687 956 3792 1006 φυ-

2216 1026 2367 1078 σικὸν
2417 1025 2759 1080 συνωθεῖται.
2824 1025 2930 1079 Καί
2975 1025 3126 1094 μετά
3173 1043 3344 1080 τινα·
3409 1046 3428 1080 ι
3475 1029 3585 1082 Kal.
3614 1029 3689 1090 ὡς
3719 1027 3792 1080 τά

2215 1117 2275 1182 ἐξ
2316 1109 2393 1168 ὧν
2438 1108 2520 1178 εἷς
2559 1115 2587 1167 ὁ
2633 1114 2866 1184 Χριστὸς
2907 1117 2967 1169 ὲν
3006 1118 3075 1187 τῇ
3116 1117 3385 1185 συνθέσει,
3422 1117 3664 1185 τελείως
3693 1115 3793 1171 καὶ

2213 1207 2508 1278 ἀμειώτως
2536 1206 2860 1278 ὑφέστηκεν.
2892 1225 2912 1259 ι

2220 1511 2332 1566 Τοῦ
2377 1509 2564 1564 αὐτοῦ
2609 1507 2872 1576 Σεόήρου
2929 1508 2998 1562 ἐκ
3039 1507 3150 1576 τῆς
3193 1507 3346 1575 πρὸς
3388 1507 3634 1577 Σέργιον
3681 1511 3798 1564 τὸν

2443 1579 2866 1648 Γραμματικὸν
2895 1577 3180 1646 δευτέρας
3204 1579 3558 1643 ἐπιστολῆς.

2293 1687 2315 1719 ι
2355 1669 2467 1720 Καὶ
2517 1666 2990 1737 καταπέπληγμαι
3033 1667 3186 1733 λίαν,
3242 1667 3360 1730 πῶς
3405 1668 3498 1720 καὶ
3539 1667 3798 1721 σύνθεσιν

2215 1758 2509 1828 ὀνομάζεις
2540 1758 2639 1829 τὴν
2673 1757 2948 1827 σάρκωσιν
2972 1774 2986 1788 ο
3043 1757 3193 1810 ἐστιν
3221 1759 3354 1810 ὅπου
3392 1759 3484 1810 καὶ
3517 1757 3678 1810 πάλιν
3702 1758 3800 1810 λέ-

539 1843 860 1906 es'sentiam,
894 1853 951 1898 et
984 1845 1328 1913 qualitatem.
1373 1846 1636 1916 Nunquid
1679 1865 1746 1902 ex
1789 1849 2112 1903 confusione

2232 1868 2370 1920 τεις,
2423 1852 2554 1920 μιᾶς
2600 1849 2980 1920 γεγενημένης
3026 1848 3286 1913 καθάπαξ
3325 1849 3516 1912 οὐσίας
3560 1849 3593 1918 ἢ
3635 1849 3798 1902 ποιό-

541 1937 708 2005 cmpit
739 1937 1081 2007 conjunctio,
1113 1947 1166 1993 et
1205 1940 1260 1993 in
1288 1941 1596 1994 essentiam‘
1621 1957 1786 1995 unam
1821 1957 1976 1996 versa
2013 1941 2111 1996 de-

541 2027 634 2081 siit
687 2028 870 2084 omnis
910 2020 1292 2100 compositio?
1322 2038 1381 2084 ut
1415 2050 1433 2082 ι
1465 2040 1654 2086 sancta
1683 2033 1957 2098 Trinitas,
2007 2036 2108 2098 ais,

539 2131 760 2178 maneat
807 2123 1073 2188 Trinitas,
1115 2141 1254 2179 neve
1305 2141 1767 2193 supervacaneam
1819 2141 2112 2197 personam

539 2219 806 2265 assumat.
833 2231 850 2262 ι
877 2211 945 2272 Et
976 2229 1228 2268 rursum:
1254 2231 1271 2262 ι
1290 2213 1357 2266 Ει
1385 2220 1566 2282 putas,
1594 2213 1691 2278 ait,
1715 2214 1822 2268 hoc
1840 2214 1907 2268 ad
1927 2229 2115 2269 essen-

539 2301 670 2355 tiam
720 2318 882 2356 unam
932 2303 1179 2376 redigere
1208 2314 1432 2358 naturas
1465 2304 1622 2368 duas,
1655 2307 1921 2375 qualitate
1958 2315 2114 2360 natu-

540 2393 664 2459 rali,
717 2392 1009 2449 divinitate
1053 2395 1266 2450 scilicet
1307 2405 1364 2450 et
1416 2396 1782 2460 humanitate,
1829 2397 1991 2466 plane
2025 2397 2115 2452 di-

538 2502 745 2550 versas,
779 2503 844 2542 ex
880 2488 1085 2557 quibus
1114 2488 1343 2558 integris
1383 2497 1547 2558 atque
1578 2488 1857 2543 distinctis
1890 2504 2117 2544 manen-

539 2579 690 2634 tibus
707 2580 847 2634 citra
863 2579 1245 2636 confusionem
1273 2595 1492 2634 omnem
1514 2579 1766 2636 subsistit
1791 2570 2064 2636 Christus.
2089 2601 2106 2634 ι

539 2692 793 2763 Ejusdem
846 2693 1114 2759 heretici,
1172 2710 1238 2747 ea:
1293 2693 1515 2763 epistola
1575 2691 1660 2747 111
1738 2693 1808 2747 ad
1873 2693 2115 2747 eumdem

1203 2763 1467 2835 Sergium.

616 2872 632 2902 ι
681 2852 833 2908 Scito
867 2869 981 2908 rem
1033 2869 1143 2906 non
1184 2853 1259 2908 ita
1298 2868 1356 2906 se
1397 2853 1623 2918 habere,
1684 2869 1807 2908 cum
1846 2869 1948 2922 ego
1997 2853 2115 2922 pla-

541 2960 669 2998 num
704 2943 954 3007 fecerim,
984 2943 1524 3014 auctoritatibusque
1555 2944 1696 2998 bene
1727 2945 1916 2998 multis
1935 2951 2118 2998 osten-

540 3035 714 3090 derim
747 3036 852 3090 diei
883 3051 993 3090 non
1038 3045 1301 3106 oportere
1339 3036 1753 3092 Emmanuelem
1795 3029 1916 3090 esse
1953 3035 2118 3091 unius

541 3135 596 3180 ct
635 3125 884 3197 ejusdem
916 3127 1192 3192 essentiae,
1233 3136 1291 3182 et
1330 3127 1631 3198 qualitatis.
1669 3135 1835 3197 atque
1864 3127 2117 3197 proprie-

542 3216 723 3270 tatis.»
755 3214 822 3269 Et
841 3232 1060 3271 rursus:
1092 3217 1446 3274 «Nemosana
1479 3229 1662 3274 mente
1693 3218 1954 3288 praeditus
1971 3217 2120 3272 dicet

545 3316 796 3362 naturam
835 3309 931 3364 Dei
957 3309 1145 3375 Verbi,
1191 3311 1550 3382 ejusdemque
1583 3327 1802 3367 carnem
1843 3311 2025 3366 anima
2064 3319 2120 3364 et

545 3399 759 3454 ratione
786 3400 1094 3468 praeditam,
1119 3400 1174 3454 in
1211 3416 1318 3455 una
1344 3401 1697 3457 subsistentia
1728 3401 1830 3470 ipsi
1891 3401 2121 3469 conjun-

542 3498 688 3544 ctam
722 3505 843 3546 esse
876 3489 1042 3545 unius
1072 3491 1348 3554 essentiae,
1381 3501 1436 3546 et
1462 3492 1707 3563 ejusdem
1743 3490 2046 3561 qualitatis.
2095 3508 2114 3541 ι

817 3603 1093 3676 Ejusdem,
1133 3620 1196 3658 ex
1226 3602 1447 3676 cpistola
1477 3603 1546 3658 ad
1583 3603 1846 3659 eumdem.

623 3739 642 3770 ι
688 3719 733 3774 Α
769 3719 977 3774 Christi
1025 3718 1269 3774 fidelium
1313 3720 1711 3774 communitate
1755 3719 2121 3789 segregandos

545 3810 860 3881 iudicamus
887 3825 1005 3875 eos,
1041 3810 1136 3881 qui
1168 3817 1294 3880 post
1332 3819 1670 3879 assumptam
1705 3825 1926 3864 carnem
1959 3808 2120 3864 Chri-

551 3911 697 3957 stum
726 3901 983 3956 dividunt
1002 3901 1058 3956 in
1076 3911 1301 3956 naturas
1317 3901 1490 3966 duas;
1522 3901 1670 3971 quod
1697 3917 1828 3956 sane
1853 3901 2124 3972 supplicio

549 3996 743 4066 dignos
763 4010 859 4053 eos
888 4009 1198 4058 censemus,
1222 4010 1329 4048 non
1355 3994 1502 4064 quod
1539 3994 1726 4063 plures
1753 4002 2001 4056 naturas,
2031 4003 2126 4048 aut

550 4086 942 4156 proprietates,
969 4093 1064 4140 aut
1089 4084 1447 4156 operationes
1469 4085 1678 4151 dicant,
1698 4084 1794 4140 sed
1831 4085 1958 4155 quia
1988 4084 2127 4140 duas

548 4194 670 4234 esse
701 4178 1016 4248 praedicant.
1055 4198 1074 4229 ι

625 4273 694 4327 At
721 4272 766 4326 si
799 4283 1046 4335 naturas,
1066 4288 1234 4325 unam
1263 4286 1444 4334 nemo,
1468 4285 1537 4324 ne
1565 4270 1874 4325 litterarum
1902 4261 2127 4339 quidem

555 4377 753 4431 expers
775 4360 1010 4426 dixerit;
1031 4375 1130 4416 eos
1153 4375 1284 4416 vero
1301 4361 1395 4429 qui
1417 4359 1555 4414 duas
1571 4368 1849 4426 asserunt,
1871 4374 1900 4413 a
1921 4359 2127 4414 Christi

2215 1958 2376 2008 τητος
2397 1956 2410 1970 °
2459 1939 2566 2010 ἀρα
2596 1940 2706 2010 γὰρ
2736 1939 2915 2010 ἦρχοη
2943 1939 3042 2010 μὲν
3073 1941 3105 2009 ἡ
3134 1939 3328 2002 ἓνωσις
3359 1941 3423 1993 ὲκ
3451 1940 3798 2008 συγχύσεως,

2216 2035 2312 2089 καὶ
2362 2034 2638 2087 πέπαυται
2681 2033 2736 2086 δὲ
2771 2035 2823 2101 -ὴ
2869 2032 3152 2095 σύνθεσις,
3204 2031 3299 2084 καὶ
3334 2035 3415 2094 εἰς
3450 2032 3577 2101 μίαν
3603 2032 3802 2084 οὐσίαν

2219 2122 2622 2195 μετεχώρησεν,
2662 2125 2768 2188 ἵνα,
2791 2125 2867 2187 ὼς
2891 2124 3095 2192 λέγεις,
3124 2127 3156 2194 ή
3189 2124 3318 2190 ἁγία
3343 2122 3513 2193 Τριάς
3540 2122 3798 2194 φυλαχθῇ

2216 2214 2386 2282 Τριὰς
2411 2253 2426 2279 ,
2479 2216 2576 2268 καὶ
2613 2214 2687 2285 μὴ
2722 2216 2977 2283 περιττὸν
3009 2215 3305 2285 πρόσωπον
3337 2212 3724 2284 παραδέξεται.
3747 2223 3752 2226 ’
3777 2233 3798 2266 ι

2215 2307 2328 2361 Καὶ
2365 2307 2584 2361 πάλινσ
2609 2326 2627 2358 ‹
2655 2307 2765 2359 Kal.
2780 2305 2866 2374 εἴη
2898 2303 3057 2358 τοῦτο
3088 2306 3226 2375 πρὸς
3253 2303 3382 2374 μίαν
3405 2305 3592 2358 οὐσίαν
3614 2305 3804 2371 ἄγειν,

2217 2401 2286 2454 τὰ
2317 2402 2382 2470 τῇ
2415 2401 2619 2470 φυσικῇ
2650 2398 2899 2466 ποιότητι
2928 2396 3281 2466 διαφέροντα,
3318 2395 3547 2466 θεότητα
3577 2397 3670 2449 καὶ
3696 2397 3808 2449 ἀν-

2218 2492 2547 2564 θρωπότητα
2566 2530 2580 2557 ,
2619 2490 2680 2556 ἐξ
2705 2482 2780 2544 ὧν
2811 2489 3135 2560 ἀσυγχύτως
3170 2489 3265 2544 καὶ
3298 2488 3584 2559 ἀμειὼτως
3615 2488 3806 2559 ὑπάρ-

2217 2603 2301 2655 χει
2326 2584 2581 2656 Χριστός.
2611 2603 2628 2636 ι

2222 2699 2332 2754 Τοῦ
2361 2699 2548 2754 αὐτοῦ
2576 2697 2970 2776 αἱρετικοῦρκ
2995 2699 3106 2776 τῇς
3133 2697 3420 2776 πρὸς-τόν
3444 2694 3632 2750 αὐτὸν
3653 2697 3803 2764 Σέρο

2631 2785 2766 2838 τιον
2795 2770 2999 2836 τρίτης
3025 2768 3374 2832 ἐπιστολῆς.

2294 2881 2312 2915 ι
2340 2861 2478 2915 Ἵσθι
2515 2859 2608 2914 οὖν
2661 2858 2736 2930 μὴ
2777 2857 2949 2921 οὕτως
2990 2858 3134 2927 ἔχειν
3164 2856 3225 2910 τὸ
3253 2855 3469 2924 ἀληθὲς,
3500 2856 3595 2910 καὶ
3625 2870 3801 2928 προσ-

2219 2948 2606 3020 αποφήσαντός
2668 2965 2769 3018 μου
2846 2947 2942 3001 καὶ
3004 2945 3093 3000 διὰ
3156 2945 3422 2998 πλειόνων
3478 2946 3803 3016 μαρτυριῶν

2217 3039 2635 3104 ἀποδείξαντος,
2696 3038 2772 3102 ὡς
2825 3038 2885 3091 οὐ
2930 3037 3037 3108 χρὴ
3083 3036 3267 3104 λέγειν
3314 3036 3406 3090 τὸν
3447 3036 3806 3108 Ἐμμανουήλ

2223 3133 2353 3201 μιᾶς
2381 3129 2571 3199 οὐσίας
2599 3146 2660 3182 τε
2705 3128 2800 3182 καὶ
2837 3128 3128 3197 ποιότητος
3158 3127 3255 3179 καὶ
3284 3125 3402 3189 ἑνὸς
3434 3124 3748 3195 ἰδιώματος.
3779 3144 3797 3177 ι

2223 3223 2333 3278 Καὶ
2369 3221 2588 3276 πάλιν-ο
2657 3239 2676 3272 ι
2720 3220 2834 3273 Οὐκ
2869 3219 2933 3273 ἄν
2963 3235 3047 3282 τις
3081 3217 3204 3270 νοῦν
3235 3216 3374 3287 ἔχων
3403 3216 3549 3268 εἴποι
3578 3217 3677 3284 τὴν
3708 3214 3805 3270 τοῦ

2225 3315 2360 3369 Θεοῦ
2407 3316 2623 3383 Λόγου,
2679 3312 2776 3366 καὶ
2822 3311 2920 3382 τὴν
2961 3310 3205 3381 ἔμψυχον
3255 3309 3348 3362 καὶ
3386 3309 3567 3363 ἔννουν
3599 3308 3806 3378 σάρκα,

2225 3407 2324 3476 τὴν
2371 3404 2668 3459 ὲνωθεῖσαν
2717 3401 2868 3473 αὐτῷ
2915 3402 3037 3456 καθ’
3086 3401 3419 3466 ὑπόστασιν,
3475 3398 3810 3470 γεγενῆσθαι

2230 3499 2358 3568 μιᾶς
2388 3496 2577 3559 οὐσίας
2609 3495 2704 3549 καὶ⁵
2732 3495 3044 3566 ποιότητος.
3069 3511 3089 3546 ›

2289 3607 2398 3663 Τοῦ
2421 3605 2608 3660 αὑτοῦ
2637 3605 2706 3659 ἐκ
2732 3603 2843 3672 τῆς
2871 3603 3022 3672 πρὸς
3049 3603 3156 3657 τὸν
3179 3604 3367 3657 αὑτὸν
3391 3600 3755 3669 ἐπιστολῆς.

2307 3738 2324 3770 ι
2369 3715 2888 3787 ’Δναθεματίζοντες
2927 3715 3112 3769 τοίνυν
3157 3715 3287 3778 τούς
3327 3714 3674 3784 διαιροῦντας
3715 3713 3813 3768 τὸν

2228 3813 2325 3866 ἕνα
2348 3796 2590 3884 Χριστὸν
2627 3811 2770 3882 μετά
2795 3811 2894 3881 τὴν
2921 3811 3117 3864 ἕνωσιν
3147 3813 3214 3880 τῇ
3241 3810 3395 3863 δυάδι
3425 3809 3535 3863 τῶν
3567 3808 3810 3877 φύσεων,

2230 3905 2293 3958 οὐ
2324 3904 2392 3957 δι’
2416 3903 2547 3958 αὐτὸ
2576 3903 2636 3957 τδ
2667 3903 2848 3970 λέγειν
2874 3902 3064 3971 φύσεις
3096 3903 3128 3973 ἢ
3167 3901 3435 3972 ἰδιότητας
3464 3901 3496 3972 ἢ
3527 3899 3814 3970 ἐνεργείας

2233 3993 2845 4065 ὑπαναθεματισθέντες
2882 3991 3044 4046 τοῦτό
3079 4009 3258 4062 φαμεν
3280 4032 3295 4056 ,
3348 3991 3484 4044 ἀλλά
3518 3990 3610 4043 διά
3633 3991 3694 4042 τὸ
3716 3987 3814 4041 λέ-

2231 4107 2350 4158 γειν
2374 4087 2521 4141 δύο.»
2543 4085 2684 4139 Ἀλλ’
2705 4087 2755 4138 εί
2772 4086 2920 4155 μίαν
2939 4081 3083 4138 εἶναι
3108 4083 3207 4148 τὰς
3231 4084 3448 4152 φύσεις
3471 4081 3578 4134 οὐδ’
3597 4080 3814 4150 ἀγράμ-

2235 4182 2406 4254 ματός
2453 4196 2539 4243 τις
2572 4179 2726 4248 ὲρεῖ,
2777 4177 2870 4229 δύο
2898 4175 2955 4229 δὲ
3006 4175 3136 4239 τοὺς
3178 4175 3437 4242 λέγοντας
3473 4172 3643 4235 αὐτάς
3673 4166 3812 4224 εἶναι

2234 4275 2678 4350 ἀναθεματίζεις,
2713 4273 2747 4344 ἢ
2776 4275 2928 4343 τρεῖς
3025 4273 3303 4342 τέσσαρας
3331 4270 3366 4340 ἢ
3393 4270 3524 4322 δέκα
3554 4268 3586 4337 ἢ
3615 4267 3814 4320 ἑκατὸν

2189 4389 2193 4394 ·
2237 4370 2376 4425 εἶναι
2424 4369 2596 4430 αὐτάς
2645 4366 2706 4431 ἐξ
2747 4366 2992 4433 ἀνάγκης
3022 4363 3411 4432 ὁμολογήσεις·
3470 4360 3669 4432 πλῆθος
3700 4359 3814 4431 γὰρ

561 4453 806 4508 ﬁdelium
851 4453 1116 4508 societate
1164 4450 1534 4521 segregandos
1579 4449 1798 4520 judieas
1845 4468 1857 4503 :
1905 4450 2124 4505 fatearis

2237 4465 2390 4518 οὐδὲν
2417 4459 2817 4532 ἀναρίθμητον,
2850 4458 2898 4508 εί
2928 4456 3003 4527 μὴ
3031 4454 3094 4508 τὸ
3119 4454 3366 4526 ἄπειρον.

559 4555 779 4615 oportet
811 4561 905 4601 eas
929 4543 1180 4628 essc_vel
1213 4550 1347 4608 tres,
1373 4542 1458 4597 vel
1497 4549 1758 4612 quatuor,
1793 4542 1879 4597 vel
1915 4541 2132 4608 decem,
2160 4529 2214 4588 D

564 4641 650 4694 vel
681 4648 921 4694 centum.

562 4750 802 4817 Severus,
835 4768 898 4807 ea:
923 4751 1010 4807 lib.
1040 4759 1225 4808 contra
1260 4751 1420 4806 Joan.
1444 4751 1862 4809 Grammaticum
1885 4752 2141 4810 Ctesarcaz

1139 4825 1436 4894 episcopum
1459 4823 1555 4896 (6).

645 4998 663 5030 ι
708 4978 991 5045 Quamvis,
1032 4981 1128 5045 ait,
1165 4996 1290 5034 cum
1336 4980 1426 5034 alii
1469 4980 1734 5036 Ecclesiae
1773 4980 1988 5042 Patres,
2015 4987 2134 5034 tum

563 5071 728 5124 etiam
751 5069 988 5140 Cyrillus
1014 5070 1150 5141 ipse,
1183 5071 1441 5135 dixerint,
1459 5071 1736 5126 Christum
1763 5081 1889 5140 post
1916 5081 2140 5126 natura-

565 5163 672 5220 lem
715 5163 1164 5233 conjunetionem
1211 5163 1267 5217 in
1312 5163 1529 5218 duabus
1581 5163 1861 5219 distinctis
1922 5163 2140 5218 naturis

535 5257 873 5324 subsistere
907 5273 922 5324 ;
969 5272 1095 5312 cum
1136 5256 1544 5326 posterioribus
1578 5265 1761 5312 tamen
1797 5257 2142 5326 temporibus

567 5347 798 5402 verbum
841 5347 948 5403 hoc
974 5349 1258 5419 explosum
1300 5348 1498 5412 fuerit,
1525 5349 1991 5420 quemadmodum
2029 5349 2144 5404 dis-

567 5443 892 5499 tinctionem
951 5441 1334 5498 asserentibus
1387 5451 1443 5497 et
1486 5428 1622 5497 illud
1658 5442 1844 5498 dicere
1882 5442 2139 5510 vetitum,

570 5531 854 5589 Christum
888 5533 1127 5588 humana
1171 5547 1337 5587 carne
1364 5547 1606 5602 passum,
1639 5532 1787 5601 quod
1833 5533 1904 5587 ab
1947 5533 2142 5588 ortho-

601 5711 720 5779 '(5)
774 5711 1007 5781 Scripsit
1062 5711 1302 5766 Severus
1349 5707 1415 5764 ad
1473 5707 1723 5781 Sergium
1776 5708 1967 5763 saltem
2023 5717 2137 5762 tres

571 5782 850 5851 epistolas.
901 5779 970 5836 ut
1011 5798 1076 5835 ex
1115 5781 1305 5835 codice
1341 5790 1529 5851 noStro
1560 5779 1752 5851 liquet,
1793 5795 1856 5834 ex
1901 5795 2133 5851 quarum

573 5849 681 5907 una
736 5859 911 5906 exstat
952 5851 1318 5921 fragmentum
1374 5849 1428 5904 in
1479 5849 1628 5905 Actis
1681 5851 1902 5906 concilii
1953 5849 2133 5905 Later.

3788 4567 3798 4596 l

2244 4750 2352 4808 Τοῦ
2394 4747 2581 4803 αὐτοῦ
2622 4745 2886 4820 Σεόήρου
2903 4743 3004 4820 *ἐκ
3047 4741 3180 4820 τῆς·¹
3210 4739 3379 4820 κατά.
3398 4737 3506 4792 τοῦ
3538 4739 3819 4820 Γραμμα-

2306 4819 2475 4874 τικοῦ
2505 4805 2788 4873 Ἰωάννοῦ
2827 4814 2933 4868 τοῦ
2961 4805 3304 4868 ἐπισκόπου
3329 4808 3688 4875 Καισαρείας
3715 4805 3817 4872 ,ϐί-

2309 4893 2479 4945 ὅλου.

2317 5003 2336 5035 ι
2375 4982 2438 5034 Ei
2467 4980 2563 5034 καὶ
2589 4978 2650 5032 τὸ
2676 4977 2861 5046 λέγειν
2892 4977 2949 5028 ὲν
2973 4972 3067 5027 δύο
3093 4970 3320 5042 φύσεσιν
3350 4965 3680 5037 άδιαιρέτοις
3709 4963 3813 5030 ὐφ-

2242 5073 2456 5127 ιστάναι
2502 5070 2594 5124 τὸν
2637 5067 2872 5139 Χριστὸν
2925 5064 3062 5136 μετά
3109 5063 3208 5130 τὴν
3243 5061 3442 5114 ἕνωσιν
3484 5058 3670 5126 εἴρητό
3702 5070 3812 5107 τισι

2240 5165 2349 5218 τῶν
2383 5162 2553 5216 πάλαι
2581 5159 2919 5214 διδασκάλων
2949 5157 3048 5226 τῆς
3087 5153 3438 5223 Ἐκκλησίας,
3473 5150 3507 5220 ἢ
3541 5150 3635 5202 καὶ
3667 5146 3814 5215 αὐτῴ

2242 5256 2517 5328 Κυρίλλῳ,
2557 5252 2697 5324 μετά
2722 5250 2895 5304 ταῦτα
2920 5249 2978 5302 δὲ
3005 5247 3356 5317 ἀπηγόρευτο
3377 5262 3391 5275 ·
3430 5242 3685 5309 καθάπερ
3720 5243 3818 5291 καὶ

2239 5348 2302 5402 τὸ
2346 5347 2530 5416 λέγειν
2577 5347 2644 5416 τῇ
2691 5343 2853 5413 φύσει
2900 5342 3000 5410 τῆς
3035 5339 3461 5410 ἀνθρωπότητος
3502 5336 3698 5390 παθεῖν
3725 5331 3817 5383 τὸν

2241 5440 2477 5510 Χριστὸν
2507 5437 2688 5499 καλῶς
2723 5437 2831 5489 ὑπὸ
2859 5434 2969 5486 τῶν
2999 5431 3300 5503 όρθοδόξων
3328 5429 3623 5498 λεγόμενον
3645 5468 3662 5487 ,
3709 5424 3818 5476 άπ-

2243 5532 2513 5603 ηγόρευσε
2542 5528 2747 5598 λέγειν,
2770 5527 2882 5590 τοῖς
2904 5523 3119 5580 νοσοῦσι
3149 5523 3247 5594 τὴν
3271 5521 3538 5592 διαίρεσιν
3565 5513 3820 5574 ἀνθιστά-

2239 5706 2564 5849 “(Eligam
2607 5773 2888 5849 Joannem
2909 5770 3068 5849 illum
3091 5766 3525 5849 Grammaticum
3554 5761 3822 5849 adquem

2241 5835 2477 5904 Severus
2523 5845 2766 5915 scripsit,
2813 5843 2984 5898 fuisse
3029 5838 3291 5896 Caesareae
3334 5835 3676 5907 episc0pum.
