3998 6282
408 418 536 484 1851

1674 356 1987 481 LEONTdI
2032 422 2437 483 BYZANTINI

3529 423 3658 487 1852

392 532 691 587 verborum
746 544 967 584 sensum
1014 529 1412 584 attendendum
1441 530 1665 599 putatis.
1701 531 1810 586 Vos
1837 547 1971 600 pm-

2090 549 2212 601 μεις
2240 533 2348 588 τῶν
2376 534 2552 602 λόγων
2578 535 2931 605 συμϐιὸάζειν
2952 534 3248 591 ἐθέλουσιν.
3266 535 3407 590 Ἀλλ’
3432 537 3655 601 εἰκότως

391 634 542 678 terea
602 623 738 676 latet
797 629 1186 691 argumentum
1235 621 1304 675 ab
1353 621 1517 675 simili
1563 621 1970 684 ductum.‘nec

389 714 702 783 intelligitis
752 727 849 767 vos
896 711 949 766 id
1007 712 1186 780 ipsum
1244 712 1432 765 latere.
1496 711 1968 778 Quemadmodum

390 806 539 858 enim
570 804 672 858 sub
697 802 892 858 iisdem
918 803 1102 857 verbis
1122 802 1263 856 male
1289 803 1562 872 perceptis
1588 804 1759 858 latere
1791 814 1972 874 potest

391 894 719 965 signiﬁcatio
755 896 915 962 plane
944 894 1195 958 diversa;
1233 894 1305 948 ita
1335 894 1438 947 sub
1468 895 1699 949 vocibus
1736 896 1971 950 diversis

392 996 541 1043 recte
563 990 799 1057 sumptis
819 987 1088 1042 contineri
1125 995 1305 1057 potest
1337 987 1479 1041 idem
1502 990 1726 1043 omnino
1752 1005 1966 1045 sensus.

392 1078 628 1134 Prodea't
671 1080 840 1149 igitur
875 1080 929 1134 in
978 1079 1250 1145 medium,
1307 1079 1354 1134 si
1405 1079 1533 1149 quis
1561 1088 1784 1134 sanctus
1810 1081 1972 1135 Pater

393 1171 551 1225 vobis
604 1180 690 1226 est
727 1177 815 1241 (ex
865 1186 1056 1225 eorum
1085 1186 1341 1235 numero,
1375 1186 1517 1240 quos
1551 1182 1611 1224 ut
1634 1171 1972 1227 orthodoxos

392 1278 590 1321 omnes
645 1273 951 1333 agnoscunt
993 1271 1049 1319 et
1097 1262 1310 1332 colunt)
1360 1264 1454 1332 qui
1512 1272 1711 1318 vestrae
1748 1273 1973 1318 senten-

392 1356 482 1409 tia:
534 1350 721 1409 favere
773 1355 1061 1421 videatur;
1107 1363 1164 1409 et
1215 1356 1259 1410 si
1311 1354 1456 1424 quod
1503 1355 1804 1425 genuinum
1851 1357 1972 1426 ejus

393 1447 680 1502 oraculum
712 1462 779 1501 ex
807 1455 1027 1501 vetusto
1065 1447 1253 1518 aliquo
1292 1447 1484 1503 codice
1511 1448 1839 1518 depromere
1870 1463 1971 1518 po-

393 1539 571 1606 testis,
624 1539 760 1594 illud
813 1539 1028 1596 aﬂerte.

462 1719 597 1773 Nam
628 1719 775 1788 quod
826 1720 1024 1773 attinet
1063 1719 1131 1774 ad
1175 1719 1530 1774 auctoritates
1572 1735 1603 1774 a
1635 1720 1792 1775 vobis
1836 1721 1972 1776 alla-

395 1817 499 1874 tas,
553 1824 677 1863 cum
720 1825 863 1878 srepe
914 1809 1241 1864 adulterina:
1276 1825 1340 1865 ac
1371 1810 1569 1880 spuria:
1611 1810 1972 1880 deprehensae

392 1901 619 1965 fuerint,
669 1916 763 1956 eas
815 1902 1052 1970 amplius
1105 1910 1167 1956 ut
1206 1900 1446 1972 integras
1496 1912 1662 1972 atque
1705 1905 1973 1974 genuinas

394 1991 687 2046 admittere
729 2006 839 2045 non
877 2006 1186 2060 possumus.
1238 1991 1550 2046 Asserimus
1598 2001 1777 2047 tamen
1823 2001 1881 2048 et
1916 1994 1971 2049 in

394 2081 483 2135 his
530 2082 664 2150 ipsis
698 2081 1124 2135 auctoritatibus
1152 2082 1355 2151 quibus
1384 2082 1538 2136 abuti
1571 2084 1780 2148 soletis,
1811 2100 1971 2140 men-

332 2153 343 2161 ’
392 2172 600 2226 tionem
654 2186 797 2242 saepe
850 2170 968 2226 fieri
1011 2186 1134 2227 cum
1186 2180 1397 2226 natura:
1439 2186 1495 2226 et
1541 2173 1815 2235 essentiae,
1854 2184 1971 2228 tum

395 2263 763 2317 subsistentia:
809 2270 864 2318 et
914 2278 1184 2333 personae.
1211 2263 1332 2317 Non
1372 2264 1520 2318 enim
1551 2265 1776 2335 praprio
1807 2280 1970 2320 sensu

294 2394 297 2395 ν
393 2368 615 2423 semper
661 2363 976 2410 sumuntur.
1025 2355 1162 2409 Nam
1209 2370 1333 2409 cum
1378 2372 1608 2426 magnus
1640 2356 1974 2412 Athanasius

392 2454 450 2499 et
479 2446 709 2501 Proclus
753 2462 1021 2517 personas
1067 2455 1121 2503 et
1153 2448 1559 2518 hypostases-in
1586 2448 1806 2504 Christo
1834 2465 1970 2505 con-

389 2538 610 2607 junctas
664 2550 924 2594 asserunt
959 2541 1106 2607 (ll);
1162 2549 1279 2594 tum
1346 2540 1541 2594 beatus
1589 2540 1826 2611 Cyrillus
1859 2542 1973 2598 haec

394 2629 599 2684 habet:
624 2633 670 2685 si
687 2633 804 2701 quis
823 2634 1131 2702 hypostases
1153 2632 1454 2702 distinguit.
1481 2632 1651 2686 Porro
1677 2635 1721 2687 si
1750 2635 1972 2702 propria

394 2718 795 2790 signiﬁcatione
817 2735 983 2774 voces
1002 2721 1137 2774 istas
1158 2730 1453 2790 usurpatas
1474 2720 1973 2792 intelligamus,eas

387 2811 512 2879 jure
550 2825 614 2865 ac
654 2812 857 2866 merito
906 2811 1067 2865 nobis
1117 2812 1302 2866 statim
1349 2811 1650 2866 obtrudent
1689 2822 1744 2866 et
1781 2813 1975 2867 Nesto-

393 2901 558 2966 riani,
604 2903 696 2971 qui
728 2918 994 2972 personas
1022 2904 1074 2956 in
1108 2901 1329 2957 Christo
1359 2902 1619 2972 conjungi
1662 2911 1971 2959 autumant.

394 2992 685 3057 Quomodo
738 3002 921 3047 autem
970 2994 1076 3048 hoc
1110 3010 1275 3048 sensu
1312 2994 1464 3062 loqui
1500 2994 1682 3062 potuit
1713 2992 1971 3065 Cyrillus,

394 3083 490 3152 qui
543 3084 595 3137 4ο
640 3084 833 3138 anath.
882 3085 999 3138 ait:
1034 3103 1051 3134 ι
1085 3083 1139 3138 Si
1172 3084 1300 3153 quis
1325 3084 1544 3139 duabus
1574 3086 1845 3154 personis,
1888 3086 1972 3140 vel

2078 621 2174 673 καὶ
2202 622 2358 676 τοῦτο
2400 624 2542 692 ὑμᾶς
2580 624 2836 679 λανθάνεί
2868 626 2931 680 τό
2963 642 3029 694 γε
3062 626 3245 695 ὅμοιον
3287 629 3652 698 προηγνοηκό-

2075 728 2181 775 τας
2214 729 2227 742 ·
2264 712 2456 786 ὥσπερ
2482 715 2592 788 γὰρ
2618 717 2735 771 ἔστι
2777 716 2869 772 διὰ
2895 718 3004 772 τῶν
3032 718 3213 773 αὐτῶν
3239 719 3435 787 φωνῶν
3472 720 3653 791 διάφο-

2080 820 2170 872 ρον
2196 805 2407 859 ἔννοιαν
2433 809 2792 879 σημαίνεσθαι
2818 810 3043 864 ἐπὶτῶν
3064 810 3429 882 δυσεμφάτων
3454 812 3651 880 λόγων,

2074 896 2227 951 οὕτω
2270 899 2366 951 καὶ
2424 901 2490 953 ὲκ
2551 901 2825 973 διαφόρων
2871 902 3048 971 λόγων
3081 904 3179 974 τὴν
3218 904 3392 974 αὐτὴν
3437 903 3651 957 ἔννοιαν

2077 985 2426 1054 συνάγεσθαι,
2462 989 2555 1043 ἐπὶ
2583 990 2690 1043 τῶν
2726 991 3082 1062 πολυφράδων
3113 993 3424 1062 νοημάτων.
3460 991 3525 1047 Εἰ
3559 989 3653 1049 οὖν

2072 1094 2194 1130 τινα
2223 1077 2374 1147 ἔχετε
2390 1079 2497 1134 τῶν
2522 1082 2961 1155 ὡμολογημένων
2983 1085 3077 1138 καὶ
3099 1086 3358 1148 γνωστῶν
3387 1084 3648 1154 Πατὲρων

2074 1168 2371 1238 όρθοδόξων
2392 1210 2408 1234 ,
2443 1171 2538 1223 καὶ
2584 1172 2675 1224 διὰ
2709 1173 2936 1243 τεύχους
2965 1173 3195 1228 παλαιοῦ
3235 1173 3328 1227 καὶ
3363 1168 3650 1228 άνοθεύτου

2073 1258 2442 1314 ἐπιδεικνύναι
2470 1279 2522 1314 τι
2552 1266 2663 1326 τοῖς
2716 1265 3008 1337 ὑμετέροις
3054 1266 3287 1337 συνᾷδον
3345 1266 3606 1336 εἰρηκότα
3633 1306 3650 1332 ,

2074 1354 2456 1422 προσαγάγετε
2488 1372 2504 1388 ο
2560 1356 2659 1418 τὰς
2706 1359 2815 1427 γὰρ
2875 1356 3274 1428 κρυψωνύμους
3318 1358 3412 1411 καὶ
3459 1358 3653 1427 φαλσο·

2073 1443 2320 1513 γράφους
2349 1445 2502 1515 ὑμῶν
2532 1448 2756 1519 χρήσεις
2784 1448 2894 1519 (10)
2936 1448 3083 1513 ἅπαξ
3119 1449 3215 1503 καὶ
3248 1449 3329 1513 δὶς
3375 1449 3650 1520 φωραθείη

2076 1550 2178 1597 σας
2227 1536 2287 1588 ὲν
2345 1535 2592 1610 άκεραίῳ
2649 1537 2918 1608 ἁπλότητι
2969 1538 3158 1593 λοιπὸν
3213 1541 3274 1593 οὐ
3343 1540 3649 1612 παραδεχό-

2078 1625 2244 1695 μεθα.
3032 1676 3035 1679 ,

2145 1717 2749 1791 Προδιαμαρτυρόμεθα
2762 1720 2819 1774 δὲ
2836 1720 2987 1789 ὅμως
3005 1721 3087 1775 ὄτι
3101 1720 3158 1773 ὲν
3176 1724 3513 1797 καταχρήσει
3534 1722 3649 1778 ἐστι

2075 1809 2344 1875 πολλάκις
2390 1813 2802 1883 μεταγενόμενα
2845 1814 3029 1884 εὑρεῖν
3073 1813 3263 1866 καὶτὰ
3307 1815 3406 1884 τῆς
3436 1814 3650 1884 φύσεως

2073 1902 2171 1956 καὶ
2181 1904 2371 1969 οὐσίας
2388 1904 2485 1959 καὶ
2508 1905 2861 1970 ὑποστάσεως
2880 1905 2977 1959 καὶ
2992 1903 3286 1975 προσώπου
3304 1906 3546 1976 ὀνόματα
3558 1908 3653 1959 ἐπὶ

2072 1995 2173 2064 τῆς
2206 1996 2518 2066 οἰκονομίας
2537 2013 2553 2029 ο
2580 1997 2640 2050 οὑ
2671 1998 2780 2068 γὰρ
2810 1998 3018 2068 κυρίως
3047 1997 3135 2051 ἀεὶ
3156 2000 3337 2051 κεῖται
3356 2037 3369 2052 .
3416 1996 3650 2052 Ἀθανάο

2075 2086 2189 2151 σιός
2214 2104 2274 2140 τε
2303 2088 2412 2159 γὰρ
2446 2090 2475 2142 ό
2531 2090 2723 2158 μέγας,
2757 2090 2852 2144 καὶ
2877 2088 3188 2161 προσώπων
3217 2088 3414 2142 ἕνωσιν
3435 2089 3528 2142 ἐπὶ
3551 2087 3648 2144 τοῦ

2073 2174 2307 2245 Χριστοῦ
2356 2177 2754 2249 διισχυρίζεται
2779 2218 2793 2243 ,
2830 2180 2926 2232 καὶ
2968 2179 3215 2249 Πρόκλος
3241 2180 3603 2233 ὑποστάσεωνη
3626 2193 3642 2208 ο

2072 2264 2343 2336 Κύριλλός
2357 2284 2416 2320 τε
2439 2269 2466 2321 ό
2491 2269 2780 2338 μακάριος,
2812 2269 2885 2323 Et
2906 2286 2998 2333 τις
3021 2268 3238 2337 διαιρεῖ
3254 2269 3360 2334 τὰς
3382 2266 3650 2323 ὑποστά-

2074 2370 2229 2421 σεις,
2257 2358 2485 2427 ἔφησεν.
2522 2359 2648 2412 Ἐὰν
2675 2355 2859 2421 οῦνὼς
2882 2357 3229 2428 κυριολεξίας
3249 2357 3383 2412 ὄντα
3400 2359 3490 2412 καὶ
3519 2358 3648 2412 τάδε

2074 2445 2344 2510 νοοῦνται,
2388 2447 2499 2500 ἰδοὺ
2521 2447 2618 2500 καὶ
2650 2449 2697 2499 οἱ
2730 2447 3088 2516 Νεστοριανοὶ
3110 2447 3290 2510 καλῶς
3320 2449 3451 2517 ἡμῖν
3474 2447 3649 2501 ταῦτα

2076 2536 2166 2589 ἀεὶ
2194 2537 2609 2607 προϐάλλονται,
2643 2538 2990 2591 ύποστάσεων
3026 2540 3120 2592 καὶ
3160 2539 3467 2611 προσώπων
3515 2539 3649 2593 ἕνω-

2077 2642 2163 2678 σιν
2188 2626 2612 2697 δογματίζοντες
2639 2629 2697 2681 ὲν
2723 2631 2790 2698 τῇ
2830 2628 3145 2701 οἰκονομίᾳ·
3181 2630 3298 2693 πῶς
3324 2631 3383 2684 δὲ
3422 2630 3490 2685 ἂν
3523 2631 3645 2686 τόδι

2074 2715 2246 2778 οὕτως
2280 2717 2408 2786 ἔφη,
2439 2719 2467 2770 ό
2510 2721 2568 2770 ὲν
2596 2719 2840 2789 τετάρτῳ
2871 2718 3301 2789 ἀναθεματισμῷ
3328 2719 3499 2773 εἰπὼν
3532 2721 3645 2773 Πα-

2074 2806 2178 2876 τὴρ
2224 2806 2526 2877 Κύριλλος,
2563 2826 2582 2860 ι
2620 2809 2686 2862 Εἰ
2741 2826 2824 2871 τις
2881 2809 3197 2880 προσώποις
3251 2811 3410 2863 δυσὶν
3477 2810 3646 2881 ἤγουν

2077 2898 2410 2952 ὑποστάσεσι
2434 2900 2678 2968 διανέμει
2699 2901 2906 2968 φωνὰς,
2933 2919 2953 2952 ι
2982 2901 3075 2955 καὶ
3095 2900 3164 2953 τὰ
3193 2900 3357 2969 ἑξῆςς
3394 2902 3482 2954 Ἐν
3498 2902 3555 2955 δὲ
3577 2905 3646 2975 τῇ

2077 2990 2214 3063 πρὸς
2272 2991 2498 3061 βασιλέα
2548 2992 2839 3045 Θεοδόσιον
2881 2992 3161 3062 ἐπιστολῇ,
3193 2992 3330 3046 ἀλλὰ
3363 2994 3458 3046 καὶ
3509 2994 3653 3064 πρὸς

2090 3082 2342 3153 Ἰωάννην
2378 3082 2469 3136 τὸν
2511 3083 2843 3152 Ἀντιοχείας
2868 3083 3029 3151 φησι·
3064 3099 3083 3132 ι
3124 3083 3236 3143 Τὰς
3282 3083 3653 3151 εὑαγγελικάς

395 3172 775 3229 subsistentiis
798 3173 1220 3239 tribuitvocem,
1253 3193 1271 3226 ι
1302 3183 1358 3230 et
1386 3190 1509 3244 qua:
1532 3177 1872 3244 sequuntur?
1908 3178 1971 3231 Et

2080 3175 2176 3228 καὶ
2201 3174 2565 3238 ἀποστολικὰς
2597 3176 2723 3245 περὶ
2747 3174 2840 3228 τοῦ
2866 3175 3073 3243 Κυρίου
3116 3175 3302 3243 φωνὰς
3341 3172 3649 3243 (apsumi);

394 3266 556 3335 epist.
619 3268 687 3321 ad
739 3268 1129 3334 imperatorem
1173 3266 1547 3322 Theodosium
1590 3283 1693 3322 nec
1743 3283 1856 3321 non
1906 3268 1971 3323 ad

2084 3265 2383 3337 θεηγόρους
2437 3266 2657 3335 ἄνδρας,
2700 3265 2798 3328 τὰς
2848 3264 2948 3335 μὲν
2987 3263 3426 3327 κοινοποιοῦντας
3459 3262 3533 3324 ὡς
3562 3263 3651 3331 ἐφ’

393 3356 549 3412 Joan.
594 3357 852 3412 Antioch.
886 3374 902 3411 τ
938 3377 954 3409 ι
982 3358 1269 3422 Novimns,
1295 3358 1494 3427 inquit,
1533 3359 1875 3429 evangelicas
1920 3368 1971 3414 et

2080 3356 2196 3419 ἑνὸς
2253 3355 2587 3426 προσώπου,
2636 3355 2734 3418 τὰς
2782 3353 2841 3407 δὲ
2895 3352 3241 3424 διαιροῦντας
3289 3352 3366 3417 ὡς
3414 3352 3510 3407 ἐπὶ
3553 3351 3651 3407 δύο

393 3448 725 3516 apostolicas
750 3449 817 3503 de
849 3449 1070 3504 Christo
1087 3464 1251 3504 voces
1272 3449 1551 3504 interdum
1578 3464 1606 3503 a
1648 3451 1849 3504 sanctis
1871 3450 1974 3505 Pa-

398 3536 578 3591 tribus
609 3538 729 3607 capi
762 3538 1074 3607 promiscue
1101 3546 1359 3607 tanquam
1380 3537 1449 3592 de
1468 3553 1571 3591 una
1595 3554 1858 3608 persona;
1888 3539 1976 3593 in-
2058 3593 2066 3601 ,

400 3628 613 3683 terdum
627 3629 1356 3699 dividi,etprmdicariquasi
1369 3629 1436 3684 de
1459 3630 1918 3689 naturisduabus.
1950 3649 1970 3684 ι

467 3719 721 3772 Profecto
765 3720 810 3773 si
863 3728 1087 3774 sanctus
1128 3719 1288 3775 Pater
1312 3735 1528 3788 semper
1554 3729 1611 3775 et
1642 3720 1847 3791 ubique
1874 3736 1976 3775 na-

400 3821 577 3862 turam
626 3817 681 3863 et
726 3810 1064 3881 hyposlasim
1118 3811 1236 3881 (ubi
1279 3811 1347 3866 de
1383 3812 1605 3866 Christo
1639 3828 1819 3868 sermo
1867 3812 1972 3879 est)

399 3897 543 3951 idem
595 3914 716 3953 esse
756 3907 933 3968 putat,
984 3899 1255 3954 fateamur
1302 3908 1522 3969 Oportet
1572 3916 1765 3956 omnes
1807 3902 1974 3959 hosce

396 3989 618 4043 divinos
643 3990 834 4045 Palres
884 3992 1099 4061 percuti
1153 3991 1511 4046 anathemate
1569 3992 1682 4054 illo,
1731 4007 1842 4062 quo
1892 3990 1974 4047 fe-

399 4081 626 4136 riuntur
675 4082 710 4136 ii
764 4082 860 4152 qui
923 4083 992 4138 de
1046 4082 1262 4137 duabus
1314 4083 1470 4152 quasi
1536 4083 1755 4139 naturis
1812 4099 1974 4140 voces

396 4174 663 4241 quasdam
700 4174 1017 4243 praedicant.
1057 4174 1137 4229 Ne
1185 4176 1372 4243 itaque
1403 4173 1693 4243 proferatis
1725 4175 1972 4244 quaedam

398 4266 585 4320 minus
633 4267 855 4334 proprie
910 4266 1054 4321 dicta
1117 4265 1384 4321 adversus
1453 4281 1544 4330 ea,
1583 4283 1705 4337 quae
1755 4270 1974 4339 prOprie

400 4356 692 4421 dicuntur;
742 4356 837 4411 sed
888 4372 953 4411 ex
1006 4357 1379 4419 convenienti,
1425 4373 1691 4423 consono,
1733 4368 1788 4413 et
1818 4376 1973 4415 com-

397 4446 639 4501 muniori
684 4462 937 4502 sermone
986 4446 1327 4517 conjicienda
1376 4447 1538 4502 nobis
1585 4457 1669 4502 est
1708 4449 1973 4520 vobisque

397 4538 561 4593 simul
600 4538 805 4594 veritas
847 4552 1037 4592 eorum
1073 4537 1321 4590 omnium
1361 4553 1484 4607 quae
1524 4539 1901 4608 proferuntur.

472 4628 539 4683 At
560 4629 866 4693 Nestorius,
891 4628 1170 4697 inquiunt,
1205 4628 1411 4683 abusus
1436 4638 1520 4683 est
1543 4630 1809 4686 vocabulo
1834 4633 1975 4689 dua-

399 4736 523 4775 rum
547 4722 601 4774 in
620 4719 842 4775 Christo
868 4729 1207 4783 naturarum,
1232 4735 1340 4790 qua
1367 4718 1504 4776 voce
1528 4737 1626 4776 vos
1647 4737 1867 4793 quoque
1895 4727 1976 4782 uti

394 4812 792 4869 soletis.——Ad
832 4812 948 4868 hate
985 4814 1405 4882 respondemus,
1446 4830 1572 4869 eum
1605 4831 1765 4870 usum
1807 4819 1975 4874 etiam

394 4921 520 4962 esse
556 4904 813 4974 pluribus
837 4904 963 4958 aliis
996 4919 1276 4959 sacrarum
1309 4905 1719 4975 Scripturarum
1751 4909 1972 4978 verbis;

397 4995 597 5068 ecquid
652 4980 979 5067 propterea?
1028 4996 1279 5066 nunquid
1333 4997 1403 5051 ab
1455 4998 1541 5052 his
1604 4999 1769 5053 etiam
1816 5001 1976 5058 nobis

396 5089 825 5146 abStinendum?
852 5090 984 5159 quid
1006 5089 1230 5144 ?Ariani
1261 5105 1482 5160 quoque
1510 5092 1755 5146 omnium
1786 5094 1974 5163 primi,

394 5190 456 5237 et
499 5180 925 5251 Apollinaristae,
977 5188 1035 5234 et
1084 5180 1175 5235 alii
1221 5180 1463 5235 ἤδει-ιιιίοἰ
1518 5192 1771 5237 naturam
1812 5200 1978 5239 unam

399 5271 497 5327 Dei
534 5273 700 5328 Verbi
733 5271 1075 5327 incarnatam
1123 5279 1523 5336 asseruerunt;
1557 5270 1811 5342 nunquid
1844 5287 1976 5341 pro-

398 5373 590 5436 pterea
638 5363 693 5419 id
747 5364 924 5434 ipsum
956 5378 1058 5417 nos
1106 5375 1351 5417 asserere
1376 5376 1484 5416 non
1515 5363 1850 5431 possumus?
1879 5362 1978 5417 Mi-

473 5492 583 5567 (Ψ)
620 5493 788 5567 Liber
809 5495 1052 5567 χρήσεων
1072 5492 1575 5567 Monophysitarum
1600 5501 1773 5548 exstat
1791 5509 1980 5564 reapse

403 5563 773 5619 in'Vaticano
810 5563 1067 5633 'qundam
1116 5563 1329 5628 codice,
1376 5564 1444 5619 de
1493 5578 1603 5631 quo
1641 5579 1742 5635 ego
1789 5563 1978 5634 postea

405 5635 695 5689 locuturus
738 5651 879 5689 sum.

481 5704 529 5772 (ι
548 5704 592 5768 l)
629 5705 927 5759 Occasione
956 5706 1120 5775 hujus
1143 5705 1292 5760 vocis
1320 5703 1620 5775 maximum
1650 5704 1851 5759 bellum
1882 5719 1976 5759 or-

410 5783 527 5826 tum
582 5782 666 5826 est
715 5775 971 5830 Ecclesia:
1016 5773 1217 5829 satculo
1268 5788 1323 5828 tv
1366 5773 1679 5829 Orientales
1730 5775 1874 5829 inter
1923 5784 1979 5829 ct

409 5842 819 5900 Oscidcntal-ts:
846 5862 967 5901 nam
993 5847 1029 5900 ii
1055 5862 1217 5900 unum
1244 5847 1296 5899 in
1324 5844 1589 5899 Trinitate
1620 5844 1976 5915 hyposlasim,

2078 3444 2319 3517 φύσεων.
2355 3464 2375 3498 ι

2151 3707 2213 3761 El
2237 3705 2348 3778 γὰρ
2374 3705 2627 3776 πανταχῆ
2661 3706 2752 3759 ἐπὶ
2787 3708 2885 3776 τῆς
2918 3704 3232 3775 οἰκονομίας
3266 3702 3653 3773 άποκληρωτι-

2076 3799 2190 3863 κῶς
2240 3799 2404 3868 φύσιν
2433 3799 2529 3852 καὶ
2556 3797 2854 3851 ὑπόστασιν
2886 3798 3084 3850 ταυτὸν
3118 3793 3258 3851 οῐδεν
3294 3799 3323 3850 ὁ
3355 3795 3567 3865 Πατὴρ,
3598 3796 3659 3847 οἰ

2075 3892 2410 3964 διαιροῦντες
2424 3891 2497 3954 ὡς
2521 3892 2616 3944 ἐπὶ
2638 3890 2730 3943 δύο
2748 3890 2962 3958 φύσεων
2984 3891 3080 3953 τὰς
3107 3890 3308 3957 φωνὰς,
3339 3893 3417 3957 τῷ
3447 3886 3650 3957 ἀναθή-

2080 3981 2308 4054 ματιτῷ
2336 3981 2558 4035 ἐπὶτῶν
2590 3981 2683 4034 δύο
2712 3980 3044 4034 ὑποστάσεσι
3073 3979 3434 4048 διανεμόντων
3462 3975 3651 4045 φωνὰς

2077 4075 2317 4145 κειμένῳ
2360 4072 2873 4144 καθυποϐέϐληνται
2917 4072 3117 4134 πάντες
3148 4071 3197 4124 οἰ
3229 4069 3503 4139 θεηγόροι.
3552 4069 3647 4138 Μὴ

2077 4164 2172 4222 οὖν
2212 4167 2284 4221 τὰ
2332 4167 2407 4239 μὴ
2447 4165 2654 4235 κυρίως
2724 4164 2868 4218 κατὰ
2911 4163 3023 4217 τῶν
3084 4162 3290 4232 κυρίως
3339 4160 3650 4232 εἰρημένων

2077 4260 2427 4331 προφέροιτε,
2457 4257 2571 4311 ἀλλ’
2589 4259 2653 4310 ὲκ
2673 4256 2766 4310 τοῦ
2784 4258 3085 4327 πρέποντος
3108 4253 3266 4321 λόγου
3298 4253 3392 4306 καὶ
3420 4249 3651 4322 συμφώ-

2077 4369 2168 4407 νου
2190 4353 2282 4405 καί
2304 4350 2611 4421 καινοτέρου
2630 4350 2725 4402 καὶ
2740 4349 2904 4400 πᾶσιν
2927 4345 3373 4417 ὼμολογημένου,
3404 4347 3502 4414 τῆς
3523 4345 3651 4415 ἀλη-

2077 4442 2229 4505 Θείας
2266 4440 2592 4511 στοχαστέον
2619 4441 2756 4511 ἡμῖν
2786 4455 2848 4492 τε
2885 4438 2980 4493 καὶ
3007 4439 3136 4507 ὑμῖν
3187 4437 3332 4491 κατὰ
3361 4439 3541 4514 πάντα
3577 4437 3650 4490 τὰ

1998 4559 2052 4619 D
2079 4533 2460 4603 παραγόμενα.

2148 4623 2373 4694 Πρῶτον
2433 4623 2533 4692 μὲν
2565 4620 2658 4675 οῦν
2693 4621 2870 4673 εἰπεῖν
2896 4636 2912 4652 ο
2966 4620 3290 4685 Νεστόριος,
3323 4619 3486 4687 φασὶ,
3521 4630 3655 4672 κατι·

2072 4719 2344 4788 εχρήσατο
2372 4717 2438 4787 τῇ
2476 4716 2583 4768 τῶν
2622 4713 2715 4767 δύο
2746 4712 2964 4782 φύσεων
3008 4715 3160 4783 φωνῇ
3194 4712 3287 4764 ἐπὶ
3318 4710 3574 4780 Χριστοῦ,

2073 4812 2169 4863 καὶ
2205 4806 2712 4879 ὑμεῖς.-Λέγομεν
2734 4804 2826 4859 οῦν
2852 4806 2934 4858 ὅτι
2964 4805 3059 4857 καὶ
3088 4803 3390 4873 Γραφικαῖς
3443 4805 3647 4871 φωναῖς

2072 4902 2296 4966 πολλαῖς
2331 4900 2599 4971 ἐχρήσατο
2625 4914 2639 4930 °
2679 4897 2817 4968 μηδὲ
2851 4890 3015 4951 αὗται
3049 4890 3143 4948 οὖν
3189 4893 3652 4963 όνομαζέσθιυσαν

2072 4996 2226 5064 ἡμῖν,
2261 4993 2310 5045 εἰ
2341 4992 2601 5062 συνορᾶτε
2631 5004 2645 5018 ⁸
2688 4989 2822 5041 ἀλλὰ
2863 4988 2959 5041 καὶ
2985 4988 3053 5058 τῇ
3097 4988 3197 5058 μιᾷ
3230 4986 3387 5055 eam
3417 4984 3512 5038 τοῦ
3542 4984 3652 5039 Λό-

2075 5101 2172 5153 γου
2233 5083 2626 5155 σεσαρκωμένῃ
2661 5082 2710 5133 οἰ
2747 5080 3018 5151 Ἀρειανοὶ
3065 5078 3272 5150 πρῶτοι
3302 5078 3395 5131 καὶ
3431 5076 3652 5130 Ἀπολι-

2074 5175 2251 5246 νάριοι
2294 5175 2389 5228 καὶ
2418 5174 2593 5244 ἕτεροι
2644 5172 2913 5242 αἱρετικοὶ
2941 5169 3326 5240 προσχρῶνται
3349 5185 3363 5200 ·
3398 5167 3653 5238 σιγητέον
3747 5216 3757 5225 ,

2076 5265 2169 5322 οὖν
2200 5269 2294 5321 καὶ
2320 5267 2472 5337 τήνδε
2503 5265 2590 5318 διὰ
2609 5264 2796 5318 τούσδε
2821 5281 2835 5327 ;
2869 5263 3019 5332 οὐχί·
3053 5261 3168 5315 ἀλλ’
3196 5260 3469 5332 ὲμφράξει
3504 5260 3655 5311 πᾶσα

2078 5360 2278 5430 ἀνομία
2306 5358 2369 5412 τὸ
2399 5357 2573 5428 στόμα
2606 5356 2775 5425 αὐτῆς
2798 5395 2813 5420 ,
2847 5356 3009 5424 ἡμεῖς
3039 5353 3099 5407 δὲ
3135 5350 3654 5426 παρῤησιασώμεθα

2077 5493 2133 5547 bi
2184 5501 2295 5549 tres
2338 5491 2677 5548 astruebant.
2727 5488 2831 5555 Qui
2875 5488 3003 5543 licet
3033 5488 3381 5557 specietenus
3411 5485 3517 5540 sibi
3562 5483 3653 5537 in-

2075 5563 2250 5618 vicem
2295 5562 2570 5634 adversari
2597 5560 2845 5634 maxime
2873 5559 3215 5634 viderentur,
3245 5574 3301 5611 rc
3326 5557 3441 5634 ipsa
3467 5565 3656 5634 tamen

2075 5648 2269 5687 omnes
2307 5631 2757 5703 consentiebant.
2800 5629 2935 5703 Nam
2977 5629 3055 5682 illi
3110 5627 3445 5703 hypostasim
3497 5627 3657 5703 acci-

2114 5704 2300 5758 iebant
2345 5717 2444 5772 pro
2490 5699 2827 5772 substantia,
2874 5699 2952 5772 hi_
2973 5714 3106 5772 vero
3135 5696 3234 5767 pro
3266 5696 3655 5772 subsistentia.

2114 5720 2300 5758 tenam
2345 5720 2444 5772 pro
2490 5720 2827 5762 δυυειιιιιιιιι,
2877 5720 2930 5753 ιιι
2973 5720 3106 5754 vero
3136 5720 3234 5767 pro
3266 5720 3655 5750 subsistentia.

2075 5720 2188 5828 riae
2231 5773 2298 5827 de
2337 5788 2396 5827 re
2427 5772 2571 5826 vide.
2603 5772 2646 5825 si
2682 5770 2879 5837 placet,
2923 5769 3179 5825 Basiliam
3206 5767 3369 5838 epist.
3413 5764 3538 5830 289.,
3578 5763 3659 5819 ad

2079 5842 2376 5910 Melctium,
2409 5851 2464 5897 ct
2506 5841 2665 5911 epist.
2704 5839 2825 5893 5W.
2923 5899 2926 5903 ἢ
