4098 6256
318 393 456 459 1833

1504 401 1806 461 CONTRA
1845 400 2451 464 MONOPHYSITAS.

3455 400 3589 465 135‘.

313 509 389 571 ὡς
422 508 504 561 δεῖ
540 507 773 574 λαλῆσαι
819 506 964 562 κατὰ
1006 508 1098 562 τὸν
1143 508 1412 580 Θεοθαρσῆ
1443 511 1666 579 κήρυκα
1691 526 1705 540 ·
1735 512 1763 562 ὁ
1788 511 1898 579 γὰρ

2008 511 2149 566 nime
2175 511 2441 581 profecto.
2485 509 2593 566 Sed
2617 509 2840 565 claudat
2871 524 2934 564 os
2975 523 3139 563 suum
3175 509 3465 580 impietas;
3488 528 3590 565 nos

318 601 418 670 τῆς
472 596 734 666 ἀληθείας
764 599 920 666 λόγος
953 601 1013 653 ἐν
1063 599 1143 671 τῷ
1188 598 1633 671 Θριαμόεύεσθαι
1664 638 1679 663 ,
1707 602 1808 653 οὐκ
1839 601 1901 652 ὲν

321 688 403 761 τῷ
461 687 976 760 περικαλύπτεσθαι,
1007 692 1135 762 νικᾷ
1178 692 1238 744 τὸ
1263 689 1492 761 dia-360;:
1530 690 1627 744 καὶ
1658 689 1901 755 δοξάζειν

328 780 493 844 αὐτὸς
517 778 625 833 οἶδε
648 781 770 844 τοὺς
792 781 1089 845 λαλοῦντας
1120 782 1303 846 αὑτὸν,
1322 783 1423 835 οὐκ
1455 783 1520 835 ὲκ
1547 781 1657 851 τῶν
1679 781 1902 834 λαλούν-

331 889 441 925 των
498 873 658 935 αὐτὸς
712 872 1026 938 δοξάζεται·
1056 874 1152 927 καὶ⁵
1210 874 1339 945 περὶ
1376 860 1493 943 ’μὲν
1546 873 1702 926 τοῦδε
1749 874 1898 929 τάδε.

333 963 533 1017 Λοιπὸν
558 964 612 1016 δὲ
642 962 835 1032 ἴδωμεν
869 959 960 1017 οἷά
987 966 1103 1018 ἐστι
1129 966 1222 1019 καὶ
1252 967 1289 1020 ά
1324 983 1488 1035 φασιν
1527 965 1683 1020 αὐτοὶ
1714 966 1901 1033 σαφῶς

337 1053 463 1123 μίαν
484 1052 644 1124 φύσιν
674 1055 766 1109 τοῦ
805 1058 1013 1128 Κυρίου
1059 1057 1265 1125 λέγειν,
1306 1057 1405 1109 καὶ
1440 1057 1537 1119 τὰς
1571 1054 1666 1108 δύο
1688 1056 1900 1124 ἀπαγο-

332 1145 509 1214 ρεύειν
541 1145 733 1214 φύσεις
761 1148 1070 1215 παντελῶς,
1109 1148 1366 1220 Πατρικά
1391 1147 1660 1217 δόγματα.

330 1430 442 1486 Τοῦ
471 1432 648 1502 ἁγίου
697 1433 1010 1502 Κιρίλλου
1043 1433 1113 1487 ἐκ
1146 1432 1257 1498 τῆς
1286 1434 1437 1503 πρὸς
1463 1435 1815 1489 Σούκενσον
1844 1436 1905 1487 B'

949 1503 1300 1572 ἐπιστολῆς.

401 1610 421 1644 ι
459 1593 533 1645 Τὸ
556 1593 738 1663 λέγειν
768 1594 864 1649 δύο
908 1593 1101 1663 φύσεις
1145 1592 1443 1664 ὑφεστάναι
1479 1594 1623 1665 μετὰ
1644 1592 1744 1664 τὴν
1768 1592 1903 1647 ἕνω-

327 1699 412 1737 σιν
452 1683 797 1755 ἁδιαιρέτως,
829 1685 1103 1756 μάχεσθαί
1164 1687 1279 1740 ἐστι
1317 1688 1429 1749 τοῖς
1465 1684 1597 1755 μίαν
1646 1681 1785 1738 εἶναι
1811 1683 1901 1737 λέ-

323 1790 483 1841 γουσι
521 1777 620 1845 τὴν
645 1775 740 1829 τοῦ
770 1777 951 1844 Λόγου
978 1777 1143 1845 φύσιν
1187 1777 1634 1848 σεσαρκωμινην.
1671 1794 1692 1828 ι
1737 1769 1909 1830 Ἀλλά

2008 612 2198 659 contra
2237 604 2416 659 libere
2464 603 2780 672 loquamur,
2825 612 2882 656 ut
2929 600 3081 671 loqui
3128 602 3288 663 decet
3321 602 3590 657 divinitus

2007 694 2247 749 aﬂlatum
2282 706 2611 764 prazconem.
2650 692 2786 747 Nam
2816 690 3064 746 veritatis
3094 689 3323 745 verbum
3354 706 3454 760 per
3480 690 3587 744 hoc

2006 786 2183 842 vincit
2227 784 2609 849 mendacium,
2656 783 2807 853 quod
2862 781 3216 852 praedicetur,
3269 797 3381 836 non
3436 780 3584 850 quod

2007 880 2347 944 occultetur;
2383 877 2643 946 idemque
2688 876 2926 929 honorat
2981 888 3080 928 eos
3139 873 3234 942 qui
3285 872 3587 943 prtedicant

2010 969 2210 1037 ipsum,
2242 982 2354 1021 non
2383 982 2415 1020 a
2444 965 2879 1036 praedicantibus
2910 964 3237 1019 honoratur.
3272 963 3397 1018 Haec
3426 963 3581 1018 satis.

2008 1060 2299 1129 Reliquum
2332 1068 2438 1123 est,
2475 1066 2535 1112 ut
2562 1058 2850 1113 videamus
2873 1065 3190 1112 sanctorum
3218 1057 3439 1109 Patrum
3465 1070 3585 1109 ora-

2010 1150 2132 1204 cula
2167 1165 2289 1219 quae
2316 1149 2630 1212 manifeste,
2664 1156 2725 1203 ut
2758 1147 2864 1217 ipsi
2895 1148 3071 1209 aiunt,
3095 1145 3318 1201 Christo
3352 1146 3582 1200 Domino

2012 1238 2264 1293 tribuunt
2287 1245 2546 1291 naturam
2573 1253 2758 1305 unam,
2790 1244 2847 1291 at
2874 1236 3012 1292 duas
3047 1237 3229 1292 eidem
3259 1235 3584 1291 tribuendas

2011 1330 2239 1385 omnino
2278 1336 2491 1384 vetant.

2171 1432 2353 1489 Sancti
2380 1432 2572 1505 Cyrilli
2591 1449 2655 1487 ea:
2676 1434 2899 1504 epistola
2917 1433 2975 1488 II
2999 1433 3068 1486 ad
3105 1430 3421 1487 Sucemum.

2084 1604 2105 1639 ι
2142 1586 2326 1641 Fateri
2366 1585 2480 1640 duo
2523 1585 2830 1641 subsistere
2869 1594 2992 1656 post
3021 1587 3328 1641 naturalem
3354 1588 3587 1659 conjun-

2009 1676 2271 1740 cticnem,
2304 1676 2425 1732 sine
2446 1677 2583 1731 -ulla
2629 1677 3008 1743 distinctione,
3053 1677 3107 1732 id
3160 1688 3348 1746 aperte
3381 1688 3589 1751 pugnat

2008 1784 2135 1825 cum
2160 1768 2229 1823 iis
2250 1768 2346 1838 qui
2379 1767 2544 1823 Verbi
2579 1777 2832 1823 naturam
2877 1784 3045 1824 unam
3084 1771 3423 1825 incarnatam
3454 1787 3585 1841 pro-

325 1864 464 1934 πρὸς
493 1866 897 1937 Νεστοριανοὺς
919 1867 1078 1920 τοῦτο
1099 1866 1297 1935 λέγων,
1314 1867 1566 1937 ἐπιφέρει
1594 1868 1736 1935 μετὰ
1761 1865 1900 1937 βρα-

2008 1861 2251 1917 titentur.
2279 1862 2484 1917 Verum
2512 1862 2821 1927 enimvero,
2844 1861 3207 1917 stolidissima
3230 1863 3429 1932 capita,
3459 1878 3587 1918 san-

326 1954 426 2023 χέα
449 1993 465 2019 ,
494 1946 540 2006 ὦ
570 1950 735 2009 οὗτοιο
775 1956 838 2008 τὸ
870 1956 978 2026 γὰρ
1008 1954 1356 2024 ἀδιαιρέτως
1391 1957 1686 2026 προστεθὲν
1709 1995 1726 2019 .
1756 1957 1904 2012 δοκεῖ

332 2042 432 2110 μὲν
469 2041 603 2111 παρ’
629 2044 761 2111 ἡμῖν
804 2042 972 2112 ὀρθῆς
1008 2039 1147 2095 εἶναι
1176 2042 1333 2112 δόξης
1363 2042 1718 2112 σημαντικὸν,
1750 2043 1903 2097 αὐτοὶ

327 2129 385 2181 δὲ
412 2130 513 2198 οὐχ
539 2127 713 2192 οὕτως
739 2129 942 2182 νοοῦσι·
973 2131 1034 2183 τὸ
1053 2133 1163 2199 γὰρ
1191 2132 1527 2199 ἀδιαίρετον
1555 2133 1686 2204 παρ’
1718 2134 1905 2196 αὐτοῖς

332 2217 475 2270 κατὰ
507 2218 604 2280 τὰς
634 2217 933 2287 Nec-copim;
954 2219 1314 2286 καινοφωνξας
1338 2219 1459 2271 καθ’
1481 2220 1668 2291 ἓτερον
1692 2221 1907 2290 λαμϐά-

334 2325 489 2363 νεται
521 2309 754 2378 τρόπον⁹
789 2310 924 2378 φησὶ
954 2308 1061 2378 γὰρ
1094 2308 1177 2360 ὅτι
1210 2310 1278 2378 τῇ
1309 2310 1573 2379 ἰσοτιμίᾳ,
1601 2314 1668 2380 τῇ
1719 2329 1910 2365 ταυτο-

332 2399 548 2471 σουλίᾳ,
581 2402 646 2470 τῇ
702 2398 966 2469 αὐθεντῐᾳ
994 2398 1302 2470 ἀδιαίρετός
1328 2402 1443 2452 ἐστι
1468 2400 1563 2453 τοῦ
1595 2401 1769 2469 Λόγου
1795 2402 1823 2453 ὁ
1853 2405 1913 2455 ὲν
1965 2406 1969 2410 ’

326 2485 373 2559 ᾧ
401 2490 723 2564 κατῴκησεν
756 2490 1042 2561 ἄνθρωπος
1068 2507 1082 2521 ’
1114 2491 1256 2544 ὥστε
1281 2493 1377 2562 οὐχ
1412 2493 1597 2556 ἁπλῶς
1618 2495 1717 2557 τὰς
1741 2494 1914 2559 λέξεις

327 2583 583 2652 λέγουσιν
612 2599 626 2614 ⁸
668 2583 803 2635 ἀλλὰ
855 2581 999 2651 μετά
1050 2600 1198 2647 τινος
1246 2584 1605 2656 κακουργίας.
1651 2587 1786 2641 Ἰδοὺ
1818 2587 1912 2641 οὖν

331 2678 585 2728 σκοπεῖτε
604 2675 964 2745 εὐγνωμόνως
996 2676 1080 2728 ὅτι
1104 2676 1201 2747 τὴν
1229 2676 1331 2747 μὲν
1363 2679 1547 2749 φωνὴν
1575 2673 1717 2731 οἶδεν
1741 2678 1910 2749 ὀρθῆς

330 2767 512 2838 δόξης,
538 2768 600 2821 τὸ
656 2767 713 2822 δὲ
769 2766 1097 2835 κακούργως
1144 2767 1267 2837 ἔχον
1300 2769 1477 2840 νόημα
1516 2769 1903 2837 άποὸάλλεται,

329 2860 469 2932 ὅπερ
501 2860 562 2927 ἐξ
610 2861 784 2931 ἀρχῆς
817 2861 912 2913 καὶ
936 2863 1041 2921 ἓως
1068 2858 1255 2923 τέλους
1291 2864 1468 2914 ποιεῖν
1503 2862 1597 2916 καὶ
1633 2863 1781 2933 ὑμᾶς
1811 2864 1907 2915 καὶ

329 2949 489 3017 ὑμεῖς
541 2950 927 3019 δυσωποῦμεν.
979 2952 1168 3004 Ἔστιν
1202 2946 1297 3005 οὖν
1333 2951 1433 3023 τὴν
1475 2952 1645 3024 αὐτὴν
1693 2952 1907 3016 ἁσεὸὦς

2005 1962 2128 2008 ctus
2149 1954 2314 2008 Pater
2340 1962 2466 2023 post
2495 1953 2746 2023 quaedam
2781 1954 2889 2009 alia
2915 1953 3166 2009 subdidit
3197 1954 3314 2009 haec
3358 1953 3427 2008 ad
3456 1969 3588 2023 pro-

2003 2045 2274 2117 ﬂigandos
2299 2044 2753 2100 Nestorianorum
2773 2062 3013 2101 errores.
3039 2047 3255 2102 Etenim
3285 2062 3388 2102 vox
3413 2049 3588 2102 ἀδιαι-

2007 2138 2199 2209 ρέτως,
2249 2137 2363 2191 εἰπε
2407 2137 2765 2200 distinctione,
2807 2132 3027 2192 videtur
3065 2138 3211 2208 apud
3245 2154 3332 2193 me
3371 2148 3584 2194 rectum

2005 2229 2201 2301 dogma
2229 2229 2564 2300 signiﬁcare,
2594 2245 2706 2283 non
2738 2229 2870 2284 item
2897 2229 3042 2299 apud
3079 2231 3204 2285 illos
3236 2231 3332 2299 qui
3359 2241 3586 2286 contra-

2007 2320 2151 2374 rium
2177 2321 2441 2375 sentiunt.
2459 2321 2594 2375 Nam
2616 2320 2761 2390 apud
2785 2321 2931 2391 ipsos
2957 2322 3072 2377 hare
3099 2337 3206 2376 vox
3225 2323 3588 2378 indistinctum

2011 2412 2314 2466 secundum
2360 2413 2600 2468 Nestorii
2650 2412 3163 2482 interpretationem
3211 2412 3372 2484 longe
3428 2413 3589 2468 aliter

2013 2506 2176 2569 quam
2198 2502 2339 2570 apud
2364 2517 2464 2556 nos
2490 2503 2792 2573 accipitur;
2819 2504 2896 2558 ait
2914 2504 3060 2559 enim
3086 2502 3365 2559 hominem
3399 2505 3452 2558 in
3475 2519 3588 2573 quo

2013 2592 2258 2646 Verbum
2291 2592 2579 2656 habitavit,
2610 2595 2682 2648 ah
2709 2610 2779 2649 eo
2821 2596 3048 2650 minime
3077 2595 3367 2666 distingui,
3400 2597 3586 2667 digni-

2012 2689 2123 2736 tate
2157 2683 2393 2748 scilicet,
2431 2686 2718 2740 voluntate
2742 2694 2907 2755 atque
2935 2695 3228 2755 potestate.
3258 2687 3442 2754 Quare
3466 2690 3591 2743 lau-

2009 2771 2137 2827 data
2178 2772 2369 2845 Cyrilli
2413 2775 2583 2829 verba
2617 2777 2968 2845 accipiuntur
2998 2777 3067 2832 ab
3113 2778 3183 2832 iis
3226 2794 3336 2833 non
3368 2780 3587 2848 propria

2009 2866 2434 2937 signiﬁcatione,
2471 2867 2567 2922 sed
2604 2869 2812 2923 malitia
2840 2869 3076 2939 quadam
3107 2870 3163 2924 in
3204 2886 3432 2940 pravum
3458 2887 3590 2926 sen-

2009 2972 2129 3011 sum
2180 2957 2604 3028 detorquentur.
2673 2958 2869 3014 Videte
2932 2974 3063 3029 ergo
3119 2961 3585 3030 quemadmodum

327 3042 506 3094 εἰπεῖν
538 3058 661 3094 τινα
697 3034 879 3110 φωνήν
906 3058 919 3071 ·
945 3041 1080 3096 ἀλλὰ
1114 3043 1208 3096 καὶ
1239 3044 1338 3112 τὴν
1368 3043 1562 3114 ἑτέραν
1593 3045 1778 3115 φωνὴν
1808 3045 1907 3114 τὴν

324 3131 597 3199 λέγουσαν
626 3133 755 3204 μίαν
786 3133 948 3202 φύσιν
976 3134 1072 3187 τοῦ
1118 3134 1256 3187 Θεοῦ
1308 3136 1486 3204 Λόγου
1517 3135 1907 3205 σεσαρκωμέ-

2010 3059 2234 3103 sanctus
2272 3049 2428 3104 Pater
2456 3065 2520 3104 ea
2545 3064 2679 3104 voce
2711 3058 2863 3106 recte
2897 3058 3105 3117 utatur,
3142 3068 3369 3122 pravum
3393 3063 3584 3109 contra

2009 3153 2229 3193 sensum
2252 3140 2481 3194 omnino
2526 3141 2762 3211 rejiciat,
2788 3149 2924 3196 utet
2959 3142 3118 3197 vobis
3151 3142 3332 3199 facere
3355 3160 3385 3198 a
3427 3145 3583 3215 prin-

324 3240 469 3292 νην,
504 3226 620 3277 ἐστι
650 3226 792 3279 κατὰ
821 3227 1061 3296 Ἄρειον,
1085 3225 1160 3289 ὡς
1194 3228 1254 3280 οὐ
1283 3229 1461 3297 πάντη
1498 3228 1772 3299 άτρὲπτου
1802 3227 1902 3295 φύ-

2008 3230 2150 3300 cipio
2206 3246 2380 3301 usque
2410 3231 2478 3286 ad
2538 3232 2700 3287 linem
2749 3242 3039 3302 optamus,
3088 3234 3580 3306 obsecramusque.

323 3334 471 3375 σεως
492 3316 645 3380 ὄντος
663 3316 758 3371 τοῦ
778 3317 913 3370 Υἱοῦ
938 3320 1101 3371 νοεῖψ
1118 3320 1227 3372 ίκαὶ
1248 3320 1389 3373 κατὰ
1404 3318 1797 3391 Ἀπολὼάριον,
1824 3320 1900 3384 ὡς

2008 3321 2302 3378 Possumus
2326 3338 2459 3394 ergo
2511 3341 2637 3379 cum
2678 3340 2872 3379 vocem
2920 3327 3068 3381 illam
3098 3326 3269 3396 impio
3303 3343 3468 3382 sensu
3503 3328 3586 3384 ef-

320 3408 497 3463 αύτοῦ
548 3408 644 3462 τοῦ
688 3410 865 3477 Λόγου
916 3411 1037 3463 ἀντὶ
1075 3409 1168 3463 νοῦ
1202 3409 1438 3479 ψυχικοῦ
1479 3411 1802 3482 γενομένου,
1833 3414 1901 3483 τῇ

2008 3410 2167 3478 ferre,
2196 3422 2310 3467 tum
2344 3423 2401 3468 et
2430 3413 2574 3468 hanc
2604 3414 2768 3468 aliam
2805 3415 3259 3486 subsequentem,
3290 3434 3454 3472 unam
3486 3419 3583 3474 Dei

321 3500 727 3572 ὲμψυχωθεισῃ
770 3490 953 3572 ἀλόγῳ
1012 3501 1177 3571 σαρκὶ
1206 3501 1554 3566 λογίζεσθαιο
1612 3501 1707 3556 καὶ
1760 3501 1907 3556 κατά

2008 3503 2162 3559 Verbi
2199 3513 2456 3559 naturam
2486 3507 2832 3558 incarnatam
2879 3506 3237 3576 interpretari
3272 3522 3397 3562 cum
3429 3508 3581 3574 Ario,

316 3591 603 3661 Εύτυιὲα,
622 3594 695 3655 ὡς
713 3592 875 3646 αὕτοῦ
903 3593 994 3646 τοῦ
1008 3594 1179 3661 Λόγου
1204 3594 1284 3656 εἰς
1305 3593 1482 3662 σάρκα
1501 3591 1903 3665 μεταποιηθέν-

2008 3596 2157 3664 quasi
2200 3596 2373 3651 Filius
2422 3596 2789 3651 immutabilis
2822 3606 3034 3652 natura:
3066 3613 3177 3652 non
3216 3598 3320 3664 sit;
3355 3606 3413 3653 et
3458 3614 3581 3653 cum

312 3702 413 3749 τος
438 3684 782 3754 ἐκδέχεσθαι.
813 3685 940 3739 Ἐάν
962 3681 1055 3739 οὖν
1081 3685 1154 3756 μὴ
1174 3685 1241 3738 τὰ
1258 3687 1502 3756 νοήματα
1523 3685 1907 3755 ἀνακρινωμεν

2008 3688 2317 3757 Apollinare
2340 3690 2497 3760 quasi
2519 3689 2766 3745 Verbum
2800 3688 2855 3743 in
2890 3691 3127 3744 animata
3155 3706 3321 3745 carne
3349 3690 3579 3748 rationis

310 3779 429 3833 τῶν
472 3776 904 3848 ὁμολογούντων,
940 3778 1036 3832 καὶ
1056 3779 1262 3849 ταύτην
1299 3776 1563 3847 κάκείνην
1590 3777 1904 3841 ούκῖάλλως

2008 3787 2248 3848 experte,
2283 3780 2403 3834 vice
2438 3779 2645 3833 mentis
2678 3777 2981 3848 fungatur;
3010 3788 3067 3834 et
3097 3794 3223 3835 cum
3255 3780 3581 3853 Eutyclietc,

316 3869 676 3941 προσιέμεθα
729 3870 830 3941 τὴν
865 3871 1048 3942 φωνήν
1073 3888 1087 3903 ο
1117 3871 1274 3924 τοῦτο
1300 3870 1411 3942 γάρ
1439 3872 1466 3924 ὁ
1498 3870 1691 3942 Πατήρ
1742 3887 1901 3941 φησι,

2008 3871 2158 3938 quasi
2181 3871 2428 3928 Verbum
2455 3870 2637 3941 ipsum
2682 3869 2737 3923 in
2768 3884 2992 3925 carnem
3032 3871 3202 3926 fuerit
3231 3887 3582 3927 conversum.

312 3964 401 4017 ὅτι
431 3963 513 4026 ὠς
538 3961 985 4034 κακουργοῦντας
1009 3964 1135 4033 περὶ
1166 3962 1262 4035 τὴν
1290 3963 1500 4017 ἔννοιαν
1529 3964 1628 4034 τῆς
1657 3961 1904 4025 ὲνὼσεως

2008 3962 2115 4017 Nisi
2148 3949 2278 4035 ergo
2295 3962 2679 4034 proﬁtentium
2698 3971 2942 4016 mentem
2969 3972 3025 4016 et
3061 3964 3304 4016 animum
3330 3974 3587 4018 accurate

254 4126 267 4132 _
311 4054 428 4109 τῶν
468 4054 709 4124 φύσεων,
756 4054 831 4125 μὴ
862 4053 1227 4125 ἀποδέχεσθαι
1262 4055 1388 4118 τοὺς
1420 4057 1731 4124 αἱρετικοὺς
1774 4053 1853 4105 δεῖ
1881 4068 1896 4082 ·

2008 4055 2483 4121 perpenderimus,
2536 4065 2824 4118 nunquam
2877 4058 3029 4103 recte
3067 4065 3259 4103 vocem
3314 4051 3458 4105 hanc
3500 4052 3590 4107 vel

309 4149 409 4201 καὶ
441 4147 636 4217 εὔηχοι
668 4144 778 4199 εἷεν
800 4147 858 4200 αἱ
886 4146 1079 4215 φωναίο
1104 4146 1165 4197 ού
1197 4146 1305 4215 γάρ
1326 4147 1423 4214 τὴν
1447 4144 1573 4198 καθ’
1600 4144 1901 4196 ὑπόστασιν

2008 4139 2146 4192 illam
2180 4139 2705 4208 interpretabimur.
2738 4137 2827 4189 Ait
2860 4137 3007 4189 enim
3034 4146 3259 4192 sanctus
3287 4141 3450 4195 Pater
3478 4157 3592 4196 non

308 4236 542 4308 λέγουσι
571 4237 680 4290 τῶν
720 4238 956 4307 φύσεων,
985 4235 1122 4290 ἀλλὰ
1150 4237 1292 4288 κατὰ
1331 4236 1518 4303 σχέσιν
1547 4233 1858 4302 ἀδιαίρετον
1885 4245 1901 4261 ·

2008 4228 2306 4283 audiendos
2338 4228 2653 4290 haereticos,
2688 4236 2884 4296 utpote
2912 4226 2980 4281 de
3002 4238 3325 4286 naturarum
3354 4234 3591 4303 conjun-

306 4307 639 4395 lvrnoliaic;
667 4329 775 4400 γάρ
814 4326 1234 4399 χρηστολογιαις
1276 4321 1387 4378 οἶδε
1552 4323 1772 4393 ἀπάτην
1808 4323 1906 4377 καὶ

2008 4318 2185 4373 ctione
2237 4319 2379 4373 male
2432 4317 2763 4383 sentientes,
2830 4319 3050 4375 etiamsi
3107 4337 3273 4377 voces
3324 4324 3392 4378 ab
3456 4326 3591 4395 ipsis

306 4424 337 4477 ό
363 4423 706 4485 Ἀπόστολος
736 4419 1031 4491 γινομένην
1056 4433 1071 4448 °
1100 4419 1182 4471 ὅτι
1242 4416 1299 4469 δὲ
1346 4415 1506 4468 τοῦτο
1554 4413 1732 4477 οὕτως
1770 4414 1902 4475 νοεῖ,

2008 4420 2281 4481 usurpata:
2314 4411 2458 4466 bene
2506 4426 2705 4465 sonare
2735 4410 3058 4468 rideantur.
3107 4413 3229 4468 Non
3261 4415 3407 4468 enim
3438 4432 3591 4471 asse—

307 4517 406 4570 καὶ
442 4518 506 4570 ὲν
532 4518 599 4586 τῇ
636 4513 762 4583 ἑξῆς
791 4513 857 4582 ἥν
896 4508 1202 4580 παράγουσι
1238 4508 1434 4577 χρήσει
1469 4507 1639 4575 σαφὲς
1684 4504 1861 4559 ἔσται.

2008 4512 2136 4557 runt
2164 4503 2198 4558 ii
2218 4500 2500 4558 Christum
2527 4502 2877 4557 individuum
2897 4505 3203 4559 secundum
3228 4505 3590 4577 hypostasim,

305 4606 407 4661 sed
464 4604 780 4661 secundum
818 4600 1092 4656 habitum.
1140 4598 1202 4652 ln
1271 4598 1459 4652 multis
1502 4596 1652 4652 enim
1699 4594 1937 4651 vocibus
2010 4608 2133 4664 qua:
2188 4593 2347 4647 bonae
2395 4593 2679 4657 videntur,
2727 4594 2950 4649 latitare
3004 4593 3193 4649 dolum
3234 4611 3298 4651 ac
3342 4596 3593 4654 fraudem

305 4703 459 4758 clare
490 4701 776 4773 perspexit
803 4699 973 4755 etiam
1022 4695 1339 4766 Apostolus.
1383 4693 1541 4761 Quod
1571 4700 1755 4747 autem
1789 4690 2029 4765 Cyrillus
2050 4690 2126 4748 ita
2161 4690 2386 4759 sentiat,
2424 4690 2574 4745 clare
2635 4690 2836 4761 liquet,
2864 4702 2922 4745 et
2975 4706 3045 4746 ex
3103 4692 3357 4763 sequenti
3417 4693 3594 4765 ipsius

305 4796 570 4857 oraculo,
611 4793 762 4863 quod
791 4792 831 4846 ii
868 4790 1166 4845 decantare
1194 4788 1428 4843 maxime
1458 4787 1660 4844 solent.
1693 4803 1714 4838 ι

312 4904 430 4959 Τοῦ
455 4904 652 4961 αὐτοῦ
676 4904 747 4958 ἐκ
771 4901 893 4958 τῶν
923 4905 1010 4968 εις
1034 4901 1186 5024 Ξρὸς
1226 4901 1533 4969 Ἑϐραίους
1559 4940 1574 4967 ,
1605 4897 1893 4969 δευτέρου

1011 4988 1043 5025 τ
1076 4990 1218 5036 μου.

2008 4896 2247 4963 Eiusdem
2302 4878 2374 4950 ea:
2426 4902 2566 4949 tomo
2616 4894 2678 4949 II
2732 4893 2939 4949 Comm.
3003 4895 3059 4947 in
3126 4892 3304 4964 Epist.
3365 4896 3437 4947 ad
3487 4896 3596 4950 ﬂc—

2634 4964 2959 5036 brazos(12).

1011 4988 1218 5041 τομου.
2634 4988 2799 5018 υτωυδ
2823 4988 2868 5036 μ
2882 4988 2959 5032 Ζ).

382 5096 405 5131 ι
454 5078 910 5141 ’Δποδιιστάντες
950 5076 1068 5147 γάρ
1124 5077 1369 5148 ἀλλήλων
1417 5076 1514 5139 τὰς
1553 5074 1649 5130 δύο
1676 5072 1892 5145 φύσεις,

2075 5088 2094 5121 ‹
2154 5069 2548 5133 Secernentes,
2584 5068 2681 5132 ait,
2728 5083 2758 5122 a
2803 5083 2864 5122 se
2907 5066 3149 5120 invicem
3207 5065 3347 5118 duas
3388 5062 3600 5119 Christi

303 5169 405 5221 καὶ
461 5170 576 5222 civit
618 5169 788 5240 μέρος
843 5169 978 5238 ἡμῖν
1028 5167 1292 5238 ἑκατέραν
1346 5165 1599 5236 ἀσυναφῆ
1659 5163 1898 5233 Θατέραν

2008 5167 2251 5221 naturas,
2275 5167 2332 5214 et
2360 5172 2527 5212 unam
2576 5156 2646 5211 ab
2700 5156 2809 5211 alia
2840 5155 3165 5210 distinctam
3214 5151 3599 5215 οειειιίὶεηιθι,

301 5238 777 5325 δεικνύοντες,νὲν
839 5257 1026 5326 μόνοις
1082 5257 1391 5326 προσώποις
1445 5258 1580 5326 φασὶ
1637 5253 1892 5324 γενέσθαι

2008 5250 2065 5304 id
2102 5266 2271 5305 unum
2329 5247 2645 5320 significare
2683 5249 2901 5310 volunt,
2937 5258 3208 5315 personas
3250 5238 3513 5291 videlicet
3545 5241 3601 5293 in

300 5350 407 5423 τὴν
446 5350 676 5414 ἕνωσιν,
711 5350 809 5404 καὶ
836 5350 912 5414 ὼς
947 5348 1004 5401 ἔν
1030 5364 1098 5415 γε
1124 5347 1250 5418 ψιλῇ
1284 5349 1584 5403 συναινέσει
1628 5349 1723 5401 καὶ
1754 5365 1892 5400 ταυ-

2008 5345 2223 5404 Christo
2268 5342 2441 5397 fuisse
2473 5339 2801 5408 coniunctas
2851 5337 3065 5392 animo,
3099 5338 3156 5383 et
3204 5338 3504 5428 consensu,
3549 5337 3605 5382 et

302 5413 574 5515 τόὼυλὶᾳ
604 5413 703 5495 καὶ
757 5413 1084 5508 θελημάτων
1133 5413 1323 5508 ῥοπαῖς
1356 5457 1370 5471 ·
1412 5441 1531 5493 κατ’
1566 5439 1747 5494 ἐκεῖνό
1787 5455 1891 5490 που

2008 5439 2351 5493 voluntatum
2388 5430 2620 5491 aﬂ‘ectu,
2662 5444 2774 5482 non
2804 5440 2969 5480 secus
3015 5434 3082 5472 ac
3118 5416 3155 5467 ii
3209 5413 3278 5465 de
3323 5414 3609 5515 quibusin

301 5533 449 5604 τάχα
494 5499 564 5587 τό
600 5534 659 5586 ὲν
708 5534 828 5595 ταῖς
859 5499 1103 5599 ιϊράξεσι
1133 5499 1239 5581 τῶν
1270 5499 1437 5597 ἁγίων
1461 5530 1774 5583 ἀποστόλων
1801 5545 1893 5595 γε-

2008 5529 2121 5581 Act.
2156 5524 2256 5579 SS.
2304 5518 2686 5591 apostolorum
2722 5516 2996 5583 scriptum
3026 5499 3613 5604 legimusnflulti‘zu-

304 5591 664 5698 79;;tpévov,
704 5591 823 5679 Τοῦ.
846 5591 927 5676 δὲ,
967 5619 1242 5688 πλήθους
1277 5591 1393 5675 τξῖιν
1440 5591 1900 5676 πιστευσάντων

2014 5616 2153 5668 dinis
2195 5619 2373 5666 autem
2426 5604 2757 5661 credentium
2817 5610 2989 5652 unum
3044 5603 3137 5642 cor
3176 5591 3292 5637 erat
3332 5591 3381 5634 et
3427 5591 3620 5642 anima

380 5805 495 5877 (l2)
539 5804 666 5860 Hoc
710 5800 1060 5855 luculentum
1108 5792 1292 5862 Cyrilli
1344 5796 1716 5852 testimonium
1746 5805 1893 5845 nunc
1932 5790 2173 5859 primunt
2203 5785 2383 5838 lucem
2420 5774 2620 5847 aspicit
2653 5764 3107 5844 prmccdcntihus
3144 5749 3555 5822 adpetendum.
