3998 6282
439 383 575 446 1855
857 411 867 418 ·
1034 404 1042 411 ·
1708 375 2021 439 LEONTII

2144 377 2467 436 'ZANTINI
3549 371 3697 436 1856‘

434 513 540 551 una
573 497 635 548 ¹⁸.
665 493 801 549 Cum
830 493 1386 564 enim/unusquisque
1414 492 1763 548 credentium
1804 510 1832 547 a
1885 507 1999 548 οδε·
2031 537 2036 549 .

2144 507 2182 540 ν
2212 491 2248 556 ἡ
2284 489 2497 556 καρόιά
2558 486 2656 540 καὶ
2698 488 2734 554 ἡ
2766 486 2935 556 ψυχὴ
2962 487 3090 556 μία.
3143 485 3406 542 Ἐκάστου
3437 488 3547 559 γάρ
3575 489 3686 542 τῶι·
3773 487 3776 490 ’

436 584 572 640 teris
600 583 859 638 omnibus
886 584 1150 653 peculiari
1184 583 1522 640 subsistendi
1559 583 1773 637 ratione
1804 581 2005 636 distin-

2144 581 2556 633 τεπιστευκότων
2587 583 2727 635 κατά
2771 598 2834 650 γε
2875 582 2966 634 τὸν
3002 580 3106 650 τῆς
3153 580 3288 645 ἰδίας
3333 583 3687 645 ὑποστάσεως,

434 684 721 746 gueretur,
768 689 1004 744 cumque
1032 675 1100 729 de
1130 674 1238 730 illis
1261 685 1451 745 utpote
1482 674 1765 727 voluntate
1809 687 1870 726 ac
1903 672 2009 726 fide

2144 677 2267 745 όγον
2320 677 2782 746 διεσχοινισμένου
2841 675 2950 728 τῶν
3007 675 3204 740 ἄλλων,
3231 676 3354 728 ὅσον
3413 671 3548 746 ἧκεν
3605 674 3682 736 εἰς

436 768 542 822 sibi
583 768 816 821 invicem
853 768 1184 838 conjunctis,
1230 767 1448 822 dicatur
1497 773 1667 822 unum
1711 767 1881 820 fuisse
1916 781 2012 819 cor

2144 766 2500 821 αυτοϐουλίαν
2553 767 2648 819 καὶ
2686 767 2785 836 τὴν
2835 766 3064 835 ἑνότητα
3111 768 3209 836 τῆς
3251 765 3510 826 πίστεως,
3537 762 3688 834 ψυχῆ

436 867 492 913 et
540 857 780 912 animam
813 873 977 911 unam
1009 875 1022 910 :
1059 857 1310 927 nunquid
1333 867 1627 926 propterea
1678 857 1783 910 hoc
1816 855 2008 910 eodem

2144 859 2330 913 τάντων
2357 853 2496 911 εἶναι
2524 859 2624 927 μία
2643 858 2862 926 λέγεται
2890 857 2986 909 καὶ
3017 856 3218 925 καρδία
3247 873 3263 888 ο
3293 852 3400 926 ἆρα
3421 851 3515 908 οὖν
3543 854 3685 908 κατά

437 947 602 1002 modo
637 956 693 1001 et
746 948 801 1000 in
833 947 1053 1001 Christo
1107 963 1370 1016 personas
1412 948 1580 1001 fuisse
1631 947 1737 1000 sibi
1775 946 2010 999 invicem

2144 951 2296 1004 οὖτον
2359 953 2454 1004 καὶ
2485 949 2640 1003 αύτοὶ
2672 950 2762 1002 τὸν
2799 951 3024 1019 τρόπον,
3069 948 3178 1000 τῶν
3225 947 3532 1018 προσώπων
3582 947 3695 1016 τὴν

439 1037 756 1104 conjunctas
780 1036 1111 1089 autumant?
1144 1036 1222 1090 En
1258 1045 1449 1106 aperte
1476 1045 1702 1091 sanctus
1727 1037 1893 1090 Pater
1927 1036 2013 1088 in-

2144 1057 2304 1092 νωσιν
2330 1039 2610 1110 ὁμολογεῖν
2644 1039 2949 1107 ἐγνώκασιν
2977 1056 2991 1102 ;
3023 1057 3043 1090 ι
3078 1038 3206 1091 Ἰδοὺ
3241 1038 3493 1106 διασαφεῖ
3529 1037 3694 1106 ἐκδή-

439 1123 561 1176 nuit
615 1123 776 1191 quale
815 1123 909 1185 sit,
939 1124 1087 1192 quod
1121 1124 1236 1193 ipse
1289 1126 1470 1194 rejicit
1518 1125 1748 1179 istorum
1793 1125 2010 1194 dogma,

2147 1147 2221 1192 ως
2265 1131 2318 1183 τί
2344 1132 2491 1183 ἐστιν
2520 1129 2547 1182 ὃ
2579 1130 2859 1199 μέμφεται
2903 1129 3104 1198 δόγμαο
3141 1127 3252 1180 τῶν
3280 1128 3337 1180 δὲ
3369 1128 3464 1179 xai.
3493 1128 3687 1180 ἕνωσιν

439 1213 532 1282 qui
557 1214 625 1267 de
652 1214 867 1268 duabus
893 1214 1100 1269 Christi
1129 1217 1341 1270 naturis
1376 1217 1821 1285 coniunctionem
1865 1215 2013 1268 indi-

2144 1220 2421 1292 ,διαίρετον
2447 1221 2713 1289 λεγόντων
2742 1223 2834 1274 ἐπὶ
2864 1220 2957 1273 δύο
2981 1219 3214 1288 φύσεων.
3238 1219 3342 1273 Kal
3365 1221 3516 1287 μετὰ
3539 1220 3689 1288 ,βρα-

437 1306 660 1359 viduam
690 1307 1041 1375 profitentur.
1063 1327 1080 1358 r
1112 1308 1180 1361 Et
1202 1307 1363 1377 paulo
1387 1316 1541 1374 post:
1574 1327 1591 1358 ι
1626 1307 1874 1378 Profecto
1903 1321 2013 1360 non

2144 1312 2246 1378 ςέα·
2285 1332 2303 1364 ι
2344 1313 2455 1366 Καὶ
2479 1313 2691 1366 οὐδέπω
2718 1312 2898 1382 φαμὲν
2929 1313 2985 1364 ὲν
3008 1309 3085 1380 τῷ
3115 1310 3446 1380 ἀνθρωπίνῳ
3476 1309 3685 1379 σώματι
3723 1350 3729 1355 .

439 1399 754 1463 asserimus,
796 1401 892 1463 ait,
948 1397 1190 1452 humano
1226 1413 1458 1468 corpore
1487 1397 1872 1452 circumscribi
1916 1397 2013 1451 Dei

2147 1403 2212 1473 ὴν
2256 1403 2350 1456 τοῦ
2384 1404 2519 1457 Θεοῦ
2549 1406 2722 1469 Λόγου
2768 1402 3208 1474 περιγεγράφθω
3253 1401 3446 1470 φύσιν·
3485 1401 3688 1454 ἀποσον

438 1491 603 1544 Verbi
639 1499 894 1545 naturam
921 1508 935 1556 ;
966 1491 1228 1545 divinitas
1267 1489 1414 1546 enim
1452 1499 1605 1545 caret
1632 1492 1958 1560 quantitate.
1989 1509 2007 1542 ι

2144 1495 2224 1564 ’ἀρ
2258 1495 2318 1546 τὸ
2355 1495 2530 1548 Θεῖον.
2570 1513 2587 1545 ι
2618 1491 2760 1548 Εἶτα
2801 1493 3032 1562 ἐπάγει·
3087 1511 3105 1544 ι
3143 1494 3268 1545 Ὅτι
3301 1491 3494 1560 ὄψεταί
3518 1509 3600 1553 τις
3631 1494 3687 1544 ὲν

438 1581 639 1634 Deinde
651 1581 827 1636 subdit
845 1599 864 1636 :
888 1601 904 1631 σ
921 1582 1376 1652 Comperietquis
1391 1582 1444 1636 in
1467 1581 1690 1636 Christo
1706 1581 2014 1651 perfectum

2144 1584 2337 1656 ἱριστῷ
2393 1587 2456 1638 τὺ
2500 1585 2842 1655 ἀνθρώπινον
2879 1584 3106 1647 τελείως
3144 1583 3288 1654 ἕχον,
3320 1583 3463 1636 κατὰ
3495 1598 3558 1650 γε
3596 1582 3688 1636 τὸν

441 1672 788 1726 individuum
807 1674 1131 1736 humanum,
1166 1673 1493 1742 perfectum,
1521 1674 1765 1743 inquam,
1804 1675 2014 1728 ratione

2144 1679 2216 1747 ’ἧς
2270 1678 2406 1741 ἰδίας
2445 1678 2663 1747 φύσεως
2692 1677 2850 1744 λόγον
2875 1693 2888 1706 ·
2930 1675 3134 1745 ὁμοίως
3171 1692 3228 1727 τε
3258 1674 3467 1726 τέλειον
3505 1673 3595 1726 τὸν
3625 1676 3688 1727 ὲκ

441 1761 627 1816 habita
644 1771 854 1816 naturae
875 1778 1018 1816 suae:
1043 1763 1345 1832 perfectum
1365 1763 1496 1816 item
1511 1762 1881 1831 comperietin
1895 1764 2014 1832 ipso

2144 1769 2252 1822 leo?)
2286 1769 2461 1837 φύντα
2497 1768 2668 1834 Λόγον
2703 1784 2717 1798 ο
2750 1766 2889 1836 πλὴν
2932 1765 3028 1817 ἕνα
3059 1765 3150 1817 τὸν
3179 1763 3238 1828 ἐξ
3267 1765 3467 1832 ἀμφοῖν
3497 1761 3689 1832 ὁμολο-

440 1853 730 1908 Verbum-a
751 1854 864 1908 Deo
886 1863 1244 1923 conceptum;
1276 1853 1537 1908 fatebitur
1561 1861 1738 1908 tamen
1757 1869 1926 1907 unum
1948 1869 2014 1908 ex

2144 1865 2275 1932 ’ήσει
2297 1828 2534 1932 Χριστὸν
2565 1828 2660 1912 καὶ
2689 1828 2934 1921 Υίὸν,ὀύ
2967 1855 3276 1927 προσώπων
3306 1828 3495 1906 ένώσει
3529 1828 3690 1922 μόνον

443 1952 674 2013 utraque
701 1952 900 1999 natura
929 1961 1151 1999 manare
1180 1945 1492 2010 Christum,
1521 1954 1758 1999 etunum
1793 1945 2013 2011 Filium,

2144 1952 2386 2016 ιυντιθεὶς
2418 1952 2517 2022 τὴν
2541 1951 2875 2020 οἰκονομίαν,
2910 1949 3180 2015 συλλέγων
3210 1947 3264 1999 δὲ
3292 1939 3490 2014 μᾶλλον
3527 1945 3607 2006 είς
3634 1942 3691 1994 ἓν

441 2050 552 2089 non
578 2037 966 2106 conjunctione
979 2052 1338 2106 personarum
1372 2035 1653 2091 Christum
1678 2038 1854 2107 ipsum
1869 2054 2018 2093 com-

2144 2045 2214 2108 ’ἀς
2243 2042 2432 2112 φύσεις
2461 2044 2786 2113 ἀπορῤήτως
2813 2057 2877 2108 γε
2912 2040 3005 2092 καὶ
3029 2038 3169 2106 ὑπὲρ
3198 2034 3355 2102 λόγον
3383 2075 3398 2099 ,
3424 2033 3500 2095 ὡς
3530 2031 3691 2095 αὐτὸς

441 2127 681 2201 positum
705 2127 1041 2198 intelligens,
1069 2129 1162 2182 sed
1185 2129 1829 2198 potiusnaturasipsasin
1848 2145 2016 2182 unum

2151 2153 2260 2203 γνω
2290 2135 2317 2186 ὁ
2345 2134 2480 2197 Θεὸς
2506 2151 2518 2163 ο
2559 2133 2654 2186 καὶ
2704 2132 2931 2185 ούδέπου
2979 2129 3159 2199 φαμὲν
3200 2127 3463 2194 ἀνάχυσιν
3504 2123 3691 2192 ὥσπερ

441 2231 642 2270 arcano
661 2217 900 2286 quodam
945 2227 1001 2272 et
1018 2218 1282 2272 ineﬂ'ahili
1311 2219 1474 2272 modo
1497 2227 1830 2288 compactas,
1852 2235 2015 2288 quem

2144 2226 2236 2279 ἰνά
2264 2225 2544 2294 συμϐῆναι
2573 2224 2704 2294 περὶ
2729 2224 2829 2284 τὰς
2868 2221 3060 2289 φύσεις
3085 2262 3100 2283 ,
3128 2220 3202 2282 ὡς
3234 2217 3569 2288 μεταστῆναι
3596 2215 3693 2282 τὴν

411 2308 670 2362 -modum
696 2308 850 2362 novit
884 2309 1002 2378 ipse
1034 2310 1201 2363 Deus.
1234 2310 1449 2364 Nullam
1487 2319 1751 2380 praeterea
1780 2311 2017 2366 dicimus

2144 2317 2209 2372 οὖ
2230 2319 2401 2386 Λόγου
2426 2316 2586 2386 φύσιν
2609 2317 2686 2378 είς
2706 2311 2914 2384 τὴντοῦ
2936 2310 3223 2380 ἀνθρώπου
3245 2308 3424 2377 τυχόν·
3442 2305 3552 2359 ἀλλ’
3575 2304 3693 2357 οὐδὲ

442 2399 504 2453 in
530 2400 742 2454 naturis
773 2401 1070 2470 contigisse
1096 2403 1501 2464 confusionem,
1537 2411 1597 2455 ut
1621 2419 1801 2471 neque
1832 2403 2018 2458 divina

2144 2407 2183 2464 εὖ
2198 2411 2296 2478 τὴν
2316 2407 2659 2478 ἀνθρωπίνην
2675 2407 2753 2468 εἰς
2768 2405 2863 2474 τὴν
2880 2403 2971 2456 τοῦ
2987 2403 3310 2471 Λόγου,νοου
3319 2399 3484 2468 μένης
3497 2398 3549 2450 δὲ
3571 2394 3697 2465 μᾶλ-

445 2506 609 2545 versa
639 2491 804 2545 fuerit
832 2492 886 2546 in
915 2492 1232 2556 humanam,
1257 2509 1360 2548 nec
1390 2494 1628 2549 humana
1657 2495 1710 2548 in
1737 2496 2014 2564 divinam;

2144 2519 2208 2554 ,ον
2241 2501 2333 2554 καὶ
2371 2497 2724 2567 ὑπαρχούσης
2747 2495 3013 2564 ἑκατέρας
3032 2494 3089 2545 ἐν
3109 2491 3186 2562 τῷ
3203 2491 3302 2559 τῆς
3323 2489 3459 2550 ἰδίας
3482 2485 3696 2552 φύσεως

443 2581 541 2636 sed
595 2591 829 2652 utraque
866 2585 1053 2653 potius
1083 2585 1139 2637 in
1189 2600 1290 2639 suo
1321 2593 1466 2640 statu
1516 2597 1789 2652 manente,
1820 2589 2017 2643 factam

2144 2610 2250 2663 ρῳ,
2276 2588 2590 2660 πεπράχθαι
2609 2585 2901 2656 φαμὲντὴν
2923 2585 3136 2638 ἕνωσιν.
3166 2601 3183 2634 ι
3205 2583 3311 2636 Καὶ
3349 2581 3474 2648 μετ’
3495 2579 3694 2647 ὀλίγαο

447 2671 618 2726 fuisse
658 2673 1102 2743 conjunctionem
1133 2674 1490 2730 arbitramur.
1531 2696 1548 2726 ι
1582 2676 1651 2730 Et
1678 2678 1838 2748 paulo
1865 2689 2016 2750 post:

2173 2686 2239 2738 Εῐ
2255 2702 2337 2747 τις
2369 2679 2462 2736 οὖν
2499 2683 2605 2750 ἄρα
2643 2680 2790 2749 λέγει
2818 2678 2994 2748 μόνων
3034 2676 3344 2747 προσώπων
3365 2673 3462 2744 τὴν
3479 2672 3696 2734 ἕνωσιν,

452 2782 470 2814 ι
505 2762 560 2818 Si
603 2764 728 2832 quis
769 2778 900 2834 ergo
949 2764 1158 2819 diceret
1201 2765 1345 2819 solas
1391 2767 1445 2819 in
1489 2766 1708 2823 Christo
1755 2786 2020 2839 personas

2144 2773 2437 2836 ιποδιιστάς
2466 2772 2776 2841 ὁλοτρὸπως
2802 2769 3049 2839 ἀλλήλων
3081 2767 3177 2829 τὰς
3212 2765 3424 2834 φύσεις,
3457 2762 3562 2826 ἔξω
3593 2761 3698 2830 τῆς

446 2855 725 2925 conjungi,
755 2865 811 2909 et
836 2864 1060 2911 naturas
1095 2857 1180 2911 ab'
1208 2873 1267 2912 se
1300 2858 1535 2912 invicem
1563 2863 1788 2916 omnino
1820 2863 2018 2917 distin-

2144 2869 2340 2930 beata;
2372 2866 2600 2934 φέρεται
2623 2863 2832 2934 τρίϐου.
2876 2879 2895 2914 ι
2930 2860 3149 2913 Τούτων
3178 2858 3261 2920 τίς
3307 2857 3565 2924 ἀγνοήσει
3596 2853 3699 2924 τὴν

448 2947 568 3016 gui,
619 2945 869 3015 profecto
903 2947 972 3001 ab
1007 2958 1156 3002 recto
1202 2951 1419 3004 tramite
1457 2952 1760 3007 aberraret.
1815 2973 1833 3006 ι
1887 2957 2021 3021 Quis

2144 2964 2351 3024 ννοιαν,
2381 2958 2475 3011 καὶ
2511 2957 2641 3026 μίαν
2669 2955 2832 3023 φύσιν
2855 2953 3042 3021 λέγειν
3087 2953 3330 3021 οἰήσεται
3361 2947 3450 3000 τὺν
3482 2943 3702 3014 Πατέρα

451 3036 647 3090 horum
683 3051 906 3090 sensum
938 3053 1047 3092 non
1078 3037 1367 3108 intelligit?
1405 3039 1609 3111 Ecquis
1630 3051 1877 3098 sanctum
1916 3045 2018 3100 Pa-

2144 3054 2218 3106 .1ti.
2244 3049 2482 3122 Χριστοῦ
2518 3066 2532 3115 ;
2565 3049 2687 3118 ούχὶ
2717 3049 2773 3102 δὲ
2806 3048 2862 3100 ἓν
2892 3047 3186 3117 πρόσωπον
3223 3041 3426 3112 μᾶλλον
3452 3080 3466 3104 ,
3491 3037 3704 3106 ἡνωμέ-

453 3139 597 3183 trum
622 3144 785 3182 unam
807 3129 861 3182 in
887 3129 1105 3183 Christo
1130 3141 1383 3186 naturam
1405 3149 1652 3191 asserere
1675 3138 1820 3193 dicat
1841 3138 1865 3190 ?
1886 3140 2019 3209 quin

2144 3161 2229 3196 νων
2266 3141 2428 3196 αὑτοῦ
2456 3141 2563 3194 τῶν
2587 3138 2804 3208 φύσεων
2833 3137 2933 3204 οὐχ
2974 3133 3160 3197 ἁπλῶς
3189 3131 3538 3203 ἀδιαιρέτως,
3564 3126 3705 3182 ἀλλά

453 3220 638 3290 potius
670 3220 738 3276 ab
764 3235 832 3275 eo
871 3222 1158 3277 manifeste
1199 3223 1388 3279 doceri
1435 3225 1674 3282 fateatur
1705 3239 1932 3285 naturas
1961 3231 2018 3286 in

2144 3233 2248 3289 ιαθ⁹
2291 3231 2590 3286 ὑπόστασιν
2615 3227 2779 3283 αὑτοῦ
2807 3226 2975 3296 αὐτήν
3001 3243 3015 3290 ;

456 3330 622 3369 unam
657 3329 950 3384 personam
981 3315 1272 3382 coaluisse,
1336 3334 1447 3374 non
1496 3323 1818 3380 omnimoda
1881 3328 2106 3396 quidem
2145 3325 2575 3398 conjunctione,
2630 3321 2726 3377 sed
2776 3335 2842 3375 ea
2892 3318 3178 3382 duntaxat,
3229 3329 3351 3386 quae
3402 3309 3706 3368 secundum

455 3407 866 3464 subsistentiam
891 3411 1183 3482 contingit.

728 3523 917 3595 Cyrilli
945 3541 1007 3579 ea:
1035 3524 1258 3595 epistola
1299 3527 1368 3580 ad
1386 3527 1700 3584 Sucensum'.

531 3637 550 3670 ι
585 3616 654 3672 Ut
687 3616 799 3671 duo
826 3632 937 3670 non
973 3617 1210 3686 amplius
1246 3618 1357 3672 duo
1389 3620 1523 3684 sint,
1559 3622 1657 3675 sed
1690 3637 1788 3692 per
1818 3631 2036 3678 utrum-

457 3726 564 3780 que
592 3709 914 3779 perficiatur
945 3709 1148 3764 animal
1179 3727 1373 3765 unum.
1413 3730 1431 3762 ι

525 3803 697 3854 Porro
727 3800 769 3854 si
801 3808 1024 3855 sanctus
1054 3800 1212 3856 Pater
1247 3802 1478 3858 innuere
1499 3805 1768 3861 voluisset
1810 3817 2037 3864 naturas

459 3908 567 3945 non
604 3891 841 3960 amplius
865 3907 986 3946 esse
1020 3902 1272 3956 naturas,
1294 3893 1480 3947 dicere
1499 3893 1787 3950 debuisset
1814 3914 1827 3950 :
1859 3917 1875 3948 ι
1901 3897 2034 3963 Qua:

458 3983 670 4053 pridem
697 3983 817 4038 duae
849 3992 1030 4047 erant,
1059 3999 1207 4039 nunc
1241 3984 1479 4054 amplius
1505 3984 1627 4040 duae
1652 4002 1761 4040 non
1786 3998 1916 4042 sunt
1953 4005 1966 4041 :
2009 4006 2028 4040 ι

458 4073 565 4139 vel,
609 4092 628 4126 ι
669 4075 814 4144 quod
849 4089 996 4129 nunc
1026 4090 1195 4128 unum
1231 4085 1336 4141 est,
1369 4092 1476 4130 non
1501 4078 1737 4146 amplius
1765 4079 1875 4132 duo
1909 4088 2038 4133 sunt

2136 3529 2442 3598 Κυρίλλου
2497 3528 2567 3581 ἐκ
2612 3523 2722 3594 τῆς
2772 3525 2923 3591 πρὸς
2957 3520 3304 3574 Σούκενσον
3351 3509 3713 3578 ἐπιστολῆς.

2211 3639 2229 3673 ι
2260 3620 2424 3674 ’Ὥστε
2459 3619 2528 3672 τά
2559 3617 2652 3670 δύο
2695 3613 2891 3685 μηκέτι
2919 3607 3059 3665 εἶναι
3081 3609 3194 3673 δύο,
3220 3606 3288 3660 δι’
3315 3606 3518 3676 ἀμφοῖν
3555 3601 3612 3655 δὲ
3650 3600 3716 3653 τὸ

2134 3714 2192 3768 ἓν
2222 3711 2600 3766 ἀποτελεῖσθαι
2625 3709 2784 3773 ζῶον.
2825 3724 2844 3758 ι

2205 3805 2270 3858 Ei
2298 3799 2390 3856 οὖν
2421 3801 2577 3855 τοῦτό
2615 3814 2802 3868 φησιν,
2829 3797 2911 3849 ὅτι
2934 3795 2988 3848 αἱ
3013 3792 3213 3863 ’φύσεις
3263 3790 3363 3843 ούκ
3398 3789 3504 3841 εἰσὶ
3525 3784 3717 3838 λοιπὸν

2131 3896 2342 3965 φύσεις,
2379 3893 2485 3945 ἔδει
2520 3892 2697 3943 εἰπεῖν
2730 3906 2748 3940 ‹
2789 3887 2930 3939 ὥστε
2952 3885 3052 3947 τάς
3087 3899 3220 3935 ποτε
3245 3881 3359 3945 δύο,
3394 3876 3715 3965 ταύταςλμη

2130 3961 2266 4040 εἶναι
2297 3985 2388 4037 καὶ
2401 3984 2493 4036 νῦν
2522 3980 2750 4034 δύο.›Ἦ
2777 3976 2915 4029 ὥστε
2947 3995 2964 4026 ι
2988 3979 3049 4026 τδ
3069 3973 3126 4026 ἓν
3147 3973 3206 4025 τὸ
3228 3971 3322 4024 νῦν
3346 3969 3543 4041 μηκέτι
3573 3961 3716 4019 εἶναι

2129 4078 2202 4140 ὼς
2224 4076 2318 4130 καὶ
2344 4074 2534 4145 πρώην
2553 4071 2645 4124 δύο
2664 4088 2678 4102 ·
2720 4089 2738 4122 ι
2763 4070 2810 4122 εἰ
2841 4067 2896 4120 δὲ
2924 4067 3038 4119 ἔστι
3066 4066 3160 4118 καὶ
3183 4063 3277 4116 νῦν
3302 4062 3394 4114 δύο
3415 4061 3483 4113 τὰ
3503 4059 3615 4119 δύο,
3645 4057 3735 4110 δι”

2132 4170 2337 4239 ἀμφοῖν
2367 4183 2426 4219 τε
2455 4165 2552 4218 καὶ
2578 4164 2678 4217 ούκ
2708 4162 2767 4225 ἐξ
2800 4161 3000 4228 ἀμφοῖν
3054 4155 3240 4219 ἁπλῶς
3276 4155 3339 4207 τδ
3381 4151 3437 4205 ἓν
3496 4151 3722 4220 ὁρᾶται,

2143 4260 2301 4329 δῆλον
2328 4257 2403 4320 ὡς
2460 4255 2578 4310 κατ’
2611 4254 2740 4308 ἄλλο
2775 4251 2869 4304 καὶ
2907 4249 3062 4304 ἄλλο’
3108 4247 3184 4310 ὡς
3233 4244 3333 4314 μὲν
3362 4243 3469 4312 γάρ
3502 4240 3724 4308 φύσεις,

2142 4349 2235 4403 δύο
2254 4366 2266 4379 ο
2299 4348 2374 4411 ὼς
2401 4347 2456 4399 δὲ
2485 4344 2740 4398 σύνθετόν
2771 4361 2832 4395 τε
2853 4340 3056 4393 τοιόνδε
3087 4337 3257 4401 ζῶον,
3288 4337 3424 4402 ὅπερ
3481 4332 3578 4385 καὶ
3619 4332 3723 4401 ρη-

461 4174 521 4219 ιιῑ
554 4174 734 4220 antea.
776 4185 794 4218 ι
846 4166 1001 4232 Quod
1039 4165 1084 4220 si
1139 4182 1261 4236 quae
1301 4175 1462 4222 antea
1495 4168 1606 4223 duo
1654 4179 1832 4235 erant,
1868 4172 2037 4225 etiam

462 4273 608 4311 nunc
638 4256 748 4310 duo
776 4266 941 4322 sunt;
998 4257 1044 4311 si
1075 4273 1174 4326 per
1201 4268 1517 4328 utrumque,
1567 4277 1678 4315 non
1709 4278 1775 4316 ex
1802 4268 2037 4330 utroque

463 4345 788 4415 simpliciter
822 4361 989 4399 unum
1021 4346 1267 4400 cernitur
1292 4365 1305 4400 :
1329 4349 1680 4417 perspicuum
1707 4363 1793 4404 est
1824 4350 1879 4404 id
1902 4366 2036 4403 con-

463 4439 674 4509 tingere
701 4438 920 4492 diversa
953 4438 1170 4492 ratione
1197 4455 1210 4503 ;
1251 4447 1312 4491 ut
1345 4438 1492 4506 quod
1545 4439 1628 4492 ad'
1653 4449 1883 4492 naturas
1912 4453 2039 4507 spc-

465 4539 599 4593 ctat,
630 4531 714 4586 ha:
735 4531 856 4585 duae
877 4531 1099 4600 quidem
1131 4530 1268 4596 sint;
1296 4530 1442 4600 quod
1468 4530 1537 4584 ad
1565 4531 1929 4598 compositum
1955 4537 2041 4583 at-

469 4625 626 4685 tinet,
663 4623 769 4678 hoc
819 4639 953 4677 vero
982 4623 1053 4677 sit
1094 4623 1297 4678 animal
1332 4639 1524 4690 unum,
1571 4623 1718 4693 quod
1766 4623 2042 4694 expressis

410 4726 419 4735 ‘
468 4716 654 4770 verbis
688 4719 803 4786 ipse
830 4715 988 4770 dixit.

2144 4441 2252 4503 τῶς
2284 4439 2409 4510 ἔφη,
2445 4437 2504 4490 ἓν
2541 4439 2687 4489 ἐστι’
2723 4432 3056 4506 προσεκτέον
3083 4430 3139 4483 δὲ
3170 4428 3245 4491 di;
3278 4427 3374 4479 καὶ
3414 4425 3480 4477 δι’
3516 4423 3725 4491 ἀμφοῖν

2147 4532 2286 4597 ζῶον
2316 4528 2699 4584 ἀποτελεῖσθαι
2741 4526 2936 4593 λέγων,
2995 4520 3263 4590 ἑκατέραν
3300 4517 3462 4587 φύσιν
3508 4513 3587 4583 τῷ
3641 4513 3726 4565 ἐνὶ

2146 4624 2319 4692 τούτῳ
2363 4621 2586 4692 Χριστῷ
2643 4619 2787 4690 ζωὴν
2828 4615 3166 4682 συνεισάγειν
3211 4611 3401 4682 φησίν·
3458 4607 3592 4661 ἀλλά
3624 4605 3726 4689 τὴν

2078 4709 2121 4764 1)
2151 4715 2273 4784 μὲν,
2307 4713 2404 4782 τὴν
2439 4711 2675 4781 φυσικὴν
2709 4706 2980 4778 ἀνθρώπῳ
3001 4723 3013 4740 ο
3057 4707 3154 4773 τὴν
3202 4704 3280 4765 δὲ,
3335 4701 3434 4770 τὴν
3475 4695 3727 4766 φυσικὴν

468 4807 587 4875 Θεῷ
618 4808 789 4876 ζωήν·
814 4807 888 4870 ὡς
921 4806 977 4858 ἓν
1009 4801 1148 4859 εἷναί
1178 4823 1230 4857 τι
1255 4804 1590 4876 θεανδρικῶς
1618 4805 1724 4870 ζῶν
1753 4803 2046 4874 πρόσωπον
2082 4805 2228 4858 τόδε·
2263 4805 2360 4858 καὶ
2389 4804 2498 4872 γὰρ
2521 4802 2716 4856 ἐσθίων
2774 4800 2869 4853 καὶ
2928 4797 3098 4850 πίνων
3127 4796 3336 4864 διήρκει
3395 4793 3492 4844 καὶ
3527 4787 3738 4858 ηὔξανε·

471 4898 591 4953 καθ’
626 4900 794 4967 ἡμᾶς,
813 4897 910 4951 καὶ
937 4894 1004 4970 ἦν
1035 4899 1130 4950 καὶ
1157 4897 1435 4969 αὐτάρκης
1461 4898 1556 4951 καὶ
1585 4897 1900 4960 παντέλειος
1923 4896 2118 4958 θεῖκῶς
2148 4899 2173 4952 ὁ
2205 4897 2366 4960 αὐτὸς
2395 4891 2476 4959 εἷς
2501 4893 2733 4965 Χριστὸς
2767 4894 2795 4944 ὁ
2827 4889 3030 4961 Κύριος
3065 4889 3244 4960 ὴμῶν.

542 4994 705 5064 Atqui
734 5008 897 5048 omne
950 4991 1172 5052 animal,
1223 4990 1499 5060 inquiunt,
1533 4990 1682 5060 quod
1713 5006 1843 5045 vere
1869 5006 2041 5043 unum

2236 4949 2375 5044 ait)?
2399 4949 2635 5056 ἀπανιῆν
2675 4949 2814 5048 ζώον
2849 4949 2946 5034 καὶ
2980 4949 3293 5050 μία-φύσις,
3325 4974 3488 5044 φασίν
3511 4990 3525 5003 ·
3559 4975 3608 5026 εί
3634 4949 3728 5025 οὗν

472 5095 578 5154 est,
613 5103 723 5140 una
767 5099 985 5156 quoque
1023 5092 1220 5138 natura
1251 5090 1376 5137 est:
1409 5082 1655 5152 adeoque
1698 5083 1743 5137 si
1790 5082 2036 5138 Christus

2144 5083 2201 5138 ἓν
2217 5081 2372 5148 ζῶον,
2393 5080 2486 5133 καὶ
2506 5077 2602 5147 μία
2628 5075 2786 5143 φύσις
2800 5074 2828 5125 ὁ
2845 5067 3332 5143 Χριστός-Ἀλλ’
3348 5069 3397 5118 εί
3419 5064 3732 5156 ἀποδεικτι-

475 5190 558 5237 est
587 5180 787 5242 animal
817 5194 1009 5240 unum,
1053 5179 1172 5248 ejus
1203 5193 1422 5248 quoque
1455 5184 1651 5230 natura
1685 5191 1794 5229 una
1821 5176 1951 5231 erit.
1978 5205 2036 5214 -—

2146 5172 2254 5234 κῶς
2272 5169 2516 5238 ἀπαντᾷν
2540 5165 2815 5237 βούλεσθε,
2831 5161 2904 5232 μὴ
2923 5161 3165 5228 ἀγνοεῖτε
3180 5158 3247 5211 τά
3262 5155 3454 5216 κοινῶς
3471 5151 3744 5220 δεδομένα·

479 5274 679 5328 Verum
716 5272 759 5327 si
785 5278 933 5326 recta
963 5269 1453 5324 demonstrationis
1477 5269 1564 5322 via
1596 5268 1903 5337 procedere
1930 5267 2036 5320 vul-

2149 5267 2283 5319 πᾶσι
2310 5265 2422 5325 τοῖς
2439 5258 2834 5318 ἀποδεικτικοῖς
2852 5254 2944 5307 καὶ
2968 5250 3355 5310 διαλεκτικοῖςο
3381 5245 3489 5298 τῶν
3513 5245 3617 5313 γὰρ
3642 5243 3734 5294 ἀν-

483 5366 554 5421 tis
582 5366 637 5419 in
669 5363 1076 5435 objectionibus
1115 5362 1333 5426 vestris,
1357 5376 1455 5415 vos
1491 5360 1663 5414 latere
1693 5374 1802 5412 non
1828 5357 2030 5412 debent

2150 5355 2456 5424 τιστρόφως
2486 5350 2541 5403 ἀ)
2553 5348 2734 5418 λήλοις
2759 5341 3267 5413 κατηγορουμένων,
3290 5337 3502 5435 τούτων
3519 5333 3736 5434 ἀνάγκη·

481 5471 602 5525 quae
628 5425 830 5525 passim
857 5471 888 5509 a
915 5454 1239 5516 dialecticis,
1269 5462 1325 5507 et
1344 5451 1508 5521 hujus
1539 5449 1674 5504 artis
1694 5447 2036 5518 praeceptori

2162 5445 2389 5512 θατέρου
2423 5440 2688 5501 δοθέντος,
2719 5437 2813 5488 καὶ
2839 5434 2900 5488 τὸ
2926 5434 3114 5501 ἕτερον
3167 5425 3566 5493 συνεπάγεσθαι
3586 5440 3599 5454 ·
3628 5425 3738 5474 τῶν

483 5547 586 5601 bus
613 5547 922 5600 traduntur.
955 5546 1172 5600 Etenim
1207 5556 1596 5600 eonversorum
1631 5539 1821 5593 eadem
1855 5546 1938 5593 est
1963 5553 2036 5591 ra.

2163 5537 2219 5588 δὲ
2259 5511 2356 5586 ούκ
2405 5526 2891 5598 ἀντιστρεφόντων.
2937 5524 2996 5574 ού
3053 5519 3213 5587 δῆτα.
3262 5517 3325 5569 El.
3364 5515 3460 5586 μὲν
3511 5511 3604 5564 οὖν
3644 5511 3742 5561 καὶ

486 5636 583 5702 tio,
615 5645 669 5691 ct
700 5653 810 5691 uno
835 5639 1036 5706 posito,
1060 5652 1281 5694 necesse
1303 5644 1386 5691 est
1423 5632 1570 5688 aliud
1603 5646 1822 5700 quoque
1859 5628 2015 5700 sequi

2163 5628 2312 5680 πᾶσα
2351 5623 2509 5693 φύσις
2541 5619 2696 5684 ζῶον,
2733 5617 2920 5687 ὥσπερ
2960 5609 3052 5667 οὖν
3100 5613 3195 5665 καὶ
3223 5610 3330 5664 πᾶν
3380 5606 3516 5671 ζῶον
3548 5606 3743 5673 φύσις,

547 5787 601 5833 δι’
629 5799 746 5853 Aet.
785 5812 857 5861 tv,
893 5794 980 5848 5?...
