4098 6256
307 322 449 388 1837

1483 323 1784 385 CONTRA
1819 322 2417 384 MONOPHYSITAS.

3446 323 3581 391 i853

312 440 500 505 καλῶς
544 438 786 508 ἐλέγετε,
820 438 946 492 ἐπεὶ
991 435 1131 501 ζῶον
1183 439 1245 491 τὸ
1278 437 1557 506 σύνθετον,
1597 440 1693 494 καὶ
1747 439 1911 508 φύσιν

2011 453 2205 494 eorum
2244 446 2437 494 contra
2461 451 2587 508 quas
2625 451 2735 492 non
2769 445 3192 504 convertuntur,
3226 437 3445 495 diversa
3489 457 3579 497 rae

321 531 705 588 ἀποτελεῖσθαι
728 546 742 560 ’
773 532 822 583 εἰ
842 531 900 583 δὲ
939 530 1087 584 ἐστιν
1134 529 1163 583 ό
1186 529 1333 593 λίθος
1366 530 1551 600 φύσις,
1591 531 1651 583 οὐ
1679 530 1784 602 μὴν
1814 529 1905 583 διὰ

317 624 442 678 τόδε
464 627 562 676 καὶ
587 621 743 688 ζῶον,
775 622 875 676 οὐκ
903 623 1203 688 ἀναγκαῖον
1231 620 1287 673 εῐ
1315 638 1370 674 τι
1399 620 1539 685 ζῶον
1569 620 1627 674 ἓν
1650 622 1787 682 ἐστι,
1816 619 1905 673 διὰ

320 715 443 767 τόδε
473 713 658 775 ἁπλῶς
683 714 774 767 καὶ
800 713 964 782 φύσιν
992 713 1121 783 μίαν
1152 709 1294 766 εἶναι
1318 728 1333 744 ·
1372 714 1465 766 καὶ
1496 711 1670 773 ἄλλως
1699 712 1829 780 γὰρ,
1855 712 1905 763 εἰ

324 806 465 860 διότι
494 806 550 859 ἓν
576 806 709 870 ζῶόν
758 808 907 859 ἐστιν
941 808 976 883 ὁ.
999 805 1262 876 Χριστὸς,
1306 806 1400 859 καὶ
1431 804 1530 874 μία
1582 802 1741 872 φύσις
1765 801 1905 866 ἐστὶ,

329 897 426 951 καὶ
444 897 572 950 διότι
600 898 662 950 ὲκ
703 896 793 950 δύο
823 896 1042 966 φύσεων
1092 899 1229 960 ἐστι,
1252 896 1348 950 καὶ
1380 896 1472 950 δύο
1501 895 1618 960 ζῶα
1672 893 1846 959 ἔσται,
1881 894 1909 946 ὃ

333 1006 462 1060 φησι
490 989 780 1060 Νεστόριος
811 988 1024 1042 ἁσεὸῶν
1058 989 1221 1059 μόνος
1242 1003 1257 1019 ·
1284 988 1413 1042 εἰδὲ
1459 986 1671 1055 λέγοιτε
1700 985 1782 1038 ὅτι
1814 983 1910 1036 καὶ

330 1087 395 1138 ὲκ
424 1084 516 1139 δύο
536 1085 694 1149 ζώων
723 1084 798 1147 ὼς
821 1084 930 1137 ἀπὸ
960 1085 1058 1153 τῆς
1088 1083 1346 1156 θεότητος
1381 1083 1475 1135 καὶ
1500 1081 1599 1150 τῆς
1626 1077 1910 1149 ἀνθρωπό-

328 1192 510 1245 τητος,
548 1175 657 1229 τῶν
688 1174 966 1245 διαφόρων
1000 1172 1248 1243 φυσικῶν
1289 1172 1446 1225 εἱδῶν
1494 1187 1679 1240 φαμεν
1727 1169 1909 1235 αὐτὸν,

333 1265 445 1336 ἄρα
479 1282 540 1335 γε
562 1268 657 1319 καὶ
687 1265 745 1319 ἓν
776 1265 917 1331 ζῶον
958 1263 1076 1331 οὖν,
1105 1265 1180 1327 ὡς
1204 1263 1383 1317 κοινόν
1427 1279 1479 1315 τι
1514 1262 1609 1315 καὶ
1647 1261 1723 1324 ὡς
1775 1256 1913 1322 εἶδος

327 1358 514 1427 ἓτερον
546 1358 698 1428 παρὰ
740 1363 841 1432 τὴν
879 1357 1112 1427 θεότητα
1160 1354 1256 1408 καὶ
1290 1352 1686 1426 ἁνθρωπότητα
1724 1352 1912 1420 λέγετε

328 1450 493 1505 αὐτόν
517 1467 532 1482 ο
563 1450 657 1503 καὶ
686 1450 803 1513 πῶς
828 1465 996 1519 φησιν
1020 1443 1175 1512 οὗτός
1196 1465 1253 1500 τε
1274 1448 1304 1501 ό
1330 1445 1518 1517 Πατὴρ
1550 1447 1648 1499 καὶ
1693 1443 1742 1496 oi
1797 1441 1910 1495 λοι-

331 1541 446 1604 ποὶ,
476 1539 537 1592 τὸ
564 1540 799 1609 Χριστὸς
833 1538 1008 1608 ⁵Βνομοι
1032 1535 1187 1605 μήτε
1208 1536 1427 1601 οὐσίας
1463 1533 1608 1602 ὅρον
1625 1531 1781 1602 μήτε
1800 1532 1913 1601 φύ-

333 1643 488 1695 σεως
516 1627 703 1697 ὄνομα
723 1623 901 1690 εἶναι,
930 1625 1087 1695 μήτε
1108 1625 1252 1694 ὅρου
1271 1624 1530 1693 δύναμιν
1557 1622 1743 1689 ἔχειν,
1757 1619 1912 1690 μήτε

332 1718 491 1786 εἶδος
515 1721 755 1789 φύσεως
782 1719 1123 1787 σημαίνειν,
1147 1717 1181 1787 ἦ
1211 1734 1266 1769 τι
1287 1715 1528 1770 τοιοῦτον
1559 1732 1573 1781 ;
1598 1713 1734 1779 ζῶον
1779 1713 1908 1785 ἄρα,

2008 529 2082 584 tio
2108 539 2214 585 est.
2242 530 2431 599 ltaque
2456 529 2501 583 si
2544 536 2601 584 et
2653 528 2833 583 omnis
2871 537 3070 583 natura
3114 529 3315 584 animal
3356 539 3473 596 est,
3524 540 3583 586 et

2004 637 2166 677 omne
2207 621 2411 676 animal
2445 629 2641 677 natura
2678 638 2692 675 :
2731 628 2881 676 recte
2913 620 2982 674 de
3017 620 3241 677 Christo
3282 622 3581 678 ratiocina-

2006 716 2162 779 mini,
2208 730 2335 769 cum
2388 714 2460 768 sit
2502 713 2707 767 animal
2751 728 2946 777 unum,
2980 728 3146 767 unam
3192 728 3414 783 quoque
3446 708 3581 769 esse

2007 815 2266 877 oportere
2292 804 2466 875 ipsius
2489 812 2767 857 naturam.
2794 802 2889 858 Sin
2911 804 3116 869 minus,
3142 812 3197 858 et
3222 803 3361 873 lapis
3386 811 3582 858 natura

2007 899 2227 969 quidem
2248 906 2354 960 est,
2392 912 2500 950 non
2538 896 2669 950 item
2695 895 2767 950 ob
2810 895 2862 949 id
2893 896 3060 950 etiam
3103 895 3346 961 animal;
3376 894 3584 950 idcirco

2009 989 2055 1043 si
2089 988 2220 1057 quid
2257 987 2460 1041 animal
2496 1002 2666 1040 unum
2697 994 2804 1051 est,
2836 1002 2946 1041 non
2977 987 3106 1041 inde
3132 1001 3360 1041 necesse
3401 984 3584 1056 sequi-

2010 1088 2101 1134 tur
2126 1080 2179 1133 id
2214 1080 2394 1149 ipsum
2437 1079 2606 1133 etiam
2637 1088 2892 1133 naturam
2911 1095 3033 1135 esse
3057 1095 3244 1134 unam.
3278 1079 3375 1136 Vel
3400 1079 3582 1136 aliter.

2013 1172 2069 1227 Si
2096 1182 2392 1242 propterea
2431 1173 2559 1241 quia
2591 1171 2849 1227 Christus
2878 1181 2965 1227 est
3014 1188 3185 1227 unum
3215 1171 3439 1238 animal,
3475 1186 3585 1227 una

2013 1278 2237 1333 quoque
2266 1272 2461 1316 natura
2492 1271 2615 1328 est;
2644 1262 2837 1317 licebit
2860 1262 2990 1316 item
3038 1262 3379 1324 ratiocinari,
3409 1276 3585 1332 quan-

2013 1353 2315 1424 doquidem
2362 1353 2619 1408 Christus
2652 1353 2800 1407 idem
2832 1353 3050 1407 duabus
3090 1355 3306 1408 naturis
3352 1360 3584 1418 constat,

2012 1445 2123 1500 duo
2149 1460 2373 1515 quoque
2399 1455 2565 1499 erunt
2590 1444 2872 1523 animalia,
2922 1442 3071 1513 quod
3122 1444 3273 1499 solus
3303 1443 3590 1498 Nestorius

2013 1536 2182 1607 impie
2210 1536 2534 1590 deblaterat.
2566 1534 2625 1591 Si
2658 1550 2791 1610 vero
2817 1535 3004 1590 dicitis
3024 1534 3305 1590 Christum
3334 1534 3589 1590 eumdem

2012 1644 2044 1683 e
2081 1627 2304 1682 duobus
2346 1627 2681 1682 animalibus
2723 1637 2980 1683 constare
3015 1636 3308 1697 propterea
3353 1627 3482 1698 quia
3522 1642 3591 1683 ex

2013 1721 2231 1777 duabus
2278 1722 2498 1775 naturis
2542 1721 2726 1790 specie
2764 1721 3025 1786 diversis,
3069 1721 3255 1776 divina
3302 1722 3511 1776 scilicet
3535 1728 3593 1777 et

334 1809 395 1864 τὸ
414 1810 488 1872 ὡς
510 1811 756 1878 ὑφεστὼς
777 1810 1067 1880 πρόσωπόν
1090 1810 1239 1862 ἐστιν
1260 1808 1337 1861 ἓν.
1360 1807 1501 1862 Ἀλλ’
1524 1806 1731 1861 εἴποιτε
1754 1806 1906 1870 ἴσως,

2013 1815 2256 1869 humana
2275 1856 2290 1880 ,
2313 1816 2681 1884 compositum
2703 1815 3029 1880 asserimus;
3056 1813 3310 1885 nunquid
3341 1824 3397 1871 et
3420 1830 3590 1870 unum

336 1903 418 1956 ὅτι
437 1900 625 1972 ὥσπερ
654 1899 800 1970 ζωῆς
819 1902 921 1970 τῆς
948 1902 1120 1955 ἀῖδιου
1154 1902 1247 1954 καὶ
1272 1901 1370 1970 τῆς
1405 1900 1746 1972 προσκαίρου
1778 1913 1910 1967 μετ-

337 1993 476 2063 έχων
534 1992 592 2044 ἓν
627 1992 766 2056 ζῶόν
813 1993 959 2045 ἐστιν
985 1992 1156 2055 οὕτως
1187 1993 1280 2045 καὶ
1318 1991 1529 2063 φύσεως
1573 1989 1909 2061 προσκαίρου

335 2083 434 2135 καὶ
463 2081 563 2151 τῆς
590 2079 760 2133 ἀϊδίου
799 2080 1108 2151 μετασχὼν,
1144 2081 1241 2149 μία
1287 2081 1448 2149 φύσις
1480 2081 1656 2133 ἐστίν·
1690 2078 1911 2148 εὔδηὶος

338 2168 369 2220 ὁ
415 2166 826 2237 παραλογισμός
847 2184 860 2197 ο
890 2168 1012 2221 ἀντὶ
1045 2168 1152 2238 γὰρ
1182 2168 1276 2221 τοῦ
1310 2169 1645 2238 μετέχοντος,
1695 2169 1757 2221 τὸ
1787 2183 1916 2237 μετ-

297 2292 303 2297 -
330 2258 604 2329 εχόμενον
649 2257 819 2330 ἔφητε
849 2258 909 2311 τὸ
936 2258 1189 2329 δεύτερον
1212 2274 1227 2291 ο
1256 2261 1305 2311 εἰ
1339 2259 1439 2328 μὲν
1480 2260 1590 2330 γὰρ
1610 2259 1669 2311 τὸ
1697 2259 1918 2329 μετέχον

332 2350 608 2420 ἑκατέρας
637 2349 788 2420 ζωῆς
811 2351 925 2420 ζωὴ
947 2346 1035 2422 ἦν,
1070 2352 1165 2405 καὶ
1197 2352 1258 2406 ού
1288 2352 1447 2419 ζῶον,
1478 2352 1658 2405 εῐτουν
1681 2351 1921 2421 μετέχων

329 2440 446 2495 τῶν
473 2441 649 2508 ζώων,
681 2442 975 2512 πρόσωπον
1005 2442 1189 2506 καλῶς
1228 2443 1448 2513 εἴρητοο
1479 2442 1607 2496 εἰδὲ
1636 2442 1696 2495 τὸ
1750 2443 1808 2493 ἐν
1830 2440 1923 2494 δύο

332 2532 504 2599 ζωαῖς
530 2533 931 2605 θεωρούμενον,
987 2533 1127 2598 ζῶόν
1174 2536 1314 2597 ἐστι,
1355 2534 1447 2587 καὶ
1494 2534 1555 2587 τὸ
1587 2533 1682 2586 δύο
1721 2533 1920 2587 οὐσιῶν

333 2625 688 2697 μετειληφὸς,
716 2624 1052 2695 οὑσιωμένον
1077 2626 1195 2679 ἐστι
1232 2643 1306 2691 τι,
1329 2624 1390 2677 οὐ
1416 2627 1573 2696 μὴνή
1598 2625 1778 2689 οὐσία,
1804 2625 1918 2677 siz-

326 2733 433 2770 ουν
495 2716 677 2786 φύσις,
725 2717 1098 2787 ἀπρόσωπος’
1148 2716 1202 2770 τί
1250 2716 1310 2770 δέ
1353 2716 1549 2769 ὲστιτδ
1579 2716 1916 2786 ούσιωμὲνον

326 2809 435 2864 καὶ
454 2811 516 2863 τὸ
540 2808 701 2875 ζῶον,
732 2809 764 2881 ἢ
797 2811 857 2864 τὸ
874 2811 1166 2880 πρόσωπον
1189 2809 1414 2880 κυρίως,
1446 2810 1505 2861 τό
1545 2825 1605 2862 τε
1635 2810 1774 2862 κατὰ
1795 2809 1916 2862 δια-

324 2900 540 2969 φόρους
590 2900 781 2970 φύσεις
810 2900 902 2953 καὶ
919 2900 1063 2964 ζωὰς
1091 2899 1373 2970 ὑφεστώς;
1402 2898 1542 2953 ὥστε
1562 2898 1698 2962 ζῶον
1732 2898 1831 2970 μὲν
1857 2898 1915 2952 ἐν

322 2993 518 3063 ὀρθῶς
552 3009 732 3064 φαμεν
756 3035 772 3059 ,
808 2991 970 3061 φύσιν
1008 2992 1066 3046 δὲ
1102 2984 1233 3064 μίαν
1256 2992 1532 3063 οὐδαμῶς,
1568 2992 1758 3065 ὥσπερ
1791 2991 1914 3045 οὐδὲ

324 3084 486 3155 ζωὴν
511 3086 604 3137 ἐπὶ
659 3084 754 3138 τοῦ
783 3084 1040 3137 συνθέτου
1082 3083 1374 3156 προσώπου
1404 3083 1666 3153 Χριστοῦ.

2010 1904 2217 1959 animal
2249 1912 2508 1973 tanquam
2540 1905 2673 1975 quid
2703 1922 2995 1965 commune
3026 1906 3254 1962 alterius
3279 1906 3504 1976 speciei,
3534 1915 3594 1963 et

2012 1996 2240 2066 quidem
2266 2011 2297 2050 a
2330 1996 2516 2051 divina
2544 2008 2600 2052 et
2622 1998 2864 2053 humana
2892 1998 3144 2064 diversae,
3166 1999 3344 2069 ipsum
3362 1998 3595 2055 dicetis?

2013 2088 2304 2157 Quomodo
2353 2088 2500 2143 idem
2531 2097 2756 2144 sanctus
2785 2089 2970 2153 Pater,
3003 2097 3060 2143 et
3100 2089 3196 2143 alii
3225 2089 3401 2154 aiunt,
3426 2088 3588 2145 Chri—

2016 2189 2160 2235 stum
2213 2195 2310 2234 nec
2359 2181 2596 2235 assentiar
2639 2196 2827 2234 nomen
2856 2196 2987 2238 esse.
3021 2196 3190 2250 neque
3234 2190 3463 2241 natura.
3499 2196 3594 2234 nec

2017 2268 2207 2323 habere
2244 2270 2456 2323 termini
2491 2270 2597 2324 vim
2645 2285 2812 2339 neque
2862 2276 3071 2323 natura:
3105 2270 3327 2339 speciem
3356 2268 3594 2341 aliquam

2020 2357 2343 2429 signiﬁcare,
2360 2360 2442 2415 vel
2457 2359 2606 2415 aliud
2628 2360 2979 2431 hujusmodi?
2999 2360 3210 2416 Animal
3231 2361 3400 2433 igitur
3421 2375 3592 2416 unum

2024 2458 2145 2514 est,
2181 2460 2374 2521 utpote
2410 2452 2465 2504 in
2492 2468 2602 2506 una
2644 2453 2947 2522 eademque
2979 2469 3217 2523 persona
3257 2454 3584 2509 subsistens.

2022 2540 2222 2595 Verum
2260 2540 2457 2595 dicelis
2493 2539 2721 2595 forsan:
2766 2541 2922 2595 Sicut
2966 2543 3093 2596 vitae
3123 2550 3341 2597 aeterna:
3383 2553 3439 2597 et
3471 2542 3597 2597 vita:

2021 2631 2342 2701 temporalis
2374 2632 2653 2701 particeps
2700 2647 2871 2684 unum
2895 2640 2980 2686 est
3009 2631 3232 2696 animal,
3269 2631 3345 2686 ita
3383 2642 3597 2686 naturas

2020 2731 2243 2778 aeternae
2267 2732 2325 2778 et
2341 2732 2553 2778 naturae
2576 2723 2826 2777 mortalis
2843 2723 3123 2793 particeps
3141 2739 3246 2778 una
3267 2733 3350 2778 est
3375 2731 3592 2779 natura.

2015 2814 2225 2871 Obvius
2246 2824 2331 2870 est
2347 2824 2533 2869 autem
2561 2816 2988 2886 paralogismus,
3014 2816 3288 2885 siquidem
3321 2831 3434 2870 rem
3463 2830 3594 2885 par-

2015 2903 2301 2973 ticipatam
2334 2903 2459 2957 loco
2498 2904 2577 2956 rei
2608 2902 2992 2972 participantis
3027 2902 3083 2957 in
3112 2901 3465 2957 conclusione
3495 2915 3594 2971 po-

2014 2994 2169 3049 nitis.
2198 2992 2440 3059 Etenim,
2476 2993 2523 3047 si
2550 2992 2698 3062 quod
2726 2993 3015 3063 utriusque
3035 2996 3267 3048 estvita:
3297 2992 3591 3062 particeps,

2013 3085 2127 3138 vita
2159 3093 2326 3148 esset,
2364 3099 2476 3137 non
2508 3099 2642 3157 vero
2672 3084 2897 3149 animal,
2924 3086 3040 3140 sive
3066 3101 3168 3141 ens
3193 3085 3425 3140 duarum
3455 3085 3595 3139 vita-

321 3191 460 3231 rum
524 3176 822 3246 particeps,
869 3176 992 3231 duae
1047 3175 1155 3230 illa:
1200 3175 1328 3230 vita:
1365 3191 1600 3246 persona
1656 3183 1806 3231 recte
1868 3174 2219 3241 dicerentur;
2274 3174 2319 3229 si
2364 3190 2498 3229 vero
2557 3176 2704 3245 quod
2742 3176 2797 3230 in
2869 3177 3104 3231 duarum
3166 3177 3404 3231 vitarum
3463 3191 3594 3246 par-

316 3270 665 3340 ticipatione
716 3269 1378 3334 consideratur,ianimal
1421 3276 1528 3334 est,
1569 3284 1703 3340 ergo
1749 3278 1807 3324 et
1851 3269 2001 3340 quod
2068 3270 2309 3340 duplicis
2353 3279 2441 3325 est
2501 3269 2829 3325 substantiae
2884 3269 3199 3340 particeps,
3253 3278 3338 3324 est
3381 3267 3593 3338 aliquid

310 3361 786 3427 substantiatum,
834 3376 946 3416 non
990 3370 1176 3416 autem
1229 3360 1574 3427 substantia,
1631 3361 1748 3414 sive
1813 3368 2042 3424 natura,
2092 3360 2482 3432 impersonalis.
2545 3358 2689 3425 Quid
2737 3374 2869 3414 vero
2932 3368 3019 3414 est
3075 3359 3280 3414 animal
3322 3358 3437 3413 sive
3497 3375 3596 3415 ens

311 3455 778 3519 substantiatum,
808 3454 912 3509 nisi
932 3454 1153 3525 proprie
1171 3469 1416 3524 persona,
1435 3462 1609 3508 etens
1635 3451 1944 3507 secundum
1981 3452 2120 3508 duas
2137 3461 2361 3508 naturas
2378 3461 2434 3508 et
2458 3451 2602 3507 vitas
2632 3451 2987 3506 subsistens?
3012 3450 3180 3505 Recte
3207 3449 3377 3519 igitur
3425 3465 3595 3505 unum

309 3546 573 3612 animal,
605 3544 831 3599 minime
866 3559 1000 3599 vero
1031 3551 1286 3598 naturam
1311 3558 1499 3609 unam,
1527 3558 1709 3614 neque
1735 3557 1899 3596 unam
1939 3540 2129 3608 vitam,
2158 3542 2215 3597 in
2245 3543 2551 3614 composita
2583 3540 2789 3597 Christi
2815 3554 3050 3610 persona
3080 3539 3402 3595 asserimus.

305 3659 673 3731 Κυρίλλου,
705 3658 774 3711 ἐκ
797 3655 905 3725 τῆς
933 3655 1084 3725 πρὸς
1123 3654 1390 3711 Ἀκάκιον
1417 3654 1751 3725 ἐπιστολῆς
1777 3656 1907 3731 (l5).
1937 3646 1981 3707 C

399 3769 426 3804 σ
489 3749 736 3819 Ὀρῶμεν
761 3750 841 3802 ὅτι
866 3748 960 3802 δύο
982 3748 1171 3818 φύσεις
1198 3748 1460 3818 συνῆλθον
1482 3748 1742 3820 ἀλλήλαις
1792 3749 1917 3803 καθ’

302 3845 538 3901 ἕνωσιν
582 3842 962 3906 ἁδιασπάστως
1013 3842 1336 3913 ἀσυγχύτως
1374 3842 1472 3896 καὶ
1501 3843 1789 3913 ἀτρέπτως
1812 3856 1828 3872 ·
1880 3842 1914 3912 ή

303 3938 437 4009 γὰρ
464 3935 636 4008 σὰρξ,
667 3934 804 4006 σάρξ
835 3933 1071 3988 ἐστικαὶ
1135 3935 1198 3987 ού
1239 3934 1452 4004 θεότης,
1478 3934 1527 3986 εἰ
1577 3935 1671 3986 καὶ
1719 3932 1914 3999 γέγονε

298 4030 471 4085 Θεοῦ
508 4026 676 4098 σάρξ·
709 4026 909 4097 ὁμοίως
924 4027 981 4080 δὲ
1011 4029 1154 4080 καὶὸ
1182 4027 1354 4095 Λόγος
1385 4025 1520 4087 Θεός
1566 4027 1682 4077 ἐστι
1709 4025 1803 4076 καὶ
1853 4023 1914 4076 οὒ

303 4119 504 4191 σὰρξ,
543 4121 592 4170 εἰ
617 4118 713 4171 καὶ
729 4117 864 4171 ἰδίαν
890 4118 1190 4187 ἐποιήσατο
1209 4118 1307 4186 τὴν
1328 4119 1508 4187 σάρκα
1535 4112 1916 4183 οἰκονομικῶς.

304 4210 514 4262 Ὅταν
559 4206 655 4261 οὖν
688 4206 962 4278 ἐννοῶμεν
994 4206 1172 4272 τοῦτο,
1210 4206 1365 4260 οὐδὲν
1395 4205 1686 4275 ἀδικοῦμεν
1717 4203 1814 4272 τὴν
1840 4205 1921 4267 εἰς

296 4300 573 4369 ἑνότητα
608 4297 935 4368 συνδρομὴν,
967 4299 1033 4351 ὲκ
1053 4297 1149 4351 δύο
1181 4295 1399 4365 φύσεων
1456 4295 1780 4365 γεγενῆσθαι
1833 4293 1921 4346 λέ-

295 4404 531 4457 γοντες
551 4407 567 4419 ·
605 4386 747 4456 μετὰ
778 4386 885 4456 μέν
907 4402 990 4438 τοι
1012 4385 1113 4457 τὴν
1148 4384 1342 4439 ἕνωσιν
1365 4384 1425 4438 οὐ
1475 4384 1791 4454 διαιροῦμεν
1819 4382 1919 4447 τὰς

298 4478 531 4549 φύσεις
558 4476 658 4531 ἀπ’
690 4475 953 4547 ἀλλήλων,
981 4476 1102 4530 οὐδὲ
1129 4479 1206 4541 εἰς
1228 4476 1321 4530 δύο
1344 4476 1616 4547 τέμνομεν
1652 4476 1803 4540 υἱοὺς
1826 4475 1918 4528 τὸν

292 4570 425 4625 ἔναυ
444 4570 562 4624 καὶ
590 4568 914 4639 ἀμέριστον,
937 4568 1051 4622 ἀλλ’
1082 4569 1179 4623 ἕνα
1209 4570 1389 4639 φαμὲν
1414 4570 1563 4635 Υἱὸν,
1595 4570 1690 4623 καὶ
1739 4569 1817 4634 ὡς
1868 4570 1918 4623 ol

290 4661 587 4732 Πατέρες
619 4660 911 4731 εἰρήκασιν
938 4659 1063 4730 μίαν
1093 4660 1254 4731 φύσιν
1283 4660 1378 4715 τοῦ
1406 4663 1581 4730 Λόγου
1606 4675 1915 4730 σεσαρκω-

2016 4661 2315 4727 Christum,
2347 4662 2443 4733 qui
2480 4676 2626 4719 unus
2664 4670 2750 4718 est
2787 4668 2844 4717 et
2874 4661 3220 4730 individuus;
3272 4665 3367 4720 sed
3420 4683 3591 4724 unum

277 4752 553 4825 μένην.
581 4751 796 4806 Οὐκοῦν
827 4751 950 4806 ὅσον
972 4753 1071 4821 μὲν
1094 4748 1228 4826 ἧκεν
1250 4756 1329 4817 εἰς
1357 4753 1569 4808 ἔννοιαν
1595 4754 1693 4808 καὶ
1717 4754 1798 4817 εις
1824 4753 1915 4824 μό-

2018 4752 2220 4810 Filium
2273 4769 2396 4809 esse
2446 4754 2705 4820 dicimus,
2738 4761 2816 4818 et,
2868 4755 3114 4809 utaiunt
3165 4755 3376 4821 Patres,
3427 4773 3591 4814 unam

284 4863 395 4899 νον
425 4846 501 4899 τὸ
540 4844 683 4915 sps»
711 4845 825 4908 τοῖς
849 4846 947 4915 τῆς
984 4845 1162 4915 ψυχῆς
1181 4845 1390 4917 δμμασι
1411 4847 1532 4901 τινα
1565 4846 1768 4916 τρόπον
1791 4846 1915 4916 ὁμο-

2018 4842 2117 4898 Dei
2146 4842 2313 4899 Verbi
2341 4851 2596 4898 naturam
2614 4844 2955 4897 incantatam
2981 4843 3368 4912 praedicamus.
3405 4844 3596 4911 Quan~

281 4934 486 5007 γενὴς
512 4931 946 5005 ὲνηνθρὼπησε,
977 4932 1073 4987 δύο
1103 4936 1202 4998 τὰς
1232 4936 1423 5004 φύσεις
1457 4935 1660 5005 φαμέν.
1689 4953 1711 4987 ι

2020 4941 2136 4989 tum
2184 4948 2320 5004 ergo
2370 4934 2703 5003 cogitatione
2753 4933 3046 5003 complecti
3090 4933 3241 4997 licet,
3270 4941 3341 4987 ἐι
3392 4937 3596 4992 mentis

1945 5000 1991 5057 Β
2019 5026 2198 5081 oculis
2230 5000 2588 5096 contemplari
2620 5043 2727 5096 qua
2754 5000 2969 5081 ratione
3017 5040 3239 5079 carnem
3268 5024 3598 5097 Unigenitus

2007 5114 2329 5184 assumpsit,
2360 5114 2618 5180 dicimus,
2649 5113 2788 5169 duas
2817 5128 2941 5168 esse
2964 5112 3021 5165 in
3043 5108 3268 5165 Christo
3293 5121 3543 5167 naturas.
3569 5133 3591 5167 ι

2082 5220 2165 5276 Ad
2200 5220 2318 5274 hac
2347 5219 2587 5274 dicimus
2603 5232 2732 5272 eum
2756 5232 2816 5272 se
2846 5214 2983 5270 satis
3006 5223 3284 5278 superque
3326 5210 3473 5267 clare
3501 5219 3597 5272 ex-

270 5312 384 5379 τδς
425 5308 660 5366 ἑαυτὸν
683 5303 969 5372 διασαφῶν
990 5319 1003 5332 ·
1040 5306 1122 5358 οὐ
1145 5306 1254 5373 τὰρ
1287 5305 1647 5379 διαιροῦμεν,
1670 5308 1800 5380 ἔφη,
1821 5307 1915 5362 καὶ

2011 5312 2218 5382 plicare
2244 5328 2260 5377 ;
2291 5311 2370 5365 ait
2398 5311 2571 5371 enim,
2598 5325 2703 5362 non
2724 5306 3026 5364 dividimus,
3046 5314 3153 5351 non
3176 5298 3488 5364 capulamus
3507 5324 3524 5372 ;
3543 5319 3602 5366 οι

268 5406 407 5473 οὐχ
443 5396 744 5465 ἐνοῦμεν
765 5410 778 5424 ·
814 5394 912 5447 καὶ
937 5433 953 5459 ,
983 5394 1090 5460 τὰς
1117 5397 1350 5464 φύσεις,
1383 5399 1444 5451 οὐ
1471 5400 1578 5471 μὴν
1604 5398 1702 5470 τὴν
1732 5397 1915 5468 φύσιν,

2010 5401 2204 5457 subdit
2239 5408 2487 5463 naturas,
2532 5415 2643 5453 non
2678 5406 2958 5454 naturam,
2996 5397 3059 5441 ut
3093 5383 3151 5436 hi
3188 5384 3384 5445 volunt
3411 5411 3426 5448 :
3451 5399 3605 5471 adje-

268 5498 359 5563 ὠς
388 5489 583 5550 οὗτοι
616 5489 897 5557 λέγουσιν,
925 5484 1067 5540 οὐδὲ
1099 5488 1454 5558 τεμνόμενον
1478 5491 1585 5546 τὸν
1615 5491 1726 5545 ἕνα
1758 5491 1914 5557 Υἱὸν,

2010 5492 2201 5563 citque
2229 5498 2500 5545 praetcrea
2526 5505 2695 5558 neque
2732 5485 3013 5543 dividimus
3046 5489 3212 5527 unum
3236 5473 3471 5554 Filium;
3498 5508 3609 5547 non

2335 3656 2528 3729 Cyrilli
2552 3672 2616 3710 ea:
2635 3654 2862 3727 epistola
2902 3655 2972 3710 ad
3002 3655 3277 3710 Acacium.

2091 3766 2110 3800 ι
2143 3746 2441 3804 Cernimus
2467 3758 2695 3803 naturas
2709 3747 2850 3801 duas
2879 3745 2933 3800 in
2966 3762 3136 3801 unum
3162 3746 3458 3812 coaluisse,
3488 3748 3596 3805 sibi

2013 3839 2249 3895 invicem
2288 3852 2447 3898 arcto
2492 3839 2659 3894 modo
2699 3838 3048 3908 coniunctas,
3097 3838 3220 3893 sine
3264 3839 3596 3895 confusione

2014 3933 2126 3987 ulla
2152 3942 2209 3987 et
2233 3935 2354 3989 sine
2380 3934 2494 3989 ulla
2508 3931 2816 3985 mutatione
2840 3945 2854 3987 ;
2893 3943 3016 3983 nam
3036 3944 3188 3990 caro,
3207 3943 3337 3983 caro
3360 3939 3465 3993 est,
3485 3946 3596 3987 non

2015 4020 2303 4087 divinitas,
2330 4020 2551 4077 etiamsi
2596 4018 2694 4071 Dei
2726 4031 2859 4071 caro
2884 4016 2975 4070 sit.
3012 4016 3254 4072 Verbum
3284 4017 3415 4073 item
3450 4020 3599 4076 Deus

2016 4119 2122 4174 est,
2161 4125 2269 4163 non
2310 4125 2464 4175 caro,
2494 4107 2713 4163 etiamsi
2745 4121 2968 4161 carnem
3010 4122 3318 4174 assumens,
3353 4125 3473 4166 eam
3508 4113 3594 4169 sui

1976 4216 1979 4219 ·
2018 4200 2302 4270 propriam
2331 4199 2600 4255 eﬂ‘ecerit.
2646 4198 2801 4265 Quod
2823 4213 2947 4254 cum
2977 4199 3051 4255 ita
3094 4215 3154 4256 se
3195 4200 3400 4259 habere
3427 4203 3597 4260 fatea-

2017 4292 2447 4363 mur,‘profecto
2480 4308 2588 4347 non
2610 4308 2881 4357 erramus,
2918 4307 3046 4347 cum
3076 4308 3107 4348 e
3138 4295 3359 4349 naturis
3379 4295 3596 4352 duabus

2016 4387 2073 4443 in
2120 4385 2342 4443 Christo
2392 4386 2594 4442 factam
2634 4384 3083 4457 conjunctionem
3125 4385 3447 4443 asserimus.
3478 4390 3595 4457 Qua

2016 4479 2411 4550 conjunctione
2467 4478 2610 4533 facta
2658 4494 2767 4533 non
2823 4476 3126 4534 dividimus
3170 4493 3203 4534 a
3246 4494 3306 4535 se
3356 4482 3595 4556 invicem

2015 4579 2243 4625 naturas
2295 4570 2461 4640 ipsas,
2506 4584 2686 4639 neque
2731 4570 2789 4624 in
2842 4568 2987 4625 ﬁlios
3041 4570 3183 4647 duos
3229 4570 3594 4644 discerpimus

384 5217 565 5274 Ἀλλ’
600 5216 852 5284 εἴπωμεν
882 5212 978 5267 καὶ
1016 5213 1152 5285 πρὸς
1174 5215 1321 5280 τάδε,
1344 5216 1425 5270 ὅτι
1447 5217 1605 5287 ἀρκεῖ
1655 5218 1788 5288 ἡμῖν
1817 5215 1917 5270 αὐ-

353 5659 495 5784 “???
545 5652 686 5706 lmo
731 5660 869 5703 vero
926 5658 1158 5714 sequens
1188 5644 1555 5703 testimonium
1586 5650 1825 5705 sumitur
1874 5664 1940 5705 ex
1978 5649 2212 5720 epistola
2265 5644 2332 5699 ad
2382 5643 2711 5700 Sucensum.
2763 5636 2964 5710 Cyril.,
3014 5627 3106 5683 ed.
3147 5631 3186 5677 ι.
3224 5626 3288 5690 ν,
3362 5650 3516 5703 part.
3561 5664 3620 5711 ιι,

374 5733 399 5784 1
499 5768 516 5783 .

267 5759 334 5815 ρ,
374 5733 516 5808 137,
