3998 6282
474 441 492 501 Ι
505 445 607 506 859

1725 438 2039 499 LEONTI-l
2081 436 2488 514 ΒΥΖΑᾙΤΙΝἸ

3590 428 3728 493 18εο

468 557 613 612 dixit
658 571 823 610 unam
877 560 1154 609 naturam.
1210 552 1462 623 Denique
1507 550 1583 605 ait
1634 554 1826 605 mentis
1867 550 2052 616 oculis,

2167 550 2218 602 οὐ
2256 548 2363 631 μὴν
2386 546 2485 617 τὴν
2519 546 2645 617 μίαν
2671 545 2832 616 φύσιν
2864 545 2990 616 ἔφη,
3026 544 3140 608 τοῖς
3161 542 3217 597 δὲ
3245 541 3353 612 τῆς
3382 542 3590 613 ψυχῆς
3631 547 3734 616 δμ-

471 652 676 722 quibus
707 651 870 704 homo
900 648 1142 703 differta
1166 646 1349 701 brutis
1369 644 1723 709 animalibus,
1763 660 1886 714 quae
1920 645 2054 698 solis

2167 658 2363 705 αασιν,
2393 634 2474 703 οἷς
2507 640 2606 693 καὶ
2650 638 2900 709 διαφέρει
2943 638 3227 708 ἅνθρωπος
3261 638 3492 708 κτήνους
3554 637 3646 691 τοῦ
3675 641 3734 691 ὲν

469 742 752 815 corporeis
782 742 964 797 oculis
1002 741 1210 795 vident.
1241 740 1388 795 Duas
1427 753 1561 808 ergo
1597 753 1727 793 vere
1753 738 1895 792 dixit
1924 753 2054 792 san-

469 846 591 892 ctus
618 836 779 891 Pater
805 849 927 890 esse
953 833 1223 887 incantati
1248 831 1422 887 Verbi‘
1454 838 1700 884 naturas.

843 1033 1099 1104 Ejusdem
1115 1047 1178 1085 ea:
1218 1030 1399 1084 eadem
1438 1028 1679 1098 epistola.

545 1150 563 1183 ι
595 1128 968 1190 Adducamus,
1004 1124 1203 1193 inquit,
1236 1124 1292 1177 in
1323 1123 1636 1191 exemplum
1669 1120 1917 1175 omnium
1951 1135 2054 1174 no-

469 1234 645 1281 strum
683 1222 1052 1289 compositum
1104 1215 1479 1272 individuum.
1519 1226 1630 1282 quo
1661 1211 2057 1266 constituimur

468 1316 762 1371 homines:
790 1316 1008 1366 constat
1041 1308 1188 1362 enim
1232 1306 1469 1375 quisque
1504 1313 1754 1358 nostrum
1783 1304 1967 1357 anima
2001 1310 2056 1356 et

469 1420 730 1474 corpore,
787 1400 1183 1468 cernimusque
1214 1397 1352 1451 duas
1404 1397 1459 1449 in
1491 1410 1828 1465 unoquoque
1858 1394 2059 1448 indivi-

469 1498 582 1554 duo
610 1505 856 1557 naturas,
882 1491 1131 1561 corporis
1160 1504 1350 1552 unam,
1375 1488 1542 1543 animi
1574 1488 1847 1552 alteram;
1883 1502 2055 1540 unum

471 1601 655 1645 tamen
690 1604 756 1643 ex
805 1585 1098 1653 utriusque
1136 1580 1531 1651 conjunctione
1580 1576 1862 1632 hominem
1906 1592 2054 1633 com-

321 1744 332 1756 .
372 1696 381 1705 '
466 1681 624 1751 poni.
653 1678 841 1746 Neque
868 1675 1011 1729 duos
1041 1671 1297 1726 homines
1329 1666 1718 1739 judicandum,
1762 1675 2054 1736 propterea

471 1773 602 1843 quia
640 1786 706 1825 ex
738 1769 956 1823 duabus
1013 1762 1229 1819 naturis
1271 1759 1620 1815 individuum
1671 1757 2053 1827 componitur;

471 1865 568 1919 sed
588 1877 758 1917 unum
780 1860 1046 1914 duntaxat
1070 1852 1355 1909 hominem
1377 1850 1696 1916 dicendum,
1720 1859 1911 1920 utpote
1936 1865 2059 1904 cor.

470 1970 607 2025 pore
641 1964 697 2008 et
722 1952 906 2007 anima
931 1947 1321 2017 compositum,
1355 1951 1415 1997 ut
1442 1943 1601 1996 initio
1631 1941 1893 1996 diximus.
1940 1961 1958 1993 ι
1988 1971 2056 1981 -—

471 2043 555 2099 En
602 2058 795 2098 rursus
841 2049 1029 2110 aperte
1079 2036 1239 2099 dixit,
1292 2049 1464 2089 unum
1517 2033 1869 2087 individuum
1915 2032 2054 2087 duos

472 2137 730 2191 homines
771 2132 1007 2206 iudicari
1044 2145 1156 2184 non
1197 2135 1496 2199 oportere;
1533 2142 1645 2181 non
1697 2135 1880 2190 autem
1915 2126 2055 2182 dixit

2083 1903 2131 1962 B

2151 739 2266 797 τοῖς
2296 736 2391 790 τοῦ
2423 735 2679 805 σώματος
2704 735 2952 806 ὄμμασιν
2978 736 3137 804 μόνον
3162 735 3453 805 βλέποντος
3473 753 3486 767 ’
3513 735 3609 790 δύο
3626 737 3735 808 ἄρα

2153 828 2248 881 καί
2277 846 2442 899 φησιν
2468 826 2607 882 εἶναι
2640 831 2668 882 ό
2702 828 2891 899 Πατὴρ
2931 828 3030 891 τὰς
3058 827 3251 896 φύσεις
3297 829 3391 881 τοῦ
3423 827 3601 897 Λόγου
3634 834 3735 883 σε-

2153 922 2567 991 σαρκωμένου,
2601 921 2838 990 άληθῶς.

2335 1037 2445 1090 Τοῦ
2481 1038 2668 1091 αὐτοῦ
2701 1036 2767 1090 ἐκ
2803 1033 2912 1102 τῆς
2939 1034 3132 1103 αὐτῆς
3169 1034 3523 1103 ἐπιστολῆς.

2231 1145 2250 1179 ι
2289 1126 2582 1198 Δεξὼμεθα
2613 1129 2749 1198 πρὸς
2779 1127 3132 1199 παράδειγμα
3154 1126 3252 1197 τὴν
3277 1126 3399 1180 καθ’
3453 1129 3604 1199 ἡμᾶς
3640 1129 3742 1182 αὑ⁹

2154 1219 2280 1282 τοὺς
2314 1219 2583 1283 σύνθεσιν,
2610 1219 2808 1289 καθ’ἥν
2833 1221 3003 1289 ἐσμεν
3029 1218 3306 1290 ἄνθρωποι
3331 1235 3344 1248 ·
3378 1219 3742 1290 συντιθέμεθα

2155 1297 2266 1381 γὰρ
2306 1311 2368 1363 ὲκ
2389 1310 2571 1380 ψυχῆς
2600 1310 2695 1362 καὶ
2724 1310 2999 1380 σώματος,
3035 1310 3129 1362 καὶ
3156 1309 3370 1378 ὁρῶμεν
3406 1309 3500 1363 δύο
3524 1309 3738 1379 φύσεις,

2156 1400 2352 1469 ἑτέραν
2378 1399 2476 1470 μὲν
2503 1398 2597 1453 τοῦ
2630 1400 2899 1469 σώματος,
2937 1399 3128 1470 ἑτέραν
3155 1400 3212 1453 δὲ
3244 1401 3342 1470 τῆς
3368 1392 3546 1471 ψυχῆς
3567 1418 3581 1432 ·
3623 1400 3741 1454 ἀλλ’

2155 1489 2217 1553 ἐξ
2245 1492 2447 1559 ἀμφοῖν
2478 1490 2601 1544 καθ’
2630 1491 2844 1557 ἕνωσιν,
2882 1491 3165 1563 ἄνθρωπον
3187 1508 3200 1522 ⁸
3236 1493 3331 1545 καὶ
3385 1492 3484 1561 οὐχ
3534 1493 3617 1545 ὅτι
3674 1493 3744 1546 ἐκ

2154 1579 2248 1634 δύο
2269 1581 2484 1651 φύσεων
2510 1583 2845 1636 συντέθειται
2871 1582 2899 1634 ό
2923 1581 3233 1653 ἄνθρωπος,
3282 1582 3377 1636 δύο
3405 1585 3496 1635 τὸν
3521 1581 3620 1635 ἕνα
3648 1599 3745 1636 νος

2160 1673 2402 1743 μιστέον,
2435 1673 2551 1727 ἀλλ’
2579 1674 2674 1727 ἕνα
2707 1674 2797 1728 τὸν
2822 1674 2984 1728 αὑτὸν
3015 1675 3157 1728 κατὰ
3192 1674 3463 1737 σύνθεσιν,
3485 1674 3560 1739 ὼς
3581 1673 3742 1744 ἔφην,

2154 1765 2252 1835 τὴν
2283 1767 2348 1818 ὲκ
2387 1765 2637 1837 σώματος
2664 1767 2759 1820 καὶ
2779 1766 2979 1836 ψυχῆς.
3022 1786 3042 1818 ι
3091 1767 3223 1821 Ἰδοὺ
3255 1766 3418 1821 πάλιν
3455 1767 3642 1837 σαφῶς
3665 1766 3745 1838 μὴ

2157 1856 2250 1909 δύο
2280 1856 2621 1929 ἀνθρώπους,
2649 1858 2739 1912 τὸν
2764 1859 2862 1913 ἕνα
2885 1858 3130 1929 νομίζειν
3164 1859 3335 1928 λέγει,
3375 1859 3499 1930 οὐχὶ
3527 1860 3601 1929 μὴ
3646 1858 3747 1913 δύο

2164 1948 2356 2017 φύσεις
2388 1951 2486 2019 τὴν
2537 1951 2666 2019 μίαν
2718 1949 2881 2018 φύσιν
2940 1950 3258 2020 λογίζεσθαι
3312 1950 3454 2022 ἔφη’
3512 1951 3647 2003 ὅπου
3675 1967 3745 2019 γε

2159 2040 2254 2094 τοῦ
2279 2040 2566 2112 ἀνθρώπου
2596 2043 2714 2096 οὑδὲ
2739 2044 2882 2096 κατὰ
2930 2043 3109 2097 πάντα
3137 2043 3347 2114 ἐλήφθη
3392 2043 3455 2097 τδ
3483 2043 3746 2114 παράδει-

2160 2148 2298 2202 γμα.

472 2244 727 2288 naturam
761 2242 926 2282 unam
990 2221 1295 2278 existimari
1333 2235 1443 2274 non
1504 2218 1712 2272 debere
1776 2216 1949 2286 duas,
2018 2222 2468 2292 quandoquidem
2518 2239 2621 2279 nec
2667 2222 2977 2294 exemplum
3024 2221 3094 2277 ab
3134 2222 3361 2278 homine
3392 2222 3747 2294 desumptum

474 2327 529 2381 in
556 2324 815 2380 omnibus
845 2317 1101 2390 quadrat.

544 2419 631 2478 At,
649 2413 928 2483 inquiunt,
949 2410 1004 2463 in
1040 2403 1286 2463 secundo
1303 2402 1368 2458 ad
1393 2401 1700 2457 Sucensum
1727 2410 2065 2457 commenta-
2116 2406 2120 2413 ‘

475 2507 809 2579 rioCyriIlus
824 2517 946 2558 eum
973 2501 1248 2557 attulisset
1263 2496 1576 2566 exemplum
1595 2494 1860 2559 hominis,
1884 2494 2065 2549 anima

470 2610 533 2658 ct
555 2612 789 2669 corpore
810 2592 1126 2664 compositi,
1151 2603 1413 2659 expresse
1438 2587 1536 2651 ait,
1567 2606 1584 2638 ι
1620 2594 1682 2640 ut
1702 2601 1824 2656 quee
1852 2585 2064 2656 pridem

476 2690 588 2747 duo
645 2695 829 2749 erant,
880 2698 991 2737 non
1040 2679 1285 2749 amplius
1331 2677 1443 2731 duo
1496 2676 1635 2731 sint.
1700 2693 1719 2726 ι
1754 2706 1825 2730 -.—
1858 2675 2064 2731 Verum

474 2797 661 2838 nonne
693 2776 1049 2849 perspicuum
1076 2780 1183 2836 est,
1212 2778 1269 2824 et
1300 2769 1406 2825 hoc
1436 2768 1546 2823 dici
1596 2766 1690 2823 tali
1722 2781 1910 2830 sensu,
1951 2781 2063 2819 non

472 2889 600 2930 esse
628 2871 887 2926 videlicet
912 2868 1052 2921 duos
1078 2864 1354 2926 homines,
1389 2868 1664 2931 quatenus
1686 2858 1755 2913 ad
1787 2857 2065 2928 composi-

478 2974 595 3020 tum
625 2963 807 3033 ipsum
844 2954 1209 3015 referuntur?
1236 2953 1387 3008 Idem
1431 2951 1581 3006 enim
1613 2948 1780 3020 paulo
1813 2948 2069 3019 superius

476 3057 555 3111 ait
592 3074 605 3110 :
644 3073 662 3106 ι
698 3054 843 3108 Duas
874 3051 931 3105 in
956 3049 1077 3116 ipso
1109 3055 1340 3101 naturas
1368 3042 1736 3112 concipimus,
1760 3056 1934 3095 .unam
1962 3039 2069 3095 sci-

473 3148 611 3203 licet
639 3146 858 3209 animaa,
890 3142 1054 3196 aliam
1079 3137 1355 3209 corporis,
1382 3156 1399 3186 ι
1425 3135 1641 3191 etiamsi
1663 3134 1769 3188 hoc
1787 3132 2067 3203 expressis

2236 2403 2376 2457 Ἀλλ’
2410 2406 2467 2460 ἐν
2496 2404 2574 2477 τῷ
2607 2406 2844 2478 δευτέρῳ
2876 2404 3013 2476 πρὸς
3042 2406 3338 2463 Σούκενσον
3355 2408 3750 2482 ὑπομνηστικῷ

2164 2496 2365 2570 ῥητῶς,
2396 2500 2577 2566 φασιν,
2601 2501 2629 2551 ὁ
2652 2499 2839 2569 Πατὴρ
2868 2497 3135 2568 Κύριλλος
3172 2500 3386 2570 εἴρηκε,
3415 2501 3476 2554 τὸ
3501 2500 3596 2554 τοῦ
3645 2504 3746 2556 άν-

2163 2588 2385 2660 θρώπου
2415 2588 2621 2653 λαϐὼν,
2640 2588 2703 2641 ἐκ
2731 2587 2912 2658 ψυχῆς
2938 2589 3037 2642 καὶ
3063 2586 3315 2658 σώματος
3355 2589 3527 2658 ὄντος,
3564 2592 3750 2660 παρά-

2162 2679 2380 2750 δειγμα,
2414 2698 2432 2731 ι
2467 2679 2632 2733 Ὥστε
2691 2678 2761 2731 τὰ
2800 2678 2892 2731 δύο
2919 2679 3113 2749 μηκέτι
3162 2675 3303 2733 εἷναι
3337 2680 3448 2734 δύο.
3488 2701 3506 2732 ι
3542 2710 3611 2722 —
3636 2682 3751 2735 Καὶ

2164 2772 2280 2834 πῶς
2308 2773 2368 2823 ού
2403 2771 2581 2838 δῆλον,
2617 2770 2692 2833 ὡς
2724 2769 3006 2823 καὶτοῦτο
3033 2768 3208 2834 οὕτως
3251 2772 3422 2841 λέγει,
3452 2775 3534 2827 ὅτι
3564 2773 3688 2828 καθ’
3714 2775 3751 2830 ὃ

2163 2862 2413 2931 γέγοναν,
2447 2863 2544 2916 οὑκ
2570 2862 2677 2914 εἰσὶ
2698 2861 2793 2915 δύο
2815 2863 2984 2933 ἦγουν
3008 2862 3285 2934 ἄνθρωποι
3311 2881 3326 2930 ;
3362 2865 3472 2918 ῑδοὺ
3497 2865 3606 2935 γὰρ
3644 2867 3753 2920 αὐ-

2164 2954 2255 3017 τὸς
2288 2955 2546 3025 ἀνωτέρω
2573 2954 2741 3025 φησί·
2783 2974 2801 3006 ι
2850 2955 2954 3008 Δύο
3006 2955 3106 3023 μὲν
3145 2956 3251 3026 γὰρ
3297 2959 3392 3011 καὶ
3439 2958 3526 3011 ἐπ’
3577 2959 3748 3014 αὐτοῦ

2162 3043 2388 3115 νοοῦμεν
2422 3045 2518 3109 τὰς
2541 3045 2759 3114 φύσεις,
2794 3047 2921 3118 μίαν
2955 3048 3054 3117 μὲν
3074 3047 3272 3119 ψυχῆς,
3298 3050 3490 3120 ἑτέραν
3543 3051 3602 3105 δὲ
3648 3052 3751 3106 τοῦ

2167 3137 2419 3206 σώματος
2440 3155 2454 3169 ο
2522 3156 2540 3191 ι
2602 3140 2652 3191 εἰ
2684 3140 2777 3191 καὶ
2830 3139 2905 3209 μὴ
2936 3139 3038 3192 ἀνὰ
3072 3140 3236 3211 μέρος
3287 3141 3446 3212 δῆλον
3467 3159 3482 3174 ’
3518 3144 3755 3216 καὶγὰρ

478 3239 670 3295 verbis
726 3238 845 3306 ipse
897 3234 1125 3289 minime
1170 3231 1337 3286 dicat.
1383 3228 1586 3284 Subdit
1635 3227 1784 3281 enim
1824 3244 1836 3278 :
1884 3243 1903 3276 ι
1957 3224 2063 3279 Sed

2169 3228 2387 3296 ἐπάγει,
2420 3248 2437 3281 ι
2475 3229 2615 3282 Ἀλλ’
2636 3231 2754 3293 ἑνὸς
2771 3225 2910 3283 εἶναι
2933 3230 3183 3301 νοοῦμεν·
3212 3251 3230 3285 ›
3254 3231 3393 3287 ὥστε
3423 3230 3561 3288 οἶδεν
3604 3237 3755 3292 αὑτὰ

410 3312 417 3318 ’
481 3331 652 3385 unius
676 3330 793 3382 haec
824 3341 947 3382 esse
979 3322 1361 3394 intelligimus.
1393 3340 1410 3373 ι
1441 3318 1622 3386 Quare
1659 3317 1813 3373 novit
1839 3322 2064 3371 sanctus

478 3421 643 3477 Pater
667 3435 790 3475 esse
813 3418 946 3482 duo,
983 3432 1111 3472 cum
1147 3415 1315 3469 unius
1347 3428 1412 3467 ea
1435 3426 1557 3467 esse
1589 3410 1811 3466 dixerit.
1846 3409 1982 3464 Nam
2016 3407 2063 3462 si

478 3512 777 3583 aspenitus
810 3508 1275 3582 ignorassetduo,
1325 3520 1615 3576 nunquam
1657 3503 1762 3558 hoc
1809 3502 2061 3567 dixisset,

475 3607 654 3669 unius,
682 3604 897 3659 scilicet
918 3598 1161 3655 hominis
1182 3614 1324 3654 esse.
1348 3598 1468 3653 Non
1486 3596 1728 3666 amplius
1751 3610 1885 3650 vero
1915 3609 2067 3648 man-

474 3704 673 3753 serunt
701 3697 811 3750 duo
834 3735 850 3760 ,
881 3695 989 3749 hoc
1038 3700 1157 3756 est,
1194 3690 1429 3746 seorsim
1462 3703 1637 3742 unum
1690 3687 1760 3742 ab
1799 3687 1908 3741 alio
1934 3700 2065 3741 vere

477 3807 590 3845 non
626 3789 962 3851 subsistunt,
991 3786 1087 3840 sed
1118 3783 1489 3853 compositum
1520 3795 1719 3843 unum,
1739 3779 1951 3835 scilicet
1971 3779 2068 3832 ho-

478 3883 685 3938 minem
717 3878 1020 3936 conﬁciunt
1048 3895 1061 3931 :
1095 3874 1551 3947 quandoquidem
1585 3886 1754 3927 unum
1783 3870 1918 3941 quid
1943 3886 2066 3926 esse

474 3970 1343 4042 cernuntur,concipiunturque.
1363 3966 1654 4033 Quomodo
1671 3966 1820 4020 enim
1841 3978 2064 4032 corpus,

476 4078 535 4124 et
568 4068 806 4122 animam
850 4065 903 4118 in
943 4080 1010 4118 eo
1057 4061 1262 4117 servari
1312 4058 1420 4115 dici
1464 4058 1691 4129 poterit,
1717 4055 1762 4111 si
1805 4055 1915 4110 duo
1959 4069 2068 4109 non

478 4165 610 4213 sunt
638 4155 917 4226 amplius?
941 4152 1269 4222 Quanquam
1293 4150 1363 4206 de
1385 4150 1610 4206 Christo
1629 4150 1869 4218 loquens
1891 4144 2070 4200 utitur

477 4246 724 4301 hominis
757 4244 1038 4312 exemplo,
1072 4241 1294 4299 ratione
1325 4240 1516 4295 habita
1544 4254 1657 4294 non
1705 4246 1942 4298 naturae,
1970 4234 2069 4290 sed

478 4335 883 4393 subsistentia.
928 4331 1166 4386 Disserit
1201 4331 1354 4385 enim
1395 4337 1588 4384 contra
1615 4325 2068 4396 Nestorium,qui

478 4424 873 4484 subsistentias
902 4423 1041 4478 duas
1077 4423 1137 4477 in
1163 4422 1284 4491 ipso
1320 4420 1549 4475 Christo
1582 4420 1887 4474 astruehat.
1936 4418 2070 4472 Ete-

480 4521 595 4577 nim
629 4521 673 4575 si
706 4521 774 4575 de
804 4517 1030 4573 Christo
1063 4522 1347 4583 sumptum
1376 4512 1576 4567 fuisset
1614 4510 1856 4565 hominis
1884 4524 2070 4564 exem-

2167 3328 2262 3382 δύο
2280 3332 2337 3383 ὲν
2360 3329 2438 3399 τῷ
2466 3326 2606 3382 εἶναι
2637 3328 2775 3382 αὑτὰ
2816 3329 2933 3393 ένός
2958 3346 2972 3361 ·
3008 3329 3069 3383 ού
3098 3331 3208 3401 γὰρ
3261 3329 3328 3385 ἃν
3377 3331 3504 3401 ἔφη,
3535 3332 3752 3402 μήποτε

2167 3420 2323 3485 εἰδὼς
2376 3421 2475 3492 τὴν
2501 3421 2688 3486 δυάδα,
2735 3423 2816 3487 τὸ,
2847 3421 2986 3476 ἀλλ’
3017 3423 3177 3490 ἑνὸς,
3208 3423 3304 3475 τοῦ
3333 3423 3623 3495 ἀνθρώπου
3672 3425 3755 3490 ὡς

2166 3516 2373 3568 ἕκαστα
2400 3514 2612 3585 ἔχοντος
2633 3532 2644 3544 ·
2670 3514 2853 3568 ούκέτι
2881 3513 2936 3567 δὲ
2971 3514 3154 3584 ἔμεινε
3182 3514 3294 3580 δύο,
3334 3517 3580 3570 τουτέστι
3648 3518 3756 3588 μό-

2166 3623 2256 3659 νον
2280 3607 2374 3659 καὶ
2399 3606 2583 3669 ἁπλῶς
2607 3606 2757 3671 ὄντα,
2787 3607 2922 3659 ἀλλὰ
2961 3607 3056 3661 καὶ
3091 3606 3153 3660 ἓν
3213 3625 3267 3661 τι
3324 3608 3626 3679 ποιήσαντα
3654 3609 3755 3664 τὸν

2167 3697 2454 3769 ἄνθρωπον
2478 3714 2492 3729 ο
2541 3697 2638 3751 καὶ
2678 3697 2737 3750 ἓν
2775 3714 2827 3751 τι
2883 3696 2992 3767 γὰρ
3035 3698 3266 3768 ὁρῶνται
3306 3699 3403 3752 καὶ
3462 3699 3711 3753 νοοῦνται
3735 3716 3754 3731 ο

2168 3788 2292 3841 ἐπεὶ
2317 3786 2434 3851 πῶς
2463 3789 2511 3841 εἰ
2553 3789 2728 3858 πάντη
2755 3788 2856 3841 οὐκ
2894 3790 3000 3842 εἰσὶ
3023 3788 3137 3853 δύο,
3175 3789 3324 3861 ψυχὴ
3364 3790 3444 3843 ἔτι
3486 3791 3605 3843 ἐστὶ
3650 3794 3754 3846 καὶ

2171 3877 2331 3947 σῶμα
2367 3877 2670 3948 σωζόμενα,
2703 3878 2853 3948 ὅμως
2888 3879 2982 3933 ἐπὶ
3031 3880 3296 3951 Χριστοῦ,
3325 3882 3447 3935 οὑδὲ
3496 3883 3638 3936 κατὰ
3654 3885 3756 3939 τὸν

2169 3970 2268 4038 τῆς
2290 3968 2503 4038 φύσεως
2547 3970 2727 4037 λόγον,
2758 3970 2894 4024 ἀλλὰ
2939 3971 3081 4025 κατὰ
3129 3972 3221 4024 τὸν
3268 3973 3366 4042 τῆς
3393 3974 3754 4039 ὑποστάσεως

2172 4060 2432 4131 εἴληπται
2465 4060 2615 4131 αύτῷ
2635 4061 2697 4114 τὸ
2736 4063 3094 4134 παράδειγμα
3116 4081 3129 4094 ·
3152 4063 3289 4134 πρὸς
3318 4063 3614 4136 Νεστόριον
3651 4065 3756 4120 δύο

2169 4152 2268 4216 τὰς
2292 4153 2619 4215 ὑποστάσεις
2653 4153 2819 4206 αὑτοῦ
2844 4154 3070 4222 λέγοντα
3102 4155 3353 4225 εἴρηται·
3404 4157 3454 4208 εξ
3505 4155 3617 4227 γὰρ
3652 4157 3755 4212 καὶ

2171 4243 2386 4312 φύσεως
2418 4243 2563 4315 λόγῳ
2585 4244 2840 4316 εἴληπται
2868 4245 2931 4298 τὸ
2960 4245 3313 4318 παράδειγμα
3334 4245 3427 4301 τοῦ
3460 4247 3753 4320 ἀνθρώπου

2172 4336 2263 4389 ἐπὶ
2292 4336 2553 4406 Χριστοῦ.
2599 4335 2710 4407 ἄρα
2758 4337 2854 4390 καὶ⁵
2882 4337 3004 4389 ἐπεὶ
3024 4339 3126 4390 οὑκ
3155 4338 3220 4391 ὲκ
3278 4340 3754 4410 προῦπαρχουσῶν

2171 4424 2265 4479 δύο
2286 4425 2507 4494 φύσεων
2529 4426 2557 4478 ὁ
2591 4426 2766 4496 Ἀδὰμ
2794 4424 2976 4497 ψυχῆς
3006 4428 3100 4480 καὶ
3132 4427 3407 4499 σώματος,
3434 4429 3554 4483 οὐδὲ
3579 4433 3608 4483 ὁ
3631 4430 3754 4483 Κύ-

2178 4534 2289 4588 ριος
2312 4520 2373 4570 ἐκ
2407 4516 2503 4570 δύο
2543 4519 2762 4586 φύσεων
2789 4533 2805 4548 ·
2836 4518 2917 4572 ἔτι
2959 4518 3066 4591 μὴν
3093 4522 3120 4572 ὁ
3150 4521 3342 4589 Λόγος,
3375 4522 3468 4574 καὶ
3499 4522 3606 4592 πρὸ
3646 4522 3754 4594 τῆς

479 4617 632 4685 plum
688 4612 903 4667 ratione
948 4607 1139 4662 habita
1171 4606 1336 4660 etiam
1380 4614 1628 4670 natura};
1662 4602 1916 4673 nunquid
1939 4601 2064 4670 quia

2175 4608 2405 4680 σαρκός·
2441 4609 2534 4663 τοῦ
2562 4608 2617 4662 δὲ
2663 4608 2955 4682 ἀνθρώπου
3001 4612 3154 4666 οὐδὲν
3212 4613 3380 4685 μέρος
3410 4613 3503 4668 τοῦ
3560 4614 3754 4686 ἑτέρου

476 4706 656 4762 Adam
701 4720 770 4759 ex
801 4703 1019 4757 duabus
1054 4697 1572 4771 praeexsistentihus
1608 4694 1848 4759 naturis,
1874 4695 2064 4749 anima:

2168 4701 2550 4772 προῦπάρχειν
2571 4701 2811 4773 εἴρηται.
2840 4703 2963 4758 Ἔτι
2988 4706 3016 4757 ὁ
3043 4704 3335 4776 ἅνθρωπος
3354 4706 3581 4778 δυνάμει
3610 4709 3756 4763 διαι-

476 4806 540 4852 ct
566 4795 839 4864 corporis,
876 4809 991 4848 non
1032 4791 1305 4857 constitit,
1335 4790 1484 4845 idem
1523 4787 1693 4843 etiam
1737 4786 1805 4843 de
1834 4785 2064 4841 Domino

2173 4791 2324 4861 ρετὸς
2381 4793 2460 4856 εἰς
2508 4792 2607 4856 τὰς
2655 4794 2822 4847 αὑτοῦ
2873 4796 2968 4848 δύο
3027 4794 3221 4865 φύσεις
3269 4798 3420 4851 ἐστὶν
3454 4799 3561 4865 ἀεὶ,
3612 4799 3757 4853 ἀλλὰ

479 4886 868 4943 censendum?
918 4885 1085 4955 Atqui
1153 4883 1399 4940 Verbum
1454 4878 1742 4952 pmcessit
1790 4894 2067 4946 carnem;

480 4979 728 5035 hominis
751 4987 946 5033 contra
962 4977 1114 5032 nulla
1133 4991 1261 5046 pars
1282 4975 1441 5029 aliam
1463 4972 1813 5043 praecessisse
1842 4966 2067 5026 dicitur.

480 5068 660 5126 Homo
680 5080 946 5141 praeterea
967 5067 1140 5123 dividi
1163 5071 1576 5135 semperpotest
1601 5065 1656 5117 in
1674 5073 1898 5117 naturas
1917 5076 2065 5126 suas,

479 5171 539 5217 et
568 5160 848 5216 interdum
878 5160 1041 5215 etiam
1072 5159 1255 5229 reipsa
1280 5155 1590 5221 dividitur;
1629 5155 1882 5225 nunquid
1922 5153 2069 5208 idem

480 5253 717 5309 audebit
746 5263 802 5309 et
850 5252 919 5307 de
949 5250 1171 5306 Christo
1215 5248 1488 5303 aiiirmare
1529 5245 1622 5317 qui
1648 5262 1760 5301 non
1794 5247 1866 5302 sit
1908 5246 2069 5317 plane

483 5345 810 5417 desipiens?
835 5344 980 5412 Quid
1016 5359 1150 5414 ergo
1186 5357 1291 5397 nos
1320 5341 1520 5412 cogitis
1551 5341 1822 5411 recipere,
1854 5348 1910 5394 et
1939 5354 2070 5409 pro-

2169 4883 2265 4935 καὶ
2286 4884 2537 4955 ἐνεργείᾳ
2580 4886 2747 4938 ποτέ·
2777 4882 2887 4958 ἄρα
2936 4886 3031 4940 οὖν
3059 4889 3155 4942 καὶ
3192 4891 3283 4942 ἐπὶ
3314 4890 3554 4961 Χριστοῦ
3604 4891 3755 4945 εῐποι

2167 4989 2249 5036 τις
2273 4976 2399 5028 τάδε
2429 4976 2503 5047 μὴ
2529 4978 2896 5049 παραφρονῶν
2916 4994 2931 5043 ;
2951 4978 3075 5043 Πῶς
3103 4975 3198 5033 οῦν
3219 4979 3281 5033 τὺ
3306 4983 3427 5035 καθ’
3448 4983 3754 5037 ὑπόστασιν

2175 5066 2398 5137 ληφθὲν,
2435 5068 2529 5122 καί
2563 5086 2712 5134 ποτε,
2746 5071 2826 5135 εἰς
2861 5071 3023 5140 φύσιν
3070 5073 3173 5142 τὴν
3200 5072 3277 5137 ὡς
3320 5074 3617 5129 ὑπόστασιν
3652 5078 3757 5128 καὶ

2167 5160 2338 5231 αὐτὴν
2378 5160 2705 5232 λεγομένην,
2746 5164 2827 5227 εἰς
2874 5164 3065 5227 οὐσίας
3102 5165 3455 5236 παράδειγμα
3494 5165 3755 5235 βιάζεσθε

2167 5252 2382 5315 πάντως
2430 5252 2731 5323 λαμϐάνειν
2759 5256 2945 5325 ὴμᾶς;
2998 5255 3212 5327 Δέδειχε
3239 5256 3369 5325 γοῦν
3393 5257 3490 5310 καὶ
3537 5256 3604 5308 έν.
3634 5260 3759 5320 τοῖς

2167 5340 2449 5414 Ἐπιχειρή
2459 5361 2625 5413 μασιν
2648 5345 2740 5398 ἐπὶ
2766 5345 3005 5417 Χριστοῦ
3026 5346 3105 5405 τὸᾼ
3120 5346 3251 5418 μίαν
3283 5345 3464 5417 λέγειν
3494 5347 3674 5418 φύσιν,
3698 5351 3757 5403 ει

486 5437 618 5493 bare
662 5439 897 5503 dictum,
949 5437 1016 5492 ad
1067 5434 1486 5490 subsistentiam
1514 5432 1775 5497 relatum,
1804 5432 1959 5501 quasi
1997 5431 2064 5486 de

2167 5435 2263 5487 καὶ
2314 5435 2460 5490 ἐστιν
2485 5437 2661 5490 εἰπεῖν
2690 5439 2776 5489 ἐπ’
2811 5437 3101 5508 ἀνθρώπου
3135 5439 3289 5510 μίαν,
3308 5442 3337 5494 ὁ
3365 5439 3524 5509 λόγος
3553 5440 3757 5495 ἀδύνα-

486 5538 685 5584 natura
713 5532 832 5599 ipsa
868 5541 1128 5599 tanquam
1155 5524 1513 5581 subsistentia
1538 5522 1960 5594 intelligendum
1992 5522 2071 5575 vi-
2167 5541 2281 5578 τον.

484 5618 725 5675 deatur?
748 5620 970 5674 Veritus
1003 5634 1135 5689 ergo
1162 5625 1250 5672 est
1295 5622 1520 5670 sanctus
1565 5613 1730 5668 Pater
1772 5622 1829 5667 et
1872 5612 1930 5666 in
1957 5612 2075 5666 suis
2111 5612 2631 5682 Epicherematibus
2661 5631 2829 5672 unam
2857 5615 2928 5672 de
2989 5615 3212 5672 Christo
3264 5617 3565 5688 praedicare
3588 5626 3762 5676 natu-

486 5730 626 5778 ram,
649 5729 772 5768 cum
798 5712 904 5767 hoc
923 5713 990 5767 de
1017 5712 1241 5767 homine
1262 5709 1535 5765 aiﬂrmare
1555 5706 1759 5762 liceat?
1782 5706 1895 5761 Hoc
1915 5717 2067 5761 certe
2105 5707 2212 5764 dici
2248 5708 2461 5778 nequit.

559 5806 740 5862 Multis
792 5806 847 5859 in
887 5806 1042 5871 locis,
1087 5805 1290 5875 inquit,
1326 5803 1517 5858 videre
1563 5810 1648 5857 est
1686 5801 1953 5873 Cyrillum
1981 5800 2064 5856 of-

2261 5803 2348 5855 ‘Ev
2383 5803 2617 5869 πολλοϊς,
2684 5805 2869 5873 φασιν,
2929 5804 3259 5876 εὑρίσκομεν
3300 5806 3764 5879 ἁπαρεσκόμενον

484 5894 638 5953 tetuli
679 5912 810 5951 voce
846 5896 1070 5967 duplicis
1103 5911 1119 5951 :
1151 5902 1360 5965 quanto
1408 5905 1540 5949 vero
1582 5892 1755 5962 magis
1796 5891 1848 5947 ei
1882 5890 2064 5962 displi-

2180 5892 2268 5947 τὸν
2293 5893 2511 5965 Πατέρα
2564 5893 2849 5967 Κύριλλον,
2879 5896 2973 5951 καὶ
3005 5898 3068 5967 τῇ
3089 5897 3211 5953 τοῦ
3234 5896 3454 5953 διπλοῦ
3482 5899 3764 5974 όνομασῑᾳ
