3998 6282
264 410 395 476 1861

265 710 598 781 κεχρημένῳ
629 711 758 781 τῇδέ
782 714 953 766 ἐστιν.
989 711 1296 779 Ἀπεστάλη
1320 711 1450 779 γὰρ.
1501 712 1686 781 φησὶν,
1737 711 1850 764 ἀλλ’

265 804 338 865 ὡς
362 802 682 874 ἄιθρωποςν
706 803 932 866 διπλοῦς
983 802 1093 871 γὰρ
1132 797 1220 874 ἦν.
1265 820 1283 853 ι
1316 802 1448 866 Καὶ,
1482 820 1500 851 ι
1536 800 1725 872 Πατὴρ
1782 802 1845 853 ού

263 896 355 949 τοῦ
376 896 684 966 ὁρωμένου,
700 895 797 948 τοῦ
822 897 1113 965 νοουμένου
1132 895 1210 948 δέ’
1235 895 1456 965 καὶγὰρ
1478 889 1544 963 ἦν
1559 892 1799 955 διπλοῦς.
1825 913 1842 944 ι

266 991 371 1042 Καὶ
396 988 625 1043 ἄλλοιδὲ
647 990 891 1042 πλεῖστοι
920 988 1028 1041 τῶν
1069 987 1328 1057 Πατέρων
1355 986 1424 1039 τὰ
1446 986 1608 1056 ὅμοιά
1639 1002 1803 1054 φασιν
1827 1001 1842 1017 ’

265 1076 297 1151 ἦ
329 1080 507 1150 δῆλον,
540 1080 623 1132 ὅτι
654 1080 750 1149 μὲν
781 1074 1006 1142 διὲτλοῦς
1044 1079 1183 1131 κατὰ
1213 1080 1311 1142 τὰς
1342 1076 1534 1146 φύσεις
1560 1072 1628 1145 ἦν
1649 1118 1663 1142 ,
1707 1076 1838 1147 ἔφη.

266 1171 382 1224 Ὅτι
408 1171 467 1223 δὲ
502 1171 563 1224 οὐ
608 1170 832 1234 διπλοῦς
866 1170 1102 1241 Χριστὸς
1134 1169 1168 1240 ἦ
1210 1169 1337 1232 Υἱὸς
1384 1168 1561 1243 ὀρθῶς
1596 1168 1840 1236 λέγεται,

265 1260 532 1331 Κύριλλος
556 1262 587 1314 ὁ
634 1263 823 1330 Πατήρ
856 1277 1021 1332 φησι*
1050 1260 1205 1314 τοῦτο
1245 1260 1353 1331 γὰρ
1391 1259 1685 1330 Νεστόριος
1719 1260 1842 1311 ἐπι-

262 1356 402 1406 νοεῖ·
438 1355 491 1406 εἰ
520 1353 630 1424 γὰρ
654 1353 715 1406 τδ
767 1354 910 1406 κατὰ
957 1351 1118 1421 φύσιν
1167 1349 1390 1404 διπλοῦν
1433 1351 1532 1403 οὐκ
1575 1349 1840 1421 ἐγκρίνει,

262 1443 375 1505 πῶς
398 1444 499 1495 καὶ
528 1444 691 1506 αύτλς
712 1441 815 1513 ἔφη
848 1443 905 1495 ἐν
930 1441 1008 1512 τῷ
1032 1441 1172 1495 κατὰ
1190 1441 1503 1519 Μαθθαῖον,
1538 1458 1557 1491 ι
1599 1440 1662 1492 Ὀ
1719 1455 1848 1492 στα-

258 1535 361 1605 τὴρ
406 1537 434 1587 ὁ
472 1534 731 1603 ἀληθινὸς
795 1535 891 1587 καὶ
919 1537 1109 1606 νοητδς
1136 1534 1229 1588 καὶ
1267 1533 1345 1597 ὡς
1377 1535 1435 1587 ὲν
1486 1532 1641 1602 τύπῳ
1677 1531 1754 1602 τῷ
1786 1530 1843 1598 ἐξ

260 1625 390 1695 ῦλης
413 1625 729 1697 νοούμενος,
765 1617 920 1688 οὗτός
945 1629 1089 1678 ἐστιν
1130 1627 1157 1678 ὁ
1182 1624 1386 1696 Κύριος
1430 1623 1591 1695 ἡμῶν
1633 1621 1843 1693 Ἰησοῦς

259 1718 513 1788 Χριστος,
545 1718 573 1769 ὁ
598 1716 820 1782 διπλοῦς
840 1717 1162 1788 χαρακτήρς
1198 1734 1217 1766 ι

1447 416 1744 477 CONTRA
1784 416 2383 481 MONOPHYSITAS.

260 527 351 579 ἐπὶ
377 525 476 579 τοῦ
504 527 737 618 κυρῖου,
770 528 925 598 πόσῳ
952 544 1015 596 γε
1044 527 1244 598 μᾶλλον
1273 528 1338 598 τῇ
1366 526 1484 581 τῶν
1510 528 1621 583 δύο
1651 531 1804 601 φωνῇ
1824 546 1846 617 Αἱ
1875 560 1927 618 Α

263 648 331 661 --
361 620 510 688 ’Δρα
539 613 634 673 οῦν
662 618 903 683 ἐναντίος
930 620 1217 689 Γρηγορεῳ
1251 618 1330 688 τῷ
1372 618 1634 682 πολλάκις
1682 614 1852 673 κατα-

3393 428 3534 493 1852

1948 547 2074 587 cere
2104 548 2294 588 vocem
2335 535 2565 590 duorum
2588 534 2990 607 judicandum?
3017 565 3085 577 -—
3114 536 3372 608 Nunquid
3401 557 3535 613 ergo

1949 620 2188 693 Cyrillus
2217 623 2550 680 adversatur
2607 626 2710 682 hac
2743 643 2802 683 re
2832 626 3122 699 Gregorio,
3151 630 3246 698 qui
3283 646 3419 687 voce
3451 634 3535 690 .lla

1948 716 2151 782 passim
2210 716 2424 771 utitur?
2467 735 2487 769 ι
2542 717 2740 773 Missus
2775 720 2925 773 enim
2973 720 3111 785 fuit,
3171 721 3386 790 inquit,
3434 725 3531 778 sed

1944 814 2218 873 quatenus
2274 807 2474 874 homo;
2512 818 2631 863 erat
2683 810 2832 864 enim
2894 810 3117 881 duplex.
3178 831 3196 863 ι
3234 813 3300 867 Ει
3341 814 3471 868 alibi
3514 832 3527 869 :

1953 910 1972 942 ι
2001 892 2181 956 Pater,
2212 894 2310 958 ait,
2346 910 2455 948 non
2490 897 2610 967 ejus
2652 897 2799 967 quod
2834 900 3013 955 oculis
3049 901 3403 966 cernebatur,
3434 904 3529 958 sed

1944 983 2097 1038 illius
2123 986 2271 1055 quod
2319 994 2500 1042 mente
2540 989 2973 1059 percipiebatur.
3015 1010 3033 1044 ι
3084 992 3235 1047 Idem
3293 994 3530 1048 aﬂlrma-

1951 1083 2082 1128 runt
2107 1087 2161 1130 et
2196 1078 2286 1131 alii
2329 1080 2503 1134 sancti
2530 1080 2722 1136 Patres
2746 1081 2888 1136 bene
2913 1084 3095 1138 multi.
3122 1085 3324 1139 Verum
3355 1087 3532 1141 enim-

1948 1180 2085 1219 vero
2127 1166 2406 1236 duplicem
2454 1185 2579 1223 eum
2616 1171 2787 1226 fuisse
2828 1183 3052 1227 sanctus
3095 1175 3258 1229 Pater
3307 1175 3527 1239 asserit,

1949 1256 2095 1324 quod
2126 1257 2192 1311 ad
2219 1268 2443 1314 naturas
2472 1261 2689 1327 attinet,
2736 1262 2791 1316 id
2824 1263 2973 1332 quod
3005 1264 3296 1318 manifeste
3331 1266 3526 1335 liquet.

1949 1344 2107 1411 Quod
2142 1356 2324 1403 autem
2355 1352 2640 1406 contendit
2683 1352 2939 1424 Cyrillus,
2985 1364 3090 1419 est,
3122 1355 3228 1409 diei
3274 1355 3531 1410 videlicet

1945 1453 2057 1493 non
2106 1455 2267 1509 posse
2316 1441 2619 1509 Christum,
2677 1445 2875 1500 Filium
2910 1462 3031 1501 esse
3071 1447 3376 1515 duplicem;
3423 1446 3530 1500 hoc

1942 1530 2091 1584 enim
2126 1541 2376 1587 autumat
2398 1534 2705 1591 Nestorius.
2738 1538 2874 1592 Nam
2906 1538 2951 1592 si
2979 1538 3201 1605 duplicis
3231 1552 3424 1592 vocem
3458 1536 3530 1592 de

1941 1631 2137 1677 natura
2172 1625 2522 1694 praedicatam
2566 1629 2613 1683 is
2662 1630 2887 1684 omnino
2937 1630 3290 1701 rejiciendam
3333 1636 3525 1700 putat,

1939 1716 2215 1784 quomodo
2237 1728 2293 1772 et
2322 1718 2437 1788 ipse
2474 1718 2621 1774 Com.
2661 1722 2717 1776 in
2758 1720 3087 1786 Mattha‘um,
3134 1722 3210 1774 ait
3231 1710 3252 1773 ἰ
3290 1739 3309 1771 ι
3347 1720 3526 1775 Stater

258 1825 438 1873 verus,
489 1819 547 1864 et
597 1809 980 1880 intelligibilis,
1016 1820 1071 1864 et
1106 1807 1511 1879 quodammodo
1536 1808 1613 1861 in
1656 1808 1833 1877 lignea
1871 1807 2045 1864 forma
2079 1822 2398 1883 conceptus,
2421 1814 2512 1869 hic
2534 1825 2618 1870 est
2640 1817 2906 1871 Dominus
2960 1827 3145 1871 ucster
3165 1815 3326 1871 Jesus
3369 1814 3531 1870 Chri-

257 1908 373 1958 stus
393 1902 600 1973 duplex
628 1901 825 1957 forma.
865 1922 884 1956 ι

254 2040 564 2108 KvpLLiov
592 2041 664 2095 ἐκ
688 2040 807 2095 τῶν
833 2042 984 2110 πρὸς
1004 2042 1111 2107 τὰς
1133 2040 1386 2110 ἀπορίας
1414 2041 1836 2109 ὐπαντήσεων.

331 2173 352 2206 ι
395 2156 487 2209 Ἑν
523 2156 751 2226 ἰδιότητι
795 2158 861 2227 τῇ
900 2157 1040 2209 κατὰ
1080 2155 1244 2224 φύσιν
1280 2156 1547 2228 ἑκατέρου
1586 2157 1843 2227 μένοντός

252 2264 310 2301 τε
348 2249 447 2302 καὶ
476 2248 801 2318 νοουμένου,
847 2248 990 2301 κατά
1017 2264 1080 2315 γε
1115 2246 1206 2300 τὸν
1237 2248 1441 2319 ἀρτίως
1482 2250 1615 2318 ἡμῖν
1643 2249 1841 2303 ἀποδο-

255 2339 414 2392 θέντα
456 2338 646 2405 λόγον,
676 2338 933 2410 ἀρρήτως
978 2340 1071 2392 καὶ
1112 2339 1406 2411 ἀφράστως
1446 2338 1668 2402 ἑνωθεὶς
1710 2340 1841 2411 μίαν

255 2432 385 2502 ἡμῖν
420 2429 630 2496 ἔδειξεν
679 2431 812 2484 Υεοῦ
856 2430 1039 2498 φύσιν,
1070 2432 1209 2502 πλὴν
1262 2433 1729 2503 σεσαρκωμένην·
1775 2434 1839 2488 οὐ

253 2521 363 2590 γὰρ
406 2521 503 2573 ἐπὶ
558 2520 737 2589 μόνων
792 2519 902 2572 τῶν
954 2520 1143 2574 ἁπλῶν
1176 2520 1314 2573 κατὰ
1363 2519 1461 2591 τὴν
1489 2520 1654 2588 φύσιν
1682 2521 1743 2574 τὸ
1782 2521 1842 2575 ἓν

255 2608 472 2678 ἀληθῶς
517 2607 761 2676 λέγεται.
791 2627 811 2660 ι
865 2608 1018 2673 Ἰδοὺ,
1078 2609 1234 2678 φασὶ,
1292 2609 1390 2663 τοῦ
1431 2611 1581 2674 Υξοῦ,
1631 2612 1690 2675 ὃς
1723 2612 1842 2669 ἐστι

257 2699 517 2770 Χριστὸς,
571 2699 701 2769 μίαν
733 2699 897 2769 φύσιν
951 2698 1080 2771 ἔφη.
1113 2728 1183 2742 -
1225 2700 1386 2755 Ἀλλὰ
1419 2704 1512 2755 καὶ
1546 2700 1608 2754 τὸ
1639 2702 1842 2770 ἑπαγό-

260 2809 421 2861 μενον
466 2790 830 2861 συνάψαντες,
880 2791 1325 2863 διακρινέτωσαν,
1353 2794 1401 2846 ει
1447 2792 1625 2865 ὀρθῶς
1649 2794 1840 2848 συλλοο

259 2883 534 2951 στίζονται·
566 2885 617 2936 εἰ
653 2883 763 2954 γὰρ
804 2882 868 2936 τὸ
918 2883 1015 2936 τοῦ
1051 2883 1183 2937 Υίοῦ
1232 2884 1406 2954 ὄνομα
1457 2885 1554 2938 καὶ
1603 2886 1711 2954 πρὸ
1743 2887 1843 2957 τῆς

262 2973 602 3045 σαρκώσεως
632 2975 970 3045 τεταγμένον
1019 2976 1140 3030 ἀντὶ
1190 2975 1284 3029 τοῦ
1322 2975 1563 3048 Χριστοῦ
1598 2977 1838 3048 ιῐρηται,

257 3065 455 3118 οὕτωσί
484 3065 887 3136 φρασθήσεται,
931 3066 1060 3136 μίαν
1095 3067 1228 3136 ἡμῖν
1257 3065 1428 3131 ἔδειξε
1468 3066 1706 3138 Χριστοῦ
1736 3066 1841 3136 φύ-

262 3171 364 3221 σιν,
403 3156 546 3224 πλὴν
595 3157 1046 3229 σεσαρκωμένηνο
1072 3156 1233 3211 τοῦτο
1284 3157 1342 3210 δὲ
1388 3157 1422 3230 ἢ
1470 3157 1547 3221 ὡς
1596 3158 1839 3228 ἁσάρκου

261 3246 496 3316 Χριστοῦ
532 3248 836 3319 δυναμένου
891 3248 1185 3319 ληφθῆναι,
1234 3247 1427 3319 ὥσπερ
1460 3250 1835 3320 ἀνεπινόητονο

262 3337 293 3407 ἢ
322 3338 398 3401 ὡς
432 3339 529 3392 καὶ
562 3340 700 3409 πρὸς
739 3340 867 3411 τῇδε
896 3341 959 3410 τῇ
993 3342 1095 3410 μιᾷ
1128 3339 1292 3393 αὐτοῦ
1325 3339 1505 3408 φύσει,
1539 3340 1635 3395 καὶ
1663 3341 1841 3412 σάρκα

260 3430 702 3500 ἑπενδυσαμὲνου
746 3430 1005 3501 Χριστοῦ⁸
1033 3430 1187 3484 ἐσται
1221 3427 1315 3485 οῦν
1361 3434 1425 3485 ὲκ
1454 3433 1618 3501 λόγου
1644 3450 1705 3486 τε
1746 3435 1842 3487 καὶ

260 3526 461 3595 σαρκὸς
492 3527 590 3579 καὶ
609 3525 804 3597 ἑτέρας
838 3523 1056 3593 φύσεως
1084 3524 1290 3596 σαρκὸς
1312 3525 1390 3579 ὢν
1413 3528 1442 3579 ὁ
1472 3526 1729 3595 Χριστός⁹
1755 3527 1850 3581 καὶ

258 3617 319 3669 οὗ
353 3618 518 3686 μόνον
551 3617 646 3671 δύο
686 3616 878 3686 φύσεις
910 3616 1121 3681 ἁπλῶς,
1163 3617 1283 3671 ἀλλ’
1314 3619 1380 3673 ὲκ
1434 3622 1566 3690 μιᾶς
1610 3618 1710 3689 μὲν
1746 3620 1848 3692 τῆς

258 3707 407 3771 hic;
428 3708 633 3779 ἁπλῆς,
668 3710 732 3761 ὲκ
766 3709 860 3762 δύο
881 3707 941 3762 δὲ
971 3707 1263 3774 συνθέτων,
1287 3709 1458 3778 ἧγουν
1483 3710 1592 3763 τῶν
1623 3709 1839 3780 ἀνθρω-

258 3802 431 3854 πίνων
459 3800 583 3854 νοού
592 3817 767 3870 μενος,
798 3803 863 3854 ὲκ
883 3801 1053 3873 τριῶν
1079 3818 1142 3856 τι
1168 3804 1386 3871 φύσεων
1413 3802 1706 3873 λεγόμενος
1726 3803 1839 3856 λοι-

258 3890 376 3943 uir
405 3890 564 3943 οῠδὶν
584 3891 641 3943 δὲ
670 3885 832 3963 ἦττον
859 3893 955 3945 καὶ
986 3889 1084 3945 δύο
1108 3895 1298 3960 φύσεις
1327 3894 1391 3946 ἐκ
1429 3894 1559 3962 μιᾶς
1584 3892 1683 3962 τῆς
1711 3891 1840 3946 καθ’

254 3982 399 4052 ὕμᾶς
416 3982 661 4052 Χριστοῦ
687 3982 923 4053 φύσεως,
941 3985 1153 4055 καὶτῆς
1182 3984 1601 4056 ἔπεισαχθείσης
1617 3983 1840 4056 Χριστῷ

259 4073 399 4139 μετὰ
430 4072 534 4142 τὴν
560 4072 820 4142 δευτέραν
850 4074 1130 4146 σάρκωσιν
1160 4075 1327 4130 αὑτοῦ
1359 4076 1563 4148 σαρκὸς
1598 4073 1835 4145 φύσεως.

2189 2039 2381 2111 Cyrilli
2405 2056 2469 2094 ea:
2494 2041 2915 2110 responsionibus
2952 2039 3022 2094 ad
3046 2039 3269 2109 objecta.

2019 2168 2038 2202 ι
2076 2150 2134 2205 In
2169 2151 2507 2221 proprietate
2538 2168 2651 2208 suae
2679 2162 2888 2207 natura:
2923 2160 3158 2220 utroque
3184 2159 3438 2227 manente
3467 2158 3525 2206 et

1941 2238 2241 2305 intellecto,
2262 2240 2537 2306 Christus,
2562 2251 2622 2296 ut
2640 2243 2750 2312 jam
2770 2242 3031 2309 diximus,
3060 2257 3263 2296 arcano
3283 2242 3522 2311 quodam

1938 2341 1994 2386 et
2026 2331 2289 2387 ineffabili
2330 2333 2493 2388 modo
2526 2336 2873 2404 coniunctus,
2924 2349 3089 2388 unam
3137 2333 3299 2389 nobis
3333 2334 3520 2389 visen-

1941 2422 2067 2479 dam
2120 2425 2358 2494 praebuit
2406 2435 2682 2489 naturam,
2733 2441 2931 2497 nempe
2975 2441 3138 2482 carne
3197 2427 3519 2495 praeditam;

1940 2530 2053 2568 non
2089 2514 2238 2569 enim
2268 2516 2338 2569 de
2375 2515 2508 2571 solis
2535 2516 2839 2571 secundum
2879 2525 3131 2571 naturam
3175 2517 3522 2586 simplicibus

1941 2620 2115 2660 unum
2163 2614 2313 2661 recte
2354 2606 2701 2676 praedicatur.
2737 2625 2754 2658 ι
2804 2607 2907 2672 Εη,
2934 2608 3208 2677 inquiunt,
3252 2608 3397 2673 Filii,
3423 2608 3525 2678 qui

1939 2695 2199 2753 Christus
2249 2707 2355 2763 est,
2393 2713 2557 2753 unam
2598 2696 2836 2769 Cyrillus
2884 2699 3118 2752 asseruit
3143 2708 3421 2755 naturam.
3452 2728 3527 2744 -ο

1941 2789 2146 2846 Verum
2185 2790 2480 2845 adnectant
2513 2790 2552 2845 ii
2596 2800 2653 2846 et
2695 2789 3135 2860 praecedentibus
3181 2791 3525 2861 subsequens

1940 2880 2195 2946 verbum,
2217 2880 2263 2934 si
2290 2889 2440 2936 recte
2467 2879 2783 2951 perspicere
2834 2880 3044 2953 volunt,
3070 2889 3252 2934 utrum
3282 2882 3423 2936 bene
3453 2897 3525 2938 an

1941 2972 2084 3027 male
2110 2988 2170 3028 se
2192 2972 2393 3027 habeat
2418 2972 2662 3041 ipsorum
2689 2972 3059 3027 ratiocinium.
3090 2973 3305 3028 Etenim
3330 2974 3374 3029 si
3400 2973 3525 3029 Filii

1941 3078 2144 3118 nomen
2178 3071 2305 3117 ante
2342 3077 2567 3117 carnem
2609 3071 2944 3134 assumptam
2969 3064 3038 3118 de
3072 3063 3294 3120 Christo
3323 3065 3527 3135 praedi-

1941 3162 2126 3208 catum
2166 3154 2526 3224 intelligatur,
2572 3169 2769 3211 sensus
2820 3156 2926 3211 erit
2978 3172 3142 3211 unam
3185 3172 3312 3212 eum
3364 3157 3527 3213 nobis

1942 3243 2251 3298 ostendisse
2276 3242 2485 3298 Christi
2513 3254 2790 3310 naturam,
2816 3261 2981 3301 carne
3012 3247 3319 3316 praeditam.
3344 3248 3402 3303 Id
3424 3264 3526 3303 au-

1942 3341 2052 3390 tem
2075 3336 2248 3404 accipi
2281 3344 2463 3405 potest
2504 3336 2819 3406 dupliciter,
2860 3338 2947 3392 vel
2982 3339 3129 3408 quod
3166 3348 3325 3395 antea
3367 3338 3530 3395 Chri-

1947 3437 2067 3497 stus
2099 3428 2267 3483 fuerit
2296 3428 2478 3483 carnis
2507 3444 2725 3498 expers,
2758 3431 2904 3499 quod
2928 3430 3159 3499 intelligi
3191 3432 3343 3486 nullo
3366 3441 3527 3502 pacto

1914 3510 2149 3589 potest,
2189 3518 2278 3572 vel
2321 3526 2522 3587 preter
2554 3533 2708 3572 suam
2734 3517 2910 3587 ipsius
2957 3528 3210 3573 naturam
3251 3520 3423 3575 fuerit
3468 3530 3526 3576 et

1942 3608 2151 3665 Christi
2173 3623 2341 3663 carne
2373 3608 2642 3679 praeditus
2669 3626 2682 3662 :
2709 3610 2926 3679 eritque
2949 3618 3245 3679 prOpterea
3267 3609 3524 3667 Christus

1938 3702 2290 3771 compositus
2335 3715 2404 3755 ex
2448 3700 2640 3765 verbo,
2685 3714 2871 3764 carne,
2915 3708 2972 3755 et
3013 3700 3176 3755 tertia
3198 3701 3305 3755 alia
3343 3703 3525 3758 carnis

1937 3803 2137 3850 natura
2160 3809 2223 3848 ae
2241 3792 2445 3863 specie.
2472 3792 2815 3862 Proindeque
2846 3807 2956 3847 non
2985 3801 3152 3847 erunt
3181 3795 3235 3848 in
3259 3795 3379 3865 ipso
3401 3795 3525 3851 duae

1936 3886 2070 3943 solas
2120 3895 2355 3951 naturae,
2402 3884 2498 3940 sed
2532 3894 2678 3950 tres;
2718 3900 2826 3939 una
2849 3884 3083 3955 simplex
3127 3902 3192 3941 ac
3227 3886 3435 3954 divina,
3467 3897 3526 3943 et

1937 3979 2063 4035 dua:
2091 3978 2430 4048 compositae,
2462 3977 2672 4032 scilicet
2701 3977 2977 4043 humanae,
3010 3978 3339 4049 diceturque
3367 3979 3525 4035 Chri-

1937 4080 2058 4128 stus
2085 4071 2175 4125 his
2192 4070 2378 4125 tribus
2408 4078 2685 4125 constare.
2713 4068 2844 4122 Duae
2863 4068 3226 4125 nihilominus
3240 4086 3307 4125 es
3338 4080 3521 4127 vestra

255 4165 529 4219 sententia
553 4166 765 4219 suntin
796 4166 917 4237 ipso
940 4179 1317 4224 naturazuna
1377 4169 1656 4235 videlicet,
1687 4177 1749 4225 ut
1802 4182 1903 4224 vos
1940 4165 2160 4229 dicitis,
2205 4163 2411 4219 Christi
2460 4160 2721 4232 propria,
2772 4162 2946 4217 altera
3008 4163 3191 4218 carnis
3243 4162 3517 4232 humanae,

253 4271 423 4325 quam
467 4257 713 4312 secunda
754 4258 875 4313 vice
902 4260 1232 4316 assumenda
1265 4261 1371 4316 sibi
1426 4260 1682 4318 Christus
1721 4262 1837 4332 ipse
1873 4256 2173 4328 copulavit.

338 4366 508 4420 ’Δλλὰ
549 4367 605 4420 τί
646 4367 721 4439 μὴ
756 4370 965 4423 τούτων
1012 4372 1276 4441 ἀφέμενοι
1331 4372 1440 4426 τῶν
1484 4373 1844 4445 παραδλωπι-

2015 4371 2123 4428 Sed
2149 4385 2250 4427 cur
2274 4370 2521 4441 deposita
2565 4369 2808 4427 caecitate
2836 4380 3041 4436 vestra,
3097 4371 3321 4428 Patrum
3359 4388 3518 4428 men-

258 4458 506 4528 σμάτων,
533 4459 780 4530 ὄμμασιν
823 4460 1006 4532 ὀρθοῖς
1033 4462 1127 4515 τὸν
1173 4463 1375 4518 σκοπὸν
1414 4464 1505 4518 τὸν
1553 4465 1841 4536 εἰρημένον

1944 4474 2052 4523 tem
2103 4466 2270 4521 rectis
2322 4465 2499 4520 oculis
2545 4464 2909 4535 contemplari
2959 4479 3069 4519 non
3115 4465 3318 4519 vultis?
3363 4464 3521 4532 Quod

256 4555 577 4605 κατανοεῖτε
602 4569 617 4619 ;
653 4553 735 4606 ὅτι
765 4554 874 4626 γὰρ
905 4555 1154 4626 νεότητος
1189 4556 1427 4628 φυσικῆς
1455 4556 1550 4611 νῦν
1583 4575 1718 4628 φησι
1741 4557 1841 4629 τὴν

1944 4559 2086 4614 enim
2121 4557 2363 4614 Verbum
2394 4566 2590 4611 natura
2621 4557 2819 4611 Filium
2846 4573 3070 4614 manere
3110 4569 3332 4614 sanctus
3363 4560 3524 4615 Pater

259 4641 426 4709 αὑτὴν
457 4641 592 4710 μίαν
626 4642 789 4710 φύσιν
825 4644 1008 4713 μένειν
1045 4645 1124 4715 τῷ
1160 4645 1293 4716 Υῐῷ,
1325 4645 1428 4700 κᾶν
1472 4648 1841 4717 προσελάϐετο

1944 4650 2046 4705 hoc
2076 4650 2200 4705 loco
2228 4649 2518 4718 intelligat,
2550 4648 2769 4703 etiamsi
2797 4659 3049 4704 naturam
3089 4650 3250 4706 aliam
3278 4651 3521 4707 Verbum

261 4732 426 4803 ἄλλην
458 4733 649 4801 φύσιν,
685 4734 796 4786 ἰδοὺ
843 4734 1005 4799 αὐτὸς
1031 4739 1226 4807 τρανοῖ
1252 4738 1446 4806 λέγων’
1481 4742 1565 4793 Οὐ
1598 4742 1708 4809 γὰρ
1740 4739 1839 4793 ἐπὶ

1944 4739 2091 4795 idem
2126 4739 2505 4808 assumpserit,
2552 4738 2670 4809 ipse
2703 4740 2850 4794 clare
2876 4754 2935 4794 se
2983 4738 3239 4810 explicat,
3266 4740 3397 4795 dum
3420 4743 3521 4806 ait,

258 4825 460 4891 μόνων
485 4823 609 4877 τῶν
641 4823 854 4879 ἁπλῶν
878 4828 1029 4880 κατὰ
1065 4826 1181 4893 τὴν
1208 4828 1419 4897 φύσιν,
1455 4830 1587 4884 υἱῶν
1615 4830 1839 4902 δηλαδὴ,

262 4912 318 4964 τὸ
338 4912 409 4967 ἐν
437 4914 681 4982 ἀληθῶς
707 4914 965 4986 λέγεται.
1002 4917 1147 4987 ’Δρα
1174 4913 1267 4972 οῦν
1286 4919 1444 4972 τοῦτο
1464 4920 1609 4991 ὑμᾶς
1641 4921 1843 4991 μᾶλλον

263 5004 459 5070 διδάξει
480 5008 567 5060 ὅτι
595 5008 693 5077 οὐχ
720 5008 927 5072 ἁπλοῦς
956 5010 1095 5063 κατά
1123 5010 1225 5082 τὴν
1258 5010 1422 5080 φύσιν
1451 5014 1479 5066 ὀ
1505 5013 1632 5084 περὶ
1662 5008 1723 5067 οὗ
1749 5014 1845 5068 τά·

262 5093 316 5147 δι
348 5097 515 5164 φησὶν
543 5096 676 5159 Υἱὸς
704 5093 806 5163 εἷς,
839 5099 977 5152 ἀλλὰ
1016 5098 1241 5163 διπλοῦς
1264 5117 1277 5162 ;
1305 5099 1420 5155 εστι
1445 5102 1554 5173 γὰρ
1581 5104 1723 5157 κατὰ
1750 5103 1842 5157 τὸν

266 5186 503 5258 Πατέρα,
536 5188 567 5240 ὃ
601 5188 864 5254 πολλάκις
910 5193 1002 5244 καὶ
1041 5192 1203 5264 ἡμεῖς
1232 5195 1360 5262 ὑμῖν
1392 5194 1715 5267 εὐηχοῦμεν,
1747 5196 1842 5250 καὶ

264 5277 525 5333 πλειόνων
562 5280 739 5333 οὐσῶν
786 5281 893 5334 τῶν
925 5281 1171 5351 φύσεων,
1204 5282 1263 5335 ἓν
1306 5281 1447 5339 εἴναι
1492 5288 1552 5340 τό
1584 5305 1643 5340 τε
1674 5290 1843 5359 πρόσ-

265 5385 430 5433 ωπον,
461 5373 555 5423 καὶ
586 5371 688 5425 ἕνα
717 5372 809 5425 τὸν
840 5373 1001 5428 αὐτὸν
1026 5374 1156 5428 Υἱὺν
1178 5377 1359 5447 φύσει·
1393 5376 1488 5431 καὶ
1520 5377 1580 5431 οὔ
1609 5379 1706 5449 τὴν
1743 5380 1841 5449 μὲν

263 5461 370 5515 τῶν
404 5463 643 5530 φύσεων,
680 5463 810 5517 Υἰδν
840 5464 1019 5534 φύσει·
1046 5467 1145 5537 τὴν
1182 5467 1259 5534 δὲ,
1305 5468 1432 5521 Υἱδν
1462 5468 1644 5541 χάριτι
1668 5466 1837 5524 εἶναι’

263 5550 400 5606 ὥστε
427 5555 619 5623 σαφῶς
660 5555 732 5609 τὰ
765 5559 1011 5630 ἡμέτερα
1047 5559 1241 5628 λέγων,
1284 5560 1316 5632 ἢ
1344 5561 1415 5614 τὰ
1439 5562 1701 5634 ὑμέτερα.
1731 5564 1841 5617 δεί-

264 5660 453 5700 κνυται
482 5650 589 5701 κάν
616 5647 831 5712 τούτοις
854 5653 881 5703 ὁ
907 5650 1248 5715 διδάσκαλος·
1279 5653 1412 5706 ὅπου
1442 5671 1525 5722 γε,
1555 5656 1603 5707 si
1631 5656 1723 5708 καὶ
1744 5655 1837 5709 οῦ-

263 5753 368 5801 τως
393 5736 563 5809 εἶχεν,
589 5741 671 5804 ὡς
695 5740 971 5810 βούλεσθε,
997 5744 1177 5799 πάντα
1198 5745 1264 5799 ἃν
1285 5746 1354 5800 τὰ
1374 5749 1431 5801 ὲν
1455 5748 1662 5818 ἑτέροις
1683 5749 1838 5816 εἰρη-

268 5829 402 5896 μένα
430 5832 506 5902 τῷ
534 5833 717 5903 Πατρὶ
744 5834 821 5896 ὡς
853 5837 980 5906 περὶ
1008 5836 1098 5892 δύο
1130 5838 1346 5908 φύσεων
1373 5839 1629 5911 Χριστοῦ,
1663 5842 1837 5895 τοῖσδε

1945 4848 2049 4885 ηοη
2075 4830 2306 4892 εηὶηι,άε
2355 4829 2481 4883 solis
2526 4829 2871 4900 simplicibus,
2924 4831 3226 4885 secundum
3268 4843 3520 4886 naturam

1941 4922 2172 4988 scilicet,
2200 4939 2366 4975 unum
2389 4938 2509 4975 vere
2527 4922 2740 4976 dicitur.
2766 4921 3025 4992 Nunquid
3047 4923 3233 4992 potius
3278 4939 3345 4978 ex
3366 4925 3523 4979 hisco

1940 5015 2210 5086 colligetis
2265 5014 2465 5070 Filium
2516 5014 2585 5070 de
2617 5030 2726 5085 quo
2756 5015 2874 5071 haec
2919 5016 3200 5079 dicuntur,
3235 5032 3346 5071 non
3400 5033 3523 5073 esse

1939 5117 2137 5162 natura
2187 5106 2519 5176 simplicem,
2564 5106 2658 5160 sed
2689 5104 2998 5175 duplicem?
3032 5105 3173 5160 lllud
3212 5106 3359 5159 enim
3392 5121 3525 5161 san.

1940 5208 2062 5255 ctus
2079 5199 2238 5254 Pater
2269 5195 2709 5268 intelligit(quod
2734 5206 2790 5252 ct
2813 5212 2916 5252 nos
2946 5213 3089 5269 saepe
3132 5197 3289 5253 vobis
3319 5198 3515 5268 prtedi-

1938 5291 2149 5361 camus)
2176 5305 2339 5344 unam
2369 5305 2488 5345 esse
2517 5290 2704 5344 multis
2735 5292 2948 5346 naturis
2998 5291 3282 5361 prteditam
3333 5306 3524 5360 perso-

1938 5399 2094 5448 nam;
2126 5390 2183 5437 et
2209 5397 2379 5436 unum
2402 5381 2770 5453 eumdemque
2799 5392 2991 5438 natura
3013 5383 3238 5446 Filium,
3271 5397 3379 5439 non
3414 5398 3520 5437 au-

1939 5484 2047 5530 tem
2083 5490 2247 5528 unam
2273 5472 2446 5543 ipsius
2462 5481 2711 5527 naturam
2742 5489 2862 5528 esse
2892 5483 3089 5528 natura
3109 5472 3328 5536 Filium,
3356 5475 3522 5531 aliam

1937 5583 2059 5623 esse
2086 5567 2285 5622 Filium
2318 5582 2415 5637 per
2438 5566 2753 5636 adoptionis
2779 5567 3027 5637 gratiam.
3062 5566 3519 5638 Quandoquidem

1944 5660 1988 5715 si
2017 5660 2092 5715 ita
2130 5675 2188 5715 se
2216 5674 2305 5713 res
2338 5658 2590 5719 haberet.
2622 5666 2683 5713 ut
2706 5658 2893 5720 vultis.
2925 5660 3112 5714 omnia
3138 5660 3312 5715 sancti
3346 5661 3525 5716 Patris

1945 5752 2164 5806 oracula
2192 5749 2260 5805 de
2288 5748 2505 5804 duabus
2528 5747 2734 5805 Christi
2767 5751 2980 5805 naturis
3017 5766 3139 5822 quae
3164 5751 3295 5806 alibi
3322 5767 3492 5807 occur

1946 5851 2096 5909 runt,
2144 5856 2269 5897 cum
2324 5840 2444 5897 istis
2490 5840 2664 5911 ipsius
2712 5841 2874 5900 dictis
2921 5852 3109 5914 aperte
3155 5853 3459 5915 pugnarent
3500 5860 3522 5899 :
