  <div class='ocr_page' id='page_1' title='image "/cluster/home/n/w/nwhite01/storage/ocr_20150623/86 pt.2/mdp.39015008855424/059.png"; bbox 0 0 4098 6256; ppageno 0'>
   <div class='ocr_carea' id='block_1_1' title="bbox 503 428 639 499">
    <p class='ocr_par' dir='ltr' id='par_1_1' title="bbox 503 428 639 499">
     <span class='ocr_line' id='line_1_1' title="bbox 503 428 639 499; baseline 0.059 -8"><span class='ocrx_word' id='word_1_1' title='bbox 503 428 639 499; x_wconf 76' lang='lat'><strong>1863</strong></span> 
     </span>
    </p>
   </div>
   <div class='ocr_carea' id='block_1_2' title="bbox 1760 419 2529 484">
    <p class='ocr_par' dir='ltr' id='par_1_2' title="bbox 1760 419 2529 484">
     <span class='ocr_line' id='line_1_2' title="bbox 1760 419 2529 484; baseline -0.005 0"><span class='ocrx_word' id='word_1_2' title='bbox 1760 420 2075 484; x_wconf 78' lang='lat' dir='ltr'><strong>LEONTII</strong></span> <span class='ocrx_word' id='word_1_3' title='bbox 2120 419 2529 481; x_wconf 73' lang='lat' dir='ltr'><strong>BYZANTINI</strong></span> 
     </span>
    </p>
   </div>
   <div class='ocr_carea' id='block_1_3' title="bbox 3658 419 3780 488">
    <p class='ocr_par' dir='ltr' id='par_1_3' title="bbox 3658 419 3780 488">
     <span class='ocr_line' id='line_1_3' title="bbox 3658 419 3780 488; baseline -0.016 -4"><span class='ocrx_word' id='word_1_4' title='bbox 3658 419 3780 488; x_wconf 74' lang='lat' dir='ltr'><strong>lSGl</strong></span> 
     </span>
    </p>
   </div>
   <div class='ocr_carea' id='block_1_4' title="bbox 495 528 2090 613">
    <p class='ocr_par' dir='ltr' id='par_1_4' title="bbox 495 532 2090 613">
     <span class='ocr_line' id='line_1_4' title="bbox 495 532 2090 613; baseline -0.008 -16"><span class='ocrx_word' id='word_1_5' title='bbox 495 546 644 613; x_wconf 87' lang='lat' dir='ltr'><strong>quod</strong></span> <span class='ocrx_word' id='word_1_6' title='bbox 694 538 903 596; x_wconf 79' lang='lat' dir='ltr'><strong>nemini</strong></span> <span class='ocrx_word' id='word_1_7' title='bbox 958 551 1201 609; x_wconf 79' lang='lat' dir='ltr'><strong>unquam</strong></span> <span class='ocrx_word' id='word_1_8' title='bbox 1261 535 1490 591; x_wconf 89' lang='lat' dir='ltr'><strong>numine</strong></span> <span class='ocrx_word' id='word_1_9' title='bbox 1538 532 1729 588; x_wconf 87' lang='lat' dir='ltr'><strong>divino</strong></span> <span class='ocrx_word' id='word_1_10' title='bbox 1786 532 2090 588; x_wconf 81' lang='lat' dir='ltr'><strong>aﬂlatorum</strong></span> 
     </span>
    </p>
   </div>
   <div class='ocr_carea' id='block_1_5' title="bbox 2196 528 3782 613">
    <p class='ocr_par' dir='ltr' id='par_1_5' title="bbox 2197 528 3782 606">
     <span class='ocr_line' id='line_1_5' title="bbox 2197 528 3782 606; baseline 0.005 -23"><span class='ocrx_word' id='word_1_11' title='bbox 2197 531 2310 593; x_wconf 88' lang='grc' dir='ltr'>τοῖς</span> <span class='ocrx_word' id='word_1_12' title='bbox 2344 529 2512 585; x_wconf 75' lang='grc' dir='ltr'>αὑτοῦ</span> <span class='ocrx_word' id='word_1_13' title='bbox 2558 530 2625 584; x_wconf 81' lang='grc' dir='ltr'>ἂν</span> <span class='ocrx_word' id='word_1_14' title='bbox 2676 528 2985 601; x_wconf 78' lang='grc' dir='ltr'><strong>διεμάχετο·</strong></span> <span class='ocrx_word' id='word_1_15' title='bbox 3017 530 3154 601; x_wconf 84' lang='grc' dir='ltr'>ὅπερ</span> <span class='ocrx_word' id='word_1_16' title='bbox 3185 529 3370 595; x_wconf 70' lang='grc' dir='ltr'>οὐδεὶς</span> <span class='ocrx_word' id='word_1_17' title='bbox 3413 530 3478 585; x_wconf 76' lang='grc' dir='ltr'><strong>ὲν</strong></span> <span class='ocrx_word' id='word_1_18' title='bbox 3512 534 3782 606; x_wconf 82' lang='grc' dir='ltr'>πνεύματι</span> 
     </span>
    </p>
   </div>
   <div class='ocr_carea' id='block_1_6' title="bbox 498 624 1460 684">
    <p class='ocr_par' dir='ltr' id='par_1_6' title="bbox 498 624 1460 684">
     <span class='ocr_line' id='line_1_6' title="bbox 498 624 1460 684; baseline -0.004 -3"><span class='ocrx_word' id='word_1_19' title='bbox 498 628 723 684; x_wconf 85' lang='lat' dir='ltr'><strong>Patrum</strong></span> <span class='ocrx_word' id='word_1_20' title='bbox 760 626 1028 683; x_wconf 89' lang='lat' dir='ltr'><strong>accidisse</strong></span> <span class='ocrx_word' id='word_1_21' title='bbox 1058 624 1327 680; x_wconf 83' lang='lat' dir='ltr'><strong>credibile</strong></span> <span class='ocrx_word' id='word_1_22' title='bbox 1356 632 1460 679; x_wconf 88' lang='lat' dir='ltr'><strong>est.</strong></span> 
     </span>
    </p>
   </div>
   <div class='ocr_carea' id='block_1_7' title="bbox 1058 752 1565 821">
    <p class='ocr_par' dir='ltr' id='par_1_7' title="bbox 1058 752 1565 821">
     <span class='ocr_line' id='line_1_7' title="bbox 1058 752 1565 821; baseline -0.006 -14"><span class='ocrx_word' id='word_1_23' title='bbox 1058 752 1241 821; x_wconf 73' lang='lat' dir='ltr'><strong>Magni</strong></span> <span class='ocrx_word' id='word_1_24' title='bbox 1262 752 1565 809; x_wconf 81' lang='lat' dir='ltr'><strong>Athanasii.</strong></span> 
     </span>
    </p>
   </div>
   <div class='ocr_carea' id='block_1_8' title="bbox 578 861 2091 934">
    <p class='ocr_par' dir='ltr' id='par_1_8' title="bbox 578 861 2091 934">
     <span class='ocr_line' id='line_1_8' title="bbox 578 861 2091 934; baseline -0.002 -17"><span class='ocrx_word' id='word_1_25' title='bbox 578 884 597 917; x_wconf 69' lang='grc' dir='ltr'><strong>ι</strong></span> <span class='ocrx_word' id='word_1_26' title='bbox 619 865 1220 934; x_wconf 82' lang='lat' dir='ltr'><strong>Conﬁtemuretipsum</strong></span> <span class='ocrx_word' id='word_1_27' title='bbox 1238 880 1359 919; x_wconf 91' lang='lat' dir='ltr'><strong>esse</strong></span> <span class='ocrx_word' id='word_1_28' title='bbox 1381 864 1477 918; x_wconf 85' lang='lat' dir='ltr'><strong>Dei</strong></span> <span class='ocrx_word' id='word_1_29' title='bbox 1502 862 1723 926; x_wconf 89' lang='lat' dir='ltr'><strong>Filium,</strong></span> <span class='ocrx_word' id='word_1_30' title='bbox 1744 861 2091 931; x_wconf 89' lang='lat' dir='ltr'><strong>atqueDeum</strong></span> 
     </span>
    </p>
   </div>
   <div class='ocr_carea' id='block_1_9' title="bbox 500 956 2091 1029">
    <p class='ocr_par' dir='ltr' id='par_1_9' title="bbox 500 956 2091 1029">
     <span class='ocr_line' id='line_1_9' title="bbox 500 956 2091 1029; baseline -0.003 -15"><span class='ocrx_word' id='word_1_31' title='bbox 500 960 810 1014; x_wconf 86' lang='lat' dir='ltr'><strong>secundum</strong></span> <span class='ocrx_word' id='word_1_32' title='bbox 860 959 1140 1029; x_wconf 88' lang='lat' dir='ltr'><strong>spiritum,</strong></span> <span class='ocrx_word' id='word_1_33' title='bbox 1168 968 1225 1014; x_wconf 92' lang='lat' dir='ltr'><strong>et</strong></span> <span class='ocrx_word' id='word_1_34' title='bbox 1271 959 1471 1014; x_wconf 88' lang='lat' dir='ltr'><strong>Filium</strong></span> <span class='ocrx_word' id='word_1_35' title='bbox 1521 958 1762 1013; x_wconf 88' lang='lat' dir='ltr'><strong>hominis</strong></span> <span class='ocrx_word' id='word_1_36' title='bbox 1788 956 2091 1012; x_wconf 90' lang='lat' dir='ltr'><strong>secundum</strong></span> 
     </span>
    </p>
   </div>
   <div class='ocr_carea' id='block_1_10' title="bbox 500 1049 2089 1113">
    <p class='ocr_par' dir='ltr' id='par_1_10' title="bbox 500 1049 2089 1113">
     <span class='ocr_line' id='line_1_10' title="bbox 500 1049 2089 1113; baseline -0.003 -7"><span class='ocrx_word' id='word_1_37' title='bbox 500 1068 747 1113; x_wconf 86' lang='lat' dir='ltr'><strong>carnem,</strong></span> <span class='ocrx_word' id='word_1_38' title='bbox 804 1068 914 1107; x_wconf 91' lang='lat' dir='ltr'><strong>non</strong></span> <span class='ocrx_word' id='word_1_39' title='bbox 973 1062 1157 1107; x_wconf 90' lang='lat' dir='ltr'><strong>autem</strong></span> <span class='ocrx_word' id='word_1_40' title='bbox 1208 1052 1344 1107; x_wconf 90' lang='lat' dir='ltr'><strong>duas</strong></span> <span class='ocrx_word' id='word_1_41' title='bbox 1378 1061 1606 1105; x_wconf 86' lang='lat' dir='ltr'><strong>naturas</strong></span> <span class='ocrx_word' id='word_1_42' title='bbox 1657 1066 1829 1104; x_wconf 87' lang='lat' dir='ltr'><strong>unum</strong></span> <span class='ocrx_word' id='word_1_43' title='bbox 1863 1049 2089 1113; x_wconf 87' lang='lat' dir='ltr'><strong>Filium,</strong></span> 
     </span>
    </p>
   </div>
   <div class='ocr_carea' id='block_1_11' title="bbox 504 1143 2090 1209">
    <p class='ocr_par' dir='ltr' id='par_1_11' title="bbox 504 1143 2090 1209">
     <span class='ocr_line' id='line_1_11' title="bbox 504 1143 2090 1209; baseline -0.002 -12"><span class='ocrx_word' id='word_1_44' title='bbox 504 1159 671 1197; x_wconf 87' lang='lat' dir='ltr'><strong>unam</strong></span> <span class='ocrx_word' id='word_1_45' title='bbox 734 1144 1096 1208; x_wconf 88' lang='lat' dir='ltr'><strong>adorandam,</strong></span> <span class='ocrx_word' id='word_1_46' title='bbox 1125 1145 1286 1199; x_wconf 89' lang='lat' dir='ltr'><strong>aliam</strong></span> <span class='ocrx_word' id='word_1_47' title='bbox 1334 1159 1446 1198; x_wconf 90' lang='lat' dir='ltr'><strong>non</strong></span> <span class='ocrx_word' id='word_1_48' title='bbox 1495 1144 1666 1209; x_wconf 83' lang='lat' dir='ltr'><strong>item;</strong></span> <span class='ocrx_word' id='word_1_49' title='bbox 1699 1143 1794 1197; x_wconf 87' lang='lat' dir='ltr'><strong>sed</strong></span> <span class='ocrx_word' id='word_1_50' title='bbox 1846 1158 2010 1196; x_wconf 89' lang='lat' dir='ltr'><strong>unam</strong></span> <span class='ocrx_word' id='word_1_51' title='bbox 2035 1143 2090 1195; x_wconf 90' lang='lat' dir='ltr'><strong>in</strong></span> 
     </span>
    </p>
   </div>
   <div class='ocr_carea' id='block_1_12' title="bbox 503 1235 2091 1312">
    <p class='ocr_par' dir='ltr' id='par_1_12' title="bbox 503 1235 2091 1312">
     <span class='ocr_line' id='line_1_12' title="bbox 503 1235 2091 1312; baseline -0.001 -23"><span class='ocrx_word' id='word_1_52' title='bbox 503 1235 624 1305; x_wconf 89' lang='lat' dir='ltr'><strong>ipso</strong></span> <span class='ocrx_word' id='word_1_53' title='bbox 656 1237 752 1290; x_wconf 80' lang='lat' dir='ltr'><strong>Dei</strong></span> <span class='ocrx_word' id='word_1_54' title='bbox 776 1237 956 1293; x_wconf 76' lang='lat' dir='ltr'><strong>Verbo</strong></span> <span class='ocrx_word' id='word_1_55' title='bbox 992 1246 1247 1291; x_wconf 91' lang='lat' dir='ltr'><strong>naturam</strong></span> <span class='ocrx_word' id='word_1_56' title='bbox 1277 1242 1641 1301; x_wconf 83' lang='lat' dir='ltr'><strong>incarnatam,</strong></span> <span class='ocrx_word' id='word_1_57' title='bbox 1676 1244 1842 1305; x_wconf 91' lang='lat' dir='ltr'><strong>atque</strong></span> <span class='ocrx_word' id='word_1_58' title='bbox 1867 1250 1977 1289; x_wconf 90' lang='lat' dir='ltr'><strong>uno</strong></span> <span class='ocrx_word' id='word_1_59' title='bbox 1997 1250 2091 1312; x_wconf 84' lang='lat' dir='ltr'><strong>eo-</strong></span> 
     </span>
    </p>
   </div>
   <div class='ocr_carea' id='block_1_13' title="bbox 500 1328 2084 1399">
    <p class='ocr_par' dir='ltr' id='par_1_13' title="bbox 500 1328 2084 1399">
     <span class='ocr_line' id='line_1_13' title="bbox 500 1328 2084 1399; baseline -0.003 -17"><span class='ocrx_word' id='word_1_60' title='bbox 500 1328 740 1397; x_wconf 88' lang='lat' dir='ltr'><strong>demque</strong></span> <span class='ocrx_word' id='word_1_61' title='bbox 771 1330 923 1382; x_wconf 89' lang='lat' dir='ltr'><strong>cultu</strong></span> <span class='ocrx_word' id='word_1_62' title='bbox 958 1344 1066 1383; x_wconf 86' lang='lat' dir='ltr'><strong>una</strong></span> <span class='ocrx_word' id='word_1_63' title='bbox 1087 1344 1212 1383; x_wconf 93' lang='lat' dir='ltr'><strong>cum</strong></span> <span class='ocrx_word' id='word_1_64' title='bbox 1239 1330 1353 1399; x_wconf 89' lang='lat' dir='ltr'><strong>ipsa</strong></span> <span class='ocrx_word' id='word_1_65' title='bbox 1385 1344 1548 1384; x_wconf 90' lang='lat' dir='ltr'><strong>carne</strong></span> <span class='ocrx_word' id='word_1_66' title='bbox 1581 1328 2042 1399; x_wconf 86' lang='lat' dir='ltr'><strong>prosequendam.</strong></span> <span class='ocrx_word' id='word_1_67' title='bbox 2065 1345 2084 1378; x_wconf 75' lang='grc' dir='ltr'><strong>ι</strong></span> 
     </span>
    </p>
   </div>
   <div class='ocr_carea' id='block_1_14' title="bbox 498 1419 2090 1489">
    <p class='ocr_par' dir='ltr' id='par_1_14' title="bbox 498 1419 2090 1489">
     <span class='ocr_line' id='line_1_14' title="bbox 498 1419 2090 1489; baseline 0.001 -17"><span class='ocrx_word' id='word_1_68' title='bbox 498 1419 602 1481; x_wconf 87' lang='grc' dir='ltr'>Εη,</span> <span class='ocrx_word' id='word_1_69' title='bbox 661 1420 941 1488; x_wconf 79' lang='lat' dir='ltr'><strong>inquiunt,</strong></span> <span class='ocrx_word' id='word_1_70' title='bbox 994 1431 1185 1489; x_wconf 88' lang='lat' dir='ltr'><strong>aperte</strong></span> <span class='ocrx_word' id='word_1_71' title='bbox 1235 1429 1457 1475; x_wconf 85' lang='lat' dir='ltr'><strong>sanctus</strong></span> <span class='ocrx_word' id='word_1_72' title='bbox 1494 1421 1655 1475; x_wconf 88' lang='lat' dir='ltr'><strong>Pater</strong></span> <span class='ocrx_word' id='word_1_73' title='bbox 1703 1421 1844 1475; x_wconf 90' lang='lat' dir='ltr'><strong>duas</strong></span> <span class='ocrx_word' id='word_1_74' title='bbox 1876 1420 1945 1474; x_wconf 91' lang='lat' dir='ltr'><strong>de</strong></span> <span class='ocrx_word' id='word_1_75' title='bbox 1980 1434 2090 1474; x_wconf 94' lang='lat' dir='ltr'><strong>uno</strong></span> 
     </span>
    </p>
   </div>
   <div class='ocr_carea' id='block_1_15' title="bbox 499 1495 2089 1580">
    <p class='ocr_par' dir='ltr' id='par_1_15' title="bbox 499 1495 2089 1580">
     <span class='ocr_line' id='line_1_15' title="bbox 499 1495 2089 1580; baseline 0.001 -18"><span class='ocrx_word' id='word_1_76' title='bbox 499 1495 639 1563; x_wconf 89' lang='lat' dir='ltr'><strong>Filio</strong></span> <span class='ocrx_word' id='word_1_77' title='bbox 689 1520 919 1564; x_wconf 91' lang='lat' dir='ltr'><strong>naturas</strong></span> <span class='ocrx_word' id='word_1_78' title='bbox 964 1510 1342 1580; x_wconf 70' lang='lat' dir='ltr'><strong>praediéandas</strong></span> <span class='ocrx_word' id='word_1_79' title='bbox 1374 1517 1557 1580; x_wconf 75' lang='lat' dir='ltr'><strong>negat.</strong></span> <span class='ocrx_word' id='word_1_80' title='bbox 1592 1539 1662 1551; x_wconf 93' lang='lat'><strong>—</strong></span> <span class='ocrx_word' id='word_1_81' title='bbox 1693 1511 1897 1565; x_wconf 81' lang='lat' dir='ltr'><strong>Verum</strong></span> <span class='ocrx_word' id='word_1_82' title='bbox 1938 1509 2089 1564; x_wconf 90' lang='lat' dir='ltr'><strong>haud</strong></span> 
     </span>
    </p>
   </div>
   <div class='ocr_carea' id='block_1_16' title="bbox 500 1596 2088 1665">
    <p class='ocr_par' dir='ltr' id='par_1_16' title="bbox 500 1596 2088 1665">
     <span class='ocr_line' id='line_1_16' title="bbox 500 1596 2088 1665; baseline 0.003 -16"><span class='ocrx_word' id='word_1_83' title='bbox 500 1596 799 1663; x_wconf 86' lang='lat' dir='ltr'><strong>inllciatur,</strong></span> <span class='ocrx_word' id='word_1_84' title='bbox 832 1601 1045 1665; x_wconf 88' lang='lat' dir='ltr'><strong>miseri,</strong></span> <span class='ocrx_word' id='word_1_85' title='bbox 1071 1600 1208 1655; x_wconf 88' lang='lat' dir='ltr'><strong>duas</strong></span> <span class='ocrx_word' id='word_1_86' title='bbox 1228 1601 1283 1655; x_wconf 93' lang='lat' dir='ltr'><strong>in</strong></span> <span class='ocrx_word' id='word_1_87' title='bbox 1313 1600 1533 1655; x_wconf 76' lang='lat' dir='ltr'><strong>Christo</strong></span> <span class='ocrx_word' id='word_1_88' title='bbox 1566 1610 1814 1661; x_wconf 89' lang='lat' dir='ltr'><strong>naturas,</strong></span> <span class='ocrx_word' id='word_1_89' title='bbox 1839 1600 1933 1654; x_wconf 85' lang='lat' dir='ltr'><strong>sed</strong></span> <span class='ocrx_word' id='word_1_90' title='bbox 1962 1600 2088 1664; x_wconf 91' lang='lat' dir='ltr'><strong>hoc,</strong></span> 
     </span>
    </p>
   </div>
   <div class='ocr_carea' id='block_1_17' title="bbox 502 1690 2086 1761">
    <p class='ocr_par' dir='ltr' id='par_1_17' title="bbox 502 1690 2086 1761">
     <span class='ocr_line' id='line_1_17' title="bbox 502 1690 2086 1761; baseline 0.001 -19"><span class='ocrx_word' id='word_1_91' title='bbox 502 1704 667 1743; x_wconf 90' lang='lat' dir='ltr'><strong>unam</strong></span> <span class='ocrx_word' id='word_1_92' title='bbox 699 1691 914 1745; x_wconf 79' lang='lat' dir='ltr'><strong>scilicet</strong></span> <span class='ocrx_word' id='word_1_93' title='bbox 966 1691 1022 1745; x_wconf 89' lang='lat' dir='ltr'><strong>in</strong></span> <span class='ocrx_word' id='word_1_94' title='bbox 1068 1692 1188 1761; x_wconf 91' lang='lat' dir='ltr'><strong>ipso</strong></span> <span class='ocrx_word' id='word_1_95' title='bbox 1216 1700 1473 1746; x_wconf 89' lang='lat' dir='ltr'><strong>naturam</strong></span> <span class='ocrx_word' id='word_1_96' title='bbox 1525 1690 1883 1757; x_wconf 78' lang='lat' dir='ltr'><strong>adorandam,</strong></span> <span class='ocrx_word' id='word_1_97' title='bbox 1922 1691 2086 1744; x_wconf 90' lang='lat' dir='ltr'><strong>aliam</strong></span> 
     </span>
    </p>
   </div>
   <div class='ocr_carea' id='block_1_18' title="bbox 502 1782 2090 1855">
    <p class='ocr_par' dir='ltr' id='par_1_18' title="bbox 502 1782 2090 1855">
     <span class='ocr_line' id='line_1_18' title="bbox 502 1782 2090 1855; baseline 0.003 -21"><span class='ocrx_word' id='word_1_98' title='bbox 502 1797 611 1835; x_wconf 87' lang='lat' dir='ltr'><strong>non</strong></span> <span class='ocrx_word' id='word_1_99' title='bbox 655 1782 818 1849; x_wconf 89' lang='lat' dir='ltr'><strong>item;</strong></span> <span class='ocrx_word' id='word_1_100' title='bbox 853 1800 1031 1853; x_wconf 85' lang='lat' dir='ltr'><strong>neque</strong></span> <span class='ocrx_word' id='word_1_101' title='bbox 1081 1793 1374 1853; x_wconf 82' lang='lat' dir='ltr'><strong>propterea</strong></span> <span class='ocrx_word' id='word_1_102' title='bbox 1422 1784 1630 1849; x_wconf 86' lang='lat' dir='ltr'><strong>subdit,</strong></span> <span class='ocrx_word' id='word_1_103' title='bbox 1662 1801 1766 1847; x_wconf 84' lang='lat' dir='ltr'><strong>uno</strong></span> <span class='ocrx_word' id='word_1_104' title='bbox 1806 1785 2090 1855; x_wconf 82' lang='lat' dir='ltr'><strong>eodemque</strong></span> 
     </span>
    </p>
   </div>
   <div class='ocr_carea' id='block_1_19' title="bbox 2194 616 3212 682">
    <p class='ocr_par' dir='ltr' id='par_1_19' title="bbox 2194 616 3212 682">
     <span class='ocr_line' id='line_1_19' title="bbox 2194 616 3212 682; baseline 0.004 -11"><span class='ocrx_word' id='word_1_105' title='bbox 2194 616 2333 671; x_wconf 84' lang='grc' dir='ltr'><strong>Θεοῦ</strong></span> <span class='ocrx_word' id='word_1_106' title='bbox 2357 618 2559 682; x_wconf 86' lang='grc' dir='ltr'>λαλῶν,</span> <span class='ocrx_word' id='word_1_107' title='bbox 2598 618 2790 672; x_wconf 78' lang='grc' dir='ltr'>παθεῖν</span> <span class='ocrx_word' id='word_1_108' title='bbox 2822 619 3212 675; x_wconf 81' lang='grc' dir='ltr'><strong>ὑποπτεύεται.</strong></span> 
     </span>
    </p>
   </div>
   <div class='ocr_carea' id='block_1_20' title="bbox 2577 747 3401 817">
    <p class='ocr_par' dir='ltr' id='par_1_20' title="bbox 2577 747 3401 817">
     <span class='ocr_line' id='line_1_20' title="bbox 2577 747 3401 817; baseline 0.006 -16"><span class='ocrx_word' id='word_1_109' title='bbox 2577 747 2687 802; x_wconf 85' lang='grc' dir='ltr'><em>Τοῦ</em></span> <span class='ocrx_word' id='word_1_110' title='bbox 2712 747 2983 817; x_wconf 78' lang='grc' dir='ltr'><strong>μεγάλου</strong></span> <span class='ocrx_word' id='word_1_111' title='bbox 3025 749 3401 809; x_wconf 77' lang='grc' dir='ltr'>Ἀθανασίου.</span> 
     </span>
    </p>
   </div>
   <div class='ocr_carea' id='block_1_21' title="bbox 2269 855 3773 927">
    <p class='ocr_par' dir='ltr' id='par_1_21' title="bbox 2269 855 3773 927">
     <span class='ocr_line' id='line_1_21' title="bbox 2269 855 3773 927; baseline 0.01 -16"><span class='ocrx_word' id='word_1_112' title='bbox 2269 877 2288 911; x_wconf 75' lang='grc' dir='ltr'><strong>ι</strong></span> <span class='ocrx_word' id='word_1_113' title='bbox 2341 857 2747 927; x_wconf 79' lang='grc' dir='ltr'>Ὀμολογοῦμεν</span> <span class='ocrx_word' id='word_1_114' title='bbox 2786 858 2882 913; x_wconf 79' lang='grc' dir='ltr'><strong>καὶ</strong></span> <span class='ocrx_word' id='word_1_115' title='bbox 2937 855 3077 913; x_wconf 77' lang='grc' dir='ltr'>εἶναι</span> <span class='ocrx_word' id='word_1_116' title='bbox 3120 862 3283 915; x_wconf 83' lang='grc' dir='ltr'>αὐτὸν</span> <span class='ocrx_word' id='word_1_117' title='bbox 3333 862 3466 920; x_wconf 79' lang='grc' dir='ltr'>Υἰδν</span> <span class='ocrx_word' id='word_1_118' title='bbox 3510 866 3606 921; x_wconf 80' lang='grc' dir='ltr'><strong>τοῦ</strong></span> <span class='ocrx_word' id='word_1_119' title='bbox 3647 869 3773 925; x_wconf 84' lang='grc' dir='ltr'><strong>Θεοῦ</strong></span> 
     </span>
    </p>
   </div>
   <div class='ocr_carea' id='block_1_22' title="bbox 2194 950 3770 1031">
    <p class='ocr_par' dir='ltr' id='par_1_22' title="bbox 2194 950 3770 1031">
     <span class='ocr_line' id='line_1_22' title="bbox 2194 950 3770 1031; baseline 0.006 -26"><span class='ocrx_word' id='word_1_120' title='bbox 2194 950 2289 1005; x_wconf 72' lang='grc' dir='ltr'><strong>καὶ</strong></span> <span class='ocrx_word' id='word_1_121' title='bbox 2312 950 2445 1002; x_wconf 82' lang='grc' dir='ltr'><strong>Θεὸν</strong></span> <span class='ocrx_word' id='word_1_122' title='bbox 2475 950 2617 1002; x_wconf 74' lang='grc' dir='ltr'>κατὰ</span> <span class='ocrx_word' id='word_1_123' title='bbox 2644 950 2891 1020; x_wconf 81' lang='grc' dir='ltr'><strong>Πνεῦμα,</strong></span> <span class='ocrx_word' id='word_1_124' title='bbox 2926 951 3056 1005; x_wconf 71' lang='grc' dir='ltr'>Υίὸν</span> <span class='ocrx_word' id='word_1_125' title='bbox 3084 953 3375 1025; x_wconf 80' lang='grc' dir='ltr'>ἀνθρώπου</span> <span class='ocrx_word' id='word_1_126' title='bbox 3407 959 3553 1011; x_wconf 82' lang='grc' dir='ltr'>κατὰ</span> <span class='ocrx_word' id='word_1_127' title='bbox 3578 963 3770 1031; x_wconf 80' lang='grc' dir='ltr'><strong>σάρκα·</strong></span> 
     </span>
    </p>
   </div>
   <div class='ocr_carea' id='block_1_23' title="bbox 2193 1040 3770 1122">
    <p class='ocr_par' dir='ltr' id='par_1_23' title="bbox 2193 1040 3770 1122">
     <span class='ocr_line' id='line_1_23' title="bbox 2193 1040 3770 1122; baseline 0.007 -27"><span class='ocrx_word' id='word_1_128' title='bbox 2193 1041 2317 1095; x_wconf 80' lang='grc' dir='ltr'>οὐδὲ</span> <span class='ocrx_word' id='word_1_129' title='bbox 2342 1042 2435 1094; x_wconf 87' lang='grc' dir='ltr'><strong>δύο</strong></span> <span class='ocrx_word' id='word_1_130' title='bbox 2469 1040 2660 1111; x_wconf 79' lang='grc' dir='ltr'>φύσεις</span> <span class='ocrx_word' id='word_1_131' title='bbox 2687 1041 2779 1094; x_wconf 80' lang='grc' dir='ltr'>τὸν</span> <span class='ocrx_word' id='word_1_132' title='bbox 2811 1042 2907 1097; x_wconf 74' lang='grc' dir='ltr'>ἕνα</span> <span class='ocrx_word' id='word_1_133' title='bbox 2941 1043 3092 1109; x_wconf 85' lang='grc' dir='ltr'>Υἰὸν,</span> <span class='ocrx_word' id='word_1_134' title='bbox 3117 1047 3246 1116; x_wconf 89' lang='grc' dir='ltr'>μίαν</span> <span class='ocrx_word' id='word_1_135' title='bbox 3269 1054 3660 1122; x_wconf 75' lang='grc' dir='ltr'>προσκυνητὴν</span> <span class='ocrx_word' id='word_1_136' title='bbox 3685 1054 3770 1108; x_wconf 82' lang='grc' dir='ltr'><strong>καὶ</strong></span> 
     </span>
    </p>
   </div>
   <div class='ocr_carea' id='block_1_24' title="bbox 2198 1134 3770 1209">
    <p class='ocr_par' dir='ltr' id='par_1_24' title="bbox 2198 1134 3770 1209">
     <span class='ocr_line' id='line_1_24' title="bbox 2198 1134 3770 1209; baseline 0.01 -23"><span class='ocrx_word' id='word_1_137' title='bbox 2198 1134 2330 1204; x_wconf 87' lang='grc' dir='ltr'>μίαν</span> <span class='ocrx_word' id='word_1_138' title='bbox 2364 1134 2806 1203; x_wconf 81' lang='grc' dir='ltr'>ἀπροσκύνητον,</span> <span class='ocrx_word' id='word_1_139' title='bbox 2838 1136 2975 1190; x_wconf 86' lang='grc' dir='ltr'>ἀλλὰ</span> <span class='ocrx_word' id='word_1_140' title='bbox 3007 1138 3136 1207; x_wconf 89' lang='grc' dir='ltr'>μίαν</span> <span class='ocrx_word' id='word_1_141' title='bbox 3174 1141 3337 1209; x_wconf 81' lang='grc' dir='ltr'>φύσιν</span> <span class='ocrx_word' id='word_1_142' title='bbox 3386 1142 3483 1198; x_wconf 80' lang='grc' dir='ltr'>τοῦ</span> <span class='ocrx_word' id='word_1_143' title='bbox 3510 1144 3646 1200; x_wconf 80' lang='grc' dir='ltr'><strong>Θεοῦ</strong></span> <span class='ocrx_word' id='word_1_144' title='bbox 3672 1149 3770 1203; x_wconf 83' lang='lat' dir='ltr'><strong>A6-</strong></span> 
     </span>
    </p>
   </div>
   <div class='ocr_carea' id='block_1_25' title="bbox 2193 1230 3769 1309">
    <p class='ocr_par' dir='ltr' id='par_1_25' title="bbox 2193 1230 3769 1309">
     <span class='ocr_line' id='line_1_25' title="bbox 2193 1230 3769 1309; baseline 0.01 -31"><span class='ocrx_word' id='word_1_145' title='bbox 2193 1243 2291 1294; x_wconf 89' lang='grc' dir='ltr'><strong>γου</strong></span> <span class='ocrx_word' id='word_1_146' title='bbox 2322 1230 2796 1297; x_wconf 75' lang='grc' dir='ltr'>σεσαρκωμένην</span> <span class='ocrx_word' id='word_1_147' title='bbox 2838 1231 2934 1284; x_wconf 71' lang='grc' dir='ltr'><strong>καὶ</strong></span> <span class='ocrx_word' id='word_1_148' title='bbox 2972 1235 3460 1305; x_wconf 77' lang='grc' dir='ltr'><strong>προσκυνουμένην</strong></span> <span class='ocrx_word' id='word_1_149' title='bbox 3506 1239 3645 1307; x_wconf 75' lang='grc' dir='ltr'>μετὰ</span> <span class='ocrx_word' id='word_1_150' title='bbox 3677 1239 3769 1309; x_wconf 84' lang='grc' dir='ltr'>τῆς</span> 
     </span>
    </p>
   </div>
   <div class='ocr_carea' id='block_1_26' title="bbox 2194 1316 3769 1401">
    <p class='ocr_par' dir='ltr' id='par_1_26' title="bbox 2194 1316 3769 1401">
     <span class='ocr_line' id='line_1_26' title="bbox 2194 1316 3769 1401; baseline 0.009 -32"><span class='ocrx_word' id='word_1_151' title='bbox 2194 1316 2396 1385; x_wconf 77' lang='grc' dir='ltr'>σαρκὸς</span> <span class='ocrx_word' id='word_1_152' title='bbox 2430 1318 2597 1371; x_wconf 81' lang='grc' dir='ltr'>αὑτοῦ</span> <span class='ocrx_word' id='word_1_153' title='bbox 2629 1320 2726 1389; x_wconf 82' lang='grc' dir='ltr'>μιᾷ</span> <span class='ocrx_word' id='word_1_154' title='bbox 2775 1322 3170 1391; x_wconf 60' lang='grc' dir='ltr'>προσκυνήσει.</span> <span class='ocrx_word' id='word_1_155' title='bbox 3210 1341 3229 1375; x_wconf 76' lang='grc' dir='ltr'><strong>ι</strong></span> <span class='ocrx_word' id='word_1_156' title='bbox 3279 1325 3446 1391; x_wconf 78' lang='grc' dir='ltr'>Ἰδοὺ,</span> <span class='ocrx_word' id='word_1_157' title='bbox 3478 1330 3636 1396; x_wconf 77' lang='grc' dir='ltr'>φασὶ,</span> <span class='ocrx_word' id='word_1_158' title='bbox 3677 1330 3769 1401; x_wconf 76' lang='grc' dir='ltr'><strong>τὴν</strong></span> 
     </span>
    </p>
   </div>
   <div class='ocr_carea' id='block_1_27' title="bbox 2190 1409 3764 1489">
    <p class='ocr_par' dir='ltr' id='par_1_27' title="bbox 2190 1409 3764 1489">
     <span class='ocr_line' id='line_1_27' title="bbox 2190 1409 3764 1489; baseline 0.008 -27"><span class='ocrx_word' id='word_1_159' title='bbox 2190 1409 2360 1463; x_wconf 83' lang='grc' dir='ltr'><strong>δυάδα</strong></span> <span class='ocrx_word' id='word_1_160' title='bbox 2392 1409 2580 1478; x_wconf 81' lang='grc' dir='ltr'>σαφῶς</span> <span class='ocrx_word' id='word_1_161' title='bbox 2624 1412 2843 1482; x_wconf 82' lang='grc' dir='ltr'>ἀναιρεῖ</span> <span class='ocrx_word' id='word_1_162' title='bbox 2870 1412 2977 1466; x_wconf 82' lang='grc' dir='ltr'><strong>τῶν</strong></span> <span class='ocrx_word' id='word_1_163' title='bbox 3004 1416 3221 1483; x_wconf 86' lang='grc' dir='ltr'>φύσεων</span> <span class='ocrx_word' id='word_1_164' title='bbox 3252 1417 3281 1469; x_wconf 98' lang='lat'><strong>6</strong></span> <span class='ocrx_word' id='word_1_165' title='bbox 3324 1419 3513 1489; x_wconf 77' lang='grc' dir='ltr'>Πατὴρ</span> <span class='ocrx_word' id='word_1_166' title='bbox 3546 1421 3640 1474; x_wconf 74' lang='grc' dir='ltr'>ἐπὶ</span> <span class='ocrx_word' id='word_1_167' title='bbox 3679 1421 3764 1475; x_wconf 81' lang='grc' dir='ltr'><strong>τοῦ</strong></span> 
     </span>
    </p>
   </div>
   <div class='ocr_carea' id='block_1_28' title="bbox 2191 1500 3766 1579">
    <p class='ocr_par' dir='ltr' id='par_1_28' title="bbox 2191 1500 3766 1579">
     <span class='ocr_line' id='line_1_28' title="bbox 2191 1500 3766 1579; baseline 0.008 -25"><span class='ocrx_word' id='word_1_168' title='bbox 2191 1500 2311 1565; x_wconf 79' lang='grc' dir='ltr'>ἑνὸς</span> <span class='ocrx_word' id='word_1_169' title='bbox 2332 1501 2486 1556; x_wconf 80' lang='grc' dir='ltr'>Υίοΰ.</span> <span class='ocrx_word' id='word_1_170' title='bbox 2515 1532 2584 1543; x_wconf 89' lang='grc'><strong><em>-</em></strong></span> <span class='ocrx_word' id='word_1_171' title='bbox 2617 1504 2759 1556; x_wconf 82' lang='grc' dir='ltr'>Ἀλλ’</span> <span class='ocrx_word' id='word_1_172' title='bbox 2778 1506 2839 1558; x_wconf 81' lang='grc' dir='ltr'>οὐ</span> <span class='ocrx_word' id='word_1_173' title='bbox 2869 1507 2969 1571; x_wconf 74' lang='grc' dir='ltr'>τὰς</span> <span class='ocrx_word' id='word_1_174' title='bbox 3001 1506 3095 1561; x_wconf 83' lang='grc' dir='ltr'><strong>δύο</strong></span> <span class='ocrx_word' id='word_1_175' title='bbox 3116 1509 3332 1578; x_wconf 83' lang='grc' dir='ltr'>φύσεις.</span> <span class='ocrx_word' id='word_1_176' title='bbox 3367 1504 3412 1563; x_wconf 81' lang='grc' dir='ltr'><strong>ὦ</strong></span> <span class='ocrx_word' id='word_1_177' title='bbox 3434 1506 3603 1579; x_wconf 74' lang='grc' dir='ltr'>οὗτοι,</span> <span class='ocrx_word' id='word_1_178' title='bbox 3631 1516 3766 1568; x_wconf 84' lang='grc' dir='ltr'><strong>ἀνεῖ-</strong></span> 
     </span>
    </p>
   </div>
   <div class='ocr_carea' id='block_1_29' title="bbox 2191 1591 3765 1680">
    <p class='ocr_par' dir='ltr' id='par_1_29' title="bbox 2191 1591 3765 1680">
     <span class='ocr_line' id='line_1_29' title="bbox 2191 1591 3765 1680; baseline 0.011 -37"><span class='ocrx_word' id='word_1_179' title='bbox 2191 1591 2302 1658; x_wconf 89' lang='grc' dir='ltr'><strong>λεν,</strong></span> <span class='ocrx_word' id='word_1_180' title='bbox 2344 1592 2480 1647; x_wconf 82' lang='grc' dir='ltr'><strong>ἀλλὰ</strong></span> <span class='ocrx_word' id='word_1_181' title='bbox 2508 1594 2566 1647; x_wconf 88' lang='grc' dir='ltr'><strong>τὸ</strong></span> <span class='ocrx_word' id='word_1_182' title='bbox 2593 1596 2667 1667; x_wconf 69' lang='grc' dir='ltr'>μὴ</span> <span class='ocrx_word' id='word_1_183' title='bbox 2698 1596 2932 1670; x_wconf 82' lang='grc' dir='ltr'>θατέραν</span> <span class='ocrx_word' id='word_1_184' title='bbox 2964 1600 3062 1669; x_wconf 81' lang='grc' dir='ltr'>μὲν</span> <span class='ocrx_word' id='word_1_185' title='bbox 3097 1597 3239 1655; x_wconf 82' lang='grc' dir='ltr'>εἶναι</span> <span class='ocrx_word' id='word_1_186' title='bbox 3267 1604 3375 1680; x_wconf 80' lang='grc' dir='ltr'><strong>τῶν</strong></span> <span class='ocrx_word' id='word_1_187' title='bbox 3421 1604 3516 1660; x_wconf 87' lang='grc' dir='ltr'><strong>δύο</strong></span> <span class='ocrx_word' id='word_1_188' title='bbox 3558 1606 3765 1675; x_wconf 77' lang='grc' dir='ltr'><strong>φύσεων</strong></span> 
     </span>
    </p>
   </div>
   <div class='ocr_carea' id='block_1_30' title="bbox 2192 1686 3764 1771">
    <p class='ocr_par' dir='ltr' id='par_1_30' title="bbox 2192 1686 3764 1771">
     <span class='ocr_line' id='line_1_30' title="bbox 2192 1686 3764 1771; baseline 0.012 -37"><span class='ocrx_word' id='word_1_189' title='bbox 2192 1686 2577 1771; x_wconf 80' lang='grc' dir='ltr'>προσκυνητὴν</span> <span class='ocrx_word' id='word_1_190' title='bbox 2607 1689 2664 1741; x_wconf 73' lang='grc' dir='ltr'><strong>ἐν</strong></span> <span class='ocrx_word' id='word_1_191' title='bbox 2692 1689 2767 1759; x_wconf 83' lang='grc' dir='ltr'><strong>τῷ</strong></span> <span class='ocrx_word' id='word_1_192' title='bbox 2802 1690 2937 1761; x_wconf 56' lang='lat' dir='ltr'><strong>regi,</strong></span> <span class='ocrx_word' id='word_1_193' title='bbox 2972 1692 3208 1763; x_wconf 87' lang='grc' dir='ltr'>θατέραν</span> <span class='ocrx_word' id='word_1_194' title='bbox 3254 1696 3311 1750; x_wconf 85' lang='grc' dir='ltr'><strong>δὲ</strong></span> <span class='ocrx_word' id='word_1_195' title='bbox 3359 1698 3764 1771; x_wconf 80' lang='grc' dir='ltr'>ἀπροσκύνητον</span> 
     </span>
    </p>
   </div>
   <div class='ocr_carea' id='block_1_31' title="bbox 2190 1770 3763 1862">
    <p class='ocr_par' dir='ltr' id='par_1_31' title="bbox 2190 1770 3763 1862">
     <span class='ocr_line' id='line_1_31' title="bbox 2190 1770 3763 1862; baseline 0.012 -35"><span class='ocrx_word' id='word_1_196' title='bbox 2190 1770 2255 1828; x_wconf 55' lang='grc' dir='ltr'><strong>ιν</strong></span> <span class='ocrx_word' id='word_1_197' title='bbox 2276 1778 2445 1848; x_wconf 79' lang='grc' dir='ltr'>αὐτῷ’</span> <span class='ocrx_word' id='word_1_198' title='bbox 2476 1779 2564 1833; x_wconf 84' lang='grc' dir='ltr'>διὰ</span> <span class='ocrx_word' id='word_1_199' title='bbox 2589 1781 2697 1853; x_wconf 83' lang='grc' dir='ltr'><strong>γάρ</strong></span> <span class='ocrx_word' id='word_1_200' title='bbox 2726 1801 2807 1837; x_wconf 90' lang='grc' dir='ltr'><strong>τοι</strong></span> <span class='ocrx_word' id='word_1_201' title='bbox 2834 1784 2953 1838; x_wconf 86' lang='grc' dir='ltr'>τόδε</span> <span class='ocrx_word' id='word_1_202' title='bbox 2979 1789 3076 1839; x_wconf 73' lang='grc' dir='ltr'><strong>καὶ</strong></span> <span class='ocrx_word' id='word_1_203' title='bbox 3105 1789 3406 1858; x_wconf 77' lang='grc' dir='ltr'>ἐπήγαγεν,</span> <span class='ocrx_word' id='word_1_204' title='bbox 3424 1791 3506 1844; x_wconf 84' lang='grc' dir='ltr'>ὅτι</span> <span class='ocrx_word' id='word_1_205' title='bbox 3550 1790 3763 1862; x_wconf 73' lang='grc' dir='ltr'>Ἐνμιᾷ</span> 
     </span>
    </p>
   </div>
   <div class='ocr_carea' id='block_1_32' title="bbox 498 1869 2090 1952">
    <p class='ocr_par' dir='ltr' id='par_1_32' title="bbox 498 1876 2089 1947">
     <span class='ocr_line' id='line_1_32' title="bbox 498 1876 2089 1947; baseline 0.001 -19"><span class='ocrx_word' id='word_1_206' title='bbox 498 1878 647 1929; x_wconf 81' lang='lat' dir='ltr'><strong>cultu</strong></span> <span class='ocrx_word' id='word_1_207' title='bbox 680 1878 836 1929; x_wconf 81' lang='lat' dir='ltr'><strong>unius</strong></span> <span class='ocrx_word' id='word_1_208' title='bbox 861 1876 999 1940; x_wconf 81' lang='lat' dir='ltr'><strong>Filii,</strong></span> <span class='ocrx_word' id='word_1_209' title='bbox 1039 1887 1399 1941; x_wconf 69' lang='lat' dir='ltr'><strong>nounaturze,</strong></span> <span class='ocrx_word' id='word_1_210' title='bbox 1453 1877 1892 1947; x_wconf 76' lang='lat' dir='ltr'><strong>prosequendum.</strong></span> <span class='ocrx_word' id='word_1_211' title='bbox 1928 1877 2089 1932; x_wconf 88' lang='lat' dir='ltr'><strong>Acci-</strong></span> 
     </span>
    </p>
   </div>
   <div class='ocr_carea' id='block_1_33' title="bbox 2196 1869 3760 1952">
    <p class='ocr_par' dir='ltr' id='par_1_33' title="bbox 2196 1869 3760 1952">
     <span class='ocr_line' id='line_1_33' title="bbox 2196 1869 3760 1952; baseline 0.01 -31"><span class='ocrx_word' id='word_1_212' title='bbox 2196 1870 2290 1923; x_wconf 76' lang='grc' dir='ltr'><strong>καὶ</strong></span> <span class='ocrx_word' id='word_1_213' title='bbox 2322 1869 2481 1940; x_wconf 79' lang='grc' dir='ltr'><strong>αὐτῇ</strong></span> <span class='ocrx_word' id='word_1_214' title='bbox 2501 1875 2920 1941; x_wconf 76' lang='grc' dir='ltr'><strong>προσκυνήσει</strong></span> <span class='ocrx_word' id='word_1_215' title='bbox 2949 1877 3055 1931; x_wconf 85' lang='grc' dir='ltr'><strong>τοῦ</strong></span> <span class='ocrx_word' id='word_1_216' title='bbox 3081 1879 3220 1943; x_wconf 82' lang='grc' dir='ltr'>ἐνὸς</span> <span class='ocrx_word' id='word_1_217' title='bbox 3255 1879 3413 1944; x_wconf 76' lang='grc' dir='ltr'>Υίοῦ,</span> <span class='ocrx_word' id='word_1_218' title='bbox 3441 1883 3502 1935; x_wconf 76' lang='grc' dir='ltr'>οὐ</span> <span class='ocrx_word' id='word_1_219' title='bbox 3534 1882 3760 1952; x_wconf 83' lang='grc' dir='ltr'>φύσεως,</span> 
     </span>
    </p>
   </div>
   <div class='ocr_carea' id='block_1_34' title="bbox 501 1966 2089 2038">
    <p class='ocr_par' dir='ltr' id='par_1_34' title="bbox 501 1966 2089 2038">
     <span class='ocr_line' id='line_1_34' title="bbox 501 1966 2089 2038; baseline 0.001 -16"><span class='ocrx_word' id='word_1_220' title='bbox 501 1966 587 2022; x_wconf 89' lang='lat' dir='ltr'><strong>dit</strong></span> <span class='ocrx_word' id='word_1_221' title='bbox 622 1968 769 2021; x_wconf 87' lang='lat' dir='ltr'><strong>enim</strong></span> <span class='ocrx_word' id='word_1_222' title='bbox 804 1983 902 2037; x_wconf 90' lang='lat' dir='ltr'><strong>per</strong></span> <span class='ocrx_word' id='word_1_223' title='bbox 938 1969 1393 2023; x_wconf 89' lang='lat' dir='ltr'><strong>universaliorem</strong></span> <span class='ocrx_word' id='word_1_224' title='bbox 1436 1970 1593 2038; x_wconf 89' lang='lat' dir='ltr'><strong>quasi</strong></span> <span class='ocrx_word' id='word_1_225' title='bbox 1624 1968 1915 2038; x_wconf 86' lang='lat' dir='ltr'><strong>quamdam</strong></span> <span class='ocrx_word' id='word_1_226' title='bbox 1948 1969 2089 2023; x_wconf 90' lang='lat' dir='ltr'><strong>inte-</strong></span> 
     </span>
    </p>
   </div>
   <div class='ocr_carea' id='block_1_35' title="bbox 500 2060 2089 2131">
    <p class='ocr_par' dir='ltr' id='par_1_35' title="bbox 500 2060 2089 2131">
     <span class='ocr_line' id='line_1_35' title="bbox 500 2060 2089 2131; baseline 0.001 -20"><span class='ocrx_word' id='word_1_227' title='bbox 500 2077 651 2131; x_wconf 76' lang='lat' dir='ltr'><strong>gram</strong></span> <span class='ocrx_word' id='word_1_228' title='bbox 695 2075 1008 2131; x_wconf 83' lang='lat' dir='ltr'><strong>personam,</strong></span> <span class='ocrx_word' id='word_1_229' title='bbox 1049 2068 1122 2113; x_wconf 81' lang='lat' dir='ltr'><strong>ut</strong></span> <span class='ocrx_word' id='word_1_230' title='bbox 1154 2060 1327 2130; x_wconf 89' lang='lat' dir='ltr'><strong>ipsius</strong></span> <span class='ocrx_word' id='word_1_231' title='bbox 1362 2070 1566 2129; x_wconf 84' lang='lat' dir='ltr'><strong>partes,</strong></span> <span class='ocrx_word' id='word_1_232' title='bbox 1611 2060 1695 2114; x_wconf 79' lang='lat' dir='ltr'><strong>hae</strong></span> <span class='ocrx_word' id='word_1_233' title='bbox 1738 2060 1952 2115; x_wconf 86' lang='lat' dir='ltr'><strong>scilicet</strong></span> <span class='ocrx_word' id='word_1_234' title='bbox 1989 2074 2089 2113; x_wconf 88' lang='lat' dir='ltr'><strong>na—</strong></span> 
     </span>
    </p>
   </div>
   <div class='ocr_carea' id='block_1_36' title="bbox 502 2146 2085 2219">
    <p class='ocr_par' dir='ltr' id='par_1_36' title="bbox 502 2146 2085 2219">
     <span class='ocr_line' id='line_1_36' title="bbox 502 2146 2085 2219; baseline 0.001 -17"><span class='ocrx_word' id='word_1_235' title='bbox 502 2146 639 2205; x_wconf 66' lang='lat' dir='ltr'><strong>tura).</strong></span> <span class='ocrx_word' id='word_1_236' title='bbox 673 2151 834 2204; x_wconf 91' lang='lat' dir='ltr'><strong>simul</strong></span> <span class='ocrx_word' id='word_1_237' title='bbox 881 2150 1216 2215; x_wconf 86' lang='lat' dir='ltr'><strong>adorentur;</strong></span> <span class='ocrx_word' id='word_1_238' title='bbox 1273 2149 1479 2219; x_wconf 81' lang='lat' dir='ltr'><strong>quippe</strong></span> <span class='ocrx_word' id='word_1_239' title='bbox 1521 2164 1647 2204; x_wconf 90' lang='lat' dir='ltr'><strong>cum</strong></span> <span class='ocrx_word' id='word_1_240' title='bbox 1679 2150 1732 2203; x_wconf 91' lang='lat' dir='ltr'><strong>in</strong></span> <span class='ocrx_word' id='word_1_241' title='bbox 1754 2150 1949 2204; x_wconf 90' lang='lat' dir='ltr'><strong>eodem</strong></span> <span class='ocrx_word' id='word_1_242' title='bbox 1991 2150 2085 2219; x_wconf 92' lang='lat' dir='ltr'><strong>qui</strong></span> 
     </span>
    </p>
   </div>
   <div class='ocr_carea' id='block_1_37' title="bbox 499 2240 2089 2306">
    <p class='ocr_par' dir='ltr' id='par_1_37' title="bbox 499 2240 2089 2306">
     <span class='ocr_line' id='line_1_37' title="bbox 499 2240 2089 2306; baseline -0.001 -11"><span class='ocrx_word' id='word_1_243' title='bbox 499 2243 723 2306; x_wconf 84' lang='lat' dir='ltr'><strong>colitur,</strong></span> <span class='ocrx_word' id='word_1_244' title='bbox 757 2242 897 2296; x_wconf 85' lang='lat' dir='ltr'><strong>Filio</strong></span> <span class='ocrx_word' id='word_1_245' title='bbox 934 2242 1193 2297; x_wconf 85' lang='lat' dir='ltr'><strong>similiter</strong></span> <span class='ocrx_word' id='word_1_246' title='bbox 1219 2242 1393 2296; x_wconf 68' lang='lat' dir='ltr'><strong>ambae</strong></span> <span class='ocrx_word' id='word_1_247' title='bbox 1415 2240 1832 2296; x_wconf 84' lang='lat' dir='ltr'><strong>contineantur.</strong></span> <span class='ocrx_word' id='word_1_248' title='bbox 1863 2240 1968 2295; x_wconf 86' lang='lat' dir='ltr'><strong>Vos</strong></span> <span class='ocrx_word' id='word_1_249' title='bbox 1990 2255 2089 2294; x_wconf 87' lang='lat' dir='ltr'><strong>au-</strong></span> 
     </span>
    </p>
   </div>
   <div class='ocr_carea' id='block_1_38' title="bbox 501 2331 2090 2409">
    <p class='ocr_par' dir='ltr' id='par_1_38' title="bbox 501 2331 2090 2409">
     <span class='ocr_line' id='line_1_38' title="bbox 501 2331 2090 2409; baseline 0.001 -23"><span class='ocrx_word' id='word_1_250' title='bbox 501 2339 609 2386; x_wconf 91' lang='lat' dir='ltr'><strong>tem</strong></span> <span class='ocrx_word' id='word_1_251' title='bbox 630 2334 903 2388; x_wconf 88' lang='lat' dir='ltr'><strong>malitiose</strong></span> <span class='ocrx_word' id='word_1_252' title='bbox 923 2333 1086 2387; x_wconf 87' lang='lat' dir='ltr'><strong>verba</strong></span> <span class='ocrx_word' id='word_1_253' title='bbox 1105 2333 1222 2387; x_wconf 81' lang='lat' dir='ltr'><strong>haec</strong></span> <span class='ocrx_word' id='word_1_254' title='bbox 1246 2349 1412 2386; x_wconf 82' lang='lat' dir='ltr'><strong>unum</strong></span> <span class='ocrx_word' id='word_1_255' title='bbox 1433 2331 1625 2386; x_wconf 82' lang='lat' dir='ltr'><strong>Filium</strong></span> <span class='ocrx_word' id='word_1_256' title='bbox 1646 2331 2090 2409; x_wconf 79' lang='lat' dir='ltr'><strong>interpunctione</strong></span> 
     </span>
    </p>
   </div>
   <div class='ocr_carea' id='block_1_39' title="bbox 501 2420 2085 2492">
    <p class='ocr_par' dir='ltr' id='par_1_39' title="bbox 501 2420 2085 2492">
     <span class='ocr_line' id='line_1_39' title="bbox 501 2420 2085 2492; baseline -0.002 -14"><span class='ocrx_word' id='word_1_257' title='bbox 501 2424 798 2492; x_wconf 89' lang='lat' dir='ltr'><strong>completa,</strong></span> <span class='ocrx_word' id='word_1_258' title='bbox 828 2440 962 2487; x_wconf 89' lang='lat' dir='ltr'><strong>non,</strong></span> <span class='ocrx_word' id='word_1_259' title='bbox 1001 2432 1062 2478; x_wconf 93' lang='lat' dir='ltr'><strong>ut</strong></span> <span class='ocrx_word' id='word_1_260' title='bbox 1094 2439 1216 2486; x_wconf 87' lang='lat' dir='ltr'><strong>nos,</strong></span> <span class='ocrx_word' id='word_1_261' title='bbox 1247 2423 1487 2491; x_wconf 88' lang='lat' dir='ltr'><strong>simplici</strong></span> <span class='ocrx_word' id='word_1_262' title='bbox 1527 2430 1797 2476; x_wconf 89' lang='lat' dir='ltr'><strong>commate</strong></span> <span class='ocrx_word' id='word_1_263' title='bbox 1846 2420 2085 2487; x_wconf 89' lang='lat' dir='ltr'><strong>notatis;</strong></span> 
     </span>
    </p>
   </div>
   <div class='ocr_carea' id='block_1_40' title="bbox 501 2514 2088 2585">
    <p class='ocr_par' dir='ltr' id='par_1_40' title="bbox 501 2514 2088 2585">
     <span class='ocr_line' id='line_1_40' title="bbox 501 2514 2088 2585; baseline 0.001 -17"><span class='ocrx_word' id='word_1_264' title='bbox 501 2524 667 2585; x_wconf 89' lang='lat' dir='ltr'><strong>atque</strong></span> <span class='ocrx_word' id='word_1_265' title='bbox 702 2515 777 2569; x_wconf 92' lang='lat' dir='ltr'><strong>ita</strong></span> <span class='ocrx_word' id='word_1_266' title='bbox 812 2531 1037 2570; x_wconf 80' lang='lat' dir='ltr'><strong>sensum</strong></span> <span class='ocrx_word' id='word_1_267' title='bbox 1068 2515 1341 2578; x_wconf 84' lang='lat' dir='ltr'><strong>vitiando,</strong></span> <span class='ocrx_word' id='word_1_268' title='bbox 1377 2515 1562 2584; x_wconf 89' lang='lat' dir='ltr'><strong>priora</strong></span> <span class='ocrx_word' id='word_1_269' title='bbox 1598 2514 1763 2569; x_wconf 90' lang='lat' dir='ltr'><strong>verba</strong></span> <span class='ocrx_word' id='word_1_270' title='bbox 1795 2515 1962 2568; x_wconf 90' lang='lat' dir='ltr'><strong>menti</strong></span> <span class='ocrx_word' id='word_1_271' title='bbox 1991 2529 2088 2569; x_wconf 84' lang='lat' dir='ltr'><strong>ve-</strong></span> 
     </span>
    </p>
   </div>
   <div class='ocr_carea' id='block_1_41' title="bbox 501 2605 2089 2678">
    <p class='ocr_par' dir='ltr' id='par_1_41' title="bbox 501 2605 2089 2678">
     <span class='ocr_line' id='line_1_41' title="bbox 501 2605 2089 2678; baseline -0.001 -17"><span class='ocrx_word' id='word_1_272' title='bbox 501 2616 627 2662; x_wconf 66' lang='lat' dir='ltr'><strong>stra:</strong></span> <span class='ocrx_word' id='word_1_273' title='bbox 675 2610 900 2677; x_wconf 90' lang='lat' dir='ltr'><strong>aptatis,</strong></span> <span class='ocrx_word' id='word_1_274' title='bbox 952 2608 1163 2678; x_wconf 86' lang='lat' dir='ltr'><strong>reliqua</strong></span> <span class='ocrx_word' id='word_1_275' title='bbox 1205 2606 1277 2661; x_wconf 87' lang='lat' dir='ltr'><strong>ita</strong></span> <span class='ocrx_word' id='word_1_276' title='bbox 1326 2606 1607 2677; x_wconf 79' lang='lat' dir='ltr'><strong>profertis,</strong></span> <span class='ocrx_word' id='word_1_277' title='bbox 1648 2615 1709 2661; x_wconf 91' lang='lat' dir='ltr'><strong>ut</strong></span> <span class='ocrx_word' id='word_1_278' title='bbox 1753 2606 1947 2676; x_wconf 76' lang='lat' dir='ltr'><strong>integri</strong></span> <span class='ocrx_word' id='word_1_279' title='bbox 1982 2605 2089 2660; x_wconf 90' lang='lat' dir='ltr'><strong>loci</strong></span> 
     </span>
    </p>
   </div>
   <div class='ocr_carea' id='block_1_42' title="bbox 502 2698 2085 2770">
    <p class='ocr_par' dir='ltr' id='par_1_42' title="bbox 502 2698 2085 2770">
     <span class='ocr_line' id='line_1_42' title="bbox 502 2698 2085 2770; baseline -0.002 -17"><span class='ocrx_word' id='word_1_280' title='bbox 502 2700 676 2754; x_wconf 88' lang='lat' dir='ltr'><strong>menti</strong></span> <span class='ocrx_word' id='word_1_281' title='bbox 724 2701 953 2755; x_wconf 88' lang='lat' dir='ltr'><strong>minime</strong></span> <span class='ocrx_word' id='word_1_282' title='bbox 1000 2700 1391 2770; x_wconf 87' lang='lat' dir='ltr'><strong>respondeant.</strong></span> <span class='ocrx_word' id='word_1_283' title='bbox 1438 2698 1597 2753; x_wconf 83' lang='lat' dir='ltr'><strong>Nunc</strong></span> <span class='ocrx_word' id='word_1_284' title='bbox 1639 2698 1925 2752; x_wconf 82' lang='lat' dir='ltr'><strong>videamus</strong></span> <span class='ocrx_word' id='word_1_285' title='bbox 1957 2713 2085 2751; x_wconf 90' lang='lat' dir='ltr'><strong>num</strong></span> 
     </span>
    </p>
   </div>
   <div class='ocr_carea' id='block_1_43' title="bbox 502 2787 2088 2860">
    <p class='ocr_par' dir='ltr' id='par_1_43' title="bbox 502 2787 2088 2860">
     <span class='ocr_line' id='line_1_43' title="bbox 502 2787 2088 2860; baseline -0.003 -16"><span class='ocrx_word' id='word_1_286' title='bbox 502 2806 561 2845; x_wconf 90' lang='lat' dir='ltr'><strong>re</strong></span> <span class='ocrx_word' id='word_1_287' title='bbox 588 2807 717 2846; x_wconf 64' lang='lat' dir='ltr'><strong>Vtra</strong></span> <span class='ocrx_word' id='word_1_288' title='bbox 769 2792 1106 2846; x_wconf 83' lang='lat' dir='ltr'><strong>Athanasius</strong></span> <span class='ocrx_word' id='word_1_289' title='bbox 1151 2807 1217 2845; x_wconf 90' lang='lat' dir='ltr'><strong>ea</strong></span> <span class='ocrx_word' id='word_1_290' title='bbox 1262 2790 1578 2860; x_wconf 85' lang='lat' dir='ltr'><strong>protulerit.</strong></span> <span class='ocrx_word' id='word_1_291' title='bbox 1617 2789 1791 2843; x_wconf 87' lang='lat' dir='ltr'><strong>Nemo</strong></span> <span class='ocrx_word' id='word_1_292' title='bbox 1819 2789 1967 2843; x_wconf 92' lang='lat' dir='ltr'><strong>enim</strong></span> <span class='ocrx_word' id='word_1_293' title='bbox 2003 2787 2088 2841; x_wconf 90' lang='lat' dir='ltr'><strong>vir</strong></span> 
     </span>
    </p>
   </div>
   <div class='ocr_carea' id='block_1_44' title="bbox 503 2877 2091 2947">
    <p class='ocr_par' dir='ltr' id='par_1_44' title="bbox 503 2877 2091 2947">
     <span class='ocr_line' id='line_1_44' title="bbox 503 2877 2091 2947; baseline -0.004 -10"><span class='ocrx_word' id='word_1_294' title='bbox 503 2890 731 2937; x_wconf 82' lang='lat' dir='ltr'><strong>sanctus</strong></span> <span class='ocrx_word' id='word_1_295' title='bbox 761 2881 909 2934; x_wconf 91' lang='lat' dir='ltr'><strong>circa</strong></span> <span class='ocrx_word' id='word_1_296' title='bbox 930 2880 1133 2934; x_wconf 84' lang='lat' dir='ltr'><strong>eadem</strong></span> <span class='ocrx_word' id='word_1_297' title='bbox 1160 2879 1385 2933; x_wconf 83' lang='lat' dir='ltr'><strong>sibimet</strong></span> <span class='ocrx_word' id='word_1_298' title='bbox 1413 2878 1530 2947; x_wconf 91' lang='lat' dir='ltr'><strong>ipse</strong></span> <span class='ocrx_word' id='word_1_299' title='bbox 1551 2877 1933 2932; x_wconf 85' lang='lat' dir='ltr'><strong>contradicere</strong></span> <span class='ocrx_word' id='word_1_300' title='bbox 1957 2892 2091 2931; x_wconf 85' lang='lat' dir='ltr'><strong>con-</strong></span> 
     </span>
    </p>
   </div>
   <div class='ocr_carea' id='block_1_45' title="bbox 506 2968 2088 3038">
    <p class='ocr_par' dir='ltr' id='par_1_45' title="bbox 506 2968 2088 3038">
     <span class='ocr_line' id='line_1_45' title="bbox 506 2968 2088 3038; baseline -0.001 -13"><span class='ocrx_word' id='word_1_301' title='bbox 506 2971 712 3025; x_wconf 80' lang='lat' dir='ltr'><strong>suevit.</strong></span> <span class='ocrx_word' id='word_1_302' title='bbox 739 2970 897 3035; x_wconf 87' lang='lat' dir='ltr'><strong>Quod</strong></span> <span class='ocrx_word' id='word_1_303' title='bbox 933 2980 1118 3023; x_wconf 89' lang='lat' dir='ltr'><strong>autem</strong></span> <span class='ocrx_word' id='word_1_304' title='bbox 1150 2985 1213 3023; x_wconf 90' lang='lat' dir='ltr'><strong>ea</strong></span> <span class='ocrx_word' id='word_1_305' title='bbox 1245 2969 1546 3038; x_wconf 88' lang='lat' dir='ltr'><strong>protulerit</strong></span> <span class='ocrx_word' id='word_1_306' title='bbox 1564 2968 1896 3038; x_wconf 80' lang='lat' dir='ltr'><strong>Apollinaris</strong></span> <span class='ocrx_word' id='word_1_307' title='bbox 1915 2969 2088 3023; x_wconf 89' lang='lat' dir='ltr'><strong>menti</strong></span> 
     </span>
    </p>
   </div>
   <div class='ocr_carea' id='block_1_46' title="bbox 505 3060 2088 3125">
    <p class='ocr_par' dir='ltr' id='par_1_46' title="bbox 505 3060 2088 3125">
     <span class='ocr_line' id='line_1_46' title="bbox 505 3060 2088 3125; baseline 0 -10"><span class='ocrx_word' id='word_1_308' title='bbox 505 3071 708 3117; x_wconf 64' lang='lat' dir='ltr'><strong>vestrae</strong></span> <span class='ocrx_word' id='word_1_309' title='bbox 739 3062 973 3115; x_wconf 77' lang='lat' dir='ltr'><strong>maxime</strong></span> <span class='ocrx_word' id='word_1_310' title='bbox 1013 3076 1277 3125; x_wconf 89' lang='lat' dir='ltr'><strong>consona,</strong></span> <span class='ocrx_word' id='word_1_311' title='bbox 1317 3069 1588 3115; x_wconf 88' lang='lat' dir='ltr'><strong>testantur</strong></span> <span class='ocrx_word' id='word_1_312' title='bbox 1638 3060 1692 3114; x_wconf 91' lang='lat' dir='ltr'><strong>id</strong></span> <span class='ocrx_word' id='word_1_313' title='bbox 1732 3061 1785 3114; x_wconf 94' lang='lat' dir='ltr'><strong>in</strong></span> <span class='ocrx_word' id='word_1_314' title='bbox 1820 3061 2088 3115; x_wconf 85' lang='lat' dir='ltr'><strong>ecclesia-</strong></span> 
     </span>
    </p>
   </div>
   <div class='ocr_carea' id='block_1_47' title="bbox 507 3153 2088 3223">
    <p class='ocr_par' dir='ltr' id='par_1_47' title="bbox 507 3153 2088 3223">
     <span class='ocr_line' id='line_1_47' title="bbox 507 3153 2088 3223; baseline -0.001 -13"><span class='ocrx_word' id='word_1_315' title='bbox 507 3157 647 3210; x_wconf 87' lang='lat' dir='ltr'><strong>stica</strong></span> <span class='ocrx_word' id='word_1_316' title='bbox 674 3153 913 3208; x_wconf 84' lang='lat' dir='ltr'><strong>llistoria</strong></span> <span class='ocrx_word' id='word_1_317' title='bbox 954 3169 1080 3208; x_wconf 90' lang='lat' dir='ltr'><strong>cum</strong></span> <span class='ocrx_word' id='word_1_318' title='bbox 1110 3153 1434 3208; x_wconf 89' lang='lat' dir='ltr'><strong>Timotheus</strong></span> <span class='ocrx_word' id='word_1_319' title='bbox 1466 3154 1686 3223; x_wconf 87' lang='lat' dir='ltr'><strong>quidam</strong></span> <span class='ocrx_word' id='word_1_320' title='bbox 1716 3153 1890 3223; x_wconf 87' lang='lat' dir='ltr'><strong>ipsius</strong></span> <span class='ocrx_word' id='word_1_321' title='bbox 1916 3154 2088 3208; x_wconf 91' lang='lat' dir='ltr'><strong>disci-</strong></span> 
     </span>
    </p>
   </div>
   <div class='ocr_carea' id='block_1_48' title="bbox 2194 1961 3762 2041">
    <p class='ocr_par' dir='ltr' id='par_1_48' title="bbox 2194 1961 3762 2041">
     <span class='ocr_line' id='line_1_48' title="bbox 2194 1961 3762 2041; baseline 0.007 -27"><span class='ocrx_word' id='word_1_322' title='bbox 2194 1961 2367 2030; x_wconf 85' lang='grc' dir='ltr'>λέγων</span> <span class='ocrx_word' id='word_1_323' title='bbox 2392 1976 2406 1991; x_wconf 80' lang='grc'><strong>⁸</strong></span> <span class='ocrx_word' id='word_1_324' title='bbox 2463 1964 2540 2027; x_wconf 89' lang='grc' dir='ltr'>ὼς</span> <span class='ocrx_word' id='word_1_325' title='bbox 2573 1965 2685 2035; x_wconf 79' lang='grc' dir='ltr'><strong>γὰρ</strong></span> <span class='ocrx_word' id='word_1_326' title='bbox 2723 1967 2811 2020; x_wconf 82' lang='grc' dir='ltr'><strong>διὰ</strong></span> <span class='ocrx_word' id='word_1_327' title='bbox 2848 1968 3288 2041; x_wconf 83' lang='grc' dir='ltr'>καθολικωτέρου</span> <span class='ocrx_word' id='word_1_328' title='bbox 3325 1971 3471 2035; x_wconf 77' lang='grc' dir='ltr'>τινὸς</span> <span class='ocrx_word' id='word_1_329' title='bbox 3507 1972 3602 2025; x_wconf 78' lang='grc' dir='ltr'><strong>τοῦ</strong></span> <span class='ocrx_word' id='word_1_330' title='bbox 3649 1974 3762 2027; x_wconf 83' lang='grc' dir='ltr'>ὅλου</span> 
     </span>
    </p>
   </div>
   <div class='ocr_carea' id='block_1_49' title="bbox 2195 2054 3765 2135">
    <p class='ocr_par' dir='ltr' id='par_1_49' title="bbox 2195 2054 3765 2135">
     <span class='ocr_line' id='line_1_49' title="bbox 2195 2054 3765 2135; baseline 0.008 -29"><span class='ocrx_word' id='word_1_331' title='bbox 2195 2054 2511 2123; x_wconf 78' lang='grc' dir='ltr'><strong>προσώπου,</strong></span> <span class='ocrx_word' id='word_1_332' title='bbox 2536 2056 2652 2127; x_wconf 67' lang='grc' dir='ltr'><strong>ἅμα</strong></span> <span class='ocrx_word' id='word_1_333' title='bbox 2673 2060 3097 2131; x_wconf 80' lang='grc' dir='ltr'>προσκυνεῖσθαι</span> <span class='ocrx_word' id='word_1_334' title='bbox 3118 2062 3188 2115; x_wconf 86' lang='grc' dir='ltr'>τὰ</span> <span class='ocrx_word' id='word_1_335' title='bbox 3218 2063 3360 2133; x_wconf 86' lang='grc' dir='ltr'>μέρη</span> <span class='ocrx_word' id='word_1_336' title='bbox 3391 2064 3580 2131; x_wconf 78' lang='grc' dir='ltr'>αὑτοῦ,</span> <span class='ocrx_word' id='word_1_337' title='bbox 3607 2066 3765 2135; x_wconf 74' lang='grc' dir='ltr'><strong>ήγουν</strong></span> 
     </span>
    </p>
   </div>
   <div class='ocr_carea' id='block_1_50' title="bbox 2193 2144 3764 2227">
    <p class='ocr_par' dir='ltr' id='par_1_50' title="bbox 2193 2144 3764 2227">
     <span class='ocr_line' id='line_1_50' title="bbox 2193 2144 3764 2227; baseline 0.008 -30"><span class='ocrx_word' id='word_1_338' title='bbox 2193 2144 2359 2197; x_wconf 84' lang='grc' dir='ltr'>τάσδε</span> <span class='ocrx_word' id='word_1_339' title='bbox 2388 2146 2490 2209; x_wconf 78' lang='grc' dir='ltr'>τὰς</span> <span class='ocrx_word' id='word_1_340' title='bbox 2507 2146 2725 2215; x_wconf 77' lang='grc' dir='ltr'>φύσεις,</span> <span class='ocrx_word' id='word_1_341' title='bbox 2750 2149 3064 2219; x_wconf 74' lang='grc' dir='ltr'>συμϐαίνει,</span> <span class='ocrx_word' id='word_1_342' title='bbox 3091 2150 3164 2214; x_wconf 84' lang='grc' dir='ltr'>ὼς</span> <span class='ocrx_word' id='word_1_343' title='bbox 3189 2154 3661 2224; x_wconf 73' lang='grc' dir='ltr'>ὲμπεριεχομένας</span> <span class='ocrx_word' id='word_1_344' title='bbox 3692 2155 3764 2227; x_wconf 82' lang='grc' dir='ltr'>τῷ</span> 
     </span>
    </p>
   </div>
   <div class='ocr_carea' id='block_1_51' title="bbox 2194 2238 3767 2320">
    <p class='ocr_par' dir='ltr' id='par_1_51' title="bbox 2194 2238 3767 2320">
     <span class='ocr_line' id='line_1_51' title="bbox 2194 2238 3767 2320; baseline 0.011 -34"><span class='ocrx_word' id='word_1_345' title='bbox 2194 2238 2663 2310; x_wconf 84' lang='grc' dir='ltr'>προσκυνουμένῳ</span> <span class='ocrx_word' id='word_1_346' title='bbox 2691 2240 2806 2311; x_wconf 85' lang='grc' dir='ltr'>Υίῷ</span> <span class='ocrx_word' id='word_1_347' title='bbox 2833 2240 3035 2311; x_wconf 74' lang='grc' dir='ltr'>ὁμοίως</span> <span class='ocrx_word' id='word_1_348' title='bbox 3085 2243 3271 2314; x_wconf 75' lang='grc' dir='ltr'>ἄμφω·</span> <span class='ocrx_word' id='word_1_349' title='bbox 3323 2246 3481 2317; x_wconf 82' lang='grc' dir='ltr'>ὑμεῖς</span> <span class='ocrx_word' id='word_1_350' title='bbox 3523 2248 3581 2303; x_wconf 76' lang='grc' dir='ltr'>δὲ</span> <span class='ocrx_word' id='word_1_351' title='bbox 3618 2266 3767 2320; x_wconf 59' lang='grc' dir='ltr'>σοφιη</span> 
     </span>
    </p>
   </div>
   <div class='ocr_carea' id='block_1_52' title="bbox 2197 2328 3767 2414">
    <p class='ocr_par' dir='ltr' id='par_1_52' title="bbox 2197 2328 3767 2414">
     <span class='ocr_line' id='line_1_52' title="bbox 2197 2328 3767 2414; baseline 0.01 -34"><span class='ocrx_word' id='word_1_352' title='bbox 2197 2328 2399 2391; x_wconf 87' lang='grc' dir='ltr'>στικῶς</span> <span class='ocrx_word' id='word_1_353' title='bbox 2434 2328 2619 2401; x_wconf 77' lang='grc' dir='ltr'>τελείᾳ</span> <span class='ocrx_word' id='word_1_354' title='bbox 2667 2331 2960 2399; x_wconf 77' lang='grc' dir='ltr'><strong>στίζοντες,</strong></span> <span class='ocrx_word' id='word_1_355' title='bbox 3016 2336 3110 2389; x_wconf 77' lang='grc' dir='ltr'>καὶ</span> <span class='ocrx_word' id='word_1_356' title='bbox 3161 2337 3260 2407; x_wconf 74' lang='grc' dir='ltr'><strong>οὐχ</strong></span> <span class='ocrx_word' id='word_1_357' title='bbox 3296 2339 3610 2414; x_wconf 79' lang='grc' dir='ltr'>ὑποστιγμῇ</span> <span class='ocrx_word' id='word_1_358' title='bbox 3652 2341 3767 2397; x_wconf 77' lang='grc' dir='ltr'><strong>καθ’</strong></span> 
     </span>
    </p>
   </div>
   <div class='ocr_carea' id='block_1_53' title="bbox 2195 2419 3769 2503">
    <p class='ocr_par' dir='ltr' id='par_1_53' title="bbox 2195 2419 3769 2503">
     <span class='ocr_line' id='line_1_53' title="bbox 2195 2419 3769 2503; baseline 0.01 -31"><span class='ocrx_word' id='word_1_359' title='bbox 2195 2419 2343 2489; x_wconf 80' lang='grc' dir='ltr'>ἡμᾶς</span> <span class='ocrx_word' id='word_1_360' title='bbox 2377 2420 2485 2474; x_wconf 83' lang='grc' dir='ltr'><strong>τὸν</strong></span> <span class='ocrx_word' id='word_1_361' title='bbox 2526 2422 2636 2476; x_wconf 78' lang='grc' dir='ltr'><strong>ἕνα</strong></span> <span class='ocrx_word' id='word_1_362' title='bbox 2689 2426 2846 2489; x_wconf 78' lang='grc' dir='ltr'>Υίὸν,</span> <span class='ocrx_word' id='word_1_363' title='bbox 2877 2426 2946 2479; x_wconf 85' lang='grc' dir='ltr'>τὰ</span> <span class='ocrx_word' id='word_1_364' title='bbox 2979 2427 3173 2497; x_wconf 83' lang='grc' dir='ltr'>πρῶτα</span> <span class='ocrx_word' id='word_1_365' title='bbox 3204 2430 3303 2499; x_wconf 81' lang='grc' dir='ltr'>μὲν</span> <span class='ocrx_word' id='word_1_366' title='bbox 3346 2431 3455 2483; x_wconf 86' lang='grc' dir='ltr'><strong>τῶν</strong></span> <span class='ocrx_word' id='word_1_367' title='bbox 3486 2434 3769 2503; x_wconf 76' lang='grc' dir='ltr'>ρησειδίων</span> 
     </span>
    </p>
   </div>
   <div class='ocr_carea' id='block_1_54' title="bbox 2195 2511 3769 2592">
    <p class='ocr_par' dir='ltr' id='par_1_54' title="bbox 2195 2511 3769 2592">
     <span class='ocr_line' id='line_1_54' title="bbox 2195 2511 3769 2592; baseline 0.011 -29"><span class='ocrx_word' id='word_1_368' title='bbox 2195 2511 2341 2564; x_wconf 78' lang='grc' dir='ltr'>κατὰ</span> <span class='ocrx_word' id='word_1_369' title='bbox 2371 2514 2574 2566; x_wconf 82' lang='grc' dir='ltr'>σκοπὸν</span> <span class='ocrx_word' id='word_1_370' title='bbox 2608 2515 2825 2579; x_wconf 79' lang='grc' dir='ltr'><strong>ἑαυτοῖς</strong></span> <span class='ocrx_word' id='word_1_371' title='bbox 2875 2517 3237 2582; x_wconf 84' lang='grc' dir='ltr'>ἀποτίλαντες</span> <span class='ocrx_word' id='word_1_372' title='bbox 3285 2522 3575 2592; x_wconf 81' lang='grc' dir='ltr'>διορίζετε,</span> <span class='ocrx_word' id='word_1_373' title='bbox 3623 2528 3690 2580; x_wconf 79' lang='grc' dir='ltr'>τὰ</span> <span class='ocrx_word' id='word_1_374' title='bbox 3715 2526 3769 2581; x_wconf 65' lang='grc' dir='ltr'>δὲ</span> 
     </span>
    </p>
   </div>
   <div class='ocr_carea' id='block_1_55' title="bbox 2195 2600 3769 2684">
    <p class='ocr_par' dir='ltr' id='par_1_55' title="bbox 2195 2600 3769 2684">
     <span class='ocr_line' id='line_1_55' title="bbox 2195 2600 3769 2684; baseline 0.011 -31"><span class='ocrx_word' id='word_1_375' title='bbox 2195 2600 2325 2670; x_wconf 76' lang='grc' dir='ltr'>ἑξῆς</span> <span class='ocrx_word' id='word_1_376' title='bbox 2354 2602 2704 2675; x_wconf 81' lang='grc' dir='ltr'>ἀσυνάρτητα</span> <span class='ocrx_word' id='word_1_377' title='bbox 2736 2607 3106 2677; x_wconf 85' lang='grc' dir='ltr'><strong>παρέλκοντες</strong></span> <span class='ocrx_word' id='word_1_378' title='bbox 3129 2651 3144 2676; x_wconf 87' lang='grc'><strong>,</strong></span> <span class='ocrx_word' id='word_1_379' title='bbox 3182 2611 3240 2664; x_wconf 79' lang='grc' dir='ltr'><strong>ὲν</strong></span> <span class='ocrx_word' id='word_1_380' title='bbox 3289 2613 3369 2683; x_wconf 82' lang='grc' dir='ltr'><strong>τῷ</strong></span> <span class='ocrx_word' id='word_1_381' title='bbox 3402 2614 3635 2684; x_wconf 82' lang='grc' dir='ltr'>νοήματι</span> <span class='ocrx_word' id='word_1_382' title='bbox 3681 2617 3769 2670; x_wconf 75' lang='grc' dir='ltr'>τοῦ</span> 
     </span>
    </p>
   </div>
   <div class='ocr_carea' id='block_1_56' title="bbox 2194 2692 3770 2772">
    <p class='ocr_par' dir='ltr' id='par_1_56' title="bbox 2194 2692 3770 2772">
     <span class='ocr_line' id='line_1_56' title="bbox 2194 2692 3770 2772; baseline 0.01 -28"><span class='ocrx_word' id='word_1_383' title='bbox 2194 2692 2319 2745; x_wconf 81' lang='grc' dir='ltr'>ὅλου</span> <span class='ocrx_word' id='word_1_384' title='bbox 2347 2695 2571 2764; x_wconf 88' lang='grc' dir='ltr'>χωρίου,</span> <span class='ocrx_word' id='word_1_385' title='bbox 2596 2695 2962 2768; x_wconf 83' lang='grc' dir='ltr'>διελέγχεσθε.</span> <span class='ocrx_word' id='word_1_386' title='bbox 2989 2699 3176 2764; x_wconf 78' lang='grc' dir='ltr'>Οὕτως</span> <span class='ocrx_word' id='word_1_387' title='bbox 3210 2702 3310 2772; x_wconf 88' lang='grc' dir='ltr'>μὲν</span> <span class='ocrx_word' id='word_1_388' title='bbox 3342 2698 3435 2757; x_wconf 81' lang='grc' dir='ltr'>οὖν</span> <span class='ocrx_word' id='word_1_389' title='bbox 3460 2704 3707 2769; x_wconf 82' lang='grc' dir='ltr'>νοείσθω,</span> <span class='ocrx_word' id='word_1_390' title='bbox 3724 2710 3770 2760; x_wconf 80' lang='grc' dir='ltr'>εἰ</span> 
     </span>
    </p>
   </div>
   <div class='ocr_carea' id='block_1_57' title="bbox 2194 2783 3771 2865">
    <p class='ocr_par' dir='ltr' id='par_1_57' title="bbox 2194 2783 3771 2865">
     <span class='ocr_line' id='line_1_57' title="bbox 2194 2783 3771 2865; baseline 0.01 -30"><span class='ocrx_word' id='word_1_391' title='bbox 2194 2783 2363 2846; x_wconf 76' lang='grc' dir='ltr'>ὅντως</span> <span class='ocrx_word' id='word_1_392' title='bbox 2411 2785 2717 2856; x_wconf 83' lang='grc' dir='ltr'>Ἀθανασίῳ</span> <span class='ocrx_word' id='word_1_393' title='bbox 2762 2790 2997 2859; x_wconf 76' lang='grc' dir='ltr'>εἴρηται·</span> <span class='ocrx_word' id='word_1_394' title='bbox 3041 2791 3101 2843; x_wconf 84' lang='grc' dir='ltr'>οὑ</span> <span class='ocrx_word' id='word_1_395' title='bbox 3133 2793 3242 2863; x_wconf 75' lang='grc' dir='ltr'><strong>γὰρ</strong></span> <span class='ocrx_word' id='word_1_396' title='bbox 3293 2793 3476 2864; x_wconf 78' lang='grc' dir='ltr'><strong>ἑαυτῷ</strong></span> <span class='ocrx_word' id='word_1_397' title='bbox 3527 2797 3658 2865; x_wconf 62' lang='lat' dir='ltr'><strong>mp}.</strong></span> <span class='ocrx_word' id='word_1_398' title='bbox 3707 2799 3771 2851; x_wconf 74' lang='grc' dir='ltr'><strong>τὰ</strong></span> 
     </span>
    </p>
   </div>
   <div class='ocr_carea' id='block_1_58' title="bbox 2195 2877 3772 2956">
    <p class='ocr_par' dir='ltr' id='par_1_58' title="bbox 2195 2877 3772 2956">
     <span class='ocr_line' id='line_1_58' title="bbox 2195 2877 3772 2956; baseline 0.004 -27"><span class='ocrx_word' id='word_1_399' title='bbox 2195 2877 2338 2930; x_wconf 83' lang='grc' dir='ltr'>αὑτά</span> <span class='ocrx_word' id='word_1_400' title='bbox 2383 2894 2467 2941; x_wconf 89' lang='grc' dir='ltr'><strong>τις</strong></span> <span class='ocrx_word' id='word_1_401' title='bbox 2498 2877 2758 2947; x_wconf 71' lang='grc' dir='ltr'>θεοφόρος</span> <span class='ocrx_word' id='word_1_402' title='bbox 2796 2879 3097 2943; x_wconf 79' lang='grc' dir='ltr'><strong>στασιάζει.</strong></span> <span class='ocrx_word' id='word_1_403' title='bbox 3142 2882 3268 2935; x_wconf 87' lang='grc' dir='ltr'><strong>Ὅτι</strong></span> <span class='ocrx_word' id='word_1_404' title='bbox 3307 2882 3366 2935; x_wconf 79' lang='grc' dir='ltr'>δὲ</span> <span class='ocrx_word' id='word_1_405' title='bbox 3416 2884 3772 2956; x_wconf 82' lang='grc' dir='ltr'>Ἀπολιναρίῳ</span> 
     </span>
    </p>
   </div>
   <div class='ocr_carea' id='block_1_59' title="bbox 2196 2968 3771 3048">
    <p class='ocr_par' dir='ltr' id='par_1_59' title="bbox 2196 2968 3771 3048">
     <span class='ocr_line' id='line_1_59' title="bbox 2196 2968 3771 3048; baseline 0.007 -27"><span class='ocrx_word' id='word_1_406' title='bbox 2196 2968 2413 3040; x_wconf 73' lang='grc' dir='ltr'>εἴρηται</span> <span class='ocrx_word' id='word_1_407' title='bbox 2460 2969 2588 3023; x_wconf 82' lang='grc' dir='ltr'>τάδε</span> <span class='ocrx_word' id='word_1_408' title='bbox 2633 2972 2774 3023; x_wconf 86' lang='grc' dir='ltr'>κατὰ</span> <span class='ocrx_word' id='word_1_409' title='bbox 2806 2970 2904 3042; x_wconf 75' lang='grc' dir='ltr'>τὴν</span> <span class='ocrx_word' id='word_1_410' title='bbox 2940 2973 3215 3045; x_wconf 85' lang='grc' dir='ltr'>ὑμετέραν</span> <span class='ocrx_word' id='word_1_411' title='bbox 3248 2974 3478 3041; x_wconf 76' lang='grc' dir='ltr'>ἔννοιαν,</span> <span class='ocrx_word' id='word_1_412' title='bbox 3508 2978 3771 3048; x_wconf 82' lang='grc' dir='ltr'>Τιμόθεός</span> 
     </span>
    </p>
   </div>
   <div class='ocr_carea' id='block_1_60' title="bbox 2193 3061 3770 3137">
    <p class='ocr_par' dir='ltr' id='par_1_60' title="bbox 2193 3061 3770 3137">
     <span class='ocr_line' id='line_1_60' title="bbox 2193 3061 3770 3137; baseline 0.008 -24"><span class='ocrx_word' id='word_1_413' title='bbox 2193 3078 2280 3125; x_wconf 86' lang='grc' dir='ltr'><strong>τις</strong></span> <span class='ocrx_word' id='word_1_414' title='bbox 2326 3061 2519 3115; x_wconf 90' lang='grc' dir='ltr'>τούτου</span> <span class='ocrx_word' id='word_1_415' title='bbox 2562 3063 2811 3134; x_wconf 81' lang='grc' dir='ltr'>μαθητὴς</span> <span class='ocrx_word' id='word_1_416' title='bbox 2846 3066 2903 3118; x_wconf 79' lang='grc' dir='ltr'><strong>ἐν</strong></span> <span class='ocrx_word' id='word_1_417' title='bbox 2941 3069 3007 3137; x_wconf 83' lang='grc' dir='ltr'>τῇ</span> <span class='ocrx_word' id='word_1_418' title='bbox 3057 3067 3536 3137; x_wconf 73' lang='grc' dir='ltr'>ἐκκλησιαστικῇ</span> <span class='ocrx_word' id='word_1_419' title='bbox 3584 3071 3770 3125; x_wconf 79' lang='grc' dir='ltr'>Ἰστοο</span> 
     </span>
    </p>
   </div>
   <div class='ocr_carea' id='block_1_61' title="bbox 2189 3153 3771 3233">
    <p class='ocr_par' dir='ltr' id='par_1_61' title="bbox 2189 3153 3771 3233">
     <span class='ocr_line' id='line_1_61' title="bbox 2189 3153 3771 3233; baseline 0.007 -28"><span class='ocrx_word' id='word_1_420' title='bbox 2189 3154 2291 3222; x_wconf 83' lang='grc' dir='ltr'>ρίᾳ</span> <span class='ocrx_word' id='word_1_421' title='bbox 2325 3153 2493 3222; x_wconf 80' lang='grc' dir='ltr'><strong>λέγει,</strong></span> <span class='ocrx_word' id='word_1_422' title='bbox 2522 3156 2613 3208; x_wconf 74' lang='grc' dir='ltr'>καὶ</span> <span class='ocrx_word' id='word_1_423' title='bbox 2647 3157 2912 3225; x_wconf 82' lang='grc' dir='ltr'>Πολέμων</span> <span class='ocrx_word' id='word_1_424' title='bbox 2931 3159 2959 3211; x_wconf 91' lang='lat'><strong>6</strong></span> <span class='ocrx_word' id='word_1_425' title='bbox 2983 3159 3393 3230; x_wconf 77' lang='grc' dir='ltr'>συνουσιαστής,</span> <span class='ocrx_word' id='word_1_426' title='bbox 3418 3153 3481 3214; x_wconf 74' lang='grc' dir='ltr'>οὗ</span> <span class='ocrx_word' id='word_1_427' title='bbox 3508 3161 3771 3233; x_wconf 81' lang='grc' dir='ltr'>Κύριλλος</span> 
     </span>
    </p>
   </div>
   <div class='ocr_carea' id='block_1_62' title="bbox 507 3231 2090 3325">
    <p class='ocr_par' dir='ltr' id='par_1_62' title="bbox 507 3242 2090 3316">
     <span class='ocr_line' id='line_1_62' title="bbox 507 3242 2090 3316; baseline -0.001 -17"><span class='ocrx_word' id='word_1_428' title='bbox 507 3246 689 3316; x_wconf 87' lang='lat' dir='ltr'><strong>pulus,</strong></span> <span class='ocrx_word' id='word_1_429' title='bbox 720 3253 836 3297; x_wconf 92' lang='lat' dir='ltr'><strong>tum</strong></span> <span class='ocrx_word' id='word_1_430' title='bbox 872 3244 1133 3298; x_wconf 87' lang='lat' dir='ltr'><strong>Polemon</strong></span> <span class='ocrx_word' id='word_1_431' title='bbox 1160 3244 1282 3313; x_wconf 89' lang='lat' dir='ltr'><strong>ejus</strong></span> <span class='ocrx_word' id='word_1_432' title='bbox 1297 3242 1604 3306; x_wconf 82' lang='lat' dir='ltr'><strong>familiaris,</strong></span> <span class='ocrx_word' id='word_1_433' title='bbox 1633 3243 1793 3313; x_wconf 87' lang='lat' dir='ltr'><strong>cujus</strong></span> <span class='ocrx_word' id='word_1_434' title='bbox 1822 3243 2090 3298; x_wconf 87' lang='lat' dir='ltr'><strong>memine-</strong></span> 
     </span>
    </p>
   </div>
   <div class='ocr_carea' id='block_1_63' title="bbox 2196 3231 3770 3325">
    <p class='ocr_par' dir='ltr' id='par_1_63' title="bbox 2196 3231 3770 3325">
     <span class='ocr_line' id='line_1_63' title="bbox 2196 3231 3770 3325; baseline 0.005 -26"><span class='ocrx_word' id='word_1_435' title='bbox 2196 3247 2225 3299; x_wconf 87' lang='lat'><strong>6</strong></span> <span class='ocrx_word' id='word_1_436' title='bbox 2256 3246 2444 3319; x_wconf 81' lang='grc' dir='ltr'>Πατὴρ</span> <span class='ocrx_word' id='word_1_437' title='bbox 2488 3248 2583 3302; x_wconf 80' lang='grc' dir='ltr'><strong>καὶ</strong></span> <span class='ocrx_word' id='word_1_438' title='bbox 2617 3249 2857 3321; x_wconf 73' lang='grc' dir='ltr'>Σεὸῆρος</span> <span class='ocrx_word' id='word_1_439' title='bbox 2906 3250 2936 3303; x_wconf 89' lang='lat'><strong>6</strong></span> <span class='ocrx_word' id='word_1_440' title='bbox 2986 3251 3331 3323; x_wconf 85' lang='grc' dir='ltr'>Πατραλοίας</span> <span class='ocrx_word' id='word_1_441' title='bbox 3376 3231 3770 3325; x_wconf 80' lang='grc' dir='ltr'>μνημονεύουσι</span> 
     </span>
    </p>
   </div>
   <div class='ocr_carea' id='block_1_64' title="bbox 507 3333 2094 3407">
    <p class='ocr_par' dir='ltr' id='par_1_64' title="bbox 507 3333 2094 3407">
     <span class='ocr_line' id='line_1_64' title="bbox 507 3333 2094 3407; baseline 0 -18"><span class='ocrx_word' id='word_1_442' title='bbox 507 3345 639 3391; x_wconf 93' lang='lat' dir='ltr'><strong>runt</strong></span> <span class='ocrx_word' id='word_1_443' title='bbox 666 3346 890 3391; x_wconf 85' lang='lat' dir='ltr'><strong>sanctus</strong></span> <span class='ocrx_word' id='word_1_444' title='bbox 924 3335 1086 3390; x_wconf 88' lang='lat' dir='ltr'><strong>Pater</strong></span> <span class='ocrx_word' id='word_1_445' title='bbox 1117 3333 1352 3406; x_wconf 81' lang='lat' dir='ltr'><strong>Cyrillus</strong></span> <span class='ocrx_word' id='word_1_446' title='bbox 1384 3334 1519 3407; x_wconf 81' lang='lat' dir='ltr'><strong>(l5),</strong></span> <span class='ocrx_word' id='word_1_447' title='bbox 1552 3345 1608 3390; x_wconf 91' lang='lat' dir='ltr'><strong>et</strong></span> <span class='ocrx_word' id='word_1_448' title='bbox 1638 3334 1882 3389; x_wconf 81' lang='lat' dir='ltr'><strong>Severus</strong></span> <span class='ocrx_word' id='word_1_449' title='bbox 1905 3334 2094 3389; x_wconf 85' lang='lat' dir='ltr'><strong>Patra-</strong></span> 
     </span>
    </p>
   </div>
   <div class='ocr_carea' id='block_1_65' title="bbox 508 3424 1791 3497">
    <p class='ocr_par' dir='ltr' id='par_1_65' title="bbox 508 3424 1791 3497">
     <span class='ocr_line' id='line_1_65' title="bbox 508 3424 1791 3497; baseline -0.003 -17"><span class='ocrx_word' id='word_1_450' title='bbox 508 3427 629 3482; x_wconf 70' lang='lat' dir='ltr'><strong>lmze</strong></span> <span class='ocrx_word' id='word_1_451' title='bbox 662 3428 957 3497; x_wconf 86' lang='lat' dir='ltr'><strong>episcopus</strong></span> <span class='ocrx_word' id='word_1_452' title='bbox 991 3443 1003 3478; x_wconf 93' lang='lat'><strong>:</strong></span> <span class='ocrx_word' id='word_1_453' title='bbox 1043 3425 1137 3494; x_wconf 90' lang='lat' dir='ltr'><strong>qui</strong></span> <span class='ocrx_word' id='word_1_454' title='bbox 1175 3425 1433 3481; x_wconf 87' lang='lat' dir='ltr'><strong>Polemon</strong></span> <span class='ocrx_word' id='word_1_455' title='bbox 1463 3426 1579 3482; x_wconf 65' lang='lat' dir='ltr'><strong>haec</strong></span> <span class='ocrx_word' id='word_1_456' title='bbox 1605 3424 1791 3480; x_wconf 87' lang='lat' dir='ltr'><strong>habet.</strong></span> 
     </span>
    </p>
   </div>
   <div class='ocr_carea' id='block_1_66' title="bbox 593 3513 2094 3571">
    <p class='ocr_par' dir='ltr' id='par_1_66' title="bbox 593 3513 2094 3571">
     <span class='ocr_line' id='line_1_66' title="bbox 593 3513 2094 3571; baseline 0.001 -3"><span class='ocrx_word' id='word_1_457' title='bbox 593 3535 612 3568; x_wconf 79' lang='grc' dir='ltr'><strong>ι</strong></span> <span class='ocrx_word' id='word_1_458' title='bbox 666 3516 940 3571; x_wconf 89' lang='lat' dir='ltr'><strong>Eumdem</strong></span> <span class='ocrx_word' id='word_1_459' title='bbox 981 3515 1018 3569; x_wconf 91' lang='lat' dir='ltr'><strong>ii</strong></span> <span class='ocrx_word' id='word_1_460' title='bbox 1054 3514 1336 3571; x_wconf 90' lang='lat' dir='ltr'><strong>Christum</strong></span> <span class='ocrx_word' id='word_1_461' title='bbox 1383 3525 1441 3571; x_wconf 89' lang='lat' dir='ltr'><strong>et</strong></span> <span class='ocrx_word' id='word_1_462' title='bbox 1495 3517 1669 3571; x_wconf 93' lang='lat' dir='ltr'><strong>Deum</strong></span> <span class='ocrx_word' id='word_1_463' title='bbox 1719 3523 1776 3569; x_wconf 91' lang='lat' dir='ltr'><strong>et</strong></span> <span class='ocrx_word' id='word_1_464' title='bbox 1813 3513 2094 3570; x_wconf 89' lang='lat' dir='ltr'><strong>hominem</strong></span> 
     </span>
    </p>
   </div>
   <div class='ocr_carea' id='block_1_67' title="bbox 507 3604 2095 3674">
    <p class='ocr_par' dir='ltr' id='par_1_67' title="bbox 507 3604 2095 3674">
     <span class='ocr_line' id='line_1_67' title="bbox 507 3604 2095 3674; baseline -0.001 -14"><span class='ocrx_word' id='word_1_465' title='bbox 507 3621 628 3661; x_wconf 78' lang='lat' dir='ltr'><strong>esse</strong></span> <span class='ocrx_word' id='word_1_466' title='bbox 690 3606 920 3670; x_wconf 88' lang='lat' dir='ltr'><strong>dicunt,</strong></span> <span class='ocrx_word' id='word_1_467' title='bbox 966 3620 1069 3659; x_wconf 91' lang='lat' dir='ltr'><strong>nec</strong></span> <span class='ocrx_word' id='word_1_468' title='bbox 1120 3612 1222 3660; x_wconf 86' lang='lat' dir='ltr'><strong>eos</strong></span> <span class='ocrx_word' id='word_1_469' title='bbox 1266 3604 1440 3674; x_wconf 89' lang='lat' dir='ltr'><strong>pudet</strong></span> <span class='ocrx_word' id='word_1_470' title='bbox 1483 3620 1650 3659; x_wconf 92' lang='lat' dir='ltr'><strong>unam</strong></span> <span class='ocrx_word' id='word_1_471' title='bbox 1693 3619 1944 3660; x_wconf 85' lang='lat' dir='ltr'><strong>asserere</strong></span> <span class='ocrx_word' id='word_1_472' title='bbox 1999 3605 2095 3661; x_wconf 90' lang='lat' dir='ltr'><strong>Dei</strong></span> 
     </span>
    </p>
   </div>
   <div class='ocr_carea' id='block_1_68' title="bbox 509 3694 2096 3765">
    <p class='ocr_par' dir='ltr' id='par_1_68' title="bbox 509 3694 2096 3765">
     <span class='ocr_line' id='line_1_68' title="bbox 509 3694 2096 3765; baseline -0.001 -13"><span class='ocrx_word' id='word_1_473' title='bbox 509 3696 678 3751; x_wconf 78' lang='lat' dir='ltr'><strong>Verbi</strong></span> <span class='ocrx_word' id='word_1_474' title='bbox 707 3705 961 3749; x_wconf 90' lang='lat' dir='ltr'><strong>naturam</strong></span> <span class='ocrx_word' id='word_1_475' title='bbox 982 3695 1347 3762; x_wconf 89' lang='lat' dir='ltr'><strong>incarnatam,</strong></span> <span class='ocrx_word' id='word_1_476' title='bbox 1366 3696 1521 3765; x_wconf 88' lang='lat' dir='ltr'><strong>quasi</strong></span> <span class='ocrx_word' id='word_1_477' title='bbox 1537 3697 1916 3765; x_wconf 87' lang='lat' dir='ltr'><strong>compositam.</strong></span> <span class='ocrx_word' id='word_1_478' title='bbox 1939 3694 2096 3761; x_wconf 86' lang='lat' dir='ltr'><strong>Quod</strong></span> 
     </span>
    </p>
   </div>
   <div class='ocr_carea' id='block_1_69' title="bbox 519 3786 2093 3857">
    <p class='ocr_par' dir='ltr' id='par_1_69' title="bbox 519 3786 2093 3857">
     <span class='ocr_line' id='line_1_69' title="bbox 519 3786 2093 3857; baseline -0.002 -13"><span class='ocrx_word' id='word_1_479' title='bbox 519 3790 566 3844; x_wconf 89' lang='lat' dir='ltr'><strong>si</strong></span> <span class='ocrx_word' id='word_1_480' title='bbox 599 3789 744 3843; x_wconf 91' lang='lat' dir='ltr'><strong>idem</strong></span> <span class='ocrx_word' id='word_1_481' title='bbox 774 3788 1052 3856; x_wconf 83' lang='lat' dir='ltr'><strong>perfectus</strong></span> <span class='ocrx_word' id='word_1_482' title='bbox 1082 3789 1228 3843; x_wconf 91' lang='lat' dir='ltr'><strong>Deus</strong></span> <span class='ocrx_word' id='word_1_483' title='bbox 1260 3796 1364 3852; x_wconf 90' lang='lat' dir='ltr'><strong>est,</strong></span> <span class='ocrx_word' id='word_1_484' title='bbox 1397 3787 1677 3857; x_wconf 87' lang='lat' dir='ltr'><strong>perfectus</strong></span> <span class='ocrx_word' id='word_1_485' title='bbox 1700 3786 1864 3841; x_wconf 88' lang='lat' dir='ltr'><strong>homo</strong></span> <span class='ocrx_word' id='word_1_486' title='bbox 1884 3805 1898 3852; x_wconf 92' lang='lat'><strong>;</strong></span> <span class='ocrx_word' id='word_1_487' title='bbox 1918 3787 2093 3841; x_wconf 85' lang='lat' dir='ltr'><strong>fatea-</strong></span> 
     </span>
    </p>
   </div>
   <div class='ocr_carea' id='block_1_70' title="bbox 513 3876 2095 3947">
    <p class='ocr_par' dir='ltr' id='par_1_70' title="bbox 513 3876 2095 3947">
     <span class='ocr_line' id='line_1_70' title="bbox 513 3876 2095 3947; baseline 0.001 -16"><span class='ocrx_word' id='word_1_488' title='bbox 513 3894 640 3931; x_wconf 88' lang='lat' dir='ltr'><strong>mur</strong></span> <span class='ocrx_word' id='word_1_489' title='bbox 671 3884 893 3947; x_wconf 86' lang='lat' dir='ltr'><strong>oportet</strong></span> <span class='ocrx_word' id='word_1_490' title='bbox 918 3876 1054 3932; x_wconf 87' lang='lat' dir='ltr'><strong>duas</strong></span> <span class='ocrx_word' id='word_1_491' title='bbox 1081 3892 1201 3931; x_wconf 88' lang='lat' dir='ltr'><strong>esse</strong></span> <span class='ocrx_word' id='word_1_492' title='bbox 1237 3877 1294 3931; x_wconf 92' lang='lat' dir='ltr'><strong>in</strong></span> <span class='ocrx_word' id='word_1_493' title='bbox 1320 3876 1439 3947; x_wconf 92' lang='lat' dir='ltr'><strong>ipso</strong></span> <span class='ocrx_word' id='word_1_494' title='bbox 1463 3885 1710 3941; x_wconf 89' lang='lat' dir='ltr'><strong>naturas,</strong></span> <span class='ocrx_word' id='word_1_495' title='bbox 1733 3876 2095 3946; x_wconf 85' lang='lat' dir='ltr'><strong>quemadmo-</strong></span> 
     </span>
    </p>
   </div>
   <div class='ocr_carea' id='block_1_71' title="bbox 508 3970 2095 4042">
    <p class='ocr_par' dir='ltr' id='par_1_71' title="bbox 508 3970 2095 4042">
     <span class='ocr_line' id='line_1_71' title="bbox 508 3970 2095 4042; baseline -0.001 -13"><span class='ocrx_word' id='word_1_496' title='bbox 508 3974 641 4029; x_wconf 88' lang='lat' dir='ltr'><strong>dum</strong></span> <span class='ocrx_word' id='word_1_497' title='bbox 661 3986 836 4042; x_wconf 84' lang='lat' dir='ltr'><strong>nuper</strong></span> <span class='ocrx_word' id='word_1_498' title='bbox 850 3971 1145 4026; x_wconf 91' lang='lat' dir='ltr'><strong>commenti</strong></span> <span class='ocrx_word' id='word_1_499' title='bbox 1168 3980 1298 4026; x_wconf 91' lang='lat' dir='ltr'><strong>sunt</strong></span> <span class='ocrx_word' id='word_1_500' title='bbox 1319 3970 1694 4041; x_wconf 87' lang='lat' dir='ltr'><strong>Cappadoces,</strong></span> <span class='ocrx_word' id='word_1_501' title='bbox 1717 3983 1771 4027; x_wconf 93' lang='lat' dir='ltr'><strong>et</strong></span> <span class='ocrx_word' id='word_1_502' title='bbox 1800 3973 2095 4040; x_wconf 91' lang='lat' dir='ltr'><strong>Diodorus,</strong></span> 
     </span>
    </p>
   </div>
   <div class='ocr_carea' id='block_1_72' title="bbox 507 4054 2091 4135">
    <p class='ocr_par' dir='ltr' id='par_1_72' title="bbox 507 4054 2091 4135">
     <span class='ocr_line' id='line_1_72' title="bbox 507 4054 2091 4135; baseline 0 -13"><span class='ocrx_word' id='word_1_503' title='bbox 507 4054 565 4122; x_wconf 74' lang='lat' dir='ltr'><strong>ei</strong></span> <span class='ocrx_word' id='word_1_504' title='bbox 583 4065 922 4121; x_wconf 82' lang='lat' dir='ltr'><strong>Athanasius</strong></span> <span class='ocrx_word' id='word_1_505' title='bbox 955 4073 1013 4118; x_wconf 89' lang='lat' dir='ltr'><strong>et</strong></span> <span class='ocrx_word' id='word_1_506' title='bbox 1044 4073 1368 4135; x_wconf 84' lang='lat' dir='ltr'><strong>arrogantes</strong></span> <span class='ocrx_word' id='word_1_507' title='bbox 1394 4064 1564 4119; x_wconf 70' lang='lat' dir='ltr'><strong>Italiae</strong></span> <span class='ocrx_word' id='word_1_508' title='bbox 1589 4065 1854 4134; x_wconf 70' lang='lat' dir='ltr'><strong>praesules</strong></span> <span class='ocrx_word' id='word_1_509' title='bbox 1876 4080 2091 4123; x_wconf 90' lang='lat' dir='ltr'><strong>omnes.</strong></span> 
     </span>
    </p>
   </div>
   <div class='ocr_carea' id='block_1_73' title="bbox 507 4160 2093 4232">
    <p class='ocr_par' dir='ltr' id='par_1_73' title="bbox 507 4160 2093 4232">
     <span class='ocr_line' id='line_1_73' title="bbox 507 4160 2093 4232; baseline -0.001 -15"><span class='ocrx_word' id='word_1_510' title='bbox 507 4161 685 4231; x_wconf 79' lang='lat' dir='ltr'><strong>Atque</strong></span> <span class='ocrx_word' id='word_1_511' title='bbox 720 4162 793 4215; x_wconf 91' lang='lat' dir='ltr'><strong>ita</strong></span> <span class='ocrx_word' id='word_1_512' title='bbox 825 4162 1003 4216; x_wconf 90' lang='lat' dir='ltr'><strong>nostri</strong></span> <span class='ocrx_word' id='word_1_513' title='bbox 1047 4161 1260 4232; x_wconf 80' lang='lat' dir='ltr'><strong>lingunt</strong></span> <span class='ocrx_word' id='word_1_514' title='bbox 1291 4177 1350 4217; x_wconf 89' lang='lat' dir='ltr'><strong>se</strong></span> <span class='ocrx_word' id='word_1_515' title='bbox 1390 4175 1516 4216; x_wconf 88' lang='lat' dir='ltr'><strong>cum</strong></span> <span class='ocrx_word' id='word_1_516' title='bbox 1551 4171 1744 4216; x_wconf 88' lang='lat' dir='ltr'><strong>sancto</strong></span> <span class='ocrx_word' id='word_1_517' title='bbox 1786 4160 2093 4232; x_wconf 87' lang='lat' dir='ltr'><strong>Apollinari</strong></span> 
     </span>
    </p>
   </div>
   <div class='ocr_carea' id='block_1_74' title="bbox 509 4251 2095 4322">
    <p class='ocr_par' dir='ltr' id='par_1_74' title="bbox 509 4251 2095 4322">
     <span class='ocr_line' id='line_1_74' title="bbox 509 4251 2095 4322; baseline 0.001 -16"><span class='ocrx_word' id='word_1_518' title='bbox 509 4253 752 4315; x_wconf 85' lang='lat' dir='ltr'><strong>sentire,</strong></span> <span class='ocrx_word' id='word_1_519' title='bbox 803 4268 859 4306; x_wconf 91' lang='lat' dir='ltr'><strong>re</strong></span> <span class='ocrx_word' id='word_1_520' title='bbox 907 4252 1026 4322; x_wconf 87' lang='lat' dir='ltr'><strong>ipsa</strong></span> <span class='ocrx_word' id='word_1_521' title='bbox 1065 4263 1246 4308; x_wconf 88' lang='lat' dir='ltr'><strong>tamen</strong></span> <span class='ocrx_word' id='word_1_522' title='bbox 1287 4269 1412 4308; x_wconf 89' lang='lat' dir='ltr'><strong>cum</strong></span> <span class='ocrx_word' id='word_1_523' title='bbox 1444 4251 1693 4322; x_wconf 77' lang='lat' dir='ltr'><strong>Gregorii</strong></span> <span class='ocrx_word' id='word_1_524' title='bbox 1727 4252 2095 4308; x_wconf 85' lang='lat' dir='ltr'><strong>sectatoribus</strong></span> 
     </span>
    </p>
   </div>
   <div class='ocr_carea' id='block_1_75' title="bbox 509 4342 2097 4413">
    <p class='ocr_par' dir='ltr' id='par_1_75' title="bbox 509 4342 2097 4413">
     <span class='ocr_line' id='line_1_75' title="bbox 509 4342 2097 4413; baseline 0.001 -15"><span class='ocrx_word' id='word_1_525' title='bbox 509 4342 648 4399; x_wconf 83' lang='lat' dir='ltr'><strong>duas</strong></span> <span class='ocrx_word' id='word_1_526' title='bbox 673 4342 740 4398; x_wconf 88' lang='lat' dir='ltr'><strong>de</strong></span> <span class='ocrx_word' id='word_1_527' title='bbox 763 4342 984 4398; x_wconf 89' lang='lat' dir='ltr'><strong>Christo</strong></span> <span class='ocrx_word' id='word_1_528' title='bbox 1006 4351 1236 4397; x_wconf 88' lang='lat' dir='ltr'><strong>naturas</strong></span> <span class='ocrx_word' id='word_1_529' title='bbox 1256 4344 1577 4412; x_wconf 78' lang='lat' dir='ltr'><strong>praedicant.</strong></span> <span class='ocrx_word' id='word_1_530' title='bbox 1621 4362 1639 4393; x_wconf 78' lang='grc' dir='ltr'><strong>ι</strong></span> <span class='ocrx_word' id='word_1_531' title='bbox 1663 4343 1733 4396; x_wconf 87' lang='lat' dir='ltr'><strong>Et</strong></span> <span class='ocrx_word' id='word_1_532' title='bbox 1762 4343 1922 4413; x_wconf 85' lang='lat' dir='ltr'><strong>paulo</strong></span> <span class='ocrx_word' id='word_1_533' title='bbox 1949 4352 2097 4406; x_wconf 85' lang='lat' dir='ltr'><strong>post:</strong></span> 
     </span>
    </p>
   </div>
   <div class='ocr_carea' id='block_1_76' title="bbox 515 4432 2097 4504">
    <p class='ocr_par' dir='ltr' id='par_1_76' title="bbox 515 4432 2097 4504">
     <span class='ocr_line' id='line_1_76' title="bbox 515 4432 2097 4504; baseline 0.002 -17"><span class='ocrx_word' id='word_1_534' title='bbox 515 4454 537 4487; x_wconf 67' lang='grc' dir='ltr'><em>ς</em></span> <span class='ocrx_word' id='word_1_535' title='bbox 572 4434 711 4502; x_wconf 87' lang='lat' dir='ltr'><strong>Quid</strong></span> <span class='ocrx_word' id='word_1_536' title='bbox 738 4450 796 4490; x_wconf 90' lang='lat' dir='ltr'><strong>se</strong></span> <span class='ocrx_word' id='word_1_537' title='bbox 829 4434 943 4491; x_wconf 84' lang='lat' dir='ltr'><strong>divi</strong></span> <span class='ocrx_word' id='word_1_538' title='bbox 980 4433 1318 4504; x_wconf 86' lang='lat' dir='ltr'><strong>Apollinaris</strong></span> <span class='ocrx_word' id='word_1_539' title='bbox 1347 4432 1650 4501; x_wconf 87' lang='lat' dir='ltr'><strong>discipulos</strong></span> <span class='ocrx_word' id='word_1_540' title='bbox 1674 4434 1917 4503; x_wconf 81' lang='lat' dir='ltr'><strong>ﬁngunt?</strong></span> <span class='ocrx_word' id='word_1_541' title='bbox 1945 4434 2097 4490; x_wconf 84' lang='lat' dir='ltr'><strong>Ilanc</strong></span> 
     </span>
    </p>
   </div>
   <div class='ocr_carea' id='block_1_77' title="bbox 512 4520 2096 4592">
    <p class='ocr_par' dir='ltr' id='par_1_77' title="bbox 512 4520 2096 4592">
     <span class='ocr_line' id='line_1_77' title="bbox 512 4520 2096 4592; baseline -0.002 -12"><span class='ocrx_word' id='word_1_542' title='bbox 512 4526 658 4580; x_wconf 89' lang='lat' dir='ltr'><strong>enim</strong></span> <span class='ocrx_word' id='word_1_543' title='bbox 692 4525 1025 4581; x_wconf 87' lang='lat' dir='ltr'><strong>sententiam</strong></span> <span class='ocrx_word' id='word_1_544' title='bbox 1069 4523 1187 4592; x_wconf 91' lang='lat' dir='ltr'><strong>ipse</strong></span> <span class='ocrx_word' id='word_1_545' title='bbox 1236 4521 1389 4576; x_wconf 88' lang='lat' dir='ltr'><strong>solus</strong></span> <span class='ocrx_word' id='word_1_546' title='bbox 1443 4520 1695 4590; x_wconf 88' lang='lat' dir='ltr'><strong>protulit,</strong></span> <span class='ocrx_word' id='word_1_547' title='bbox 1735 4529 1797 4575; x_wconf 93' lang='lat' dir='ltr'><strong>ut</strong></span> <span class='ocrx_word' id='word_1_548' title='bbox 1832 4521 1972 4577; x_wconf 87' lang='lat' dir='ltr'><strong>duas</strong></span> <span class='ocrx_word' id='word_1_549' title='bbox 1998 4538 2096 4577; x_wconf 91' lang='lat' dir='ltr'><strong>na-</strong></span> 
     </span>
    </p>
   </div>
   <div class='ocr_carea' id='block_1_78' title="bbox 509 4611 2095 4684">
    <p class='ocr_par' dir='ltr' id='par_1_78' title="bbox 509 4611 2095 4684">
     <span class='ocr_line' id='line_1_78' title="bbox 509 4611 2095 4684; baseline -0.001 -14"><span class='ocrx_word' id='word_1_550' title='bbox 509 4627 665 4672; x_wconf 89' lang='lat' dir='ltr'><strong>turas</strong></span> <span class='ocrx_word' id='word_1_551' title='bbox 698 4622 1010 4679; x_wconf 83' lang='lat' dir='ltr'><strong>everteret;</strong></span> <span class='ocrx_word' id='word_1_552' title='bbox 1037 4611 1243 4684; x_wconf 88' lang='lat' dir='ltr'><strong>quippe</strong></span> <span class='ocrx_word' id='word_1_553' title='bbox 1264 4612 1359 4682; x_wconf 87' lang='lat' dir='ltr'><strong>qui</strong></span> <span class='ocrx_word' id='word_1_554' title='bbox 1400 4611 1687 4667; x_wconf 87' lang='lat' dir='ltr'><strong>manifeste</strong></span> <span class='ocrx_word' id='word_1_555' title='bbox 1713 4613 1982 4683; x_wconf 89' lang='lat' dir='ltr'><strong>scriptum</strong></span> <span class='ocrx_word' id='word_1_556' title='bbox 2010 4629 2095 4669; x_wconf 92' lang='lat' dir='ltr'><strong>re-</strong></span> 
     </span>
    </p>
   </div>
   <div class='ocr_carea' id='block_1_79' title="bbox 509 4696 2095 4778">
    <p class='ocr_par' dir='ltr' id='par_1_79' title="bbox 509 4696 2095 4778">
     <span class='ocr_line' id='line_1_79' title="bbox 509 4696 2095 4778; baseline -0.001 -16"><span class='ocrx_word' id='word_1_557' title='bbox 509 4696 697 4778; x_wconf 76' lang='lat' dir='ltr'><strong>liquit,</strong></span> <span class='ocrx_word' id='word_1_558' title='bbox 736 4714 793 4761; x_wconf 92' lang='lat' dir='ltr'><strong>et</strong></span> <span class='ocrx_word' id='word_1_559' title='bbox 817 4720 938 4761; x_wconf 89' lang='lat' dir='ltr'><strong>esse</strong></span> <span class='ocrx_word' id='word_1_560' title='bbox 961 4704 1242 4760; x_wconf 86' lang='lat' dir='ltr'><strong>Christum</strong></span> <span class='ocrx_word' id='word_1_561' title='bbox 1268 4704 1469 4761; x_wconf 89' lang='lat' dir='ltr'><strong>Filium</strong></span> <span class='ocrx_word' id='word_1_562' title='bbox 1496 4704 1595 4760; x_wconf 88' lang='lat' dir='ltr'><strong>Dei</strong></span> <span class='ocrx_word' id='word_1_563' title='bbox 1640 4706 1946 4761; x_wconf 88' lang='lat' dir='ltr'><strong>secundum</strong></span> <span class='ocrx_word' id='word_1_564' title='bbox 1982 4706 2095 4777; x_wconf 89' lang='lat' dir='ltr'><strong>spi-</strong></span> 
     </span>
    </p>
   </div>
   <div class='ocr_carea' id='block_1_80' title="bbox 512 4795 2089 4864">
    <p class='ocr_par' dir='ltr' id='par_1_80' title="bbox 512 4795 2089 4864">
     <span class='ocr_line' id='line_1_80' title="bbox 512 4795 2089 4864; baseline -0.001 -10"><span class='ocrx_word' id='word_1_565' title='bbox 512 4801 711 4861; x_wconf 86' lang='lat' dir='ltr'><strong>ritum,</strong></span> <span class='ocrx_word' id='word_1_566' title='bbox 752 4809 809 4852; x_wconf 89' lang='lat' dir='ltr'><strong>ct</strong></span> <span class='ocrx_word' id='word_1_567' title='bbox 836 4795 1035 4850; x_wconf 90' lang='lat' dir='ltr'><strong>Filium</strong></span> <span class='ocrx_word' id='word_1_568' title='bbox 1066 4796 1309 4854; x_wconf 90' lang='lat' dir='ltr'><strong>hominis</strong></span> <span class='ocrx_word' id='word_1_569' title='bbox 1350 4798 1657 4855; x_wconf 86' lang='lat' dir='ltr'><strong>secundum</strong></span> <span class='ocrx_word' id='word_1_570' title='bbox 1706 4813 1950 4864; x_wconf 89' lang='lat' dir='ltr'><strong>carnem,</strong></span> <span class='ocrx_word' id='word_1_571' title='bbox 1978 4814 2089 4853; x_wconf 91' lang='lat' dir='ltr'><strong>non</strong></span> 
     </span>
    </p>
   </div>
   <div class='ocr_carea' id='block_1_81' title="bbox 510 4890 2090 4956">
    <p class='ocr_par' dir='ltr' id='par_1_81' title="bbox 510 4890 2090 4956">
     <span class='ocr_line' id='line_1_81' title="bbox 510 4890 2090 4956; baseline -0.002 -8"><span class='ocrx_word' id='word_1_572' title='bbox 510 4893 650 4948; x_wconf 91' lang='lat' dir='ltr'><strong>duas</strong></span> <span class='ocrx_word' id='word_1_573' title='bbox 672 4898 900 4945; x_wconf 87' lang='lat' dir='ltr'><strong>naturas</strong></span> <span class='ocrx_word' id='word_1_574' title='bbox 926 4905 1097 4944; x_wconf 91' lang='lat' dir='ltr'><strong>unum</strong></span> <span class='ocrx_word' id='word_1_575' title='bbox 1115 4890 1337 4954; x_wconf 86' lang='lat' dir='ltr'><strong>Filium,</strong></span> <span class='ocrx_word' id='word_1_576' title='bbox 1358 4908 1522 4946; x_wconf 89' lang='lat' dir='ltr'><strong>unam</strong></span> <span class='ocrx_word' id='word_1_577' title='bbox 1547 4890 1904 4956; x_wconf 88' lang='lat' dir='ltr'><strong>adorandam,</strong></span> <span class='ocrx_word' id='word_1_578' title='bbox 1925 4890 2090 4946; x_wconf 89' lang='lat' dir='ltr'><strong>aliam</strong></span> 
     </span>
    </p>
   </div>
   <div class='ocr_carea' id='block_1_82' title="bbox 511 4981 2087 5048">
    <p class='ocr_par' dir='ltr' id='par_1_82' title="bbox 511 4981 2087 5048">
     <span class='ocr_line' id='line_1_82' title="bbox 511 4981 2087 5048; baseline -0.001 -11"><span class='ocrx_word' id='word_1_579' title='bbox 511 4999 625 5038; x_wconf 92' lang='lat' dir='ltr'><strong>non</strong></span> <span class='ocrx_word' id='word_1_580' title='bbox 658 4983 818 5045; x_wconf 89' lang='lat' dir='ltr'><strong>item;</strong></span> <span class='ocrx_word' id='word_1_581' title='bbox 841 4981 937 5036; x_wconf 88' lang='lat' dir='ltr'><strong>sed</strong></span> <span class='ocrx_word' id='word_1_582' title='bbox 962 4995 1126 5034; x_wconf 86' lang='lat' dir='ltr'><strong>unam</strong></span> <span class='ocrx_word' id='word_1_583' title='bbox 1154 4981 1251 5037; x_wconf 93' lang='lat' dir='ltr'><strong>Dei</strong></span> <span class='ocrx_word' id='word_1_584' title='bbox 1275 4982 1438 5036; x_wconf 80' lang='lat' dir='ltr'><strong>Verbi</strong></span> <span class='ocrx_word' id='word_1_585' title='bbox 1459 4992 1709 5037; x_wconf 89' lang='lat' dir='ltr'><strong>naturam</strong></span> <span class='ocrx_word' id='word_1_586' title='bbox 1728 4982 2087 5048; x_wconf 85' lang='lat' dir='ltr'><strong>incarnatam,</strong></span> 
     </span>
    </p>
   </div>
   <div class='ocr_carea' id='block_1_83' title="bbox 511 5072 2100 5145">
    <p class='ocr_par' dir='ltr' id='par_1_83' title="bbox 511 5072 2100 5145">
     <span class='ocr_line' id='line_1_83' title="bbox 511 5072 2100 5145; baseline -0.003 -15"><span class='ocrx_word' id='word_1_587' title='bbox 511 5083 566 5130; x_wconf 85' lang='lat' dir='ltr'><strong>et</strong></span> <span class='ocrx_word' id='word_1_588' title='bbox 596 5089 706 5129; x_wconf 90' lang='lat' dir='ltr'><strong>uno</strong></span> <span class='ocrx_word' id='word_1_589' title='bbox 731 5072 1039 5144; x_wconf 85' lang='lat' dir='ltr'><strong>eodemque</strong></span> <span class='ocrx_word' id='word_1_590' title='bbox 1068 5073 1224 5127; x_wconf 91' lang='lat' dir='ltr'><strong>cultu</strong></span> <span class='ocrx_word' id='word_1_591' title='bbox 1263 5089 1371 5128; x_wconf 91' lang='lat' dir='ltr'><strong>una</strong></span> <span class='ocrx_word' id='word_1_592' title='bbox 1400 5090 1528 5129; x_wconf 88' lang='lat' dir='ltr'><strong>cum</strong></span> <span class='ocrx_word' id='word_1_593' title='bbox 1559 5074 1676 5145; x_wconf 91' lang='lat' dir='ltr'><strong>ipsa</strong></span> <span class='ocrx_word' id='word_1_594' title='bbox 1716 5089 1882 5128; x_wconf 87' lang='lat' dir='ltr'><strong>carne</strong></span> <span class='ocrx_word' id='word_1_595' title='bbox 1906 5087 2100 5143; x_wconf 80' lang='lat' dir='ltr'><strong>prose-</strong></span> 
     </span>
    </p>
   </div>
   <div class='ocr_carea' id='block_1_84' title="bbox 515 5163 879 5236">
    <p class='ocr_par' dir='ltr' id='par_1_84' title="bbox 515 5163 879 5236">
     <span class='ocr_line' id='line_1_84' title="bbox 515 5163 879 5236; baseline -0.014 -17"><span class='ocrx_word' id='word_1_596' title='bbox 515 5163 818 5236; x_wconf 87' lang='lat' dir='ltr'><strong>quendam.</strong></span> <span class='ocrx_word' id='word_1_597' title='bbox 859 5180 879 5214; x_wconf 73' lang='grc' dir='ltr'><strong>ι</strong></span> 
     </span>
    </p>
   </div>
   <div class='ocr_carea' id='block_1_85' title="bbox 581 5253 2098 5325">
    <p class='ocr_par' dir='ltr' id='par_1_85' title="bbox 581 5253 2098 5325">
     <span class='ocr_line' id='line_1_85' title="bbox 581 5253 2098 5325; baseline -0.001 -14"><span class='ocrx_word' id='word_1_598' title='bbox 581 5257 717 5322; x_wconf 85' lang='lat' dir='ltr'><strong>Quis</strong></span> <span class='ocrx_word' id='word_1_599' title='bbox 739 5270 905 5325; x_wconf 91' lang='lat' dir='ltr'><strong>porro</strong></span> <span class='ocrx_word' id='word_1_600' title='bbox 932 5270 1043 5309; x_wconf 90' lang='lat' dir='ltr'><strong>non</strong></span> <span class='ocrx_word' id='word_1_601' title='bbox 1078 5253 1310 5310; x_wconf 89' lang='lat' dir='ltr'><strong>miretur</strong></span> <span class='ocrx_word' id='word_1_602' title='bbox 1336 5256 1382 5311; x_wconf 90' lang='lat' dir='ltr'><strong>si</strong></span> <span class='ocrx_word' id='word_1_603' title='bbox 1416 5254 1717 5310; x_wconf 44' lang='lat' dir='ltr'><strong>his&#39;omnia</strong></span> <span class='ocrx_word' id='word_1_604' title='bbox 1744 5253 1946 5309; x_wconf 89' lang='lat' dir='ltr'><strong>similia</strong></span> <span class='ocrx_word' id='word_1_605' title='bbox 1977 5269 2098 5324; x_wconf 89' lang='lat' dir='ltr'><strong>pro-</strong></span> 
     </span>
    </p>
   </div>
   <div class='ocr_carea' id='block_1_86' title="bbox 513 5344 2094 5417">
    <p class='ocr_par' dir='ltr' id='par_1_86' title="bbox 513 5344 2094 5417">
     <span class='ocr_line' id='line_1_86' title="bbox 513 5344 2094 5417; baseline -0.001 -15"><span class='ocrx_word' id='word_1_606' title='bbox 513 5350 733 5404; x_wconf 89' lang='lat' dir='ltr'><strong>tulisset</strong></span> <span class='ocrx_word' id='word_1_607' title='bbox 762 5346 1120 5408; x_wconf 88' lang='lat' dir='ltr'><strong>Athanasius,</strong></span> <span class='ocrx_word' id='word_1_608' title='bbox 1149 5346 1243 5417; x_wconf 89' lang='lat' dir='ltr'><strong>qui</strong></span> <span class='ocrx_word' id='word_1_609' title='bbox 1276 5362 1402 5402; x_wconf 91' lang='lat' dir='ltr'><strong>cum</strong></span> <span class='ocrx_word' id='word_1_610' title='bbox 1434 5345 1604 5416; x_wconf 88' lang='lat' dir='ltr'><strong>impio</strong></span> <span class='ocrx_word' id='word_1_611' title='bbox 1617 5344 1859 5400; x_wconf 89' lang='lat' dir='ltr'><strong>Diodoro</strong></span> <span class='ocrx_word' id='word_1_612' title='bbox 1886 5346 2094 5401; x_wconf 89' lang='lat' dir='ltr'><strong>sentire</strong></span> 
     </span>
    </p>
   </div>
   <div class='ocr_carea' id='block_1_87' title="bbox 510 5437 2090 5513">
    <p class='ocr_par' dir='ltr' id='par_1_87' title="bbox 510 5437 2090 5513">
     <span class='ocr_line' id='line_1_87' title="bbox 510 5437 2090 5513; baseline -0.004 -14"><span class='ocrx_word' id='word_1_613' title='bbox 510 5460 690 5513; x_wconf 90' lang='lat' dir='ltr'><strong>nuper</strong></span> <span class='ocrx_word' id='word_1_614' title='bbox 719 5442 940 5498; x_wconf 90' lang='lat' dir='ltr'><strong>crimini</strong></span> <span class='ocrx_word' id='word_1_615' title='bbox 971 5441 1242 5497; x_wconf 87' lang='lat' dir='ltr'><strong>dabatur?</strong></span> <span class='ocrx_word' id='word_1_616' title='bbox 1282 5443 1351 5497; x_wconf 88' lang='lat' dir='ltr'><strong>Et</strong></span> <span class='ocrx_word' id='word_1_617' title='bbox 1379 5442 1423 5499; x_wconf 90' lang='lat' dir='ltr'><strong>si</strong></span> <span class='ocrx_word' id='word_1_618' title='bbox 1464 5437 1810 5511; x_wconf 85' lang='lat' dir='ltr'><strong>protulisset,</strong></span> <span class='ocrx_word' id='word_1_619' title='bbox 1845 5438 2090 5507; x_wconf 89' lang='lat' dir='ltr'><strong>accepis-</strong></span> 
     </span>
    </p>
   </div>
   <div class='ocr_carea' id='block_1_88' title="bbox 590 5588 2093 5658">
    <p class='ocr_par' dir='ltr' id='par_1_88' title="bbox 590 5588 2093 5658">
     <span class='ocr_line' id='line_1_88' title="bbox 590 5588 2093 5658; baseline -0.003 -11"><span class='ocrx_word' id='word_1_620' title='bbox 590 5596 702 5658; x_wconf 78' lang='lat' dir='ltr'><strong>(Ml</strong></span> <span class='ocrx_word' id='word_1_621' title='bbox 742 5595 915 5650; x_wconf 83' lang='lat' dir='ltr'><strong>All‘ert</strong></span> <span class='ocrx_word' id='word_1_622' title='bbox 962 5596 1069 5649; x_wconf 91' lang='lat' dir='ltr'><strong>hoc</strong></span> <span class='ocrx_word' id='word_1_623' title='bbox 1119 5594 1263 5649; x_wconf 86' lang='lat' dir='ltr'><strong>idem</strong></span> <span class='ocrx_word' id='word_1_624' title='bbox 1302 5593 1685 5648; x_wconf 88' lang='lat' dir='ltr'><strong>testimonium</strong></span> <span class='ocrx_word' id='word_1_625' title='bbox 1722 5588 1989 5648; x_wconf 88' lang='lat' dir='ltr'><strong>Leontius</strong></span> <span class='ocrx_word' id='word_1_626' title='bbox 2035 5595 2093 5643; x_wconf 87' lang='lat' dir='ltr'><strong>et</strong></span> 
     </span>
    </p>
   </div>
   <div class='ocr_carea' id='block_1_89' title="bbox 516 5664 2087 5740">
    <p class='ocr_par' dir='ltr' id='par_1_89' title="bbox 516 5664 2087 5740">
     <span class='ocr_line' id='line_1_89' title="bbox 516 5664 2087 5740; baseline -0.003 -25"><span class='ocrx_word' id='word_1_627' title='bbox 516 5664 621 5740; x_wconf 87' lang='lat' dir='ltr'><strong>|_ih_.</strong></span> <span class='ocrx_word' id='word_1_628' title='bbox 666 5665 744 5718; x_wconf 89' lang='lat' dir='ltr'><strong>De</strong></span> <span class='ocrx_word' id='word_1_629' title='bbox 787 5667 957 5740; x_wconf 67' lang='lat' dir='ltr'><strong>sectis,</strong></span> <span class='ocrx_word' id='word_1_630' title='bbox 1010 5664 1384 5740; x_wconf 81' lang='lat' dir='ltr'><strong>ve_rum__illud</strong></span> <span class='ocrx_word' id='word_1_631' title='bbox 1421 5664 1707 5740; x_wconf 75' lang='lat' dir='ltr'><strong>Athanasii</strong></span> <span class='ocrx_word' id='word_1_632' title='bbox 1750 5668 2087 5740; x_wconf 73' lang='lat' dir='ltr'><strong>esse_negat.</strong></span> 
     </span>
    </p>
   </div>
   <div class='ocr_carea' id='block_1_90' title="bbox 519 5730 2092 5804">
    <p class='ocr_par' dir='ltr' id='par_1_90' title="bbox 519 5730 2092 5804">
     <span class='ocr_line' id='line_1_90' title="bbox 519 5730 2092 5804; baseline -0.004 -16"><span class='ocrx_word' id='word_1_633' title='bbox 519 5735 599 5789; x_wconf 76' lang='lat' dir='ltr'><strong>Ad</strong></span> <span class='ocrx_word' id='word_1_634' title='bbox 645 5736 1029 5789; x_wconf 85' lang='lat' dir='ltr'><strong>auctoritatem</strong></span> <span class='ocrx_word' id='word_1_635' title='bbox 1057 5733 1242 5804; x_wconf 85' lang='lat' dir='ltr'><strong>Cyrilli</strong></span> <span class='ocrx_word' id='word_1_636' title='bbox 1289 5735 1438 5804; x_wconf 92' lang='lat' dir='ltr'><strong>quod</strong></span> <span class='ocrx_word' id='word_1_637' title='bbox 1470 5734 1690 5799; x_wconf 86' lang='lat' dir='ltr'><strong>attinet,</strong></span> <span class='ocrx_word' id='word_1_638' title='bbox 1724 5734 1822 5804; x_wconf 79' lang='lat' dir='ltr'><strong>ait,</strong></span> <span class='ocrx_word' id='word_1_639' title='bbox 1859 5730 1937 5786; x_wconf 87' lang='lat' dir='ltr'><strong>ibi</strong></span> <span class='ocrx_word' id='word_1_640' title='bbox 1971 5743 2092 5783; x_wconf 89' lang='lat' dir='ltr'><strong>esse</strong></span> 
     </span>
    </p>
   </div>
   <div class='ocr_carea' id='block_1_91' title="bbox 520 5802 2094 5884">
    <p class='ocr_par' dir='ltr' id='par_1_91' title="bbox 520 5802 2094 5884">
     <span class='ocr_line' id='line_1_91' title="bbox 520 5802 2094 5884; baseline -0.003 -28"><span class='ocrx_word' id='word_1_641' title='bbox 520 5804 807 5884; x_wconf 78' lang='lat' dir='ltr'><strong>mendum,</strong></span> <span class='ocrx_word' id='word_1_642' title='bbox 858 5814 914 5857; x_wconf 86' lang='lat' dir='ltr'><strong>et</strong></span> <span class='ocrx_word' id='word_1_643' title='bbox 966 5802 1523 5875; x_wconf 64' lang='lat' dir='ltr'><strong>Dioscorum&#39;Cyrilli</strong></span> <span class='ocrx_word' id='word_1_644' title='bbox 1573 5820 1743 5876; x_wconf 83' lang='lat' dir='ltr'><strong>opera</strong></span> <span class='ocrx_word' id='word_1_645' title='bbox 1792 5802 2094 5872; x_wconf 86' lang='lat' dir='ltr'><strong>depravare</strong></span> 
     </span>
    </p>
   </div>
   <div class='ocr_carea' id='block_1_92' title="bbox 521 5887 889 5928">
    <p class='ocr_par' dir='ltr' id='par_1_92' title="bbox 521 5887 889 5928">
     <span class='ocr_line' id='line_1_92' title="bbox 521 5887 889 5928; baseline -0.008 0"><span class='ocrx_word' id='word_1_646' title='bbox 521 5887 889 5928; x_wconf 72' lang='grc' dir='ltr'><strong>ςοηδυονιδεθ.</strong></span> 
     </span>
    </p>
   </div>
   <div class='ocr_carea' id='block_1_93' title="bbox 2198 3340 2695 3411">
    <p class='ocr_par' dir='ltr' id='par_1_93' title="bbox 2198 3340 2695 3411">
     <span class='ocr_line' id='line_1_93' title="bbox 2198 3340 2695 3411; baseline 0.008 -19"><span class='ocrx_word' id='word_1_647' title='bbox 2198 3340 2473 3411; x_wconf 80' lang='grc' dir='ltr'>φήσαντος</span> <span class='ocrx_word' id='word_1_648' title='bbox 2501 3341 2695 3406; x_wconf 70' lang='grc' dir='ltr'>οὕτως’</span> 
     </span>
    </p>
   </div>
   <div class='ocr_carea' id='block_1_94' title="bbox 2276 3503 3773 3592">
    <p class='ocr_par' dir='ltr' id='par_1_94' title="bbox 2276 3503 3773 3592">
     <span class='ocr_line' id='line_1_94' title="bbox 2276 3503 3773 3592; baseline 0.009 -24"><span class='ocrx_word' id='word_1_649' title='bbox 2276 3534 2295 3567; x_wconf 81' lang='grc' dir='ltr'><strong>ι</strong></span> <span class='ocrx_word' id='word_1_650' title='bbox 2330 3515 2465 3570; x_wconf 78' lang='grc' dir='ltr'>Θεὸν</span> <span class='ocrx_word' id='word_1_651' title='bbox 2490 3516 2599 3587; x_wconf 82' lang='grc' dir='ltr'><strong>γὰρ</strong></span> <span class='ocrx_word' id='word_1_652' title='bbox 2628 3517 2877 3585; x_wconf 88' lang='grc' dir='ltr'>λέγοντες</span> <span class='ocrx_word' id='word_1_653' title='bbox 2908 3519 3004 3574; x_wconf 76' lang='grc' dir='ltr'><strong>καὶ</strong></span> <span class='ocrx_word' id='word_1_654' title='bbox 3037 3503 3322 3591; x_wconf 74' lang='grc' dir='ltr'>ἄνθρωπον</span> <span class='ocrx_word' id='word_1_655' title='bbox 3349 3523 3442 3578; x_wconf 84' lang='grc' dir='ltr'><strong>τὸν</strong></span> <span class='ocrx_word' id='word_1_656' title='bbox 3464 3525 3651 3592; x_wconf 73' lang='grc' dir='ltr'>αὐτὸν,</span> <span class='ocrx_word' id='word_1_657' title='bbox 3676 3528 3773 3581; x_wconf 78' lang='grc' dir='ltr'><strong>οὐκ</strong></span> 
     </span>
    </p>
   </div>
   <div class='ocr_carea' id='block_1_95' title="bbox 2196 3607 3770 3686">
    <p class='ocr_par' dir='ltr' id='par_1_95' title="bbox 2196 3607 3770 3686">
     <span class='ocr_line' id='line_1_95' title="bbox 2196 3607 3770 3686; baseline 0.006 -26"><span class='ocrx_word' id='word_1_658' title='bbox 2196 3607 2546 3677; x_wconf 83' lang='grc' dir='ltr'>αἰσχύνονται</span> <span class='ocrx_word' id='word_1_659' title='bbox 2578 3609 2709 3678; x_wconf 90' lang='grc' dir='ltr'>μίαν</span> <span class='ocrx_word' id='word_1_660' title='bbox 2734 3608 2894 3677; x_wconf 79' lang='grc' dir='ltr'>φύσιν</span> <span class='ocrx_word' id='word_1_661' title='bbox 2918 3609 3012 3663; x_wconf 84' lang='grc' dir='ltr'><strong>τοῦ</strong></span> <span class='ocrx_word' id='word_1_662' title='bbox 3044 3609 3179 3664; x_wconf 83' lang='grc' dir='ltr'><strong>Θεοῦ</strong></span> <span class='ocrx_word' id='word_1_663' title='bbox 3208 3612 3385 3680; x_wconf 84' lang='grc' dir='ltr'><strong>Λόγου</strong></span> <span class='ocrx_word' id='word_1_664' title='bbox 3415 3615 3770 3686; x_wconf 72' lang='grc' dir='ltr'>σεσαρκωμι-</span> 
     </span>
    </p>
   </div>
   <div class='ocr_carea' id='block_1_96' title="bbox 2198 3694 3772 3775">
    <p class='ocr_par' dir='ltr' id='par_1_96' title="bbox 2198 3694 3772 3775">
     <span class='ocr_line' id='line_1_96' title="bbox 2198 3694 3772 3775; baseline 0.006 -23"><span class='ocrx_word' id='word_1_665' title='bbox 2198 3716 2297 3769; x_wconf 90' lang='grc' dir='ltr'><strong>νην</strong></span> <span class='ocrx_word' id='word_1_666' title='bbox 2327 3694 2439 3753; x_wconf 76' lang='grc' dir='ltr'>οἷόν</span> <span class='ocrx_word' id='word_1_667' title='bbox 2478 3718 2602 3755; x_wconf 84' lang='grc' dir='ltr'>τινα</span> <span class='ocrx_word' id='word_1_668' title='bbox 2633 3701 2888 3756; x_wconf 80' lang='grc' dir='ltr'>σύνθετον</span> <span class='ocrx_word' id='word_1_669' title='bbox 2919 3703 3329 3773; x_wconf 66' lang='grc' dir='ltr'>ὁμολογοῦντεςθ</span> <span class='ocrx_word' id='word_1_670' title='bbox 3361 3705 3419 3758; x_wconf 78' lang='grc' dir='ltr'><strong>εἴ</strong></span> <span class='ocrx_word' id='word_1_671' title='bbox 3442 3723 3505 3775; x_wconf 88' lang='grc' dir='ltr'><strong>γε</strong></span> <span class='ocrx_word' id='word_1_672' title='bbox 3538 3706 3672 3772; x_wconf 84' lang='grc' dir='ltr'>Θεὸς</span> <span class='ocrx_word' id='word_1_673' title='bbox 3696 3710 3772 3762; x_wconf 75' lang='grc' dir='ltr'><strong>τὲ-</strong></span> 
     </span>
    </p>
   </div>
   <div class='ocr_carea' id='block_1_97' title="bbox 2197 3791 3772 3871">
    <p class='ocr_par' dir='ltr' id='par_1_97' title="bbox 2197 3791 3772 3871">
     <span class='ocr_line' id='line_1_97' title="bbox 2197 3791 3772 3871; baseline 0.007 -27"><span class='ocrx_word' id='word_1_674' title='bbox 2197 3791 2339 3856; x_wconf 89' lang='grc' dir='ltr'>λειος</span> <span class='ocrx_word' id='word_1_675' title='bbox 2368 3791 2463 3847; x_wconf 68' lang='grc' dir='ltr'><strong>καὶ</strong></span> <span class='ocrx_word' id='word_1_676' title='bbox 2500 3793 2787 3864; x_wconf 78' lang='grc' dir='ltr'>ἄνθρωπος</span> <span class='ocrx_word' id='word_1_677' title='bbox 2810 3794 3014 3857; x_wconf 87' lang='grc' dir='ltr'>τέλειος</span> <span class='ocrx_word' id='word_1_678' title='bbox 3052 3797 3080 3849; x_wconf 90' lang='lat'><strong>6</strong></span> <span class='ocrx_word' id='word_1_679' title='bbox 3113 3795 3296 3861; x_wconf 81' lang='grc' dir='ltr'>αὐτὸς,</span> <span class='ocrx_word' id='word_1_680' title='bbox 3311 3796 3407 3850; x_wconf 81' lang='grc' dir='ltr'><strong>δύο</strong></span> <span class='ocrx_word' id='word_1_681' title='bbox 3445 3798 3641 3866; x_wconf 81' lang='grc' dir='ltr'>φύσεις</span> <span class='ocrx_word' id='word_1_682' title='bbox 3667 3800 3772 3871; x_wconf 75' lang='grc' dir='ltr'>ἄρα</span> 
     </span>
    </p>
   </div>
   <div class='ocr_carea' id='block_1_98' title="bbox 2197 3882 3772 3957">
    <p class='ocr_par' dir='ltr' id='par_1_98' title="bbox 2197 3882 3772 3957">
     <span class='ocr_line' id='line_1_98' title="bbox 2197 3882 3772 3957; baseline 0.003 -21"><span class='ocrx_word' id='word_1_683' title='bbox 2197 3885 2225 3936; x_wconf 87' lang='lat'><strong>6</strong></span> <span class='ocrx_word' id='word_1_684' title='bbox 2246 3884 2431 3949; x_wconf 82' lang='grc' dir='ltr'>αὐτὸς,</span> <span class='ocrx_word' id='word_1_685' title='bbox 2462 3882 2713 3955; x_wconf 79' lang='grc' dir='ltr'>καθάπερ</span> <span class='ocrx_word' id='word_1_686' title='bbox 2735 3886 2767 3954; x_wconf 74' lang='grc' dir='ltr'>ἡ</span> <span class='ocrx_word' id='word_1_687' title='bbox 2789 3884 2899 3938; x_wconf 87' lang='grc' dir='ltr'><strong>τῶν</strong></span> <span class='ocrx_word' id='word_1_688' title='bbox 2918 3885 3301 3940; x_wconf 82' lang='grc' dir='ltr'>Καππαδοκῶν</span> <span class='ocrx_word' id='word_1_689' title='bbox 3324 3889 3630 3957; x_wconf 78' lang='grc' dir='ltr'>εἰσηγεῖται</span> <span class='ocrx_word' id='word_1_690' title='bbox 3654 3906 3772 3942; x_wconf 80' lang='grc' dir='ltr'>και·</span> 
     </span>
    </p>
   </div>
   <div class='ocr_carea' id='block_1_99' title="bbox 2199 3976 3773 4048">
    <p class='ocr_par' dir='ltr' id='par_1_99' title="bbox 2199 3976 3773 4048">
     <span class='ocr_line' id='line_1_99' title="bbox 2199 3976 3773 4048; baseline -0.001 -18"><span class='ocrx_word' id='word_1_691' title='bbox 2199 3976 2446 4046; x_wconf 87' lang='grc' dir='ltr'>νοτομία,</span> <span class='ocrx_word' id='word_1_692' title='bbox 2476 3977 2742 4048; x_wconf 85' lang='grc' dir='ltr'>Διοδώρου</span> <span class='ocrx_word' id='word_1_693' title='bbox 2772 3993 2829 4030; x_wconf 86' lang='grc' dir='ltr'>τε</span> <span class='ocrx_word' id='word_1_694' title='bbox 2886 3978 2982 4031; x_wconf 79' lang='grc' dir='ltr'><strong>καὶ</strong></span> <span class='ocrx_word' id='word_1_695' title='bbox 3020 3976 3338 4033; x_wconf 80' lang='grc' dir='ltr'>Ἀθανασίου</span> <span class='ocrx_word' id='word_1_696' title='bbox 3368 3978 3401 4047; x_wconf 78' lang='grc' dir='ltr'><strong>ἡ</strong></span> <span class='ocrx_word' id='word_1_697' title='bbox 3445 3978 3646 4047; x_wconf 77' lang='grc' dir='ltr'>οἴησις,</span> <span class='ocrx_word' id='word_1_698' title='bbox 3681 3978 3773 4034; x_wconf 74' lang='grc' dir='ltr'><strong>καὶ</strong></span> 
     </span>
    </p>
   </div>
   <div class='ocr_carea' id='block_1_100' title="bbox 2196 4067 3770 4141">
    <p class='ocr_par' dir='ltr' id='par_1_100' title="bbox 2196 4067 3770 4141">
     <span class='ocr_line' id='line_1_100' title="bbox 2196 4067 3770 4141; baseline 0 -20"><span class='ocrx_word' id='word_1_699' title='bbox 2196 4068 2308 4122; x_wconf 83' lang='grc' dir='ltr'>τῶν</span> <span class='ocrx_word' id='word_1_700' title='bbox 2355 4070 2415 4123; x_wconf 81' lang='grc' dir='ltr'><strong>ὲν</strong></span> <span class='ocrx_word' id='word_1_701' title='bbox 2453 4067 2651 4140; x_wconf 76' lang='grc' dir='ltr'>Ἰταλίᾳ</span> <span class='ocrx_word' id='word_1_702' title='bbox 2683 4071 2711 4122; x_wconf 90' lang='lat'><strong>6</strong></span> <span class='ocrx_word' id='word_1_703' title='bbox 2747 4068 2936 4137; x_wconf 84' lang='grc' dir='ltr'>τύφος·</span> <span class='ocrx_word' id='word_1_704' title='bbox 2986 4071 3082 4124; x_wconf 79' lang='grc' dir='ltr'><strong>καὶ</strong></span> <span class='ocrx_word' id='word_1_705' title='bbox 3119 4069 3548 4139; x_wconf 77' lang='grc' dir='ltr'>σχηματίζονται</span> <span class='ocrx_word' id='word_1_706' title='bbox 3591 4071 3691 4141; x_wconf 83' lang='grc' dir='ltr'><strong>μὲν</strong></span> <span class='ocrx_word' id='word_1_707' title='bbox 3724 4071 3770 4123; x_wconf 81' lang='grc' dir='ltr'><strong>οἰ</strong></span> 
     </span>
    </p>
   </div>
   <div class='ocr_carea' id='block_1_101' title="bbox 2197 4156 3771 4230">
    <p class='ocr_par' dir='ltr' id='par_1_101' title="bbox 2197 4156 3771 4230">
     <span class='ocr_line' id='line_1_101' title="bbox 2197 4156 3771 4230; baseline -0.004 -18"><span class='ocrx_word' id='word_1_708' title='bbox 2197 4158 2360 4230; x_wconf 85' lang='grc' dir='ltr'>δῆθεν</span> <span class='ocrx_word' id='word_1_709' title='bbox 2384 4159 2649 4230; x_wconf 78' lang='grc' dir='ltr'>ἡμέτεροι</span> <span class='ocrx_word' id='word_1_710' title='bbox 2678 4160 2896 4229; x_wconf 86' lang='grc' dir='ltr'>φρονεῖν</span> <span class='ocrx_word' id='word_1_711' title='bbox 2938 4158 3007 4212; x_wconf 82' lang='grc' dir='ltr'>τὰ</span> <span class='ocrx_word' id='word_1_712' title='bbox 3047 4156 3141 4211; x_wconf 74' lang='grc' dir='ltr'>τοῦ</span> <span class='ocrx_word' id='word_1_713' title='bbox 3183 4157 3339 4225; x_wconf 78' lang='grc' dir='ltr'>ἁγίου</span> <span class='ocrx_word' id='word_1_714' title='bbox 3381 4157 3594 4227; x_wconf 84' lang='grc' dir='ltr'>Πατρὸς</span> <span class='ocrx_word' id='word_1_715' title='bbox 3619 4157 3771 4228; x_wconf 76' lang='grc' dir='ltr'><strong>ἡμῶν</strong></span> 
     </span>
    </p>
   </div>
   <div class='ocr_carea' id='block_1_102' title="bbox 2211 4248 3770 4321">
    <p class='ocr_par' dir='ltr' id='par_1_102' title="bbox 2211 4248 3770 4321">
     <span class='ocr_line' id='line_1_102' title="bbox 2211 4248 3770 4321; baseline -0.003 -17"><span class='ocrx_word' id='word_1_716' title='bbox 2211 4251 2617 4321; x_wconf 82' lang='grc' dir='ltr'>Ἀπολιναρίου,</span> <span class='ocrx_word' id='word_1_717' title='bbox 2645 4268 2714 4319; x_wconf 83' lang='grc' dir='ltr'><strong>κη</strong></span> <span class='ocrx_word' id='word_1_718' title='bbox 2725 4250 2980 4319; x_wconf 87' lang='grc' dir='ltr'>ρύττουσι</span> <span class='ocrx_word' id='word_1_719' title='bbox 3001 4250 3057 4303; x_wconf 75' lang='grc' dir='ltr'>δὲ</span> <span class='ocrx_word' id='word_1_720' title='bbox 3082 4250 3336 4317; x_wconf 84' lang='grc' dir='ltr'>καθάπερ</span> <span class='ocrx_word' id='word_1_721' title='bbox 3355 4250 3658 4321; x_wconf 82' lang='grc' dir='ltr'>Γρηγόριος</span> <span class='ocrx_word' id='word_1_722' title='bbox 3679 4248 3770 4319; x_wconf 73' lang='grc' dir='ltr'>τὴν</span> 
     </span>
    </p>
   </div>
   <div class='ocr_carea' id='block_1_103' title="bbox 2201 4335 3773 4409">
    <p class='ocr_par' dir='ltr' id='par_1_103' title="bbox 2201 4335 3773 4409">
     <span class='ocr_line' id='line_1_103' title="bbox 2201 4335 3773 4409; baseline -0.004 -15"><span class='ocrx_word' id='word_1_723' title='bbox 2201 4340 2311 4394; x_wconf 84' lang='grc' dir='ltr'>τῶν</span> <span class='ocrx_word' id='word_1_724' title='bbox 2361 4340 2579 4409; x_wconf 80' lang='grc' dir='ltr'>φύσεων</span> <span class='ocrx_word' id='word_1_725' title='bbox 2633 4339 2821 4393; x_wconf 78' lang='grc' dir='ltr'>δυάδα.</span> <span class='ocrx_word' id='word_1_726' title='bbox 2862 4358 2880 4392; x_wconf 79' lang='grc' dir='ltr'><strong>ι</strong></span> <span class='ocrx_word' id='word_1_727' title='bbox 2915 4338 3030 4394; x_wconf 76' lang='grc' dir='ltr'>Καὶ,</span> <span class='ocrx_word' id='word_1_728' title='bbox 3047 4338 3198 4407; x_wconf 85' lang='grc' dir='ltr'>μετὰ</span> <span class='ocrx_word' id='word_1_729' title='bbox 3248 4337 3504 4407; x_wconf 75' lang='grc' dir='ltr'>βραχέα·</span> <span class='ocrx_word' id='word_1_730' title='bbox 3568 4357 3587 4389; x_wconf 79' lang='grc' dir='ltr'><strong>ι</strong></span> <span class='ocrx_word' id='word_1_731' title='bbox 3625 4337 3690 4391; x_wconf 87' lang='grc' dir='ltr'><strong>Τί</strong></span> <span class='ocrx_word' id='word_1_732' title='bbox 3716 4335 3773 4389; x_wconf 71' lang='grc' dir='ltr'><strong>δὲ</strong></span> 
     </span>
    </p>
   </div>
   <div class='ocr_carea' id='block_1_104' title="bbox 2211 4426 3769 4502">
    <p class='ocr_par' dir='ltr' id='par_1_104' title="bbox 2211 4426 3769 4502">
     <span class='ocr_line' id='line_1_104' title="bbox 2211 4426 3769 4502; baseline -0.003 -17"><span class='ocrx_word' id='word_1_733' title='bbox 2211 4430 2571 4502; x_wconf 81' lang='grc' dir='ltr'>Ἀπολιναρίῳ</span> <span class='ocrx_word' id='word_1_734' title='bbox 2636 4429 2716 4501; x_wconf 85' lang='grc' dir='ltr'>τῷ</span> <span class='ocrx_word' id='word_1_735' title='bbox 2793 4430 2925 4500; x_wconf 83' lang='grc' dir='ltr'><strong>θείῳ</strong></span> <span class='ocrx_word' id='word_1_736' title='bbox 2981 4429 3252 4500; x_wconf 77' lang='grc' dir='ltr'>μαθητιᾷν</span> <span class='ocrx_word' id='word_1_737' title='bbox 3309 4426 3769 4498; x_wconf 76' lang='grc' dir='ltr'>σχηματίζονταις</span> 
     </span>
    </p>
   </div>
   <div class='ocr_carea' id='block_1_105' title="bbox 2198 4517 3774 4593">
    <p class='ocr_par' dir='ltr' id='par_1_105' title="bbox 2198 4517 3774 4593">
     <span class='ocr_line' id='line_1_105' title="bbox 2198 4517 3774 4593; baseline -0.004 -17"><span class='ocrx_word' id='word_1_738' title='bbox 2198 4520 2404 4592; x_wconf 88' lang='grc' dir='ltr'>ταύτην</span> <span class='ocrx_word' id='word_1_739' title='bbox 2444 4522 2553 4593; x_wconf 84' lang='grc' dir='ltr'><strong>γὰρ</strong></span> <span class='ocrx_word' id='word_1_740' title='bbox 2590 4520 2677 4574; x_wconf 78' lang='grc' dir='ltr'><strong>ἐπ’</strong></span> <span class='ocrx_word' id='word_1_741' title='bbox 2707 4521 2990 4592; x_wconf 82' lang='grc' dir='ltr'>ἀναιρέσει</span> <span class='ocrx_word' id='word_1_742' title='bbox 3035 4520 3134 4589; x_wconf 81' lang='grc' dir='ltr'><strong>τῆς</strong></span> <span class='ocrx_word' id='word_1_743' title='bbox 3181 4518 3288 4573; x_wconf 83' lang='grc' dir='ltr'>τῶν</span> <span class='ocrx_word' id='word_1_744' title='bbox 3319 4518 3534 4587; x_wconf 83' lang='grc' dir='ltr'>φύσεων</span> <span class='ocrx_word' id='word_1_745' title='bbox 3584 4517 3774 4579; x_wconf 78' lang='grc' dir='ltr'>δυάδος</span> 
     </span>
    </p>
   </div>
   <div class='ocr_carea' id='block_1_106' title="bbox 2200 4602 3774 4685">
    <p class='ocr_par' dir='ltr' id='par_1_106' title="bbox 2200 4602 3774 4685">
     <span class='ocr_line' id='line_1_106' title="bbox 2200 4602 3774 4685; baseline -0.006 -18"><span class='ocrx_word' id='word_1_746' title='bbox 2200 4615 2361 4685; x_wconf 85' lang='grc' dir='ltr'>μόνος</span> <span class='ocrx_word' id='word_1_747' title='bbox 2381 4614 2514 4683; x_wconf 86' lang='grc' dir='ltr'>ἡμῖν</span> <span class='ocrx_word' id='word_1_748' title='bbox 2543 4610 2850 4681; x_wconf 83' lang='grc' dir='ltr'>ἀπεκύησε,</span> <span class='ocrx_word' id='word_1_749' title='bbox 2881 4610 3174 4682; x_wconf 81' lang='grc' dir='ltr'>γεγραφὼς</span> <span class='ocrx_word' id='word_1_750' title='bbox 3203 4602 3305 4663; x_wconf 77' lang='grc' dir='ltr'>ὧδέ</span> <span class='ocrx_word' id='word_1_751' title='bbox 3337 4627 3411 4680; x_wconf 89' lang='grc' dir='ltr'><strong>πη</strong></span> <span class='ocrx_word' id='word_1_752' title='bbox 3446 4608 3650 4677; x_wconf 76' lang='grc' dir='ltr'>σαφῶςο</span> <span class='ocrx_word' id='word_1_753' title='bbox 3680 4607 3774 4660; x_wconf 80' lang='grc' dir='ltr'><strong>καὶ</strong></span> 
     </span>
    </p>
   </div>
   <div class='ocr_carea' id='block_1_107' title="bbox 2198 4699 3772 4771">
    <p class='ocr_par' dir='ltr' id='par_1_107' title="bbox 2198 4699 3772 4771">
     <span class='ocr_line' id='line_1_107' title="bbox 2198 4699 3772 4771; baseline -0.006 -11"><span class='ocrx_word' id='word_1_754' title='bbox 2198 4703 2515 4760; x_wconf 82' lang='grc' dir='ltr'>εἷναιαύτὸν</span> <span class='ocrx_word' id='word_1_755' title='bbox 2539 4704 2668 4758; x_wconf 82' lang='grc' dir='ltr'>Υίὸν</span> <span class='ocrx_word' id='word_1_756' title='bbox 2705 4703 2801 4758; x_wconf 82' lang='grc' dir='ltr'><strong>τοῦ</strong></span> <span class='ocrx_word' id='word_1_757' title='bbox 2833 4703 2991 4769; x_wconf 81' lang='grc' dir='ltr'>Θεοῦ,</span> <span class='ocrx_word' id='word_1_758' title='bbox 3025 4703 3122 4756; x_wconf 78' lang='grc' dir='ltr'><strong>καὶ</strong></span> <span class='ocrx_word' id='word_1_759' title='bbox 3140 4703 3276 4756; x_wconf 82' lang='grc' dir='ltr'>Θεὸν</span> <span class='ocrx_word' id='word_1_760' title='bbox 3304 4701 3445 4756; x_wconf 82' lang='grc' dir='ltr'>κατὰ</span> <span class='ocrx_word' id='word_1_761' title='bbox 3476 4702 3676 4771; x_wconf 79' lang='grc' dir='ltr'>σάρκα,</span> <span class='ocrx_word' id='word_1_762' title='bbox 3710 4699 3772 4752; x_wconf 82' lang='grc' dir='ltr'>οὐ</span> 
     </span>
    </p>
   </div>
   <div class='ocr_carea' id='block_1_108' title="bbox 2196 4788 3772 4868">
    <p class='ocr_par' dir='ltr' id='par_1_108' title="bbox 2196 4788 3772 4868">
     <span class='ocr_line' id='line_1_108' title="bbox 2196 4788 3772 4868; baseline -0.008 -16"><span class='ocrx_word' id='word_1_763' title='bbox 2196 4799 2289 4853; x_wconf 85' lang='grc' dir='ltr'><strong>δύο</strong></span> <span class='ocrx_word' id='word_1_764' title='bbox 2321 4797 2512 4868; x_wconf 81' lang='grc' dir='ltr'>φύσεις</span> <span class='ocrx_word' id='word_1_765' title='bbox 2532 4798 2624 4850; x_wconf 91' lang='grc' dir='ltr'><strong>τὸν</strong></span> <span class='ocrx_word' id='word_1_766' title='bbox 2654 4796 2751 4849; x_wconf 76' lang='grc' dir='ltr'>ενα</span> <span class='ocrx_word' id='word_1_767' title='bbox 2778 4795 2925 4861; x_wconf 85' lang='grc' dir='ltr'>Υίὸν,</span> <span class='ocrx_word' id='word_1_768' title='bbox 2954 4795 3085 4867; x_wconf 83' lang='grc' dir='ltr'>μίαν</span> <span class='ocrx_word' id='word_1_769' title='bbox 3116 4790 3497 4865; x_wconf 81' lang='grc' dir='ltr'>προσκυνητὴν</span> <span class='ocrx_word' id='word_1_770' title='bbox 3524 4791 3616 4844; x_wconf 73' lang='grc' dir='ltr'>καὶ</span> <span class='ocrx_word' id='word_1_771' title='bbox 3645 4788 3772 4859; x_wconf 89' lang='grc' dir='ltr'>μίαν</span> 
     </span>
    </p>
   </div>
   <div class='ocr_carea' id='block_1_109' title="bbox 2198 4881 3769 4963">
    <p class='ocr_par' dir='ltr' id='par_1_109' title="bbox 2198 4881 3769 4963">
     <span class='ocr_line' id='line_1_109' title="bbox 2198 4881 3769 4963; baseline -0.01 -17"><span class='ocrx_word' id='word_1_772' title='bbox 2198 4890 2636 4963; x_wconf 77' lang='grc' dir='ltr'>ἀπροσκύνητον,</span> <span class='ocrx_word' id='word_1_773' title='bbox 2675 4888 2814 4941; x_wconf 80' lang='grc' dir='ltr'>ἀλλὰ</span> <span class='ocrx_word' id='word_1_774' title='bbox 2850 4889 2979 4959; x_wconf 88' lang='grc' dir='ltr'>μίαν</span> <span class='ocrx_word' id='word_1_775' title='bbox 3010 4886 3172 4956; x_wconf 86' lang='grc' dir='ltr'>φύσιν</span> <span class='ocrx_word' id='word_1_776' title='bbox 3201 4884 3294 4938; x_wconf 80' lang='grc' dir='ltr'><strong>τοῦ</strong></span> <span class='ocrx_word' id='word_1_777' title='bbox 3322 4881 3456 4937; x_wconf 80' lang='grc' dir='ltr'>Θεοῦ</span> <span class='ocrx_word' id='word_1_778' title='bbox 3479 4882 3653 4949; x_wconf 88' lang='grc' dir='ltr'><strong>Λόγου</strong></span> <span class='ocrx_word' id='word_1_779' title='bbox 3683 4894 3769 4931; x_wconf 87' lang='grc' dir='ltr'><strong>σε-</strong></span> 
     </span>
    </p>
   </div>
   <div class='ocr_carea' id='block_1_110' title="bbox 2200 4968 3770 5054">
    <p class='ocr_par' dir='ltr' id='par_1_110' title="bbox 2200 4968 3770 5054">
     <span class='ocr_line' id='line_1_110' title="bbox 2200 4968 3770 5054; baseline -0.01 -16"><span class='ocrx_word' id='word_1_780' title='bbox 2200 4983 2564 5054; x_wconf 83' lang='grc' dir='ltr'>σαρκωμένην</span> <span class='ocrx_word' id='word_1_781' title='bbox 2595 4982 2690 5036; x_wconf 72' lang='grc' dir='ltr'><strong>καὶ</strong></span> <span class='ocrx_word' id='word_1_782' title='bbox 2722 4978 3205 5052; x_wconf 82' lang='grc' dir='ltr'>προσκυνουμένην</span> <span class='ocrx_word' id='word_1_783' title='bbox 3250 4974 3391 5046; x_wconf 84' lang='grc' dir='ltr'>μετὰ</span> <span class='ocrx_word' id='word_1_784' title='bbox 3425 4973 3523 5044; x_wconf 82' lang='grc' dir='ltr'>τῆς</span> <span class='ocrx_word' id='word_1_785' title='bbox 3570 4968 3770 5042; x_wconf 79' lang='grc' dir='ltr'>σαρκὸς</span> 
     </span>
    </p>
   </div>
   <div class='ocr_carea' id='block_1_111' title="bbox 2197 5074 2988 5147">
    <p class='ocr_par' dir='ltr' id='par_1_111' title="bbox 2197 5074 2988 5147">
     <span class='ocr_line' id='line_1_111' title="bbox 2197 5074 2988 5147; baseline -0.008 -16"><span class='ocrx_word' id='word_1_786' title='bbox 2197 5074 2363 5131; x_wconf 79' lang='grc' dir='ltr'><strong>αὑτοῦ</strong></span> <span class='ocrx_word' id='word_1_787' title='bbox 2407 5075 2505 5147; x_wconf 77' lang='grc' dir='ltr'>μιᾷ</span> <span class='ocrx_word' id='word_1_788' title='bbox 2542 5074 2933 5145; x_wconf 81' lang='grc' dir='ltr'>προσκυνήσει.</span> <span class='ocrx_word' id='word_1_789' title='bbox 2970 5091 2988 5125; x_wconf 85' lang='grc' dir='ltr'><strong>ι</strong></span> 
     </span>
    </p>
   </div>
   <div class='ocr_carea' id='block_1_112' title="bbox 2265 5234 3773 5318">
    <p class='ocr_par' dir='ltr' id='par_1_112' title="bbox 2265 5234 3773 5318">
     <span class='ocr_line' id='line_1_112' title="bbox 2265 5234 3773 5318; baseline -0.014 -13"><span class='ocrx_word' id='word_1_790' title='bbox 2265 5251 2361 5315; x_wconf 83' lang='grc' dir='ltr'>Τίς</span> <span class='ocrx_word' id='word_1_791' title='bbox 2386 5245 2481 5304; x_wconf 81' lang='grc' dir='ltr'><strong>οὖν</strong></span> <span class='ocrx_word' id='word_1_792' title='bbox 2513 5249 2575 5302; x_wconf 81' lang='grc' dir='ltr'><strong>οὐ</strong></span> <span class='ocrx_word' id='word_1_793' title='bbox 2609 5246 2903 5318; x_wconf 79' lang='grc' dir='ltr'>θαυμάσει,</span> <span class='ocrx_word' id='word_1_794' title='bbox 2937 5244 2986 5297; x_wconf 81' lang='grc' dir='ltr'><strong>εἱ</strong></span> <span class='ocrx_word' id='word_1_795' title='bbox 3010 5244 3038 5297; x_wconf 88' lang='lat'><strong>6</strong></span> <span class='ocrx_word' id='word_1_796' title='bbox 3065 5240 3202 5312; x_wconf 87' lang='grc' dir='ltr'>μετὰ</span> <span class='ocrx_word' id='word_1_797' title='bbox 3225 5235 3488 5306; x_wconf 86' lang='grc' dir='ltr'>Διοδώρου</span> <span class='ocrx_word' id='word_1_798' title='bbox 3518 5234 3615 5289; x_wconf 82' lang='grc' dir='ltr'><strong>τοῦ</strong></span> <span class='ocrx_word' id='word_1_799' title='bbox 3646 5235 3773 5289; x_wconf 84' lang='grc' dir='ltr'><strong>ἀσε-</strong></span> 
     </span>
    </p>
   </div>
   <div class='ocr_carea' id='block_1_113' title="bbox 2192 5326 3773 5411">
    <p class='ocr_par' dir='ltr' id='par_1_113' title="bbox 2192 5326 3773 5411">
     <span class='ocr_line' id='line_1_113' title="bbox 2192 5326 3773 5411; baseline -0.013 -12"><span class='ocrx_word' id='word_1_800' title='bbox 2192 5345 2322 5408; x_wconf 80' lang='grc' dir='ltr'>ϐοῦς</span> <span class='ocrx_word' id='word_1_801' title='bbox 2373 5341 2797 5411; x_wconf 79' lang='grc' dir='ltr'>διαϐαλλόμενος</span> <span class='ocrx_word' id='word_1_802' title='bbox 2840 5336 2991 5407; x_wconf 84' lang='grc' dir='ltr'><strong>αὐτῷ</strong></span> <span class='ocrx_word' id='word_1_803' title='bbox 3025 5332 3340 5393; x_wconf 78' lang='grc' dir='ltr'>Ἀθανάσιος</span> <span class='ocrx_word' id='word_1_804' title='bbox 3380 5328 3449 5381; x_wconf 82' lang='grc' dir='ltr'>τὰ</span> <span class='ocrx_word' id='word_1_805' title='bbox 3480 5328 3647 5396; x_wconf 84' lang='grc' dir='ltr'>ὅμοια</span> <span class='ocrx_word' id='word_1_806' title='bbox 3675 5326 3773 5398; x_wconf 76' lang='grc' dir='ltr'><strong>ῥή-</strong></span> 
     </span>
    </p>
   </div>
   <div class='ocr_carea' id='block_1_114' title="bbox 2196 5415 3771 5509">
    <p class='ocr_par' dir='ltr' id='par_1_114' title="bbox 2196 5415 3771 5509">
     <span class='ocr_line' id='line_1_114' title="bbox 2196 5415 3771 5509; baseline -0.015 -18"><span class='ocrx_word' id='word_1_807' title='bbox 2196 5453 2343 5509; x_wconf 86' lang='grc' dir='ltr'>ματα</span> <span class='ocrx_word' id='word_1_808' title='bbox 2372 5435 2551 5489; x_wconf 82' lang='grc' dir='ltr'>πάντα</span> <span class='ocrx_word' id='word_1_809' title='bbox 2586 5433 2725 5505; x_wconf 74' lang='grc' dir='ltr'>ἔφης</span> <span class='ocrx_word' id='word_1_810' title='bbox 2752 5433 2801 5484; x_wconf 78' lang='grc' dir='ltr'><strong>εἰ</strong></span> <span class='ocrx_word' id='word_1_811' title='bbox 2830 5429 2886 5483; x_wconf 81' lang='grc' dir='ltr'>δὲ</span> <span class='ocrx_word' id='word_1_812' title='bbox 2923 5427 3020 5482; x_wconf 80' lang='grc' dir='ltr'>καὶ</span> <span class='ocrx_word' id='word_1_813' title='bbox 3052 5423 3176 5479; x_wconf 81' lang='grc' dir='ltr'>τάδε</span> <span class='ocrx_word' id='word_1_814' title='bbox 3203 5421 3371 5487; x_wconf 75' lang='grc' dir='ltr'>ἔλεξε,</span> <span class='ocrx_word' id='word_1_815' title='bbox 3404 5419 3522 5482; x_wconf 85' lang='grc' dir='ltr'><strong>πῶς</strong></span> <span class='ocrx_word' id='word_1_816' title='bbox 3551 5418 3647 5472; x_wconf 74' lang='grc' dir='ltr'><strong>καὶ</strong></span> <span class='ocrx_word' id='word_1_817' title='bbox 3677 5415 3771 5468; x_wconf 73' lang='grc' dir='ltr'><strong>ἐπὶ</strong></span> 
     </span>
    </p>
   </div>
   <div class='ocr_carea' id='block_1_115' title="bbox 2271 5571 3774 5657">
    <p class='ocr_par' dir='ltr' id='par_1_115' title="bbox 2271 5571 3774 5657">
     <span class='ocr_line' id='line_1_115' title="bbox 2271 5571 3774 5657; baseline -0.013 -16"><span class='ocrx_word' id='word_1_818' title='bbox 2271 5584 2380 5657; x_wconf 87' lang='lat' dir='ltr'><strong>(l5)</strong></span> <span class='ocrx_word' id='word_1_819' title='bbox 2421 5585 2543 5640; x_wconf 88' lang='lat' dir='ltr'><strong>Lib.</strong></span> <span class='ocrx_word' id='word_1_820' title='bbox 2579 5600 2635 5649; x_wconf 86' lang='grc' dir='ltr'><strong>ι,</strong></span> <span class='ocrx_word' id='word_1_821' title='bbox 2664 5582 2862 5657; x_wconf 79' lang='lat' dir='ltr'><strong>Contra</strong></span> <span class='ocrx_word' id='word_1_822' title='bbox 2900 5572 3326 5657; x_wconf 29' lang='lat' dir='ltr'><strong>Jalianumhubi</strong></span> <span class='ocrx_word' id='word_1_823' title='bbox 3356 5579 3579 5657; x_wconf 67' lang='lat' dir='ltr'><strong>sapctus</strong></span> <span class='ocrx_word' id='word_1_824' title='bbox 3606 5571 3774 5657; x_wconf 53' lang='lat' dir='ltr'><strong>Pater</strong></span> 
     </span>
    </p>
   </div>
   <div class='ocr_carea' id='block_1_116' title="bbox 2198 5640 3770 5716">
    <p class='ocr_par' dir='ltr' id='par_1_116' title="bbox 2198 5640 3770 5716">
     <span class='ocr_line' id='line_1_116' title="bbox 2198 5640 3770 5716; baseline -0.013 -4"><span class='ocrx_word' id='word_1_825' title='bbox 2198 5640 2390 5712; x_wconf 70' lang='lat' dir='ltr'><strong>latidat</strong></span> <span class='ocrx_word' id='word_1_826' title='bbox 2424 5640 2642 5710; x_wconf 76' lang='lat' dir='ltr'><strong>veteres</strong></span> <span class='ocrx_word' id='word_1_827' title='bbox 2687 5654 2828 5708; x_wconf 88' lang='lat' dir='ltr'><strong>bene</strong></span> <span class='ocrx_word' id='word_1_828' title='bbox 2859 5651 3083 5713; x_wconf 86' lang='lat' dir='ltr'><strong>multos,</strong></span> <span class='ocrx_word' id='word_1_829' title='bbox 3132 5645 3226 5716; x_wconf 88' lang='lat' dir='ltr'><strong>qui</strong></span> <span class='ocrx_word' id='word_1_830' title='bbox 3271 5642 3340 5695; x_wconf 92' lang='lat' dir='ltr'><strong>de</strong></span> <span class='ocrx_word' id='word_1_831' title='bbox 3391 5640 3573 5709; x_wconf 81' lang='lat' dir='ltr'><strong>Moyse</strong></span> <span class='ocrx_word' id='word_1_832' title='bbox 3608 5653 3770 5716; x_wconf 39' lang='lat' dir='ltr'><strong>men:</strong></span> 
     </span>
    </p>
   </div>
   <div class='ocr_carea' id='block_1_117' title="bbox 2201 5711 3775 5781">
    <p class='ocr_par' dir='ltr' id='par_1_117' title="bbox 2201 5711 3775 5781">
     <span class='ocr_line' id='line_1_117' title="bbox 2201 5711 3775 5781; baseline -0.013 0"><span class='ocrx_word' id='word_1_833' title='bbox 2201 5711 2407 5781; x_wconf 82' lang='lat' dir='ltr'><strong>tionem</strong></span> <span class='ocrx_word' id='word_1_834' title='bbox 2462 5725 2735 5780; x_wconf 85' lang='lat' dir='ltr'><strong>fecerunt.</strong></span> <span class='ocrx_word' id='word_1_835' title='bbox 2783 5722 2988 5777; x_wconf 89' lang='lat' dir='ltr'><strong>Horum</strong></span> <span class='ocrx_word' id='word_1_836' title='bbox 3124 5711 3354 5770; x_wconf 70' lang='lat' dir='ltr'><strong>numero</strong></span> <span class='ocrx_word' id='word_1_837' title='bbox 3396 5716 3657 5763; x_wconf 84' lang='lat' dir='ltr'><strong>censetur</strong></span> <span class='ocrx_word' id='word_1_838' title='bbox 3710 5711 3775 5761; x_wconf 77' lang='lat' dir='ltr'><strong>et</strong></span> 
     </span>
    </p>
   </div>
   <div class='ocr_carea' id='block_1_118' title="bbox 2200 5785 3339 5852">
    <p class='ocr_par' dir='ltr' id='par_1_118' title="bbox 2200 5785 3339 5852">
     <span class='ocr_line' id='line_1_118' title="bbox 2200 5785 3339 5852; baseline -0.018 0"><span class='ocrx_word' id='word_1_839' title='bbox 2200 5797 2458 5852; x_wconf 85' lang='lat' dir='ltr'><strong>Polemon</strong></span> <span class='ocrx_word' id='word_1_840' title='bbox 2506 5794 2602 5849; x_wconf 90' lang='lat' dir='ltr'><strong>lib.</strong></span> <span class='ocrx_word' id='word_1_841' title='bbox 2646 5793 2948 5850; x_wconf 73' lang='lat' dir='ltr'><strong>Gmcarum</strong></span> <span class='ocrx_word' id='word_1_842' title='bbox 2989 5785 3339 5842; x_wconf 80' lang='lat' dir='ltr'><strong>historiarum.</strong></span> 
     </span>
    </p>
   </div>
  </div>
