3998 6282
508 367 528 430 i
541 366 640 432 867

1762 379 2070 440 LEONTII
2116 376 2288 441 BYZA
2298 381 2481 442 NTIN
2488 384 2513 442 Ι

3609 385 3754 450 1863

508 479 759 551 Ejusdem
799 478 931 534 Julii
962 481 1186 563 episcopi
1234 481 1570 563 Ιζοηιαιιξηςπ
1605 486 1827 554 epistola
1870 486 1981 557 (90)
2021 507 2068 542 at

2196 488 2308 543 Τοῦ
2350 491 2555 563 αὐτοῦ,
2587 491 2832 563 Ἰουλίου
2889 456 3226 563 ἐπισκόπου
3258 490 3497 563 ᾲῬὼμης
3538 494 3604 548 ἐκ
3641 496 3755 563 τῆς

1055 550 1363 622 Dienysium
1416 553 1553 623 (2|).

581 662 597 691 ι
633 640 750 696 Una
794 652 882 697 est
927 644 983 697 in
1020 642 1243 698 Christo
1296 654 1512 710 natura,
1555 647 1685 717 quia
1740 665 1847 704 una
1894 660 1977 705 est
2028 663 2084 708 et

504 748 756 801 persona,
789 749 911 804 quae
946 735 1191 804 proferto
1229 734 1285 789 in
1311 735 1451 792 duas
1470 752 1580 792 non
1607 739 1894 796 dividitur.
1927 742 2081 797 Haud

500 827 650 882 enim
709 841 817 881 una
860 828 1109 898 corporis
1158 829 1383 899 propria
1424 840 1624 886 natura
1674 842 1757 889 est
1787 834 1843 888 in
1876 831 2079 889 Christi

501 933 668 974 carne
691 928 994 989 assumpta,
1022 919 1130 974 alia
1152 921 1377 991 propria
1409 922 1719 980 divinitatis
1738 968 1753 989 ,
1775 925 1867 981 sed
1890 941 2081 996 quem-

499 1012 794 1068 admodum
826 1013 991 1068 homo
1015 1025 1265 1070 naturam
1299 1029 1467 1069 unam
1492 1015 1684 1080 habet,
1717 1017 1792 1071 ita
1825 1026 1881 1071 et
1912 1016 2077 1072 Chri-

500 1111 636 1167 stus,
672 1103 768 1173 qui
820 1104 1141 1160 hominibus
1186 1104 1523 1161 assimilatas
1571 1116 1675 1163 est.
1723 1106 1883 1174 Quod
1933 1108 1980 1163 si
2038 1107 2077 1160 ii

500 1209 610 1249 non
663 1203 969 1266 agnoscunt
1024 1194 1165 1250 hanc
1221 1204 1433 1251 naturae
1484 1197 1776 1263 unitatem,
1831 1213 1955 1267 quae
2009 1213 2078 1251 ex

499 1285 797 1341 multorum
853 1285 1246 1357 conjunctione
1288 1294 1514 1351 manat;
1552 1287 1800 1356 profecto
1829 1287 2076 1343 dividere

498 1384 802 1443 potuerunt
844 1390 1006 1429 unam
1057 1375 1364 1445 quamlibet
1393 1364 1534 1431 rem.
1562 1377 1619 1431 in
1655 1388 1838 1446 partes
1866 1379 2071 1447 plures.

498 1466 779 1537 Siquidem
808 1467 1111 1523 humanum
1144 1482 1369 1537 corpus,
1399 1484 1488 1523 ex.
1518 1483 1628 1539 ειη,
1665 1477 1881 1524 constat
1908 1470 2075 1525 rebus

499 1559 687 1613 multis
729 1558 1041 1614 substantia
1074 1556 1330 1626 diversis,
1364 1560 1606 1625 ossibus,
1648 1559 1854 1626 nervis,
1895 1562 2071 1627 venis,

497 1665 685 1711 carne,
731 1651 895 1720 pelle,
926 1651 1225 1723 unguibus,
1260 1650 1411 1721 pilis,
1458 1651 1723 1722 sanguine
1754 1661 1811 1706 et
1835 1652 2069 1723 spiritu;

496 1756 619 1811 quae
660 1726 788 1796 licet
819 1741 886 1795 ab
914 1757 971 1795 se
1017 1742 1254 1796 invicem
1287 1741 1568 1807 differant,
1600 1757 1765 1797 unam
1798 1751 1978 1798 tamen
2014 1743 2071 1797 in

2454 562 2600 627 πρὸς
2635 562 2953 616 Διονύσιον
2990 560 3319 629 ἐπιστολῆς
3355 562 3486 631 ('25).

2266 669 2284 701 ι
2349 651 2464 704 Μία
2505 651 2667 720 φύσις
2723 651 2895 717 ἐστὶν,
2949 651 3138 721 ἐπειδὴ
3189 651 3479 722 πρόσωπον
3521 651 3600 718 ἒν,
3650 654 3751 707 οὐκ

2187 744 2312 813 ἔχον
2349 745 2431 806 είς
2460 744 2553 796 δύο
2573 744 2858 814 διαίρεσιν*
2888 745 3011 798 ἐπεὶ
3044 744 3120 814 μὴ
3151 743 3255 797 ἰδία
3290 743 3449 813 φύσις
3482 743 3542 796 τὸ
3570 744 3747 815 σῶμα,

2188 834 2281 886 καὶ
2309 832 2413 886 ίδία
2448 832 2609 903 φύσις
2638 834 2671 904 η
2703 833 2896 905 θεότης
2949 836 3091 888 κατὰ
3132 835 3231 904 τὴν
3277 835 3582 906 σάρκωσιν,
3633 834 3748 890 ἀλλ’

2184 923 2375 996 ὥσπερ
2394 924 2675 995 ἄνθρωπος
2715 925 2816 995 μία
2848 925 3031 994 φύσις,
3071 926 3242 990 οὕτως
3270 927 3364 980 καὶ
3399 928 3428 978 ό
3466 928 3522 979 ἐν
3551 925 3750 997 ὁμοιώ-

2187 1030 2318 1082 ματι
2347 1012 2650 1083 ἀνθρώπων
2690 1016 3001 1087 γενόμενος.
3038 1018 3102 1070 El
3129 1017 3185 1070 δὲ
3208 1018 3308 1070 οὐκ
3331 1017 3752 1084 ἐπιγινώσκωσι
3810 1000 3814 1004 ”

2183 1103 2244 1157 τὸ
2270 1103 2391 1159 καθ’
2421 1104 2613 1159 ἕνωσιν
2643 1104 2721 1170 ἓν,
2754 1106 3010 1161 δύνανται
3043 1107 3136 1161 καὶ
3182 1109 3263 1170 είς
3310 1107 3482 1161 πολλὰ
3509 1125 3752 1178 καταμε-

2184 1191 2358 1263 ρίζειν
2406 1193 2499 1249 τὸν
2533 1195 2650 1260 ἕνα,
2701 1196 2795 1249 καὶ
2844 1197 3045 1258 πολλὰς
3083 1198 3260 1265 λέγειν
3305 1197 3514 1266 φύσειςο
3561 1199 3750 1269 ἐπειδὴ

2182 1285 2461 1349 πολυειδὲς
2491 1286 2551 1339 τὸ
2586 1287 2745 1356 σῶμα
2781 1285 2841 1352 ἐξ
2865 1287 3067 1342 ὀστέων
3110 1290 3206 1340 καὶ
3247 1289 3453 1359 νεύρων
3490 1289 3584 1342 καὶ
3618 1289 3750 1359 φλεκ

2182 1372 2295 1426 δῶν
2338 1376 2431 1428 καὶ
2462 1376 2680 1446 σαρκῶν
2711 1377 2807 1430 καὶ
2840 1378 3109 1448 δέρματος
3141 1378 3236 1431 καὶ
3263 1379 3469 1448 ὀνύχων
3502 1380 3595 1434 καὶ
3625 1398 3746 1449 τρι-

2181 1463 2292 1534 χῶν
2328 1466 2423 1519 καὶ⁸
2452 1466 2681 1535 αἵματος
2726 1468 2819 1522 καὶ
2875 1468 3202 1539 πνεύματος,
3244 1470 3387 1541 ἅπερ
3420 1470 3596 1524 πάντα
3630 1471 3747 1525 δια-

2180 1555 2353 1626 φορὰν
2403 1557 2502 1626 μὲν
2550 1557 2663 1627 ἔχει
2718 1559 2853 1629 πρὸς
2888 1559 3112 1630 ἄλληλα,
3152 1560 3251 1630 μία
3290 1561 3347 1614 δὲ
3376 1560 3536 1631 φύσις
3574 1563 3745 1616 ἐστίν’

2179 1645 2321 1700 ὥστε
2352 1648 2450 1701 καὶ
2476 1648 2509 1720 ἡ
2534 1647 2636 1719 τῆς
2672 1649 2923 1720 θεότητος
2954 1650 3179 1721 ἀλήθεια
3205 1651 3342 1721 μετὰ
3369 1650 3463 1705 τοῦ
3494 1650 3747 1722 σώματος

2177 1738 2237 1792 ἓν
2265 1740 2403 1801 ἐστι,
2429 1740 2524 1793 καὶ
2552 1741 2630 1804 είς
2652 1740 2745 1794 δύο
2779 1740 2968 1810 φύσεις
2996 1742 3057 1795 οὐ
3092 1742 3396 1813 μερίζεται.
3426 1761 3444 1794 ι
3477 1742 3581 1797 Kal
3596 1744 3749 1813 μετὰ

495 1831 717 1887 homine
761 1840 1016 1886 naturam
1056 1831 1378 1887 conﬁciunt.
1409 1830 1681 1896 Quocirca
1719 1844 1771 1888 et
1808 1832 2068 1888 divinita-

2171 1830 2425 1900 βραχέα·
2469 1850 2487 1882 ι
2542 1832 2779 1902 Ἀνάγκη
2824 1832 2934 1903 γὰρ
2965 1833 3161 1896 αὐτοὺς
3211 1833 3306 1887 δύο
3352 1834 3606 1902 λέγοντας
3653 1836 3745 1904 φύ-

497 1922 567 1976 tis
604 1921 807 1976 veritas
855 1936 979 1976 cum
1013 1922 1256 1976 humano
1303 1937 1536 1992 corpore
1583 1923 1876 1995 conjuncta
1903 1938 2074 1977 unum

492 2022 599 2077 est,
648 2028 752 2068 nec
791 2011 847 2066 in
886 2019 1116 2067 naturas
1164 2013 1356 2082 plures
1394 2012 1685 2067 dividitur.
1722 2033 1740 2064 ι
1791 2013 1859 2067 Et
1914 2015 2075 2082 paulo

494 2115 607 2175 post
635 2120 653 2159 :
690 2124 708 2157 ι
744 2105 980 2160 Necesse
1014 2105 1162 2159 enim
1187 2114 1272 2161 est
1294 2105 1413 2174 (ait)
1438 2120 1534 2160 eos
1560 2107 1654 2175 qui
1685 2114 1911 2161 naturas
1939 2106 2075 2162 duas

495 2198 848 2268 proﬁtentur,
878 2198 1109 2253 adorare
1141 2213 1328 2265 unam,
1375 2206 1431 2252 et
1459 2212 1568 2251 non
1613 2197 1865 2259 alteram,
1895 2204 1952 2250 et
1981 2211 2076 2266 per

495 2289 734 2343 divinam
780 2302 883 2343 nos
931 2287 1074 2342 sacri
1134 2287 1301 2341 fontis
1353 2286 1499 2341 unda
1538 2285 1734 2351 lavari,
1797 2300 1907 2340 non
1940 2286 2073 2340 item

492 2390 547 2435 ct
588 2395 687 2450 per
736 2380 1053 2434 humanam.
1081 2366 1237 2447 Quod
1268 2380 1314 2433 si
1344 2394 1442 2448 per
1475 2393 1637 2432 unam
1671 2376 1890 2431 Domini
1929 2393 2075 2430 mor-

494 2480 603 2525 tem
633 2485 827 2545 omncs
852 2470 1045 2525 eadem
1088 2470 1296 2524 salubri
1340 2469 1488 2524 unda
1523 2469 1872 2532 mundamur,
1906 2482 2071 2522 unam

491 2558 656 2613 etiam
685 2558 957 2614 fateamur
987 2567 1203 2629 oportet
1233 2567 1486 2613 naturam
1524 2572 1592 2612 cx
1621 2556 1950 2627 impassibili
1979 2556 2070 2611 di-

491 2649 721 2704 vinitate
763 2660 821 2704 et
873 2648 1118 2718 passibili
1169 2663 1335 2704 carne
1365 2647 1678 2713 conﬂatam,
1714 2655 1775 2702 ut
1814 2648 1889 2702 ita
1923 2647 2073 2701 lava-

490 2753 644 2793 crum
680 2746 932 2793 nostrum
988 2753 1087 2808 per
1132 2737 1483 2793 divinitatem
1538 2738 1702 2793 simul
1751 2747 1809 2794 et
1851 2738 2067 2793 Domini

492 2840 722 2885 mortem
766 2830 960 2901 perﬁci
995 2845 1122 2885 vere
1149 2831 1391 2886 dicatur.
1425 2850 1444 2882 ι
1481 2829 1549 2884 Et
1582 2839 1697 2900 post
1742 2846 1912 2901 pauca
1943 2846 2068 2883 rur-

2179 1937 2313 1986 σεις,
2347 1922 2448 1991 τὴν
2484 1922 2582 1992 μὲν
2635 1922 2766 1992 μίαν
2812 1925 3169 1994 προσκυνεῖν,
3199 1924 3297 1994 τὴν
3341 1925 3396 1977 δὲ
3438 1922 3631 1996 ἑτέραν
3669 1926 3747 1996 μὴ

2176 2013 2521 2081 προσκυνεῖνο
2546 2013 2628 2075 εἰς
2667 2012 2768 2080 μὲν
2810 2012 2908 2083 τὴν
2936 2012 3124 2084 θεῖκὴν
3157 2014 3536 2084 βαπτίζεσθαι,
3568 2017 3648 2079 εἰς
3687 2018 3745 2069 δὲ

2173 2101 2273 2173 τὴν
2299 2103 2643 2175 ἀνθρωπίνην
2684 2104 2756 2173 μὴ
2789 2102 3165 2173 βαπτίζεσθαι.
3202 2106 3265 2158 Εἰ
3297 2105 3353 2159 δὲ
3383 2107 3463 2170 είς
3507 2107 3598 2160 τὸν
3642 2106 3734 2161 θά-

2172 2208 2332 2246 νατον
2378 2191 2472 2246 τοῦ
2515 2194 2721 2263 Κυρίου
2766 2194 3165 2265 βαπτιζόμεθα,
3199 2198 3329 2267 μίαν
3373 2199 3743 2270 ὁμολογοῦμεν

2173 2269 2336 2345 φύσιν
2365 2281 2466 2347 τῆς
2509 2280 2753 2345 ἀπαθοῦς
2784 2282 3038 2351 θεότητος
3064 2284 3159 2337 καὶ
3184 2284 3284 2356 τῆς
3317 2286 3570 2357 παθητῆς
3601 2269 3734 2360 σαρ-

2173 2367 2292 2432 κὸς,
2323 2367 2412 2422 ἶνα
2438 2368 2610 2434 οὕτως
2634 2371 2714 2431 εἰς
2742 2370 2873 2424 Θεὸν
2962 2372 3023 2424 τὸ
3046 2366 3330 2445 βάπτισμα
3358 2376 3514 2445 ἡμῶν
3540 2379 3637 2431 καὶ
3662 2383 3741 2437 εἰς

2172 2458 2262 2512 τὸν
2300 2459 2528 2513 θάνατον
2584 2460 2679 2514 τοῦ
2728 2462 2933 2531 Κυρίου
2982 2464 3320 2536 τελούμενον.
3380 2486 3399 2518 ι
3454 2468 3564 2525 Kal
3612 2473 3742 2538 μετ’

2172 2549 2347 2620 ὀλίγα
2373 2551 2581 2606 mihi"
2622 2570 2641 2604 ι
2682 2549 2895 2624 Μὴαοῦν
2937 2556 3051 2618 τοῖς
3081 2555 3423 2627 δια-τέμνουσι
3468 2560 3741 2630 πρόφασιν

2170 2640 2409 2695 δότωσαν
2436 2644 2486 2696 οἱ
2514 2642 2606 2696 δύο
2632 2643 2882 2713 λέγοντες
2929 2646 3140 2716 φύσειςο
3170 2647 3295 2702 οὔτε
3335 2651 3444 2721 ’γὰρ
3490 2652 3549 2705 τὸ
3580 2652 3743 2719 σῶμα

2171 2732 2473 2786 καθ’ἐαυτὸ
2514 2734 2696 2804 φύσις,
2731 2734 2864 2806 μηδὲ
2922 2736 3184 2801 ζωοποιὸν
3216 2740 3338 2805 καθῘ
3362 2742 3542 2806 ἑαυτὸ,
3604 2744 3739 2816 μηδὲ

2169 2821 2549 2894 διατέμνεσθαι
2580 2826 2901 2897 δυνάμενον,
2941 2830 3067 2883 ἄνευ
3099 2829 3191 2883 τοῦ
3227 2830 3512 2896 ζωοποιοῦ·
3553 2833 3677 2887 οὔτε
3712 2839 3742 2887 ὁ

489 2916 605 2975 sum
646 2925 756 2976 hwc
780 2923 931 2975 habet
962 2937 980 2974 :
1019 2940 1037 2972 ‹
1066 2922 1270 2977 Caveat
1308 2935 1441 2992 ergo
1469 2921 1566 2991 qui
1602 2921 1741 2976 duas
1766 2921 1820 2975 in
1849 2920 2068 2977 Christo

2172 2915 2344 2983 Λόγος
2374 2915 2497 2969 καθ’
2528 2918 2720 2971 ἑαυτὸν
2749 2920 2830 2984 είς
2865 2920 3001 2975 ἰδίαν
3029 2922 3312 2994 μερίζεται
3340 2923 3500 2993 φύσιν
3530 2924 3598 2997 ἢν
3626 2925 3739 2996 ἔχει
3834 2978 3851 2996 ε

492 3020 718 3065 naturas
748 3020 1020 3075 asserunt,
1052 3024 1120 3065 ne
1169 3011 1453 3067 Christum
1492 3013 1671 3082 ipsum
1697 3012 2068 3068 dividentibus

2172 3005 2311 3058 κατὰ
2355 3007 2417 3058 τὸ
2464 3007 2742 3077 ἂσαρκον·
2784 3011 2972 3082 ἐπειδὴ
3024 3013 3083 3066 ὲν
3144 3015 3306 3086 σαρκὶ
3360 3015 3596 3085 Κύριος,
3647 3018 3741 3069 καὶ

491 3115 680 3154 ansam
739 3100 1041 3169 przebeant.
1075 3100 1212 3155 Nam
1256 3116 1439 3170 neque
1489 3116 1691 3172 corpus
1718 3100 1941 3171 aliquod
1971 3117 2068 3171 per

2170 3097 2268 3151 οὐκ
2298 3097 2535 3169 ἄσαρκος
2560 3100 2870 3172 ἐπεδήμησε
2900 3102 2977 3172 τῷ
3007 3103 3196 3174 κόσμῳ
3219 3120 3233 3134 °
3270 3104 3393 3156 abte
3422 3105 3482 3158 τὸ
3523 3107 3739 3161 κτιστίν

491 3206 549 3246 se
585 3191 894 3246 subsistens
934 3201 1133 3244 natura
1167 3198 1272 3252 est,
1327 3206 1427 3246 nec
1467 3192 1647 3261 ipsum
1688 3207 1787 3262 per
1820 3208 1880 3247 se
1912 3192 2067 3258 vivit,

2174 3189 2332 3259 σῶμα
2361 3190 2428 3261 ζῇ
2462 3190 2632 3261 χωρὶς
2674 3169 3076 3261 τῆςνάκτίστου
3110 3169 3382 3265 θεότητος,
3413 3196 3498 3248 ἵνα
3530 3197 3740 3268 χωρίζῃ

490 3296 671 3350 neque
704 3279 933 3335 seorsim
964 3296 995 3335 a
1038 3281 1188 3335 vitali
1229 3281 1413 3337 Verbo
1440 3281 1613 3337 dividi
1646 3291 1849 3353 potest,
1890 3298 2068 3353 neque

2170 3296 2247 3340 τις
2278 3279 2439 3347 φύσιν
2470 3283 2710 3351 κτιστήν·
2735 3280 2857 3334 οὕτε
2891 3282 2996 3354 μὴν
3022 3287 3050 3336 ό
3071 3283 3322 3346 ἄκτιστος
3348 3286 3518 3353 Λόγος
3542 3287 3741 3358 ὲπεδήο

494 3371 732 3426 Verbum
793 3370 1032 3425 divisum
1084 3385 1113 3424 a
1163 3385 1327 3425 carne
1384 3381 1639 3427 naturam
1683 3388 1836 3428 suam
1884 3372 2069 3435 habet,

377 3525 388 3537 ι
491 3476 654 3531 quam
688 3478 718 3517 a
753 3463 936 3518 carnis
992 3472 1215 3533 experte
1257 3464 1544 3520 divinitate
1591 3465 1781 3520 trahit.
1811 3463 2071 3531 Quando-

491 3553 715 3624 quidem
750 3554 1019 3609 Dominus
1068 3556 1124 3608 in
1160 3553 1426 3610 mundum
1473 3555 1626 3610 venit
1666 3569 1833 3609 carne
1871 3552 2072 3625 praedi-

494 3657 603 3710 tus,
662 3660 773 3699 non
820 3659 886 3700 ea
939 3644 1261 3699 destitutus.
1320 3644 1511 3714 Neque
1563 3655 1811 3700 creatum
1869 3658 2103 3714 corpus.

508 3734 644 3789 vivit
684 3735 806 3790 sine
860 3735 1105 3789 increata
1146 3734 1457 3801 divinitate,
1505 3750 1616 3804 quo
1661 3747 1844 3789 creata
1872 3742 2098 3787 natura-

489 3826 661 3881 dividi
708 3827 913 3896 possit;
951 3842 1055 3881 nec
1087 3827 1393 3883 increatum
1429 3827 1667 3884 Verbum
1708 3828 1764 3881 in
1798 3825 2062 3889 mundum

490 3917 639 3972 venit
673 3916 794 3973 sine
835 3932 1088 3988 corpore,
1129 3933 1242 3989 quo
1287 3919 1413 3988 quis
1447 3917 1675 3973 increati
1716 3932 1936 3987 quoque
1967 3931 2065 3971 na-

489 4019 669 4064 turam
706 4008 958 4064 dividere
1010 4017 1196 4079 queat.
1243 4009 1301 4065 Si
1357 4023 1491 4065 vero
1537 4016 1833 4078 utrumque
1887 4022 2058 4062 unum

2171 3387 2311 3441 μησε
2349 3373 2517 3441 χωρὶς
2550 3371 2823 3444 σώματος,
2862 3375 2950 3428 ἵνα
2990 3375 3189 3447 μερίζῃ
3217 3394 3299 3440 τις
3352 3379 3605 3432 ἀκτίστου
3635 3381 3740 3447 φύ-

2170 3478 2276 3517 σιν.
2294 3462 2356 3515 El
2380 3462 2435 3515 δὲ
2458 3463 2717 3535 ἑκάτερόν
2741 3466 2854 3518 ἐστι
2884 3466 3025 3520 κατὰ
3046 3467 3146 3538 τὴν
3172 3467 3364 3521 ἕνωσιν
3382 3471 3474 3522 καὶ
3497 3471 3595 3541 τὴν
3620 3468 3747 3522 σύν-

2167 3544 2285 3606 ὀδον
2311 3554 2407 3607 καὶ⁸
2432 3554 2536 3625 τὴν
2567 3555 2814 3609 σύνθεσιν
2858 3557 2958 3628 τὴν
3010 3560 3405 3629 ἀνθρωποειδῆ,
3440 3560 3498 3615 ἓν
3550 3563 3645 3615 καὶ
3682 3563 3751 3615 τὸ

2178 3643 2350 3714 ὄνομα
2385 3645 2464 3715 τῷ
2511 3647 2748 3718 συνθέτῳ
2798 3650 3268 3720 προσαρμόζεται·
3331 3652 3438 3705 ἀπὸ
3491 3652 3589 3722 μὲν
3641 3653 3749 3723 τῆς

2177 3734 2430 3806 θεότητος
2461 3737 2521 3790 τὸ
2553 3738 2783 3803 ἀπαθὲς,
2817 3740 2923 3792 ἀπὸ
2954 3740 3011 3792 δὲ
3037 3739 3134 3793 τοῦ
3170 3739 3421 3810 σώματος
3462 3742 3521 3795 τὸ
3556 3743 3703 3814 παθη
3723 3773 3744 3785 -

2173 3826 2284 3881 τόν.
2324 3827 2430 3880 Καὶ
2473 3827 2661 3901 ὥσπερ
2689 3830 2980 3894 ἀκούοντες
3007 3830 3100 3883 τοῦ
3136 3831 3345 3885 Παύλου
3376 3833 3466 3889 τὸν
3504 3834 3749 3902 Χριστὸν

2171 3916 2436 3986 παθητὸν,
2470 3916 2594 3970 οὔτε
2647 3919 2883 3989 μερικῶς
2932 3920 3267 3991 ἠκούσαμεν,
3302 3919 3423 3974 οὔτε
3470 3922 3568 3991 τὴν
3616 3922 3743 3974 θεόο

2168 4024 2308 4077 τητα
2335 4008 2581 4080 παθητὴν
2611 4010 2964 4080 ἐνομίσαμεν,
2991 4010 3160 4075 οὕτως
3184 4012 3275 4065 καὶ
3303 4013 3361 4064 τὸ
3393 4012 3608 4065 κτιστὺν
3640 4015 3739 4065 καὶ

487 4110 572 4155 est
621 4100 693 4154 ob
742 4100 989 4171 ipsorum
1040 4110 1245 4156 arctam
1300 4101 1747 4172 conjunctionem
1799 4109 1856 4155 et
1888 4114 2061 4170 copu-

2170 4097 2371 4163 δοῦλον,
2428 4096 2553 4152 οὔτε
2616 4101 2855 4170 μερικῶς
2899 4100 3138 4169 λέγεται,
3182 4102 3303 4155 οὔτε
3358 4102 3456 4157 τὴν
3503 4104 3739 4175 θεότητα

487 4196 617 4259 lam,
663 4193 1233 4263 compositionemque
1283 4193 1526 4248 humano
1557 4192 1863 4261 composito
1905 4190 2061 4245 simi-

2170 4191 2311 4242 ποιεῖ
2345 4188 2566 4260 κτιστὴν
2595 4188 2716 4243 οὕτε
2755 4190 2966 4261 δούλην.
3009 4211 3027 4244 ι

486 4282 621 4345 lem;
654 4296 827 4335 unum
863 4295 1081 4351 quoque
1114 4284 1423 4352 composito
1453 4298 1656 4339 nomen
1725 4283 1901 4353 aptari
1971 4282 2137 4338 debet
2171 4282 2331 4351 eique
2381 4280 2551 4335 tribui
2605 4281 2888 4352 multiplex
2935 4283 3261 4353 proprietas,
3312 4296 3373 4338 ut
3417 4284 3488 4339 ob
3532 4282 3738 4339 divini-

487 4384 653 4430 tatem
711 4376 1044 4442 increatum,
1126 4374 1199 4429 ob
1238 4390 1461 4432 carnem
1541 4389 1733 4431 contra
1777 4386 2046 4442 creatum,
2086 4385 2143 4431 et
2196 4390 2296 4445 per
2321 4375 2462 4429 hanc
2500 4376 2613 4443 pati
2649 4390 2807 4444 posse
2847 4391 2977 4431 vere
3012 4378 3246 4433 dicatur.
3286 4379 3354 4433 Et
3376 4379 3733 4449 quemadmo-

486 4466 619 4520 dum
657 4481 782 4520 cum
816 4466 886 4521 ab
917 4468 1171 4536 apostolo
1234 4467 1406 4521 Paulo
1447 4466 1732 4521 Christum
1807 4466 1978 4521 fuisse
2013 4483 2236 4537 passum
2286 4466 2563 4530 audimus,
2618 4466 2724 4520 hoc
2753 4467 2821 4520 de
2884 4475 2998 4522 toto
3027 4466 3270 4535 Christo,
3325 4484 3438 4524 non
3469 4470 3537 4525 de
3565 4480 3732 4540 parte

486 4557 695 4612 dictum
740 4559 1064 4627 accipimus,
1119 4572 1302 4627 neque
1356 4564 1650 4627 propterea
1710 4556 2058 4612 divinitatem
2097 4569 2313 4627 passam
2356 4554 2528 4611 fuisse
2612 4555 2920 4621 credimus;
2973 4555 3048 4610 ita
3096 4573 3222 4611 cum
3272 4570 3512 4623 creatus,
3560 4573 3730 4628 atque

485 4661 676 4702 servus
706 4648 850 4701 idem
882 4647 1236 4717 praedicatur,
1307 4648 1412 4702 hoc
1441 4648 1509 4704 de
1537 4657 1673 4714 toto,
1724 4664 1833 4702 non
1875 4648 1943 4704 de
1976 4649 2091 4704 sola
2128 4657 2285 4718 parte
2335 4645 2558 4709 dicitur,
2607 4661 2784 4716 neque
2828 4656 3121 4717 propterea
3171 4648 3513 4705 divinitatem
3573 4668 3730 4707 crea-

485 4752 591 4795 tam
640 4748 804 4811 atque
844 4755 1060 4794 servam
1083 4739 1269 4796 dicere
1299 4740 1543 4796 videtur.
1577 4760 1597 4793 ι

552 4830 708 4898 Quod
730 4832 1032 4887 auctoritas
1065 4832 1183 4886 bzec
1201 4848 1488 4903 perperam
1515 4831 1662 4888 Julio
1698 4831 1810 4903 (22)
1867 4832 2042 4888 ascri—

2222 4829 2437 4899 Ταύτην
2457 4830 2558 4901 τὴν
2580 4831 2775 4901 χρῆσιν
2797 4830 2851 4882 εί
2866 4848 2930 4898 γε
2952 4832 3325 4903 προσεχόντως
3348 4835 3729 4891 ἐπισκέπτοιεν

481 4925 665 4983 batur.
703 4922 960 4994 quodque
993 4933 1284 4994 propterea
1308 4924 1460 4979 nulla
1492 4925 1544 4980 vi
1575 4924 1798 4996 polleat,
1828 4924 1882 4980 id
1908 4940 2043 4980 con-

480 5014 745 5069 sideranti
791 5013 1000 5084 liquido
1031 5014 1272 5083 patebit;
1304 5028 1407 5068 nec
1434 5015 1500 5068 ad
1532 5029 1653 5067 eam
1687 5014 2041 5070 evertendam

481 5106 730 5161 futilibus
759 5105 1320 5161 commentationibus
1359 5121 1498 5176 opus
1526 5122 1649 5163 esse
1682 5107 2040 5162 arbitramur.

477 5198 634 5265 Quod
685 5197 832 5252 enim
874 5212 1070 5252 recens
1118 5198 1235 5253 haec
1283 5198 1374 5262 sit,
1419 5198 1868 5253 adversariorum
1922 5188 2040 5251 ma;

476 5291 594 5344 litia
671 5287 1013 5358 excogitata,
1049 5288 1231 5358 quivis
1275 5303 1343 5343 ex
1399 5303 1466 5343 eo
1516 5287 1677 5343 facile
1728 5289 2043 5358 perspicere

500 5420 657 5499 __(20)
678 5420 847 5499 lianc
875 5421 1124 5499 eamdem
1148 5419 1436 5499 epistolam
1460 5421 1663 5479 refellit
1689 5423 1952 5479 Leontius
1986 5428 2043 5477 et

478 5488 622 5544 libro
641 5488 647 5490 “
666 5490 743 5543 De
783 5492 961 5555 sectis,
976 5500 1106 5546 sect.
1160 5491 1212 5546 8.

547 5558 657 5627 (Ἥ)
699 5559 968 5628 lntegram
998 5562 1141 5615 hanc
1165 5561 1456 5630 epistolam
1488 5561 1660 5631 legas,
1689 5571 1727 5617 t.
1755 5564 1796 5627 Ι,
1832 5579 1888 5633 p.
1923 5562 2044 5617 με.

488 5625 855 5686 Supplement,
905 5628 967 5685 P.
1005 5629 1277 5686 Dominici
1329 5631 1522 5686 Mansi.

476 5634 855 5696 Supplement,
905 5634 967 5685 P.
1005 5634 1277 5686 Dominici
1329 5634 1522 5686 Mansi.

476 5696 672 5823 SC
693 5696 815 5753 Haec
839 5697 1035 5753 leviter
1049 5700 1233 5769 attigit
1253 5700 1521 5757 Leontius
1541 5710 1597 5755 et
1616 5702 1760 5758 libro
1782 5703 1857 5757 De
1876 5703 2048 5769 sectis,

2136 4923 2185 4975 οἱ
2219 4922 2657 4993 ἐντυγχάνοντες,
2693 4921 2817 4975 οὒτε
2847 4922 3097 4994 διαϐολῆς
3136 4924 3360 4994 οἰόμεθα
3389 4926 3615 4997 χρῄζειν
3643 4931 3725 4993 είς

2137 5015 2601 5086 ψευδεπίγραφον,
2642 5014 2766 5068 οὔτε
2811 5016 3123 5086 ἀνατροπῆς
3173 5017 3249 5079 είς
3300 5017 3360 5069 τὸ
3397 5018 3723 5090 ἀνίσχυρον·

2144 5107 2265 5158 "Ott
2303 5104 2400 5172 μὲν
2422 5105 2529 5174 γὰρ
2564 5104 2872 5174 πρόσφατον
2900 5105 2932 5172 ἡ
2969 5104 3169 5172 ταύτης
3194 5106 3483 5175 σκαιωρία,
3522 5108 3725 5161 συνίδοι

2138 5212 2223 5258 τις
2254 5195 2447 5264 ῥᾷστα,
2496 5193 2572 5263 τῷ
2612 5193 2744 5264 μηδὲ
2782 5194 3057 5264 Διοσκόρῳ
3112 5195 3247 5265 μηδὲ
3307 5197 3528 5268 Σεὸήρῳ
3588 5198 3727 5267 μηδὲ

2140 5288 2252 5351 τοῖς
2282 5285 2665 5355 παλαιοτέροις
2689 5283 2853 5354 τῆσδε
2882 5284 2983 5353 τῆς
3039 5285 3289 5350 ἀσεϐείας
3339 5286 3731 5357 αίρεσιόιρχαις

2217 5419 2327 5490 (25)
2368 5419 2527 5474 Edita
2567 5418 2672 5473 fuit
2720 5418 2835 5474 haec
2879 5419 3113 5490 epistola
3148 5420 3283 5490 awL.
3325 5421 3628 5477 Muratorio
3667 5422 3726 5476 in

2145 5488 2422 5560 Anecdotis
2481 5490 2697 5560 Qrwcis,
2733 5491 2827 5560 qui
2863 5488 2933 5544 ef
2955 5491 3147 5544 eadem
3189 5489 3336 5545 Julio
3365 5505 3538 5560 papae,
3582 5491 3729 5546 duce

2149 5559 2455 5631 praesertim
2504 5558 2740 5631 Leontio
2792 5558 2865 5612 De
2902 5567 3169 5631 se‘cLsect.
3222 5560 3275 5631 8,
3307 5558 3539 5631 prorsus
3560 5560 3730 5631 abju-

2152 5628 2451 5699 dicavitin
2484 5628 2743 5697 perdocta
2794 5643 2958 5699 quam
2999 5629 3280 5683 subtexuit
3311 5628 3755 5699 disquisitione,‘

2155 5707 2210 5752 et
2245 5697 2579 5766 Apollinaris
2642 5697 2888 5752 haeretici
2935 5713 3058 5753 esse
3107 5699 3364 5768 pervicit.
