4098 6256
353 331 493 394 Ῑὸὓθ

1509 326 1806 386 CONTRA
1843 321 2440 386 MONOPHYSITAS.

3472 317 3604 382 1870

349 434 736 508 παράγεσθαι·
776 432 934 503 δῆλον
960 432 1066 500 γὰρ
1107 431 1189 483 ὅτι
1237 431 1267 501 ἦ
1317 430 1402 484 διά
1438 431 1534 496 τὴν
1562 433 1813 502 διαϐολὴν
1843 432 1937 484 τοῦ

2048 437 2236 502 potest,
2273 427 2422 498 quod
2449 441 2567 480 eam
2599 441 2778 495 neque
2809 424 3120 489 Dioscorus,
3149 441 3325 496 neque
3351 427 3608 495 Severus,

355 529 630 591 εἰπόντος,
682 525 716 594 ἢ
777 523 874 594 τὴν
921 521 1222 594 ὑπερϐολὴν
1267 522 1360 576 τοῦ
1417 523 1786 594 ἀσεϐήματος,
1843 524 1937 577 καὶ

355 619 594 682 ἐκείνοις
621 620 732 679 τοῖς
765 615 884 668 λίαν
921 614 1342 685 προσκειμένοις
1383 615 1462 684 τῷ
1509 616 1760 686 δόγματι,
1791 632 1936 684 παρ-

365 709 528 779 ώφθη
560 709 733 762 πάντα
761 706 828 759 τὰ
871 706 1086 760 Ἰουλίου
1140 705 1237 758 καὶ
1286 705 1396 757 τῶν
1428 706 1633 758 λοιπῶν
1668 707 1937 777 Πατέρων

375 800 635 871 μυριάκις
665 796 963 860 σπουδαίως
1013 797 1561 867 περιεργασαμένων,
1595 797 1682 849 ἵνα
1708 814 1763 850 τι
1802 796 1938 866 πρὸς

370 890 696 960 συνηγορίαν
743 887 839 941 τοῦ
893 888 1098 941 οἰκείου
1146 889 1499 959 φρονήματος
1553 884 1936 950 ἀναλέξωνται.

374 983 580 1046 ’Ἄλλως
603 997 663 1033 τε
688 978 766 1050 τῷ
807 997 871 1048 γε
903 979 1075 1049 ψιλῶς
1119 996 1237 1042 πως
1278 982 1392 1042 τοῖς
1441 979 1812 1049 ’Λπολιναρίου
1852 981 1940 1030 ὲνο

369 1072 689 1141 τυγχάνοντι
719 1068 1173 1138 προγενεστέροις
1214 1067 1612 1138 συγγράμμασι
1655 1066 1788 1134 περὶ
1833 1065 1943 1133 τῆς

363 1161 730 1229 οἰκονομίας,
778 1159 887 1212 οὐδ’
927 1157 1258 1228 ἀμφιϐολίας
1308 1156 1448 1210 εἶναι
1499 1157 1648 1222 ἀξιον
1691 1157 1832 1222 δόξει
1882 1158 1942 1210 τὸ

365 1253 587 1322 γνήσιον
617 1249 765 1320 αύτῷ
795 1249 962 1318 τῆσδε
1009 1249 1121 1318 τῆς⁹
1142 1250 1393 1320 χρήσεως
1413 1265 1430 1279 ο
1477 1248 1588 1302 ἅνω
1629 1267 1685 1301 τε
1710 1249 1820 1320 γὰρ
1847 1250 1942 1302 καὶ

367 1342 511 1395 κατά
541 1343 610 1397 τὰ
636 1342 731 1396 δύο
759 1343 900 1412 μέρη
928 1342 1026 1410 τῆς
1055 1339 1267 1410 φύσεως
1295 1339 1552 1410 Χριστοῦ,
1591 1339 1751 1410 σῶμα
1782 1339 1942 1409 μόνον

371 1436 467 1489 καὶ
500 1435 730 1504 θεότητά
765 1450 920 1503 φησι,
950 1433 1128 1504 σάρκα
1174 1432 1271 1503 τὴν
1308 1432 1383 1496 ὡς
1424 1431 1604 1502 σῶμα,
1637 1433 1696 1484 ού
1728 1433 1834 1503 μὴν
1865 1432 1940 1493 ὡς

369 1526 467 1578 ἀνθ
477 1527 765 1596 ρωπότητα
784 1524 852 1579 λα
860 1525 1030 1594 μϐανο
1038 1523 1207 1594 μένην
1224 1525 1314 1576 καὶ
1331 1523 1503 1590 Λόγον
1523 1540 1538 1554 ο
1568 1521 1938 1594 ἀνθρωποειδῆ

369 1615 426 1668 δὲ
463 1613 562 1683 τὴν
611 1613 850 1685 Χριστοῦ
899 1613 1094 1665 ἕνωσιν
1141 1611 1332 1665 καλείσ
1367 1613 1503 1683 ὅπερ
1552 1607 1621 1682 ἦν
1653 1612 1938 1665 ίδιαίτατον

368 1703 577 1760 ἐκείνου
616 1703 793 1774 δόγμα
831 1702 1100 1769 λέγοντος,
1137 1701 1306 1755 πάλαι
1343 1703 1440 1772 μὲν
1472 1703 1594 1755 ἀντὶ
1621 1702 1798 1772 ψυχῆς
1827 1701 1933 1756 σώο

2039 535 2141 575 nec
2191 521 2280 574 alii
2337 527 2554 574 veteres
2600 517 2766 588 hujus
2823 517 3122 587 impietatis
3171 519 3417 589 magistri
3479 537 3593 590 pro.

2035 612 2318 668 duxerint.
2369 610 2725 680 Perspicuum
2769 609 2915 663 enim
2951 618 3040 665 est
3086 619 3144 664 et
3187 611 3288 664 hos
3331 611 3477 680 ipsos
3513 614 3606 681 qui

2037 704 2170 758 huic
2193 703 2434 774 dogmati
2464 703 2707 771 impense
2741 701 2944 767 favent,
2977 702 3061 757 vel
3094 712 3280 772 aperta
3309 705 3606 768 calumnia,

2036 796 2124 850 vel
2174 796 2343 849 nimia
2375 794 2650 864 impietate
2687 794 3003 859 deterritos,
3038 795 3218 849 hacin
3249 810 3306 850 re
3333 797 3610 864 praterire

2041 888 2293 958 consulto
2345 887 2478 942 Julii
2522 888 2867 956 aliorumque
2903 887 3124 942 Patrum
3175 901 3343 956 opera
3400 889 3608 951 omnia,

2041 993 2165 1033 curn
2197 977 2538 1047 ceteroquin
2569 977 2623 1031 in
2681 992 2748 1032 eo
2795 978 2879 1031 vel
2925 977 3161 1031 maxime
3206 977 3455 1031 laborare
3480 992 3611 1031 cun-

2043 1071 2348 1134 sueverint,
2378 1076 2440 1122 ut
2461 1083 2529 1123 ex
2557 1084 2744 1124 eorum
2769 1068 2990 1137 scriptis
3015 1069 3373 1123 auctoritates
3395 1069 3610 1139 aliquas

2042 1160 2108 1213 ad
2132 1175 2244 1214 suae
2260 1159 2546 1214 sententia:
2561 1157 2943 1228 probationem
2984 1159 3395 1228 depromerent.
3422 1159 3607 1225 Quan-

2041 1265 2207 1320 quam
2240 1251 2332 1319 qui
2378 1249 2706 1319 Apollinaris
2733 1257 2948 1303 vetusta
2983 1249 3059 1302 De
3106 1249 3300 1304 Christi
3333 1251 3607 1320 dispensa-

2043 1342 2183 1395 tione
2201 1340 2407 1410 scripta
2427 1340 2622 1410 primis
2641 1339 2810 1393 labris
2827 1338 3026 1409 attigit,
3050 1355 3119 1394 ne
3143 1339 3365 1410 dignum
3389 1340 3613 1409 quidem

2027 1434 2277 1502 putabit,
2319 1431 2466 1501 quod
2504 1431 2560 1485 in
2611 1429 2840 1484 dubium
2878 1429 2932 1482 id
2971 1438 3291 1494 revocetur;
3339 1430 3480 1484 sitne
3520 1446 3587 1499 ge

2039 1525 2292 1586 nninum,
2339 1537 2544 1584 annon,
2597 1520 2703 1574 hoc
2742 1519 2874 1574 Julii
2932 1519 3332 1574 testimonium.
3407 1521 3614 1575 Passim

2034 1612 2185 1666 enim
2220 1626 2346 1665 cum
2380 1609 2520 1664 duas
2558 1607 2768 1662 Christi
2799 1615 3012 1661 naturae
3037 1616 3244 1677 partes,
3271 1621 3474 1676 corpus
3505 1609 3616 1662 sci-

2037 1704 2166 1758 licet
2223 1703 2424 1766 solum,
2470 1711 2632 1770 atque
2667 1698 3011 1753 divinitatem
3052 1707 3474 1762 commemorat;
3501 1709 3614 1754 tum

367 1811 506 1864 ματι
535 1795 862 1865 ἀνθρωπείῳ
896 1791 1212 1862 ἐγγενέσθαι
1255 1792 1352 1862 τὴν
1399 1791 1625 1862 θεότητα
1673 1793 1767 1846 καὶ
1813 1792 1939 1864 μίαν

2048 1797 2281 1850 Verbum
2323 1794 2618 1847 humanam
2650 1790 2916 1845 duntaxat
2943 1805 3189 1854 carnem,
3224 1806 3428 1860 corpus
3462 1793 3611 1846 scili.

367 1885 537 1955 φύσιν
567 1887 867 1958 ἀπαρτίσαι
894 1885 1098 1955 ἄψυχον
1124 1885 1276 1939 θείαν
1302 1886 1393 1939 τὸν
1422 1885 1681 1956 Χριστόν,
1714 1885 1939 1956 ὕστερον

371 1977 429 2028 δὲ
462 1977 768 2044 ύφήσαντος
809 1976 990 2038 ποσῶς
1035 1978 1102 2046 τῇ
1157 1977 1378 2047 ἀσεϐείᾳ
1409 1977 1528 2029 ἀντὶ
1575 1977 1667 2029 νοῦ
1710 1975 1943 2046 ψυχικοῦ

377 2068 583 2119 ἐνεῖναι
611 2066 711 2136 τὴν
741 2064 971 2134 θεότητα
1011 2067 1066 2118 ὲν
1107 2067 1326 2136 Χριστῷ
1359 2070 1498 2134 μετά
1527 2067 1621 2120 τοῦ
1651 2069 1824 2135 Λόγου
1847 2069 1948 2136 τῆς

373 2156 555 2225 ψυχῆς
587 2155 788 2225 μέρους
834 2153 1275 2222 δογματίζοντος·
1309 2157 1421 2208 ἀλλ’
1453 2156 1596 2210 οὕτω
1641 2159 1736 2227 μὲν
1770 2157 1949 2226 εὐφώ-

379 2264 546 2317 ρατος
575 2249 606 2316 ἡ
643 2249 785 2300 κατά
817 2247 910 2300 τοῦ
947 2247 1156 2314 Πατρός
1188 2247 1275 2300 διὰ
1319 2248 1417 2317 τῆς
1441 2249 1746 2317 ἐπιγραφῆς
1780 2266 1940 2301 συκο·

375 2337 580 2403 φαντία
611 2355 624 2369 ·
652 2338 685 2407 ἠ
715 2337 770 2389 δὲ
797 2335 938 2389 κατά
964 2337 1056 2389 τοῦ
1088 2336 1292 2407 Κυρίου
1315 2336 1633 2407 βλασφημία
1665 2339 1762 2407 ὅση
1803 2340 1948 2390 ὲστῖν

373 2429 433 2479 ἐν
487 2427 664 2480 τοῖσδε
735 2431 849 2489 τοῖς
905 2427 1198 2498 ῥησειδίοις
1263 2427 1585 2492 ἐξεταστέον
1644 2428 1828 2481 λοιπὸν
1884 2429 1952 2482 τὰ

375 2517 600 2570 πλεῖστα
632 2517 688 2568 ὲν
721 2515 904 2579 αὐτοῖς
931 2515 1188 2584 άλόγιστα
1218 2515 1341 2569 καθ’
1372 2515 1430 2568 ἓν
1464 2515 1876 2585 βασανίζοντας.

2040 1896 2145 1950 eet,
2177 1901 2285 1940 non
2310 1885 2576 1954 integram
2610 1882 3004 1936 humanitatem
3034 1881 3393 1952 assumpsisse
3419 1884 3616 1952 praedi-

2042 1986 2150 2040 cat,
2181 1984 2344 2044 atque
2366 1974 2571 2030 Christi
2597 1971 3055 2043 compositionem
3097 1973 3352 2028 humana:
3381 1975 3616 2029 similem

2044 2068 2304 2137 appellat,
2345 2065 2491 2135 quod
2541 2073 2664 2120 erat
2710 2065 3050 2135 praecipuum
3082 2064 3254 2134 ipsius
3294 2065 3618 2134 Apollinarii

2045 2159 2264 2228 dogma,
2307 2159 2404 2227 qui
2444 2157 2681 2227 primum
2743 2157 2986 2211 asseruit
3035 2155 3380 2211 divinitatem
3428 2157 3621 2211 animae

2044 2251 2222 2304 vicem
2264 2263 2477 2318 gerere,
2529 2262 2803 2315 unamque
2837 2247 3006 2300 solam
3037 2247 3092 2300 in
3120 2246 3340 2302 Christo
3368 2256 3618 2301 naturam

2041 2339 2291 2392 divinam
2343 2339 2522 2392 anima
2573 2338 2893 2394 destitutam
2937 2353 3093 2399 esse;
3137 2338 3338 2394 deinde
3368 2339 3618 2393 nonnihil

2055 2429 2120 2481 de
2155 2428 2432 2495 impietate
2463 2443 2560 2481 sua
2603 2427 3007 2496 quodammodo
3036 2428 3389 2492 remittendo,
3425 2430 3625 2482 mentis

2055 2518 2310 2572 humanae
2336 2517 2599 2570 duntaxat
2619 2517 2794 2570 oliicio
2816 2517 2966 2586 fungi
2994 2517 3340 2573 divinitatem
3376 2519 3432 2571 in
3459 2518 3624 2572 Chri-

372 2607 444 2659 sti
493 2604 669 2658 anima
713 2605 922 2670 docuit,
976 2606 1279 2674 asseritque
1326 2606 1563 2661 Verbum
1598 2621 1720 2660 esse
1770 2606 1944 2676 ipsius
1981 2608 2176 2661 animae
2215 2616 2448 2677 partem.
2495 2605 2651 2671 Quod
2723 2609 2904 2674 itaque
2948 2607 3168 2663 laudata
3234 2608 3469 2673 epistola
3500 2623 3628 2677 per-

371 2711 567 2766 peram
608 2695 755 2751 Iulio
802 2697 1097 2761 tribuatur,
1148 2711 1214 2751 ex
1251 2696 1415 2751 dictis
1440 2695 1728 2751 manifeste
1761 2697 1933 2766 liquet
1972 2715 1986 2751 :
2027 2708 2228 2768 quanta
2257 2713 2388 2752 vero
2428 2712 2531 2762 per
2558 2712 2678 2750 eam
2722 2697 2947 2752 Christo
2970 2697 3216 2752 ~Douiino
3281 2699 3374 2752 tiat
3404 2699 3624 2770 injuria,

387 2784 757 2840 consideranti
840 2785 1083 2855 patebit,
1128 2786 1173 2841 si
1235 2785 1458 2840 voculas
1535 2785 1710 2856 ipsas,
1762 2801 2065 2858 earumque
2150 2788 2386 2841 mxima
2467 2786 2710 2841 absurda
2793 2796 3048 2842 accurate
3111 2789 3455 2858 perpendere
3530 2806 3625 2844 ve»

368 2877 562 2932 limus.

447 2986 466 3018 ι
498 2968 613 3021 Μία
657 2966 817 3036 φύσις
847 2967 983 3030 ἐστὶ,
1035 2969 1188 3039 φησὶ,
1236 2969 1422 3041 ἐπειδὴ
1465 2970 1752 3041 πρόσωπον
1795 2971 1875 3026 ἓν.
1915 2990 1933 3021 ι

361 3055 519 3130 *Αρα
544 3057 638 3113 οὖν
659 3061 791 3112 ὅπου
823 3061 1047 3114 πλείονα
1073 3061 1361 3131 πρόσωπα,
1394 3062 1606 3125 πάντως
1635 3063 1727 3116 καὶ
1753 3063 1942 3132 φύσεις

363 3151 623 3214 πλείουςο
660 3154 756 3204 καὶ
801 3152 904 3222 μὴν
935 3153 1064 3224 τρία
1106 3153 1175 3205 τὰ
1211 3153 1328 3205 θεῖα
1372 3153 1659 3224 πρόσωπα,
1696 3154 1854 3224 φύσις
1887 3154 1944 3207 δὲ

364 3245 477 3312 μία
501 3262 513 3274 ·
545 3237 626 3306 οἷς
653 3243 826 3313 ἔμπα)
842 3262 888 3296 ιν
918 3243 1028 3314 ἔχει
1055 3246 1082 3296 ὁ
1100 3248 1197 3316 τῆς
1234 3245 1541 3314 οἰκονομίας
1565 3246 1748 3314 λόγος,
1775 3241 1808 3322 ᾖ
1843 3265 1945 3317 φη·
1979 3289 2024 3348 C

359 3352 461 3388 σιν
489 3339 517 3389 ὁ
543 3336 794 3404 θεολόγος
819 3337 1136 3408 Γρηγόριος.
1168 3336 1288 3389 Ἔτι
1315 3339 1421 3409 μὴν
1449 3339 1570 3391 ἐπεὶ
1597 3340 1688 3391 καὶ
1726 3340 1816 3392 τοῦ
1846 3340 1950 3409 μύ·

358 3425 503 3493 δρου
528 3425 825 3488 ὑπόστασις
858 3427 976 3495 μία.
1029 3428 1204 3479 εῐτουν
1253 3428 1562 3497 πρόσωπον,
1589 3426 1688 3496 μία
1719 3430 1813 3482 ναὶ
1856 3429 1951 3482 τοῦ

357 3519 428 3569 ὲν
461 3516 612 3586 αύτῷ
639 3516 812 3586 πυρὸς
835 3516 930 3568 καὶ
959 3517 1175 3588 σιδήρου
1207 3518 1369 3585 φύσις
1402 3518 1582 3570 ἐστίν·
1611 3519 1644 3588 ἢ
1675 3521 1826 3589 παρὰ
1851 3519 1950 3582 τὰς

361 3601 563 3661 κοινάς
594 3602 802 3664 ἐννοίας
849 3601 1144 3673 δοξάζομεν
1190 3604 1336 3662 τάδε,
1392 3601 1527 3658 Εἶτά
1585 3623 1736 3676 φησι,
1788 3626 1807 3659 ι
1839 3608 1952 3661 Ούκ

356 3693 500 3762 ἕχον
529 3695 610 3754 είς
640 3692 733 3746 δύο
762 3693 1044 3766 διαίρεσιν,
1083 3697 1203 3748 ἐπεὶ
1237 3696 1310 3766 μὴ
1349 3697 1453 3750 ίδία
1498 3697 1658 3766 φύσις
1691 3700 1723 3767 ἡ
1760 3697 1952 3766 θεότης

356 3784 518 3836 κατὰ
553 3784 656 3850 τὴν
687 3785 981 3853 σάρκωσιν.
1024 3805 1042 3838 ι
1083 3787 1154 3840 Τὸ
1201 3782 1314 3852 οὖν,
1347 3788 1472 3855 ίδία,
1493 3787 1651 3843 τοῦτό
1673 3806 1837 3860 φησιν
1857 3806 1871 3820 ’
1903 3791 1951 3842 εἰ

361 3875 478 3942 μὲν
511 3874 655 3926 κατὰ
677 3875 863 3941 τόπον,
907 3876 1078 3940 ὅντως
1123 3878 1225 3930 οὐκ
1258 3878 1405 3931 ἐστιν
1435 3880 1542 3951 ἰδίᾳ
1587 3881 1812 3951 θάτερον
1842 3881 1951 3933 ἀπὸ

355 3963 649 4033 θατέρουο
699 3966 800 4018 ούκ
835 3965 949 4019 ἔστι
999 3967 1106 4036 γὰρ
1148 3969 1329 4032 αὐτοῖς
1384 3971 1608 4034 τοπικὸς
1651 3971 1951 4040 διορισμδς,

352 4055 452 4106 ὅτι
481 4055 542 4105 ἒν
566 4053 643 4123 τῷ
665 4055 988 4126 ἀνθρωπίνῳ
1015 4057 1110 4108 τοῦ
1159 4057 1396 4126 Χριστοῦ
1454 4063 1700 4110 κατοικεῖ
1747 4060 1856 4110 πᾶν
1892 4058 1955 4109 τὸ

351 4145 654 4214 πλήρωμα
681 4144 782 4213 τῆς
813 4145 1064 4214 θεότητος
1099 4144 1424 4212 σωματικῶς
1443 4158 1460 4174 ⁸
1493 4147 1543 4196 εί
1589 4145 1647 4196 δὲ
1673 4145 1814 4197 κατὰ
1849 4144 1954 4196 Λό-

350 4253 494 4302 γον,
523 4237 624 4288 οὐκ
656 4237 802 4287 ἐστιν
835 4236 1074 4302 ἑκατέρα
1107 4234 1383 4296 ἰδιάζουσαι
1413 4235 1572 4301 φύσις
1607 4235 1671 4288 ὲκ
1699 4232 1953 4304 θατέρας·

349 4325 533 4378 τοῦτο
561 4327 670 4394 γὰρ
699 4326 992 4396 ἐσαφήνιζε
1040 4325 1132 4378 διὰ
1173 4326 1283 4378 τῶν
1321 4325 1458 4395 μετά
1487 4325 1714 4395 βραχέα,
1739 4324 1912 4392 λέγων
1937 4340 1950 4354 ·

357 4435 379 4466 ι
422 4416 586 4470 Μίαν
640 4415 1012 4485 ὁμολογοῦμεν
1065 4416 1226 4483 φύσιν
1269 4418 1367 4486 τῆς
1410 4416 1652 4480 ἀπαθοῦς
1700 4416 1953 4479 θεότητος

349 4507 462 4558 καὶ
522 4505 622 4572 τῆς
658 4504 910 4574 παθητῆς
949 4505 1183 4572 σαρκόςο
1232 4505 1326 4556 καὶ
1354 4502 1476 4555 οὔτε
1517 4505 1549 4571 ἡ
1595 4501 1830 4554 ἀπάθεια
1857 4500 1949 4553 τοῦ

2123 2989 2141 3020 ι
2179 2971 2300 3028 Una
2345 2980 2541 3024 natura
2579 2978 2683 3034 est,
2733 2969 2830 3036 ait,
2879 2969 3326 3041 quandoquidem
3382 2989 3490 3028 una
3537 2990 3623 3037 est

2050 3075 2300 3130 persona.
2336 3079 2353 3111 ι
2390 3059 2643 3128 Nunquid
2673 3075 2804 3129 ergo
2839 3060 2932 3113 ubi
2973 3069 3101 3114 sunt
3129 3077 3383 3130 personae
3413 3063 3621 3132 plures,

2052 3150 2128 3204 ibi
2180 3165 2399 3219 quoque
2438 3156 2564 3202 sunt
2601 3157 2810 3204 naturae
2853 3149 3069 3218 plures?
3115 3150 3279 3219 Atqui
3315 3160 3426 3204 tres
3459 3152 3514 3205 in
3541 3153 3627 3206 di-

2051 3242 2279 3296 vinitate
2322 3251 2451 3296 sunt
2494 3257 2763 3312 persona,
2796 3250 2991 3295 natura
3039 3251 3218 3296 tamen
3249 3258 3358 3296 una
3387 3258 3400 3294 :
3431 3253 3623 3296 contra

2055 3347 2188 3386 vero
2221 3346 2279 3386 se
2315 3347 2402 3386 res
2446 3332 2609 3385 habet
2659 3331 2712 3384 in
2761 3331 2878 3400 ipsa
2921 3330 3127 3386 Christi
3189 3331 3622 3400 dispensatione,

2055 3431 2196 3478 teste
2227 3422 2495 3492 Gregorio
2523 3422 2824 3492 Theologo.
2857 3422 3128 3476 Praeterea
3161 3436 3286 3475 cum
3317 3420 3454 3475 ferri
3490 3437 3589 3474 can
3609 3453 3623 3464 ς

2054 3512 2237 3567 dentis
2283 3528 2392 3566 una
2435 3512 2508 3566 sit
2539 3512 2916 3574 subsistentia,
2947 3526 3043 3565 seu
3081 3525 3336 3580 persona;
3376 3513 3623 3582 nunquid

2053 3619 2162 3657 una
2207 3603 2262 3656 in
2291 3618 2358 3658 eo
2384 3610 2440 3656 et
2476 3603 2635 3672 ignis,
2682 3610 2738 3655 et
2786 3601 2918 3654 ferri
2946 3600 3180 3654 natura?
3205 3600 3401 3656 Haecne
3431 3611 3624 3658 contra

2051 3710 2376 3750 communes
2418 3711 2449 3748 a
2501 3702 2696 3747 natura
2726 3692 2889 3747 nobis
2920 3692 3113 3746 insitas
3148 3693 3296 3763 leges
3326 3694 3400 3749 ita
3440 3709 3497 3749 se
3533 3695 3628 3749 ha-

2053 3787 2186 3842 bere
2229 3785 2531 3856 putamus?
2573 3783 2774 3852 Adjicit
2837 3781 3036 3836 deinde
3085 3800 3099 3835 :
3153 3801 3172 3834 ι
3205 3782 3336 3850 Qua:
3391 3785 3445 3838 in
3491 3785 3628 3840 duas

2054 3879 2225 3932 dividi
2251 3878 2465 3947 nequit,
2488 3873 2933 3944 quandoquidem
2959 3873 3216 3926 divinitas
3235 3874 3380 3926 haud
3400 3876 3626 3928 seorsim

2051 3986 2085 4024 a
2125 3985 2288 4022 carne
2333 3975 2615 4034 assumpta
2651 3966 2705 4016 in
2735 3963 2956 4016 Christo
2995 3963 3268 4016 subsistit.
3302 3982 3319 4013 ι
3357 3965 3470 4018 Hoc
3511 3976 3626 4021 est:

2057 4059 2206 4126 quod
2255 4059 2454 4111 attinet
2483 4054 2553 4107 ad
2590 4054 2770 4106 locum
2795 4066 2927 4104 vere
2953 4066 3123 4104 unum
3151 4054 3382 4109 seorsim
3422 4054 3492 4109 ab
3525 4056 3631 4110 alio

2058 4162 2168 4200 non
2215 4145 2490 4208 subsistit,
2515 4140 2963 4212 quandoquidem
2990 4141 3111 4197 loco
3140 4158 3248 4197 non
3276 4145 3628 4217 distinguun-

2060 4246 2169 4298 tur,
2197 4251 2320 4290 cum
2369 4235 2423 4289 in
2467 4234 2704 4287 humana
2729 4229 2935 4285 Christi
2979 4247 3144 4287 carne
3176 4242 3288 4289 tota
3325 4236 3630 4292 divinitatis

2057 4327 2342 4399 plenitudo
2391 4323 2756 4394 corporaliter
2797 4323 2960 4393 degat
2998 4341 3010 4376 :
3063 4324 3210 4394 quod
3258 4341 3392 4381 vero
3421 4338 3630 4398 spectat

2055 4421 2123 4475 ad
2171 4419 2428 4478 Verbum,
2474 4416 2719 4486 profecto
2770 4413 2877 4468 dici
2930 4415 3123 4485 nequit
3179 4424 3430 4471 naturam
3467 4435 3627 4473 unam

2055 4511 2284 4567 seorsim
2331 4510 2401 4564 ab
2449 4508 2556 4562 alia
2586 4506 2888 4564 secundum
2938 4523 2998 4563 se
3033 4508 3254 4579 degere,
3288 4511 3431 4580 quod
3465 4513 3632 4582 paulo

346 4597 572 4664 Λόγου,
609 4595 733 4648 οὕτε
765 4596 826 4647 τὸ
858 4595 1026 4658 πάθος
1056 4596 1152 4660 τῆς
1184 4596 1382 4664 σαρκὸς
1415 4595 1566 4658 ἴδιον,
1599 4594 1757 4664 δῆλον
1787 4595 1946 4647 πᾶσιν

2057 4605 2178 4666 post
2201 4597 2273 4650 ita
2295 4598 2594 4653 declaravit
2621 4616 2634 4651 :
2675 4617 2692 4649 ι
2717 4599 2911 4664 Unam,
2945 4600 3142 4669 inquit,
3169 4601 3499 4656 conﬁtemur
3529 4620 3630 4657 na-

343 4686 436 4748 ὡς
471 4686 574 4739 καὶ
605 4685 634 4737 ό
663 4684 835 4751 Λόγος
887 4685 1057 4753 αὐτῆς
1098 4687 1177 4748 είς
1214 4683 1342 4737 ἴδιον
1391 4686 1546 4751 λόγον
1581 4682 1770 4748 ἔπαθε,
1800 4684 1946 4750 καὶὴ

349 4776 519 4845 σὰρξ
544 4776 658 4846 ιδίῳ
705 4776 849 4845 λόγῳ
872 4775 972 4827 ούκ
999 4775 1227 4828 ἔπαθενο
1254 4775 1586 4844 ὲζωοποίησέ
1613 4793 1673 4829 τε
1702 4777 1762 4829 ού
1795 4777 1952 4846 μόνον

343 4871 380 4920 ὁ
417 4868 606 4934 Λόγος
639 4869 740 4936 τὴν
775 4868 973 4937 σάρκα,
1024 4866 1159 4920 ἀλλά
1211 4869 1303 4920 καὶ
1347 4870 1379 4938 ὴ
1437 4867 1569 4938 σὰρξ
1626 4869 1715 4920 τὸν
1761 4868 1950 4934 Λόγον,

341 4957 555 5010 show
584 4958 616 5026 ὴ
649 4957 1026 5027 ἀνθρωπότης,
1050 4956 1083 5024 ἦ
1107 4957 1182 5018 ὡς
1211 4951 1360 5019 οὗτος
1386 4957 1552 5024 λέγει,
1582 4958 1642 5008 τὸ
1669 4957 1827 5025 σῶμα
1854 4957 1953 5025 τὴν

337 5049 627 5118 θεότητα.
684 5069 702 5100 ι

2057 4698 2231 4743 turam
2300 4689 2655 4759 impassibilis
2721 4688 3057 4756 divinitatis,
3126 4701 3290 4762 atque
3353 4695 3630 4762 passihiiis

2053 4781 2252 4837 carnis.
2318 4782 2472 4848 Quod
2545 4797 2712 4851 porro
2775 4797 2954 4851 neque
3018 4798 3205 4837 carere
3281 4784 3630 4853 passionibns

2056 4871 2332 4941 proprium
2381 4874 2451 4927 sit
2495 4873 2681 4937 Verbi,
2732 4885 2834 4925 nec
2879 4871 2947 4926 iis
3003 4872 3299 4926 obnoxium
3349 4873 3464 4927 tleri
3497 4892 3629 4944 pro-

2055 4963 2237 5031 prium
2285 4964 2359 5018 sit
2411 4963 2628 5028 carnis;
2680 4962 2734 5017 id
2788 4978 2854 5017 ex
2901 4979 2968 5016 eo
3011 4963 3222 5031 liquido
3267 4973 3436 5033 patet,
3485 4967 3628 5034 quod

2056 5051 2297 5105 Verbum
2349 5053 2403 5106 in
2457 5052 2678 5121 propria
2709 5065 2944 5121 persona
2991 5067 3230 5121 passum,
3264 5069 3371 5107 non
3403 5054 3530 5107 item
3574 5057 3627 5109 in

334 5140 599 5211 propria
656 5156 890 5210 persona
939 5157 1097 5209 passa
1149 5156 1277 5195 caro
1310 5140 1714 5195 vere-dicatur.
1751 5141 1819 5194 Et
1846 5155 1954 5196 non
1997 5143 2160 5197 modo
2201 5142 2441 5198 Verbum
2492 5158 2735 5209 carnem,
2803 5143 2899 5199 sed
2932 5145 3097 5197 etiam
3133 5159 3264 5197 caro
3330 5143 3624 5200 vivitiCath

341 5234 644 5298 Verbum,
674 5234 886 5288 scilicet
913 5234 1222 5291 humanitas
1243 5237 1370 5305 (vel,
1399 5244 1460 5290 ut
1488 5235 1578 5290 hic
1601 5235 1719 5302 ait),
1747 5251 1948 5306 corpus
1987 5236 2285 5290 viviﬁcavit
2331 5236 2696 5306 divinitatem.
2723 5257 2741 5290 ι

416 5323 549 5380 τΩν
581 5325 664 5388 τίς
699 5324 1052 5395 βλασφημίας
1105 5325 1400 5398 ὑπέρτερος
1445 5326 1634 5394 λόγος;
1676 5326 1836 5379 Ἀλλά
1860 5326 1950 5378 τὸν

330 5421 492 5491 περὶ
563 5419 663 5479 τὰς
718 5416 937 5478 ἀσεϐεῖς
983 5416 1220 5479 διανοίας
1276 5416 1638 5488 συμϐαίνοντα
1686 5417 1848 5470 σάλον
1893 5417 1953 5480 ἐξ

334 5509 674 5582 άδρανείας
702 5507 796 5559 τοῦ
824 5506 1074 5576 ψεύδους,
1099 5507 1192 5557 καὶ
1216 5506 1300 5559 διὰ
1321 5509 1429 5559 τῶν
1465 5507 1589 5576 ἑξῆς
1617 5508 1940 5576 σκοπητέον.

339 5620 359 5649 ι
394 5598 566 5653 Οὔτε
595 5597 706 5664 γὰρ
737 5595 797 5647 τὸ
836 5595 991 5664 σῶμα
1032 5592 1153 5646 καθ’
1196 5595 1352 5648 ἑαυτὸ
1393 5595 1574 5663 φύσις,
1611 5597 1762 5664 φησὶ,
1817 5596 1951 5664 μηδὲ

329 5690 643 5757 ζωοποιὸν
678 5687 799 5741 καθ’
827 5687 1004 5752 ἑαυτὸ,
1033 5684 1166 5754 μηδὲ
1205 5687 1578 5757 διατέμνεσθαι
1598 5687 1943 5754 δυνάμενον.»

2127 5327 2340 5392 Quibus
2381 5327 2515 5396 quid
2564 5329 2858 5384 absurdius
2891 5329 2999 5382 dlCl
3036 5333 3250 5393 potest.
3300 5329 3432 5394 quid
3458 5347 3486 5388 a
3513 5335 3630 5403 pie—

2056 5417 2186 5470 tatis
2245 5416 2459 5471 ratione
2505 5418 2770 5472 alienius?
2834 5417 2940 5472 Sed
2990 5411 3401 5472 consideremus
3452 5433 3509 5477 et
3565 5440 3632 5479 ex

2053 5507 2413 5576 sequentibus
2466 5508 2754 5574 impiarum
2786 5503 3182 5577 cogitationum
3214 5514 3408 5562 aestum
3435 5527 3501 5570 ac
3526 5517 3632 5571 ῃη-

2051 5607 2225 5660 etum,
2273 5596 2366 5662 qui
2404 5595 2642 5648 instabili
2673 5597 2963 5652 mendacio
2995 5590 3316 5646 suscitatur.
3357 5616 3376 5648 ι
3408 5601 3624 5675 Corpus

2057 5685 2232 5745 enim,
2264 5682 2363 5748 ait,
2399 5696 2502 5734 nec
2542 5681 2718 5749 ipsum
2757 5703 2854 5754 per
2882 5699 2939 5739 se
2973 5677 3276 5736 subsistens
3309 5699 3506 5752 natura
3533 5705 3621 5752 est
