3998 6282
476 396 605 460 1871

1698 397 2003 457 LEONTII
2042 398 2409 459 ΒΥΖΛΝΤΙΝ
2414 400 2442 458 Ι

3564 396 3696 461 1872

474 522 651 576 neque
703 519 801 576 per
849 520 907 561 se
951 504 1136 572 vitale,
1164 520 1265 560 nec
1302 503 1637 577 hujusmodi,
1674 507 1818 576 quod
1853 497 2032 561 scindi

2138 509 2277 578 ’Ἄρα
2305 507 2436 576 γοῦν
2466 507 2651 577 ὥσπερ
2690 506 2790 559 οὐκ
2820 505 2930 575 ἔχει
2958 504 3020 557 τὸ
3059 503 3315 568 ζωοποιὸν
3350 506 3412 559 ὲκ
3438 506 3529 558 τοῦ
3566 508 3700 560 ἰδίου

474 606 654 668 queat.
691 617 708 649 ι
756 597 1014 666 Nunquid
1048 612 1180 667 ergo
1208 596 1339 667 quia
1377 613 1487 651 non
1530 597 1697 652 habet
1730 613 1796 653 ex
1846 598 2036 653 intima

472 690 556 744 sui
605 674 825 754 natura,
866 697 928 742 ut
977 688 1142 744 vitale
1176 689 1272 753 sit,
1304 704 1371 743 ne
1419 689 1554 743 illud
1591 689 1815 758 quidem
1846 690 2032 753 habet,

472 789 533 836 ut
580 778 758 836 scindi
802 780 1013 850 possit?
1049 795 1121 834 an
1168 794 1337 834 unum
1367 779 1592 849 quidem
1619 780 1688 835 ab
1717 780 1909 835 intima
1937 797 2035 836 sua

470 882 665 928 natura
688 871 872 936 habet,
910 872 1142 926 alterum
1175 888 1308 927 vero
1345 872 1733 942 nequaquam?
1771 873 1850 927 Ac
1879 873 2035 927 dein-

470 979 600 1033 ceps
639 978 707 1018 ex
750 963 1138 1034 conjunctione
1178 979 1302 1018 cum
1353 979 1440 1029 eo,
1491 964 1639 1032 quod
1687 972 1884 1018 natura
1939 980 2035 1018 sua

469 1054 747 1108 viviﬁcum
793 1063 879 1109 est
910 1063 966 1109 et
1008 1054 1377 1116 individuum,
1423 1053 1666 1108 obtinuit
1716 1064 2032 1123 utrumque.

469 1143 627 1211 Quod
664 1144 710 1199 si
766 1153 918 1199 caret
944 1144 1060 1199 suis
1086 1144 1536 1215 proprietatibus,
1571 1154 1629 1199 et
1665 1144 1910 1214 corporis
1934 1161 2033 1199 na-

470 1240 593 1286 tura
614 1233 723 1286 vim
755 1246 912 1286 suam
940 1232 1248 1288 exserendo
1270 1232 1443 1287 dividi
1484 1249 1544 1288 se
1582 1248 1742 1302 posse
1781 1234 2037 1303 patefecit

469 1321 527 1376 in
568 1321 791 1393 Christo
824 1339 836 1374 :
870 1322 915 1377 si
948 1338 1127 1392 neque
1159 1323 1425 1388 Verbum,
1471 1339 1648 1393 neque
1681 1338 1810 1378 caro
1836 1323 2038 1379 discin-

469 1410 523 1465 di
553 1418 824 1480 p0terant,
855 1412 979 1480 quis
1016 1412 1377 1467 circumcisus
1397 1413 1518 1467 est?
1549 1413 1675 1483 quis
1705 1413 1875 1470 clavis
1901 1429 2037 1469 con-

472 1501 642 1555 ﬁxus?
675 1502 799 1570 quis
824 1501 1014 1556 lancea
1036 1503 1548 1559 transverberatus?
1568 1504 1684 1559 Nisi
1712 1504 1831 1559 haec
1854 1505 2036 1575 specie

470 1604 648 1659 tenus,
697 1602 752 1648 et
797 1593 1008 1650 umbra:
1051 1595 1346 1666 contigisse
1396 1595 1602 1651 dicant.

539 1684 833 1740 Videamus
866 1693 1048 1740 autem
1084 1696 1287 1756 quanta
1337 1695 1546 1742 scateat
1567 1688 1843 1743 dementia
1887 1689 2033 1758 quod

467 1776 746 1848 adjicitur.
774 1777 865 1831 Ait
895 1779 1043 1833 enim
1076 1797 1090 1832 :
1136 1797 1152 1830 ι
1178 1779 1367 1848 Neque
1402 1780 1641 1836 Verbum
1673 1780 1728 1834 in
1758 1782 2033 1851 propriam

469 1876 718 1922 naturam
750 1870 1079 1937 secernitur,
1118 1886 1282 1940 quam
1317 1871 1485 1928 habet
1515 1871 1568 1926 in
1603 1875 1786 1928 carnis
1811 1884 2035 1944 experte

468 1962 776 2020 divinitate.
805 1983 823 2016 ι
864 1963 1087 2018 Retinet
1127 1978 1281 2033 ergo,
1317 1963 1704 2033 sapientissimi
1756 1963 1883 2031 viri,
1912 1981 2037 2035 pro-

470 2056 646 2124 priam
701 2062 951 2111 naturam
1000 2054 1241 2110 Verbum
1287 2055 1418 2126 (qua
1462 2056 1644 2111 carnis
1694 2069 1892 2126 expers
1927 2058 2033 2124 est)

467 2148 630 2203 etiam
678 2156 1033 2218 posteaquam
1093 2160 1313 2201 carnem
1380 2148 1693 2217 assumpsit.
1749 2146 2034 2214 Quomodo

467 2254 599 2309 ergo
643 2248 856 2294 vestros
895 2252 1006 2291 non
1034 2236 1414 2293 insectamini?
1451 2238 1660 2307 Ecquid
1689 2240 1755 2293 ad
1786 2240 1903 2293 haec
1930 2240 2034 2294 alia

469 2329 802 2399 respondere
830 2327 992 2383 nobis
1020 2328 1310 2397 poteritis?
1338 2328 1420 2381 An
1445 2338 1502 2383 et
1535 2329 1847 2385 humanitas
1874 2329 2035 2384 Chri-

467 2414 537 2469 sti
589 2414 828 2478 Domini,
871 2429 974 2483 qua
1010 2428 1139 2468 caro
1170 2424 1275 2476 est,
1320 2430 1474 2468 suam
1522 2417 1724 2472 retinet
1756 2427 2031 2484 naturam,

465 2501 683 2558 etiamsi
731 2502 970 2558 Verbum
1026 2517 1146 2559 eam
1200 2502 1385 2557 statim
1422 2513 1760 2572 procreatam
1797 2507 1900 2561 sibi
1939 2523 2033 2562 co-

467 2593 677 2663 pulavit
705 2610 717 2645 :
759 2608 827 2647 an
858 2593 972 2647 sola
996 2602 1194 2647 natura
1216 2593 1382 2649 Verbi
1416 2595 1597 2649 carnis
1620 2611 1819 2666 expers
1848 2598 1904 2651 in
1935 2614 2035 2653 suo

467 2692 612 2738 statu
652 2683 874 2744 mansit.
907 2692 1072 2753 atque
1103 2698 1239 2738 vana
1269 2684 1515 2753 quaedam
1553 2688 1760 2756 species
1790 2687 1898 2743 fuit
1920 2689 2030 2754 illa,

464 2791 572 2844 qua
618 2774 873 2831 Chriétus
919 2775 1158 2830 humana
1216 2792 1377 2831 carne
1423 2778 1683 2846 praeditus
1742 2780 2037 2849 apparuit?

465 2866 600 2921 Nam
652 2866 699 2920 si
736 2881 865 2920 vera
912 2881 1041 2920 caro
1092 2865 1306 2931 fuisset,
1352 2866 1474 2921 dua:
1535 2867 1783 2936 profecto
1827 2877 2036 2926 naturae

467 2956 851 3012 convenissent
912 2957 968 3009 in
1021 2970 1215 3017 unam,
1270 2956 1628 3026 eamdemque
1689 2973 2035 3014 communem

466 3048 900 3106 subsistentiam.
945 3047 1086 3114 Quid
1134 3048 1203 3103 ad
1236 3049 1389 3103 haec?
1434 3064 1615 3104 nonne
1664 3065 1760 3119 per
1809 3052 2039 3123 conjun-

2136 599 2315 666 λόγου,
2344 599 2516 662 οὕτως
2538 598 2660 652 οὐδὲ
2692 597 2753 651 τὸ
2784 596 3164 667 διατέμνεσθαι
3197 597 3307 668 ἔχει
3343 600 3406 649 ὲκ
3435 596 3527 650 τοῦ
3565 599 3698 651 ἰδίου
3730 602 3735 608 ’

2134 689 2295 757 λόγου
2328 690 2389 742 τὸ
2418 689 2610 759 σῶμα·
2645 689 2678 760 ἦ
2709 690 2772 741 ἐκ
2809 688 2906 757 μὲν
2940 688 3033 743 τοῦ
3078 688 3235 754 λόγου
3277 689 3374 756 τῆς
3429 689 3564 753 ἰδίας
3602 689 3701 758 φύ-

2137 797 2272 843 σεως
2302 779 2527 850 θάτερον
2556 779 2689 849 ἔχει,
2739 779 2924 847 ἕτερον
2970 778 3027 832 δὲ
3088 777 3185 831 οὕο
3232 781 3298 831 ὲκ
3334 778 3392 830 δὲ
3435 780 3533 849 τῆς
3564 781 3699 850 πρὸς

2135 870 2395 934 ζωοποιὸν
2430 871 2524 924 καὶ
2572 871 2903 940 ἁδιάτμητον
2946 870 3104 940 φύσει
3139 869 3197 921 ὃν
3229 869 3493 933 ἑνώσεως,
3524 870 3699 939 ἀμφό-

2134 977 2266 1030 τερα
2303 959 2527 1013 ἔλαϐεν·
2592 959 2765 1022 ἄλλως
2800 960 2877 1026 δὲ,
2929 962 2977 1012 εί
3038 958 3111 1029 μὴ
3160 958 3272 1029 ἔχει
3321 960 3390 1011 τὰ
3435 959 3564 1025 ῐδια,
3606 965 3699 1013 καὶ

2136 1048 2448 1115 ἐπεδείξατο
2475 1053 2726 1123 ἐνεργείᾳ
2768 1053 2801 1122 ὴ
2847 1050 3006 1119 φύσις
3039 1051 3132 1103 τοῦ
3175 1050 3422 1119 σώματος
3469 1053 3529 1103 τὸ
3577 1051 3696 1105 δια-

2134 1141 2339 1210 τμητδν
2366 1143 2535 1208 αὐτῆς
2566 1145 2624 1195 ὲν
2670 1141 2909 1211 Χριστῷ,
2964 1141 3084 1195 οὔτε
3133 1141 3234 1209 τῆς
3286 1140 3486 1211 σαρκὸς
3533 1140 3698 1211 οὔσης

2135 1230 2457 1299 διατμητῆς,
2490 1232 2574 1295 τίς
2606 1230 2944 1301 περιετμήθη
2970 1247 2985 1295 ;
3016 1230 3098 1293 τίς
3136 1230 3192 1283 δὲ
3215 1230 3364 1301 ἣλοις
3397 1247 3696 1301 κατεπερο·

2136 1321 2307 1392 νήθη;
2341 1321 2420 1385 τίς
2460 1321 2515 1374 δὲ
2559 1322 2723 1390 λόγχῃ
2755 1320 2977 1391 διῃρέθη
2999 1362 3013 1385 ,
3052 1319 3190 1393 πλὴν
3226 1322 3274 1372 εί
3324 1320 3399 1390 μὴ
3431 1319 3698 1389 φαντασία

2135 1431 2219 1476 τις
2247 1413 2343 1467 καὶ
2374 1416 2530 1475 σκιᾶς
2559 1413 2747 1476 τύπος.

2206 1688 2279 1742 Τὸ
2324 1687 2381 1740 δὲ
2436 1672 2774 1758 ἐπαγόμενον
2822 1689 2952 1758 ὅσης
2994 1687 3152 1757 γέμει
3181 1687 3279 1755 τῆς
3314 1684 3497 1748 ἀνοίας
3527 1700 3700 1756 προσ-

2135 1778 2323 1833 εκτέον
2346 1794 2359 1806 ·
2393 1779 2529 1849 φησὶ
2564 1778 2690 1848 γάρ·
2750 1797 2769 1830 ι
2798 1777 2934 1831 Οὕτε
2971 1779 2999 1830 ὁ
3040 1778 3211 1847 Λόγος
3248 1778 3324 1840 είς
3362 1776 3494 1829 ἰδίαν
3546 1776 3705 1846 μερί-

2138 1870 2286 1934 ζεται
2320 1868 2480 1939 φύσιν
2506 1869 2572 1939 ἢν
2609 1869 2719 1939 ἔχει
2756 1869 2897 1923 κατὰ
2939 1869 3000 1922 τὸ
3039 1869 3298 1939 ἄσαρκον.
3340 1886 3357 1920 ι
3393 1868 3544 1936 Ἔχει
3585 1863 3698 1930 οὖν,

2134 1955 2179 2014 ὦ
2213 1961 2385 2030 σοφοὶ,
2432 1959 2574 2013 κατὰ
2605 1960 2666 2012 τὸ
2699 1960 2941 2029 ἄσαρκόν
2977 1959 3110 2013 ίδίαν
3156 1957 3315 2027 φύσιν
3343 1960 3370 2011 ὁ
3413 1959 3584 2026 Λόγος
3621 1958 3702 2011 ἔτι

2135 2054 2230 2106 καὶ
2266 2052 2608 2123 ἐπιδημήσας
2646 2053 2703 2104 ὲν
2743 2051 2942 2122 σαρκί·
2979 2050 3074 2104 καὶ
3112 2050 3231 2113 πῶς
3276 2050 3384 2103 τῶν
3423 2049 3703 2118 ὑμετέρων

2133 2143 2232 2197 οὐκ
2286 2143 2569 2208 ὲπαῖοιτες
2621 2141 2672 2195 τί
2729 2158 2788 2194 τε
2842 2143 2973 2210 ἡμῖν
3021 2138 3511 2211 προσεπερωτῶσιν
3558 2140 3701 2207 ὑμᾶς

2133 2230 2609 2303 ἀποκριθήσεσθε;
2655 2227 2764 2302 ἆρα
2792 2230 2900 2301 γὰρ
2925 2231 3018 2283 καὶ
3052 2232 3079 2283 ὁ
3114 2227 3392 2299 Κυριακὸς
3420 2227 3701 2296 ἄνθρωπος

2134 2323 2246 2393 ἔχει
2284 2322 2419 2375 ἰδίαν
2454 2322 2614 2390 φύσιν
2648 2321 2790 2375 κατά
2836 2321 2894 2373 τὸ
2941 2319 3222 2390 σαρκικὸν,
3271 2318 3320 2370 εί
3365 2316 3460 2371 καὶ
3506 2315 3704 2377 ὲνθέως

2133 2415 2496 2484 ἐπεδήμησεν,
2533 2413 2564 2484 ἢ
2597 2413 2690 2466 τοῦ
2725 2412 2898 2479 Λόγου
2953 2411 3110 2481 μόνον
3148 2410 3377 2474 σώζεται
3408 2409 3440 2479 ἡ
3484 2407 3643 2476 φύσις
3668 2407 3701 2475 ἠ

2133 2505 2410 2576 ἄσαρκος;
2444 2503 2663 2574 δόκησις
2716 2503 2772 2556 δὲ
2814 2498 2880 2572 ἦν
2931 2504 2963 2572 ἡ
3015 2501 3320 2571 φανέρωσις
3354 2500 3451 2571 τῆς
3503 2499 3704 2571 σαρκὶς

2131 2594 2226 2649 τοῦ
2259 2596 2501 2665 Κυρίους
2534 2596 2581 2646 εί
2626 2609 2732 2663 γαρ
2784 2592 3013 2663 ἀληθείᾳ.
3052 2586 3121 2662 ἦν
3165 2594 3197 2661 ἡ
3255 2591 3561 2660 φανέρωσις
3605 2590 3702 2658 τῆς

2136 2687 2336 2758 σαρκὸς
2363 2687 2456 2738 τοῦ
2487 2685 2721 2755 κυρίους
2768 2685 2818 2736 εἰ
2848 2684 2954 2755 γὰρ
2988 2682 3219 2753 ἀληθείᾳ
3245 2678 3312 2753 ἦν
3357 2681 3449 2735 δύο
3489 2680 3700 2747 φύσεις,

2134 2778 2365 2847 ἑκατέρα
2389 2776 2556 2830 τῶνδε
2580 2774 2899 2844 συνάγουσιν
2925 2776 3001 2836 εἰς
3037 2774 3159 2844 μίαν
3189 2773 3377 2842 κοινὴν
3407 2772 3704 2825 ὑπόστασιν

2135 2869 2478 2938 συνηγμένας
2504 2867 2603 2938 τὴν
2631 2862 2818 2923 αὑτοῦ.
2865 2865 2998 2919 Ἀλλ’
3030 2867 3125 2919 ἐπὶ
3170 2865 3379 2927 τούτοις
3420 2863 3471 2917 τί
3503 2879 3701 2932 (pan;

2134 2962 2182 3013 ei
2212 2961 2267 3014 δὲ
2303 2959 2359 3011 ἓν
2395 2960 2654 3030 ἑκάτερόν
2680 2960 2795 3011 ἐστι
2830 2958 2973 3010 κατὰ
2997 2958 3099 3027 τὴν
3142 2957 3391 3010 σύνοδονθ
3424 2949 3468 3009 ὧ
3496 2955 3704 3024 ἄνθρω-

2134 3070 2225 3117 πε,
2253 3054 2302 3105 εἰ
2345 3052 2425 3116 ἓν,
2481 3052 2597 3115 πῶς
2650 3051 2940 3122 ἑκάτερον;
2980 3050 3029 3103 εἰ
3072 3049 3128 3103 δὲ
3176 3049 3458 3121 ἑκάτερον,
3494 3048 3614 3111 πῶς
3647 3047 3706 3100 ἓν

466 3141 706 3197 ctionem
732 3148 1028 3208 utrumque
1063 3138 1123 3193 ﬁt
1146 3153 1338 3204 unum,
1364 3140 1448 3193 vir
1477 3139 1714 3194 eximie?
1755 3150 1810 3195 at
1835 3141 1882 3195 si
1908 3156 2034 3196 vere

2138 3143 2276 3197 κατὰ
2302 3144 2363 3197 τὸ
2391 3144 2522 3196 αὐτὸ
2557 3142 2746 3209 ἔσταις
2772 3142 2980 3196 Οὐκοῦν
3029 3142 3194 3209 σαφὲς
3226 3142 3307 3195 ὅτι
3354 3141 3411 3193 ἓν
3440 3141 3535 3211 μὲν
3565 3141 3704 3193 κατὰ

469 3248 662 3295 unum,
705 3230 983 3301 quomodo
1040 3230 1379 3299 utrumque?
1425 3229 1483 3284 Si
1530 3246 1660 3284 vero
1706 3241 2035 3302 utrumque,

467 3319 742 3390 quomodo
785 3317 1088 3373 secundum
1120 3317 1264 3371 idem
1297 3318 1403 3372 erit
1435 3319 1649 3372 unum?
1696 3320 1889 3376 Nonne
1917 3336 2040 3390 per-

468 3411 721 3482 spicuum
748 3419 834 3465 est
860 3409 1003 3464 idem
1040 3408 1150 3463 dici
1189 3425 1356 3463 unum
1379 3410 1450 3464 ob
1474 3411 1739 3465 unitatem
1770 3427 2037 3481 personm,

468 3513 525 3561 et
547 3511 841 3571 utrumque
869 3502 939 3556 ob
968 3511 1219 3573 naturam
1240 3501 1545 3571 duplicem?
1566 3502 1808 3568 Minime,
1841 3504 2039 3573 inquit,

469 3597 564 3652 scd
591 3595 698 3651 hoc
727 3594 930 3650 dicitur
962 3593 1033 3647 ob
1051 3594 1505 3663 compositionem
1535 3593 1788 3650 humanm
1813 3611 2043 3665 prorsus

469 3689 726 3743 similem.
775 3684 914 3752 Quid
961 3685 1131 3754 ergo?
1180 3684 1639 3747 Salva_manente
1680 3695 1875 3742 natura
1917 3703 2037 3743 cor-

471 3781 623 3852 poris
664 3787 721 3834 et
768 3778 982 3842 animm,
1050 3778 1299 3846 nunquid
1347 3787 1402 3832 et
1452 3778 1612 3833 aliam
1674 3779 1780 3851 (24)
1840 3789 2037 3849 praater

472 3872 636 3925 hasce
686 3876 937 3923 naturam
968 3882 1088 3923 esse
1126 3867 1181 3921 in
1210 3867 1433 3923 homine
1497 3869 1769 3932 novimus,
1822 3872 2044 3926 annon?

472 3961 529 4018 Si
577 3975 858 4032 negemus,
890 3975 994 4015 nec
1016 3960 1070 4015 in
1097 3959 1315 4014 Christo
1344 3960 1576 4016 Domino
1611 3962 1757 4016 salva
1785 3971 2041 4018 manente

472 4053 758 4110 divinitate
807 4062 864 4108 ct
904 4052 1266 4116 humanitate,
1296 4068 1525 4109 necesse
1564 4054 1726 4109 nobis
1754 4055 1865 4109 erit
1892 4070 2042 4109 com-

474 4145 690 4200 minisci
749 4143 1196 4199 communionem
1252 4142 1414 4197 aliam
1479 4152 1766 4210 naturam;
1809 4144 1854 4198 si
1906 4160 2038 4200 vero

472 4235 823 4300 atIirmemus,
846 4232 1350 4303 contendamusque
1374 4243 1571 4304 praeter
1593 4226 1809 4299 animm,
1833 4244 1890 4291 et
1912 4251 2038 4291 cor-

2134 3237 2196 3289 τὸ
2228 3234 2563 3306 πρώσωπον,
2595 3235 2854 3305 ἑκάτερον
2903 3234 2961 3288 δὲ
3006 3234 3148 3288 κατὰ
3186 3233 3283 3296 τὰς
3314 3233 3505 3302 φύσεις
3534 3232 3699 3286 ἐστίν.

2137 3327 2290 3395 Οὐχὶ,
2325 3327 2510 3397 φησὶν,
2544 3325 2680 3379 ἀλλὰ
2717 3323 2857 3378 κατὰ
2888 3325 2986 3395 τὴν
3017 3322 3389 3394 ἀνθρωποειδῆ
3416 3322 3665 3375 σύνθεσιν
3687 3362 3699 3374 .

2138 3419 2202 3470 Τί
2246 3415 2369 3483 οὖν;
2423 3415 2734 3489 σωζομένης
2783 3417 2997 3485 φύσεως
3044 3416 3222 3486 ψυχῆς
3276 3416 3372 3468 καὶ
3433 3414 3703 3485 σώματος,

2140 3509 2299 3579 ῐσμεν
2325 3510 2420 3562 καὶ
2468 3509 2660 3578 ἑτέραν
2696 3507 2855 3576 φύσιν
2908 3503 3048 3560 εἶναι
3099 3506 3189 3560 τὸν
3239 3505 3524 3575 ἄνθρωπον
3553 3504 3708 3574 παρὰ

2138 3603 2320 3666 τάσδε,
2353 3602 2386 3671 ἢ
2417 3599 2536 3669 οὐχί
2560 3616 2575 3664 ;
2604 3601 2654 3652 εί
2683 3601 2779 3669 μὲν
2811 3598 2902 3652 οὖν
2929 3598 3068 3667 οὐχὶ,
3099 3597 3220 3651 οὐδὲ
3255 3597 3346 3650 ἐπὶ
3374 3586 3466 3649 τοῦ
3501 3596 3706 3667 Κυρίου

2144 3693 2455 3763 σωζομένης
2486 3690 2737 3762 θεότητος
2772 3690 2868 3744 καὶ
2911 3688 3347 3759 ἀνθρωπότητος,
3384 3687 3542 3754 φύσις
3587 3688 3708 3740 ἐστὶ

2142 3780 2289 3852 αύτῴ
2310 3784 2343 3852 ἡ
2371 3779 2781 3850 καθο).ικωτέρα
2805 3780 2903 3848 μία
2929 3797 2941 3811 ο
2971 3780 3019 3831 εἰ
3047 3778 3104 3833 δὲ
3134 3778 3455 3848 σωζομένων
3477 3776 3707 3841 τούτων,

2138 3871 2364 3941 οἰόμεθα
2393 3869 2739 3937 ἐπιγενέσθαι
2771 3869 2866 3923 καὶ
2896 3867 2995 3939 τὴν
3022 3872 3334 3939 κοινοτέραν
3363 3866 3457 3921 τοῦ
3491 3865 3709 3935 ἀνθρὼ-

2137 3978 2240 4016 που
2268 3961 2429 4029 φύσιν
2453 3961 2604 4031 παρὰ
2631 3958 2831 4024 ταύτας
2861 3960 3051 4031 ἑτέραν
3071 3956 3259 4023 οὖσαν,
3286 3960 3369 4020 τίς
3400 3958 3466 4013 ἂν
3495 3957 3582 4027 εἴη
3610 3960 3711 4012 καὶ

2136 4052 2293 4122 ήὲπὶ
2336 4051 2574 4121 Χριστοῦ
2619 4052 2653 4122 ἡ
2705 4051 3063 4121 ἐπιγενομένη
3110 4050 3292 4118 φύσις,
3344 4050 3377 4119 ἢ
3414 4048 3537 4102 οὔτε
3587 4048 3711 4103 θεία

2134 4142 2259 4196 οὔτε
2292 4142 2609 4213 ἀνθρωπίνη
2633 4142 2785 4208 tari;
2826 4143 2921 4195 καὶ
2964 4143 3017 4195 τί
3048 4143 3109 4196 τὸ
3137 4141 3364 4210 φυσικὸν
3387 4140 3546 4194 τοῦτο
3566 4135 3710 4205 εἶδος

2135 4234 2198 4287 τὸ
2226 4233 2507 4304 ὑπέρθεον,
2533 4233 2723 4286 εῐπατε
2747 4248 2762 4264 ο
2792 4232 2905 4285 ἀλλ’
2930 4231 3101 4295 οὓτως
3135 4232 3232 4302 μὲν
3255 4232 3404 4287 τάδε.

475 4324 622 4394 poris
669 4322 1032 4379 substantiam
1072 4323 1251 4378 inesse
1290 4333 1347 4378 et
1393 4325 1827 4380 communiorem
1873 4326 2036 4380 aliam
2075 4324 2315 4379 hominis
2370 4331 2646 4389 naturam,
2670 4322 2741 4377 ab
2797 4330 3029 4393 utraque
3053 4323 3143 4377 illa
3162 4337 3389 4392 prorsus
3406 4322 3706 4377 diversam:

471 4429 722 4485 quasnam
766 4414 874 4470 erit
915 4413 971 4467 in
1005 4413 1226 4469 Christo
1265 4414 1463 4469 similis
1510 4415 1639 4471 huic
1672 4424 1889 4482 natura,
1919 4432 2041 4487 quae
2078 4432 2257 4486 neque
2301 4415 2484 4471 divina
2542 4416 2634 4481 sit,
2689 4430 2867 4484 neque
2933 4415 3208 4469 humana?
3234 4415 3444 4480 Qualis,
3512 4413 3711 4468 amabo

474 4522 592 4565 vos.
637 4506 742 4561 ista
784 4505 995 4575 species
1047 4505 1315 4560 naturalis
1341 4517 1398 4562 et
1431 4510 1723 4577 suprema?

544 4602 670 4655 Haec
699 4614 824 4653 cum
869 4598 945 4652 ita
987 4599 1121 4660 sint,
1163 4599 1326 4669 quale
1374 4603 1679 4671 composito
1708 4618 1906 4659 nomen
1943 4606 2039 4660 tri-
2064 4603 2118 4662 D

476 4691 755 4748 buendum
794 4690 1039 4760 putatis?
1070 4691 1338 4760 Equidem
1376 4692 1423 4747 si
1469 4694 1575 4749 tale
1613 4695 1702 4761 sit,
1737 4698 1886 4765 quod
1911 4698 2039 4754 sub-

474 4784 778 4841 sistentiam
799 4781 1090 4853 signiﬁcet,
1121 4784 1261 4838 nihil
1287 4799 1533 4854 oppono;
1568 4787 1612 4841 si
1633 4803 1762 4843 vero
1787 4798 2036 4845 naturam

474 4872 763 4944 signiﬁcet,
788 4886 973 4941 quaero
996 4887 1246 4940 quamam
1284 4873 1356 4927 sit
1376 4873 1492 4928 hate
1513 4882 1709 4929 natura
1745 4892 1845 4946 per
1868 4877 2037 4932 hocce

474 4981 673 5021 nomen
712 4963 1050 5035 signiﬁcata?
1077 4964 1331 5020 Profecto
1372 4966 1417 5022 si
1466 4966 1678 5022 diversa
1724 4968 1940 5024 dicatur
1968 4969 2037 5025 ab

473 5057 659 5111 divina
688 5064 746 5111 et
774 5056 1034 5115 humana.
1070 5056 1252 5126 qualis
1296 5056 1442 5111 erit?
1481 5057 1526 5111 si
1564 5073 1695 5113 vero
1737 5058 1809 5113 sit
1845 5059 2037 5115 eadem

472 5162 537 5202 ac
565 5145 774 5213 divina,
800 5160 910 5200 non
941 5144 1050 5200 erit
1072 5144 1295 5214 prOpria
1322 5145 1609 5214 compositi
1645 5145 2038 5213 denominatio,

473 5237 679 5307 quippe
726 5251 852 5291 cum
915 5244 1042 5291 ante
1088 5235 1537 5304 compositionem
1590 5235 1859 5291 exstiterit
1914 5252 2039 5292 cum

475 5336 692 5389 natura,
745 5336 860 5381 tum
907 5325 1080 5395 ipsius
1115 5340 1312 5378 nomen
1346 5343 1358 5379 :
1394 5325 1436 5380 si
1470 5341 1604 5382 vero
1638 5326 1708 5380 sit
1755 5325 1949 5382 eadem
1978 5342 2042 5382 ac

551 5505 661 5574 (id)
704 5504 904 5557 Putant
955 5502 1203 5574 nonnulli
1254 5502 1436 5556 inesse
1471 5502 1713 5574 singulis
1747 5501 2046 5574 individuis

481 5571 734 5628 naturam
775 5573 1067 5641 quamdam
1098 5587 1467 5635 communem,
1503 5586 1532 5623 a
1576 5571 1893 5639 particulari
1944 5587 2045 5626 cu-

478 5647 674 5713 jusque
705 5641 1243 5713 naturadistinctam
1280 5658 1293 5693 :
1328 5654 1449 5694 cum
1497 5641 1642 5694 enim
1674 5655 1827 5695 mens
1856 5652 2045 5713 nostra

483 5710 588 5765 sibi
619 5710 839 5764 tinxerit
867 5710 1022 5765 ideas
1042 5710 1304 5778 quasdam
1324 5724 1682 5779 communes,
1712 5726 1834 5779 qua:
1859 5711 2046 5779 singu-

487 5784 554 5839 lis
594 5779 896 5836 individuis
948 5789 1226 5849 aptantur,
1278 5778 1408 5835 hinc
1460 5778 1744 5849 putarunt
1779 5778 2043 5837 exsistere

2224 4600 2314 4654 Ἐν
2344 4600 2400 4653 δὲ
2428 4598 2507 4670 τῷ
2540 4598 2781 4668 συνθέτῳ
2813 4597 2981 4667 ὄνομα
3014 4599 3076 4651 τὸ
3105 4599 3256 4652 ποῖόν
3294 4615 3431 4667 φατε
3463 4615 3708 4670 προσαρ-

2147 4693 2406 4761 μόζεσθαι
2433 4708 2449 4759 ;
2497 4694 2545 4746 εί
2602 4692 2699 4762 μὲν
2729 4692 2790 4746 τὸ
2818 4691 3197 4756 ὑποστατικδν,
3259 4690 3653 4763 ἀναντίρῤητος
3680 4696 3711 4745 ὁ

2143 4784 2330 4852 λόγος·
2360 4784 2408 4837 εί
2433 4784 2491 4838 δὲ
2525 4784 2769 4853 φυσικὸν,
2795 4784 2880 4846 τίς
2911 4782 3059 4853 αύτῷ
3093 4784 3127 4854 ή
3163 4783 3501 4853 ὑποκειμένη
3523 4781 3707 4851 φύσις,

2144 4877 2238 4929 καὶ
2265 4876 2351 4930 διὰ
2395 4875 2550 4930 τοῦδε
2580 4877 3127 4947 προσαγορευομένης
3169 4876 3219 4927 εί
3274 4874 3373 4943 μὲν
3401 4874 3510 4943 γὰρ
3548 4874 3712 4943 ἑτέρα

2144 4965 2296 5035 παρά
2322 4981 2382 5017 τε
2409 4964 2509 5035 τὴν
2538 4963 2768 5034 θεότητα
2786 4964 2879 5017 καὶ
2901 4963 3313 5034 ἀνθρωπότητα,
3338 4964 3462 5015 ποία
3491 4961 3557 5014 ἂν
3585 4962 3669 5030 εἴη
3693 4980 3705 5023 ς

2143 5056 2191 5107 εί
2219 5055 2275 5108 δὲ
2302 5057 2334 5126 ἡ
2367 5056 2470 5125 τῆς
2489 5054 2761 5126 θεότητος,
2795 5055 2853 5108 οὐ
2880 5054 2970 5108 τοῦ
3001 5054 3254 5107 συνθέτου
3288 5053 3430 5112 ἰδίως
3454 5055 3487 5123 ὴ
3511 5053 3711 5121 ὀνομα-

2147 5146 2239 5200 σία
2260 5146 2333 5210 ὡς
2361 5146 2619 5200 συνθέτου
2647 5161 2661 5176 ⁸
2694 5145 2790 5200 καὶ
2831 5146 2938 5217 πρὸ
2965 5145 3072 5215 γὰρ
3114 5146 3210 5216 τῆς
3247 5144 3549 5207 συνθέσεως
3581 5139 3649 5213 ἦν
3674 5144 3709 5212 ἦ

2144 5253 2205 5288 τε
2244 5236 2406 5302 φύσις
2434 5235 2531 5291 καὶ
2584 5235 2646 5289 τὸ
2689 5236 2893 5306 ὄνομα·
2944 5238 2993 5289 εἰ
3034 5236 3092 5289 δὲ
3133 5236 3231 5306 τῆς
3272 5236 3708 5304 ἀνθρωπότητος,

2147 5329 2241 5381 καὶ
2268 5327 2443 5391 οὕτως
2482 5329 2542 5382 ού
2579 5327 2671 5380 τοῦ
2711 5328 2964 5382 συνθέτου
2998 5329 3032 5398 ἡ
3064 5329 3403 5398 προσηγορία
3428 5342 3441 5355 °
3480 5327 3572 5380 καὶ
3604 5326 3711 5396 πρὸ

2150 5514 2205 5558 et
2252 5514 2477 5560 naturas
2508 5519 2826 5559 communes
2851 5503 2921 5556 ab
2955 5503 3095 5558 idcis
3130 5504 3239 5559 illis
3269 5510 3711 5573 reprwsentatas.

2151 5574 2420 5628 Nimirum
2465 5574 2715 5644 ignorant
2757 5573 2928 5639 ideas,
2963 5582 3022 5627 ut
3066 5574 3226 5643 logici
3269 5570 3586 5644 loquuntur,
3615 5570 3714 5644 ab-

2141 5652 2380 5767 {fractas
2434 5641 2644 5698 nullum
2691 5644 2747 5698 in
2802 5657 2985 5698 rerum
3040 5641 3235 5698 natura
3282 5643 3559 5713 ohjectum
3612 5641 3709 5694 ha-

2188 5727 2303 5767 ere.

2362 5868 2451 5877 Α...
