4098 6256
359 350 460 418 187
465 357 498 417 3

1528 358 1824 420 CONTRA
1862 358 2438 422 MONOPHYSITAS

3488 354 3624 419 1874

357 465 467 534 γὰρ
496 467 587 531 τῆς
618 461 864 526 ὲνώσεως
900 464 1060 535 τῆσδε
1087 461 1155 537 ἦν
1189 466 1223 536 ἦ
1264 483 1325 519 τε
1358 465 1519 535 φύσις
1555 469 1646 521 καὶ
1675 470 1707 539 ὴ
1749 467 1937 539 κλῆσις

2060 486 2302 533 iumana,
2340 484 2410 523 ne
2462 466 2536 521 ita
2584 466 2807 535 quidem
2853 463 3079 545 propria
3114 464 3404 532 compositi
3450 463 3626 522 deuo.

357 556 501 624 αῦτη
536 554 970 625 ὡμολογημένους
1014 559 1202 612 πᾶσιν.
1273 557 1413 611 Ἀλλ’
1451 559 1540 612 ἵνα
1584 559 1758 614 πάντα
1799 576 1938 630 παρ-

2044 557 2274 611 minatio
2303 556 2433 620 erit,
2458 555 2660 625 quippe
2697 568 2820 608 cum
2849 560 2977 606 ante
3010 552 3241 622 hujusce
3273 553 3621 623 conjunctio-

362 646 560 715 ίδωμεν
578 686 593 710 ,
631 646 741 708 πῶς
766 645 824 697 ἓν
858 645 1030 715 ὄνομα
1051 648 1279 716 φυσικὸν
1310 648 1420 700 δεῖν
1444 648 1645 702 εἰδέναι
1679 648 1819 703 κατὰ
1846 648 1939 702 τοῦ

2060 665 2166 705 rem
2193 656 2250 703 et
2272 658 2492 711 natura,
2516 655 2573 701 et
2595 643 2968 700 denominatio
2985 643 3206 697 cunctis
3231 642 3621 700 innotesceret.

365 735 621 788 συνθέτου
656 735 902 804 λέγοντες
944 736 1089 802 ὅλου,
1136 736 1231 790 δύο
1283 755 1342 790 τε
1376 739 1471 791 καὶ
1525 738 1744 791 ἐναντία
1773 736 1940 791 αὐτοῦ

364 826 759 896 καταφάσκετε,
786 828 1006 881 κτιστύν
1029 845 1089 881 τε
1114 830 1209 882 καὶ
1234 830 1488 884 ἇκτιστον
1505 829 1639 884 αὐτὸ
1656 829 1904 898 λέγοντες
1924 846 1939 895 ;

366 918 461 972 καὶ
488 919 545 971 τό
570 935 631 986 γε
657 918 776 972 λίαν
820 919 1277 991 παραδοξότερον,
1311 920 1392 973 ὅτι
1430 919 1539 974 ἀπὸ
1575 919 1675 990 μὲν
1702 920 1802 989 τῆς
1830 919 1947 973 Θεό-

364 1025 548 1078 τητος,
606 1008 765 1079 μόνον
818 1011 880 1062 τὸ
938 1009 1193 1064 ἄκτιστον
1249 1011 1346 1064 καὶ
1388 1010 1600 1075 ἀπαθὲς
1645 1012 1944 1079 φάσκοντες

366 1094 505 1152 εῖναι
526 1099 711 1167 αὐτοῦ,
742 1101 850 1154 ἀπὸ
878 1101 936 1154 δὲ
963 1100 1059 1153 τοῦ
1092 1100 1347 1170 σώματος
1386 1101 1446 1154 τὸ
1471 1102 1689 1155 κτιστδν
1711 1104 1808 1155 καὶ
1844 1119 1954 1154 πα-

365 1191 551 1259 θητόν,
587 1189 711 1244 οὔτε
759 1193 1002 1262 μερικῶς
1040 1192 1262 1247 ἀκούειν
1303 1192 1426 1247 οὔτε
1469 1194 1650 1262 λέγειν
1697 1193 1822 1247 τάδε
1854 1193 1947 1245 ἐπὶ

366 1280 605 1352 Χριστοῦ
635 1285 919 1354 εἰρήκατε,
940 1282 1055 1335 ἀλλ’
1092 1284 1158 1335 ὲκ
1206 1283 1302 1337 τοῦ
1334 1285 1454 1337 ὅλου
1486 1282 1724 1355 Χριστοῦ
1756 1300 1770 1349 ;
1810 1284 1946 1352 Συγ-

366 1374 722 1444 χωρήσαντες
767 1374 825 1427 δὲ
881 1374 1010 1444 ύμῖν
1038 1373 1114 1437 ὡς
1143 1373 1211 1427 ἂν
1244 1375 1337 1427 καὶ
1393 1374 1646 1444 βούλεσθε
1688 1372 1945 1428 παλιλλο-

366 1465 512 1531 γεῖν,
551 1467 927 1537 ὲπαγάγοιμεν
954 1468 1068 1530 τοῖς
1114 1467 1242 1540 παρ’
1288 1467 1442 1537 ὑμῶν
1500 1467 1833 1535 ἀναγκαίως,
1872 1465 1946 1528 ὡς

370 1557 531 1628 ιῑπερ
556 1557 828 1627 ὀμοτίμως
880 1558 1011 1628 περ)¹
1069 1556 1328 1627 ἐκατέρου
1381 1557 1488 1611 τῶν
1519 1561 1577 1611 ὲν
1621 1556 1841 1628 Χριστῴ
1879 1555 1951 1609 τὰ

371 1643 592 1697 ἐναντία
614 1644 882 1713 δοξάζετε,
915 1645 1088 1698 καὶτὸ
1109 1645 1230 1699 ὅλον
1261 1646 1402 1699 κατὰ
1428 1646 1587 1713 φύσιν
1614 1644 1728 1698 ῐστε
1749 1643 1949 1698 τοιόνδε

368 1730 630 1804 Χριστοῦ,
659 1734 688 1787 ὅ
719 1734 788 1789 ἂν
818 1735 883 1788 ὲκ
926 1734 1164 1805 θατέρας
1204 1735 1312 1788 τῶν
1351 1738 1409 1789 ἐν
1442 1734 1588 1805 αὐτῷ
1620 1735 1836 1804 φύσεων
1864 1734 1949 1788 λέο

2045 737 2152 794 Sed
2202 738 2370 793 missa
2430 736 2697 792 faciamus
2747 735 2864 788 haec
2913 732 3126 787 omnia.
3183 732 3472 799 Quomodo
3521 734 3623 789 toti

2045 831 2352 903 composito
2385 830 2639 885 naturale
2688 842 2887 882 nomen
2928 840 3103 879 unum
3134 825 3332 879 tribuit
3364 833 3625 894 oportere

2045 923 2404 986 contenditis,
2457 931 2623 991 atque
2656 920 2725 975 de
2781 919 2899 989 ipso
2951 916 3238 973 contraria
3289 916 3622 987 praedicatis,

2044 1024 2291 1072 creatum
2348 1014 2556 1070 scilicet
2596 1027 2738 1077 esse,
2769 1020 2824 1065 et
2857 1008 3204 1065 increatum?
3228 1016 3305 1071 et,
3333 1008 3481 1079 quod
3525 1008 3628 1064 ab-

2046 1104 2270 1160 surdius
2312 1112 2416 1168 est,
2451 1101 2729 1172 quomodo
2776 1100 2960 1156 dicitis
3008 1098 3291 1155 Christum
3326 1098 3380 1153 id
3420 1099 3627 1154 habere

2050 1210 2081 1248 a
2126 1202 2324 1248 natura
2362 1192 2569 1256 divina,
2618 1191 2765 1262 quod
2813 1191 2885 1247 sit
2934 1191 3213 1245 increatus
3262 1199 3319 1244 et
3374 1190 3626 1260 impassi-

2051 1283 2182 1338 bilis
2221 1300 2236 1336 :
2284 1282 2352 1336 ab
2379 1282 2618 1335 humana
2665 1288 2879 1344 contra,
2917 1280 3063 1349 quod
3095 1279 3168 1333 sit
3214 1287 3436 1334 creatus
3463 1289 3629 1348 atquc

2051 1373 2361 1444 passibilis;
2394 1372 2667 1442 simulque
2701 1371 3033 1427 contenditis
3067 1370 3184 1425 hasc
3214 1385 3321 1423 non
3353 1371 3420 1424 de
3453 1380 3627 1440 parte,

2050 1463 2146 1520 sed
2185 1463 2254 1518 de
2305 1472 2420 1518 toto
2456 1461 2679 1518 Christo
2726 1461 3053 1532 praedicari?
3088 1461 3220 1527 Qua:
3275 1461 3319 1517 si
3366 1462 3634 1517 concede-

2049 1569 2237 1610 remus
2264 1554 2336 1609 ita
2364 1570 2423 1609 se
2453 1553 2682 1617 habere,
2716 1553 3179 1623 quemadmodum
3226 1553 3412 1617 vultis,
3442 1553 3631 1608 eadem

2050 1659 2268 1714 semper
2307 1641 2725 1706 deblaterando,
2769 1642 2970 1701 vestris
3017 1650 3201 1697 tamen
3244 1642 3409 1698 dictis
3452 1643 3633 1698 adhuc

2052 1736 2333 1789 instarem.
2382 1733 2439 1789 Si
2489 1733 2558 1788 de
2603 1744 2839 1803 utraque
2894 1732 3099 1789 Christi
3149 1742 3305 1803 parte
3355 1735 3629 1789 contraria

369 1839 529 1890 γεται
564 1823 706 1877 κατὰ
762 1825 861 1895 τῆς
916 1826 1045 1896 ὅλης
1098 1826 1452 1890 ὑποστάσεως
1505 1826 1691 1891 αὐτοῦ,
1736 1826 1847 1897 ἄρα
1885 1841 1948 1893 γε

2060 1825 2387 1897 praedicatis,
2422 1832 2478 1880 et
2512 1824 2880 1880 universalem
2919 1825 3086 1880 totius
3133 1824 3341 1880 Christi
3383 1836 3633 1880 naturam

372 1912 568 1983 ὥσπερ
614 1914 830 1983 ἀληθῶς
874 1914 1093 1986 παθητὴ
1141 1918 1235 1970 καὶ
1276 1918 1467 1987 κτιστὴ
1510 1919 1544 1987 ἡ
1586 1916 1724 1987 σὰρξ
1762 1915 1948 1981 αὐτοῦ,

375 2002 556 2065 οὕτως
576 2020 644 2069 γε
668 2006 763 2057 καὶ
783 2007 817 2073 ἡ
841 2004 1031 2074 θεότης
1057 2006 1221 2059 αὐτοῦ
1243 2024 1259 2040 ’
1283 2008 1380 2059 καὶ
1407 2007 1595 2078 ὥσπερ
1624 2006 1838 2077 ἀπαθὴς
1860 2007 1953 2059 καὶ

378 2091 636 2154 ἄκτιστος
659 2092 693 2161 ἡ
723 2092 911 2162 θεότης
937 2093 1121 2160 αὐτοῦ,
1147 2094 1317 2157 οὕτως
1337 2112 1397 2162 γε
1427 2097 1518 2148 καὶ
1539 2097 1574 2164 ἡ
1597 2097 1752 2165 σάρξ·
1772 2094 1954 2165 aitpr

380 2181 463 2251 τῷ
491 2180 805 2251 βλασφὴμῳ
834 2182 945 2252 ἔχει
975 2183 1156 2236 καὶτὸ
1200 2184 1460 2236 ἀδύνατον
1500 2184 1684 2252 σαφῶς
1704 2201 1719 2215 ·
1753 2184 1814 2236 ού
1847 2184 1956 2253 γὰρ

381 2272 530 2327 ἐστιν
555 2275 614 2327 ὲν
638 2276 824 2344 ταυτῷ
850 2277 943 2329 καὶ
967 2274 1109 2330 κατὰ
1129 2276 1189 2329 τὸ
1215 2276 1347 2329 αὐτὸ
1374 2277 1466 2329 καλ⁸
1497 2276 1753 2339 ὡσαύτως
1782 2277 1955 2345 πάντη

378 2364 450 2435 τὰ
477 2366 721 2432 ἐναντία,
758 2365 979 2421 πώποτέ
1009 2384 1155 2430 τινος
1189 2367 1663 2437 καταφάσκεσθαι.

2060 1917 2164 1971 hoc
2210 1914 2356 1971 ferre
2396 1916 2625 1985 putatis,
2679 1924 2740 1970 ut
2779 1916 3063 1986 quidquid
3085 1917 3252 1972 unius
3294 1916 3471 1987 partis
3500 1932 3633 1987 pro-

2055 2008 2241 2077 prium
2291 2015 2396 2069 est,
2434 2007 2488 2060 id
2540 2006 2610 2062 de
2665 2015 2778 2061 tota
2808 2008 2930 2078 ejus
2970 2022 3202 2077 persona
3236 2015 3290 2062 et
3325 2007 3631 2062 subsisten-

2059 2099 2132 2152 tia
2179 2097 2544 2167 praedicetur;
2580 2112 2647 2152 an
2688 2097 3153 2167 quemadmodum
3189 2113 3319 2153 vere
3359 2096 3635 2168 passibilis

2058 2195 2163 2252 est,
2201 2196 2258 2243 et
2287 2196 2471 2243 creata
2501 2189 2620 2259 ejus
2649 2204 2801 2252 caro,
2825 2188 2899 2244 ita
2940 2196 2995 2243 et
3017 2188 3321 2244 divinitas?
3353 2197 3409 2244 et
3446 2205 3636 2260 quem-

2060 2276 2359 2332 admodum
2419 2278 2530 2347 pati
2586 2277 2799 2348 nequit,
2861 2288 2919 2333 et
2964 2279 3266 2334 creationis
3309 2293 3506 2349 expers
3553 2288 3638 2334 est

2063 2366 2341 2433 divinitas,
2390 2368 2466 2423 ita
2502 2375 2559 2422 et
2603 2369 2726 2440 ejus
2768 2370 2931 2426 caro?
2956 2370 3090 2437 Quae
3128 2370 3634 2441 profectoipmter-

376 2476 541 2530 quam
572 2462 719 2531 quod
747 2462 1092 2518 manifestam
1132 2479 1244 2535 prae
1282 2478 1342 2519 se
1406 2463 1595 2518 ferunt
1639 2462 1994 2533 impietatem,
2035 2459 2156 2516 ﬁeri
2204 2461 2356 2515 nullo
2402 2474 2562 2530 pacto
2634 2473 2883 2532 possunt.
2940 2464 3077 2520 Nam
3135 2463 3253 2520 fieri
3308 2465 3520 2536 nequit,
3579 2474 3640 2519 ut

378 2555 474 2608 uni
499 2554 791 2625 eidemque
816 2556 1122 2612 secundum
1148 2556 1300 2613 idem
1323 2556 1632 2626 eodemque
1659 2571 1749 2609 mo
1764 2554 1835 2610 do
1856 2552 2129 2609 contraria
2180 2550 2536 2607 conveniant.

381 2664 496 2720 T017
520 2665 710 2722 αὑτοῦ
734 2666 994 2723 Ἰουλίου
1023 2668 1092 2722 ἐκ
1139 2669 1245 2723 τοῦ
1296 2668 1430 2738 περὶ
1468 2667 1579 2738 τῆς
1623 2668 1694 2723 ἐν
1728 2665 1965 2735 Χριστῷ

1028 2738 1325 2806 ἑνώσεως.
1674 2790 1695 2809 ,

456 2864 477 2897 c
522 2846 881 2916 Ὠμολόγηται
913 2847 971 2901 δὲ
1025 2849 1083 2902 ὲν
1136 2847 1286 2919 αὐτῷ
1317 2849 1381 2902 τὸ
1420 2848 1525 2918 μὲν
1566 2844 1708 2904 εῖναι
1744 2849 1961 2904 κτιστὸν

379 2940 439 2992 ἒν
470 2938 682 3008 ἐνόει-τιτι
724 2938 821 2992 τοῦ
864 2938 1143 3004 ἀκτίστου,
1176 2938 1393 3009 φύσεως
1443 2941 1574 3010 μιᾶς
1613 2939 1675 3005 ἐξ
1701 2941 1961 3012 ἐκατέρου

384 3028 585 3099 μέρους
626 3030 1048 3100 συνισταμένης,
1116 3030 1350 3100 μερικὴν
1409 3031 1692 3099 ἐνέργειαν
1738 3030 1962 3086 καὶτοῦ

379 3120 554 3188 Λόγου
591 3119 1016 3183 συντελέσαντος
1049 3123 1129 3183 είς
1171 3120 1232 3172 τὸ
1273 3121 1414 3187 ὅλον,
1465 3122 1603 3189 μετὰ
1642 3123 1741 3193 τῆς
1773 3122 1960 3193 Θεῖκῆς

378 3210 741 3281 τελειότητος,
772 3212 909 3280 ὅπερ
954 3210 1050 3263 ἐπὶ
1080 3210 1176 3264 τοῦ
1228 3211 1409 3264 κοινοῦ
1454 3210 1742 3282 ανθρώπου
1774 3213 1836 3265 ἐκ
1873 3211 1966 3265 δύο

2134 2665 2390 2737 Ejusdem
2432 2663 2564 2720 Julii
2595 2678 2660 2718 ea;
2682 2664 2903 2735 epistola
2927 2665 2993 2719 de
3024 2667 3218 2721 unione
3249 2668 3302 2721 in
3342 2666 3567 2724 Christo.

2137 2875 2154 2910 ι
2185 2855 2527 2913 Conﬁtemur
2579 2855 2637 2911 in
2667 2870 2736 2912 eo
2769 2870 2891 2912 esse
2938 2864 3185 2912 creatum
3229 2872 3354 2913 cum
3393 2858 3642 2914 increato

2062 2948 2302 3013 unitum,
2349 2948 2622 3019 siquidem
2680 2963 2789 3006 una
2844 2956 3045 3004 natura
3095 2966 3163 3005 ex
3215 2960 3446 3020 utraque
3487 2960 3645 3022 parte

2063 3038 2434 3109 componitur,
2474 3049 2531 3094 et
2576 3038 2839 3102 Verbum,
2874 3040 3179 3096 secundum
3223 3041 3464 3097 divinam
3513 3058 3643 3112 per-

2062 3129 2380 3195 fectionem,
2408 3130 2695 3199 partialem
2720 3131 3097 3199 operationem
3122 3132 3178 3187 in
3205 3142 3379 3188 totum
3406 3132 3643 3203 perficit,

2063 3221 2211 3292 quod
2248 3222 2306 3276 in
2351 3221 2574 3277 homine
2620 3222 2835 3293 vulgari
2889 3222 2950 3277 fit
2994 3225 3301 3294 composito
3333 3240 3401 3280 ex
3430 3224 3647 3280 duabus

383 3297 571 3370 μερῶν
608 3299 815 3351 ἀτελῶν
860 3299 1090 3367 γίνεται,
1126 3300 1255 3370 μίαν
1291 3299 1453 3368 φύσιν
1496 3300 1847 3371 πληρούντων
1876 3300 1958 3355 καὶ

2067 3311 2340 3381 partibus,
2387 3327 2509 3381 quae
2546 3327 2710 3366 unam
2745 3314 3095 3368 constituunt
3132 3325 3384 3369 naturam
3427 3324 3485 3370 et
3518 3330 3647 3370 .uno

380 3389 469 3443 ἑνὶ
492 3389 718 3458 ὀνόματι
744 3389 1110 3460 δηλουμένων.
1141 3409 1161 3440 ι
1194 3390 1368 3458 Σαφὲς
1394 3389 1504 3463 ἄρα
1527 3388 1602 3453 ὡς
1623 3391 1723 3461 τῆς
1745 3390 1961 3460 φύσεως

376 3478 480 3533 τοῦ
506 3479 709 3533 οἰκείου
763 3479 885 3533 ὅλου
928 3480 1031 3550 τῆς
1080 3482 1229 3550 μιᾶς,
1265 3480 1431 3551 ἤγουν
1481 3481 1581 3549 τῆς
1629 3480 1889 3551 Χριστοῦ.
1924 3482 1958 3552 ἢ

378 3573 542 3642 θεϊκὴ
566 3571 839 3641 τελειότης
857 3586 872 3601 °
906 3573 1069 3643 μέρος
1089 3568 1182 3627 οὖν
1205 3572 1432 3641 φυσικὸν
1461 3573 1555 3626 καὶ
1577 3571 1818 3627 ἐλάττων
1842 3572 1961 3627 ἐστὶ

375 3663 573 3732 φύσις,
603 3662 697 3715 καὶ
727 3664 787 3715 ού
819 3663 977 3733 μόνον
1005 3663 1186 3735 γυμνὴ
1226 3663 1427 3734 σαρκὸς
1458 3660 1695 3735 κρίνοιτο
1723 3663 1817 3718 τοῦ
1854 3664 1961 3719 Λό-

374 3772 485 3823 γου
517 3754 653 3824 πρὸς
679 3755 912 3825 Χριστόν
937 3771 952 3788 ·
981 3755 1119 3827 ὅπερ
1145 3755 1196 3809 εί
1225 3757 1253 3809 ό
1296 3755 1516 3822 Ἰούλιος
1544 3758 1673 3827 ἔφη,
1720 3756 1890 3821 ὅντως
1933 3758 1983 3833 όὶ

374 3844 717 3916 βουλόμενος
750 3846 1040 3902 σκοπείτω.

368 3956 721 4026 Γρηγορίου
757 3958 864 4013 τοῦ
903 3961 1387 4031 Θαιιματουργοῦ,
1423 3961 1505 4030 ὣς
1535 3977 1746 4031 φασιν,
1790 3962 1860 4015 ἐν
1888 3960 1965 4028 τῇ

660 4039 670 4049 ‘
868 4028 1021 4082 κατὰ
1043 4028 1226 4097 μέρος
1256 4028 1481 4086 Πίστει.

454 4141 532 4195 To
557 4140 807 4206 δοξάζειν
839 4141 936 4195 δύο
967 4140 1163 4210 φύσεις
1188 4140 1280 4195 τδν
1310 4141 1408 4194 ἕνα
1434 4141 1693 4212 Χριστὸν,
1737 4139 1970 4220 τετράδα

361 4233 484 4302 τὴν
514 4233 678 4301 ἁγίαν
704 4233 911 4304 Τριάδα
941 4235 1104 4298 ποιεῖ,
1132 4232 1291 4303 φησί’
1318 4230 1422 4302 ἔφη
1448 4231 1557 4301 γὰρ
1582 4230 1776 4295 οὕτως·
1809 4249 1830 4284 ι
1862 4230 1971 4287 Καὶ

363 4324 502 4377 ἐστι
532 4324 667 4386 Θεὸς
695 4324 948 4392 ἀληθινὸς
977 4325 1006 4377 ὁ
1038 4324 1282 4393 ἄσαρκος
1310 4324 1367 4377 ὲν
1415 4323 1581 4394 σαρκὶ
1630 4322 1970 4393 φανερωθεὶς

361 4416 591 4479 τέλειος
622 4419 690 4487 τῇ
718 4416 946 4488 ἀληθινῇ
998 4417 1095 4471 καὶ
1139 4415 1262 4486 θείᾳ
1304 4416 1622 4488 τελειότητι,
1651 4414 1837 4470 ού¹δύο
1865 4413 1969 4484 φύ-

361 4522 522 4571 σεις,
557 4506 681 4559 ούῖὲ
719 4504 1013 4577 τέσσαρας,
1043 4506 1368 4577 προσκυνεῖν
1407 4504 1661 4576 λέγομεν,
1688 4502 1840 4569 Θεὸν,
1874 4503 1971 4557 καὶ

360 4596 516 4650 Υίὸν
531 4595 691 4663 Θεοῦ,
707 4595 806 4649 καὶ
821 4594 1124 4666 ἄνθρωπον,
1139 4595 1234 4649 καὶ
1252 4594 1475 4665 Πνεῦμα
1494 4594 1670 4664 ἅγιον.
1699 4612 1718 4645 ι
1747 4594 1970 4667 Πρῶτον

2066 3399 2292 3454 nomine
2345 3398 2714 3469 appellantur.
2744 3418 2763 3452 ι
2817 3400 3063 3470 Apparet
3119 3401 3310 3471 igitur,
3354 3401 3650 3471 perfectio-

2066 3506 2194 3546 nem
2226 3491 2470 3546 divinam
2498 3490 2567 3545 ad
2591 3505 2757 3546 unam
2787 3500 3046 3546 naturam
3076 3506 3144 3547 ex
3173 3491 3349 3560 ipsius
3382 3493 3649 3546 totalitate

2067 3580 2451 3651 compositam,
2490 3580 2545 3636 id
2588 3588 2674 3636 est
2715 3580 2786 3635 ad
2819 3580 3106 3635 Christum
3155 3581 3436 3650 pertinere
3469 3598 3484 3635 :
3521 3597 3651 3652 pars

2066 3669 2336 3725 naturalis
2354 3680 2522 3741 atque
2552 3670 2734 3724 minor
2753 3677 2840 3723 est
2866 3676 3086 3731 natura,
3123 3683 3224 3723 nec
3247 3670 3422 3724 solum
3467 3671 3649 3727 carnis

2066 3771 2266 3830 expers
2291 3760 2575 3830 iudicetur
2596 3758 2763 3815 Verbi
2790 3757 2972 3827 quoad
3001 3756 3304 3812 Christum.
3336 3759 3492 3827 Quod
3518 3777 3650 3814 num

2010 3906 2017 3912 ,
2066 3850 2248 3906 Julius
2283 3865 2415 3906 vere
2456 3849 2684 3914 dixerit,
2719 3849 3039 3918 quicunque
3082 3846 3325 3903 voluerit
3356 3841 3649 3919 expendet.

2072 3961 2308 4032 Gregorii
2330 3961 2747 4039 Thaumaturgi,
2790 3958 2847 4010 in
2891 3954 3215 4039 ggticulari
3250 3957 3395 4039 ﬁdei
3444 3964 3649 4033 exposi-
3759 3952 3763 3954 γ

2707 4027 2849 4078 tione
2887 4024 3017 4092 (25).

2144 4136 2384 4193 Credere
2425 4136 2564 4191 duas
2602 4143 2832 4191 naturas
2879 4148 2999 4191 esse
3028 4146 3196 4191 unum
3231 4138 3532 4209 Christum,
3564 4145 3650 4201 in-

2077 4226 2295 4298 quiunt,
2362 4227 2469 4282 hoc
2517 4226 2942 4297 quaternitatem
3005 4228 3062 4285 in
3124 4218 3409 4292 Trinitatis
3467 4236 3649 4291 locum

2076 4318 2309 4375 inducit.
2357 4318 2434 4375 fta
2484 4318 2634 4375 enim
2681 4319 2931 4391 loquitur
2967 4339 2981 4377 :
3020 4339 3038 4373 ι
3065 4320 3133 4375 Ει
3165 4331 3251 4377 est
3287 4324 3434 4382 Deus
3484 4343 3652 4385 verus

2076 4411 2193 4483 (qui
2217 4411 2400 4467 carnis
2426 4401 2625 4482 expers
2669 4411 2727 4466 in
2751 4425 2917 4468 carne
2959 4424 3018 4468 se
3050 4410 3342 4468 visendum
3367 4416 3649 4489 praebuit).

2074 4509 2130 4557 et
2174 4501 2473 4572 perfectus,
2506 4515 2645 4557 vera
2680 4509 2742 4556 et
2767 4499 2954 4556 divina
2989 4500 3331 4572 perfectione
3354 4504 3649 4576 praeditus;

2076 4594 2133 4651 in
2160 4609 2271 4665 quo
2301 4608 2485 4666 neque
2506 4594 2643 4649 duas
2680 4608 2945 4664 personas
2977 4610 3081 4651 nos
3131 4593 3363 4652 adorare
3390 4597 3649 4664 dicimus,

362 4687 488 4755 μὲν
518 4686 798 4754 ἀγνοεῖται
839 4664 936 4738 καί
974 4684 1375 4755 ἀμφιδάλλεται
1404 4664 1539 4738 λίαν
1581 4685 1614 4756 ἡ
1652 4664 1848 4755 χρῆσις
1875 4685 1958 4738 καλ

2072 4664 2252 4754 neque
2303 4664 2442 4743 duas
2483 4691 2732 4748 naturas,
2768 4697 2873 4739 nec
2905 4683 3010 4739 ista
3039 4692 3299 4756 quatuor,
3331 4687 3504 4743 Deum
3538 4689 3650 4745 sci-

354 4778 475 4847 ἥδε
506 4793 524 4808 ’
562 4778 714 4847 ὅμως
741 4774 925 4845 μέντοι
961 4773 1035 4845 μὴ
1071 4774 1166 4828 δύο
1191 4775 1459 4846 πρόσωπα
1489 4774 1580 4828 ἐπὶ
1612 4773 1850 4843 Χριστοῦ
1875 4774 1966 4829 λέ-

356 4884 509 4936 γειν
540 4868 698 4937 φησὶ,
734 4865 823 4920 ἵνα
855 4864 931 4936 μὴ
984 4865 1368 4936 ὁμολογοῦντες
1399 4865 1563 4920 αὐτὸν
1611 4865 1744 4919 Θεὸν
1785 4866 1879 4920 καὶ
1907 4868 1964 4919 ὲν

352 4958 575 5029 τελείᾳ
603 4957 843 5027 θεότητι,
866 4956 961 5033 δύο
985 4956 1042 5012 δὲ
1058 4956 1221 5011 αὑτοῦ
1244 4957 1528 5028 πρόσωπα,
1559 4957 1794 5028 τετράδα
1820 4975 1965 5033 παρ-

356 5049 638 5121 ιστῶμεν
696 5049 810 5103 τῶν
854 5032 1016 5102 Θείων
1064 5048 1391 5120 προσώπων,
1447 5049 1581 5103 Θεοῦ
1628 5048 1724 5103 τοῦ
1754 5032 1967 5122 Πατρδς

2070 4775 2222 4842 licet,
2275 4785 2333 4833 et
2378 4776 2579 4832 Filium
2634 4774 2754 4841 Dei,
2820 4782 2877 4831 et
2928 4774 3232 4842 hominem,
3281 4784 3339 4831 et
3383 4779 3650 4848 Spiritum

2070 4876 2344 4923 sanctum.
2369 4886 2387 4920 ι
2412 4868 2495 4923 Ad
2528 4867 2645 4922 haec
2666 4867 2906 4937 primum
2934 4866 3174 4923 dicimus
3199 4867 3470 4922 incertum
3502 4885 3646 4932 esse,

2066 4967 2123 5014 et
2157 4958 2400 5014 dubitari
2433 4958 2669 5013 maxime
2699 4957 2866 5013 etiam
2905 4956 2974 5013 de
3007 4957 3112 5013 hac
3136 4957 3484 5021 auctoritate,
3516 4975 3647 5014 nmn

2067 5048 2304 5121 genuina
2352 5048 2425 5105 sit
2465 5066 2479 5104 :
2512 5047 2714 5104 deinde
2751 5053 2975 5103 sanctus
3015 5049 3180 5103 Pater
3237 5048 3314 5102 ait
3372 5064 3482 5102 non
3526 5067 3649 5106 esse

2067 5139 2231 5207 nobis
2263 5139 2332 5195 de
2372 5139 2595 5195 Christo
2627 5152 2891 5209 personas
2928 5138 3066 5193 duas
3105 5136 3521 5207 praedicandas;
3550 5157 3639 5195 nc-

2069 5234 2201 5289 dum
2254 5236 2432 5302 ipsum
2468 5232 2641 5286 Deum
2685 5227 2934 5299 perfecta
2987 5227 3276 5283 divinitate
3331 5229 3648 5297 praeditum,

2069 5324 2437 5393 eumdemque
2476 5322 2693 5378 duabus
2737 5319 2993 5390 personis
3030 5323 3289 5371 ornatum
3326 5321 3646 5383 asserimus.

2072 5413 2419 5477 inducamus,
2461 5420 2701 5483 quatuor
2744 5407 2961 5462 divinas
3003 5416 3288 5474 personas,
3332 5404 3429 5462 Dei
3469 5408 3653 5470 Patris

2073 5517 2262 5567 unam,
2308 5503 2430 5557 Filii
2465 5503 2561 5557 Dei
2592 5501 2844 5559 alteram,
2890 5490 3132 5547 hominis
3161 5490 3400 5561 tertiam,
3432 5510 3488 5555 οι
3530 5505 3652 5579 δρί,

350 5143 452 5208 ιν,
494 5140 602 5196 καὶ
624 5139 759 5194 Υίοῦ
788 5136 926 5193 Θεοῦ
975 5137 1054 5201 ἓν,
1095 5139 1187 5192 καὶ
1229 5139 1513 5213 ἀνθρώπου
1540 5139 1618 5204 ἓν,
1662 5140 1758 5194 καὶ
1798 5138 1967 5195 Πνεύ-

355 5247 568 5303 ματος
597 5230 752 5300 ἁγίου
787 5228 869 5293 ἓν,
900 5228 1259 5299 ἀριθμοῦντες
1281 5247 1296 5263 ·
1343 5232 1456 5285 ἀλλ’
1492 5231 1615 5286 οὐδὲ
1652 5231 1745 5285 δύο
1777 5231 1968 5301 φύσεις

349 5325 547 5387 θείας
579 5324 765 5392 μέντοι
798 5321 998 5376 εἰδέναι
1023 5321 1187 5375 αὐτοῦ
1217 5339 1368 5392 φησι,
1397 5323 1511 5376 ἀλλ’
1541 5326 1599 5378 ὲν
1635 5326 1738 5396 μιᾷ.
1762 5325 1965 5395 φυσικῇ

348 5418 500 5489 Θείᾳ
532 5414 865 5484 τελειότητι,
910 5413 1114 5465 τέλειον
1152 5413 1315 5467 αὐτὸν
1355 5414 1487 5469 Θεὸν
1529 5416 1830 5486 ὁμολογεῖν,
1873 5417 1969 5469 καὶ

346 5510 470 5562 οὐκ
502 5508 579 5560 ἐν
605 5505 699 5558 δύο
721 5520 738 5539 ο
768 5502 981 5573 ὅτιγὰρ
1009 5502 1286 5572 ἀτρέπτως
1310 5505 1593 5577 ὲσαρκὼθη
1620 5507 1709 5560 καὶ
1740 5506 1968 5561 ἀδιπλα-

2070 5654 2288 5724 visione
2313 5649 2685 5724 conspexerit,
2718 5652 2949 5702 testatur
2987 5644 3264 5715 Nysscnus
3294 5644 3350 5703 in
3377 5653 3497 5724 eius
3527 5674 3649 5718 (πει,

430 5663 578 5735 (25)
601 5661 828 5715 Nullum
846 5655 1097 5735 Gregorii
1117 5657 1507 5735 Thaumaturgi
1525 5676 1662 5735 opus
1682 5660 1747 5714 ad
1772 5676 1965 5735 manus
2070 5655 2288 5735 visione
2313 5655 2477 5735 Consp

2072 5730 2222 5782 tione
2268 5719 2507 5775 funebri.

346 5728 616 5794 noétras
661 5728 984 5801 pervenisse
1034 5737 1231 5796 praeter
1277 5729 1444 5785 solam
1480 5729 1661 5797 fidem,
1699 5746 1862 5800 quam
1907 5730 1964 5784 in
