4098 6256
432 324 567 394 1875
1696 326 2004 388 LEONTII
2046 327 2449 389 BYZANTINI
3561 331 3705 395 1876

429 443 567 498 ritus
594 441 770 497 sancti
806 450 1082 511 quartam.
1117 440 1305 511 Neque
1333 440 1468 497 dicit
1496 439 1638 496 duas
1686 442 1742 493 in
1774 440 1995 496 Christo

2100 441 2332 505 σιάστως
2368 441 2465 513 τὴν
2510 442 2740 515 θεότητα
2788 442 2921 514 ἔχει,
2961 444 3215 515 βούλεται
3246 445 3425 511 δεῖξαι
3451 463 3465 475 ·
3494 448 3523 499 ό
3557 447 3699 515 γοῦν

422 538 486 591 se’
519 546 681 588 nosse
704 543 930 588 naturas
972 532 1208 599 divinas,
1254 532 1351 589 sed
1379 533 1435 588 in
1467 548 1576 588 una
1609 534 1738 602 (non
1769 533 1825 587 in
1856 535 1993 587 dua-

422 624 548 694 bus)
601 622 841 677 naturali
898 621 1087 677 divina
1144 620 1483 692 perfectione
1530 635 1658 676 eum
1693 620 1998 690 perfectum

422 728 481 768 se
511 711 675 767 fateri
725 710 1010 781 praedicat.
1068 710 1181 765 Hoc
1218 710 1368 766 enim
1419 710 1651 765 innuere
1684 709 1822 774 vult,
1860 710 2001 764 Ver-

424 808 556 858 bum
596 808 819 858 carnem
876 803 1262 873 assumpsisse,
1314 801 1507 857 eadem
1550 802 1605 855 in
1652 800 2001 871 simplicitate

426 904 525 945 sua
569 898 825 946 manente
863 890 1171 945 divinitate.
1217 889 1430 945 Idcirco
1483 889 1628 945 idem
1665 890 1827 957 paulo
1874 899 2002 944 ante

430 981 610 1036 dicit:
653 999 670 1030 ι
710 979 847 1035 Cum
897 995 1028 1035 caro
1071 980 1293 1035 dolores
1334 980 1569 1044 subiret,
1610 988 1667 1034 et
1713 979 2004 1035 aﬂectibus

2101 531 2261 595 αὐτὸς
2285 533 2389 603 πρὸ
2418 532 2648 606 βραχέος
2674 537 2804 607 φησι
2829 554 2845 568 ·
2890 556 2909 589 ι
2941 538 3048 591 Καὶ
3087 537 3194 591 τῶν
3221 540 3348 608 περὶ
3373 540 3554 609 σάρκα
3586 556 3696 591 πα·-

2105 620 2215 673 θῶν
2246 625 2567 693 γινομένων,
2601 626 2701 695 τὴν
2755 627 3020 680 ἀπάθειαν
3070 631 3102 699 ἡ
3156 627 3392 695 δύναμις
3441 625 3554 700 εἶχε
3594 629 3694 699 τὴν

2107 711 2325 782 ἑαυτῆς.
2353 731 2371 764 ι
2408 714 2634 785 Ἀσεὸὴς
2662 716 2756 769 οὖν
2785 720 2812 770 ό
2833 717 2894 770 τὸ
2919 717 3086 781 πάθος
3117 719 3338 784 ἀνάγων
3367 721 3449 779 είς
3480 721 3581 789 τὴν
3603 719 3693 772 δύ-

2109 820 2274 870 ναμιν
2297 820 2311 833 ⁸
2343 806 2371 856 ὁ
2399 804 2507 875 γὰρ
2537 806 2634 876 τῆς
2665 807 2821 876 δόξης
2868 808 3070 878 Κύριος
3112 810 3170 862 ὲν
3195 809 3527 881 ἀνθρωπίνῳ
3554 810 3687 879 σχή-

2112 911 2243 963 ματι
2274 895 2503 966 πέφηνε,
2544 898 2642 969 τὴν
2689 898 3037 972 ἀνθρωπίνην
3073 901 3389 971 οἰκονομίαν
3422 902 3685 969 ἀναδεξά-

2114 1002 2294 1052 μενος.

426 1074 773 1137 traheretur;
833 1085 1072 1140 superna
1119 1076 1365 1140 potestas
1399 1069 1596 1122 borum
1630 1069 1876 1123 omnium
1941 1069 2204 1127 immunis
2251 1077 2471 1130 mansit.
2504 1096 2522 1128 ι
2578 1077 2840 1148 Quisquis
2900 1094 3033 1150 ergo
3063 1080 3281 1136 dolores
3339 1090 3398 1135 et
3463 1089 3689 1151 pertur-

428 1167 584 1220 batos
612 1163 842 1217 affectus
888 1163 943 1216 in
994 1176 1289 1231 supernam
1339 1170 1670 1231 potestatem
1728 1160 1874 1214 illam
1919 1160 2154 1229 inducit,
2211 1165 2414 1235 impius
2482 1177 2600 1235 est;
2667 1171 2877 1235 etenim
2940 1170 3205 1227 Dominus
3248 1172 3436 1242 gloria:
3468 1187 3660 1228 secon

428 1252 773 1325 spiciendum
815 1252 871 1306 in
920 1253 1160 1306 humana
1194 1250 1372 1305 forma
1412 1249 1669 1320 praebuit,
1710 1249 2003 1305 humanam
2044 1252 2421 1309 conditionem
2463 1257 2773 1314 subeundo.

498 1369 734 1439 Gregorii
759 1367 1028 1440 [Nyssem']
1061 1383 1124 1421 ca:
1154 1383 1308 1438 opere
1335 1374 1521 1421 contra
1548 1365 1934 1437 Apollinarem.

503 1566 521 1597 ι
561 1548 840 1602 Accusant
882 1562 984 1601 nos
1028 1547 1183 1616 quasi
1224 1546 1363 1601 duas
1405 1556 1653 1610 naturas,
1684 1544 1889 1600 divisas
1918 1545 2004 1599 vel

424 1639 731 1693 contrarias
770 1638 1222 1701 introducamus,
1263 1647 1321 1692 et
1367 1637 1843 1707 supranaturalem
1904 1636 2005 1691 ad-

2282 1373 2773 1446 ΓρηγορίουῙι-οῦ
2808 1374 3090 1446 Νύσσης]
3123 1375 3192 1429 ἐκ
3224 1374 3330 1428 τοῦ
3360 1374 3512 1427 κατὰ

2630 1444 3117 1513 ’Ἀπολιναριτῶιῖκ

2183 1573 2201 1606 ι
2231 1555 2643 1628 Κατηγοροῦσιν
2671 1557 2828 1628 ἡμῶν
2869 1556 2945 1621 ὡς
2979 1556 3074 1611 δύο
3103 1557 3293 1625 φύσεις
3328 1556 3682 1622 εἰσαγόντων,

2106 1645 2500 1716 ἀπηρτημένας
2552 1648 2586 1720 ἢ
2643 1648 2983 1718 μαχομένας.
3046 1649 3145 1701 καὶ
3204 1648 3537 1718 μεριζόντων
3586 1648 3684 1717 τὴν

429 1731 847 1800 mirandamque
872 1732 1134 1786 unionem
1160 1732 1563 1786 discernamus.
1590 1749 1609 1782 ι
1647 1730 1768 1785 1am
1792 1745 1944 1792 vero,
1971 1744 2001 1785 ο

2107 1734 2362 1805 ὑπερφυά
2390 1735 2483 1787 καὶ
2533 1734 2842 1805 θαυμασίαν
2892 1735 3107 1789 ἕνωσιν.
3145 1754 3164 1788 ι
3206 1734 3368 1799 mm
3417 1729 3464 1790 ὦ
3512 1731 3679 1801 οὗτοι,

428 1822 580 1885 boni,
633 1822 962 1877 divisionem
1012 1837 1077 1877 ac
1137 1836 1376 1893 pugnam
1428 1820 1616 1875 dicere
1657 1819 1726 1874 de
1764 1821 2002 1887 naturis,

431 1913 725 1968 manifesto
758 1926 1033 1982 nusquam
1070 1921 1156 1968 est
1186 1920 1451 1967 statutum
1478 1911 1619 1966 :hoc
1643 1911 1794 1967 enim
1835 1911 2011 1965 admi-

432 2002 655 2058 randam
692 2003 908 2059 dirimit
935 2003 1217 2059 unionem.
1242 2001 1588 2073 Oportuisset
1615 2011 1800 2057 autem
1831 2002 2009 2057 solum

428 2093 592 2148 modo
625 2092 815 2149 dicere
860 2111 874 2146 :
912 2094 1069 2163 quasi
1129 2092 1267 2149 duas
1308 2102 1536 2149 naturas
1590 2093 2012 2149 introducamus

426 2195 483 2240 et
533 2184 916 2262 admirandam
971 2186 1232 2240 unionem
1264 2185 1667 2241 discernamus.
1704 2203 1723 2237 ι

690 2296 880 2369 Cyrilii
931 2313 996 2353 ea:
1035 2299 1258 2369 epistola
1313 2300 1384 2353 ad
1446 2297 1759 2353 Sacensum.

502 2426 520 2459 ι
548 2407 866 2478 Quanquam
911 2409 1299 2479 conjunctione
1342 2408 1505 2467 facta.
1539 2417 1602 2463 ut
1655 2408 1711 2463 in
1752 2410 2006 2463 confesso

425 2507 529 2562 est,
566 2514 676 2553 non
709 2498 947 2569 amplius
986 2500 1056 2554 ab
1090 2514 1148 2555 se
1179 2500 1412 2555 invicem
1445 2500 1855 2570 disjunguntur,
1882 2516 2005 2569 qua:

426 2590 719 2660 conjuncta
756 2599 884 2644 sunt
908 2608 923 2656 ;
967 2592 1063 2646 sed
1089 2606 1233 2645 unus
1252 2599 1500 2645 remanet
1529 2591 1721 2657 Filius,
1750 2607 1861 2646 una
1884 2593 2006 2662 ejus

425 2683 519 2752 qui
551 2697 773 2739 carnem
798 2684 1119 2751 assumpsit,
1149 2691 1365 2737 natura.
1409 2701 1430 2735 ι

495 2773 696 2829 Verum
744 2785 998 2828 accurate
1040 2774 1240 2843 pieque
1271 2788 1389 2828 rem
1424 2772 1774 2843 perpendere
1802 2772 2007 2827 volenti

424 2863 778 2933 perspicuum
805 2861 886 2925 ﬁt,
925 2878 1088 2917 unam
1131 2878 1258 2917 eum
1289 2876 1537 2916 asserere
1577 2861 1700 2915 Filii
1733 2871 2007 2927 naturam,

426 2964 699 3023 quatenus
747 2960 945 3007 natura
983 2953 1154 3007 Filius
1181 2960 1299 3018 est;
1330 2966 1456 3006 nam
1504 2949 1622 3007 ﬁeri
1656 2967 1764 3007 non
1806 2960 2009 3022 potest,

431 3054 491 3099 ut
517 3044 612 3113 qui
657 3044 830 3098 semel
863 3052 1061 3098 natura
1091 3044 1264 3098 Filius
1290 3042 1416 3109 fuit,
1452 3043 1648 3099 evadat
1681 3044 1847 3098 etiam
1876 3044 2008 3099 ado-

429 3132 633 3201 ptionis
680 3132 849 3186 Filius
884 3147 982 3201 per
1011 3133 1265 3203 gratiam.
1299 3131 1512 3186 etiamsi
1540 3133 1724 3187 carnis
1750 3140 2003 3186 naturam

429 3223 806 3293 assumpserit,
842 3223 911 3278 ab
962 3239 1020 3280 se
1049 3239 1328 3294 nunquam
1368 3223 1792 3295 segregandam;
1843 3221 2002 3291 quasi

2113 1826 2278 1894 σαφὲς
2330 1826 2416 1880 ὅτι
2464 1824 2564 1897 τὴν
2621 1827 2931 1896 ἀπάρτησιν
2984 1827 3080 1880 καὶ
3138 1827 3320 1898 μάχην
3370 1826 3548 1894 λέγειν
3593 1828 3684 1881 ἐπὶ

2107 1915 2217 1968 τῶν
2254 1915 2488 1985 φύσεων,
2523 1916 2585 1969 οὑ
2642 1917 2896 1971 συνέθετο
2919 1931 2933 1947 ·
2995 1917 3125 1971 τάδε
3156 1917 3290 1989 ’γὰρ
3343 1917 3556 1988 μερίζει
3585 1920 3682 1987 τὴν

2109 2005 2429 2075 θαυμαστὴν
2460 2005 2686 2059 ἕνωσινο
2735 2006 2859 2060 ἐπεὶ
2918 2005 3026 2060 εδει
3069 2007 3248 2075 λέγειν
3297 2009 3459 2078 μόνον
3488 2008 3678 2076 οὕτως,

2108 2094 2184 2159 ὡς
2232 2095 2325 2148 δύο
2384 2095 2573 2164 φύσεις
2625 2098 2991 2165 εἰσαγόντων,
3046 2096 3141 2151 καὶ
3198 2095 3532 2167 μεριζόντων
3582 2099 3681 2167 τὴν

2111 2182 2367 2254 ὑπερφυᾶ
2405 2184 2621 2239 ἕνωσιν.

2165 2299 2467 2366 Κυριλλου
2496 2300 2566 2353 ἐκ
2598 2299 2703 2368 τῆς
2733 2298 2884 2367 πρὸς
2923 2302 3267 2357 Σούκενσον
3293 2301 3642 2368 ἐπιστολῆς.

2184 2428 2203 2463 ι
2253 2411 2402 2481 Πλὴν
2464 2411 2565 2480 τῆς
2630 2410 2875 2475 ἑνώσεως
2949 2412 3391 2484 ὁμολογουμένης
3418 2453 3433 2476 ,
3497 2413 3681 2465 οὐκέτι

2104 2501 2406 2556 διίστανται
2457 2502 2703 2571 ἀλλήλων
2752 2501 2821 2555 τὰ
2861 2503 3156 2568 ἐνωθύντα,
3205 2504 3324 2557 ἀλλ’
3370 2500 3452 2568 εἷς
3495 2503 3679 2556 λοιπὸν

2107 2591 2256 2655 Υἱὸς,
2291 2591 2391 2662 μία
2419 2590 2583 2660 φύσις
2610 2589 2774 2644 αὑτοῦ
2798 2591 2875 2654 ὡς
2902 2592 3296 2663 σαρκιοθέντος.
3332 2610 3351 2645 ι

2175 2765 2292 2819 Νῦν
2311 2764 2468 2837 δῆλόν
2497 2768 2612 2821 ἐστι
2639 2769 2803 2821 παντὶ
2834 2766 2912 2837 τῷ
2933 2767 3114 2836 σοφῶς
3143 2767 3260 2838 ἃμα
3307 2768 3400 2821 καὶ
3441 2765 3677 2829 causa;

2106 2856 2490 2911 ἒπισκέπτσντι
2521 2858 2604 2911 δτι
2649 2858 2782 2928 μίαν
2825 2859 2990 2928 φύσιν
3015 2859 3146 2913 Υίοῦ
3193 2875 3381 2929 φησιν,
3414 2858 3491 2921 ὡς
3523 2857 3678 2928 φύσει

2108 2947 2240 3002 Υίοῦ
2259 2965 2274 2979 ο
2302 2947 2364 3000 οὑ
2395 2948 2505 3019 γάρ
2534 2949 2653 3002 ἔστι
2696 2950 2791 3003 καὶ
2829 2950 3014 3021 χάριτι
3039 2950 3166 3013 Tib;
3202 2951 3232 3004 ό
3277 2949 3425 3016 ἀπαξ
3458 2948 3559 3020 τὴν
3586 2947 3676 3002 τοῦ

2108 3038 2269 3107 φύσει
2305 3038 2437 3092 Υίοῦ
2486 3038 2648 3107 φύσιν
2694 3039 2854 3109 ἔχων,
2902 3042 2954 3094 εί
3008 3041 3105 3095 καὶ
3155 3040 3256 3111 τὴν
3287 3040 3487 3110 σαρκὸς
3521 3039 3680 3110 φύσιν

2108 3132 2525 3202 προσεκτήσατο
2579 3130 2845 3201 μηδέποτε
2894 3128 3060 3185 αὑτοῦ
3106 3130 3551 3196 ἀποδιαστᾶσαν,
3595 3131 3679 3184 ἵνα

2109 3224 2203 3277 καὶ⁵
2229 3224 2328 3292 τῆς
2354 3224 2495 3276 κατά
2515 3224 2677 3294 χάριν
2705 3223 2978 3286 υἱοθεσίας
3005 3222 3198 3289 δέοιτο⁹
3226 3223 3324 3293 τῆς
3352 3221 3494 3275 κατά
3520 3221 3679 3290 φύσιν

429 3323 589 3386 egeat
639 3326 696 3370 et
743 3315 1055 3386 adoptionis
1095 3315 1291 3386 gratia,
1340 3315 1438 3386 qui
1464 3317 1578 3386 jam
1607 3323 1802 3370 natura
1833 3314 2001 3390 Filius

2107 3316 2208 3369 οὑκ
2244 3314 2559 3385 ἡξιωμένη·
2594 3315 2684 3368 ἀεὶ
2737 3313 2847 3384 γὰρ
2898 3312 2960 3379 ἑξ
3002 3308 3172 3385 οὗπέρ
3230 3316 3349 3368 ἐστι
3398 3316 3466 3384 τῇ
3522 3312 3677 3381 φύσει

429 3405 626 3459 evasit.
676 3404 889 3460 Etenim
941 3421 1008 3460 ex
1055 3422 1166 3476 quo
1214 3416 1492 3462 momento
1542 3406 1782 3461 humana
1808 3412 2007 3460 natura

432 3493 486 3547 in
522 3509 810 3563 personam
835 3494 960 3549 Filii
989 3494 1257 3551 naturalis
1285 3496 1525 3563 transiit,
1564 3510 1628 3550 ea
1655 3510 1874 3564 semper
1900 3494 2005 3564 ipsi

429 3585 720 3654 conjuncta
760 3587 991 3651 mansit;
1026 3595 1321 3657 propterea
1361 3594 1513 3642 tanto
1544 3586 1756 3641 honore
1784 3585 2005 3655 dignata

431 3691 538 3729 una
567 3690 694 3729 cum
726 3677 843 3745 ipso
872 3677 1072 3731 colitur
1097 3677 1484 3747 adoraturque.

497 3766 618 3820 Jam
640 3781 793 3831 vero,
819 3781 943 3819 cum
985 3767 1218 3832 nullum,
1264 3775 1538 3837 quatenus
1584 3767 1642 3822 in
1691 3766 1852 3822 nobis
1896 3775 2001 3831 est,

428 3861 751 3921 praetextum
801 3853 1101 3909 inimicitiae
1151 3869 1258 3925 qua
1313 3854 1393 3909 illi
1424 3870 1525 3910 nos
1557 3862 1998 3925 persequuntur,

429 3945 703 4017 negligere
727 3945 980 4013 velimus,
1009 3946 1349 4018 objectiones
1392 3947 1464 4001 ab
1524 3946 1607 4002 eis
1632 3946 1689 4001 in
1733 3945 2001 4002 orationis

426 4032 663 4090 decursu
691 4035 985 4092 adversum
1014 4051 1117 4093 nos
1142 4035 1379 4107 proferri
1413 4037 1602 4093 solitas
1629 4036 2000 4092 indicabimus

428 4125 533 4181 hoc
556 4126 699 4191 loco,
733 4134 897 4196 atque
918 4127 998 4183 sic
1025 4126 1438 4185 mendaciorum
1471 4137 1665 4184 contra
1697 4127 1997 4183 Ecclesiam

427 4214 675 4270 fusorum
713 4216 1098 4273 refutationem
1140 4218 1206 4272 ad
1258 4217 1419 4274 finem
1449 4217 1806 4273 deducemus.
1850 4217 1999 4284 Quo-

425 4305 575 4361 niam
606 4305 755 4361 enim
801 4323 979 4377 neque
1025 4308 1334 4363 rationibus
1388 4307 1457 4362 ad
1503 4307 1996 4362 demonstrandum

425 4398 587 4469 aptis,
620 4412 797 4467 neque
821 4398 1151 4453 testimoniis
1183 4414 1214 4452 e
1243 4397 1526 4466 Scriptura
1554 4397 1640 4451 vel
1677 4412 1708 4449 e
1738 4396 1997 4452 Patribus

424 4486 769 4558 depromptis
790 4487 1095 4541 doctrinam
1134 4500 1291 4540 suam
1337 4492 1588 4540 astruere
1612 4485 1816 4551 valent,
1860 4502 1995 4542 cau-

423 4592 534 4642 sas,
565 4591 662 4631 cur
694 4592 727 4630 a
754 4575 915 4629 nobis
937 4573 1292 4642 dissentiant,
1326 4572 1626 4631 aﬂ‘erentes
1653 4575 1735 4631 sic
1761 4576 1879 4633 fere
1903 4577 1991 4633 di-

423 4679 589 4722 cunt:

497 4777 515 4810 ι
546 4755 663 4811 Etsi
697 4754 785 4825 pia
819 4752 1079 4809 videntur
1121 4753 1395 4827 dogmata,
1430 4771 1553 4826 quze
1585 4772 1737 4813 nunc
1762 4756 2001 4814 traditis,

422 4854 658 4899 vestram
691 4854 871 4899 tamen
906 4843 1225 4900 societatem
1252 4845 1525 4916 fugimus;
1553 4856 1845 4917 propterea
1872 4848 2001 4919 quia

422 4934 604 4991 colitis
652 4950 717 4990 ac
767 4936 1035 4991 veremini
1082 4936 1530 4993 Chalcedonense
1575 4939 1912 5005 concilium,
1945 4949 2001 4995 et

423 5022 607 5080 Romae
642 5026 1009 5096 patriarcham
1035 5026 1109 5097 (6)
1142 5026 1405 5094 Leonem,
1431 5028 1524 5099 qui
1551 5028 1771 5101 quidem
1810 5029 1893 5099 (ut
1917 5030 1997 5087 ait

422 5110 515 5177 qui
563 5127 620 5167 se
679 5113 1002 5184 magistrum
1070 5116 1315 5186 ipsorum
1350 5118 1566 5188 jactitat
1612 5118 1992 5174 Antiochenus

419 5202 726 5264 patriarcha
750 5205 824 5277 (7)
850 5204 1084 5262 Severus
1104 5208 1122 5280 )
1147 5224 1206 5264 se
1230 5209 1286 5263 in
1310 5225 1479 5264 unum
1499 5210 1796 5265 convenire
1816 5211 1991 5266 simu-

494 5349 664 5429 (9:6-5)
687 5356 819 5423 Quae
840 5368 1149 5428 sequuntur
1177 5360 1327 5430 apud
1346 5361 1517 5415 Mansi
1547 5361 1730 5415 concil.
1756 5360 1877 5414 coll.
1899 5374 1990 5415 re-

413 5427 734 5495 .i‘t'lrjtmtur,
768 5437 808 5482 t.
856 5427 970 5495 Vl’l,
1021 5445 1073 5483 c.
1128 5427 1251 5484 719.

495 5484 595 5570 ‘9)"
619 5484 787 5570 Vetus
829 5484 1284 5570 in’omenclatura,
1354 5514 1462 5570 qua
1487 5500 1678 5568 primis
1730 5499 1990 5555 Ecclesia:

424 5557 628 5639 ﬁg‘crulis
649 5567 959 5632 gaudebant
989 5569 1220 5639 Romani
1246 5557 1533 5639 pontifices
1554 5570 1646 5638 qui
1684 5577 1741 5624 et
1772 5570 1988 5638 cpisco-

426 5619 475 5683 νί
497 5619 704 5707 ﬁngi.
734 5619 1220 5707 etiarcbiiepismp‘i
1246 5619 1653 5707 Ἦιὶᾖόιιὲῶεῆὦ
1663 5619 1706 5692 r:

495 5688 572 5757 (7)
605 5688 1905 5776 EXpulso'pervQununamﬂiinjuriatniti’laviano,
1933 5706 1987 5760 in

2018 4648 2073 4708 D

2108 3406 2349 3478 υίωμένη
2394 3406 2577 3471 οὐσία,
2618 3406 2871 3476 ἡνωμένη
2910 3404 3030 3458 ἐστὶ
3071 3405 3168 3458 καὶ
3199 3406 3265 3475 τῇ
3317 3402 3418 3472 τῆς
3445 3401 3678 3471 φυσικῆς

2106 3495 2349 3561 υίώσεως
2403 3496 2559 3568 ἀξίᾳ·
2612 3494 3050 3566 συντετιμημένη
3103 3494 3197 3549 οὖν
3252 3492 3537 3558 δοξάζεται
3587 3491 3681 3546 καὶ

2108 3592 2637 3661 συμπροσκυνεῖται.

2172 3762 2356 3831 Μηδὲν
2405 3762 2462 3817 δὲ
2518 3763 2892 3836 ἀθεράπευτον
2943 3762 3265 3817 καταλιπεῖν
3323 3762 3402 3825 ὥς
3458 3754 3573 3816 οἷόν
3617 3777 3677 3814 τε

2104 3854 2496 3920 σπουδάζοντες
2539 3856 2721 3920 αὑτοῖς
2760 3857 2869 3909 τῶν
2887 3855 2987 3927 τῆς
3022 3855 3162 3926 πρὸς
3193 3854 3343 3924 ἡμᾶς
3371 3852 3676 3923 φιλεχθείας

2102 3945 2593 4018 προφωισμάτων,
2628 3948 2723 4001 καὶ
2771 3946 2869 4012 τὰς
2917 3947 2975 4000 ὲν
3022 3944 3334 4018 παραϐάσει
3374 3943 3469 3998 τοῦ
3519 3944 3674 4011 λόγου

2100 4036 2353 4101 εἰωθυίας
2381 4039 2566 4102 αὑτοῖς
2613 4037 3019 4109 προσφέρεσθαι
3070 4038 3319 4109 μέμψεις
3353 4037 3476 4090 καθ’
3520 4034 3672 4107 ἡμῶν

2101 4131 2538 4202 παραγαγόντες,
2585 4131 2836 4186 ἐνταυθοί
2871 4148 2974 4186 που
3025 4132 3116 4187 τὸν
3150 4131 3368 4201 ἔλεγχον
3413 4129 3509 4184 τοῦ
3538 4125 3671 4182 κατά

2097 4220 2199 4285 τῆς
2235 4221 2564 4295 Ἑκκλησίας
2589 4223 2816 4294 ψεύδους
2846 4210 3389 4295 ἀποτερματίσωμενο
3421 4222 3544 4276 ἐπεὶ
3570 4219 3669 4288 γάρ

2067 4376 2073 4383 ,
2100 4311 2238 4381 μήτε
2264 4312 2663 4378 ἀποδεικτικοῖς
2700 4316 3098 4386 ἐπιχειρήμασι
3131 4312 3504 4384 παραστῆσαι,
3534 4310 3665 4382 μήτε

2096 4401 2453 4475 Γραφικοῖςῆ
2492 4404 2788 4476 [ἰατρικοῖς
2836 4407 3236 4479 μαρτυρήμασι
3283 4403 3579 4475 βεϐαιῶσαι
3605 4397 3671 4451 τὰ

2094 4492 2269 4545 οίκεῖα
2320 4496 2646 4565 φρονήματα
2686 4495 3025 4567 δεδύνηνται,
3079 4499 3137 4550 ὲν
3186 4492 3539 4564 ὲσχατολογία
3563 4487 3667 4542 τῶν

2095 4583 2286 4636 αἰτιῶν
2310 4584 2411 4653 τῆς
2440 4586 2535 4655 ἀφ’
2563 4586 2721 4658 ήμῶν
2750 4588 3138 4657 ὲκφοιτήσεως,
3162 4586 3324 4655 φασὶν
3356 4583 3437 4636 ἔτι
3464 4577 3663 4646 (26-5)°

2176 4781 2195 4814 ι
2250 4763 2339 4828 Ὠς
2371 4762 2476 4818 κᾶν
2519 4764 2700 4818 τοιάδε
2746 4765 2907 4834 ὑμεῖς
2958 4762 3293 4832 εὒσεδοφανῆ
3329 4761 3424 4815 νῦν
3462 4760 3658 4825 δογμα-

2095 4851 2295 4917 τίζετε,
2325 4854 2388 4907 οὑ
2430 4851 3015 4926 συνεκκλησιαζόμεθα
3063 4852 3228 4922 ὑμῖνο
3283 4847 3499 4919 δέχεσθε
3561 4841 3659 4909 γὰρ

2102 4942 2198 4995 καὶ
2230 4942 2419 4996 σέϐετε
2463 4944 2564 5013 τὴν
2616 4944 2674 4997 ὲν
2716 4942 3020 5011 Χαλκηδόνι
3068 4941 3306 5005 σύνοδον,
3339 4937 3433 4991 καὶ
3468 4933 3659 4988 Λέοντα

2090 5032 2184 5085 τὸν
2231 5032 2582 5104 πατριάρχην
2618 5032 2873 5104 Ῥώμης,
2934 5032 2984 5086 οἳ
3019 5030 3187 5103 (καθά
3230 5046 3394 5100 φησιν
3427 5022 3599 5081 αὐτοῖς

2096 5120 2268 5188 λέγων
2299 5101 2419 5173 τινὰ
2445 5101 2658 5176 tabam
2707 5101 2847 5176 εἶναι
2893 5101 3212 5175 διδάσκαλον
3246 5116 3441 5180 αὐτῶν,
3484 5112 3513 5164 δ
3556 5101 3656 5162 ἀπὺ

2097 5213 2453 5283 πατριαρχῶν
2511 5214 2843 5285 Ἀντιοχείας
2904 5211 3196 5283 Σεϐῆρος),
3254 5209 3516 5280 πρόφασιν
3563 5194 3654 5266 μὲν

2090 5360 2265 5418 ipsius
2343 5360 2526 5415 locum
2587 5363 2853 5418 suffectus
2878 5369 2964 5416 est
3029 5358 3269 5414 Severus
3340 5345 3647 5418 monacbugia

2135 5408 2553 5502 JjjéhiéﬁéFJrh
2574 5408 3475 5502 féiﬁﬁi'ﬁinfagmﬁaééﬁpsissq;
3493 5408 3649 5502 ﬁliai:

2086 5483 2400 5553 Eédénense
2429 5483 2942 5555 mministis;
2962 5483 3224 5561 Leo‘nem,
3250 5483 3650 5563 pioscrigtus,,€‘

2086 5545 2405 5637 {gargani
2433 5545 3238 5637 ἱεόῖιέἓὶἱῖἁρῖὶῦἱεῶὶιῖὲῖἶιζ
3250 5545 3327 5637 fab
3349 5558 3432 5614 Jo.
3458 5545 3630 5621 'Cpom

2085 5633 2175 5707 ἐρ.
2217 5645 2537 5704 convocato,
2568 5645 2682 5693 tom
2720 5638 2762 5694 γ
2786 5633 2953 5693 Conc.
2977 5673 2992 5698 ,
3022 5648 3143 5703 pag.
3176 5633 3294 5687 170.
