4098 6256
370 381 506 449 1877

1533 397 1828 458 CONTRA
1861 395 2457 457 MONOPHYSITAS.

3489 386 3622 451 1878

360 495 524 564 ἐςχον
583 493 680 564 τῆς
721 494 815 546 ἐπὶ
847 495 905 548 τὸ
941 496 1068 550 αὐτὸ
1121 501 1485 566 συνελεύσεως
1522 505 1621 571 τὴν
1662 504 1936 575 Εὐτυχοῦς

2042 507 2238 570 larunt,
2268 514 2328 558 ut
2348 501 2709 575 Eutychetem
2731 501 3054 572 dejicercnt,
3083 513 3207 554 cum
3231 497 3409 568 reipsa
3438 506 3617 552 tamen

363 585 710 654 καθαίρεσιν·
746 587 1060 658 σπούδασμα
1093 590 1148 644 δὲ
1179 588 1319 662 ἦσαν
1349 595 1667 665 Νεστορίου.
1700 617 1718 649 ι

437 676 626 729 Ταῦτα
649 677 775 746 γοῦν
817 679 865 730 οί
892 679 1136 746 λέγοντες
1171 685 1286 748 πῶς
1313 686 1373 738 ού
1401 688 1686 757 τολμηταὶ,
1713 690 1806 742 καὶ
1837 689 1936 740 αύ-

365 765 552 828 θάδεις
582 768 735 834 λίαν;
771 770 927 836 δόξαν
957 774 1064 842 γὰρ
1095 775 1153 826 ού
1182 776 1443 846 τρέμουσι
1459 777 1932 848 βλασφημοῦντες,

366 856 420 907 οἳ
453 858 607 925 λόγον
634 861 731 929 μὲν
759 861 986 916 δώσουσι
1011 864 1086 934 τῷ
1105 867 1337 935 ἑτοίμως
1367 868 1540 938 ἔχοντι
1575 873 1758 939 κρῖναι
1797 868 1938 932 ζῶν-

371 965 471 1010 τας
519 951 610 1002 καὶ
641 954 867 1022 νεκροὺς
888 993 902 1019 ,
936 955 995 1019 ὃς
1027 956 1121 1009 καὶ⁹
1163 957 1433 1012 ἀποδώσει
1462 961 1677 1031 ἑκάστῳ
1707 960 1846 1014 κατά
1875 962 1937 1014 τὸ

371 1040 531 1109 ἔργον
560 1041 721 1096 αὑτοῦ
746 1083 760 1106 ,
792 1046 886 1098 καὶ
927 1047 1268 1118 ἀποκαλύψει
1295 1050 1393 1112 τὰς
1433 1050 1630 1118 βουλὰς
1660 1051 1770 1104 τῶν
1802 1069 1937 1121 καρ-

366 1128 512 1183 διῶν.
565 1131 820 1203 Δείξομεν
869 1134 927 1186 δὲ
985 1137 1081 1189 καὶ
1114 1140 1275 1206 ἡμεῖς
1329 1141 1428 1192 σὺν
1473 1139 1591 1209 Θεῷ
1615 1143 1681 1210 τῇ
1713 1141 1941 1211 ἀληθείᾳ

369 1221 504 1271 πᾶσι
533 1225 644 1284 τοῖς
670 1225 972 1293 ἀκροαταῖς
1001 1227 1190 1287 τῶνδε,
1232 1230 1307 1292 ὡς
1353 1230 1449 1282 καὶ⁵
1492 1231 1710 1299 κριταῖς
1743 1229 1942 1282 ἀπολο-

367 1309 643 1379 γούμενοι,
691 1314 774 1366 ὃτι
808 1315 966 1384 χείλη
1003 1317 1152 1370 δόλια
1191 1319 1249 1370 ὲν
1292 1319 1490 1388 καρδία
1522 1321 1724 1384 αὐτοῖς,
1756 1321 1850 1372 καὶ
1879 1321 1942 1372 ἐκ

367 1401 597 1470 καρδίας
646 1405 918 1474 ἐλάλησαν
968 1409 1119 1461 κακά
1149 1451 1162 1473 ,
1197 1409 1368 1480 θυμὸς
1417 1411 1601 1474 αὐτοῖς
1650 1409 1790 1463 κατὰ
1842 1411 1942 1480 τὴν

364 1490 625 1557 ὁμοίωσιν
653 1495 747 1549 τοῦ
779 1496 959 1564 ὄφεως
990 1499 1268 1569 φθονερὸς,
1303 1501 1396 1553 καὶ⁵
1445 1500 1850 1570 μισάνθρωπος,
1880 1502 1939 1553 ού

367 1579 642 1651 θεόζηλος.
687 1589 750 1639 υί
795 1588 906 1659 γὰρ
937 1589 1063 1653 τούς
1093 1607 1151 1642 τε
1199 1591 1705 1662 ἀναθεματίσαντας
1737 1592 1940 1646 Νεστό-

367 1687 506 1739 ριον.
535 1674 702 1743 ἤγουν
724 1678 822 1745 τὴν
857 1678 916 1729 ὲν
957 1677 1166 1748 Ἐφέσῳ
1195 1677 1412 1732 σύνοδον
1444 1678 1824 1748 ποτνιώμενοι,
1846 1680 1940 1731 καὶ

364 1762 436 1813 τὰ
474 1763 610 1816 κατά
641 1767 940 1837 Νεστορίου
997 1767 1363 1838 γεγραμμένα
1391 1769 1469 1838 τῷ
1508 1769 1782 1837 όσιωτάτῳ
1824 1771 1934 1822 Ku-

2033 597 2287 652 Nestorio
2316 595 2600 666 suﬂragari
2631 595 2678 649 si
2713 593 3015 648 studerent.
3053 611 3071 642 ι

2104 687 2305 742 Verum
2321 687 2414 756 qui
2430 685 2839 748 haeced‘utiunt,
2856 698 3036 738 nonne
3052 699 3172 739 sese
3187 683 3344 738 valde
3362 681 3618 752 petulau~

2036 784 2117 830 tes
2143 784 2199 830 et
2237 775 2470 829 audaces
2517 773 2849 828 ostendunt?
2882 772 3134 826 Nostram
3171 772 3375 842 quippe
3419 769 3616 824 famam

2033 865 2274 919 lacerare
2295 879 2404 918 non
2423 863 2700 926 dubitant,
2734 862 2826 931 qui
2851 862 3096 932 profecto
3115 877 3304 931 pmnas
3322 860 3529 914 dabunt
3565 857 3615 912 ei

2036 957 2129 1026 qui
2154 955 2307 1010 vivos
2332 965 2388 1010 et
2414 965 2663 1009 mortuos
2685 953 3034 1024 iudicaturus
3069 962 3174 1017 est,
3206 952 3412 1022 quique
3435 951 3619 1019 singu-

2036 1046 2216 1098 lorum
2240 1059 2406 1111 opera
2441 1043 2645 1098 debitis
2676 1041 2918 1111 praemiis
2949 1042 3032 1096 vel
3066 1040 3350 1110 suppliciis
3395 1039 3615 1097 aﬂieiet.

2038 1135 2437 1204 patefacietque
2469 1134 2656 1189 cordis
2683 1133 2878 1187 intima
2902 1143 2958 1188 et
2985 1133 3326 1187 abscondita.
3379 1131 3487 1184 Nos
3532 1130 3616 1182 in-

2043 1227 2201 1280 terim
2250 1242 2354 1296 ope
2415 1227 2598 1281 divina
2649 1225 2775 1279 freti
2826 1225 3045 1293 planum
3090 1224 3355 1278 faciemus
3387 1223 3615 1276 istorum

2041 1317 2380 1372 nebulonum
2404 1317 2772 1379 auditoribus,
2802 1315 2957 1385 quasi
2982 1330 3163 1369 coram
3183 1314 3469 1384 judicibus
3485 1327 3616 1366 cau-

2041 1424 2156 1465 sam
2181 1417 2425 1479 agentes,
2459 1408 2927 1478 ostendemusqne
2975 1423 3105 1460 vere
3140 1406 3195 1459 in
3223 1420 3415 1458 eorum
3452 1403 3618 1457 corde

2039 1519 2160 1557 esse
2194 1502 2337 1556 labia
2367 1501 2576 1565 dolosa,
2613 1515 2820 1568 eosque
2852 1497 3058 1552 nefaria
3090 1496 3256 1550 verba
3289 1493 3617 1563 protulisse;

2040 1609 2178 1663 quos
2201 1592 2447 1662 profecto
2475 1607 2586 1646 non
2618 1607 2774 1646 amor
2806 1606 2933 1660 erga
2995 1591 3165 1643 Deum
3214 1585 3488 1648 accendit,
3524 1585 3618 1639 sed

2040 1684 2152 1737 acri
2191 1682 2462 1752 serpentis
2519 1681 2712 1744 instar,
2746 1682 2801 1734 in
2849 1679 3100 1735 homines
3132 1678 3320 1733 odium
3363 1691 3430 1730 ac
3481 1675 3622 1728 livor

2042 1773 2358 1828 inﬂammat.
2391 1773 2523 1826 Nam
2557 1771 2835 1842 quomodo
2866 1771 3165 1826 verisimile
3215 1778 3320 1830 est,
3355 1765 3502 1836 quod
3540 1765 3624 1818 eis

368 1854 556 1923 ρίλλῳ,
590 1859 684 1909 καλ⁸
714 1858 811 1921 τὰς
848 1859 992 1912 κατά
1015 1859 1171 1912 τοῦδε
1197 1861 1378 1926 φωνὰς
1406 1861 1586 1924 πάσας
1609 1859 1772 1930 όμολο
1786 1860 1934 1928 γοῦν-

2042 1865 2296 1935 objicitur
2327 1863 2426 1932 (8),
2448 1841 2704 1918 Nestorio
2737 1861 2947 1916 scilicet
2983 1877 3082 1916 eos
3118 1859 3340 1915 favisse.
3367 1857 3460 1927 qui
3492 1871 3624 1909 con-

366 1959 485 2004 τες,
509 1946 606 1996 καὶ⁸
645 1947 718 2009 ὡς
755 1949 924 2017 μύσος
949 1967 1004 2002 τι
1034 1949 1200 2002 αὐτοῦ
1225 1952 1532 2021 πανταχόσε
1565 1951 1934 2021 μνημονεύον-

2042 1955 2225 2009 cilium
2260 1953 2595 2025 Ephesinum
2635 1968 2746 2022 quo
2778 1952 2824 2006 is
2854 1952 3174 2022 proﬂigatus
3204 1959 3290 2005 est
3323 1949 3420 2020 (9),
3455 1963 3624 2001 γρηθ-

367 2047 490 2093 τες,
521 2031 615 2084 καὶ
663 2037 768 2103 πρό
799 2051 864 2100 γε
895 2038 1112 2090 πάντων
1142 2037 1250 2090 τῶν
1276 2039 1587 2092 ὑπευθύνων
1613 2042 1680 2110 τῇ
1711 2039 1937 2110 ἀσεϐείᾳ

2042 2049 2248 2104 rantur,
2294 2040 2639 2110 probantque
2678 2054 2804 2092 cum
2871 2037 2981 2094 divi
3026 2037 3216 2108 Cyrilli
3277 2046 3469 2091 contra
3517 2033 3622 2087 Ne-

368 2119 469 2171 καὶ
502 2121 638 2188 μετά
691 2123 900 2186 πάντας
935 2126 1122 2179 τοῦτον
1151 2128 1657 2198 ἀναθεματίζοντες,
1692 2129 1936 2192 καὶτοὺς

2042 2132 2264 2186 storium
2289 2131 2465 2200 ipsum
2481 2130 2706 2198 scripta,
2726 2137 2840 2183 tum
2869 2137 3159 2198 usurpatas
3183 2127 3451 2182 adversus
3469 2138 3624 2179 eum-

283 2206 292 2212 ’
369 2208 442 2262 τὰ
481 2211 647 2264 αὐτοῦ
689 2213 1046 2283 φρονοῦντας,
1091 2218 1252 2269 πόθεν
1304 2219 1537 2285 εὐλόγως
1562 2219 1635 2281 ὼς
1659 2219 1939 2290 Νεστορίῳ

2042 2219 2158 2275 dem
2188 2235 2351 2274 voces
2380 2234 2572 2272 omnes
2594 2219 2618 2270 ?
2640 2218 2734 2287 qui
2765 2218 2833 2272 de
2863 2219 2980 2286 ipso
3011 2227 3268 2286 tanquam
3309 2217 3378 2270 dc
3405 2213 3622 2284 piaculo

372 2299 770 2366 σπουδάζοντες
801 2302 1164 2374 διεϐλήθησαν
1193 2321 1207 2369 ;

2042 2311 2274 2378 quodam
2301 2311 2508 2378 ubique
2544 2311 2886 2365 mentionem
2923 2310 3174 2364 faciunt?
3193 2309 3400 2378 quique
3439 2307 3619 2375 ipsum

367 2391 516 2446 inter
555 2393 754 2462 impios
793 2394 1042 2449 omnium
1094 2394 1206 2466 (10)
1255 2397 1494 2466 primum
1523 2412 1585 2452 ac
1618 2413 1936 2466 supremum
1979 2415 2083 2454 una
2125 2417 2248 2455 cum
2293 2402 2413 2472 ejus
2451 2403 2674 2458 asseclis
2709 2403 2850 2457 idem
2886 2401 3271 2466 sentientibus,
3322 2397 3622 2468 cxplodunt

361 2483 704 2555 ejiciuntque
735 2503 764 2540 a
797 2486 1005 2542 Christi
1038 2487 1283 2544 ﬁdelium
1330 2489 1728 2545 communitate
1770 2491 1793 2543 ’ί

441 2595 458 2626 ι
493 2578 619 2641 Ναὶ,
653 2573 794 2648 ἦσάν
821 2595 989 2645 τινες,
1009 2579 1193 2648 φησὶν,
1226 2581 1284 2632 ἐν
1312 2583 1376 2651 τῇ
1392 2581 1592 2650 συνόδῳ
1641 2581 1691 2634 οἳ
1723 2580 1943 2652 ἐφωρά-

359 2667 534 2737 θησαν
571 2666 853 2737 Νεστορίῳ
883 2667 1052 2719 πάλαι
1083 2670 1493 2739 προσκείμενοι.
1524 2689 1543 2720 ι

432 2758 553 2809 Ἵνα
581 2751 676 2810 οῦν
703 2759 796 2810 καὶ
828 2757 976 2810 κατά
1008 2758 1312 2828 συνδρομὴν
1344 2758 1503 2812 τοῦτο
1522 2761 1703 2828 δῶμεν
1750 2760 1938 2824 αὐτοῖς

364 2846 576 2917 (τὸγὰρ
619 2847 1010 2916 εύκαθαίρετον
1052 2848 1146 2900 τοῦ
1201 2849 1361 2916 λόγου
1399 2850 1620 2914 εἰδότες,
1651 2852 1731 2914 εἰς
1763 2853 1941 2922 μῆκος

359 2937 460 3006 τὴν
497 2936 792 3004 ἀπολογίαν
839 2937 1106 2991 ἐκτείνειν
1172 2939 1441 3010 περιττῶς
1493 2939 1552 2992 ού
1587 2939 1936 3010 βουλόμεθα),

361 3026 483 3088 πῶς
525 3026 690 3080 πέντε
741 3027 839 3095 μὲν
885 3028 1113 3083 δικαίων
1153 3029 1318 3084 ἕνεκα
1371 3030 1548 3099 μόνων
1583 3030 1676 3083 καὶ
1706 3030 1936 3100 Σόδομα,

360 3117 454 3170 καὶ
477 3118 730 3188 Γομόρῤα
758 3117 853 3188 ὅλη
886 3119 1156 3186 ὲσώζετο;
1187 3115 1254 3190 ἦς
1282 3121 1315 3190 ἡ
1347 3120 1563 3189 κραυγὴ
1594 3119 1694 3189 τῆς
1711 3120 1940 3190 ἀνομίας

2140 2601 2158 2632 ‹
2191 2581 2466 2647 Aderant,
2520 2584 2734 2652 inquis,
2791 2585 2846 2637 in
2896 2583 3131 2638 concilio
3182 2581 3453 2645 nonnulli,
3489 2596 3625 2650 quos

2038 2675 2170 2727 olim
2206 2675 2459 2730 Nestorio
2495 2675 2693 2728 favisse
2723 2682 2959 2728 constat.
3004 2694 3022 2726 ι

2107 2764 2176 2820 Ut
2204 2765 2387 2820 obiter
2423 2764 2476 2820 id
2499 2765 2582 2819 eis
2617 2765 2982 2820 concedamus
3015 2765 3297 2835 (nolumus
3325 2766 3494 2829 enim,
3524 2767 3613 2820 im-

2035 2854 2393 2910 becillitatem
2418 2855 2649 2925 hujusce
2675 2857 2796 2909 vani
2828 2855 3122 2910 commenti
3156 2855 3322 2924 probe
3357 2857 3614 2920 scientes,

2039 2944 2205 2998 nimis
2257 2947 2563 3000 orationem
2599 2947 2922 3015 protrahere
2955 2943 2974 3016 )
3029 2955 3110 3010 ut,
3163 2945 3422 3014 inquam,
3457 2945 3510 2999 id
3539 2948 3618 3001 ris

2044 3035 2438 3098 concedamus,
2485 3037 2764 3106 quomodo
2798 3037 2944 3091 solos
2969 3036 3039 3090 ob
3065 3037 3310 3106 quinque
3350 3037 3501 3092 viros
3528 3041 3621 3111 jn-

2044 3133 2159 3180 stos
2190 3125 2484 3182 incolumis
2509 3143 2539 3182 a
2567 3129 2676 3186 Deo
2700 3137 2913 3183 servata
2937 3128 3040 3182 fuit
3068 3127 3306 3182 Sodoma
3325 3139 3344 3160 ·
3372 3169 3387 3195 ,
3423 3136 3537 3183 tota
3565 3137 3621 3182 et

363 3209 457 3262 καὶ
485 3207 592 3271 ἕως
620 3208 732 3261 τῶν
753 3209 995 3278 ύψίστων
1020 3210 1207 3280 ἀνέϐη·
1233 3211 1291 3264 ὲν
1316 3210 1371 3262 δὲ
1402 3208 1613 3272 τούτοις
1643 3210 1731 3263 διὰ
1763 3210 1939 3263 δεύτε-

2043 3210 2373 3277 Gomorrha,
2407 3229 2638 3283 quarum
2683 3213 2894 3268 nefaria
2927 3213 3170 3269 facinora
3205 3217 3407 3270 caelum
3439 3216 3620 3284 ipsum

363 3317 477 3370 ρον,
531 3301 564 3371 ῆ
609 3299 795 3372 τρίτον
845 3302 967 3355 τινὰ
1011 3301 1539 3371 δεισιδαιμονοῦντα,
1577 3305 1625 3356 εί
1687 3299 1935 3373 καῖ’ἄρα

358 3389 658 3458 ογνώστως
682 3407 740 3443 τε
772 3394 830 3444 ὲν
855 3392 1040 3453 αὐτοῖς
1062 3391 1381 3458 ἀσεϐοῦντα,
1411 3396 1562 3446 πᾶσα
1591 3395 1622 3469 ἡ
1652 3394 1775 3447 ὁσία
1801 3393 1937 3462 πλην

361 3479 479 3543 θῦς,
526 3479 625 3532 καὶ
667 3479 794 3542 λαὸς
829 3481 857 3532 ό
899 3480 1054 3546 ἅγιος
1101 3479 1196 3532 τοῦ
1239 3480 1347 3532 τῶν
1397 3481 1475 3550 χλ¹
1516 3480 1928 3550 ίερατεύματος,

360 3572 436 3634 ὡς
463 3571 662 3644 γνώμῃ
690 3571 1075 3634 δυσσεϐοῦντες
1110 3571 1184 3642 μὴ
1217 3571 1508 3643 διαθρῆσαι
1549 3573 1648 3640 τὴν
1678 3571 1934 3640 ἀλήθειαν

361 3658 863 3729 ἐγκατελείφθησαν
910 3660 1012 3712 ὑπὸ
1059 3659 1152 3714 τοῦ
1187 3659 1438 3728 λέγοντος
1481 3660 1639 3713 Θεοῦ·
1688 3657 1769 3716 Οὗ
1815 3663 1931 3714 εἱσι

359 3750 490 3812 δύο,
519 3749 559 3818 ἢ
594 3749 765 3816 τρεῖς,
824 3750 1191 3819 συνηγμένοι
1239 3750 1338 3803 ἐπὶ
1389 3749 1470 3815 τῷ
1521 3751 1768 3818 ὀνόματί
1789 3767 1930 3819 μου,

359 3841 486 3893 ἐκεῖ
506 3841 626 3909 ειμι
649 3839 720 3893 ἐν
743 3839 911 3907 μέσῳ
934 3839 1152 3895 αὐτῶν.
1181 3841 1288 3894 Καὶ
1312 3839 1471 3894 τοῦτο
1503 3841 1604 3894 ούκ
1628 3835 1707 3902 είς
1736 3841 1934 3904 αὐτοὺς

365 3930 523 4000 μόνον
551 3930 929 3999 συντεινούσης
953 3931 1052 4000 τῆς
1082 3930 1230 3993 θείας
1259 3932 1640 4002 παροράσεως,
1673 3930 1811 3984 ἀλλά
1838 3930 1934 3984 καὶ

361 4025 442 4083 είς
495 4024 680 4075 πᾶσαν
729 4021 964 4092 Χριστοῦ
1005 4024 1106 4092 τὴν
1148 4022 1268 4074 καθ’
1300 4023 1430 4091 ὅλης
1460 4023 1560 4093 τῆς
1605 4022 1934 4090 οἰκουμένης

361 4113 524 4180 ἁγίαν
596 4113 928 4180 Ἐκκλησίαν
983 4112 1094 4164 τῶν
1152 4112 1448 4180 πανδήμων
1504 4111 1599 4162 καὶ⁹
1657 4109 1937 4161 πανεθνῶν

362 4203 504 4257 λαῶν
541 4203 944 4273 ἀφειδέστερον·
987 4203 1072 4254 ὅτι
1106 4200 1226 4253 οὐδὲ
1275 4199 1654 4270 προσκαίρως,
1687 4198 1786 4250 ἀλλ
1833 4197 1938 4258 ἕως

366 4293 592 4358 αἰωνίας
646 4293 1002 4364 παραδόσεως
1047 4291 1208 4361 ἥκειν
1259 4289 1454 4359 ἔμελλε
1498 4289 1567 4342 τά
1600 4288 1722 4341 τότε
1766 4287 1940 4358 ψηφι-

366 4384 556 4438 σθέντα
585 4382 1040 4454 φρονήματα,’ὼς
1065 4381 1284 4453 ὁρῶμεν
1337 4381 1434 4434 σὺν
1478 4379 1598 4451 Θεῷ
1641 4379 1803 4449 μέχρι
1845 4378 1939 4431 καὶ

365 4475 476 4529 νῦν.
501 4470 651 4546 ’Δρα
682 4477 782 4528 οὐκ
809 4477 889 4538 είς
914 4475 1004 4528 τὸν
1029 4474 1126 4542 τῆς
1154 4473 1304 4536 θείας
1329 4473 1593 4542 Προνοίας
1614 4473 1771 4541 λόγον
1806 4471 1936 4524 ἀσε-

365 4565 547 4636 ϐήσειε
582 4543 830 4636 πρῶτος,
861 4565 888 4617 ὁ
941 4564 1030 4617 τὸν
1063 4563 1160 4634 τῆς
1208 4563 1444 4626 πίστεως
1486 4561 1587 4632 τῆς
1613 4561 1936 4631 οἰκονομίας
1961 4543 2014 4604 Ῑ)

365 4655 599 4724 Χριστοῦ
629 4655 789 4722 λόγον
819 4653 1027 4706 ἀθετῶν
1057 4652 1402 4723 κηρυχθῆναι
1432 4655 1497 4722 τῇ
1525 4650 1821 4724 οἰκουμένῃ
1850 4651 1939 4704 διὰ

363 4746 470 4798 τῶν
507 4749 682 4814 ἁγίων
716 4747 972 4812 συνόδων,
1023 4749 1117 4798 καὶ
1167 4743 1533 4815 βεϐαιωθῆναι
1573 4745 1630 4796 ἐν
1674 4747 1790 4807 ταῖς
1815 4743 1944 4813 ἑξῆς

367 4843 577 4903 γενεαῖς
615 4837 1012 4908 λογιζόμενος;
1057 4839 1105 4890 εί
1142 4837 1200 4891 δὲ
1249 4837 1383 4907 μηδὲ
1426 4839 1490 4890 ἐκ
1541 4835 1633 4889 τοῦ
1663 4836 1759 4906 τῆς
1790 4835 1942 4900 θείας

370 4927 632 4998 Προνοίας
685 4929 848 4997 λόγου
891 4929 968 4997 μὴ
1000 4927 1424 4998 εύπαραδέκτως
1456 4927 1608 4997 ἔχετε
1655 4926 1791 4995 πρὸς
1841 4927 1942 4996 τὴν

367 5017 528 5086 ἁγίαν
564 5019 810 5083 σύνοδον,
845 5019 960 5072 ἀλλ’
1006 5020 1084 5072 ἔτι
1114 5019 1449 5072 ὑποπτεύετε
1481 5021 1544 5071 ὲκ
1572 5017 1669 5087 τῆς
1701 5019 1938 5082 παλαιᾶς

436 5138 461 5168 ⁸
494 5133 698 5190 Genes.
732 5132 990 5202 xvm,52.
1047 5131 1074 5170 ι)
1107 5131 1298 5187 Matth.
1324 5147 1472 5198 xvm,
1494 5133 1584 5187 20.

437 5250 511 5319 (8)
537 5247 828 5302 Nestorius
859 5244 1251 5319 monachusmd
1281 5243 1942 5319 sedem_Con_stant_inopo-

363 5313 591 5373 litanam
626 5324 852 5371 evectus
898 5314 954 5366 in
994 5313 1180 5366 Sisinii
1217 5314 1421 5377 locum,
1450 5313 1680 5367 docebat
1725 5313 1860 5368 duas
1890 5315 1946 5368 in

361 5388 596 5440 Christo
625 5400 912 5454 personas,
936 5382 1098 5454 cujus
1120 5396 1277 5435 error
1311 5382 1600 5454 damnatus
1628 5383 1735 5454 fuit
1769 5383 1822 5436 in
1851 5399 1948 5453 ge-

364 5457 543 5510 nerali
571 5449 822 5508 Goncilio
849 5449 1128 5518 Ephesino
1164 5467 1198 5515 I,
1235 5459 1368 5504 tom.
1403 5450 1444 5513 l,
1478 5466 1598 5520 pag.
1626 5452 1749 5506 553.

441 5525 518 5592 (9)
543 5525 699 5578 Patet
730 5521 783 5574 id
814 5537 882 5592 es
908 5522 1026 5592 Act.
1052 5534 1068 5570 l
1102 5526 1157 5571 et
1191 5535 1304 5592 seq.
1337 5520 1554 5592 concilii
1575 5520 1852 5592 AChalced.

441 5587 552 5655 (l0)
571 5592 706 5646 Nam
733 5589 947 5644 concilii
970 5588 1158 5640 Patres
1177 5587 1293 5642 Act.
1319 5603 1356 5650 ι,
1381 5587 1684 5642 Nestorium
1708 5592 1950 5644 omnium

365 5663 614 5732 primum
667 5657 1125 5732 proscribendum
1166 5659 1419 5718 clamant,
1446 5665 1501 5710 et
1533 5658 1586 5710 in
1613 5660 1736 5714 aliis
1762 5662 1954 5714 subse-

365 5725 739 5801 iinrnliliusid
761 5729 937 5796 ipsum
956 5725 1022 5778 ad
1048 5741 1213 5778 unum
1233 5741 1420 5780 omnes
1438 5741 1545 5780 uno
1565 5742 1656 5782 ore
1677 5739 1950 5799 repetunt.

2038 3318 2262 3357 rumore
2313 3318 2417 3358 suo
2449 3304 2842 3376 complebant:
2878 3304 2970 3359 hic
3009 3312 3196 3359 autem
3231 3303 3304 3358 ob
3349 3303 3621 3367 duos,ch

2036 3401 2148 3448 tres
2173 3395 2417 3451 nefarios
2450 3396 2727 3462 homines,
2762 3397 2903 3451 clam
2941 3396 3108 3465 impie
3141 3396 3486 3459 sentientes,.
3507 3404 3622 3448 tota

2033 3486 2366 3540 venerabilis
2393 3487 2690 3542 multitudo
2730 3487 2867 3558 (ll),
2901 3498 3236 3554 sanctusque
3263 3486 3373 3557 (l2)
3400 3485 3503 3539 650
3533 3501 3623 3539 sa-

2034 3585 2254 3625 crorum
2291 3573 2586 3642 prazsulum
2612 3581 2809 3637 ctetus,
2840 3573 2995 3642 quasi
3023 3587 3213 3625 oumes
3238 3571 3392 3640 impii
3415 3581 3621 3634 essent,

2032 3677 2063 3714 a
2137 3661 2249 3717 Deo
2282 3663 2355 3718 ita
2377 3663 2728 3727 deserentur,
2753 3669 2814 3716 ut
2847 3675 3037 3714 verum
3067 3675 3294 3714 cernere
3317 3672 3620 3729 nequeant.

2032 3755 2338 3820 przesertim
2393 3769 2519 3809 cum
2558 3756 2705 3808 Deus
2755 3752 2872 3820 ipse
2904 3751 3254 3821 polliceatur,
3301 3751 3396 3806 Ubi
3427 3753 3625 3821 fuerint
3710 3818 3717 3825 _

2032 3838 2158 3905 duo,
2194 3839 2276 3893 vel
2317 3851 2422 3894 tres
2460 3840 2768 3911 congregati
2802 3840 2857 3891 in
2899 3842 3110 3892 nomine
3155 3854 3287 3900 meo,
3321 3839 3394 3892 ibi
3424 3856 3543 3892 sum
3569 3841 3623 3892 in

2032 3931 2210 3987 medio
2240 3932 2468 3985 eorumh
2494 3931 2518 3984 ?
2547 3931 2703 3996 Quod
2740 3937 2926 3983 autem
2969 3929 3206 3984 Numine
3230 3929 3418 3984 divino
3451 3930 3624 3984 desti-

2035 4033 2224 4078 tuatur
2271 4021 2567 4077 concilium
2598 4060 2612 4084 ,
2666 4019 2930 4072 damnum
2983 4019 3092 4072 hoc
3152 4032 3260 4070 non
3313 4019 3380 4072 ad
3439 4019 3618 4088 ipsum

2037 4111 2331 4165 concilium
2381 4109 2557 4162 solum
2610 4106 2913 4176 pertineret
2945 4145 2960 4168 ,
3013 4103 3110 4158 scd
3167 4104 3231 4157 ad
3292 4107 3622 4172 universam,

2042 4197 2212 4254 totius
2240 4194 2528 4250 christiani
2554 4193 2707 4248 orbis
2740 4198 2982 4246 sanctam
3024 4191 3322 4250 Ecclesiam
3351 4197 3500 4252 omni
3528 4215 3624 4268 po-

2041 4289 2301 4360 pulorum
2355 4300 2559 4357 genere
2609 4281 2900 4340 conﬂatam
2937 4294 3186 4339 manaret
3217 4296 3380 4358 atque
3417 4289 3625 4345 diﬂ'nn-

2041 4381 2304 4436 deretur.
2362 4377 2645 4448 Siquidem
2681 4377 2832 4432 illius
2871 4377 3097 4433 concilii
3136 4377 3358 4435 decreta
3402 4399 3512 4437 non
3556 4383 3624 4437 ad

2040 4474 2211 4529 breve
2235 4480 2452 4542 tempus
2467 4469 2715 4540 aliquod,
2735 4468 2830 4525 scd
2854 4469 2909 4524 in
2932 4479 3262 4542 perpetuum
3286 4471 3351 4526 ad
3375 4485 3626 4545 posteros

2047 4564 2346 4622 transitura
2377 4573 2571 4627 erant,
2617 4571 2675 4616 ut
2721 4562 2832 4618 huc
2887 4579 3061 4634 usque
3099 4562 3196 4618 Dei
3257 4580 3362 4636 0pc
3421 4566 3624 4621 factum

2044 4658 2327 4713 videmus.
2359 4655 2557 4710 Annon
2586 4670 2718 4726 ergo
2758 4653 2959 4712 divinae
2988 4655 3353 4713 Providentiae
3403 4663 3652 4731 gravem'

2043 4747 2254 4801 faceret
2293 4743 2569 4814 injuriam,
2608 4741 2704 4812 qui
2744 4743 2961 4798 inﬁcias
3004 4744 3126 4810 iret,
3168 4743 3292 4799 lidci
3323 4759 3523 4803 nostrze
3556 4746 3625 4800 de

2044 4835 2249 4892 Christi
2280 4834 2691 4904 dispensatione
2733 4833 2988 4905 dogmata
3017 4852 3114 4904 per
3147 4845 3332 4890 sancta
3387 4837 3624 4892 concilia

2046 4937 2318 4982 terrarum
2359 4924 2479 4978 orbi
2525 4923 2688 4987 tradi,
2735 4933 2903 4993 atque
2943 4924 3250 4993 posteritati
3283 4927 3458 4982 solide
3488 4941 3624 4980 con-

2046 5015 2289 5087 signari?
2326 5013 2483 5081 Quod
2531 5015 2577 5068 si
2609 5029 2679 5068 ne
2729 5014 2870 5068 ratio
2929 5013 3154 5082 quidem
3200 5013 3316 5067 haec
3361 5029 3391 5067 a
3441 5015 3625 5068 divina

2125 5245 2517 5317 (ll)Sanctum
2596 5246 2903 5317 appellatur
2968 5237 3286 5317 concilium
3329 5240 3633 5317 Chalcedo-

2058 5304 2249 5375 nensc,
2303 5313 2449 5384 quod
2490 5304 2754 5384 tanta-in
2786 5307 3144 5384 veneratione
3191 5304 3631 5384 [nitpra-sgriim

2051 5385 2197 5454 apud
2219 5375 2459 5454 (ine-cos,
2491 5391 2552 5434 ut
2573 5382 2693 5453 ejus
2717 5383 2920 5438 festum
2949 5375 3248 5441 quotannis
3275 5375 3310 5422 ii
3349 5379 3634 5434 celebrare

2049 5453 2462 5509 consueverint.

2124 5521 2447 5589 (19.)Talcm
2503 5519 2690 5589 fuisse
2746 5523 2994 5589 Patrum.
3028 5518 3356 5589 “Miiller”?
3409 5524 3641 5589 testatur
3719 5527 3732 5536 ’

2053 5571 2895 5657 8,Ὲῖίηοοιιὃιςιίιοὲνὲνὶἓιοία
2925 5575 2994 5630 ad
3023 5571 3188 5625 Βίιδὶίι
3222 5573 3463 5635 Aminea.
3498 5585 3641 5655 apud

2055 5665 2221 5728 Evag.
2257 5674 2312 5721 ιι,
2344 5657 2500 5718 Hist,
2555 5671 2604 5706 c.
2646 5660 2729 5714 10,
