3998 6282
10 5384 25 5511 ii

20 5514 27 5573 Ῐ

4 5618 11 5671 .‘v‘
22 5576 27 5681 ἡ

10 5694 29 5747 sl.

4 5754 31 5853 '3',

427 439 569 504 1879
1182 408 1185 412 ’
1715 442 2029 503 LEONTII

2137 444 2475 506 {ZANTINI
3095 514 3098 518 ,
3547 450 3682 515 1880

422 548 774 606 Providentia
810 548 981 619 petita
1010 563 1110 607 vos
1138 558 1325 607 movet
1345 550 1412 607 ad
1433 560 1685 607 sanctum
1710 554 2004 609 concilium

2137 556 2433 628 ιρολήψεώς
2457 576 2609 623 τινας
2645 562 2831 626 ίδικὼς
2867 559 2973 617 τῶν
3005 564 3062 616 ὲν
3085 563 3223 635 αὑτῇ
3265 562 3514 625 ὑπούλως
3542 565 3687 636 ἔχειν

420 643 527 698 hoc
553 641 924 713 probandum,
964 642 1060 697 sed
1091 641 1274 699 adhuc
1304 643 1477 699 veteri
1504 643 1786 713 opinionis
1816 660 2006 702 errore

2137 649 2208 702 εαὶ
2242 650 2366 703 τότε
2397 650 2496 722 τὴν
2526 652 2822 724 Νεστορίου
2862 655 3201 722 κακοδοξίαν,
3247 658 3295 708 εί
3334 655 3427 709 καὶ
3458 659 3567 720 τοῖς
3601 657 3687 709 λε-

420 731 636 801 decepti
661 731 1020 802 suspicamini
1044 733 1312 802 quosdam
1337 734 1557 790 concilii
1581 734 1771 791 Patres
1796 738 2010 792 occulte

2137 738 2367 806 νομένοις
2417 740 2522 791 ὑπὸ
2553 740 2732 794 κοινοῦ
2763 744 3161 812 συναπήγοντο,
3197 747 3563 814 σκοπήσωμεν
3594 744 3688 796 καὶ

423 823 626 879 fovisse
673 839 899 894 pravum
931 824 1172 880 Nestorii
1206 826 1427 897 dogma,
1454 826 1587 881 licet
1627 836 1817 897 aperte
1844 845 2010 883 unam

423 928 617 969 omnes
651 928 763 969 uno
817 929 914 970 ore
953 916 1283 971 sententiam
1311 918 1737 986 proﬁterentur;
1760 920 2015 974 conside-

424 1019 612 1059 remus
641 1020 711 1059 an
734 1005 840 1060 hac
859 1004 930 1061 de
967 1019 1134 1061 causa
1157 1007 1401 1078 synodus
1427 1009 1687 1064 universa
1711 1009 2012 1080 rejicienda

423 1095 703 1150 videatur.
752 1096 1041 1167 Nunquid,
1095 1112 1283 1168 quaeso
1325 1114 1442 1165 vos,
1477 1099 1597 1155 ﬁeri
1650 1116 1763 1155 non
1798 1110 2015 1171 poterat

428 1196 489 1241 ut
539 1188 634 1257 qui
676 1195 835 1243 antea
886 1189 1026 1243 male
1089 1190 1496 1260 opinabantur,
1548 1201 1742 1262 postea
1796 1203 2013 1249 mutata

427 1277 697 1330 sententia
749 1277 837 1346 pie
895 1286 1156 1348 recteque
1229 1281 1535 1347 sentirent;
1583 1282 1832 1352 profecto
1865 1284 2014 1353 quod

304 1400 315 1416 .
425 1379 457 1417 a
494 1364 715 1418 concilii
746 1365 1005 1422 Patribus
1058 1377 1275 1438 gestum
1301 1378 1387 1429 est
1415 1413 1430 1437 ,
1459 1372 1564 1427 hoc
1598 1381 1789 1442 aperte
1822 1375 2015 1429 decla-

426 1462 512 1507 rat
543 1468 639 1509 eos
684 1455 964 1523 videlicet,
1001 1459 1047 1512 si
1081 1474 1191 1514 non
1215 1461 1291 1516 ita
1324 1463 1561 1532 pridem,
1594 1472 1651 1517 at
1674 1480 1742 1519 eo
1767 1472 2014 1536 tempore

427 1543 518 1613 pie
563 1554 825 1617 recteque
870 1549 1112 1605 sensisse
1154 1568 1169 1606 :
1228 1567 1354 1607 cum
1386 1552 1597 1610 nefaria
1638 1555 1877 1611 Nestorii
1911 1557 2014 1611 do-

426 1645 611 1706 gmata
644 1639 850 1709 scripta
893 1641 1166 1697 sententia
1190 1642 1506 1700 damnarint
1536 1645 2011 1717 proﬂigarintque.

426 1724 585 1790 Quod
625 1741 758 1782 sane
801 1727 921 1783 ﬁeri
964 1731 1215 1799 potuisse
1258 1732 1386 1801 quis
1432 1736 2017 1807 neget?quemadm0'

428 1815 560 1869 dum
610 1824 668 1871 et
702 1818 835 1874 illud
879 1821 1132 1876 accidere
1177 1822 1427 1892 potuisse
1473 1840 1638 1881 nemo
1689 1827 1915 1898 negabit
1954 1838 2016 1882 ut

2111 827 2284 891 οὕτως
2326 829 2409 891 τίς
2436 829 2623 884 δικαία
2668 831 2994 903 κατάκρισις
3036 836 3098 887 ὲκ
3127 834 3282 888 τοῦδε.
3312 835 3410 904 τῆς
3443 836 3685 889 συνόδουο

2111 921 2306 973 εἴπατε
2335 921 2466 993 γάρ,
2495 924 2543 976 εἰ
2571 922 2833 978 ἀδύνατον
2861 918 2930 994 ἦν
2974 938 3129 989 τινας
3163 926 3334 980 πάλαι
3357 926 3456 980 οὑκ
3490 927 3688 997 εὐφρο-

2113 1010 2357 1075 νοῦντας,
2394 1013 2455 1064 ἐν
2501 1013 2617 1074 τοῖς
2659 1011 2786 1077 ἑξῆς
2826 1013 3042 1084 χρόνοις
3094 1014 3429 1085 μεταμαθεῖν
3468 1014 3567 1084 τὴν
3598 1014 3687 1067 εὑ-

2116 1100 2348 1166 σέϐειαν,
2392 1102 2488 1156 καὶ
2535 1103 2924 1176 ὀρθοδοξῆσαις
2976 1105 3107 1158 αὑτὸ
3145 1105 3254 1174 γὰρ
3299 1105 3363 1176 δὴ
3406 1105 3565 1158 τοῦτο
3595 1105 3688 1157 ὑπ’

2114 1192 2292 1246 αὐτῶν
2340 1194 2582 1265 πραχθὲν
2608 1234 2623 1260 ,
2671 1197 2822 1250 τουτί
2872 1195 2992 1267 βοᾷ,
3042 1196 3210 1265 ἤγουν
3257 1196 3319 1249 τὸ
3365 1196 3485 1249 κατ’
3513 1197 3690 1249 έκεῖνο

2114 1283 2307 1355 καιροῦ
2345 1284 2663 1356 ἀκραιφνῶς
2696 1285 2960 1350 εὐσεϐεῖν,
3005 1287 3053 1338 εἱ
3095 1285 3189 1338 καὶ
3225 1286 3300 1357 μὴ
3348 1284 3561 1355 πρώην,
3596 1287 3694 1354 ἔγ-

2113 1375 2342 1445 γράφως
2371 1373 2887 1445 ἀναθεματισάντων
2915 1376 2983 1429 τὰ
3012 1376 3310 1445 Νεστορίου
3340 1377 3686 1447 φρονήματα.

2116 1466 2246 1519 Τόδε
2279 1465 2411 1537 γὰρ,
2456 1467 2517 1519 οὑ
2567 1465 2676 1519 τῶν
2713 1467 3081 1538 ἐνδεχομένων
3127 1467 3305 1532 ὲστίνς
3348 1466 3536 1538 ὥσπερ
3562 1467 3694 1535 γοῦν

2114 1558 2236 1612 οὐδὲ
2267 1559 2488 1630 ἐτέρους
2517 1558 2682 1613 πάλιν
2710 1559 2864 1623 τινὰς
2891 1559 3002 1613 τῶν
3034 1560 3094 1612 ὲν
3115 1561 3181 1630 τῇ
3208 1559 3409 1631 συνόδῳ
3437 1559 3695 1615 ἀδύνατόν

2115 1652 2232 1705 ἐστι
2274 1650 2396 1706 κατ’
2430 1652 2609 1705 ἐκεῖνο
2640 1651 2834 1721 καιροῦ
2864 1650 3245 1716 εὑσεϐοῦντας,
3280 1651 3504 1723 ὕστερον
3532 1669 3697 1722 μετα-

2116 1746 2300 1797 πεσεῖν
2330 1743 2411 1806 εἰς
2433 1742 2708 1797 ἀσέϐειαν.
2736 1742 2808 1795 Ἦ
2831 1743 2953 1812 οὑχ).
2980 1742 3076 1796 καὶ
3098 1742 3326 1807 Παῦλος,
3352 1745 3380 1796 ό
3410 1745 3538 1813 πρὶν
3566 1743 3694 1797 διώ⁸

2117 1849 2275 1902 κτης,
2332 1831 2565 1902 ὕστερον
2637 1831 3019 1900 εὐηγγελίζετο
3054 1833 3155 1904 τὴν
3190 1833 3393 1898 πίστιν,
3426 1834 3492 1903 ἢν
3527 1833 3697 1886 πάλαι

336 1968 340 1973 Δ
428 1906 653 1974 quidam
692 1907 788 1962 alii
831 1910 927 1979 qui
958 1917 1074 1965 tum
1114 1910 1171 1966 in
1197 1911 1437 1967 concilio
1468 1915 1559 1983 pie
1586 1924 1845 1985 recteque
1885 1931 2014 1972 sen-

2137 1924 2373 1995 ιπόρθεις
2417 1923 2618 1986 Ἰούδας
2648 1923 2706 1976 δὲ
2746 1924 2774 1975 ὁ
2818 1921 3010 1995 πρώην
3046 1924 3141 1978 σὺν
3178 1927 3290 1988 τοῖς
3328 1933 3398 1978 ια’
3468 1926 3698 1993 εὐαγγε-

384 1994 645 2050 —ticbant
758 2006 950 2066 postea
1022 1999 1078 2053 in
1156 1999 1496 2068 impietatem
1565 2003 2011 2071 prolaberentur.

430 2087 629 2142 Nonne
654 2095 712 2144 et
742 2089 946 2145 Paulus
968 2090 1060 2160 qui
1086 2099 1251 2146 antea
1271 2092 1554 2147 Christum
1574 2094 2017 2164 persequebatur

434 2186 627 2246 postea
658 2180 980 2248 praedicavit
1010 2196 1134 2236 eam
1168 2181 1330 2236 ﬁdem
1361 2198 1526 2252 quam
1556 2183 1894 2251 perdendam
1923 2201 2022 2240 cu-

431 2270 694 2323 raverat?
738 2270 934 2325 Nonne
954 2271 1123 2326 Judas
1147 2271 1263 2341 (qui
1291 2288 1399 2328 una
1422 2288 1547 2328 cum
1582 2274 1845 2330 undecim
1890 2291 2028 2346 apo-

432 2359 591 2413 stolis
606 2356 898 2412 Dominum
924 2358 1279 2429 przedicabat,
1300 2376 1428 2415 cum
1451 2362 1565 2416 bini
1590 2370 1690 2432 per
1707 2363 1898 2418 orbem
1922 2372 2031 2419 ter-

433 2458 619 2501 rarum
648 2445 718 2501 ab
747 2461 814 2501 eo
861 2446 1236 2510 mitterentur)
1262 2448 1407 2503 idem
1458 2449 1575 2519 ipse
1613 2457 1803 2518 postea
1842 2450 2025 2505 eidem

435 2533 669 2589 Domino
694 2537 900 2590 struxit
932 2536 1200 2593 insidias?
1232 2537 1437 2593 Verum
1462 2548 1519 2592 ct
1553 2539 1599 2593 si
1633 2540 1859 2594 concilii
1889 2549 2031 2594 tem-

2120 2016 2403 2086 λιζόμενος
2431 2015 2522 2068 τὸν
2552 2015 2780 2086 Κύριον,
2817 2016 2907 2069 ὅτε
2937 2015 3037 2070 ἀνὰ
3069 2015 3161 2069 δύο
3194 2017 3578 2087 ἀπεστάλησαν
3606 2018 3697 2070 ὑπ’

2123 2106 2310 2174 αὑτοῦ,
2340 2107 2567 2178 ὕστερον
2597 2107 2692 2161 καὶ
2720 2106 3113 2161 ἐπεϐούλευσεν
3146 2108 3296 2178 αὐτῷ
3321 2127 3335 2175 ;
3364 2109 3537 2172 ἄλλως
3563 2109 3619 2164 δὲ
3649 2112 3697 2163 εί

2128 2200 2226 2253 καὶ
2253 2199 2395 2252 κατὰ
2417 2198 2507 2253 τὸν
2544 2201 2642 2269 τῆς
2691 2199 2910 2252 συνόδου
2939 2200 3130 2269 καιρὸν
3161 2200 3324 2253 αὑτὸν
3363 2202 3701 2272 κακόφρονες

2126 2285 2270 2360 ἦσάν
2288 2305 2430 2352 τινες
2459 2290 2517 2340 ὲν
2543 2289 2748 2356 αὑτοῖς,
2779 2289 2931 2359 ὅμως
2971 2290 3068 2343 ἐπὶ
3114 2290 3227 2353 τοῖς
3256 2291 3434 2354 καλῶς
3461 2308 3698 2362 πραττο-

2134 2381 2315 2452 μένοις
2368 2384 2725 2447 συνετίθεντο,
2757 2385 2840 2449 τίς
2875 2387 2909 2455 ἡ
2943 2386 3154 2456 μέμψις
3204 2389 3268 2440 ὲκ
3321 2387 3474 2441 τοῦδε
3517 2388 3701 2461 καὶτῇ

2134 2472 2368 2544 συνόδῳ;
2408 2474 2569 2540 μόνου
2604 2474 2712 2547 γὰρ
2747 2472 2885 2531 εἶναι
2914 2476 3052 2531 Θεοῦ
3092 2478 3155 2531 τὸ
3191 2478 3422 2549 καρδίας
3460 2478 3559 2533 καὶ
3612 2498 3703 2533 νε-

2136 2568 2305 2636 φροὺς
2331 2568 2487 2633 ὲτάζε
2497 2586 2546 2623 ιν
2579 2570 2819 2642 εἴρηται.

435 2662 572 2716 pore
608 2651 858 2704 nonnulli
879 2649 1103 2705 Patrum
1136 2650 1288 2707 intus
1320 2652 1374 2706 in
1402 2654 1569 2709 corde
1586 2669 1687 2710 suo
1713 2670 1879 2725 prave
1902 2656 2230 2726 sensissent,
2251 2674 2376 2715 cum
2402 2665 2741 2731 caeteroquin
2776 2663 2950 2732 ipsius
2968 2662 3187 2719 concilii
3206 2674 3353 2721 recte
3370 2675 3519 2737 gesta
3543 2676 3707 2736 atque

436 2740 588 2796 dicta
616 2741 880 2811 suﬂ'ragio
903 2741 1141 2812 quisque
1158 2759 1260 2798 suo
1278 2744 1600 2814 probarint;
1619 2761 1784 2816 quam
1819 2746 1890 2802 ob
1918 2746 1973 2801 id
1998 2749 2484 2818 reprehensionem
2507 2765 2816 2811 mereretur
2844 2770 3000 2812 sacra
3027 2756 3311 2828 synodus?
3331 2758 3598 2828 scriptum
3622 2766 3708 2815 est

435 2833 608 2896 enim,
639 2832 812 2888 solius
839 2834 934 2888 Dei
956 2848 1079 2889 esse
1101 2834 1267 2890 corda
1293 2837 1528 2891 scrutari
1562 2845 1729 2907 atque
1758 2854 1959 2896 nervos
1983 2851 2030 2895 ο.

513 2941 531 2974 ι
555 2927 627 2978 At
668 2925 714 2979 si
764 2935 976 2995 partem
1028 2926 1293 2995 aliquam,
1329 2926 1540 2997 inquis,
1575 2930 2021 2998 reprehensione

440 3012 662 3084 dignam
718 3014 946 3080 habuit;
995 3023 1174 3070 totum
1219 3017 1367 3087 quod
1411 3019 1687 3089 reliquum
1717 3029 1825 3087 est,
1862 3024 1933 3078 ob
1967 3022 2024 3078 id

439 3105 803 3176 rejiciendum
835 3105 1079 3161 videtur.
1125 3126 1144 3159 ι

510 3210 831 3281 Rejicicnda
897 3212 1065 3283 igitur
1112 3212 1221 3268 erit
1269 3223 1325 3269 et
1376 3228 1506 3271 area
1569 3225 1680 3274 tota
1728 3219 1906 3275 solum
1953 3222 2026 3276 ob

2206 2953 2226 2985 ι
2276 2933 2417 2987 Ἀλλ’
2462 2935 2511 2988 εἱ
2545 2934 2682 2999 ὅλως
2728 2935 2895 3008 μέρος
2932 2936 3057 3006 ἔσχε
3087 2935 3305 3005 ψεκτδν,
3335 2936 3394 2990 τὸ
3427 2935 3568 3025 ὅλον,
3600 2952 3707 3007 φη-

2132 3025 2206 3089 σὶ,
2238 3025 2423 3079 λοιπὸν
2456 3026 2716 3097 ἀδόκιμον
2747 3028 3013 3099 κρίνεται.
3060 3034 3079 3081 δ

2201 3201 2312 3256 Καὶ
2340 3203 2523 3256 πᾶσαν
2562 3201 2664 3273 τὴν
2696 3201 2811 3255 ἅλω
2845 3200 2956 3273 ἄρα
3000 3202 3090 3256 διὰ
3119 3204 3178 3255 τὸ
3221 3202 3278 3254 ἓν
3323 3200 3583 3265 ζιζάνιον,
3615 3201 3712 3254 καὶ

441 3299 658 3364 lolium,
692 3310 749 3356 et
796 3302 1181 3358 universorum
1222 3306 1598 3374 apostolorum
1627 3308 1830 3365 chorus
1858 3327 2029 3366 unum

2137 3292 2224 3347 τὸν
2268 3292 2395 3357 ,ὅλον
2426 3292 2587 3363 χορὸν
2631 3292 2739 3346 τῶν
2786 3293 3100 3346 ἀποστόλων
3139 3291 3458 3362 διαϐλητέον
3495 3292 3584 3345 διὰ
3613 3290 3712 3362 τὴν

441 3389 513 3443 eb
541 3388 736 3444 ludam
774 3391 1157 3460 cxplodendus
1181 3433 1196 3447 .
1224 3394 1499 3451 Praeterea
1525 3398 1571 3452 si
1606 3406 1778 3453 totum
1812 3415 1844 3455 a
1870 3409 2027 3470 parte

443 3479 738 3550 dijudicari
783 3482 969 3544 debet.
1012 3499 1139 3539 cum
1191 3487 1351 3541 multi
1404 3503 1436 3543 e
1482 3489 1705 3545 concilii
1753 3491 2020 3562 Ephesini

443 3572 698 3628 Patribus
720 3573 932 3645 synodo
954 3573 1390 3633 Chalcedonensi
1414 3579 1797 3650 interfuerint;
1833 3584 2034 3643 rationi

443 3669 875 3715 consentaneum
921 3661 1030 3717 erit
1057 3676 1124 3717 ex
1169 3663 1325 3719 hisce
1369 3665 1556 3734 potius
1594 3666 1760 3738 hujus
1811 3661 2036 3725 cnncilii

446 3757 643 3802 contra
667 3749 983 3804 Nestorium
1004 3751 1247 3806 animum
1272 3762 1439 3823 atque
1466 3763 1707 3811 mentem
1732 3758 2035 3828 conjicere,

448 3854 613 3909 quam
642 3856 710 3895 ex
742 3841 851 3896 illis
882 3842 1074 3912 paucis
1105 3843 1313 3900 inferre
1353 3847 1719 3904 contrarium.
1767 3847 1851 3903 An
1878 3849 2036 3919 igno-

446 3934 585 3988 ratis
614 3942 725 3989 ete
761 3934 985 3988 concilii
1038 3933 1150 4005 (l5)
1202 3935 1407 3991 Nicmni
1461 3936 1567 3990 3|8
1612 3937 1871 3994 Patribus
1926 3940 2037 4010 (14)

450 4023 843 4092 septemdecim
890 4024 1113 4080 circiter
1145 4025 1474 4103 dejectionis
1523 4034 1676 4081 metu
1754 4028 2040 4097 perculsos

449 4116 785 4186 approbasse
817 4116 944 4172 fidei
980 4117 1225 4188 regulam
1249 4125 1440 4172 contra
1467 4118 1679 4183 Arium,
1713 4120 1878 4189 eique
1905 4119 2040 4175 sub-

450 4205 776 4275 scripsisse?
797 4206 892 4277 qui
926 4217 1117 4277 postea
1153 4217 1209 4262 et
1241 4206 1429 4261 divum
1452 4206 1812 4262 Athanasium
1838 4210 2041 4265 acriter

362 4357 367 4361 γ
455 4295 712 4351 insectati
748 4296 1014 4350 sunt?ob
1037 4297 1092 4351 id
1119 4305 1302 4350 tamen
1347 4296 1497 4351 haud
1564 4296 1879 4367 exploditur
1927 4306 2043 4354 tota

386 6052 535 6181 Ἣ.

453 4387 714 4457 synodus.
743 4386 898 4452 Quod
929 4387 973 4442 si
1006 4402 1115 4441 non
1154 4402 1186 4441 a
1216 4386 1505 4442 manifesta
1533 4396 1690 4457 parte
1726 4388 1796 4442 de
1823 4388 2043 4450 concilii

459 4478 630 4533 totius
659 4478 903 4533 bonitate
945 4476 1358 4548 dijudicandum
1378 4480 1625 4546 putatis;
1650 4477 1745 4533 sed
1774 4478 1845 4532 ob
1874 4478 2044 4534 dubia

457 4568 645 4636 potius
699 4575 874 4622 totum
921 4566 1329 4638 explodendum
1389 4565 1765 4633 contenditis;
1806 4582 1931 4623 cum
1971 4569 2044 4625 ob

2140 3385 2220 3445 εἰς
2239 3382 2428 3436 τούσδε
2467 3382 2560 3436 τοῦ
2595 3381 2767 3437 Ἰούδα
2813 3382 3338 3453 συγκαταρίθμησιν.
3373 3383 3493 3435 Ἔτι
3525 3382 3629 3452 μὴν
3662 3383 3714 3434 εί

2141 3475 2205 3527 ἐκ
2254 3474 2348 3527 τοῦ
2386 3474 2592 3543 μέρους
2637 3474 2696 3527 τὸ
2725 3473 2844 3527 ὅλον
2888 3475 3095 3546 κρίνειν
3126 3475 3227 3538 δεῖ,
3261 3475 3383 3527 ἐπεὶ
3412 3473 3596 3527 πολλοὶ
3621 3471 3716 3526 καὶ

2140 3565 2248 3618 τῶν
2271 3567 2337 3618 ὲκ
2360 3564 2459 3635 τῆς
2485 3566 2543 3617 ὲν
2586 3564 2799 3635 Ἐφέσῳ
2822 3562 3042 3628 συνόδου
3070 3559 3208 3634 ἦσαν
3234 3565 3292 3615 ὲν
3319 3563 3445 3634 τῇδε
3477 3565 3541 3634 τῇ
3564 3562 3717 3616 Χαλη

2141 3655 2364 3724 κηδόνος
2393 3653 2615 3722 συνόδῳ,
2641 3653 2798 3722 δῆλον
2828 3652 2903 3716 ὡς
2931 3654 2996 3705 ὲκ
3020 3652 3183 3705 τῶνδε
3229 3652 3427 3722 μᾶλλον
3453 3652 3546 3706 τὸν
3574 3652 3718 3706 κατὰ

2142 3736 2437 3816 Νεστορίου
2488 3745 2691 3799 σκοπὸν
2731 3739 2871 3799 εἶναι
2916 3746 3012 3797 καὶ
3055 3742 3220 3813 τῆσδε
3255 3745 3580 3814 στοχάσεσθε
3629 3743 3719 3797 εὑ·

2145 3840 2323 3906 λογον.
2357 3840 2428 3893 Ἦ
2461 3840 2708 3907 ἀγνοεῖτε
2753 3838 2837 3891 ὅτι
2866 3837 3094 3891 καὶτῶν
3134 3840 3191 3892 ἐν
3227 3838 3434 3907 Νικαίᾳ
3460 3836 3566 3906 τιη⁹
3599 3836 3716 3889 Ila.-

2143 3930 2319 3999 τέρων
2359 3930 2488 3992 τοὺς
2529 3929 2665 3982 δέκα
2710 3928 2807 3981 καὶ
2846 3926 2989 3980 ἑπτὰ
3033 3927 3183 3999 φόϐῳ
3214 3928 3313 3997 τῆς
3343 3926 3718 3994 καθαιρέσεως

2149 4018 2474 4088 ὑπέγραψαν
2505 4017 2653 4072 κατὰ
2688 4018 2901 4089 Ἀρείου
2925 4035 2939 4081 ;
2966 4018 3016 4070 οἳ
3046 4020 3139 4071 καὶ
3156 4017 3501 4087 ἐπολέμησαν
3528 4016 3717 4079 δεινῶς

2152 4110 2291 4181 μετά
2318 4109 2491 4163 ταῦτα
2538 4109 2632 4163 τὸν
2687 4109 2860 4180 μέγαν
2903 4107 3260 4173 Ἀθανάσιονς
3312 4109 3407 4162 καὶ⁴
3463 4107 3524 4161 οὑ
3565 4107 3718 4177 παρὰ

2148 4201 2308 4255 τοῦτο
2333 4203 2366 4270 ἡ
2399 4199 2616 4263 σύνοδος
2649 4198 2743 4269 ὅλη
2780 4197 3150 4253 διαϐάλλεται.
3183 4199 3246 4250 Εἰ
3275 4197 3333 4250 δὲ
3375 4197 3439 4251 ὲκ
3465 4197 3558 4250 τοῦ
3588 4194 3715 4268 [μὴ]

2151 4292 2360 4361 σαφοῦς
2393 4292 2590 4362 μέρους
2622 4291 2723 4343 οὑκ
2761 4290 3034 4343 εὑδοκεῖτε
3066 4289 3306 4342 συνιέναι
3330 4289 3429 4358 τὴν
3461 4287 3552 4341 τοῦ
3594 4288 3717 4340 ὅλου

2150 4378 2482 4451 ἀγαθότητα,
2530 4381 2593 4432 ὲκ
2638 4378 2697 4432 δὲ
2724 4376 2817 4431 τοῦ
2848 4376 3148 4447 ἀμφιϐόλου
3179 4375 3492 4430 διαϐάλλειν
3526 4373 3722 4444 πειρά-

2151 4470 2294 4536 ζετε·
2324 4466 2433 4542 ἆρά
2461 4485 2527 4538 γε
2555 4470 2621 4523 ὲκ
2648 4469 2845 4540 μέρους
2866 4467 3248 4540 διαϐληθείσης
3270 4468 3399 4537 ὑμῖν
3429 4466 3593 4535 τῆσδε
3622 4465 3724 4535 τῆς

2153 4561 2314 4630 άγίας
2342 4560 2560 4613 συνόδου
2589 4558 2691 4629 τῆς
2731 4558 2983 4628 ὁλότητος
3030 4558 3233 4626 πάσης,
3267 4554 3726 4624 συνδιαϐεϐλημέ-

459 4632 625 4714 unam
651 4669 862 4730 partem
897 4677 928 4716 a
955 4632 1114 4716 vobis
1150 4659 1480 4739 explodatur
1527 4666 1701 4715 totum
1735 4632 2029 4717 Chalcedo.

2149 4669 2258 4708 νων
2291 4651 2371 4722 τῷ
2402 4651 2508 4720 ὅλῳ
2535 4651 2631 4703 καὶ
2662 4650 2769 4703 τῶν
2804 4650 2870 4702 ὲκ
2922 4649 3023 4718 τῆς
3052 4649 3109 4701 ὲν
3143 4648 3354 4719 Ἐφέσῳ
3385 4645 3724 4717 εὑρεθέντων

458 4764 631 4804 cense
681 4750 1008 4813 concilium,
1046 4758 1104 4805 et
1134 4766 1244 4805 una
1279 4765 1403 4805 cum
1435 4759 1553 4807 toto
1589 4765 1654 4806 ca
1684 4765 1904 4822 quoque
1935 4751 2040 4806 Pa-

460 4849 608 4894 trum
645 4856 774 4910 pars
805 4840 1167 4911 improbanda
1198 4841 1454 4898 videatur
1477 4841 1573 4914 qui
1597 4842 1838 4898 concilio
1860 4841 2045 4912 Ephe-

459 4930 583 4985 sino
635 4929 1026 4997 interfuerunt,
1064 4931 1295 5002 ejusque
1344 4940 1556 5003 partem
1598 4932 2042 5003 componebant;

462 5019 711 5090 nunquid
751 5034 820 5074 ex
863 5019 969 5075 hac
1000 5028 1156 5090 parte
1187 5035 1310 5090 quae
1356 5035 1525 5091 prava
1556 5021 1901 5091 deprehensa
1937 5027 2042 5085 est,

464 5120 641 5167 totum
678 5111 974 5167 concilium
1013 5112 1195 5183 ipsum
1232 5112 1594 5182 Ephesinum,
1637 5122 1896 5183 tanquam
1932 5112 2043 5167 Nc—

461 5203 635 5258 storio
652 5204 1082 5274 patrocinatum,
1102 5204 1417 5261 necessario
1432 5202 1792 5277 rejiciendum
1814 5202 2040 5273 putabi-

538 5330 561 5358 ο
590 5319 735 5375 Psal.
755 5334 855 5384 vn,
908 5317 997 5373 10.

540 5434 653 5507 (15)
688 5434 1063 5507 Convocatnm
1096 5431 1200 5489 fuit
1247 5431 1545 5507 concilium
1580 5431 1698 5507 hoc
1724 5428 1920 5486 Nicaea:
1951 5428 2045 5483 Bi-

470 5500 676 5585 thvnia’.
704 5514 913 5585 contra
935 5502 1150 5585 Arium,
1188 5504 1281 5573 qui
1319 5502 1414 5557 Dei
1468 5500 1711 5583 Verbum
1733 5508 2049 5585 creaturam

473 5572 640 5659 im’pie
686 5574 943 5656 docebat.
986 5572 1146 5629 Circa
1192 5572 1484 5656 numerum
1533 5572 1920 5650 episcoporum
1955 5572 2051 5637 qui

473 5648 604 5720 huic
621 5643 859 5720 concilio
884 5642 1276 5720 interfnergnt,
1300 5643 1618 5720 discrepant
1640 5648 1784 5720 inter
1800 5654 1858 5720 se
1874 5638 2046 5720 Altha-

470 5715 664 5771 nasius
688 5714 960 5786 Epistad
984 5712 1127 5768 salit.
1155 5712 1429 5770 Eusebius
1453 5706 1543 5765 lib.
1568 5726 1626 5764 ιιι
1654 5708 1732 5764 De
1766 5709 1873 5764 vita
1910 5706 2049 5761 Con-

478 5784 804 5859 stantiniiet
837 5784 951 5859 alii.
1024 5854 1037 5859 Α
1192 5853 1204 5859 _
1398 5853 1416 5859 _
1742 5849 1753 5859 _
1788 5848 1814 5859 η
1840 5847 1854 5859 ,
1897 5848 1908 5859 ,

549 5855 662 5929 (ιι)
692 5854 1097 5926 Septemdecim
1124 5853 1361 5925 primum
1394 5853 1636 5921 fuerunt,
1664 5849 1757 5922 qui
1786 5847 1910 5903 ﬁdei
1929 5846 2045 5904 for-

2149 4745 2208 4798 ὲν
2243 4742 2403 4813 αὑτῇ,
2433 4740 2482 4794 οἳ
2531 4735 2670 4811 ἦσαν
2705 4739 2877 4810 μέρος
2926 4737 3162 4808 ἐκείνης,
3211 4737 3473 4807 κάκείνην
3503 4736 3722 4805 ἀνάγκη

2147 4837 2248 4909 τὴν
2276 4836 2510 4906 ὀλότητα
2551 4836 2615 4887 ὲκ
2662 4831 2757 4886 τοῦ
2804 4829 3101 4901 ληφθέντος
3130 4829 3302 4898 αὑτῆς
3346 4828 3545 4899 μέρους
3578 4844 3728 4897 μεμ-

2151 4925 2316 4991 πτοῦ,
2370 4925 2446 4989 ὡς
2500 4923 2825 4994 σπούδασμα
2871 4921 3171 4992 Νεστορίω
3209 4916 3720 4975 συνδιαϐάλλεσθαι,

2148 5019 2243 5072 καὶ
2289 5020 2355 5072 ὲκ
2387 5017 2481 5071 τοῦ
2515 5015 2921 5087 ὑπολείμματος
2971 5014 3083 5069 τῶν
3130 5014 3264 5068 δέκα
3314 5015 3407 5066 καὶ
3454 5011 3616 5073 ἑπτὰ,
3646 5009 3726 5073 ὡς

2146 5109 2469 5181 σπούδασμα
2512 5108 2720 5179 Ἀρείου
2757 5107 2857 5179 τὴν
2889 5107 2948 5160 ὲν
2981 5106 3186 5178 Νικαίᾳ
3219 5107 3530 5159 ἀθετεῖσθαι
3559 5102 3723 5168 δέον;

2147 5201 2264 5256 Ἵνα
2291 5200 2348 5254 δὲ
2375 5200 2450 5272 μὴ
2491 5199 2722 5271 ἀγνοῆτε
2752 5198 2855 5269 τῆς
2884 5196 3124 5268 ἀθέσμου
3152 5196 3420 5268 λοιδορίας
3443 5193 3597 5266 ὑμῶν
3625 5192 3728 5262 τὴν

2141 5428 2304 5500 mula}
2329 5424 2680 5500 subscribere
2703 5432 3052 5500 recusarunt,
3078 5435 3219 5490 quos
3231 5428 3434 5500 postea
3465 5418 3533 5500 ad
3557 5420 3725 5500 quin-

2142 5515 2249 5568 que
2272 5496 2443 5568 fuisse
2473 5495 2743 5556 redactos,
2771 5503 2828 5548 et
2851 5508 2918 5568 ex
2941 5492 3029 5568 his
3055 5499 3168 5568 t_res
3214 5490 3542 5568 dejectionis
3572 5497 3723 5568 metu

2141 5558 2540 5636 subscripsisse
2584 5562 2996 5636 lesiatur___Ath.
3044 5560 3203 5636 Πίον.
3260 5558 3387 5636 pug.
3443 5558 3727 5636 2511mm

2144 5629 2431 5708 duntaxat,
2463 5634 2722 5708 Theonns
2755 5632 2967 5688 scilicet
3010 5638 3068 5685 et
3100 5629 3391 5708 Secundus
3421 5629 3725 5708 pertinaci-

2143 5717 2229 5763 ter
2256 5705 2389 5761 Ario
2411 5699 2781 5766 adhaeserunt,
2807 5715 2948 5768 quos
2978 5715 3088 5755 una
3115 5714 3241 5754 cum
3270 5699 3391 5768 ipso
3426 5699 3722 5755 concilium

2147 5775 2441 5833 damnavit.
2476 5774 2645 5830 Epist.
2679 5768 2866 5844 synod.
2899 5786 2986 5840 ap.
3020 5769 3173 5825 Socr.
3208 5785 3246 5838 ι,
3269 5784 3319 5823 c.
3346 5768 3400 5824 θ.

2346 5943 2463 5959 ..κον
2512 5939 2545 5953 ιλ
2579 5943 2611 5963 -σ
