4098 6256
285 369 427 439 1889
1472 379 1774 441 CONTRA
1806 378 2328 444 MONOPHYSITA
2336 385 2398 446 S.
3416 382 3554 448 1890

289 486 558 548 c‘iéwag;
592 484 709 537 Καὶ
734 483 844 556 γὰρ
872 484 1042 548 ὖντως
1056 483 1361 555 θαυμαστὸν
1386 485 1537 550 ὅπως
1565 487 1616 539 οἰ
1643 485 1734 539 τοῦ
1747 485 1881 540 Θεοῦ

1992 486 2123 541 Num
2159 489 2328 543 alium
2365 489 2679 559 quempiam
2738 501 2931 543 ausum
2959 501 3197 558 unquam
3233 487 3406 545 fuisse
3453 508 3554 547 no-

295 573 480 628 δοῦλοι
508 572 607 624 τὸν
639 571 739 641 τῆς
782 571 980 635 τάξεως
1028 571 1185 639 λόγον
1227 571 1503 641 ἐφύλαξαν
1532 573 1652 627 ἀεί’
1687 573 1749 625 ού
1774 574 1881 643 γάρ

1992 577 2083 631 stis
2111 579 2453 647 proscribere
2478 579 2774 650 synodum,
2799 589 2853 633 ct
2875 592 2985 632 non
3015 577 3415 634 breresiarcbas
3439 597 3558 635 om-

296 668 449 719 ὲστιν
464 664 872 727 ἀκαταστασίας
893 664 923 715 ό
943 663 1094 728 Θεός.
1115 665 1353 719 Συνόδων
1370 664 1464 718 οὖν
1482 665 1756 735 διαφόρων
1775 663 1882 717 δει-

1992 681 2080 721 nes
2104 667 2170 722 ab
2220 668 2429 739 synodo
2477 667 2753 738 proscribi
2800 678 2964 737 atque
2992 665 3311 738 proﬂigari?
3340 668 3461 734 Qua
3498 669 3556 723 in

303 754 798 826 σιδαιμονησασῶν,
827 755 1202 826 κατήργηνται
1249 755 1348 825 μὲν
1399 754 1636 816 συνόδοις
1685 770 1884 825 κυριω-

1992 772 2043 811 re
2065 757 2299 812 mirandi
2322 756 2569 828 profecto
2594 767 2726 812 sunt
2746 757 2891 812 servi
2913 754 3032 820 Dei,
3054 756 3150 826 qui
3172 764 3388 810 rectum
3409 771 3555 811 sem-

302 848 496 916 τέραις
523 847 592 899 τὰ
622 846 714 898 ὑπ’
743 844 925 898 αὐτῶν
946 859 963 874 ⁸
996 846 1058 897 ού
1093 846 1200 915 μήν
1227 862 1311 908 τις
1339 844 1450 899 τῶν
1487 844 1763 914 θεοφόρων
1790 845 1885 914 μό-

308 956 401 993 νον
450 938 629 1001 ἰδικῶς
660 938 1035 1007 κατακρίνειν,
1069 937 1186 990 ἀλλ’
1216 938 1338 991 οὐδὲ
1370 936 1587 1005 σύνοδος
1609 934 1881 1005 ἀναθεμα-

310 1029 454 1083 τίσαι
506 1027 717 1081 σύνοδον
766 1027 1057 1097 ἐτόλμησε.
1092 1027 1250 1097 Πόσῳ
1278 1043 1343 1094 γε
1368 1027 1571 1096 μᾶλλον
1607 1025 1883 1094 ἀναθεμα-

308 1116 475 1184 τίζειν
504 1118 680 1173 κοινόν
705 1136 761 1171 τι
807 1118 1104 1187 θεολόιτρου
1132 1118 1498 1189 πανηγύρεως
1559 1121 1587 1172 ὁ
1628 1113 1708 1180 εἷς
1740 1115 1887 1169 ὲνθέ-

310 1225 460 1279 σμως
493 1208 911 1279 ἀπετόλμησεν;
960 1208 1100 1261 Ἀλλ’
1125 1209 1184 1261 ὲν
1218 1208 1429 1272 τούτοις
1468 1210 1657 1272 πᾶσιν,
1687 1208 1787 1261 οὐκ
1804 1210 1895 1260 ὲκ-

304 1298 611 1363 πτύσαντες
663 1300 814 1370 ὅμως
871 1299 983 1352 ἀπὸ
1041 1299 1141 1369 τῆς
1183 1298 1363 1369 ψυχῆς
1388 1299 1481 1353 τὸν
1506 1299 1896 1370 ὲγκρυφθέντα

302 1389 490 1451 αὐτοῖς
523 1387 757 1459 γλοιὼδη
786 1388 890 1458 τῆς
944 1387 1145 1457 ἀλόγου
1200 1389 1525 1460 προλήψεως
1586 1390 1709 1444 καθ’
1736 1389 1896 1461 ήμῶν

303 1481 501 1550 ῥύπον,
537 1480 589 1532 τί
627 1497 763 1549 φασι
793 1480 989 1545 πάλιν;

1981 863 2081 917 per
2108 848 2361 904 ordinem
2386 855 2675 904 servarunt
2718 864 2732 900 :
2789 845 3129 902 confusionis
3172 845 3321 901 enim
3357 855 3556 901 auctor

1986 939 2130 995 Deus
2180 954 2302 995 esse
2366 939 2577 1009 nequit.
2613 938 2759 993 Sane
2813 937 2962 1007 quod
3008 936 3272 992 nonnulla
3319 936 3557 991 concilia

1986 1030 2170 1085 minus
2199 1037 2350 1085 recte
2398 1030 2791 1094 decreverunt,
2838 1029 3176 1099 abrogarunt
3204 1028 3258 1083 id
3286 1027 3395 1082 alia
3416 1043 3554 1082 con-

1985 1121 2112 1176 cilia
2143 1120 2553 1190 praestantiora;
2594 1135 2877 1190 nunquam
2911 1128 3091 1175 tamen
3121 1120 3370 1190 privatus
3414 1133 3563 1173 unus

1985 1225 2178 1265 omnes
2222 1209 2390 1264 simul
2438 1219 2656 1266 sanctos
2699 1211 2891 1265 Patres
2931 1210 3193 1265 damnare
3239 1223 3413 1264 ausus
3454 1218 3560 1272 est,

1990 1300 2101 1355 imo
2125 1314 2306 1369 neque
2338 1300 2634 1354 concilium
2671 1300 2821 1355 aliud
2847 1300 3194 1370 proscribere
3240 1300 3557 1355 consuevit.

1989 1390 2205 1457 Quanto
2254 1390 2431 1461 magis
2475 1405 2608 1460 ergo
2647 1390 3012 1460 vituperanda
3041 1391 3159 1460 ejus
3186 1390 3435 1455 audacia,
3469 1390 3564 1459 qui

1992 1494 2137 1535 unus
2163 1480 2481 1535 universum
2529 1480 2790 1535 Ecclesiae
2814 1480 2910 1534 Dei
2949 1490 3198 1535 sanctum
3227 1488 3431 1535 coetum
3478 1494 3567 1534 so-

302 1575 475 1631 lemni
497 1574 609 1629 ritu
632 1576 985 1650 proscribere
1014 1591 1125 1631 non
1155 1576 1461 1632 dubitavit?
1509 1577 1589 1633 Ad
1630 1576 1749 1632 haec
1812 1575 1951 1629 nihil
1993 1583 2323 1640 moventur,
2374 1574 2470 1629 sed
2517 1574 2701 1630 adhuc
2749 1582 2972 1629 servant
3020 1575 3079 1630 in
3120 1581 3343 1645 pectore
3403 1587 3566 1630 suum

299 1676 501 1723 contra
534 1682 640 1722 nos
666 1683 793 1724 acre
822 1668 996 1723 virus.
1036 1669 1245 1739 Ecquid
1279 1670 1548 1742 objiciunt
1576 1678 1842 1740 praeterea
1867 1667 1890 1721 ?

378 1779 397 1812 ι
435 1760 531 1823 Ὠς
572 1760 632 1812 αἰ
662 1760 879 1824 πλείους
932 1759 1039 1814 τῶν
1085 1762 1429 1832 χειροτονιῶν
1455 1764 1582 1832 ὑμῖν
1632 1761 1720 1815 διὰ
1750 1777 1882 1831 χρυ·

2063 1777 2081 1809 ι
2110 1757 2553 1813 Multavidelicct
2576 1755 2841 1826 suﬁ‘ragia
2865 1770 3001 1811 auro
3022 1754 3193 1811 fuisse
3210 1755 3462 1826 quaesita,
3483 1765 3565 1809 at-

302 1850 423 1904 σίου
445 1851 674 1915 δόσεως,
707 1853 803 1905 καὶ
835 1850 1050 1922 meas;
1078 1854 1237 1914 εἰσιν,
1264 1853 1360 1906 καὶ
1385 1853 1566 1923 ἔχουσι
1589 1852 1649 1906 τὸ
1676 1852 1884 1922 ἐπάρα-

301 1958 401 1996 τον
426 1941 573 1994 κατὰ
598 1942 698 2009 τὴν
726 1940 819 1992 τοῦ
842 1942 1035 2009 Μάγου
1060 1941 1301 2011 Σίμωνος
1329 1942 1601 2013 πρόθεσιν.
1640 1943 1761 2006 Πῶς
1790 1940 1884 1995 οὖν

306 2033 443 2101 ὑμῖν
477 2030 975 2101 συγκοινωνητέον;
999 2033 1047 2084 εἰ
1081 2031 1154 2103 μὴ
1178 2033 1284 2104 ἄρα
1316 2034 1557 2103 κατάρας
1586 2029 1723 2087 εἶναι
1747 2032 1883 2102 κλη-

312 2125 587 2195 ρονόμους
614 2124 1036 2195 περιφρονητὲον
1074 2127 1226 2195 ἡμῖν,
1256 2145 1273 2177 ι
1306 2126 1459 2194 φασί.

390 2298 540 2375 *Δρα
593 2302 724 2371 γοῦν
774 2303 898 2355 ἐπεί
941 2319 1084 2366 τινες
1135 2304 1244 2355 τῶν
1282 2304 1478 2374 ἰατρῶν
1537 2304 1890 2374 ἐφωράθησαν

321 2394 522 2464 μοιχοὶ,
555 2394 650 2446 καὶ
678 2392 926 2456 κλέπται,
955 2391 1044 2444 διὰ
1089 2392 1203 2445 τόδε
1230 2393 1328 2461 τὴν
1369 2392 1610 2463 ἰατρείαν
1654 2394 1891 2463 λοιδορη-

315 2482 440 2535 τέον
469 2482 566 2534 ἐπὶ
590 2481 824 2545 τούτοις,
859 2482 955 2534 καὶ
984 2482 1279 2551 φευκτέον;
1317 2482 1458 2553 πλὴν
1486 2483 1613 2537 τάδε
1646 2485 1778 2553 ἡμῖν
1821 2484 1892 2550 εἰ,

315 2574 393 2638 ὡς
417 2573 467 2628 οἱ
498 2572 783 2642 λεγόμενοι
827 2573 1002 2641 ἁγνοὶ,
1035 2573 1112 2644 τῷ
1163 2575 1373 2628 ἑαυτῶν
1410 2574 1764 2647 ἀνεπιλήπτῳ
1794 2576 1894 2646 βίῳ

316 2664 637 2728 πεποιθότες
672 2665 1004 2735 προάγουσιν
1028 2663 1104 2728 ῶς
1148 2665 1515 2729 Ναυατιανοῖς
1560 2667 1890 2736 ἀποκρινού-

317 2757 462 2826 μεθα
494 2756 700 2822 λοιπὸν,
737 2757 830 2810 καὶ
867 2757 966 2827 οὐχ
999 2756 1076 2819 ὡς
1115 2757 1529 2825 Μιξοφυσίταις.
1562 2758 1629 2810 Εἰ
1653 2757 1712 2811 δὲ
1740 2758 1882 2829 ούχὶ,

316 2849 432 2903 ἀλλ’
461 2850 649 2912 ἁπλῶς
679 2850 755 2914 ὡς
785 2849 1133 2922 φιλοχρύσοις
1180 2850 1402 2921 μᾶλλον,
1433 2849 1466 2922 ἢ
1496 2850 1884 2923 φιλοχρίστοις,

318 2940 747 3012 διαμέμιρονται,
779 2942 875 2995 καὶ
901 2941 981 3010 τῷ
1007 2942 1106 3012 μὲν
1131 2932 1363 3010 δόγματι
1388 2944 1700 3013 συμφωνεῖν
1734 2942 1884 3013 ὑμῖν,

318 3030 499 3101 τούτῳ
530 3030 587 3084 δὲ
640 3032 787 3101 μόνῳ
838 3032 1293 3106 σκανδαλίςεσθαι
1345 3034 1731 3101 συγκοινωνείν
1767 3032 1885 3103 μεθ’

1984 1863 2091 1918 que
2138 1856 2427 1919 propterea
2473 1848 2609 1904 diris
2642 1848 2710 1903 iis
2742 1847 3215 1904 exsecrationibus
3269 1846 3562 1918 obstringi,

1985 1940 2186 2009 quibus
2211 1940 2490 1996 Simonem
2520 1940 2733 2011 Magum
2754 1941 2949 1996 Petrus
2968 1940 3098 1994 olim
3117 1939 3283 1994 simili
3304 1938 3373 1994 de
3396 1953 3563 1994 causa

1984 2028 2226 2085 devovit.
2254 2030 2540 2097 Quomodo
2564 2046 2693 2102 ergo
2716 2030 3022 2096 vobiscum,
3046 2031 3222 2094 aiunt,
3236 2030 3563 2086 societatem

1985 2123 2134 2177 coire
2160 2122 2335 2177 licet?
2365 2121 2473 2176 nisi
2505 2121 2648 2177 forte
2670 2137 2773 2176 nos
2802 2122 3050 2194 ejusdem
3078 2121 3364 2177 vobiscum
3388 2121 3562 2176 male-

1989 2214 2249 2269 dictionis
2298 2214 2550 2269 haeredes
2602 2229 2666 2269 ac
2720 2214 3035 2284 participes,
3069 2214 3191 2269 ﬁeri
3240 2213 3496 2268 velimus.
3529 2230 3548 2263 ι

2062 2305 2573 2370 Verumenimvero,
2610 2305 2657 2360 si
2683 2305 2828 2361 forte
2851 2306 3054 2361 medici
3082 2305 3335 2360 nonnulli
3367 2304 3567 2374 deprc-

1992 2394 2308 2450 hendantur
2337 2397 2393 2451 in
2420 2396 2699 2453 adulterio
2726 2408 2781 2453 et
2804 2397 2974 2463 furto,
3007 2398 3257 2469 nunquid
3278 2406 3567 2469 propterea

1994 2485 2267 2539 medicina
2296 2488 2415 2556 ipsa
2434 2490 2795 2558 vituperanda
2818 2498 2903 2545 est
2928 2501 3092 2561 atque
3122 2490 3418 2559 fugienda?
3435 2490 3568 2545 Pro-

1991 2570 2138 2627 fecto
2170 2572 2215 2626 si
2269 2573 2362 2643 qui
2414 2575 2573 2629 nobis
2599 2576 2718 2630 haec
2772 2578 3060 2648 objiciunt,
3092 2579 3301 2635 faciunt
3322 2579 3375 2633 id
3406 2580 3569 2635 inno-

1991 2665 2170 2719 centia
2203 2679 2299 2720 sua
2335 2665 2494 2729 freti,
2542 2668 2833 2737 inculpata:
2890 2670 3016 2724 vitae
3047 2653 3356 2735 conﬁsi,'ut
3410 2672 3448 2726 ii
3474 2672 3572 2741 qui

1990 2754 2127 2808 Puri
2146 2755 2257 2824 (56)
2286 2764 2593 2821 vocantur;
2616 2771 2722 2811 nos
2751 2756 2833 2811 eis
2863 2757 2919 2811 in
2946 2765 3229 2827 posterum
3273 2758 3574 2827 responde-

1988 2844 2172 2900 bimus
2197 2855 2455 2917 tanquam
2478 2847 2590 2919 (57)
2611 2838 2952 2914 Novatianis,
2970 2864 3084 2905 non
3118 2858 3373 2920 tanquam
3402 2849 3573 2909 Mixo—

1988 2942 2219 3013 pbysitis
2246 2942 2376 3012 (58).
2419 2941 2516 2997 Sin
2562 2943 2747 2997 minus
2802 2959 2904 2998 nos
2933 2952 3190 3013 tanquam
3236 2942 3357 2997 auri
3386 2941 3574 3012 potius

1990 3049 2156 3103 quam
2176 3032 2380 3089 Christi
2403 3042 2677 3090 amatores
2702 3035 3149 3105 reprehendunt;
3179 3042 3238 3090 et
3258 3050 3318 3091 se
3339 3035 3570 3108 dogma-

318 3092 481 3194 ήμῶν
511 3092 676 3188 φασι-ο
701 3092 798 3176 καὶ
825 3100 1000 3186 οὕτως
1030 3092 1141 3193 ἄρα
1176 3092 1513 3192 φιλοφρόνως
1558 3092 1889 3186 αὑτοὺς-ἔδει

2000 3092 2052 3180 ta
2081 3124 2303 3195 quidem
2330 3125 2522 3181 eadem
2548 3141 2613 3181 ac
2642 3141 2747 3181 nos
2764 3092 2953 3182 ienere
2993 3127 3207 3193 dicunt,
3238 3142 3341 3184 nos
3387 3092 3569 3187 autem

321 3212 837 3284 ἐξομολογουμένοις
889 3214 1021 3284 ἡμῖν
1062 3212 1161 3276 τὰς
1199 3213 1472 3283 ἁμαρτίας
1518 3211 1674 3283 ἡμῶν
1722 3215 1891 3284 ὑπερ-

322 3304 584 3375 εύχεσθαι
606 3320 622 3336 ·
656 3303 913 3374 εὔχεσθαι
940 3305 1047 3373 γὰρ
1090 3302 1233 3374 ὑπὲρ
1266 3302 1511 3371 ἀλλήλων
1549 3304 1699 3372 ἡμᾶς
1745 3303 1894 3367 ὅπως

325 3394 569 3465 ἰαθῶμεν
602 3393 990 3463 ὲντετάλμεθα,
1022 3392 1115 3446 καὶ
1154 3392 1217 3445 ού
1266 3390 1642 3464 φαρισσαῖκῶς
1673 3389 1889 3460 βδελύτ-

322 3484 515 3539 τεσθαι
542 3485 668 3550 τοὺς
697 3487 960 3555 ὁμοφυεῖς
1012 3485 1108 3537 καλ⁸
1135 3483 1487 3553 όμοπίστους,
1514 3482 1661 3550 Πλὴν
1685 3483 1742 3534 ὲν
1777 3482 1891 3535 Κυ-

327 3576 431 3648 ρίῳ
469 3576 798 3649 θαρροῦμεν,
849 3577 930 3630 ὅτι
983 3575 1444 3647 ὲγκαταλέλοιπεν
1499 3574 1634 3645 ἡμῖν
1689 3560 1892 3643 Κύριος

327 3666 574 3738 σπέρμα,
611 3667 705 3719 καὶ
752 3666 854 3720 οὐκ
905 3665 1250 3737 ἐγενήθημεν
1287 3666 1363 3729 ὡς
1406 3664 1641 3735 Σόδομα,
1683 3664 1792 3718 οὐδ’
1817 3663 1893 3727 ὠς

325 3758 582 3830 Γόμορρα
605 3756 966 3826 ὡμοιώθημεν
982 3791 1003 3811 ο

1998 3215 2069 3270 ob
2099 3216 2242 3270 hanc
2291 3214 2463 3269 solam
2509 3215 2627 3269 auri
2676 3214 3033 3284 cupiditatem
3086 3214 3349 3279 aversari,
3392 3229 3573 3285 neque

1998 3319 2158 3374 posse
2190 3303 2479 3359 nobiscum
2506 3304 2677 3359 vitam
2707 3304 2909 3374 degere
2942 3323 2956 3357 :
2985 3319 3055 3359 nc
3076 3304 3147 3358 ob
3182 3304 3324 3358 hanc
3346 3303 3571 3373 quidem

1996 3409 2218 3449 causam
2249 3408 2349 3449 nos
2392 3394 2672 3460 insectari,
2703 3394 2799 3448 sed
2840 3409 2942 3463 pro
2987 3393 3148 3448 nobis
3175 3394 3324 3447 ultro
3348 3402 3573 3461 peccata

1997 3491 2184 3537 nostra
2208 3475 2601 3538 conﬁtentibus
2643 3498 2802 3538 orare
2828 3484 3114 3539 deberent.
3138 3482 3404 3537 Jubemur
3424 3483 3574 3537 enim

1995 3587 2155 3629 orare
2200 3574 2371 3628 Deum
2422 3589 2523 3642 pro
2572 3573 2732 3628 nobis
2756 3573 3012 3637 invicem,
3056 3570 3346 3626 utavitiis
3372 3573 3576 3628 nostris

2000 3664 2368 3730 mundemur;
2412 3673 2662 3719 vetamur
2722 3673 2913 3719 contra
2956 3662 3359 3717 Pliariszeorum
3401 3662 3576 3718 instar

2009 3753 2271 3809 insectari
2294 3754 2594 3823 proximos,
2625 3753 2722 3823 qui
2749 3752 3038 3808 nobiscum
3079 3750 3400 3822 religionem
3423 3766 3573 3806 eam-

324 3850 456 3905 dem
526 3848 874 3919 proﬁtentur.
906 3849 1109 3905 Verum
1167 3846 1498 3903 conﬁdimus
1570 3848 1865 3903 Dominum
1910 3846 2115 3902 bonum
2173 3861 2363 3902 semen
2409 3846 2465 3901 in
2527 3844 2691 3901 nobis
2744 3845 3056 3915 reliquisse,
3100 3859 3205 3899 nec
3263 3843 3578 3912 permisisse

325 3955 535 4001 coetum
580 3952 829 3999 nostrum
873 3945 1105 3999 evadere
1133 3944 1385 3999 Sodomae
1412 3955 1470 3999 et
1490 3944 1814 3999 Gomorrba:
1835 3942 2095 3998 similem.

397 4037 469 4089 Τί
503 4035 568 4106 δὴ
600 4031 693 4090 οὖν
733 4031 864 4107 ἆρα,
892 4039 941 4090 εἰ
972 4035 1223 4106 δείξομεν
1250 4036 1539 4099 πλείστους
1572 4035 1680 4089 τῶν
1713 4036 1889 4104 ἰεραρ-

2077 4032 2269 4098 Quid?
2336 4032 2394 4087 Si
2465 4028 2872 4085 ostenderimus
2935 4027 3077 4081 bene
3169 4025 3371 4080 multos
3434 4030 3579 4098 apud

327 4129 572 4202 χούντων
610 4130 692 4192 εἰς
726 4130 874 4199 ἡμᾶς
922 4129 983 4182 ού
1029 4127 1453 4197 νοσφιζομένους
1478 4126 1588 4180 ἀπὸ
1638 4125 1889 4193 σιταρτίοι⁴

2006 4136 2111 4176 nos
2129 4136 2316 4175 sacros
2339 4120 2603 4189 praesules
2627 4118 2734 4170 hac
2763 4116 2821 4168 in
2851 4130 2996 4169 rene
3025 4115 3133 4183 (59)
3164 4114 3435 4171 tantillum
3461 4121 3584 4188 qui-

325 4222 435 4286 ἕως
482 4220 865 4291 σφαιρωτῆρος
932 4218 1280 4287 ὑποδήματος
1336 4218 1441 4278 ἐπὶ
1470 4216 1645 4284 «ipse;
1687 4213 1889 4265 λέλυται

2010 4210 2133 4264 dem
2159 4225 2190 4263 a
2216 4216 2368 4263 recto
2424 4206 2644 4260 tramite
2692 4204 2974 4259 aberrasse
2999 4205 3020 4258 ?
3049 4204 3296 4273 nunquid
3338 4221 3369 4262 a
3397 4208 3581 4268 furore

326 4308 516 4364 αὐτῶν
552 4309 582 4361 ὀ
628 4307 809 4377 ζῆλος,
854 4306 952 4361 καὶ
993 4307 1340 4376 κατήργηται
1382 4302 1445 4356 τὸ
1487 4299 1782 4356 σκάνδαλον
1812 4300 1889 4355 καὶ

2002 4316 2103 4356 suo
2131 4300 2417 4368 desistent,
2451 4307 2509 4353 et
2532 4296 2750 4351 sublato
2783 4296 2931 4350 omni
2959 4296 3262 4363 obstaculo,
3293 4301 3579 4360 veritatem

328 4398 731 4469 προσδράμοιεν
756 4400 824 4468 τῇ
849 4396 1112 4467 ἀληθείας
1144 4395 1177 4465 ἢ
1210 4393 1332 4448 οὐδὲ
1373 4393 1490 4446 τόδε
1524 4392 1688 4446 πάλιν
1723 4389 1889 4445 ἰκανὸι

2007 4406 2162 4462 aequo
2207 4391 2391 4445 animo
2439 4387 3050 4458 amplectenturianne
3096 4389 3202 4443 hoc
3250 4390 3472 4457 quidem
3514 4396 3582 4451 iis

326 4492 462 4561 ἡμῖν
511 4489 665 4544 ἐσται
713 4490 795 4553 εἰς
850 4487 1261 4558 ἀποθεραπείαν
1311 4480 1695 4554 αὑτῶνΠΑρα
1736 4484 1780 4536 δ’
1809 4478 1889 4537 οὗι

2006 4481 2265 4539 sanandis
2292 4480 2566 4537 suﬁiciet?
2586 4479 2892 4536 Necesscne
2947 4481 3055 4536 erit
3080 4487 3342 4550 praeterea
3370 4494 3584 4542 vestros

330 4581 582 4650 εἴποιμεν
625 4579 728 4644 ἔτι,
770 4581 824 4633 οἰ
854 4579 976 4631 καθ’
1006 4579 1151 4648 ὑμᾶς
1180 4578 1346 4645 ἱερεῖς
1383 4578 1431 4629 oi
1476 4574 1783 4637 ὲνδύνοντες
1820 4575 1889 4637 εἰς

2006 4588 2433 4629 commemorare
2464 4570 2799 4636 sacerdotes,
2831 4573 2925 4642 qui
2958 4571 3313 4628 ventitantad
3358 4576 3581 4633 mulier-

328 4668 427 4731 τὰς
443 4668 645 4731 οἰκίας,
664 4668 759 4721 καὶ
779 4666 1282 4737 αἰχμαλωτεύοντες
1311 4666 1645 4734 γυναικάρια
1672 4662 1889 4734 αἰσχροί

2006 4659 2176 4730 cuias,
2208 4678 2410 4734 easque
2450 4661 2629 4731 turpis
2661 4662 2769 4732 (40)
2798 4663 2937 4719 lucri
2980 4680 3146 4719 causa
3190 4672 3450 4735 captant;
3484 4669 3582 4741 qui

332 4759 558 4828 κέρδους
591 4758 772 4828 χάριν,
822 4758 884 4809 ού
928 4756 1030 4825 τῆς
1058 4757 1137 4819 εἰς
1170 4755 1268 4819 τὰς
1302 4753 1772 4823 γυναικωνίτιδας,
1808 4753 1889 4807 καί

2008 4770 2117 4810 non
2170 4753 2415 4809 contenti
2459 4751 2713 4808 sacriﬁcii
2766 4756 3019 4811 mercede
3048 4756 3106 4811 in
3140 4755 3252 4827 (M)
3290 4764 3579 4831 gynecaeis,

406 4939 518 5009 (56)
544 4940 630 4993 ita
663 4936 1082 5009 appellabantur
1104 4933 1413 5009 Novatiani,
1448 4934 1633 5009 Graece
1657 4930 1903 5009 Catbari,
2012 4931 2069 5009 in
2093 4929 2332 4999 Christo,
2363 4946 2432 4986 ex
2456 4930 2697 4986 humana
2720 4939 2777 4986 et
2800 4931 2980 4988 divina
3013 4930 3331 5001 permistam
3361 4944 3582 4996 astrue—

336 5000 513 5079 quisé
554 5000 752 5079 puros'
794 5007 861 5061 ab
914 5006 1085 5079 omini
1135 5005 1314 5079 culpa
1347 5003 1781 5079 proﬁtebantur,
1811 5002 1906 5070 qui
2013 5000 2164 5079 bant:

338 5068 508 5135 s'emel
555 5068 815 5130 amissam
872 5076 1101 5146 gratiam
1152 5068 1387 5146 amplius
1430 5070 1748 5146 recuperari
1796 5068 1908 5125 non
2084 5069 2389 5146 QQG‘rmca
2420 5068 2689 5146 pbrasisa
2721 5068 3058 5146 funiculmgd
3102 5069 3405 5146 corrigiam.

373 5162 496 5203 osse
530 5138 912 5213 autumabani.
966 5138 1261 5213 Erroremi
1295 5142 1442 5197 hunc
1470 5138 1907 5213 pro—scripserunt
2088 5138 2199 5211 (40)
2227 5139 2445 5213 Acriter
2473 5138 2854 5213 insectaturet
2874 5140 2938 5195 D.
2967 5140 3328 5213 Hieronymus
3353 5142 3589 5198 clerico—

373 5163 496 5203 osse
530 5163 912 5200 antumauant.
966 5163 1224 5198 nrrorem
1298 5163 1442 5197 nunc
1470 5163 1907 5211 proscnpscruut
2088 5163 2199 5211 μυ)
2227 5163 2445 5195 Λυτιιιπ
2475 5163 2775 5196 mutuatur
2798 5163 2854 5194 et
2874 5163 2938 5195 υ.
2967 5163 3328 5208 nlcrunymus
3353 5163 3584 5198 ClCl‘lCO-

337 5163 394 5287 ἓ.
429 5207 740 5287 Cyprianus
784 5215 841 5268 in
882 5213 1154 5287 concilio_
1179 5211 1453 5277 Africano,
1480 5211 1616 5267 etS.
1661 5208 1907 5279 pontifex
2011 5224 2146 5287 rum
2188 5210 2273 5287 sui
2320 5206 2584 5287 temporis
2612 5209 2975 5287 "avaritiamh
3008 5209 3102 5287 qui
3152 5206 3256 5259 sub
3316 5217 3584 5275 pmtextu

338 5276 628 5340 Cornelius
653 5285 708 5338 in
734 5298 831 5337 suo
862 5282 1095 5337 concilio
1120 5281 1386 5335 Romano.
1442 5276 1445 5277 ⁷
1662 5276 1680 5279 ’
2011 5278 2309 5348 largiendae
2338 5276 2678 5331 mulierculis
2706 5277 3125 5348 benedictionis,
3152 5286 3433 5348 aurum_et
3459 5296 3585 5336 mu~

2003 5341 2485 5420 nnscula‘captare
2505 5356 2925 5420 consueverant.
2961 5344 3132 5420 Epist_.
3242 5344 3311 5420 ad
3330 5344 3585 5420 Eustoch.

2006 5417 2149 5472 Hinc
2166 5411 2535 5471 Valentiniani
2556 5414 2673 5483 lege
2706 5415 2958 5476 vetitum,
2977 5411 3048 5464 ne
3076 5411 3259 5483 clerici
3278 5411 3356 5483 ad
3366 5416 3562 5476 viduas
3590 5454 3607 5483 ,

2007 5496 2065 5540 et
2093 5486 2338 5555 virgines
2368 5478 2695 5553 parentibus
2717 5485 2904 5546 orbas,
2936 5478 3281 5532 accederent.
3319 5480 3476 5541 (λη,
3512 5492 3589 5543 De

2010 5571 2170 5624 epuc.

412 5355 525 5423 (57)
557 5353 766 5406 Horum
790 5362 952 5421 caput
981 5352 1313 5423 Novatianus
1344 5349 1647 5423 presbyter;
1672 5349 1765 5418 qui
1793 5364 1850 5405 se
1864 5364 1905 5423 _a

340 5419 881 5501 Cornelio_Ro_mano
914 5420 1174 5501 pontiﬁce
1206 5419 1529 5501 segregavit,
1555 5428 1722 5501 atque
1756 5419 1908 5501 nepi-

349 5505 573 5560 scopum
600 5491 859 5545 Ecclesia:
913 5487 1172 5544 Romana:
1193 5487 1414 5560 ab'suis
1465 5487 1644 5560 creari
1668 5503 1726 5542 se
1754 5487 1904 5560 fecit,

351 5557 594 5629 qui'cnm
616 5575 783 5629 prava
806 5559 1055 5629 dogmata
1082 5557 1450 5629 proﬁteretur,
1482 5558 1770 5612 damnatus
1806 5557 1910 5610 fuit
2010 5557 2212 5629 epis_c_.__
2252 5622 2273 5629 _
2665 5617 2697 5629 ,Α
2945 5622 2956 5629 Δ
3002 5620 3040 5629 Α

355 5619 408 5682 ὶὶι
437 5643 603 5698 supra
618 5619 945 5682 ‘mcmorat’is
976 5619 1245 5698 conciliis.
1323 5695 1332 5698 _
1362 5694 1372 5698 _
1437 5619 1463 5698 ξ
1725 5696 1771 5698 υ
2040 5619 2050 5624 ’
2108 5623 2221 5698 (At)
2252 5622 2336 5698 11L
2344 5632 2500 5673 more
2560 5619 2800 5698 positum
2831 5619 3593 5698 eratetprimisﬁcclesize

423 5681 533 5763 (ὅθ’)
561 5681 666 5766 ιιε
685 5681 1099 5766 appellabantur
1148 5694 1488 5766 Eutycliiani,
1520 5697 1614 5764 qui
1642 5704 1698 5749 et
1724 5696 1911 5749 Mono-
2014 5681 2232 5766 sagulis
2255 5687 2459 5766 offerre
2476 5681 2806 5766 sacriﬁcium
2830 5685 2882 5736 in
2906 5682 3133 5766 privatis
3153 5681 3429 5766 d‘omibus.
3453 5693 3591 5748 Hinc

366 5750 603 5836 pli‘ysi'tm
640 5750 919 5831 dic‘u'ntur,
944 5750 947 5751 ν
976 5750 1274 5835 propterea‘
1290 5763 1416 5831 quia
1463 5750 1710 5817 naiuram
1751 5780 1913 5817 unam
2016 5771 2076 5814 et
2111 5760 2174 5812 D.
2207 5753 2580 5808 Ambrosiusa
2612 5761 2857 5809 matrona
2884 5750 3117 5823 quadam
3161 5751 3403 5814 Ilomana
3422 5776 3590 5819 voca-
