3998 6282
558 395 687 462 1891

1772 392 2080 453 LEONTII
2118 390 2526 453 BYZANTINI

3674 389 3815 455 1892

549 525 608 569 et
644 515 712 569 ad
733 514 860 569 lecti
890 513 1058 584 pedes
1085 514 1276 580 oblati,
1314 511 1588 584 stipendia
1632 513 1737 568 sibi
1775 514 2116 582 paciscuntui

2237 510 2388 581 παρὰ
2423 510 2591 573 πόδας
2628 510 2726 580 τῆς
2769 507 2958 579 alim:
2991 505 3324 578 τελουμένης
3353 505 3538 570 αὐτοῖς
3589 508 3774 579 ίερουρ
3795 539 3810 549 -

543 604 783 673 singulis
815 604 1102 658 mensibus
1123 605 1206 658 vel
1246 604 1405 658 annis
1432 604 1826 674 persolvendo?
1853 604 2130 658 Praetereo

549 695 782 764 reliqua,
815 695 1026 750 veritus
1051 711 1120 749 ne
1139 697 1227 749 vel
1253 711 1284 749 a
1301 693 1545 764 profanis
1563 694 1902 759 {hominibus
1927 693 1980 747 in
2015 709 2132 748 sce-

545 804 673 843 nam
702 788 988 852 ducamur,
1023 789 1116 857 qui
1145 789 1366 859 pietatis
1387 787 1609 858 quidem
1641 787 1862 841 inanem
1890 785 2129 856 speciem

546 896 660 950 prze
694 880 853 934 nobis
893 878 1157 944 ferimus;
1195 880 1454 949 pietatem
1504 893 1636 933 vero
1686 879 1857 946 ipsam
1903 878 2130 948 ejusque

547 973 658 1024 vim
676 971 902 1025 omnino
915 971 1233 1040 spernimus
1258 971 1672 1040 rejicimusque.
1696 971 1756 1023 lu
1780 970 1966 1025 multis
1981 971 2130 1024 enim

544 1063 880 1119 offendimus
900 1078 1114 1118 omnes.
1155 1063 1370 1117 Etenim
1411 1061 1457 1117 si
1491 1077 1589 1117 vos
1615 1061 1715 1131 ipsi
1737 1062 2004 1123 fatemini,
2029 1077 2128 1115 ne-

547 1171 656 1224 que
681 1170 877 1225 negare
901 1154 1129 1224 potestis
1155 1153 1328 1223 accipi
1359 1155 1539 1209 solere
1571 1153 1883 1208 mercedem
1912 1167 2130 1221 prosa-

543 1247 624 1300 cri
658 1246 765 1315 (-52)
797 1245 966 1298 fontis
1015 1244 1257 1308 lavacro,
1296 1253 1351 1299 et
1378 1260 1478 1314 pro
1526 1244 1786 1314 pretiosis
1819 1243 1929 1314 (45)
1950 1242 2124 1298 divini

547 1338 677 1391 doni
710 1337 980 1405 reliquiis,
1027 1336 1160 1405 quid
1190 1337 1339 1390 aliud
1375 1337 1538 1390 nobis
1575 1335 1898 1405 exprobrari
1931 1335 2126 1388 audie-

545 1440 689 1488 mus,
737 1425 844 1478 nisi
906 1425 1042 1478 illud
1077 1424 1320 1478 :Nomen
1361 1441 1534 1478 meum
1580 1425 1722 1495 apud
1771 1441 1859 1478 vos
1913 1431 2128 1495 prapter

544 1526 722 1587 gentes
744 1515 966 1569 ludibrio
985 1516 1204 1569 habetur
1223 1515 1250 1554 ά
1273 1516 1295 1568 ?
1313 1515 1544 1585 Oportet
1571 1515 1738 1586 igitur
1761 1531 2127 1586 unumquem-

545 1623 652 1678 que
677 1618 924 1661 nostrum
945 1607 1182 1661 educere
1201 1608 1414 1662 trabem
1435 1624 1462 1661 a
1482 1607 1724 1676 propriis
1739 1607 1934 1672 oculis,
1959 1616 2124 1677 atque

545 1702 622 1756 ita
661 1700 925 1755 festucam
990 1698 1046 1752 in
1098 1698 1274 1751 oculis
1322 1698 1516 1751 alienis
1561 1697 1762 1751 clarius
1813 1697 2124 1766 perspicere

542 1793 850 1862 poterimus
877 1801 900 1828 θ
931 1806 946 1855 ;
997 1786 1460 1858 quemadmodum
1513 1789 1797 1852 monetis,
1844 1787 1940 1857 qui
1971 1788 2122 1842 solus

542 1889 700 1937 caret
719 1881 868 1936 omni
897 1880 1078 1949 culpa.

637 1973 765 2028 Haec
801 1988 927 2027 cum
954 1971 1141 2025 divina
1187 1969 1540 2024 Providentia
1572 1981 1770 2040 praesto
1806 1970 1918 2025 sint
1945 1969 2121 2024 omni-

541 2066 650 2120 bus
687 2063 757 2118 ad
805 2071 956 2117 recte
993 2059 1372 2133 iudicandum,
1407 2060 1948 2131 dignoscendamque
1975 2060 2122 2114 veri-

544 2164 751 2221 tatem;
803 2169 905 2208 nos
971 2161 1154 2208 tamen
1221 2153 1391 2223 pudet
1449 2167 1634 2207 coram
1697 2152 1820 2222 ipso
1871 2151 2122 2208 veritatis

541 2248 747 2309 Verbo,
771 2261 903 2300 vero
927 2246 1218 2300 verborum
1241 2245 1486 2298 omnium
1511 2253 1568 2298 et
1595 2259 1822 2313 operum
1845 2251 2010 2312 atque
2029 2258 2122 2298 co-

537 2339 872 2408 gitationum
906 2336 1114 2408 judice,
1153 2344 1366 2390 mutare
1388 2350 1551 2403 quam
1593 2335 1765 2389 semel
1801 2334 2122 2389 imbibimus

544 2429 884 2500 opinionem,
915 2428 1005 2483 vel
1046 2428 1114 2482 ab
1144 2427 1334 2481 amicis
1361 2426 1446 2480 vel
1477 2426 1544 2480 ab
1578 2425 1991 2497 inimicisquasi
2019 2425 2120 2481 do-

543 2521 790 2577 mesticis
810 2529 1110 2589 acceptam,
1127 2533 1552 2587 recusamusque
1563 2519 1782 2573 sincero
1799 2519 1982 2574 animo
1995 2534 2121 2588 per-

543 2612 809 2682 pendere,
843 2626 965 2681 qua:
992 2609 1304 2672 traduntur,
1341 2607 1646 2676 eademque
1689 2616 1796 2662 tam
1827 2607 2121 2678 diligenter

543 2703 802 2766 scrutari,
833 2716 996 2771 quam
1021 2715 1101 2757 ea
1136 2713 1235 2768 par
1255 2705 1359 2762 est,
1393 2713 1514 2767 quae
1541 2699 1611 2752 ab
1639 2698 1961 2754 hominibus
1997 2713 2119 2753 om-

541 2795 675 2850 nino
703 2793 903 2865 ignotis
935 2793 1266 2848 traduntur:
1316 2807 1628 2864 quanquam
1660 2791 1812 2846 omni
1878 2791 2119 2861 partium

542 2884 730 2940 studio
779 2893 1013 2949 remoto,
1045 2884 1283 2952 simplici
1317 2885 1523 2941 mentis
1558 2882 1766 2936 intuitu
1788 2880 1936 2936 dicta
1983 2897 2119 2937 con-

542 2975 870 3045 templantes
896 3014 911 3037 ,
979 2975 1213 3029 meliusv
1243 2989 1308 3030 ac
1369 2972 1577 3029 rectius
1633 2971 1885 3042 judicare
1924 3013 1939 3038 ,
1972 2973 2120 3027 veri-

533 3073 823 3136 talemque
875 3066 1079 3121 clarius
1155 3065 1469 3136 perspicere
1546 3065 1852 3135 poterimus
1906 3084 1921 3132 ;
1994 3080 2119 3120 cum

542 3160 680 3216 alias
726 3161 932 3216 nostris
961 3160 1049 3214 bis
1068 3161 1324 3216 hostibus
1348 3161 1583 3215 nimium
1630 3160 1917 3230 indulgere
1941 3159 2116 3214 solea-
2140 3171 2186 3234 ρ

540 3265 684 3304 mus.
715 3248 888 3315 Quam
936 3249 1007 3304 ob
1046 3265 1159 3305 rem
1193 3249 1454 3304 audacter
1492 3249 1764 3304 aﬂirmare
1813 3264 1922 3303 non
1950 3249 2115 3303 dubi-

543 3351 742 3404 tamus,
781 3353 878 3394 eos
927 3341 1022 3411 qui
1079 3340 1212 3410 ipsis
1270 3339 1571 3402 adhaerent,
1634 3347 1924 3408 propterea
1988 3340 2117 3409 quia

538 3433 752 3481 rectum
793 3441 987 3481 eorum
1035 3427 1231 3496 dogma
1280 3435 1496 3498 putant,
1524 3428 1743 3482 etiamsi
1784 3443 1975 3482 revera
2005 3444 2118 3482 ma-

535 3517 651 3573 lum
678 3519 750 3574 sit
777 3535 841 3574 ac
866 3521 1007 3574 male
1042 3521 1321 3575 sentiant:
1352 3521 1648 3591 impietatis
1680 3529 1865 3576 notam
1899 3521 2120 3576 subitu-

536 3625 631 3665 ros
663 3627 773 3665 non
811 3627 933 3666 esse
963 3650 978 3675 ,
1022 3626 1146 3666 cum
1184 3613 1329 3668 Deus
1373 3613 1559 3669 cordis
1593 3614 1783 3668 intima
1813 3623 1872 3668 et
1903 3615 2118 3669 occulta

535 3699 882 3774 iudicaturus
907 3703 1154 3758 accedet.
1190 3723 1208 3754 ι
1240 3702 1377 3759 Cum
1405 3705 1587 3771 enim,
1634 3705 1742 3771 ait,
1769 3721 1953 3760 coram
1998 3706 2117 3776 ipso

534 3808 858 3862 persuasum
888 3793 1056 3848 fuerit
1084 3810 1180 3849 cor
1228 3805 1500 3862 nostrum,
1541 3812 1721 3867 neque
1774 3798 2115 3853 conscientia

534 3893 725 3938 nostra
752 3901 852 3939 nos
890 3886 1110 3942 mordet
1138 3904 1151 3954 ;
1180 3888 1325 3944 Deus
1360 3890 1534 3960 major
1577 3901 1663 3945 est
1697 3889 1864 3946 corde
1899 3899 2112 3954 nostro,

533 3975 907 4046 perspicitque
945 3979 1152 4033 omnia.
1185 3998 1204 4030 ι
1248 3980 1318 4034 At
1357 3981 1401 4035 si
1435 3981 1686 4035 veritatis
1715 3981 1956 4037 Verbum
1992 3997 2113 4036 sese

532 4065 680 4120 clare
722 4067 885 4123 nobis
916 4069 1215 4137 patefacit,
1264 4081 1593 4140 nostrasque
1639 4080 1855 4126 mentes
1902 4072 2112 4126 lumine

532 4174 634 4214 suo
664 4161 949 4230 perfundit
974 4179 1110 4226 ;nos
1132 4174 1326 4220 contra
1366 4165 1677 4220 claudimus
1699 4167 1910 4232 oculos,
1935 4166 2114 4236 ,obtu-

531 4265 831 4320 ramusque
890 4264 1110 4309 nostras
1162 4271 1325 4310 aures
1383 4267 1577 4325 sponte
1623 4257 1777 4311 surdi
1829 4257 2113 4312 evadendo

531 4341 944 4412 rejiciendoque
975 4344 1260 4399 veritatem
1293 4345 1503 4415 ipsam:
1535 4347 1782 4415 profecto
1811 4347 2108 4402 miserrimi

527 4431 774 4486 omnium
805 4433 1306 4503 deprchendemur,
1363 4437 1720 4505 omniumque
1755 4438 2112 4492 commisera-

2147 1837 2195 1897 B

2234 602 2358 672 γίας
2385 603 2511 664 τοὺς
2541 602 2764 672 μισθοὺς
2793 601 3220 665 ἀποϐλέποντες,
3253 600 3484 662 καὶτοῖς
3512 600 3806 670 μηνιαίοις,

2232 697 2328 749 καὶ
2355 697 2591 767 ἐτησίοις
2621 695 2835 764 ἐράνοις
2866 678 3217 756 έπελπίζουσι
3240 711 3254 760 ;
3281 693 3503 747 Δέδοικα
3533 693 3708 761 λέγειν
3739 696 3808 748 τὰ

2233 786 2429 850 πλείω,
2466 787 2539 856 μή
2579 802 2698 848 πως
2734 785 2828 839 καὶ
2866 784 3116 856 βεϐήλοις
3154 785 3608 856 θριαμϐευθῶμεν
3637 787 3684 838 oi
3706 787 3811 855 τὴν

2234 879 2506 948 μόρφησιν
2537 877 2754 946 ἔχοντες
2779 876 2878 946 τῆς
2911 876 3218 942 εὐσεϐείας,
3244 875 3343 947 τὴν
3365 877 3421 930 δὲ
3449 876 3677 945 δύναμιν
3701 879 3811 948 ἡρ-

2229 971 2494 1041 νημένοι·
2549 969 2725 1022 πολλὰ
2773 967 2883 1038 γὰρ
2927 971 3195 1040 πταίομεν
3235 971 3496 1032 ἅπαντες.
3545 971 3656 1023 Καὶ
3699 971 3813 1039 γὰρ

2234 1062 2424 1133 μισθὸς
2450 1061 2544 1116 τοῦ
2574 1061 2803 1134 λουτροῦ
2832 1061 2941 1130 τῆς
2982 1062 3225 1132 χάριτος,
3263 1063 3356 1116 καὶ
3387 1063 3498 1117 ἀπὸ
3543 1063 3711 1134 τιμῆς
3741 1064 3812 1115 ἐκ

2231 1155 2336 1207 τῶν
2379 1153 2649 1224 λειψάνων
2691 1157 2790 1227 τῆς
2838 1153 2986 1216 θείας
3042 1155 3259 1226 δωρεᾶς
3290 1157 3338 1208 εἱ
3369 1152 3809 1225 συμπεφώνηταί

2231 1263 2307 1317 πη
2336 1247 2404 1300 δι’
2427 1250 2606 1315 ὑμῶν,
2641 1250 2695 1302 τί
2722 1250 2912 1320 ἕτερον
2941 1244 3366 1318 άκουσόμε.θα,ἢ
3392 1245 3474 1297 ὃτι
3505 1243 3578 1298 Τὸ
3613 1240 3809 1313 ὄνομά

2224 1357 2342 1408 μου
2390 1339 2466 1394 δι’
2491 1339 2658 1410 ὑμῶν
2708 1339 3154 1410 βλασφημεῖται
3206 1339 3276 1390 ἐν
3333 1336 3460 1401 τοῖς
3519 1335 3763 1389 ἔθνεσιν
3787 1351 3811 1397 ;

2239 1432 2490 1502 Ἀρκέσει
2530 1433 2662 1502 γοῦν
2711 1434 2927 1503 ἑκάστῳ
2960 1435 3024 1484 ὲκ
3066 1430 3160 1484 τοῦ
3210 1429 3341 1483 ἰδίου
3372 1426 3655 1497 ὀφθαλμοῦ
3702 1425 3808 1498 τὴν

2225 1522 2378 1581 δοκὸν
2402 1523 2664 1596 ἐξαιρεῖν,
2695 1525 2790 1578 καὶ
2815 1525 2937 1576 τότε
2965 1522 3291 1592 τρανότερον
3315 1521 3376 1572 τὸ
3405 1521 3463 1571 ὲν
3494 1517 3571 1588 τῷ
3598 1517 3809 1586 ὀφθαλ-

2229 1615 2315 1686 μῷ
2342 1616 2554 1687 κάρφος
2587 1619 2888 1684 κατανοεῖν,
2905 1617 3050 1670 καθά
3077 1631 3238 1686 φησιν
3273 1614 3405 1684 ἡμῖν
3431 1612 3460 1664 6
3486 1611 3645 1682 μόνος
3661 1611 3808 1663 ⁴ἀνοι-

2227 1709 2520 1780 μάρτητος.

2296 1961 2514 2017 Τούτων
2536 1965 2736 2036 δὲήμῖν
2762 1968 2859 2024 σὺν
2879 1966 2998 2037 Θεῷ
3032 1966 3449 2041 προὶτε]θέντων
3484 1970 3564 2032 είς
3589 1968 3800 2040 κρίσιν,

2223 2056 2320 2110 καὶ
2351 2057 2634 2125 διάσκεψιν
2669 2061 2836 2112 πᾶσιν
2881 2059 3216 2131 ἀνθρώποις,
3277 2061 3636 2132 δυσωποῦμεν
3703 2065 3798 2116 ὲν-

2223 2144 2393 2200 ώπιον
2414 2148 2510 2201 τοῦ
2538 2150 2639 2220 τῆς
2669 2149 2930 2222 ἀληθείας
2951 2151 3123 2220 Λόγου
3140 2151 3234 2204 τοῦ
3261 2151 3428 2214 ὅντως
3450 2151 3639 2222 κριτοῦ
3659 2169 3803 2206 παν,-

2222 2237 2314 2300 τδς
2360 2238 2541 2308 λόγου,
2575 2242 2670 2295 καὶ
2718 2242 2907 2312 ἔργου,
2943 2245 3036 2296 καὶ
3075 2247 3346 2313 νοήματος
3373 2244 3554 2314 ήμῶν,
3586 2243 3756 2296 αποθέ
3768 2273 3798 2282 -

2224 2329 2350 2384 σθαι
2397 2331 2630 2387 ἕκαστον
2673 2334 3083 2404 ἐντευξόμενον,
3129 2335 3231 2390 κᾶν
3258 2353 3317 2389 τε
3341 2337 3441 2406 τῆς
3491 2334 3799 2405 ἡμετέρας.

2224 2420 2326 2474 κᾶν
2355 2437 2416 2474 τε
2442 2421 2542 2490 τῆς
2580 2423 2868 2493 ἀλλοτρίας
2958 2426 3116 2496 δόξης
3134 2426 3231 2496 τὴν
3261 2425 3336 2489 ὡς
3375 2425 3506 2497 παρ’
3550 2425 3796 2488 οἰκείων,

2222 2510 2320 2563 καὶ
2345 2511 2619 2582 πολεμίων
2649 2513 2916 2583 ἀκρόασιν
2945 2515 3054 2568 τῶν
3092 2515 3418 2586 εἰρημένων,
3459 2515 3553 2569 καὶ
3581 2514 3797 2586 κρίνειν

2218 2601 2288 2656 τὰ
2319 2602 2576 2673 ρηθέντα,
2611 2604 2688 2668 ὡς
2729 2605 2883 2675 παρά
2911 2623 3075 2660 τινων
3106 2606 3286 2679 πάντῃ
3315 2607 3613 2675 ἀγνώστων
3639 2604 3804 2673 αύτῷ

2221 2693 2332 2747 τῶν
2380 2695 2647 2766 ἑκατέρου
2700 2697 2928 2768 μέρους⁶
2971 2699 3064 2752 καὶ
3105 2697 3300 2752 οὕποτε
3351 2697 3580 2768 θατέρου
3629 2697 3798 2767 λόγου

2221 2785 2757 2856 προθεματισθέντος
2808 2788 2949 2842 κατά
2991 2789 3091 2859 τὴν
3137 2790 3378 2844 διάνοιαν
3415 2788 3586 2860 αὐτῷ,
3621 2791 3719 2842 καὶ
3747 2791 3798 2842 εί

2209 2878 2389 2943 ’ὅντως
2441 2880 2634 2952 γυμνῷ
2683 2881 2762 2953 τῷ
2815 2883 3084 2956 κριτηρίῳ
3131 2881 3338 2936 ἑαυτῶν
3376 2883 3557 2954 χωρὶς
3591 2881 3799 2944 παντὸς

2220 2970 2590 3039 προσπαοοῦς,
2633 2973 2725 3026 καὶ
2773 2971 3104 3036 ἀντιπαθοῠς
3154 2973 3614 3042 ἐπισκοτίσματος
3652 2970 3795 3041 ἀλη-

2221 3056 2457 3129 θέστερα
2483 3059 2776 3130 κρίνωμεν,
2811 3063 2906 3116 καὶ
2925 3061 3290 3132 εὐλογώτερα,
3318 3061 3412 3116 καὶ
3441 3061 3796 3131 ἰσχυρότεροι,

2221 3150 2316 3203 καὶ
2361 3151 2644 3224 σοφώτερα
2687 3155 2756 3208 τὰ
2803 3153 2932 3225 παρ’
2962 3154 3143 3208 αὐτῶν
3185 3156 3234 3208 of
3266 3154 3440 3208 τοῖσδε
3478 3156 3592 3216 τοῖς
3629 3155 3796 3207 ὲναν-

2219 3239 2356 3306 τίοις
2394 3244 2526 3313 ἡμῖν
2570 3246 2977 3317 προσκείμενοι.
3011 3245 3199 3310 Οὕτως
3241 3246 3532 3316 τολμῶμεν
3586 3245 3793 3314 λέγειν,

2217 3331 2294 3396 ώς
2315 3335 2365 3386 εί
2395 3336 2490 3388 καὶ
2519 3336 2706 3400 κακῶς
2735 3337 2906 3392 ταῦτα
2939 3340 3138 3392 ἐκείνοι
3179 3341 3425 3410 φρονοῖεν
3463 3340 3512 3391 οἱ
3542 3355 3795 3392 συναπα-

2219 3426 2442 3496 γόμενοι
2462 3427 2667 3492 αὐτοῖς,
2698 3428 2790 3483 διά
2814 3429 2876 3482 τὸ
2905 3430 3051 3496 δόξαι
3079 3430 3290 3495 τούτοις
3322 3429 3796 3502 θεοπρεπέστερον

2218 3513 2359 3571 εἶναι
2411 3517 2587 3589 δόγμα
2637 3519 2700 3573 τὸ
2747 3521 2866 3574 κατ’
2896 3522 3112 3588 αὐτοὺς,
3163 3523 3224 3575 οὐ
3289 3521 3797 3593 κατακριθήσονται

2218 3608 2478 3664 ἀσέϐειαν
2534 3612 2592 3665 ὲν
2642 3612 2849 3683 ἡμέρᾳ,
2896 3613 2984 3666 ὅτε
3028 3615 3206 3685 κρινεῖ
3237 3616 3266 3668 6
3297 3615 3429 3678 Θεὸς
3461 3613 3529 3668 τὰ
3569 3614 3798 3682 κρυπτά

2217 3703 2325 3756 τῶν
2379 3702 2636 3773 καρδιῶν.
2687 3722 2706 3756 ι
2744 3704 2870 3758 Ἐὰν
2895 3705 3025 3776 γὰρ,
3063 3707 3248 3777 φησὶν,
3277 3706 3586 3780 ἔμπροσθεν
3620 3707 3796 3762 αὐτοῦ

2219 3795 2496 3865 πείσωμεν
2528 3795 2628 3860 τὰς
2662 3797 2891 3872 καρδίας
2933 3797 3107 3868 ήμῶν,
3148 3799 3242 3852 καὶ
3295 3799 3328 3868 ἡ
3388 3799 3587 3870 καρδία
3633 3800 3797 3869 ἡμῶν

2216 3884 2604 3956 καταγινώσκῃ
2631 3885 2807 3956 ἡμῶν,
2837 3886 2866 3938 ό
2895 3886 3028 3950 Θεὸς
3059 3885 3262 3957 μείζων
3289 3889 3408 3942 ἐστὶ
3438 3888 3536 3958 τῆς
3562 3889 3796 3958 καρδίας

2216 3973 2395 4045 ⁴ήμῶν,
2427 3975 2522 4029 καὶ
2560 3975 2817 4044 γινώσκει
2865 3975 3062 4032 πάντα.
3092 3996 3108 4028 ι
3143 3978 3204 4030 El
3230 3977 3285 4031 δὲ
3309 3980 3342 4032 6
3387 3979 3485 4046 μὲν
3513 3979 3612 4049 τῆς
3649 3979 3791 4052 ἀλη-

2215 4064 2368 4129 θείας
2403 4067 2575 4135 Λόγος
2610 4067 2924 4140 φαιδράζων
2978 4071 3172 4124 ἑαυτὸν
3218 4071 3589 4125 ἐπιδείκνυσιν
3618 4075 3787 4142 ήμῖνο

2214 4159 2371 4228 ἡμεῖς
2399 4159 2455 4212 δὲ
2484 4177 2610 4224 τους
2638 4178 2696 4214 τε
2723 4160 3034 4232 ὀφθαλμοὺς
3065 4163 3412 4234 καμμύομεν,
3443 4163 3538 4218 καὶ
3556 4167 3664 4228 τοῖς
3681 4165 3792 4218 ώσὶ

2215 4247 2424 4318 βαρέως
2457 4247 2730 4318 ἀκούομεν
2779 4249 2944 4304 αὐτοῦ
2980 4251 3472 4320 ἑθελοκωφοῦντος,
3515 4256 3609 4306 καὶ
3649 4254 3789 4308 ἁπο-

2213 4340 2560 4411 στρεφόμεθα
2580 4342 2759 4408 αὐτὸν,
2786 4342 2955 4406 ὅντως
2986 4345 3186 4408 παντὸς
3216 4345 3412 4416 θρήνου
3441 4345 3622 4410 ἀξίους
3652 4349 3789 4400 ἑαυ-

2209 4432 2337 4494 τοὺς
2367 4434 2784 4503 καταστήσομεν
2807 4433 2904 4504 τὴν
2934 4433 3199 4505 αίσχύνην
3231 4437 3330 4506 τῆς
3365 4435 3668 4507 μελλούσης
3691 4437 3790 4490 ἀλ-

528 4523 678 4578 tione
705 4532 869 4594 atque
893 4525 1049 4579 luctu
1071 4525 1244 4594 digni,
1273 4525 1414 4579 nihil
1447 4527 1602 4580 illum
1628 4528 1933 4582 verendum
1956 4529 2102 4583 diem

2220 4523 2568 4593 λοτριώσεως,
2593 4524 2689 4578 καὶ
2720 4525 3006 4597 ἀρνήσεως
3051 4527 3311 4597 Χριστοῦ,
3354 4527 3585 4582 ἐνώπιον
3618 4531 3786 4597 ἀγγέ-

525 4614 898 4678 formidanda,
921 4629 1031 4683 quo
1063 4629 1248 4668 coram
1273 4616 1482 4686 angelis
1513 4632 1576 4671 ac
1604 4619 1988 4687 potestatibus,
2018 4627 2104 4674 to-

524 4713 694 4772 toque
748 4711 1021 4759 terrarum
1096 4706 1231 4762 orbe
1287 4707 1384 4762 Dei
1449 4707 1720 4782 judicium
1771 4709 2042 4765 subeunte
2075 4726 2106 4764 a

521 4793 746 4849 Christo
770 4795 1104 4866 rejiciemur.
1142 4797 1262 4864 Quo
1283 4815 1415 4854 sane
1443 4783 1534 4854 die
1560 4801 1696 4854 nihil
1725 4801 1884 4856 nobis
1908 4801 2109 4871 prode-

527 4885 625 4949 rit,
657 4901 840 4955 neque
873 4894 1124 4942 nostrum
1151 4889 1203 4942 in
1234 4890 1630 4945 haeresiarchas
1661 4891 1968 4961 impensum
1993 4899 2108 4947 stu-

523 4975 701 5041 dium,
726 4993 904 5047 neque
921 4979 1202 5049 sanguinis
1225 4982 1499 5051 cognatio,
1525 4998 1702 5051 neque
1721 4983 2094 5046 familiarium,

524 5075 621 5121 aut
645 5067 820 5137 patria
861 5069 1207 5125 consuetudo
1230 5069 1248 5140 (
1268 5085 1374 5140 qua
1397 5070 1620 5140 quidam
1645 5071 1926 5126 insolubili
1953 5073 2098 5129 nodo

586 5223 613 5286 ξι
645 5223 846 5279 Ezech.
905 5240 1086 5290 xxxvr,
1123 5223 1192 5278 9.0
1221 5242 1235 5290 ;
1297 5225 1456 5280 Rom.
1484 5241 1542 5290 ιι,
1571 5224 1658 5280 24.

519 5390 607 5436 tus
624 5380 747 5444 fuit,
773 5379 905 5434 utin
927 5381 1046 5450 ejus
1065 5379 1227 5434 domo
1247 5379 1576 5435 sacrificium
1597 5380 1844 5435 olferret.
1869 5379 2084 5434 Paulin.

515 5455 572 5503 in
605 5451 721 5504 Vita
749 5451 930 5504 Ambr.
961 5467 1016 5504 ιι.
1049 5450 1136 5504 10.

586 5521 700 5591 (42)
727 5521 955 5590 Vigebat
977 5530 1034 5575 et
1054 5520 1110 5574 in
1139 5519 1401 5576 Ecclesiis
1420 5518 1867 5591 Occidentalibus
1886 5521 2088 5576 saeculo

515 5590 687 5646 tertio
733 5605 851 5644 mos
904 5591 1144 5660 ponendi
1200 5599 1475 5644 monetam
1537 5590 1773 5658 aliquam
1816 5590 1871 5644 in
1931 5606 2088 5646 sacro

514 5660 684 5721 fonte,
724 5675 886 5728 quam
921 5661 1199 5727 sacerdos,
1225 5661 1424 5715 collato
1454 5670 1817 5720 sacramento,
1861 5661 1963 5716 sibi
1991 5676 2088 5714 su-

513 5743 665 5781 mere
691 5729 917 5782 solebat.
956 5730 1129 5796 Quem
1184 5745 1392 5785 morem
1448 5729 1726 5783 damnavit
1788 5730 2085 5784 concilium

510 5797 936 5866 Eliberitanum,
967 5815 1088 5854 can.
1149 5801 1238 5867 48,
1269 5815 1338 5855 ne
1364 5801 1622 5855 sacerdos
1669 5801 1905 5856 vendere
1935 5799 2086 5853 vide-

1747 5236 1770 5263 ε
1794 5225 1930 5279 Luc.
1975 5242 2048 5289 vr,
2078 5227 2168 5282 4‘2.

2203 4615 2330 4677 λων,
2383 4616 2479 4671 καὶ⁷
2531 4615 2814 4685 ἐξουσιῶν,
2866 4619 3069 4682 παντός
3101 4636 3162 4672 τε
3190 4618 3284 4672 τοῦ
3328 4619 3648 4690 κρινομένου
3692 4621 3784 4672 κό-

2205 4725 2365 4778 σμου,
2388 4711 2448 4762 οὐ
2473 4710 2889 4780 προῦπιδόμενοι
2907 4728 2921 4740 ⁸
2947 4713 3036 4766 ὅτε
3060 4712 3212 4766 οὐδὲν
3245 4715 3392 4784 ἡμᾶς
3415 4715 3619 4786 ὀνήσει,
3656 4713 3780 4768 οὔτε

2201 4803 2234 4871 ἡ
2273 4802 2411 4872 πρὸς
2449 4804 2573 4866 τοὺς
2601 4805 2962 4874 αἱρεσιάρχας
2992 4804 3361 4874 προσπάθεια,
3393 4804 3519 4858 οὔτε
3551 4807 3584 4876 ἡ
3631 4823 3780 4874 γονι-

2204 4893 2296 4963 κὴ,
2331 4893 2363 4964 ἢ
2395 4893 2604 4965 φιλικὴ.
2631 4893 2662 4964 ἦ
2696 4895 2894 4963 τοπικὴ
2929 4897 3209 4965 συνήθεια,
3239 4897 3376 4966 πρὸς
3398 4897 3495 4966 τὴν
3522 4897 3778 4950 ἀσέϐειαν

2210 4985 2422 5048 ἁλύτως
2447 4985 2600 5048 τινὰς
2638 4986 3139 5057 καταδεσμεύουσα,
3177 4987 3302 5041 οὔτε
3349 4989 3616 5058 πορισμὸς
3645 5003 3779 5057 χρη-

2215 5075 2422 5145 μάτων,
2459 5075 2492 5147 ἢ
2519 5075 2685 5146 κέρδη
2723 5076 2845 5130 τινὰ
2873 5077 3102 5149 βιωτικὰ
3130 5077 3611 5139 δυσαποσπάστως
3635 5076 3778 5144 ἡμᾶς

2197 5392 2370 5464 νειμ-ς,
2406 5383 2558 5464 quod
2597 5385 2711 5464 ipse
2741 5385 2920 5464 gratis
2949 5383 3180 5453 accepit.

2252 5453 2362 5523 (457)
2419 5451 2583 5508 Panis
2613 5451 2869 5508 videlicet
2910 5451 3241 5518 consecrati,
3292 5469 3455 5523 quem
3503 5453 3558 5507 in
3601 5451 3772 5506 frusta

2197 5521 2448 5576 dividere
2495 5531 2551 5577 et
2599 5525 2911 5577 astantibus
2981 5521 3322 5579 distribuere
3391 5530 3771 5578 consueverat.

2194 5592 2366 5663 Cujus
2408 5595 2575 5663 panis
2605 5593 2868 5662 reliquias
2901 5593 3048 5663 quod
3095 5593 3289 5648 nefarii
3323 5593 3545 5663 quidam
3593 5606 3770 5663 sacer-

2195 5661 2354 5714 dotes
2382 5659 2629 5732 p_ecuuiaa
2659 5659 2832 5732 gratia
2875 5659 3198 5730 venderent,
3228 5659 3418 5718 hac’de
3449 5679 3506 5717 re
3571 5659 3768 5716 merito

2195 5732 2447 5800 queritur
2487 5731 2750 5787 Leontius
