4098 6256
270 385 406 449 1803

1435 373 1737 435 CONTRA
1775 372 2366 435 MONOPIIYSITAS.

3392 377 3525 443 ιδςι

269 499 378 553 ἀπὸ
426 494 525 566 τῆς
572 489 993 561 δεισιδαιμονίας
1038 488 1363 558 ποιήσαντα,
1399 488 1495 540 καὶ
1544 486 1636 539 τὸν
1677 486 1853 557 μέγαν

1958 485 2013 539 in
2036 485 2327 555 “impietate
2352 483 2711 555 detinentur)
2739 526 2753 550 ,
2780 500 2958 556 neque
2988 487 3310 545 divitiarum
3342 498 3518 563 copia,

269 587 546 660 πορισμὸν
586 583 682 654 τὴν
719 583 1005 636 εὐσέϐειαν
1044 580 1181 652 μετά
1221 578 1561 652 αὐταρκείας
1599 577 1849 649 παριδεῖν

1956 593 2128 648 neque
2162 577 2435 633 mundana
2460 577 2710 646 quaedam
2739 578 2913 643 lucra,
2944 595 3069 649 quae
3098 597 3200 637 nos
3225 583 3300 637 ita
3329 583 3525 639 devin-

271 679 669 734 ὐποπείσαντα.
711 677 773 729 Oi
834 674 943 745 γὰρ
980 673 1047 743 δὴ
1088 671 1474 745 φατριαστικοὶ
1511 670 1719 742 κρότοι,
1756 670 1853 723 καὶ

1956 670 2120 733 ciunt,
2140 679 2201 724 ut
2217 669 2306 723 vix
2321 683 2386 724 ac
2403 684 2473 724 ne
2497 669 2590 722 vix
2614 670 2837 740 quidem
2870 686 2900 725 a
2916 673 3313 742 superstitione
3338 673 3528 732 divelli

270 771 492 841 ἀγῶνες
558 768 883 835 ἀντιλογικοὶ
909 805 925 829 ,
982 765 1078 818 καὶ⁵
1132 764 1435 834 πρόληψιςι
1465 761 1852 831 δώασκαλικῆς

272 864 460 930 ἀξίας,
496 860 769 931 φιλοῦντες
806 858 1068 926 λέγεσθαι
1105 856 1272 928 ραϐϐὶ
1321 855 1478 926 παρά
1502 853 1611 907 τῶν
1640 853 1853 926 ἀνθρὼ-

279 971 418 1019 πων,
464 950 560 1005 τοῦ
598 950 943 1019 οἰκτροτάτου
995 948 1209 1001 ἐκείνου
1235 945 1595 1016 ταλανισμοῦ,
1624 946 1717 999 καὶ
1745 943 1853 997 τῶν

1948 761 2243 831 possimus,
2287 768 2343 815 ct
2387 761 2648 830 pietatem
2683 763 2912 833 ejusque
2968 766 3171 819 sociam
3192 766 3529 823 moderatio-

1951 865 2075 904 nem
2102 850 2405 920 ingentium
2434 852 2711 908 bonorum
2731 852 2939 907 fontem
2964 855 3198 923 rejiccre
3230 870 3339 910 non
3368 856 3531 911 dubi-

1952 950 2150 996 temus.
2186 940 2305 996 Non
2332 942 2480 996 enim
2513 942 2847 997 familiarum
2880 945 3127 1012 plausus,
3161 954 3256 999 aut
3288 956 3526 1001 conten-

276 1042 680 1114 ὀδυνηροτάτων
716 1039 987 1111 βασάνων,
1032 1038 1130 1092 καὶ
1175 1037 1275 1107 τῆς
1316 1037 1397 1099 είς
1435 1037 1499 1088 τὸ
1549 1035 1740 1097 σκότος
1793 1034 1856 1087 τδ

1956 1030 2119 1085 tionis
2146 1031 2353 1095 studia,
2381 1046 2563 1101 neque
2593 1047 2733 1086 vana
2773 1032 2967 1103 gloria,
3011 1048 3119 1102 qua
3144 1034 3436 1104 magistros
3458 1036 3531 1090 ab

277 1133 539 1205 ἐξώτερον
568 1131 917 1204 παραδόσεως
940 1128 1289 1199 ὲξαιροῦνται
1318 1125 1532 1190 τούσδε,
1557 1125 1607 1178 οἳ
1639 1124 1700 1176 τὺ
1737 1124 1853 1193 φῶς

273 1228 371 1297 τῆς
400 1225 662 1297 ἀληθείας
690 1224 1024 1295 ἠρνήσαντο,
1058 1221 1154 1274 καὶ
1188 1220 1502 1291 ηὐδόκησαν
1526 1219 1584 1269 ἐν
1618 1216 1697 1286 τῷ
1731 1214 1851 1268 σκόι

273 1331 355 1367 τει
381 1312 476 1367 τοῦ
495 1313 746 1384 ψεύδους.
777 1312 1089 1381 Εὐάρεστον
1115 1309 1227 1380 γάρ
1250 1307 1371 1377 Θεῷ
1408 1306 1471 1359 τὺ
1499 1305 1703 1368 παντὸς
1728 1321 1861 1375 προσ

278 1405 484 1458 τιθέναι
512 1404 615 1475 τὴν
639 1403 921 1473 ἀλήθειαν,
951 1400 1047 1454 καὶ
1076 1399 1309 1469 μάλιστα
1338 1400 1396 1451 ὲν
1422 1400 1536 1460 τοῖς
1568 1396 1697 1466 περὶ
1725 1395 1859 1449 Θεοῦ

274 1494 439 1552 αὐτοῦ
464 1499 562 1568 τῆς
578 1494 857 1563 ἀληθείας.
881 1490 984 1545 Διά
998 1489 1132 1560 γοῦν
1146 1489 1263 1543 τόδε
1278 1489 1381 1542 καὶ
1403 1488 1565 1558 μόνον
1605 1485 1857 1558 Ἀϐραὰμ

272 1586 554 1640 Χαλδαίων
583 1584 681 1657 τὴν
701 1583 957 1638 ἀσέϐειαν
975 1579 1296 1644 ἀποπτύσας
1312 1579 1454 1652 μετά
1495 1595 1603 1631 πατ
1612 1577 1702 1648 ρδς
1721 1617 1735 1641 ,
1766 1578 1860 1631 καὶ

272 1675 447 1739 οίκου,
466 1672 561 1726 καὶ
593 1672 935 1741 συγγενείας,
973 1671 1066 1725 καὶ
1091 1670 1277 1739 φίλων,
1305 1671 1403 1723 καὶ
1420 1668 1738 1740 χώρας,καὶ
1762 1667 1870 1729 λοιο,

274 1764 414 1830 πῶν,
429 1763 814 1836 προσεχώρησε
830 1765 896 1834 τῇ
914 1761 1180 1833 εὐσεϐείᾳ,
1198 1760 1315 1830 Θεῷ
1326 1776 1385 1812 τε
1400 1760 1494 1814 ἐπὶ
1510 1759 1690 1830 τούτῳ
1713 1759 1859 1829 πρώη

1956 1121 2274 1175 hominibus
2304 1121 2645 1191 seappellari
2690 1121 2948 1191 gaudent,
3001 1122 3219 1193 eripere
3268 1135 3530 1193 poterunt

1957 1212 2188 1267 summis
2210 1212 2319 1266 illis
2340 1212 2601 1279 miseriis,
2623 1213 3012 1282 atrocibusque
3035 1215 3342 1285 suppliciis,
3363 1226 3528 1287 atque

1959 1304 2204 1358 tenebris
2253 1304 2624 1359 exterioribus
2674 1304 2926 1360 homines
2963 1307 3107 1371 illos,
3160 1308 3252 1377 qui
3283 1309 3539 1364 veritatis

1960 1395 2163 1450 claram
2197 1394 2378 1448 lucem
2403 1403 2748 1461 aversantur,
2770 1404 2937 1466 atque
2957 1397 3186 1467 gloriam
3208 1398 3350 1453 inter
3374 1415 3528 1453 men-

1960 1484 2103 1539 dacii
2155 1485 2411 1539 tenebras
2453 1494 2731 1553 quaerunt.
2788 1485 2902 1540 Deo
2934 1486 3139 1556 quippe
3190 1496 3401 1557 gratum
3446 1497 3530 1542 est

1962 1577 2246 1631 veritatem
2277 1575 2446 1629 rebus
2473 1575 2735 1630 omnibus
2756 1583 3110 1646 anteponere,
3144 1578 3449 1647 prmsertim
3476 1579 3530 1632 in

1960 1666 2030 1721 iis
2064 1681 2187 1737 quae
2212 1675 2464 1737 spectant
2485 1665 2554 1720 ad
2586 1667 2756 1722 Deum
2782 1667 3117 1737 ipsumnliac
3147 1684 3253 1723 una
3276 1668 3344 1723 de
3366 1685 3530 1723 causa

1959 1769 2016 1814 et
2049 1759 2322 1813 Abraham
2368 1756 2751 1814 Chaldatorum
2808 1759 2976 1830 impia
3006 1760 3272 1832 religione
3298 1761 3530 1832 abjecta,

272 1872 351 1927 τῳ
377 1856 473 1908 καὶ
509 1855 655 1925 μόνῳ
677 1856 988 1925 ὴγάπηται,
1014 1851 1107 1904 καὶ
1125 1850 1483 1920 πεφύλακται.
1509 1852 1604 1904 καὶ
1640 1850 1855 1917 δεδόξα-

1961 1851 2167 1906 relictis
2218 1850 2387 1906 rebus
2444 1851 2725 1917 omnibus,
2780 1860 2957 1922 patre,
3022 1851 3210 1917 domo,
3259 1855 3530 1925 cognatis,

276 1963 426 2007 σται,
469 1945 565 1997 καὶ
616 1942 1014 2013 πεπλήθυνται.
1047 1940 1259 2003 Παῦλος
1299 1939 1354 1994 δὲ
1401 1942 1430 1994 6
1464 1940 1760 2003 ἀπόστολος
1789 1940 1852 1995 ἀ-

275 2052 403 2089 τινα
439 2031 510 2103 ἦν
558 2033 707 2104 αὐτῷ
747 2033 940 2103 κέρδη,
988 2033 1163 2087 πάντα
1209 2032 1456 2085 σκύϐαλα
1505 2034 1751 2103 ἡγήσατο
1782 2031 1850 2084 δι’

279 2126 437 2179 οὐδὲν
471 2125 686 2196 ἕτερον,
734 2124 823 2177 ἵνα
865 2125 1098 2193 Χριστὸν
1144 2125 1411 2196 κερδανεῖ.
1443 2125 1553 2177 Καὶ
1585 2127 1635 2178 oi
1675 2124 1853 2178 λοιποὶ

283 2219 486 2279 πάντες
506 2215 566 2283 ἐξ
603 2215 906 2284 Ἐλλήνων,
927 2214 1021 2267 καὶ
1047 2214 1425 2283 Σαμαρειτῶν,
1451 2215 1545 2268 καὶ
1580 2215 1854 2268 Ἰουδαίων

285 2309 468 2361 πιστοὶ
497 2306 642 2375 ἀγιοι
658 2305 921 2368 ὡσαύτως
949 2303 1134 2374 ἔσχον
1168 2321 1187 2355 ι
1219 2304 1280 2356 '0
1306 2304 1412 2374 γὰρ
1433 2303 1507 2374 μὴ
1528 2304 1856 2373 ἀρνούμενος

282 2400 521 2471 πατέρα,
553 2395 879 2468 καὶμητέρα
909 2397 1002 2448 καὶ
1034 2395 1320 2464 ἀδελφοὺς,
1355 2396 1447 2447 καὶ
1489 2394 1742 2463 ἀδελφὰς,
1768 2396 1861 2446 καὶ

276 2490 466 2552 τέκνα,
501 2488 592 2540 καὶ
614 2486 845 2557 ἀγροὺς,
878 2487 969 2538 καὶ
1006 2486 1203 2549 οἰκίαν,
1229 2483 1308 2537 ἔτι
1338 2484 1396 2537 δὲ
1425 2486 1514 2537 καὶ
1542 2485 1639 2555 τὴν
1670 2484 1861 2537 ἑαυτοῦ

272 2578 453 2651 ψυχὴν
480 2578 665 2631 ἕνεκεν
689 2574 846 2646 ἐμοῦ,
875 2576 973 2629 οὐκ
1000 2576 1113 2630 ἔστι
1145 2593 1248 2647 μου
1278 2575 1447 2639 ἀξιος.
1471 2593 1491 2628 ι
1514 2576 1676 2645 φησὶν
1692 2574 1721 2627 6
1745 2574 1860 2628 Κύ-

277 2686 414 2741 ριος.
436 2671 541 2724 Καὶ
566 2670 640 2740 μή
660 2687 742 2732 τις
756 2666 1145 2737 διαλογιςὲσθω
1162 2667 1337 2736 λέγων
1353 2684 1366 2699 ·
1385 2666 1523 2719 Ἀλλ’
1539 2667 1638 2737 οὐχ
1662 2667 1695 2736 ή
1719 2666 1859 2720 κατά

273 2764 376 2826 τὰς
414 2762 652 2833 αἱρέσεις
698 2759 926 2826 διένεξις
964 2758 1100 2829 πρὸς
1136 2758 1239 2830 τὴν
1278 2757 1587 2827 ὀρθοδοξίαν
1609 2758 1670 2809 οὐ
1699 2757 1856 2809 τόσον

270 2852 582 2923 διέστηκεν,
611 2851 688 2914 ὡς
723 2852 757 2921 ἠ
798 2850 1106 2913 Χαλδαίων,
1141 2850 1237 2902 καὶ
1279 2847 1567 2918 Ἐϐραίων,
1598 2846 1693 2900 καὶ
1731 2846 1855 2899 Ἐλ-

271 2941 459 3013 λήνων
495 2940 719 2995 ἀσέϐεια
767 2940 870 3009 τῆς
926 2937 1165 3009 ἀληθοῦς
1222 2938 1477 3001 πίστεως,
1518 2938 1605 2991 ἵνα
1651 2936 1856 3007 ὁμοίως

267 3035 466 3096 αὐτοῖς
510 3029 897 3102 ἀλλοτριωθείη
927 3030 1036 3082 ἀπὸ
1066 3028 1307 3100 Χριστοῦ
1349 3029 1378 3080 6
1423 3031 1552 3098 περὶ
1594 3026 1760 3098 μέρος
1792 3043 1849 3079 τι

265 3123 377 3193 τῆς
422 3120 591 3192 ὀρθῆς
636 3120 873 3184 πίστεως
906 3119 1067 3190 μόνον
1087 3117 1334 3172 ἀπειθῶν
1375 3117 1453 3188 τῷ
1480 3118 1626 3188 λόγῳ
1646 3134 1662 3150 ·
1686 3119 1714 3170 6
1741 3117 1852 3187 γὰρ
1874 3165 1918 3227 C

267 3211 511 3283 σμικρόν
533 3227 588 3263 τι
617 3209 804 3280 μόριον
834 3206 1083 3261 ὁπωσοῦν
1106 3207 1492 3271 εὐσεϐείαςτοῦ
1523 3206 1682 3275 λόγου
1705 3222 1850 3277 παρ-

263 3303 423 3374 ορῶν
489 3301 579 3354 διά
626 3298 1006 3371 προσπάθειαν
1050 3298 1246 3366 ἀλογόν
1292 3315 1436 3361 τινος
1490 3298 1680 3366 ἐτέρου
1756 3296 1853 3350 καὶ

265 3395 593 3466 συνήθειαν,
618 3392 777 3462 δῆλός
817 3393 989 3455 ἔστιν,
1020 3391 1096 3454 ὡς
1129 3390 1225 3444 καὶ
1257 3391 1382 3443 ὅσον
1408 3389 1650 3443 εὐσεϐεῖν
1677 3390 1847 3454 δοκεῖ,

260 3486 397 3540 οὐδὲ
425 3485 585 3539 τοῦτο
611 3483 672 3549 ἐξ
716 3484 978 3555 αἱρέσεως
1012 3482 1237 3546 οἰκείας,
1268 3481 1404 3536 ἀλλά
1435 3482 1541 3535 ἀπὺ
1572 3482 1849 3553 συμϐεϐη-

258 3578 457 3631 κότων
491 3574 694 3644 γονέων
737 3574 770 3645 ἢ
826 3574 1027 3638 τόπων,
1057 3572 1091 3644 ἡ
1122 3573 1290 3643 φίλων
1329 3574 1678 3645 παραδόσεως
1712 3572 1850 3639 ἕξει·

255 3666 345 3729 ὠς
411 3666 573 3736 εἴπερ
629 3666 723 3719 κοιλ⁸
765 3666 1083 3735 Μανιχαίων
1121 3665 1330 3734 ἔτυχεν,
1391 3664 1424 3734 ἢ
1488 3664 1775 3735 Ἑλλήνων,
1818 3664 1852 3734 ἢ

270 3756 564 3828 Ἐϐραίων
613 3757 722 3818 υἱὸς
773 3751 929 3820 εἶναι,
978 3757 1010 3827 ἢ
1053 3756 1300 3829 φίλος,ἢ
1364 3754 1628 3817 σύνοικος,
1674 3754 1855 3824 πολλῷ

254 3850 487 3920 μᾶλλον
531 3849 598 3903 ἂν
651 3847 1052 3919 ἀπειθεστέρως
1101 3848 1333 3902 διέκειτο
1381 3848 1518 3918 πρὸς
1572 3846 1669 3917 τὴν
1717 3847 1854 3917 ἀλή-

250 3950 462 4004 θειαν·
503 3946 666 4018 είπερ
703 3947 814 4016 γάρ
866 3946 1048 4014 ὀλίγον
1114 3944 1367 4015 ἀφεστὼς
1414 3945 1478 3999 οὐ
1533 3943 1858 4015 προστρέχει

1951 1942 2144 1999 amicis
2178 1950 2237 1997 et
2266 1943 2495 2015 regione
2550 1943 2690 2013 ipsa,
2723 1952 2899 1998 totum
2938 1959 3059 1999 sese
3111 1944 3304 2014 pietati
3357 1944 3529 2009 dedit,

1951 2033 2119 2104 idque
2170 2036 2513 2105 potissimum
2567 2036 2623 2090 in
2663 2050 2827 2092 causa
2899 2036 3024 2101 fuit,
3064 2051 3218 2091 cura
3257 2037 3369 2092 Deo
3414 2037 3533 2108 ipso

1951 2126 2112 2181 unice
2133 2126 2838 2199 diligeretur,'summisque
2857 2127 3167 2183 cumulatus
3203 2128 3528 2190 honoribus.

1951 2216 2157 2288 ingenti
2213 2206 2517 2274 liberorum
2580 2219 2932 2275 multitudine
2980 2220 3300 2274 donaretur.
3331 2220 3528 2274 Paulus

1952 2322 2171 2378 quoque
2196 2309 2411 2364 lucrum
2444 2326 2607 2365 omne
2635 2319 2850 2366 stercus
2869 2309 3046 2375 duxit,
3078 2311 3227 2364 nulla
3261 2324 3393 2364 sane
3426 2309 3537 2363 alia

1958 2397 2026 2450 de
2052 2413 2215 2454 causa
2243 2401 2349 2455 nisi
2370 2412 2432 2457 ut
2450 2401 2728 2457 Christum
2754 2402 2931 2471 ipsum
2952 2402 3317 2457 lucrifaceret.
3335 2398 3530 2456 Caeteri

1961 2486 2199 2559 denique
2222 2493 2396 2546 sancti
2424 2509 2550 2547 cum
2577 2492 2771 2558 Graeci,
2797 2504 2912 2548 tum
2943 2494 3181 2557 Hebraei,
3208 2501 3266 2547 et
3290 2491 3529 2547 Samari-

1962 2582 2072 2635 tani
2113 2597 2304 2638 omnes
2342 2584 2536 2638 eodem
2578 2586 2742 2640 modo
2779 2586 2959 2641 allecti
2993 2585 3236 2640 fuerunt.
3274 2605 3292 2636 ι
3320 2585 3533 2639 Etenim

1957 2674 2050 2741 qui
2075 2688 2180 2726 non
2200 2674 2447 2743 abnegat,
2479 2675 2557 2728 ait
2598 2675 2887 2741 Dominus,
2918 2683 3147 2745 patrem,
3195 2682 3245 2727 et
3283 2683 3530 2737 matrem,

1955 2768 2005 2813 et
2033 2761 2249 2829 fratres,
2299 2769 2348 2815 et
2375 2778 2605 2827 sorores,
2635 2771 2686 2816 et
2719 2761 2880 2830 ﬁlios,
2926 2768 2977 2816 et
3003 2777 3180 2832 agros,
3210 2769 3260 2814 et
3297 2763 3531 2825 domum,

1957 2860 2008 2905 et
2034 2868 2188 2905 suam
2215 2854 2380 2923 ipsius
2427 2855 2666 2907 animam
2698 2864 2912 2924 propter
2936 2868 3040 2914 me,
3088 2870 3192 2907 non
3217 2861 3294 2907 est
3343 2869 3425 2906 me
3457 2853 3535 2907 di-

1954 2960 2107 3013 gnus.
2135 2944 2324 3013 Neque
2357 2944 2505 2999 dicat
2538 2948 2663 3015 quis
2695 2945 3079 3000 haereticorum
3126 2943 3378 3015 dogmata
3421 2960 3530 2998 non

1955 3036 2031 3089 ita
2079 3034 2347 3090 dissidere
2388 3036 2459 3091 ab
2513 3046 2662 3091 recta
2697 3036 2825 3102 ﬁde,
2880 3036 3344 3106 quemadmodum
3365 3034 3530 3091 Chal-

1958 3123 2201 3179 daeorum
2278 3124 2547 3194 impietas,
2572 3134 2630 3179 et
2695 3124 3047 3179 Hebraeorum
3101 3124 3530 3195 ercorumque

1955 3214 2185 3270 dissidet
2211 3230 2241 3269 a
2271 3226 2418 3270 recta
2450 3216 2656 3271 Christi
2706 3216 2952 3271 ﬁdelium
2997 3218 3306 3289 religione;
3342 3219 3534 3288 proin:-

1955 3306 2131 3376 deque
2163 3307 2316 3377 sequi
2347 3323 2452 3363 nec
2485 3308 2680 3362 eodem
2708 3308 2879 3363 modo
2912 3325 3025 3378 quo
3070 3310 3305 3380 gentiles
3349 3309 3533 3364 desci-

1954 3406 2171 3463 verunt,
2232 3399 2543 3454 desciscere
2576 3415 2606 3453 a
2645 3398 2866 3455 Christo
2898 3416 3047 3465 eum,
3088 3401 3181 3469 qui
3221 3415 3329 3454 una
3374 3408 3534 3469 parte

1955 3488 2216 3543 duntaxat
2273 3504 2303 3543 a
2358 3498 2512 3546 recta
2592 3489 3033 3545 Christianorum
3103 3490 3207 3545 fide
3264 3490 3528 3545 deﬂectit.

1956 3580 2091 3635 Nam
2116 3581 2209 3650 qui
2238 3580 2458 3651 pictatis
2478 3590 2690 3652 partem
2716 3596 2881 3636 unam
2905 3582 2990 3636 vel
3031 3581 3312 3635 minimam
3342 3581 3531 3646 violat,

1959 3678 2018 3724 ut
2038 3671 2332 3726 absurdam
2359 3673 2599 3742 aliquam
2622 3671 2929 3726 doctrinam
2956 3680 3049 3726 aut
3075 3671 3533 3728 consuetudinem

1959 3773 2241 3833 sequatur,
2290 3762 2581 3818 manifeste
2629 3762 2892 3823 declarat.
2946 3777 3097 3817 sene
3131 3763 3264 3817 illud
3310 3763 3532 3833 quidem

1960 3858 1977 3922 (
2016 3854 2072 3909 in
2103 3870 2214 3925 quo
2270 3856 2505 3910 maxime
2552 3852 2640 3923 pie
2709 3854 2919 3908 sentire
2986 3853 3240 3917 videtur)
3277 3854 3532 3922 amplecti

1957 3955 2153 4014 sponte
2194 3946 2446 4010 ductum,
2481 3942 2580 3998 sed
2618 3952 2717 3997 aut
2747 3951 3063 4011 parentum.
3103 3952 3198 3997 aut
3221 3944 3531 4013 regionum.

250 4042 361 4094 καὶ
395 4039 731 4094 καθέλκεται
758 4041 825 4110 τῇ
861 4038 1108 4109 ἀληθείᾳ,
1141 4039 1331 4091 πλεῖον
1359 4035 1685 4105 διεστηκὼς,
1722 4033 1856 4102 μᾶλ-

1959 4036 2045 4090 vel
2076 4037 2377 4091 amicorum
2428 4032 2876 4088 institutionibus
2924 4033 3221 4086 irretitum.
3265 4033 3535 4097 Quocirca

247 4131 353 4184 λον
382 4130 457 4184 ἂν
482 4129 760 4192 ἀσπόνδως
785 4127 896 4199 εἶχε
930 4128 1066 4196 πρὸς
1099 4128 1290 4197 αὐτήν.

1960 4123 2055 4191 qui
2096 4126 2192 4178 tali
2240 4125 2404 4178 modo
2443 4121 2678 4174 affectus
2714 4126 2820 4181 est,
2868 4118 2913 4172 si
2966 4118 3410 4185 Manichmorum,
3441 4130 3538 4176 aut

245 4219 591 4275 Gracorum
633 4218 1056 4273 Hebraeorumve
1099 4216 1247 4270 ﬁlius
1284 4215 1566 4277 evaderet,
1601 4220 1697 4265 aut
1752 4208 1984 4276 amicus,
2033 4221 2129 4265 aut
2157 4212 2461 4273 familiaris,
2498 4209 2659 4278 longe
2731 4209 2900 4281 magis
2955 4224 3118 4281 quam
3160 4212 3261 4281 ipsi
3290 4213 3535 4284 profecto

249 4312 570 4367 veritatem
626 4319 917 4380 sperneret
982 4317 1039 4363 et
1081 4313 1449 4361 aversaretur.
1502 4303 1558 4358 Si
1595 4302 1743 4356 enim
1776 4317 1901 4358 cum
1937 4316 2133 4370 parum
2180 4287 2322 4357 ab'sit
2350 4299 2825 4364 averitate,'eam
2860 4312 3042 4357 tamen
3082 4300 3225 4358 haud
3287 4308 3536 4376 sequitur

245 4402 776 4473 amplectiturque;
804 4400 1057 4471 profecto
1097 4399 1142 4453 si
1179 4396 1397 4468 longius
1422 4395 1660 4460 abesset,
1692 4393 1859 4449 etiam
1896 4392 2141 4447 animant
2160 4392 2230 4448 ab
2264 4393 2381 4463 ipsa
2406 4392 2639 4447 veritate
2665 4392 2834 4463 magis
2854 4394 3095 4449 alienum
3120 4411 3233 4464 pra:
3257 4412 3315 4452 se
3340 4398 3530 4457 ferret.

335 4513 357 4545 ε
416 4492 608 4557 Ἀλλὰ,
649 4493 809 4562 φησὶ,
846 4492 968 4544 κατ’
1000 4489 1239 4561 ἐμαυτὸν
1267 4487 1378 4557 ἐγὼ
1402 4485 1639 4557 νομίζων
1679 4501 1856 4556 κρειτ-

2041 4503 2060 4534 ‹
2092 4483 2181 4549 At,
2206 4484 2443 4553 inquies,
2469 4482 2603 4537 mihi
2632 4483 2823 4537 intime
2849 4488 3171 4554 persuasum
3192 4493 3277 4540 est
3305 4489 3532 4551 rectius,

245 4583 441 4647 τόνως
477 4586 717 4653 φρονεῖν,
750 4580 1071 4652 ἔχομαιτῆς
1102 4580 1242 4651 ἐμῆς
1265 4578 1423 4649 δόξης
1446 4577 1852 4649 ἀμεταθέτως.»

1963 4590 2130 4646 quam
2160 4591 2258 4630 vos
2281 4592 2370 4631 me
2391 4574 2621 4641 sentire,
2651 4585 2944 4645 propterea
2981 4582 3298 4631 constanter
3330 4576 3383 4631 in
3410 4592 3533 4633 mea

1889 4705 1933 4759 Β
1959 4669 2233 4723 sententia
2263 4682 2481 4723 maneo.
2515 4686 2534 4719 ι

336 4761 520 4815 Ἀλλά
551 4762 646 4815 καὶ
676 4761 807 4830 περὶ
854 4752 929 4811 ὧν
957 4774 1119 4828 φησιν
1154 4757 1183 4809 6
1224 4754 1543 4820 Ἀπόστολος
1584 4754 1853 4809 Ἰουδαίων

2029 4761 2230 4814 Verum
2264 4760 2338 4813 ita
2372 4752 2493 4814 sese
2522 4757 2785 4814 habuisse
2820 4768 2877 4813 et
2902 4757 3122 4814 Iudaeos
3156 4760 3315 4829 (quos
3345 4769 3529 4816 tamen

237 4854 324 4918 ὡς
351 4852 498 4922 Θεῷ
525 4857 599 4923 μὴ
618 4851 986 4924 ἀρεσκόντων,
1020 4851 1115 4903 καὶ
1142 4850 1232 4901 τὸν
1262 4848 1469 4920 Κύριον
1503 4848 1851 4916 σταυρωσάν-

1960 4852 2191 4907 allirmat
2230 4852 2436 4933 Paulus
2486 4850 2783 4921 displicere
2834 4850 2982 4914 Deo,
3022 4859 3187 4920 atque
3236 4850 3528 4905 Dominum

238 4962 389 5007 των,
427 4944 687 5002 καὶτοὺς
712 4941 1047 5004 ἀποστόλους
1074 4941 1403 5007 διωξάντων,
1433 4940 1526 4993 καὶ
1557 4941 1724 4994 πᾶσιν
1758 4940 1851 4993 ἀν-

1957 4942 2327 5007 cruciﬁxisse,
2355 4951 2412 4997 et
2442 4941 2722 5011 apostolos
2749 4941 3007 5011 p‘rsequi
3026 4982 3039 5003 ,
3070 4948 3125 4994 et
3154 4939 3317 4992 nullis
3351 4939 3530 4994 homi-

236 5034 522 5106 θρώποις
546 5030 944 5092 ἀπειθούντων,
970 5031 1116 5100 ὅμως
1141 5030 1304 5084 τοῦτο
1337 5031 1612 5093 κάκείνοις
1643 5046 1849 5100 μαρτυ-

1959 5051 2091 5089 num
2124 5034 2374 5104 obedire)
2405 5040 2642 5088 testatur
2666 5031 2810 5086 idem
2833 5031 3157 5100 Apostolus,
3183 5028 3275 5082 ubi
3309 5043 3528 5084 rursum

237 5130 359 5197 ρεῖ’
403 5124 559 5195 φησὶ
588 5125 698 5193 γάρ
730 5140 808 5191 πη
846 5122 1022 5174 πάλιν·
1054 5121 1342 5190 Μαρτυρῶ
1374 5122 1483 5190 γὰρ
1506 5122 1731 5186 αὐτοῖς,
1769 5121 1856 5175 ὅτι

1960 5125 2094 5197 dicit
2120 5144 2133 5178 :
2160 5124 2339 5178 Testor
2362 5140 2446 5178 eos
2470 5124 2661 5177 habere
2687 5122 2781 5177 Dei
2803 5121 2995 5185 zelum,
3013 5120 3102 5173 sed
3126 5134 3227 5172 non
3249 5118 3531 5176 secundum
3580 5188 3585 5195 ι

234 5215 455 5286 ζῆλον
504 5214 655 5268 Θεοῦ
698 5214 956 5283 ἔχουσιν
981 5253 996 5274 ,
1049 5214 1185 5267 ἀλλ’
1228 5216 1300 5267 οὐ
1349 5216 1474 5268 κατ’
1510 5215 1856 5283 ἐπίγνωσιν.

1963 5217 2325 5269 discretionem
2351 5216 2397 5268 8.
2429 5214 2550 5268 Νοη
2597 5222 2819 5283 oportet
2857 5218 2987 5281 ergo
3025 5209 3181 5263 caecis
3222 5205 3395 5258 oculis
3435 5222 3533 5262 vos

239 5310 410 5379 Ἀρι
439 5300 550 5359 οὖν
577 5306 676 5374 οὐχ
691 5301 884 5365 ἁπλῶς
915 5302 1128 5372 ζηλοῦν,
1160 5305 1293 5356 ἀλλὰ
1322 5304 1614 5373 ἐπιγνώσει
1642 5302 1737 5357 τοῦ
1769 5304 1856 5372 ξη-

1965 5306 2223 5376 amplecti
2253 5305 2506 5376 dogmata
2558 5320 2680 5373 qua:
2711 5304 3034 5361 traduntur;
3066 5295 3160 5349 sed
3189 5308 3328 5360 opus
3355 5304 3441 5348 est
3468 5313 3532 5381 ea

230 5398 545 5471 λουμένου
596 5396 870 5465 δόγματος
903 5394 1004 5447 δεῖ.
1044 5394 1152 5447 Καὶ
1177 5397 1283 5465 γὰρ
1312 5396 1407 5448 καὶ
1448 5397 1597 5449 πᾶσα
1640 5395 1856 5462 ἄλογος,

1966 5395 2313 5466 perpendere
2339 5395 2656 5464 diligenter,
2675 5404 2731 5449 et
2754 5390 2997 5463 penitius
3023 5385 3112 5437 illa
3144 5381 3532 5471 introspicere.

235 5468 597 5559 καὶ-ἄνομος
611 5486 917 5555 παράδοσις
940 5486 1032 5539 καὶ
1056 5488 1245 5550 ἐθνῶν,
1271 5487 1663 5558 καὶ,αίρέσεων,
1686 5486 1856 5540 οίεταί

1964 5485 2159 5541 Omnis
2209 5485 2359 5539 enim
2415 5483 2660 5538 omnium
2715 5480 2960 5552 gentium
3045 5478 3099 5522 et
3150 5468 3535 5531 haereticorum

230 5599 289 5635 τι
342 5580 544 5639 καλὸν
591 5580 798 5642 ποιεῖν,
829 5576 1016 5645 ὥσπερ
1054 5573 1145 5631 οὖν
1177 5578 1271 5631 καὶ
1303 5579 1781 5652 ἀνθρωποθυσεαις
1810 5582 1851 5631 ηε

1966 5577 2255 5641 doctrina,
2290 5573 2647 5646 quantumvis
2686 5571 2850 5639 impia
2890 5573 2946 5618 et
2979 5557 3246 5620 absurda,
3282 5570 3437 5626 puta:
3470 5590 3530 5629 se

312 5740 331 5777 ῐ
362 5734 733 5796 ΔΜιιιιιιδιιιῑ,
764 5728 857 5783 29.
940 5730 964 5768 ⁸
987 5728 1141 5783 Rom.
1167 5747 1217 5794 κ,
1239 5732 1273 5784 Ε).
