3998 6282
528 381 662 447 1895

1773 378 2085 439 LEONTII
2124 376 2531 438 BYZANTINI

3650 364 3794 431 1896

523 492 813 550 continere
851 491 1057 546 bonum
1101 489 1325 561 aliquod
1374 488 1693 544 institutum
1740 507 1755 542 :
1796 490 1927 545 hinc
1974 489 2110 560 Scy-

2237 490 2420 545 Ξκύθαι
2452 485 2853 550 θεοσεϐοὖντες.
2884 484 3015 539 Δέον
3045 482 3152 555 ἄρα
3186 481 3260 553 μὴ
3290 481 3534 551 ἀμελεῖν,
3572 480 3673 553 ὅση
3700 481 3799 535 δύ-

524 586 636 642 ιιιαδ
661 584 772 654 (μ)
796 584 1043 639 victimis
1065 582 1323 638 humanis
1345 584 1516 637 Deum
1543 582 1798 647 colendo,
1818 582 1908 652 pie
1933 592 2112 637 recte-

524 696 635 751 que
678 694 736 736 se
781 694 946 752 agere
992 677 1360 733 arbitrantur.
1393 674 1625 746 Oportet
1666 691 1800 746 ergo
1842 674 2108 741 scrutari,

524 780 799 841 quantum
846 770 902 825 in
952 769 1115 823 nobis
1158 776 1276 832 est,
1310 774 1367 822 et
1409 780 1661 837 quaerere
1703 765 2027 827 veritatem,
2057 773 2115 819 et

527 872 784 918 accurate
818 870 1016 916 cuncta
1053 858 1484 930 perpendendo,
1518 867 1726 913 rectam
1762 856 1818 911 in
1854 856 2115 912 omnibus

527 953 782 1024 amplecti
821 951 1176 1007 sententiam.
1207 950 1317 1005 Nos
1352 958 1506 1004 certe
1550 958 1607 1004 et
1636 957 1928 1019 argentum
1966 947 2116 1002 acci-

527 1059 694 1114 pere,
743 1057 927 1111 neque
974 1050 1185 1096 vestem
1237 1055 1422 1095 emere
1476 1039 1752 1101 solemus,
1800 1038 1908 1093 nisi
1959 1038 2151 1108 prius,

531 1146 832 1206 utrumque
854 1142 1114 1191 accurate
1150 1133 1712 1198 consideraverimus,
1735 1130 2114 1202 exploraverio

530 1241 767 1296 musque
795 1224 1240 1295 diligentissime.
1270 1223 1430 1290 Quod
1460 1238 1585 1277 cum
1614 1224 1691 1278 ita
1720 1223 1813 1286 sit,
1838 1221 2118 1291 quomodo

530 1317 889 1374 excusatione
933 1315 1088 1385 digni
1129 1330 1254 1370 esse
1301 1314 1645 1384 poterimus,
1682 1321 1891 1369 temere
1932 1311 2119 1367 divina

532 1410 785 1482 dogmata
817 1406 1206 1478 amplectende
1240 1404 1705 1476 proﬁtendoque?
1739 1404 1938 1459 Nostra
1969 1404 2119 1458 enim

533 1496 623 1553 his
656 1498 713 1552 in
744 1496 913 1552 rebus
946 1494 1283 1566 negligentia
1316 1493 1727 1565 quodammodo
1761 1494 1963 1548 clamat
1991 1495 2120 1548 nul-

533 1589 645 1646 lius
675 1588 943 1644 momenti
973 1602 1120 1652 esse,
1152 1604 1274 1656 qua:
1308 1587 1592 1658 credimus
1621 1587 1689 1641 de
1718 1585 1941 1641 Christo
1970 1587 2120 1656 ejus-

2218 600 2404 654 ναμις,
2439 582 2535 635 καὶ
2563 580 2793 651 ὲρευνᾷν
2839 576 2937 648 τὴν
2967 575 3242 646 ἀλήθειαν,
3289 573 3385 626 καὶ
3429 572 3606 627 πάντα
3646 571 3801 626 δοκι»-

2222 669 2496 742 μάζοντας
2517 710 2531 735 ,
2584 671 2647 722 τὸ
2696 667 2860 722 καλὸν
2900 665 3155 737 φρόνημα
3186 664 3464 734 κατέχειν·
3496 661 3552 716 οἵ
3584 679 3647 732 γε
3675 662 3799 716 οἱδὶ
3849 711 3861 717 -

2219 760 2486 832 ἀργύριον
2533 758 2906 829 λαμϐάνομεν,
2941 756 2973 826 ἢ
3017 754 3233 825 ίμάτιον
3269 752 3579 823 ὠνούμεθα,
3620 753 3670 805 εί
3722 751 3799 821 μὴ

2218 848 2591 919 δοκιμασίαις,
2623 848 2715 900 καὶ
2741 845 3049 916 πυρώσεσι,
3090 842 3185 897 καὶ
3213 842 3538 907 ἐπιδείξεσιν
3566 843 3644 904 εἰς
3675 841 3799 895 ἑ.τέ-

2229 959 2353 1011 ρους
2388 940 2647 1003 πλειόνως
2689 938 2821 991 αὐτὸ
2872 935 3254 1008 βασανίσομεν.
3290 933 3412 998 Πῶς
3453 929 3549 988 οὖν
3588 930 3802 1001 εὖλογοι

2221 1029 2369 1102 ὦμεν
2399 1030 2688 1102 ἀτημελῶς
2720 1030 2820 1101 τὴν
2851 1029 3002 1083 θείαν
3044 1025 3201 1091 δόξαν
3243 1026 3703 1097 προσδεχόμενοι;
3738 1026 3803 1078 τὸ

2223 1127 2331 1196 γὰρ
2365 1127 2422 1177 ὲν
2454 1124 2663 1187 τούτοις
2693 1122 3052 1193 ἀφρόντιστον
3075 1119 3149 1183 ὡς
3187 1118 3289 1172 οὐκ
3317 1117 3596 1185 ἀξιόλογόν
3618 1134 3671 1170 τι
3700 1119 3809 1170 οἱο-

2227 1219 2427 1288 μένους
2469 1218 2621 1287 ἡμᾶς
2666 1214 2766 1286 τὴν
2798 1214 2897 1284 τῆς
2937 1213 3174 1276 πίστεως
3213 1211 3448 1282 Χριστοῦ
3492 1211 3675 1297 χάριν,
3706 1211 3809 1263 καὶ

2227 1309 2491 1381 ἀλήθειαν
2537 1307 2853 1373 διαϐάλλει,
2910 1305 2985 1359 δι’
3030 1301 3104 1373 ἧς
3140 1303 3287 1372 ἡμῖν
3332 1302 3403 1357 τὰ
3443 1303 3595 1369 πρὸς
3649 1301 3811 1368 ζωὴν

2227 1400 2428 1455 πάντα
2480 1399 2553 1453 τὰ
2588 1398 2719 1455 θεῖα
2770 1396 2869 1451 καὶ
2893 1396 3149 1467 μέγιστα
3179 1393 3597 1464 ἐπαγγέλματα
3625 1393 3810 1447 δεδώ-

2220 1510 2419 1563 ρηται,
2449 1494 2524 1557 ὡς
2550 1493 2786 1563 είρηται,
2810 1490 2955 1562 καὶὴ
2977 1489 3115 1560 πρὸς
3129 1491 3229 1559 τὴν
3251 1488 3402 1542 θείαν
3427 1487 3591 1557 φύσιν
3617 1486 3813 1549 ἁπλῶς

2228 1584 2508 1637 κοινωνία.
2564 1583 2727 1636 Ὅσον
2752 1577 2847 1638 οὖν
2874 1584 3021 1635 ἐστιν
3051 1580 3256 1648 ἀγαθὸν
3295 1581 3328 1650 ἡ
3358 1578 3812 1649 άκραιφνεστάτη

534 1697 643 1752 que
683 1680 892 1749 gratia,
923 1696 1015 1751 per
1044 1696 1206 1750 quam
1252 1678 1433 1734 nmltw
1473 1687 1520 1733 et
1557 1681 1804 1734 maxima:
1844 1679 2023 1742 nobis,
2061 1687 2123 1733 ut

2237 1673 2501 1738 εὐσέϐεια,
2530 1674 2625 1728 καὶ
2666 1673 2791 1725 ὅσον
2824 1670 2992 1726 κακὸν
3035 1672 3069 1741 ἡ
3104 1669 3362 1723 ἀσέϐειαί
3417 1669 3516 1739 τῆς
3566 1669 3676 1739 γὰρ
3724 1669 3818 1731 είς

535 1772 806 1842 scriptum
827 1780 932 1835 est,
952 1772 1325 1842 promissiones
1342 1771 1497 1841 facta:
1517 1778 1639 1825 sunt
1656 1771 1704 1855 ξι,
1725 1781 1890 1841 atque
1912 1779 2123 1827 natum

2237 1766 2410 1819 πᾶσαν
2445 1765 2718 1835 ἁμαρτίαν
2748 1762 3188 1833 ὲγκαταλείψεως
3212 1763 3315 1815 ὑπὸ
3340 1760 3474 1815 Θεοῦ
3497 1760 3645 1815 αἰτία
3672 1763 3816 1832 ἡμῖν

537 1863 740 1919 divina:
779 1862 1080 1935 participes
1121 1862 1351 1917 omnino
1387 1860 1508 1917 ﬁeri
1555 1847 1904 1917 conceditur.
1937 1861 2122 1929 Quan-

2237 1856 2367 1927 αὕτη
2415 1857 2533 1909 ἐστὶ
2574 1856 2733 1928 μόνη.
2786 1856 2948 1927 Δηλοῖ
2987 1856 3016 1908 ὁ
3064 1855 3277 1923 λέγων,
3316 1852 3425 1907 Καὶ
3456 1852 3649 1918 καθὼς
3694 1853 3815 1906 οὐκ

538 1962 655 2008 tum
689 1967 824 2023 ergo
858 1952 991 2007 boni
1025 1967 1138 2022 prae,
1170 1966 1229 2007 se
1258 1951 1368 2006 fert
1403 1951 1623 2006 sincera
1658 1952 1869 2023 pietas;
1908 1960 2120 2006 tantum

538 2044 793 2114 profecto
835 2044 966 2097 mali
1004 2045 1263 2099 continet
1285 2042 1543 2113 impietas
1576 2043 1629 2098 ei
1662 2045 1959 2100 contraria.
1994 2044 2123 2101 llaac

541 2134 693 2190 enim
720 2135 833 2190 sola
862 2134 918 2188 in
947 2150 1110 2190 causa
1138 2133 1302 2189 nobis
1330 2143 1435 2200 cst,
1460 2150 1560 2189 cur
1581 2150 1611 2189 a
1637 2136 1751 2191 Deo
1777 2134 2121 2201 deficiamus,

541 2231 600 2278 et
649 2227 706 2278 in
756 2238 919 2279 omne
971 2233 1325 2293 peccatorum
1372 2240 1547 2295 genus
1597 2224 1946 2291 delabamur,
1985 2234 2125 2282 teste

540 2313 840 2385 Apostolo,
872 2313 967 2383 qui
997 2314 1074 2368 ait
1108 2331 1122 2367 :
1157 2313 1596 2385 Quandoquidem
1631 2333 1736 2370 non
1767 2318 2122 2388 probaverunt

540 2406 729 2460 habere
757 2404 922 2459 Deum
951 2407 1007 2459 in
1034 2407 1247 2472 notitia,
1276 2408 1499 2461 tradidit
1532 2407 1654 2463 illo:
1685 2409 1821 2463 Deus
1852 2410 1909 2463 in
1938 2425 2123 2479 repro-

540 2497 663 2551 bum
684 2512 918 2561 sensum,
943 2506 1001 2552 ut
1032 2498 1237 2568 faciant
1264 2515 1327 2554 ea
1362 2516 1478 2571 qua:
1510 2517 1612 2555 non
1646 2505 1956 2555 conveniunt
1983 2503 2036 2567 i;
2072 2509 2129 2555 et

541 2604 668 2659 quae.
700 2589 963 2662 deinceps
1000 2600 1387 2647 recensentur.
1421 2593 1548 2648 Ha‘c
1580 2592 1879 2663 Apostolus
1915 2593 1983 2647 de
2020 2592 2126 2647 im--

540 2680 748 2751 pietate
781 2697 795 2734 :
831 2681 899 2736 de
928 2682 1130 2752 pietate
1163 2697 1296 2737 vero
1324 2681 1378 2736 in
1404 2682 1634 2752 epistula
1665 2683 1732 2738 ad
1769 2682 2121 2737 Timotheum

542 2769 623 2827 ait
669 2790 683 2827 :
726 2772 927 2827 Exerce
975 2774 1199 2843 teipsum
1248 2774 1319 2828 ad
1361 2776 1672 2845 pietatem':
1720 2776 1830 2830 [nec
1872 2776 2015 2828 enim
2058 2774 2129 2827 ad

2227 1944 2604 2015 ἐδοκΙμασαν
2635 1945 2744 2000 τὸν
2779 1946 2928 2000 Θεὸν
2969 1945 3136 2014 ἔχειν
3164 1946 3236 1998 ἐν
3273 1943 3615 2013 ἐπιγνώσει,
3659 1957 3819 2011 παρ⁹

2229 2036 2457 2091 έδωκεν
2480 2036 2704 2104 αὐτοὺς
2739 2040 2771 2091 ὀ
2805 2037 2947 2098 Θεὸς
2973 2040 3062 2102 εις
3083 2036 3376 2105 ἀδόκιμον
3406 2035 3580 2103 γοῦν,
3614 2035 3822 2089 ποιεῖν

2229 2128 2302 2182 τὰ
2334 2127 2420 2198 μὴ
2464 2128 2825 2195 καθήκοντα,
2868 2128 3026 2182 ἇτινα
3086 2128 3215 2198 ἑξῆς
3268 2127 3667 2199 κατηρίθμησε.
3699 2129 3821 2182 Καὶ

2228 2222 2357 2275 τάδε
2396 2221 2496 2293 μὲν
2526 2216 2620 2275 οὖν
2653 2224 2923 2293 μαρτυρεῖ
2947 2224 3015 2292 τῇ
3052 2221 3307 2292 ἀσεϐείᾳ·
3340 2208 3469 2292 περὶ
3497 2220 3554 2274 δὲ
3583 2221 3680 2292 τῆς
3720 2222 3819 2274 εὖ-

2234 2313 2451 2377 σεϐείας
2502 2314 2637 2386 φησι
2684 2314 2824 2384 πρὸς
2866 2312 3131 2384 Τιμόθεον
3160 2353 3176 2378 ,
3224 2312 3494 2382 Γύμναζε
3548 2312 3821 2367 σεαυτὸν

2226 2408 2376 2473 πρὸς
2405 2405 2725 2460 εὐσέϐειαν
2748 2421 2762 2434 ⁸
2839 2406 2879 2473 ἢ
2932 2407 3037 2475 γὰρ
3079 2404 3363 2460 ευσέόεια
3413 2405 3564 2475 πρὸς
3611 2407 3821 2460 πάντα

2224 2497 2395 2551 ἐστίν
2443 2496 2776 2566 ὠφέλιμος,
2825 2498 3192 2567 ἐπαγγελίαν
3230 2497 3465 2567 ἔχουσα
3500 2495 3668 2566 ζωῆς,
3699 2497 3823 2566 τῆς

2226 2603 2292 2642 τε
2329 2588 2466 2652 νῦν,
2510 2589 2610 2642 καὶ
2646 2587 2756 2655 τῆς
2781 2590 3160 2657 μελλούσης.
3205 2590 3369 2645 Ἀλλά
3409 2608 3463 2642 τι
3498 2591 3592 2644 καὶ
3621 2590 3821 2660 ἕτερον

2224 2679 2434 2732 τούτων
2477 2679 2624 2742 τινὲς
2660 2681 2759 2750 τῆς
2807 2679 2945 2750 πρὸς
2983 2680 3084 2751 τὴν
3132 2681 3393 2750 ἀλήθειαν
3442 2682 3818 2748 ἀνυποταξεας

2231 2773 2514 2827 ποιοῦνται
2543 2772 2839 2844 δικαίωμαο
2878 2790 3011 2843 φασι
3044 2775 3178 2845 γὰρ,

544 2866 724 2919 omnia
750 2864 892 2917 utilis
919 2874 1015 2929 est,
1041 2866 1438 2935 promissionem
1467 2866 1661 2920 habens
1691 2867 1810 2921 vita:
1834 2883 1956 2937 quae
1987 2882 2126 2919 nunc
2164 2872 2262 2929 est,
2285 2873 2333 2918 et
2370 2865 2564 2934 futura:
2587 2877 2600 2915 ι
2621 2906 2633 2919 .
2698 2865 2806 2920 Sed
2876 2866 3002 2922 aliis
3028 2866 3235 2938 justam
3269 2883 3491 2924 causam
3523 2878 3581 2924 et
3607 2867 3820 2938 proba-

542 2956 714 3013 bilem
759 2956 1030 3010 rationem
1082 2956 1287 3013 aﬂ'erre
1332 2965 1627 3023 conantur,
1664 2973 1765 3013 cur
1808 2973 1841 3013 a
1885 2958 2121 3012 veritate
2160 2956 2538 3012 desciverunt.

624 3066 642 3099 ι
689 3045 1011 3114 Quomodo,
1045 3047 1341 3115 inquiunt,
1374 3048 1487 3103 Deo
1530 3063 1644 3103 non
1683 3049 1902 3118 placere
1947 3056 2132 3119 potest

545 3154 738 3195 eorum
780 3138 1065 3201 doctrina,
1097 3138 1242 3208 apud
1277 3154 1419 3209 quos
1457 3140 1669 3196 inventi
1710 3148 1840 3196 sunt
1878 3140 2130 3196 nonnulli

547 3236 665 3284 tum
712 3230 769 3283 in
816 3230 956 3284 vivis
1009 3238 1126 3283 tum
1175 3229 1233 3284 in
1276 3228 1554 3286 defunctis
1582 3230 1679 3300 qui
1710 3231 1899 3286 eadem
1932 3247 1996 3286 ac
2026 3231 2130 3302 ipsi

551 3322 801 3390 dogmata
832 3319 1094 3388 amplexi,
1126 3321 1361 3390 gratiam
1393 3327 1633 3391 aegrotos
1660 3320 1917 3383 sanandi,
1941 3330 1999 3375 et
2026 3320 2135 3375 alia

548 3410 818 3466 miracula
866 3411 1122 3481 patrandi
1174 3412 1321 3467 nacti
1366 3412 1530 3467 sunt?
1576 3412 1941 3482 Perspicuum
1987 3412 2136 3467 enim

550 3508 636 3557 est
660 3499 903 3555 divinam
939 3501 1007 3555 in
1033 3501 1100 3556 iis
1132 3511 1461 3572 potestatem
1498 3504 1737 3573 operari,
1767 3504 2004 3559 maxime
2039 3504 2136 3573 qui

550 3602 756 3648 rectam
810 3593 1139 3665 religionem
1190 3596 1415 3663 colunt,
1460 3604 1628 3666 atque
1673 3604 1825 3653 recta
1873 3596 2136 3668 dogmata

552 3684 912 3755 proﬁtentur.
951 3705 969 3736 ι
2058 3737 2066 3746 .

626 3778 843 3842 Quibus
875 3778 1278 3847 respondemus
1305 3778 1360 3834 id
1390 3779 1458 3834 ad
1490 3780 1709 3850 plenam
1741 3780 1821 3835 rei
1853 3780 2137 3849 probatio-

553 3883 683 3924 nem
712 3877 975 3924 accurato
1002 3871 1319 3926 divinorum
1351 3871 1671 3943 dogmatum
1699 3872 2060 3942 exploratori,
2084 3880 2141 3927 et

551 3960 724 4031 iudici
755 3977 865 4016 non
898 3960 1170 4017 suﬂicere.
1205 3963 1452 4018 Primum
1490 3963 1641 4018 enim
1675 3979 1804 4019 raro
1836 3963 1982 4033 apud
2015 3963 2140 4020 illos

555 4050 661 4106 hoc
683 4051 891 4117 evenit,
919 4066 1024 4106 nec
1050 4067 1119 4106 ex
1145 4068 1257 4107 una
1284 4054 1585 4109 hirundine
1609 4070 1729 4119 ver,
1752 4062 1815 4109 ut
1838 4055 1946 4111 dici
1974 4055 2138 4120 solet,

555 4134 854 4207 diiudicari
900 4137 1090 4193 debet.
1135 4139 1599 4211 Quandoquidem
1644 4152 1702 4199 et
1741 4142 1964 4209 Ariani,
2013 4160 2139 4198 cum

554 4227 691 4283 alias
730 4237 928 4290 antea,
977 4238 1092 4285 tum
1134 4232 1299 4288 etiam
1347 4235 1555 4291 nostris
1601 4236 1756 4291 hisee
1800 4238 2141 4307 temporibus

551 4317 698 4386 apud
731 4319 1160 4389 Longobardos',
1187 4332 1243 4377 et
1272 4324 1417 4394 apud
1446 4326 1641 4381 Persas
1666 4326 1977 4383 Nestoriani
2012 4327 2141 4381 talia

555 4409 823 4467 miracula
857 4421 1105 4481 patraut;
1136 4415 1303 4484 idque
1328 4432 1439 4470 non
1467 4417 1532 4471 ad
1559 4416 1948 4485 probationem
1973 4433 2142 4487 pecu-

554 4501 712 4557 liaris
741 4502 985 4572 ipsorum
1019 4512 1204 4569 sectae,
1233 4506 1330 4560 sed
1366 4507 1537 4561 totius
1564 4506 1893 4563 Christianae
1921 4508 2140 4578 religio-

2317 3066 2336 3099 ι
2377 3048 2499 3102 Ὀτι
2541 3048 2660 3111 πῶς
2699 3050 2762 3103 οὐ
2816 3049 3107 3120 θεάρεστος
3164 3051 3198 3121 ἡ
3250 3050 3371 3105 κατ’
3420 3050 3617 3114 αὐτοὺς
3660 3051 3819 3120 δόξα,

2236 3138 2365 3193 ἔνθα
2391 3141 2483 3195 καὶ
2503 3140 2612 3194 τῶν
2639 3142 2857 3206 ζώντων
2884 3144 2941 3195 ὲν
2966 3145 3131 3213 σαρκί
3155 3160 3300 3207 τινες
3330 3144 3516 3209 αὐτοῖς
3541 3145 3824 3216 ὁμόδοξοι,

2158 3260 2202 3322 C
2236 3233 2331 3287 zeal.
2371 3234 2480 3287 τῶν
2524 3235 3011 3307 προκοιμηθέντων
3055 3237 3322 3310 ὤφθησαν
3379 3240 3670 3310 ἰαμάτων,
3718 3241 3824 3293 καὶ

2237 3324 2479 3393 σημείων
2510 3324 2694 3380 θεόθεν
2754 3328 2897 3397 ἔχειν
2922 3328 2983 3381 τὸ
3002 3330 3253 3400 χάρισμα
3274 3347 3292 3398 ;
3316 3330 3475 3400 δῆλον
3505 3331 3615 3402 γάρ
3649 3331 3725 3394 ὡς
3757 3332 3823 3399 ἐξ

2236 3414 2431 3485 ἀκοῆς,
2464 3418 2560 3470 καὶ⁵
2595 3417 2817 3488 διδαχῆς
2864 3418 3038 3490 ὀρθῆς
3089 3421 3330 3486 πίστεως
3380 3421 3518 3476 Θεοῦ
3569 3424 3627 3476 αἱ
3672 3421 3823 3476 θεῖαι

2184 3503 2191 3509 ’
2236 3504 2503 3577 δυνάμεις
2537 3508 2913 3578 ἐνεργοῦν-σαι.
2954 3529 2972 3562 ι

2316 3771 2457 3843 Πρὸς
2485 3772 2514 3825 ὃ
2541 3771 2779 3837 λεκτέον,
2809 3773 2885 3835 ὡς
2928 3773 3028 3826 οὐκ
3071 3773 3237 3844 ἀρκεῖ
3276 3772 3395 3826 τόδε
3424 3776 3560 3842 πρὸς
3596 3774 3823 3845 ἀσφαλῆ

2241 3862 2616 3934 πληροφορίαν
2657 3863 2733 3933 τῷ
2761 3864 3117 3935 δοκιμωτάτῳ
3169 3863 3277 3917 τῶν
3325 3863 3483 3917 θείων
3529 3864 3826 3933 δογμάτων

2241 3956 2428 4027 κριτῇο
2458 3954 2681 4025 πρῶτον
2712 3954 2811 4025 μὲν
2852 3955 2963 4026 γάρ
3003 3954 3374 4027 σπανιώτερον
3401 3955 3629 4027 εὓρηται
3658 3955 3826 4011 τοῦτο

2242 4045 2301 4098 ὲν
2335 4044 2542 4109 αὐτοῖς,
2574 4044 2669 4098 καὶ
2694 4044 2755 4098 οὐ
2786 4047 2849 4099 ὲκ
2882 4047 3014 4116 μιᾶς
3043 4046 3315 4117 χελιδόνος
3345 4047 3407 4101 τὸ
3441 4049 3541 4118 ἒαρ
3570 4048 3819 4119 κριτέον·

2241 4136 2421 4200 ἄλλως
2447 4136 2580 4205 γοῦν
2642 4137 2736 4191 καὶ
2777 4137 3046 4206 ’Δρειανοί
3101 4155 3254 4202 ποτε,
3300 4140 3396 4193 καὶ
3440 4140 3602 4210 μέχρι
3631 4140 3724 4197 νῦν
3758 4142 3824 4195 ἐν

2242 4232 2665 4303 Λογγοϐάρδοις,
2691 4232 2785 4286 καὶ
2806 4233 3161 4305 Νεστοριανοὶ
3186 4236 3336 4305 παρὰ
3366 4235 3605 4307 Πέρσαις
3631 4236 3824 4290 ποιοῦ-

2243 4342 2299 4379 σι
2318 4325 2444 4380 τάδε
2477 4325 2753 4393 θαύματα·
2788 4323 2904 4378 ἀλλ’
2923 4326 3023 4379 οὐκ
3052 4327 3132 4389 είς
3167 4326 3476 4399 μαρτυρίαν
3510 4326 3693 4393 ἁπλῶς
3718 4328 3825 4398 τῆς

2243 4414 2363 4468 κατ’
2393 4415 2592 4477 αὐτοὺς
2616 4418 2751 4484 πρὸς
2777 4415 2923 4484 ἡμᾶς
2944 4414 3229 4484 αἱρέσεως,
3262 4416 3398 4470 ά).λά
3422 4417 3522 4487 τῆς
3550 4416 3657 4470 τῶν
3679 4417 3823 4486 Χρι-

2244 4502 2476 4556 στιανῶν
2508 4502 2768 4565 πίστεως-⁸
2801 4504 2890 4557 οἵα
2921 4505 3006 4568 τίς
3038 4506 3241 4576 ἐστινὴ
3268 4507 3497 4578 δύναμις
3532 4508 3667 4580 πρὸς
3689 4509 3823 4573 τοὺς

558 4591 665 4657 nis,
694 4594 851 4662 cujus
884 4603 1089 4662 quanta
1116 4595 1201 4649 vis
1226 4595 1300 4649 sit
1325 4606 1381 4650 ct
1406 4598 1709 4652 auctoritas
1738 4597 1981 4668 Spiritus
2006 4614 2129 4654 san-

2240 4593 2418 4663 πάντη
2448 4592 2710 4658 ἀπίστους
2740 4594 3184 4667 ἐπιδεικνυμένου
3211 4597 3305 4651 τοῦ
3337 4598 3674 4669 Πνεύματος.
3695 4601 3820 4653 Ἔτι

558 4691 681 4737 ctus
707 4684 924 4752 populis
950 4699 978 4737 a
1011 4693 1160 4740 recta
1185 4686 1291 4741 ﬁde
1316 4703 1542 4756 prorsus
1571 4689 1769 4745 alienis
1790 4705 1890 4761 per
1912 4706 1976 4745 ea
2003 4706 2132 4761 pro-

2240 4685 2347 4757 μὴν
2395 4686 2541 4740 ἐστιν
2572 4687 2706 4758 ὀρᾷν
2751 4686 3015 4753 πολλάκις
3064 4688 3360 4760 θαυμάτων
3400 4690 3714 4761 χαρίσματα
3760 4691 3819 4744 ἑν

559 4771 704 4841 digia
734 4772 1024 4828 manifeste
1058 4775 1319 4831 declarat.
1347 4778 1618 4833 Praeterea
1653 4794 1797 4849 saepe
1823 4780 2014 4836 videre
2048 4789 2129 4836 est

2237 4795 2384 4832 τισιν
2430 4778 2752 4851 ὀρθοδόξοις
2800 4796 2861 4834 τε
2910 4781 3004 4834 καὶ
3045 4781 3380 4852 έτεροδόξοις
3406 4783 3628 4854 ὁμοίως,
3660 4784 3722 4836 οὐ
3750 4784 3821 4837 δι’

561 4859 766 4915 donum
798 4862 905 4919 hoc
934 4865 1197 4922 miracula
1227 4868 1483 4937 patrandi
1513 4884 1636 4923 cum
1669 4870 1791 4925 dari
1822 4872 2135 4941 promiscue

563 4950 872 5017 nonnullis,
904 4954 1227 5011 orthodoxis
1269 4966 1327 5012 et
1365 4958 1723 5015 beterodoxis
1760 4961 1872 5031 (45)
1908 4976 2021 5016 non
2064 4962 2137 5018 ob

566 5040 740 5097 solam
777 5042 1018 5114 ipsorum
1059 5048 1319 5117 pietatem
1360 5049 1586 5121 (veritas
1624 5052 1772 5107 enim
1815 5053 1873 5107 in
1916 5064 2138 5110 contra-

638 5198 666 5238 ιι
690 5197 710 5253 ι
734 5180 884 5255 riu.
905 5217 943 5267 ι,
966 5203 1016 5257 ι.
1100 5206 1114 5245 ε
1144 5205 1302 5261 nom.
1329 5208 1478 5275 1,28.
1559 5219 1572 5257 ι
1604 5210 1626 5266 ι
1647 5209 1791 5264 Tim.
1815 5227 1887 5277 ιγ,
1910 5211 1961 5267 8.

614 5424 626 5435 ,
652 5353 766 5438 (ιβ)
801 5354 913 5413 Nec
953 5357 1164 5438 Scytha:
1185 5364 1384 5438 modo,
1414 5379 1606 5418 verum
1645 5367 1811 5421 etiam
1848 5365 2141 5438 Carthagi-
2170 5342 2181 5351 ⁸

574 5431 826 5504 nienses,
864 5441 1002 5504 quos
1018 5431 1360 5504 _A_gathoclis
1405 5443 1656 5504 tempore
1704 5451 1830 5491 cum
1880 5431 2143 5504 gravibus

573 5495 937 5578 incommodis
979 5495 1367 5578 ﬁngerentur,
1402 5495 1624 5578 saturni
1671 5495 1922 5575 placandi
1968 5508 2141 5578 gratia

572 5561 841 5635 ducentos
864 5580 1065 5635 pueros
1087 5561 1388 5628 nobilitatis
1416 5573 1598 5634 ﬂores.
1617 5561 2145 5632 et'tercentosucives

572 5629 634 5715 in
663 5629 1058 5715 ﬂammasuno
1096 5654 1232 5715 pene
1272 5652 1551 5699 momento
1578 5629 2144 5715 conjecisseiiestatur

575 5701 847 5783 Diodgrus
876 5701 1215 5783 _Siculus_'_lib.
1243 5727 1328 5777 xx,
1352 5730 1407 5783 p.
1435 5716 1555 5771 756.

648 5771 758 5841 (45)
793 5772 1114 5845 llujusmodi
1146 5787 1288 5838 cnlm
1318 5771 1505 5857 gratia:
1534 5785 1702 5857 gratis
1731 5784 1871 5840 data:
1898 5784 1952 5839 in
1985 5785 2144 5841 scho-

2240 4870 2527 4926 εὐσέϐειαν
2571 4871 2752 4943 μόνον·
2785 4871 2818 4943 ἢ
2854 4871 2964 4943 γὰρ
2997 4873 3064 4928 ἂν
3092 4868 3160 4945 ἦν
3193 4876 3252 4929 ὲν
3283 4878 3394 4939 τοῖς
3429 4875 3692 4938 ἐναντίοις
3732 4876 3823 4929 λό-

2243 4979 2383 5031 γοις,
2414 4963 2512 5018 καὶ
2540 4965 2966 5035 άντιφατικοῖςή
2999 4964 3247 5036 ἀλήθεια,
3281 4966 3418 5021 ἀλλὰ
3450 4966 3539 5020 διὰ
3585 4967 3822 5037 φυσικὴν

2248 5057 2553 5128 ἁπλότητα,
2588 5058 2684 5112 καὶ
2731 5059 2988 5128 ἀτυφίαν,
3027 5058 3227 5130 μᾶλλόν
3281 5077 3340 5113 τε
3380 5059 3678 5131 νηπιότητα
3717 5060 3820 5129 ψυ-

2245 5369 2314 5425 lis
2350 5372 2716 5446 appellantur,
2744 5389 2881 5444 quas
2923 5375 3007 5430 vel
3050 5377 3233 5446 impiis
3271 5375 3545 5431 interdum
3586 5373 3814 5431 concedi

2243 5449 2399 5515 certo
2442 5444 2650 5515 certius
2683 5454 2798 5515 est;
2841 5446 3009 5515 idque
3043 5444 3287 5500 fatentur
3326 5447 3564 5515 theologi
3605 5454 3814 5499 omnes.

2243 5512 2315 5586 ᾼι
2343 5526 2412 5565 ex
2444 5511 2551 5567 hoc
2571 5513 2795 5586 Leontii
2828 5511 2952 5586 loco
2987 5515 3274 5572 manifeste
3306 5516 3483 5586 liquet
3512 5511 3816 5586 doctrinam

2246 5579 2391 5651 hanc
2428 5596 2459 5635 a
2500 5582 2695 5651 primis
2737 5585 2997 5641 Ecclesiae
3038 5586 3252 5642 sarculis
3288 5579 3430 5641 tra'di
3468 5583 3825 5642 consuevisse

2246 5649 2446 5728 iisdem
2478 5649 2618 5720 pene
2642 5655 3056 5728 verbiscquibus
3088 5656 3327 5728 theologi
3350 5655 3530 5728 nostri
3560 5652 3822 5723 temporis

2245 5719 2552 5791 loquuntur
2580 5741 2592 5776 :
2623 5725 2769 5792 quod
2798 5719 2932 5780 mihi
2966 5735 3156 5784 notatu
3185 5719 3410 5799 dignum
3438 5719 3679 5781 videtur.
