4098 6256
298 325 420 390 1897

1453 320 1746 383 CONTRA
1782 313 2374 412 MONOPHYSITAS.

3406 316 3539 377 1898

293 437 408 508 χῆς,
440 435 476 506 ἢ
521 432 823 501 δεινότητα,
874 430 1159 502 πραΰτητά
1196 446 1298 493 τε,
1345 427 1443 482 καὶ
1492 427 1858 500 συμπάθειαν,

1968 426 2080 489 riis,
2110 433 2166 480 et
2192 424 2461 494 oppositis
2486 422 2612 477 vita:
2637 423 2945 478 rationibus
2969 423 3313 495 versaretur)
3341 427 3436 481 sed
3467 428 3539 482 ob

292 528 380 582 καὶ
408 526 595 588 ἁπλῶς
631 525 727 592 τῆς
761 523 972 577 τοιᾶσδε
1023 522 1245 595 χάριτος
1294 519 1622 591 ῐδικωτέραν
1664 522 1857 591 ἐπιτη-

291 618 542 686 δειότητα
582 614 735 668 τοῦδέ
774 630 937 677 τινος,
966 612 1117 684 παρὰ
1159 612 1291 675 τοὺς
1337 611 1560 674 λοιποὺς
1589 609 1697 663 τῶν
1727 613 1858 680 ὁμου

292 709 498 762 πιστων
533 706 699 777 αὐτῷ.
722 706 782 759 El
808 704 916 775 γὰρ
945 702 1112 766 ὅντως
1137 704 1305 757 πᾶσιν
1337 701 1428 756 ἀεί
1446 719 1507 754 τε
1539 701 1628 755 διὰ
1655 702 1753 772 τὴν
1775 701 1860 754 δός-

291 795 389 863 ξαν
418 796 578 867 μόνον
601 794 885 864 πρόσεστιν
916 794 951 863 ἡ
979 792 1090 847 τῶν
1115 791 1579 863 θαυματουργιῶν
1607 791 1857 862 δύναμις,

292 890 397 941 ἔδει
437 887 640 951 πάντας
677 885 908 941 πάντοτε
933 884 1133 955 ὁμοίως
1162 885 1290 948 τοὺς
1327 882 1620 954 ὁμοδόξους
1649 883 1860 954 θαυμα-

290 982 555 1050 τουργείν’
590 977 683 1031 καὶ
712 975 819 1048 μὴν
846 974 1108 1038 πολλάκις
1137 974 1249 1030 τῶν
1273 973 1617 1028 διδασκάλων
1641 974 1738 1045 τῆς
1764 974 1858 1027 πί-

1959 518 2265 573 naturalem
2293 515 2727 586 simplicitatem,
2757 515 3263 587 humilitatemque,
3289 528 3347 574 et
3368 520 3541 575 animi

1960 610 2150 680 potius
2204 609 2478 679 puerilem
2533 607 2944 671 innocentiam,
2997 624 3165 678 quam
3223 611 3537 675 solertiam,

1960 699 2313 769 sagacitatem
2350 707 2517 768 atque
2553 698 2849 763 virtutem;
2894 705 3009 752 tum
3052 698 3269 769 singula
3306 701 3542 771 singulis

1961 791 2272 861 dispensari
2318 791 2390 845 ob
2435 789 2773 860 peculiarem
2818 790 3088 860 cujusque
3127 791 3537 856 dexteritatem,

1964 881 2459 949 habilitatemque,
2505 894 2614 949 qua
2662 880 2878 935 caeteris
2916 879 3239 951 religionem
3289 880 3539 935 eamdem

1966 974 2361 1045 proﬁtentibus
2386 983 2630 1044 praestat.
2655 974 2872 1029 Etenim
2902 975 2950 1029 si
2980 982 3224 1045 potestas
3250 989 3315 1030 ea
3339 983 3541 1044 praesto

292 1085 456 1130 στεως
488 1067 551 1120 οὐ
595 1064 1173 1137 θαυματουργούντων,
1211 1065 1277 1121 Οἱ
1327 1063 1730 1135 μαθητεύοντες
1766 1065 1858 1117 ὑπ’

1968 1082 2185 1136 semper
2220 1067 2479 1121 omnibus
2527 1075 2676 1121 esset
2717 1065 2791 1120 ob
2830 1066 3002 1121 solam
3042 1066 3290 1136 ipsorum
3334 1066 3539 1130 ﬁdem;

287 1156 460 1210 αὐτῶν
490 1156 773 1226 ἐνεργοῦσι
801 1154 874 1210 τὰ
904 1156 1130 1225 σημεῖα.

1968 1157 2162 1212 eadem
2199 1156 2447 1226 profecto
2478 1171 2699 1227 semper
2726 1156 2994 1212 miracula
3025 1165 3247 1227 patrare
3276 1156 3543 1212 deberent

283 1263 496 1313 omnes,
521 1246 615 1317 qui
649 1247 812 1303 ﬁdem
847 1245 1100 1302 eamdem
1136 1246 1490 1317 proﬁtentur.
1513 1244 1586 1300 At
1616 1254 1807 1301 contra
1840 1262 1898 1303 se
1931 1263 2021 1304 res
2052 1247 2248 1310 habet;
2287 1258 2411 1303 nam
2446 1238 2828 1318 saepenumero
2858 1247 2952 1317 qui
2983 1246 3111 1304 ﬁdei
3140 1248 3395 1319 dogmata
3427 1260 3542 1305 tra-

279 1340 432 1409 dunt,
462 1340 613 1394 nulla
643 1338 897 1410 prodigia
925 1345 1176 1408 patraut;
1216 1353 1344 1393 cum
1382 1337 1631 1408 ipsorum
1664 1337 1922 1408 discipuli
1954 1354 2019 1394 ea
2051 1347 2321 1410 potestate
2346 1338 2583 1394 maxime
2611 1338 2874 1407 polleant.

343 1433 418 1486 Οὐ
454 1432 565 1504 γὰρ
618 1434 819 1500 πάντα,
862 1435 967 1488 ὅσα
1010 1436 1227 1506 ἐνεργεῖ
1268 1433 1329 1488 τὺ
1372 1433 1430 1486 ἓν
1478 1434 1575 1488 καὶ
1621 1434 1682 1487 τὸ
1727 1435 1861 1488 αὐτὸ

2038 1436 2158 1491 Non
2182 1435 2332 1489 enim
2362 1434 2574 1497 omnia,
2600 1447 2723 1502 quae
2750 1433 2969 1503 operari
2993 1435 3284 1489 consuevit
3306 1435 3543 1507 Spiritus

277 1522 521 1593 Πνεῦμα,
559 1523 642 1578 ἐνὶ
688 1526 786 1579 καὶ
827 1524 905 1595 τῷ
939 1524 1092 1597 αὐτῷ
1132 1524 1454 1596 χαρίζεται⁹
1487 1520 1564 1595 *ῼ
1586 1524 1705 1593 μὲν
1750 1524 1862 1594 γὰρ

1968 1537 2225 1591 sanctus,
2258 1526 2355 1580 uni
2397 1524 2696 1594 eidemque
2738 1522 2939 1578 tribuit
2972 1540 2988 1577 :
3022 1524 3133 1578 Alii
3163 1528 3356 1596 quippe
3386 1528 3548 1581 datur

274 1612 503 1667 δίδοται
546 1615 732 1681 λόγος
787 1615 1053 1683 σοφίας,
1115 1608 1166 1683 ᾧ
1213 1614 1284 1668 δὲ
1327 1615 1511 1684 λόγος
1559 1615 1857 1685 γνώσεως,

1968 1635 2136 1673 sermo
2167 1618 2464 1688 sapientiae,
2494 1615 2591 1670 alii
2620 1630 2794 1668 sermo
2823 1613 3214 1686 intelligentia,
3243 1616 3340 1677 alii
3369 1621 3551 1688 gratia

272 1701 451 1772 ἑτέρῳ
480 1704 551 1757 δὲ
584 1706 930 1774 χαρίσματα
966 1704 1250 1772 ἰαμάτων,
1281 1704 1463 1774 ἑτέρῳ
1492 1705 1863 1776 ἐνεργήματα

1968 1709 2323 1770 curationum,
2351 1707 2447 1760 alii
2477 1705 2716 1776 Operatio
2744 1705 3021 1768 virtutum,
3048 1704 3145 1759 alii
3169 1705 3395 1776 denique
3414 1707 3543 1774 ﬁdes

271 1793 605 1864 δυνάμεων,
637 1794 809 1860 ἄλλῳ
834 1793 906 1848 δὲ
929 1797 1136 1862 πίστις
1158 1796 1309 1849 κατὰ
1329 1795 1398 1850 τὸ
1426 1798 1576 1851 αὐτὸ
1597 1796 1856 1867 Πνεῦμα.

1968 1798 2250 1854 secundum
2299 1795 2540 1851 eumdem
2589 1792 2849 1866 Spiritum
2870 1794 2922 1848 ιι.
2960 1792 3079 1862 Qua
3127 1794 3183 1848 in
3235 1810 3297 1851 re
3342 1797 3546 1853 mirum

277 1886 385 1939 Kal.
418 1885 530 1957 γὰρ
566 1885 911 1956 θαυμαστὸν,
965 1885 1084 1949 πῶς
1118 1888 1147 1940 ό
1206 1884 1387 1940 λαλῶν
1444 1886 1751 1956 γλώσσαις,
1800 1888 1860 1942 οὐ

1968 1890 2099 1946 mihi
2124 1889 2366 1953 videtur,
2388 1888 2534 1959 quod
2560 1887 2653 1957 qui
2680 1886 2994 1958 linguarum
3017 1886 3165 1941 dono
3186 1887 3389 1958 gaudet
3408 1889 3542 1957 (ιδ),

273 1977 496 2038 πάντως
534 1975 657 2028 οῦδὲ
689 1976 750 2028 τὸ
781 1974 1081 2044 ὲγγύτατον
1103 1976 1241 2048 τῷδε
1263 1978 1509 2050 χάρισμα
1541 1977 1743 2043 λαϐὼν,
1769 1980 1865 2032 καὶ

276 2065 660 2138 διερμήνευσε.
685 2066 833 2136 Ἀρα
869 2061 963 2119 οὖν
999 2068 1235 2122 ἐστικαὶ
1270 2068 1420 2131 τινὰς
1447 2069 1568 2123 οὐδὲ
1597 2067 1754 2137 λόγον
1779 2088 1866 2124 σο-

280 2157 410 2225 φίας
466 2156 776 2226 ἀκραιφνῆ,
828 2156 954 2209 οὐδὲ
1009 2157 1168 2225 λόγον
1222 2159 1497 2226 γνώσεως,
1528 2161 1650 2214 οὐδὲ
1682 2162 1866 2216 πίστιν

1963 2074 2186 2130 easdem
2228 2072 2433 2144 quibus
2468 2072 2748 2141 loquitur,
2781 2070 3137 2139 interpretari
3177 2079 3365 2140 queat.
3403 2071 3546 2126 Sunt

1962 2180 2095 2236 ergo
2151 2163 2445 2223 nonnulli.
2502 2161 2597 2232 qui
2659 2168 2852 2214 carent
2909 2159 3057 2213 dono
3118 2160 3439 2229 sapientiae,
3487 2171 3547 2216 et

284 2244 497 2316 ὑψηλὴν
524 2244 819 2314 εἰληφότας
869 2244 1173 2314 θαυμάτων
1203 2246 1350 2316 ἔχειν
1382 2248 1723 2319 χαρίσματα.
1754 2252 1863 2305 Καὶ

1968 2253 2375 2325 intelligentiae,
2408 2262 2469 2307 et
2513 2249 2739 2306 sublimi
2783 2247 2912 2303 ﬁdei
2954 2248 3189 2318 spiritu,
3223 2249 3319 2318 qui
3361 2258 3545 2304 tamen

280 2338 384 2391 οὐκ
421 2336 649 2405 εὔλογον
693 2339 758 2390 ὲκ
804 2336 1037 2407 θατέρου
1078 2337 1310 2408 θάτερον
1343 2338 1453 2391 τῶν
1497 2338 1593 2393 τοῦ
1623 2341 1863 2410 Πνεῦμα-

1969 2344 2210 2415 gaudent
2233 2350 2506 2413 potestate
2534 2340 2802 2395 miracula
2825 2340 3104 2409 patrandi.
3131 2340 3323 2410 Neque
3346 2340 3546 2396 rationi

273 2445 371 2493 τος
402 2430 763 2500 χαρισμάτων
811 2429 1267 2500 κατακρίνεσθαι.
1321 2430 1395 2484 Τὸ
1435 2431 1492 2485 δὲ
1539 2432 1863 2503 σαφέστερον

1972 2442 2406 2489 consentaneum
2459 2441 2547 2488 est
2591 2448 2660 2487 ex
2709 2446 2823 2485 uno
2871 2428 3115 2501 Spiritus
3172 2433 3351 2487 sancti
3399 2431 3548 2486 dono

270 2522 478 2574 εῑπεῖν·
511 2521 561 2573 ει
598 2520 698 2590 μὲν
745 2523 806 2574 ἐν
860 2520 1075 2586 τούτοις
1106 2521 1294 2591 μόνοις
1331 2516 1401 2593 ἦν
1446 2522 1517 2576 τὰ
1558 2524 1863 2594 χαρίσματα

1972 2526 2124 2581 aliud
2173 2525 2404 2579 inferre.
2441 2523 2660 2579 Clarius
2703 2524 3014 2591 loquamur.
3049 2522 3306 2578 Profecto
3351 2523 3398 2577 si
3442 2522 3548 2593 ipsi

263 2611 385 2666 τῶν
417 2611 736 2682 θαυμάτων,
766 2610 800 2680 ἢ
829 2610 1036 2682 μᾶλλον
1085 2613 1244 2682 ἡμῶν
1303 2613 1363 2665 ὲν
1417 2615 1604 2677 αὐτοῖς
1635 2616 1863 2685 ἑωρᾶτο,

1969 2618 2073 2673 soli
2127 2617 2236 2672 alia
2272 2614 2674 2671 miraculorum
2717 2612 2864 2667 dona
2898 2612 3278 2680 possiderent;
3311 2614 3400 2667 vel
3431 2628 3552 2668 ma-

266 2698 427 2775 εἷχεν
464 2702 532 2756 ἂν
569 2702 739 2766 ὅντως
772 2702 959 2766 αὐτοῖς
998 2705 1046 2775 ’ἠ
1089 2702 1216 2768 δόξα
1268 2704 1541 2775 πρόληψιν
1583 2706 1863 2770 εὐσεϐείας

1968 2710 2085 2781 gis,
2116 2724 2284 2779 quam
2317 2722 2451 2770 nos,
2488 2704 2641 2760 hisce
2678 2705 2952 2774 pollerent
2988 2721 3003 2759 :
3039 2703 3343 2759 verisimile
3375 2704 3552 2759 videri

258 2792 431 2865 παρὰ
467 2793 568 2861 τὴν
601 2792 900 2864 ἡμετέραν,
932 2792 1009 2855 ὡς
1052 2792 1147 2846 τοῦ
1180 2794 1387 2863 Κυρίου
1428 2795 1521 2848 τὸν
1567 2795 1723 2864 λόγον
1768 2797 1863 2850 αύ-

1968 2808 2154 2870 posset
2222 2813 2414 2854 sanam
2461 2811 2583 2851 esse
2637 2810 2702 2850 ac
2753 2795 2897 2864 piam
2944 2809 3136 2850 eorum
3183 2795 3547 2860 sententiam,

256 2884 386 2940 τῶν
435 2883 784 2953 βεϐαιοῦντος
829 2884 1008 2954 μόνων
1058 2883 1146 2937 διὰ
1198 2885 1308 2937 τῶν
1358 2885 1863 2940 ἐπακολουθούντων

1968 2897 2158 2960 utpote
2190 2903 2221 2943 a
2250 2888 2485 2943 Domino
2508 2885 2889 2941 conﬁrmatam
2920 2884 2989 2939 iis
3020 2885 3211 2954 signis,
3236 2899 3377 2954 quae,
3400 2883 3550 2940 Scri-

252 2977 555 3049 σημείων,
595 2976 737 3030 κατὰ
766 2976 831 3028 τὸ
870 2976 1257 3046 γεγραμμένον
1280 2994 1293 3008 ·
1323 2976 1514 3047 ὥσπερ
1540 2977 1633 3031 καὶ
1670 2978 1729 3031 τὸ
1763 2983 1863 3050 κή-

1968 2988 2128 3051 ptura
2157 2988 2319 3039 teste.
2343 2987 2494 3033 recte
2520 2977 2810 3033 credentes
2833 2977 3086 3030 comitari
3112 2985 3543 3032 consueverunt.

256 3085 469 3139 ρυγμα
499 3067 612 3121 τῶν
674 3066 990 3121 ἀποστόλων
1050 3066 1219 3120 πάλαι
1267 3068 1675 3133 συνιστάνοντος
1731 3071 1863 3140 πρὸς

1970 3072 2444 3139 Quemadmodum
2468 3070 2614 3125 idem
2638 3069 2905 3124 Dominus
2927 3076 2983 3123 et
3004 3069 3377 3138 apostolorum
3410 3084 3549 3139 prte—

218 3194 221 3197 λ
247 3163 494 3218 ἅπαντα
518 3160 588 3214 τὰ
608 3159 764 3230 ἔθνη,
785 3160 881 3212 καὶ
903 3158 1096 3231 ὥσπερ
1119 3160 1188 3213 τὰ
1215 3161 1514 3223 Μωῦσέως,
1541 3163 1636 3215 καὶ
1660 3161 1863 3234 Ἀαρὼν

1970 3164 2304 3218 dicationem
2334 3161 2482 3232 apud
2508 3175 2702 3215 omnes
2727 3168 2921 3231 gentes
2947 3159 3231 3215 miraculis
3257 3160 3550 3215 conﬁrma-

249 3253 489 3324 σημεῖα
542 3251 687 3321 ὑπὲρ
743 3249 813 3303 τὰ
878 3249 1102 3314 ’1αννοῦ,
1147 3251 1246 3303 καὶ
1288 3249 1544 3321 Ἰαμϐροῦ
1587 3251 1724 3322 πρὸς
1770 3251 1863 3305 τοῦ

1969 3256 2070 3320 vit,
2095 3264 2153 3311 et
2177 3255 2379 3326 Moysis
2406 3262 2465 3309 et
2488 3252 2727 3308 Aaronis
2758 3252 3012 3323 prodigia
3043 3266 3209 3321 supra
3238 3251 3399 3307 Janni
3434 3253 3548 3317 (47)

240 3343 613 3412 Αἰγυπτίους
650 3340 1105 3414 θριαμϐεύοντος.
1137 3341 1201 3394 Ei
1240 3340 1297 3394 δὲ
1336 3342 1393 3392 ὲν
1420 3342 1574 3410 ἡμῖν,
1612 3343 1706 3396 καὶ
1742 3343 1863 3412 μεί-

1968 3357 2025 3404 et
2064 3346 2295 3402 Mambri
2344 3346 2456 3416 (48)
2504 3344 2773 3399 miracula
2816 3343 2962 3413 apud
3002 3341 3287 3413 Egyptios
3314 3342 3549 3427 extulit.

1961 1999 2075 2039 non
2111 1982 2362 2038 obtineat
2397 1980 2565 2036 etiam
2606 1978 2755 2034 aliud
2795 1978 2929 2033 huic
2973 1976 3155 2046 aliine,
3184 1995 3296 2049 quo
3330 1979 3547 2052 linguas
3640 2020 3656 2035 .

241 3435 425 3501 ζονα,
461 3435 558 3488 καὶ
599 3432 820 3487 πλείονα
848 3433 1043 3503 ὁρᾶται
1070 3431 1141 3485 τὰ
1172 3432 1236 3485 ἐκ
1260 3431 1353 3486 τοῦ
1388 3431 1704 3503 Πνεύματος
1731 3433 1864 3487 θαύ-

240 3537 424 3592 ματα
464 3520 611 3575 κατὰ
636 3521 819 3575 πᾶσαν
858 3519 957 3591 τὴν
983 3519 1330 3589 οἰκουμένην,
1355 3520 1474 3583 πῶς
1502 3523 1567 3575 ὲκ
1616 3522 1862 3591 θαυματ-

233 3610 521 3683 ουργιῶν
566 3610 1014 3682 ἀξιοπιστότερον
1052 3604 1194 3665 εἶναι
1248 3610 1527 3680 βούλονται
1567 3612 1628 3666 τὸ
1653 3613 1860 3683 δόγμα;

229 3702 417 3775 Μηδὲ
473 3700 599 3755 τόδε
648 3696 745 3754 οὖν
794 3700 872 3764 ὡς
918 3700 1176 3770 ὀνήσιμον
1228 3701 1411 3765 αὐτοῖς
1447 3703 1528 3766 εἰς
1563 3704 1861 3772 ἀπολογίαν

225 3796 377 3851 τιν-ἅ
418 3797 540 3868 τὴν
572 3794 715 3864 ὑπὲρ
745 3792 845 3863 τῆς
873 3792 1294 3865 δεισιδαιμονίας
1340 3795 1523 3849 αὑτῶν
1566 3797 1861 3867 προϐαλλέ-

228 3904 476 3943 τωσαν.

306 4062 383 4115 El
428 4061 564 4130 γὰρ
594 4059 690 4113 καὶ
725 4060 932 4122 Σκευᾶς
964 4061 1062 4113 σὺν
1092 4063 1203 4121 τοῖς
1234 4061 1370 4122 υἱοῖς
1397 4061 1562 4113 αὐτοῦ
1611 4063 1863 4125 Ἰουδαῖος

222 4154 332 4217 ὢν,
354 4158 429 4209 ὲν
472 4151 718 4221 ὀνόματι
743 4150 981 4220 Χριστοῦ
1012 4150 1322 4219 ἐπορκιζων
1346 4151 1558 4204 ἐλαύνει
1580 4152 1863 4221 δαίμονας,

222 4248 329 4299 καὶ
387 4247 521 4300 οὐκ
554 4246 615 4297 ὲν
649 4241 788 4313 τῷδε
834 4240 1023 4304 ἁπλῶς
1071 4243 1184 4302 τοῖς
1219 4239 1489 4310 μαθηταῖς
1525 4241 1617 4294 τοῦ
1661 4244 1863 4311 Κυρίου

1975 4251 2203 4321 poribus
2231 4249 2478 4303 obsessis
2505 4246 2696 4317 abigit,
2725 4258 2902 4313 neque
2930 4252 3220 4314 propterea
3249 4242 3303 4296 in
3334 4241 3548 4296 nomini

212 4326 724 4408 συναριθμεῖταιο
759 4333 920 4403 δῆλον
972 4332 1049 4396 ὡς
1075 4332 1198 4385 οὐδὲ
1239 4324 1387 4386 οὗτοι
1442 4334 1506 4386 ὲκ
1543 4333 1695 4387 τοῦδε
1738 4335 1863 4403 πρό-

1975 4338 2264 4408 discipulis
2311 4347 2574 4392 censetur
2619 4353 2631 4388 :
2680 4333 2929 4404 profecto
2970 4348 3073 4389 nec
3118 4333 3170 4387 hi
3213 4348 3312 4402 per
3348 4332 3550 4386 similia

210 4447 414 4499 φασιν
472 4429 683 4499 ἔχουσι
729 4428 860 4497 περὶ
902 4427 1000 4496 τῆς
1053 4425 1330 4495 ἁμαρτιας
1387 4425 1589 4479 αὐτῶν.
1643 4427 1861 4480 Πολλοὶ

199 4526 363 4593 γὰρ,
414 4523 643 4595 φησὶν,
688 4518 904 4588 ὲροίσί
926 4533 1029 4585 μοι
1055 4517 1124 4570 ἐν
1160 4514 1232 4583 τῇ
1270 4517 1460 4585 ἡμέρᾳ
1490 4517 1717 4585 ἐκείνῃ,
1752 4521 1866 4571 Κύ-

188 4630 335 4682 ριε,
370 4617 464 4668 οὐ
508 4611 610 4676 τῷ
634 4611 724 4677 σῷ
747 4612 1000 4679 ὀνόματι
1034 4608 1588 4676 προεφητεύσαμεν,
1612 4608 1709 4663 καὶ
1737 4609 1863 4661 δαι-

184 4711 419 4776 μόνια
464 4705 887 4774 ἐξεϐάλομεν,
919 4700 1018 4753 καὶ
1069 4697 1352 4766 δυνάμεις
1390 4700 1642 4765 πλείους
1665 4698 1869 4764 ἐποιή-

186 4816 439 4870 σαμεν
459 4817 486 4863 ;
532 4797 657 4853 Καὶ
683 4798 818 4850 τότε
844 4789 1203 4860 ὁμολογήσω
1215 4790 1439 4856 αὐτοῖς,
1465 4791 1557 4845 ὅτι
1589 4792 1864 4848 οὐδέποτ’

183 4894 430 4963 ἔγνων
464 4885 680 4959 ὑμᾶς.
716 4884 896 4954 Σαφὲς
927 4883 1034 4951 ἄρα
1070 4880 1144 4941 ὡς
1172 4880 1272 4934 οὐκ
1299 4880 1462 4951 ἀρκεῖ
1492 4881 1627 4950 πρὸς
1654 4880 1868 4954 διάκρι-

1967 3439 2172 3495 Verum
2227 3440 2272 3493 si
2325 3436 2518 3491 divina
2571 3434 2813 3505 Spiritus
2863 3432 3041 3488 sancti
3090 3432 3339 3501 prodigia
3387 3432 3550 3503 longe

1967 3531 2126 3601 plura
2152 3545 2219 3585 ac
2248 3530 2457 3599 majora
2485 3542 2584 3598 per
2616 3536 2792 3582 totum
2823 3533 3096 3580 terrarum
3123 3524 3314 3577 orbem
3341 3524 3549 3593 patrari

1967 3622 2147 3677 solent
2168 3621 2311 3691 apud
2342 3635 2466 3684 nos,
2490 3635 2652 3689 quam
2682 3617 2832 3689 apud
2861 3616 3009 3685 ipsos
3042 3630 3055 3667 :
3086 3613 3365 3683 quomodo
3390 3614 3551 3669 nobis

1964 3729 2031 3768 ex
2074 3714 2356 3768 miraculis
2400 3726 2561 3765 suum
2607 3710 2807 3781 dogma
2847 3704 3076 3776 probari
3119 3705 3349 3773 putant?
3390 3705 3547 3760 Desi-

1965 3814 2099 3859 nant
2123 3820 2254 3875 ergo
2278 3803 2445 3858 nobis
2477 3800 2530 3855 id
2565 3799 2888 3861 obtrudere,
2913 3794 3062 3865 quod
3093 3793 3227 3862 ipsis
3250 3791 3550 3848 defenden-

1965 3896 2081 3955 dis,
2120 3908 2428 3963 eorumque
2471 3890 2797 3961 pervicacia:
2839 3887 3057 3940 tuenda:
3102 3882 3369 3952 prodesse
3411 3882 3550 3936 nihil

2005 3992 2166 4036 otest.

2005 4002 2166 4036 ntPSt.

1967 4002 1999 4053 Ρ
2039 4076 2174 4125 Nam
2225 4073 2269 4125 si
2316 4082 2372 4123 et
2422 4070 2625 4121 Scevas
2666 4065 2892 4119 Iudaeus
2939 4062 3052 4131 (49)
3102 4074 3211 4112 una
3256 4074 3382 4114 cum
3424 4059 3552 4114 ﬁliis

1969 4164 2085 4216 suis
2113 4161 2369 4214 invocato
2400 4155 2609 4213 Christi
2645 4152 2871 4207 nomine
2902 4152 3075 4205 malos
3107 4150 3335 4219 spiritus
3365 4167 3393 4204 a
3424 4166 3551 4205 cor-

1977 4431 2242 4485 miracula
2270 4444 2431 4483 suum
2467 4442 2695 4499 pravum
2727 4427 2921 4497 dogma
2957 4425 3089 4481 satis
3122 4425 3355 4493 probare
3388 4422 3550 4477 nobis

1974 4537 2211 4591 unquam
2246 4530 2530 4591 poterunt.
2559 4519 2712 4573 Multi
2748 4519 2928 4579 enim,
2954 4519 3060 4581 ait,
3091 4519 3143 4570 in
3180 4516 3265 4570 die
3294 4515 3388 4569 illa
3422 4513 3551 4567 milii

1971 4614 2140 4666 dicent
2166 4630 2182 4666 ,ν
2211 4613 2447 4675 Domine,
2474 4626 2647 4664 nonne
2672 4612 2728 4664 in
2754 4611 2964 4663 nomine
2989 4618 3077 4663 tuo
3102 4608 3546 4678 prophetavimus.

1971 4712 2020 4756 et
2053 4704 2313 4757 dtemonia
2346 4703 2615 4773 ejecimus,
2648 4711 2696 4755 et
2722 4701 2843 4790 glia
2878 4701 3047 4755 multa
3080 4701 3321 4772 prodigia
3356 4708 3545 4768 patra-

1971 4798 2180 4851 uimns?
2207 4793 2402 4860 Quibus
2434 4794 2674 4848 omnibus
2697 4784 3016 4862 rEspomlebo
3040 4811 3059 4850 :
3090 4793 3258 4846 nescio
3287 4807 3371 4845 vos
3394 4788 3437 4842 ι.
3466 4784 3546 4841 Ad
3616 4860 3624 4873 ι

1973 4885 2382 4957 diguoscendos
2415 4900 2547 4954 ergo
2580 4901 2677 4940 eos
2707 4885 2802 4954 qui
2836 4883 3055 4939 Christo
3090 4882 3242 4938 cbari
3280 4889 3427 4943 sunt,
3454 4875 3544 4928 vel
3612 4876 3623 4931 ὶ

264 5077 293 5115 ι
326 5076 350 5131 Ι
379 5074 564 5131 Cor.
603 5085 705 5135 xu,
729 5069 795 5131 8,
830 5069 887 5124 9.
972 5065 1205 5121 1Matth.
1226 5082 1318 5130 vu,
1339 5066 1428 5126 22.
1451 5066 1544 5119 25.

1976 5219 2153 5274 Const.
2187 5228 2359 5286 (ipost.
2391 5218 2447 5272 S.
2480 5219 2645 5289 Cypr.
2676 5214 3098 5289 Luciferﬁalar.
3126 5209 3200 5289 al.
3385 5265 3525 5289 mu,

2050 5291 2159 5357 (l9)
2190 5278 2403 5343 Ilebrmi
2436 5278 2844 5355 tum-temporis
2874 5284 3096 5337 Christo
3126 5278 3558 5357 lion-tino

1979 5349 2333 5433 mam'lidetu
2381 5357 2662 5433 habebant
2698 5349 2942 5421 eumque

1980 5401 2387 5480 calami-tatibus
2432 5427 2691 5478 invocare
2735 5401 3161 5475 consueverant.
3201 5407 3352 5455 Patet
3394 5401 3446 5480 id
3491 5414 3561 5480 ex

1984 5476 2485 5550 ὖίἑιῐόιλίἶὲὸίιῖίιίἑ
2530 5476 2787 5561 ιὸεέριιῑ,
2827 5500 3023 5561 aues!»
3055 5476 3562 5561 ,(ἒξυτὶέἓῖέῖῗὲἶῖῗὶ·

2181 5547 2405 5633 quidam
2437 5547 2820 5633 hortum-utut,
2848 5547 2907 5608 '01
2935 5547 3566 5633 Chrlf‘jj}§fj}“’}‘p'ﬁ?f

2545 5599 2828 5679 'Q‘ihorbé
2853 5599 3083 5676 “servari
3123 5606 3310 5661 vellet.
3345 5599 3565 5670 (Ειιὶριιο

1978 5704 2172 5757 hzeres.
2201 5701 2290 5763 30,
2318 5714 2373 5750 η.
2401 5699 2474 5763 5.)
3253 5757 3326 5815 60

257 5232 405 5303 (46)
434 5228 567 5303 Ait
595 5224 762 5280 enim
884 5222 1096 5303 Paulus
1116 5222 1154 5275 l.
1181 5236 1231 5276 c.
1261 5238 1273 5275 :
1304 5221 1411 5275 Alii
1436 5236 1626 5292 genera
1662 5221 1870 5291 lingua-

176 5293 341 5365 runs,
374 5293 506 5355 alii
539 5293 1290 5365 interpretatiasermonum.

257 5359 396 5444 (4'7)
432 5359 1102 5444 Jannfset‘blambres,
1131 5359 1245 5444 duo
1269 5361 1410 5444 magi
1432 5360 1714 5444 celebres,
1735 5376 1873 5444 quos

174 5429 387 5514 {loysi'
438 5433 843 5514 inﬁngypto
887 5429 1163 5486 restitisse
1205 5429 1439 5485 testatur
1478 5431 1540 5484 D.
1585 5430 1789 5485 Paulus
1831 5430 1870 5483 ll

178 5505 730 5651 T|aé;"ll=e§.lu§,
757 5579 819 5651 ut.
843 5568 1025 5651 vides,
1049 5583 1109 5651 se
1138 5566 1622 5651 δερθιςῐαμϐροῦ,
1642 5566 1869 5651 nghri.

172 5635 493 5706 sedila'uic
536 5642 811 5702 lectioni
841 5640 1172 5694 adversatur
1204 5637 1404 5693 Paulus
1428 5635 1472 5693 l.
1497 5635 1642 5706 ¢.,—.
1666 5635 1871 5706 Textus

170 5705 550 5778 hodiernus
636 5711 829 5767 habet
894 5707 1188 5777 Ἰαμϐρῆςο
1251 5708 1346 5761 sed
1401 5705 1637 5777 Μαμϐρ.’
1679 5705 1871 5774 legunt

576 5808 911 5871 Panos;
939 5801 1062 5862 Gn.
1106 5797 1432 5864 LXXXVI.
