3998 6282
518 280 652 344 1309

1775 286 2083 345 LEONTII
2122 285 2531 346 BYZANTINI

3633 284 3769 354 1900

516 406 741 462 contra,
779 413 888 450 non
940 395 1221 452 sufﬁciunt
1271 398 1565 463 miracula,
1603 415 1724 469 quae
1769 403 2090 473 plerumque

2201 420 2278 455 σιν
2324 403 2433 455 τῶν
2467 402 2856 471 ἐγνωσμένων,
2910 401 3002 455 καὶ
3060 402 3499 473 ἀπεγνωσμένων
3550 406 3775 478 Χριστῷ

515 499 804 555 patrantur
832 491 898 544 ad
932 491 1378 560 aliorum-potius
1412 492 1703 546 utilitatem
1740 494 1851 566 (50)
1884 497 2084 550 rectio-

515 599 746 652 rcmque
795 583 993 647 fidem,
1042 598 1206 651 quam
1260 582 1328 637 ad
1387 584 1679 639 utilitatem
1728 587 1849 657 ejus
1899 602 1929 640 a
1980 603 2089 657 quo

514 684 835 743 patrantur;
867 689 988 743 quae
1017 674 1207 743 pietati
1238 674 1625 744 promovenda:
1652 677 1887 732 maxime
1914 678 2090 733 inser-

452 808 458 815 .
512 767 692 828 viunt,
724 780 848 834 qua:
885 764 1129 834 denique
1169 764 1381 819 ratione
1422 765 1607 820 habita
1647 783 1772 822 cum
1811 768 1939 834 loci,
1975 778 2090 825 tum

516 856 803 925 temporis,
861 855 982 910 aliis
1016 855 1338 911 utilioribus
1390 856 1458 910 de
1513 857 1695 912 causis
1744 873 1775 912 a
1824 860 1937 913 Deo
1996 875 2093 929 per

513 948 816 1016 quemlibet
852 946 1155 1003 astantium
1196 947 1316 1002 fieri
1358 956 1787 1005 consueverunt.
1818 949 2094 1006 Memoriae

514 1054 681 1108 porro
723 1046 1041 1094 nostrorum
1086 1047 1395 1108 temporum
1433 1050 1598 1108 atque
1636 1039 1921 1111 regionum
1964 1057 2090 1111 pro-

513 1129 690 1183 ditum
734 1136 839 1193 est,
867 1128 1145 1183 exstitisse
1189 1128 1418 1183 mimum
1457 1130 1751 1199 quemdam
1788 1145 1855 1185 ex
1893 1132 1961 1187 iis
1998 1133 2093 1202 qui

516 1225 747 1279 theatris
780 1239 1001 1294 operam
1036 1233 1265 1289 navant,
1291 1225 1385 1294 qui
1420 1225 1487 1280 de
1523 1226 1796 1281 seditione
1827 1234 1883 1281 et
1912 1226 2093 1280 homi-

515 1318 659 1372 cirlio
692 1318 929 1379 delatus,
956 1332 1081 1372 cum
1112 1317 1318 1387 judicis
1348 1325 1497 1372 metu
1531 1319 1847 1387 compulsus
1870 1317 1938 1372 ad
1966 1331 2094 1371 eum

516 1408 696 1459 locum
743 1406 837 1475 qui
883 1406 1209 1460 Barbaricus
1243 1405 1455 1459 limitus
1486 1405 1710 1471 dicitur,
1744 1422 1843 1476 per
1876 1406 2095 1460 deserta

515 1496 782 1565 fugisset,
843 1494 985 1549 forte
1050 1494 1248 1548 incidit
1306 1494 1362 1547 in
1424 1493 1770 1549 Christianos
1830 1495 2095 1563 quosdam

516 1585 858 1652 Saracenos;
885 1600 914 1638 a
941 1585 1146 1655 quibus
1173 1592 1385 1653 captus,
1411 1600 1535 1639 cum
1560 1600 1626 1638 ex
1650 1585 1862 1641 abrasis
1884 1587 2096 1656 capillis

516 1675 823 1729 monachus
892 1674 975 1730 eis
1041 1673 1366 1737 videretur,
1431 1674 1864 1744 credereturque
1934 1691 2096 1745 posse

2194 494 2472 564 θαύματος
2499 494 2769 563 ἐμφάνεια
2807 493 3085 556 πολλάκις,
3130 494 3161 563 ἢ
3207 494 3296 547 διὰ
3323 496 3423 564 τὴν
3455 496 3549 548 τοῦ
3583 514 3770 550 πεισο-
3832 512 3835 515 '

2197 584 2359 655 μένου
2420 582 2517 653 τὴν
2586 583 2905 652 εὐεργεσίαν
2944 621 2957 646 ,
3026 583 3210 637 πίστιν
3274 583 3570 654 ὀρθοτέραν
3638 588 3771 655 μᾶλ-

2194 676 2304 741 λον,
2370 675 2537 745 ἣτὴν
2591 675 2684 727 τοῦ
2760 675 3107 744 ἐνεργοῦντος
3140 715 3174 746 ,γ
3224 677 3513 747 γινομένου
3573 679 3768 732 τοῦδεο

2194 767 2341 837 ἢδιὰ
2396 766 2494 835 τὴν
2565 765 2674 819 τῶν
2746 764 2956 819 θεατῶν
3014 767 3094 828 είς
3150 766 3249 835 τὴν
3310 767 3446 839 πρὸς
3489 770 3770 823 εὐσέϐειαν

2194 857 2569 927 ἁπλουστέραν
2602 856 2996 926 πληροφορίαν·
3049 857 3225 910 ἐνίοτε
3271 857 3328 911 δὲ
3358 860 3450 912 καὶ
3478 861 3620 914 κατὰ
3648 878 3766 914 κοι-

2194 948 2605 1019 νωφελεστέραν
2663 949 2853 1019 χρείας
2891 947 2993 1018 τῆς
3043 948 3184 1002 κατὰ
3238 949 3462 1021 καιρὸν,
3502 950 3536 1019 ἢ
3606 953 3771 1005 τόπον

2197 1041 2300 1093 ὑπὸ
2349 1040 2506 1104 Θεοῦ,
2559 1039 2651 1092 καὶ
2693 1039 2785 1092 διὰ
2814 1038 2910 1092 τοῦ
2961 1040 3278 1110 οίουδήποτε
3321 1041 3430 1094 τῶν
3484 1043 3772 1113 παρόντων

2198 1129 2647 1211 ἐπιτελουμένου.
2686 1131 2775 1183 Ἐν
2825 1132 2938 1192 τοῖς
2997 1131 3130 1197 γοῦν
3160 1130 3283 1184 καθ’
3310 1134 3459 1202 ἡμᾶς
3493 1133 3772 1202 ἱστόρηται

2197 1224 2429 1294 χρόνοις,
2471 1221 2566 1276 καὶ
2609 1221 2812 1285 τόποις’
2854 1222 3019 1292 μῖμός
3052 1239 3135 1286 τις
3176 1221 3285 1275 τῶν
3315 1222 3642 1295 θεατρικῶν,
3678 1226 3773 1277 καὶ

2196 1311 2349 1378 οὗτος
2400 1315 2492 1367 ἐπὶ
2524 1315 2733 1376 στάσει,
2784 1314 2877 1367 καὶ
2908 1314 3055 1383 φόνῳ
3099 1313 3529 1384 ἐγκαλούμενος,
3577 1318 3773 1384 φυγεῖν

2195 1406 2286 1459 τὸν
2311 1405 2574 1472 δικαστὴν
2604 1405 2662 1458 ἐν
2691 1405 2811 1466 ταῖς
2844 1404 2986 1457 κατὰ
3022 1402 3085 1455 τὸ
3110 1403 3453 1473 Βαρϐαρικὺν
3479 1404 3773 1474 λεγόμενον

2197 1496 2409 1568 λιμιτὸν
2435 1497 2683 1566 ἐρήμοις,
2726 1494 2821 1548 κα)¹
2850 1494 2956 1547 ὑπὸ
3001 1495 3336 1565 Σαρακηνῶν
3366 1495 3608 1564 ληῖσθεὶς
3638 1494 3776 1564 Χρι-

2200 1589 2452 1654 στιανῶν,
2491 1588 2578 1641 διὰ
2606 1587 2667 1641 τὸ
2692 1588 2866 1653 δοκεῖν
2896 1586 3076 1649 αὐτοῖς
3120 1586 3185 1639 ἐκ
3226 1587 3323 1656 τῆς
3352 1587 3776 1658 άποτριχώσεως

2203 1680 2434 1750 μοναχδς
2467 1675 2625 1744 εἶναι,
2655 1678 2746 1732 καὶ
2783 1676 2972 1748 ὥσπερ
3014 1678 3065 1729 οἱ
3115 1675 3248 1745 πρὸς
3296 1677 3493 1739 αὐτοὺς
3549 1680 3776 1749 μοναχοὶ

517 1765 1004 1835 (quemadmodum
1033 1764 1176 1835 apud
1204 1764 1356 1834 ipsos
1386 1766 1640 1821 monachi
1666 1769 2092 1838 consueverant)

2201 1770 2661 1839 παραϐάλλοντες,
2725 1770 3031 1839 ἱερουργεῖν
3084 1768 3347 1821 δύνασθαι
3398 1768 3490 1823 τοῦ
3538 1768 3774 1833 ζωτικοῦ

517 1857 719 1911 olTerre
763 1856 949 1910 vitalis
998 1856 1157 1925 panis
1198 1856 1651 1925 augustissimum
1695 1858 2028 1913 sacrificium
2073 1875 2089 1913 :

516 1951 584 2004 ad
619 1950 671 2004 id
702 1950 924 2004 acribus
956 1948 1199 2003 stimulis
1224 1962 1323 2017 per
1351 1956 1521 2003 nutus
1551 1948 1619 2002 ab
1647 1948 1730 2003 eis
1762 1949 2090 2020 cogebatur;

515 2054 683 2113 atque
717 2044 870 2098 solus
900 2042 1047 2097 inter
1077 2042 1197 2112 ejus
1228 2042 1478 2111 captivos
1510 2042 1692 2096 socios
1723 2041 1858 2097 illud
1894 2043 2094 2099 offerre

514 2138 832 2208 jubebatur.
881 2135 1095 2202 Quibus
1140 2149 1267 2189 cum
1320 2142 1589 2204 potestate
1644 2134 1696 2188 id
1747 2134 1985 2191 faciendi
2035 2151 2094 2191 se

518 2226 846 2282 destitutum
877 2240 1000 2279 esse
1030 2223 1372 2294 persuadere
1406 2240 1517 2278 non
1548 2225 1823 2293 potuerit;
1859 2242 2095 2296 cumque

517 2331 713 2371 eorum
736 2314 1008 2370 voluntati
1034 2313 1246 2368 diutius
1271 2312 1532 2368 resistere
1560 2328 1669 2367 non
1695 2312 1861 2368 fuerit
1882 2330 2050 2370 ausus
2078 2332 2091 2367 :

517 2417 703 2462 erecto
732 2407 988 2477 protinus
1013 2422 1043 2460 e
1073 2404 1332 2475 virgultis
1358 2404 1540 2466 altari,
1562 2413 1958 2473 superextensa
1986 2405 2097 2460 sin-

519 2498 688 2564 done,
714 2497 965 2567 apposito
989 2496 1201 2551 recenti
1235 2511 1373 2565 pane
1399 2496 1535 2564 (51),
1560 2503 1614 2550 et
1638 2495 1692 2549 in
1717 2496 1959 2566 ligneum
1986 2498 2096 2567 (52)

520 2589 746 2642 calicem
777 2588 956 2642 infuso
984 2588 1135 2651 vino,
1163 2585 1441 2641 benedixit
1467 2585 1611 2639 dona
1639 2585 1756 2640 haec
1782 2586 2013 2641 sublatis
2041 2587 2096 2641 in

519 2679 718 2733 cmlum
753 2677 931 2732 oculis
959 2676 1326 2745 invocatoque
1357 2676 1476 2730 solo
1504 2674 1792 2731 Trinitatis
1822 2676 2047 2731 nomine
2081 2694 2094 2730 :

518 2778 685 2837 atque
715 2762 915 2838 panem
945 2776 1136 2836 postea
1169 2765 1493 2836 frangendo,
1526 2766 1759 2835 singulis
1790 2766 2094 2823 distribuit.

519 2859 759 2913 Calicem
786 2857 1010 2922 deinde,
1038 2865 1203 2926 atque
1233 2856 1547 2920 sindonem,
1576 2865 1635 2909 ut
1661 2871 1748 2911 res
1776 2856 1889 2911 Deo
1914 2872 2098 2912 sacras

512 2966 737 3005 summa
765 2965 891 3003 cum
930 2949 1286 3004 veneratione
1325 2947 1663 3013 custodiunt,
1694 2963 1766 3002 ne.
1806 2948 1874 3002 ad
1913 2948 2097 3018 profa-

523 3061 654 3099 num
688 3059 848 3098 usum
885 3042 1267 3108 traducantur,
1294 3042 1692 3111 negliguntque
1721 3041 1899 3095 solum
1929 3042 2097 3097 altare

524 3138 728 3205 ipsum.
757 3135 936 3204 Super
961 3133 1108 3203 quod
1144 3141 1369 3203 repente
1400 3146 1593 3203 magna
1617 3131 1700 3185 vis
1726 3131 1869 3201 ignis
1898 3148 1930 3185 e
1959 3131 2097 3186 caelo
2136 3168 2141 3173 ι

523 3227 839 3291 descendit,
872 3226 967 3295 qui
1010 3226 1291 3279 nominent
1331 3224 1555 3293 quidem
1602 3224 1847 3292 ipsormn
1891 3223 2097 3291 attigit,

525 3332 706 3386 neque
742 3316 901 3378 laesit,
937 3314 1034 3369 sed
1068 3314 1239 3368 altare
1279 3321 1457 3367 totum
1492 3312 1818 3373 combussit,
1852 3311 2100 3380 penitus-

524 3421 631 3473 que
676 3405 912 3468 delevit;
951 3413 1012 3457 ut
1046 3416 1113 3455 ne
1148 3401 1443 3455 frustulum
1479 3400 1700 3469 quidem
1736 3400 2099 3470 virgultorum

526 3496 601 3548 ibi
659 3492 1009 3549 remanserit.
1059 3492 1179 3557 Quo
1242 3492 1495 3561 prodigio
1557 3491 1817 3545 commoti
1876 3489 2101 3544 Barbari

525 3588 884 3655 coniecerunt
921 3585 1114 3639 oculos
1155 3584 1208 3636 in
1255 3584 1534 3636 hominem
1578 3582 1755 3646 illum,
1793 3582 1887 3651 qui
1929 3580 2100 3637 sacri-

528 3679 711 3731 ficium
761 3677 1077 3740 obtulerat,
1127 3675 1565 3742 institeruntque
1616 3674 2001 3737 vehementer,
2044 3681 2105 3727 ut

527 3782 726 3821 munus
787 3766 898 3835 (5'5)
949 3763 1175 3833 aliquod
1230 3763 1299 3817 ab
1358 3762 1441 3815 eis
1498 3776 1601 3831 pro
1654 3768 1807 3815 tanto
1864 3761 2103 3815 facinore

527 3868 715 3930 petere
762 3860 948 3914 vellet.
987 3857 1037 3911 ls
1084 3863 1268 3911 autem
1323 3854 1641 3923 postulavit,
1675 3854 1864 3923 utqui
1915 3868 2103 3908 secum

526 3953 670 4021 capti
716 3950 963 4014 fuerant,
1002 3964 1189 4004 secum
1238 3948 1408 4001 etiam
1458 3947 1902 4011 dimitteremur;
1956 3946 2103 4015 quod

527 4044 713 4097 statim
759 4042 1023 4107 obtinuit,
1054 4055 1317 4095 omnesve
1354 4038 1517 4094 simul
1553 4038 1754 4093 misera
1789 4038 2103 4107 captivitate

531 4135 811 4189 liberavit.
846 4133 948 4186 llic
982 4140 1167 4185 autem
1210 4144 1355 4184 unus
1393 4145 1423 4184 e
1463 4129 1667 4184 nostris
1697 4128 1999 4198 putabatur
2033 4127 2104 4181 ob

532 4224 584 4277 id
622 4238 812 4284 unum,
839 4222 984 4291 quod
1022 4223 1224 4275 nostris
1258 4219 1624 4274 concionibus
1659 4220 1924 4274 interesse
1960 4218 2103 4272 sole-

530 4323 634 4376 ret.
669 4314 765 4383 qui
819 4328 888 4368 ne
930 4312 1220 4367 minimum
1265 4312 1489 4379 quidem
1539 4311 1834 4364 discrimen
1884 4320 2101 4372 norant,

2194 1864 2359 1933 ἄρτου
2414 1862 2475 1915 τὸ
2537 1863 2852 1933 μυστήριον,
2908 1860 2996 1913 διὰ
3044 1859 3329 1929 νευμάτων
3385 1861 3775 1931 εἰσεπράττετο

2198 1952 2501 2016 σπουδαίως
2534 1953 2626 2005 ὑπ’
2653 1951 2830 2004 αὐτῶν
2860 1950 2960 2019 τῆς
2991 1950 3141 2010 θείας
3173 1949 3363 2014 θυσίας
3395 1951 3492 2022 τὴν
3528 1952 3776 2020 λειτουρ-

2194 2044 2341 2113 γίαν,
2384 2040 2563 2115 μόνος
2601 2043 2829 2111 ἀφεθεὶς
2880 2043 2989 2096 τῶν
3036 2042 3373 2112 συνδεσμίων
3412 2042 3776 2113 αἰχμαλώτων

2196 2137 2499 2191 ἐκτελέσαι·
2544 2138 2638 2189 καὶ
2690 2136 2767 2199 ὡς
2816 2135 2961 2205 λόγῳ
3000 2134 3210 2191 πείθειν
3260 2137 3455 2199 αὐτοὺς
3496 2136 3635 2206 ὑπὲρ
3673 2137 3774 2204 τῆς

2199 2227 2396 2280 ἑαυτοῦ
2448 2225 2960 2295 ἀνεπιτηδειότητος
2995 2224 3096 2278 οὐκ
3131 2225 3376 2295 εὐπόρει,
3409 2225 3503 2278 καὶ
3538 2225 3774 2288 ἀντιτεί-

2196 2335 2307 2371 νειν
2342 2319 2407 2388 τῇ
2442 2316 2739 2386 προστάξει
2795 2317 2976 2369 αὐτῶν
3027 2316 3120 2367 ἐπὶ
3158 2316 3339 2369 πλεῖον
3391 2317 3493 2369 οὐκ
3542 2315 3775 2369 εὐτόνει*

2200 2406 2383 2478 βωμὸν
2408 2408 2473 2460 ἐκ
2495 2406 2785 2477 φρυγάνων
2801 2406 2942 2459 κατὰ
2962 2407 3060 2477 τὴν
3089 2408 3295 2477 ἔρημον
3321 2407 3771 2477 συστησαμένων,

2199 2498 2292 2550 καὶ
2338 2496 2551 2550 σινδόνα
2585 2497 3026 2565 ἐφαπλωσάντων
3049 2536 3064 2561 ,
3122 2498 3217 2549 καὶ
3270 2496 3579 2567 προθέντων
3608 2497 3775 2567 ἄρτον

2199 2589 2514 2657 νεόπτητον,
2574 2590 2666 2641 καὶ
2703 2582 2846 2641 οῖνον
2898 2589 2956 2640 ἐν
3002 2586 3371 2659 ξυλοποτηρίῳ
3400 2588 3773 2657 κερασάντων,

2200 2678 2489 2748 παρεστὼς
2534 2680 2833 2749 ἐσφράγισε
2889 2679 2955 2733 τά
3012 2677 3160 2749 δῶρα
3206 2679 3509 2749 ἀναϐλέψας
3559 2681 3639 2742 είς
3681 2679 3781 2732 τὸν

2197 2771 2447 2840 οὐρανὸν,
2490 2770 2583 2823 καὶ
2611 2768 2829 2834 ἐδόξασε
2870 2770 2969 2840 τὴν
3017 2769 3177 2836 ἁγίαν
3220 2770 3427 2841 Τριάδα
3463 2770 3641 2839 μόνον,
3675 2774 3780 2825 καὶ

2202 2862 2430 2924 κλάσας,
2463 2862 2731 2931 διένειμεν
2778 2860 2989 2924 αὐτοῖς·
3039 2856 3155 2915 εἷτα
3186 2862 3325 2931 μετὰ
3359 2863 3478 2915 τόδε
3508 2862 3582 2925 ὡς
3616 2864 3783 2929 ἁγια-

2203 2954 2399 3008 σθέντα
2423 2953 2629 3019 λοιπὸν,
2660 2953 2719 3007 ἐν
2746 2955 2879 3023 τιμῇ
2917 2953 3263 3006 συστέλλουσι
3292 2954 3351 3007 τό
3382 2971 3441 3006 τε
3479 2954 3777 3024 ποτήριον,

2202 3044 2295 3098 καὶ
2326 3045 2425 3114 τὴν
2448 3044 2681 3110 σινδόνα,
2706 3043 2840 3113 πρὸς
2870 3042 2931 3094 τὸ
2959 3044 3031 3113 μὴ
3060 3042 3386 3113 κακωθῆναι
3414 3042 3598 3097 λοιπὸν
3627 3045 3780 3108 τίδε,

2202 3137 2297 3190 τοῦ
2331 3137 2514 3207 βωμοῦ
2550 3137 2710 3207 μόνου
2757 3136 3277 3206 περιφρονήσαντες.
3321 3135 3430 3187 Καὶ
3459 3134 3613 3202 ἄφνω
3660 3134 3783 3205 πῦρ

2204 3230 2268 3282 ἐκ
2296 3226 2389 3280 τοῦ
2434 3226 2662 3298 οὐρανοῦ
2697 3226 2943 3280 πλεῖστον
2973 3225 3255 3288 ἐπιπεσὸν,
3283 3223 3461 3278 αὐτῶν
3493 3224 3592 3294 μὲν
3620 3225 3783 3276 οὐδε-

2203 3319 2291 3381 νὸς
2321 3318 2518 3387 ἥψατο,
2559 3317 2591 3388 ἢ
2626 3316 2865 3387 ἐλύπησέ
2915 3333 3069 3370 τιναο
3112 3316 3219 3369 τῶν
3247 3315 3306 3368 δὲ
3351 3315 3643 3384 φρυγάνων
3680 3316 3784 3368 τὸν

2205 3409 2388 3480 βωμὸν
2418 3408 2540 3462 ὅλον
2594 3406 2918 3475 κατέφλεξε,
2956 3410 3050 3461 καὶ
3099 3406 3459 3474 ἐξανάλωσεν,
3502 3408 3579 3471 ὡς
3637 3408 3785 3477 μηδὲ

2202 3499 2410 3571 τέφραν
2463 3498 2643 3552 αὐτῶν
2687 3497 3042 3552 καταλιπών’
3078 3498 3174 3551 καὶ
3216 3497 3390 3567 τούτῳ
3432 3498 3653 3567 ὀφθέντι
3695 3499 3787 3566 τῷ

2203 3589 2476 3661 τεραστίῳ
2530 3591 2580 3642 οἱ
2625 3589 2901 3660 Βάρόαροι
2949 3589 3492 3660 πληροφορηθέντες,
3544 3593 3623 3652 είς
3681 3590 3788 3642 τὸν

2208 3682 2657 3753 ἱερουργήσαντα,
2688 3681 2827 3750 δόμα
2858 3697 2910 3733 τι
2939 3679 3071 3750 παρ’
3101 3679 3277 3733 αὐτῶν
3311 3682 3480 3732 αἰτεῖν
3514 3680 3653 3749 ὑπὲρ
3676 3684 3788 3750 τῆς

2205 3771 2550 3842 λειτουργίας
2590 3770 2890 3835 ἐξεὸίαζον.
2958 3770 3015 3823 '0
3044 3770 3100 3821 δὲ
3143 3771 3268 3832 τοὺς
3316 3768 3786 3839 συγκληῖσθέντας

2206 3861 2354 3931 αὐτῷ
2409 3861 2619 3924 πάντας
2669 3862 2764 3915 καὶ
2797 3861 3162 3929 συναφεθῆναι
3193 3862 3451 3931 ᾐτήσατο,
3494 3859 3787 3913 καὶτοῦτο

2206 3952 2504 4023 ἐλάμϐανε,
2542 3953 2634 4005 κα)¹
2665 3951 2871 4014 πάντας
2894 3950 3189 4021 ἠλευθέρου
3220 3952 3316 4020 τῆς
3342 3952 3629 4020 συμφορᾶς
3649 3952 3785 4013 τοὺς

2208 4041 2306 4092 σὺν
2340 4037 2508 4106 αὐτῷ.
2541 4033 2649 4091 Ἶῐν
2674 4038 2729 4091 δέ
2769 4034 2922 4101 οὗτος
2951 4038 3048 4109 τὴν
3079 4038 3177 4108 μὲν
3198 4038 3352 4102 δόξαν
3384 4039 3668 4109 ἡμέτερος,
3699 4040 3785 4103 τῷ

2208 4131 2370 4201 μόνον
2411 4131 2543 4200 ἡμῖν
2583 4130 3163 4200 συνεκκλησιάζεσθαιο
3212 4130 3273 4181 οὐ
3316 4130 3424 4199 μὴν
3463 4129 3619 4191 εἰδὼς
3653 4130 3785 4182 οὐδὲ

2205 4220 2287 4273 ὃτι
2317 4220 2434 4272 ἐστί
2459 4237 2542 4282 τις
2569 4220 2753 4289 σχεδὸν
2782 4221 3123 4290 Χριστιανῶν
3151 4219 3403 4290 διαφορά.
3435 4220 3498 4271 Οἱ
3525 4219 3579 4271 δὲ
3599 4220 3787 4287 Σαρα-

2208 4313 2364 4379 κηνοὶ
2422 4313 2485 4363 ἐκ
2538 4311 2637 4380 τῆς
2676 4310 2783 4363 τῶν
2841 4311 3168 4364 Ἰακωὸιτῶν
3213 4311 3478 4380 αἱρέσεως
3526 4309 3785 4371 εἰωθότες

527 4406 673 4476 quod
718 4406 1068 4460 Christianos
1118 4402 1267 4456 inter
1308 4410 1363 4455 et
1399 4401 1744 4455 Christianos
1788 4400 2097 4453 intercedit.

2206 4405 2504 4469 κοινωνεῖν,
2530 4402 2579 4454 οἳ
2619 4404 2715 4455 καὶ
2749 4404 2900 4456 αὐτοὶ
2929 4403 3029 4472 τὴν
3061 4403 3189 4472 μίαν
3225 4403 3386 4472 φύσιν
3422 4403 3511 4454 ἐπὶ
3537 4402 3630 4455 τοῦ
3671 4402 3765 4454 Κυ

530 4497 791 4552 Saraceni
828 4511 959 4549 vero
995 4492 1373 4549 Jacobitarum
1422 4492 1532 4560 (Si)
1577 4491 1829 4560 dogmata
1873 4490 2099 4559 profite-

529 4590 755 4651 bantur,
780 4595 836 4641 et
870 4603 979 4640 una
1018 4601 1143 4639 cum
1181 4585 1316 4653 ipsis
1351 4584 1516 4636 vitam
1561 4582 1755 4653 degere
1795 4596 2100 4637 consueve—

531 4686 674 4734 rant.
705 4679 816 4745 Qui
858 4677 1117 4732 Jaeobitm
1166 4690 1332 4729 unam
1383 4674 1437 4727 in
1488 4674 1708 4729 Christo
1753 4681 2005 4727 naturam
2048 4682 2106 4727 et

532 4771 634 4840 ipsi
676 4769 999 4840 praedicant.
1033 4776 1199 4837 atque
1247 4766 1300 4820 hi
1341 4782 1466 4819 cum
1510 4764 1801 4819 Saracenis
1841 4764 1972 4833 ipsis
2009 4780 2106 4834 per

531 4861 745 4915 deserta
798 4858 1174 4929 vagabantur,
1232 4856 1426 4925 eisque
1485 4853 1681 4909 sedulo
1737 4852 2103 4909 ministerium

605 5040 713 5111 (50)
744 5037 824 5093 Ad
856 5035 1268 5090 distinctionem
1295 5035 1487 5111 gratia:
1512 5039 1725 5111 gratum
1758 5030 2016 5111 facientis.
2045 5042 2106 5085 ut

534 5102 731 5166 svliolfe
749 5111 1067 5175 loquuntur,
1101 5120 1219 5171 qum
1238 5105 1459 5171 prodest
1476 5104 1525 5155 ei
1543 5102 1628 5155 cui
1648 5102 1950 5175 confertur.
1981 5118 2103 5175 cum

535 5170 841 5251 subjectum
880 5176 978 5251 _cui
1030 5170 1197 5235 iucs‘t,
1238 5170 1355 5226 Deo
1409 5182 1626 5242 gratum
1671 5170 1864 5233 faciat,
1910 5173 2105 5225 merito

535 5247 735 5306 nomen
763 5247 894 5301 illud
925 5255 1083 5299 nacta
1114 5253 1215 5295 est.

608 5321 718 5389 (Sil)
754 5320 811 5373 In
847 5331 999 5370 more
1035 5315 1273 5389 positum
1309 5318 1427 5365 erat
1457 5309 1652 5389 primis
1681 5309 1937 5363 Ecclesia:
1972 5318 2105 5389 them-

538 5377 787 5461 poribus,
814 5396 875 5461 ut
912 5377 1167 5461 propriis.
1188 5382 1303 5435 suis
1345 5377 1599 5443 manibus
1638 5394 1832 5461 panem
1869 5377 2104 5459 conﬁce-

542 5448 685 5521 rent,
712 5448 1128 5529 pra'ltcr'ctttquc
1157 5453 1231 5529 ita
1262 5460 1539 5529 recentem
1566 5448 1857 5528 sacerdoti.
1883 5448 1975 5529 qui
2004 5462 2106 5529 pro

537 5545 596 5583 se
638 5517 965 5583 sacriﬁcium
1017 5517 1207 5578 oll'crri
1252 5520 1540 5585 volebant;
1591 5517 1678 5572 cui
1721 5517 2104 5571 consuetudini

537 5601 785 5666 paruisse
808 5600 889 5651 vel
916 5594 1451 5666 imperatoresipsos
1476 5597 1626 5661 patet
1645 5587 1894 5657 exemplo
1917 5586 2108 5641 Valen-

541 5663 627 5724 tis.
658 5668 839 5741 (Grcg.
862 5663 1071 5737 Naz.,p.
1097 5663 1220 5730 550,
1246 5663 1339 5717 551
1356 5664 1393 5729 .)

2209 4493 2327 4564 ρίου
2352 4492 2736 4562 πρεσϐεύουσι,
2773 4494 2868 4545 κα).
2893 4486 3037 4546 οὗτοι
3075 4494 3280 4563 πρῶτοι
3307 4496 3419 4557 τοῖς
3442 4494 3785 4565 Σαρακηνοῖς

2210 4584 2682 4654 συμπεριάγεσθαι
2714 4583 2855 4637 κατὰ
2903 4584 3001 4655 τὴν
3046 4584 3269 4655 ἔρημον,
3314 4586 3408 4638 καὶ
3443 4585 3783 4654 λειτουργεῖν

2208 4675 2390 4736 αὐτοῖς
2432 4675 2506 4737 ὼς
2543 4674 2768 4730 ἐπίπαν.
2801 4673 2938 4726 Οὔτε
2991 4675 3096 4745 μὴν
3148 4676 3268 4728 οὐδὲ
3318 4670 3462 4729 οὗτοι
3494 4675 3712 4740 εἰδότες,
3745 4675 3779 4742 ἢ

2209 4764 2554 4827 διδάσκοντες
2583 4765 2693 4817 τῶν
2718 4767 2776 4818 ἐν
2810 4766 3155 4834 Χριστιανοῖς
3190 4766 3475 4836 δογμάτων
3504 4767 3777 4831 ἐξέτασιν,

2211 4854 2583 4926 ἢσύγκρισιν·
2641 4856 2754 4909 ἀλλ’
2791 4855 2980 4925 ὥσπερ
3027 4859 3141 4920 τοῖς
3198 4859 3493 4928 Νεστορίου
3540 4856 3777 4927 Πέρσαι,

2283 5034 2394 5104 (59.)
2446 5032 2586 5089 Hinc
2631 5033 2810 5102 liquet
2856 5032 3054 5102 priscis
3106 5034 3479 5103 temporibus.
3523 5032 3777 5087 adhiberi

2209 5106 2557 5158 consuevisse
2589 5105 2787 5159 calices
2810 5104 3041 5173 ligneos.

2282 5174 2391 5243 (55)
2424 5176 2478 5227 ln
2507 5173 2695 5228 Graeco
2726 5171 2873 5227 textu
2900 5172 3100 5240 legitur
3124 5173 3337 5241 δόματι,
3362 5174 3455 5227 sed
3488 5171 3777 5242 legendum

2217 5251 2313 5295 uto
2343 5244 2513 5311 δῶρόν
2539 5261 2627 5303 τι,
2656 5252 2717 5296 ut
2742 5243 2999 5311 sequenti
3033 5243 3285 5311 petitioni
3322 5252 3604 5311 congruat.

2284 5260 2313 5295 ο
2343 5260 2415 5295 om
2457 5260 2513 5295 ον
2539 5261 2627 5303 τι,
2656 5260 2717 5296 ut
2742 5260 2999 5311 sequenti
3033 5260 3285 5311 peuuom
3322 5260 3604 5311 congruat.

2284 5260 2629 5391 (Sithonia)
2653 5321 2822 5391 caput
2846 5312 3085 5391 Jacobus
3113 5313 3348 5391 quidam
3369 5314 3431 5381 S3
3446 5313 3560 5363 rius
3591 5324 3779 5363 mona-

2210 5380 2381 5444 chus,
2401 5381 2589 5452 Severi
2633 5380 2957 5451 discipulus,
2988 5383 3079 5450 qui
3119 5380 3777 5452 Eutychianorunt_erro-

2210 5466 2299 5503 res
2341 5467 2440 5519 per
2480 5449 2922 5519 Mesopotamiam
2964 5449 3019 5506 et
3085 5449 3397 5533 Armeniam
3442 5449 3774 5519 praedicavit.

2213 5520 2475 5579 (Demctr.
2514 5519 2722 5579 Cvdon.
2790 5529 2828 5575 ι.
2871 5520 2944 5579 ll.
2986 5523 3135 5575 Auct.
3179 5520 3315 5574 Bibl.
3364 5521 3568 5579 PP.,p.
3609 5516 3774 5579 1221;

2213 5531 2475 5579 (Ucmctr.
2514 5531 2722 5591 Cydon.
2790 5531 2828 5575 ι.
2872 5531 2944 5586 ιι,
2986 5531 3135 5575 Auct.
3179 5531 3315 5574 υιοι.
3364 5531 3568 5590 [Ψηρ.
3609 5531 3775 5581 12:1;

2212 5588 2345 5641 Bibl.
2374 5588 2660 5659 Orient.,p.
2693 5590 2839 5646 649.)
