3998 6282
221 241 342 308 1901

1237 241 1504 302 CAPITA
1546 241 1707 300 XXX
1738 240 2034 300 CONTRA
2073 237 2454 302 SEVERUM.

3329 197 3466 302 1902

209 350 380 410 οὕτως
414 351 511 402 καὶ
559 349 670 402 οἵδε
713 352 826 412 τοῖς
873 348 1129 402 Ἰακώὗου
1162 350 1472 419 φρονήμασι
1499 365 1792 418 προκατει-
1817 350 1839 406 Α

1952 361 2229 416 »οτοηιίιιιθ
2272 346 2608 416 prmbebant.
2644 344 2747 412 Qui
2788 345 3037 415 profecto
3075 363 3180 404 nec
3225 348 3328 417 ipsi
3363 365 3467 403 no-

209 442 480 512 λημμένοι
511 441 934 511 ὲνετυπὼθησαν
962 440 1357 502 ἀϐασανίστως.

1893 449 2038 503 rant,
2072 453 2251 509 neque
2290 438 2565 494 docebant
2600 439 2998 509 perscrutanda
3036 455 3157 495 esse
3195 440 3468 496 Christia-

209 548 408 588 norum
447 531 724 602 dogmata,
789 541 847 586 et
919 547 1044 586 cum
1089 532 1214 586 aliis
1255 532 1491 585 aliorum
1528 536 1860 583 sectatorum
1899 531 2171 585 institutis
2208 531 2576 600 comparanda
2613 548 2626 584 :
2663 530 2760 586 sed
2793 532 3258 600 quemadmodum
3291 534 3470 589 Persae

208 624 452 680 Nestorii
483 624 816 690 doctrinam,
846 626 922 680 ita
953 634 1009 680 et
1032 625 1089 679 hi
1123 639 1292 694 prava
1315 621 1505 678 Jacobi
1536 621 1788 691 dogmata
1827 622 1949 677 sine
1977 622 2089 678 ulla
2117 621 2504 692 disquisitione
2537 624 2864 694 probabant.

221 813 3470 850 Μ

841 987 1142 1102 ΤΟΥ
1226 983 2034 1102 ΜΑΚΑΡΙΟΥ
2127 979 2912 1099 ΛΕΟΝΤΙΟΥ

632 1207 777 1298 ΤΑ
847 1215 1478 1302 ΤΡΙΑΚΟΝΤΑ
1554 1209 1839 1296 ΚΕΦΑ

1952 1212 2120 1294 AIA
2194 1209 2493 1297 ΚΑΤΑ
2565 1212 3102 1299 ΣΕΥΗΡΟΥ.

965 1735 970 1743 ⁵
1311 1571 1729 1686 BEATI
1849 1572 2427 1686 LEONTII

725 1806 1142 1896 CAPITA
1205 1806 1787 1896 TRIGINTA
1859 1805 2328 1898 CONTRA
2399 1805 3001 1897 SEVERUM.

1316 1999 1670 2075 Interprete
1704 1997 2046 2060 Francisco
2084 1999 2423 2059 Turriano.

1168 2160 1317 2232 (Asc.
1343 2161 1467 2226 ΜΑι,
1509 2158 1619 2214 Vct.
1654 2157 1849 2228 Script.
1883 2155 2130 2212 Biblioth.
2164 2157 2337 2223 LVII,
2370 2173 2424 2228 p.
2455 2158 2568 2226 40.)

1855 2319 1924 2334 -η-

296 2451 382 2502 Δ’.
422 2448 491 2500 Εἰ
520 2447 593 2500 τὰ
627 2447 806 2517 πάντη
843 2443 1015 2498 ταυτὰ
1051 2444 1182 2514 μιᾶς
1217 2446 1366 2498 ἐστιν
1415 2441 1649 2510 φύσεως,
1687 2443 1826 2496 αὐτὰ

1999 2443 2040 2496 l.
2077 2442 2134 2497 Si
2152 2457 2272 2512 quae
2286 2450 2414 2497 sunt
2443 2441 2668 2496 omnino
2686 2440 2898 2506 eadem,
2931 2449 3058 2496 sunt
3076 2440 3241 2497 unius
3265 2450 3496 2507 naturze,

224 2541 284 2594 δὲ
311 2540 500 2594 ταῦτα.
534 2541 633 2594 καὶ
662 2539 762 2609 μία
796 2537 957 2608 φύσις
990 2535 1233 2606 λέγεται,
1280 2536 1397 2599 πῶς
1451 2538 1520 2589 τὰ
1545 2537 1620 2606 μὴ
1641 2537 1818 2606 πάντη

225 2631 410 2685 ταυτὰ
437 2629 587 2684 κατὰ
610 2630 794 2699 φύσιν,
819 2631 947 2700 μιᾶς
977 2628 1041 2682 ἂν
1075 2628 1161 2698 εἴη
1204 2626 1440 2696 φύσεως,
1473 2627 1506 2697 ἦ
1535 2627 1632 2698 μία
1663 2626 1823 2697 φύσις

226 2719 571 2789 λεχθήσεται
599 2718 794 2783 ςἋλλὰ
825 2718 932 2788 μὴν
972 2717 1230 2770 οὐδέποτε
1273 2717 1450 2786 πάντη
1499 2716 1699 2769 ταύτὸν
1731 2716 1826 2769 καὶ

227 2805 364 2858 κατ’
398 2805 566 2858 αὐτὸν
598 2808 633 2874 ἡ
655 2806 748 2858 τοῦ
779 2804 1016 2876 Χριστοῦ
1045 2804 1235 2875 θεότης
1262 2807 1328 2875 τῇ
1359 2805 1479 2859 κατ’
1504 2805 1704 2867 αὐτοὺς
1734 2804 1828 2857 ἀν·

229 2898 592 2970 θρωπότητι·
649 2898 749 2950 οῦκ
794 2897 900 2968 ἄρα
955 2898 1083 2966 μιᾶς
1115 2895 1286 2949 ταῦτα
1314 2897 1379 2950 ἂν
1417 2896 1501 2967 εἴη
1535 2895 1826 2965 φύσεως,ἢ

233 2991 344 3059 μία
383 2990 548 3058 φύσις
574 2988 897 3059 λεχθήσεται
927 2987 1101 3041 ταῦτα
1138 2987 1274 3057 μετὰ
1314 2988 1412 3058 τὴν
1440 2987 1656 3040 ἕνωσιν.

308 3083 397 3135 B'.
427 3074 534 3132 Ὧν
563 3082 663 3150 μία
689 3081 722 3149 ὴ
746 3079 927 3149 φύσις,
956 3079 1135 3142 κοινὸς
1173 3080 1202 3132 ό
1245 3079 1404 3148 λόγος
1425 3094 1440 3109 ·
1475 3072 1549 3132 ὧν
1571 3077 1628 3131 δὲ
1657 3075 1831 3138 κοινὸς

233 3175 265 3226 ὁ
287 3171 481 3238 λόγος,
518 3173 615 3226 καὶ
645 3174 678 3241 ἡ
707 3170 941 3242 ῦπαρξις
967 3169 1254 3240 όμοούσιος
1273 3187 1288 3200 ν
1342 3170 1596 3224 οὐδέποτε
1652 3169 1709 3222 δὲ
1739 3169 1834 3221 καὶ

237 3264 396 3316 κατὰ
417 3263 622 3317 ταύτὸν
644 3260 926 3332 ὁμοούσιος
950 3263 983 3332 ἡ
1018 3260 1211 3331 θεότης
1246 3259 1342 3314 τοῦ
1375 3258 1614 3331 Χριστοῦ
1645 3261 1713 3329 τῇ
1736 3260 1832 3311 ἀν-

241 3353 569 3423 Θρυγπότητι
589 3370 603 3383 ’
631 3352 733 3404 οὐκ
777 3352 886 3422 ἄρα
940 3344 1020 3414 εἷς
1056 3366 1187 3403 ποτε
1219 3348 1424 3402 τούτων
1457 3351 1483 3401 ό
1517 3347 1674 3415 λόγος
1697 3362 1713 3377 ⁸
1758 3339 1834 3399 ὧν

244 3447 306 3498 δὲ
336 3444 615 3515 μηδέποτε
637 3438 718 3507 εἷς
746 3445 773 3496 ό
792 3443 968 3512 λόγος,
1004 3442 1209 3497 τούτων
1234 3441 1321 3512 ἄρ’
1349 3443 1404 3494 αι
1439 3438 1628 3509 φύσεις
1678 3439 1835 3509 δῆλον

254 3539 334 3589 Em
365 3535 641 3605 διάφοροι.

321 3714 402 3766 I".
437 3713 505 3765 El
538 3713 605 3765 ὲκ
665 3712 918 3780 θεότητος
979 3711 1072 3764 καὶ
1121 3707 1536 3780 ἀνθρωπότητος
1565 3706 1836 3775 λέγοντες,

1928 2534 2045 2590 haec
2091 2542 2275 2588 autem
2307 2533 2423 2603 ipsa
2449 2533 2615 2588 etiam
2641 2547 2748 2587 una
2795 2540 2988 2587 natura
3018 2533 3281 2588 dicuntur
3307 2551 3321 2599 ;
3367 2551 3504 2604 quo-

1927 2625 2110 2690 modo,
2144 2641 2268 2696 qua:
2296 2640 2408 2679 non
2435 2634 2566 2680 sunt
2590 2625 2818 2680 omnino
2853 2626 3066 2691 eadem,
3091 2627 3175 2682 vel
3215 2628 3377 2682 unius
3401 2645 3503 2682 na-

1926 2725 2064 2770 tura:
2088 2725 2273 2780 erunt,
2301 2715 2388 2770 vel
2433 2730 2543 2769 una
2571 2724 2768 2769 natura
2799 2714 3095 2770 dicentur?
3125 2715 3297 2770 Porro
3323 2732 3506 2786 neque

1928 2809 2121 2865 eadem
2183 2817 2313 2864 sunt
2357 2806 2564 2864 Christi
2605 2807 2869 2863 divinitas
2901 2818 2958 2864 et
2993 2809 3324 2865 humanitas.
3365 2812 3508 2882 Ergo

1929 2914 2042 2954 non
2072 2899 2240 2954 unius
2269 2907 2482 2954 naturae
2503 2908 2672 2955 erunt
2699 2915 2880 2970 neque
2913 2916 3018 2955 una
3035 2911 3232 2956 natura
3256 2901 3510 2958 dicentur

1931 2999 2055 3060 post
2093 2992 2375 3045 unionem.

2003 3083 2069 3137 ll.
2104 3082 2348 3149 Quorum
2385 3099 2492 3137 una
2524 3093 2609 3139 est
2651 3091 2871 3149 natura,
2892 3085 3204 3139 communis
3231 3095 3314 3140 est
3337 3087 3510 3150 ratio;

1935 3184 2171 3239 quorum
2206 3181 2387 3226 autem
2415 3173 2728 3227 communis
2756 3173 2918 3237 ratio,
2936 3173 3183 3244 ejusdem
3196 3175 3515 3230 substantiae

1937 3268 2068 3314 sunt
2096 3276 2110 3313 :
2145 3275 2256 3314 non
2289 3269 2570 3316 estautem
2593 3261 2894 3315 secundum
2917 3261 3334 3332 ipsosdivinitas
3359 3263 3517 3319 Chri-

1938 3351 2007 3406 sti
2045 3351 2292 3423 ejusdem
2331 3351 2654 3406 substantiae
2692 3367 2816 3405 cum
2863 3351 3204 3406 humanitate
3235 3369 3247 3404 :
3279 3367 3388 3406 non
3433 3362 3518 3406 est

1939 3441 2109 3510 igitur
2150 3454 2257 3494 una
2304 3440 2502 3494 horum
2548 3439 2719 3504 ratio;
2767 3455 3002 3508 quorum
3041 3451 3221 3493 autem
3276 3455 3386 3494 non
3434 3451 3520 3495 est

1939 3545 2184 3600 unquam
2227 3546 2336 3584 una
2378 3530 2540 3592 ratio,
2567 3528 2768 3584 horum
2801 3538 3008 3583 natum
3053 3545 3273 3599 semper
3307 3532 3521 3587 scilicet

1941 3627 2110 3674 erunt
2135 3618 2473 3674 diﬂerentes.

2019 3712 2106 3766 Ill.
2139 3712 2195 3768 Si
2225 3711 2319 3779 qui
2347 3711 2539 3765 dicunt
2583 3709 2862 3765 Christum
2893 3725 3014 3766 esse
3045 3727 3112 3766 ex
3145 3711 3432 3768 divinitate
3463 3725 3522 3770 et

255 3807 351 3860 καὶ
371 3807 438 3858 ὲκ
473 3804 573 3856 δύο
594 3802 810 3871 φύσεων
855 3801 1129 3870 λέγουσιν,
1168 3801 1261 3854 καὶ
1288 3799 1486 3853 ταύτὸν
1517 3799 1703 3861 αὐτοῖς
1747 3813 1839 3866 ση-

1952 3801 2306 3866 humanitate,
2335 3802 2498 3855 etiam
2532 3816 2599 3854 ex
2649 3800 2863 3855 duabus
2909 3803 3125 3857 naturis
3154 3819 3273 3858 esse
3309 3804 3518 3870 dicunt,

259 3896 420 3964 μαένε
432 3911 480 3945 ιν
521 3894 691 3962 ἄμφω
719 3891 902 3957 δοκεῖ,
933 3891 1052 3955 πῶς
1107 3891 1164 3943 ἐν
1191 3890 1404 3960 θεότητι
1431 3890 1528 3943 καὶ
1560 3887 1842 3958 ἀνθρωπό-

254 4003 383 4056 τητι
415 3984 676 4051 λέγοντες
711 3983 850 4053 μετὰ
879 3982 976 4053 τὴν
1028 3982 1245 4046 ἕνωσιν,
1301 3981 1402 4034 οὐκ
1427 3981 1484 4033 ὲν
1526 3979 1620 4032 δύο
1647 3977 1842 4047 φύσεσι

253 4076 440 4145 λέγειν
492 4077 561 4128 ὲκ
605 4073 714 4126 τῶν
757 4075 888 4143 παρ’
952 4072 1130 4127 αὐτῶν
1178 4071 1440 4125 δοθέντων
1493 4067 1840 4137 ἀναγκασθή-

254 4183 478 4233 canat;
531 4164 697 4218 ταυτὸ
751 4166 860 4235 γὰρ
911 4162 1278 4218 καὶ,ὲνταῦθα
1334 4161 1397 4214 τὸ
1421 4159 1483 4225 ἐξ
1520 4161 1723 4230 ἀμφοῖν
1752 4159 1842 4228 δη-

253 4258 346 4312 196
355 4275 548 4328 μενον.

323 4356 402 4404 A'.
429 4351 493 4403 Εἰ
519 4352 585 4402 ὲκ
609 4349 702 4402 δύο
731 4349 945 4419 φύσεων
968 4348 1060 4400 τὸν
1078 4345 1314 4416 Χριστὸν
1339 4343 1610 4411 λέγοντες,
1639 4345 1703 4394 ἐκ
1729 4341 1844 4394 θεό-

256 4460 422 4512 τητκ
449 4442 549 4495 καὶ
576 4441 997 4510 ἀνθρωπότητος
1037 4439 1309 4506 λέγουσιν,
1339 4436 1436 4488 καὶ
1492 4435 1557 4487 ὲκ
1591 4434 1843 4504 Θεὸτητος

259 4533 351 4584 καὶ
373 4529 803 4599 ἀνθρωπότητος
819 4529 1090 4594 λέγοντες,
1119 4528 1182 4577 ὲκ
1199 4523 1293 4577 δύο
1327 4521 1540 4591 φύσεων
1571 4521 1732 4579 αὑτὸν
1755 4519 1845 4570 λέ-

260 4637 466 4686 γωσιν·
486 4619 723 4688 ϐεότητα
740 4619 794 4671 δὲ
826 4619 920 4671 καὶ
947 4616 1043 4672 ἀνθ
1057 4616 1348 4686 ρωπότητα
1373 4613 1510 4683 μετά
1533 4613 1631 4682 τὴν
1651 4610 1847 4663 ἕνωσιν

261 4712 537 4779 λέγουσιν,
565 4709 659 4761 δύο
687 4709 794 4779 ἄρα
825 4709 1016 4775 φύσεις
1053 4707 1149 4760 καὶ
1179 4705 1334 4760 αὐτοὶ
1355 4703 1448 4757 τοῦ
1487 4701 1724 4774 Χριστοῦ
1755 4701 1847 4752 καὶ

265 4802 402 4867 μετὰ
429 4801 532 4870 τὴν
556 4801 754 4851 ἕνωσιν
781 4799 1031 4867 λέγουσιν
1055 4813 1066 4827 ⁸
1100 4797 1224 4850 εἰδὲ
1252 4796 1313 4848 τὸ
1332 4797 1510 4861 λέγειν
1532 4792 1624 4846 δύο
1656 4791 1848 4860 φύσεις

263 4894 318 4943 ἐν
355 4890 437 4960 τῷ
468 4889 698 4959 Χριστῷ
752 4889 892 4958 μετὰ
920 4888 1019 4957 τὴν
1070 4887 1269 4940 ἕνωσιν
1298 4883 1610 4955 ἀρνοῦνται,
1639 4881 1700 4934 τὸ
1740 4880 1849 4950 ἄρα

262 4981 441 5053 λέγειν
473 4982 711 5052 Θεότητα
751 4979 987 5050 Χριστοῦ
1013 4979 1108 5032 καὶ
1153 4977 1548 5049 ἁνθρωπότητα
1581 4976 1720 5046 μετὰ
1749 4974 1848 5044 τὴν

263 5070 459 5124 ἕνωσιν
495 5067 817 5141 ἀρνοῦνται.

335 5167 413 5218 E'.
436 5165 502 5217 Εἰ
537 5161 824 5231 ἀσύγχυτα
856 5161 914 5214 ἐν
943 5161 1010 5229 τῇ
1051 5157 1245 5211 ὲνὼσει
1273 5158 1344 5211 τὰ
1395 5155 1715 5209 συνελθόντα
1765 5171 1851 5221 γιο

269 5257 594 5318 νώσκουσιν,
655 5251 751 5306 δύο
796 5251 854 5304 δὲ
913 5251 980 5302 τὰ
1029 5247 1353 5302 συνελθόντα
1394 5249 1486 5301 καὶ
1532 5248 1655 5299 κατ’
1685 5245 1850 5300 αὐτόν

263 5348 400 5409 ἐστι.
428 5347 547 5410 πῶς
579 5345 651 5399 τὰ
685 5346 744 5396 ὲν
776 5345 842 5413 τῇ
877 5342 1066 5395 ὲνώσει
1099 5340 1175 5411 μὴ
1216 5339 1556 5410 συγχυθέντα
1591 5338 1703 5402 δύο,
1753 5337 1850 5390 καὶ

268 5441 405 5509 μετὰ
441 5440 543 5508 τὴν
587 5437 792 5491 ἕνωσιν
840 5436 900 5488 οὑ
954 5434 1048 5488 δύο
1099 5432 1504 5504 γνωρίζουσιν;
1557 5431 1605 5482 εί
1651 5430 1708 5483 δὲ
1759 5429 1852 5482 δύο

265 5530 648 5600 γνωρίζουσιν,
678 5526 797 5589 πῶς
819 5525 919 5595 οὐχ
937 5523 1298 5595 ὁμολογοῦσιν
1316 5541 1330 5588 ;
1351 5523 1397 5575 εἰ
1425 5523 1480 5576 δὲ
1507 5521 1847 5592 ὁμολογοῦσι,

269 5620 380 5683 πῶς
425 5620 690 5692 ἀριθμεῖν
737 5615 909 5671 ταῦτα
943 5617 1352 5689 παραιτοῦνται,
1394 5607 1468 5672 ὧν
1489 5615 1585 5686 τὴν
1615 5615 1710 5684 τῆς
1745 5613 1846 5683 φύ-

1945 3900 1999 3945 et
2044 3891 2188 3945 idem
2234 3890 2542 3960 signiﬁcare
2585 3889 2748 3944 ambo
2792 3891 2925 3959 ipsis
2956 3892 3208 3958 videtur;
3245 3895 3522 3962 quomodo

1946 3982 2193 4037 dicentes
2221 3981 2502 4035 Christum
2535 3996 2657 4036 esse
2698 3989 2821 4050 post
2848 3982 3108 4036 unionem
3153 3985 3206 4036 in
3235 3984 3523 4040 divinitate

1945 4082 2001 4126 et
2025 4073 2387 4135 immanitate,
2414 4087 2524 4124 non
2547 4080 2810 4141 cogentur
2847 4071 3032 4126 dicere
3061 4089 3128 4127 ex
3145 4074 3286 4129 datis
3307 4091 3370 4130 ac
3394 4092 3525 4132 con-

1949 4163 2120 4217 cessis
2165 4177 2197 4216 a
2248 4176 2326 4225 se,
2365 4161 2418 4214 in
2473 4161 2686 4215 duabus
2734 4161 2950 4216 naturis
2991 4165 3144 4219 esse?
3183 4165 3332 4221 Idem
3374 4169 3523 4224 enim

1948 4252 2113 4306 etiam
2147 4250 2260 4316 hic,
2296 4250 2439 4320 quod
2476 4251 2638 4305 ambo
2667 4251 2768 4305 ista
2798 4251 3101 4308 declarant.

2023 4338 2110 4392 IV.
2146 4337 2201 4392 Si
2234 4338 2268 4392 ii
2298 4337 2389 4405 qui
2423 4337 2615 4393 dicunt
2641 4337 2919 4394 Christum
2945 4355 3013 4394 ex
3045 4341 3259 4398 duabus
3292 4349 3524 4410 naturis,

1948 4443 2014 4482 ex
2057 4428 2345 4484 divinitate
2391 4442 2447 4484 et
2483 4429 2827 4485 humanitate
2865 4431 3090 4498 dicunt;
3127 4441 3182 4488 et
3213 4435 3307 4503 qui
3336 4435 3530 4492 dicunt

1950 4534 2013 4572 ex
2047 4519 2332 4575 divinitate
2361 4528 2417 4575 et
2443 4519 2810 4586 humanitate,
2839 4530 2895 4576 et
2920 4521 3135 4579 duabus
3156 4525 3370 4580 naturis
3401 4543 3528 4581 eum

1952 4608 2162 4671 dicunt,
2194 4616 2250 4662 et
2278 4609 2628 4665 divinitatem
2659 4621 2784 4680 post
2807 4613 3066 4669 unionem
3099 4617 3265 4671 etiam
3302 4619 3526 4685 dicunt;

1952 4700 2089 4755 duas
2143 4700 2310 4770 igitur
2355 4709 2411 4755 et
2450 4701 2554 4771 ipsi
2596 4711 2824 4758 naturas
2860 4713 2984 4774 post
3023 4705 3225 4762 Christi
3272 4712 3528 4766 unionem

1953 4806 2172 4859 quoque
2199 4792 2390 4846 dicunt
2424 4809 2436 4843 :
2475 4793 2519 4847 si
2551 4809 2683 4848 vero
2705 4805 2905 4864 negant
2934 4796 3228 4853 dicendum
3248 4817 3368 4856 esse
3396 4803 3530 4858 duas

1955 4891 2178 4936 naturas
2207 4882 2261 4935 in
2284 4883 2506 4937 Christo
2552 4893 2677 4952 post
2708 4886 2992 4952 unionem,
3027 4888 3195 4958 igitur
3216 4903 3416 4962 negant
3445 4894 3532 4948 di-

1957 4974 2192 5028 cendum
2227 4988 2349 5029 esse
2379 4975 2433 5028 in
2464 4973 2686 5030 Christo
2730 4986 2854 5045 post
2886 4978 3144 5034 unionem
3187 4981 3532 5038 divinitatem

1955 5076 2011 5122 et
2031 5066 2450 5120 humanitatem.

2032 5158 2094 5212 V.
2143 5156 2198 5211 Si
2250 5165 2589 5225 cognoscunt
2621 5172 2731 5211 non
2775 5175 2895 5214 esse
2937 5162 3162 5217 confusa
3219 5163 3274 5217 in
3310 5166 3535 5231 unione,

1959 5265 2079 5318 quae
2103 5247 2382 5302 coierunt:
2403 5247 2512 5301 duo
2539 5256 2719 5302 autem
2738 5259 2867 5303 sunt
2891 5267 3011 5317 quae
3037 5252 3311 5317 coierunt,
3345 5264 3402 5307 ut
3434 5256 3536 5324 ipsi

1958 5341 2239 5404 fatentur;
2263 5338 2541 5408 quomodo
2562 5355 2682 5409 qua:
2704 5340 2757 5393 in
2780 5341 2980 5394 unione
3008 5360 3114 5396 non
3142 5355 3268 5397 sunt
3289 5347 3536 5412 confusa,

1957 5433 2121 5486 etiam
2162 5438 2287 5500 post
2336 5430 2595 5484 unionem
2644 5447 2750 5484 non
2783 5444 3121 5501 cognoscunt
3151 5434 3258 5489 duo
3291 5439 3442 5492 esse?
3480 5439 3536 5494 Si

1961 5532 2142 5578 autem
2187 5531 2546 5592 cognoscunt,
2588 5524 2861 5591 quomodo
2887 5541 2990 5578 non
3025 5527 3390 5584 conﬁtentur?
3442 5532 3533 5590 In

1959 5631 2089 5670 vero
2115 5613 2465 5676 conﬁtentur,
2491 5613 2768 5682 quomodo
2789 5631 3080 5672 numerare
3110 5619 3225 5674 haec
3249 5637 3524 5684 recusant.
