3998 6282
508 303 640 368 19Ο3
1412 334 1417 338 δ
1773 310 2019 369 LEONT
2030 312 2044 368 l

2170 315 2517 378 ΥΖΑΝΤΙΝΙ
3609 326 3741 392 1904

501 426 735 480 quorum
782 418 993 465 natura:
1029 410 1418 480 proprietatem
1471 427 1576 467 non
1627 414 1906 468 confusam
1954 431 2051 484 pos

2178 439 2314 484 σεως
2337 424 2570 493 ἰδιότητα
2588 426 2891 499 ἁσύγχυτον
2916 428 3049 498 μετά
3067 430 3164 497 civ
3183 429 3372 481 ἔνωειν
3393 431 3741 503 submittat;

505 505 762 559 unionem
818 503 1039 558 sciunt?
1086 503 1241 569 Quod
1286 505 1435 559 enim
1481 505 1844 572 conﬁtentur,
1896 508 2046 577 inqui

2175 513 2203 565 ὃ
2233 514 2340 584 γὰρ
2368 517 2710 586 ὁμολογοῦσι,
2752 521 2917 590 φησὶν
2941 523 2967 573 ό
2998 519 3139 582 θεῖος
3165 519 3465 587 Βασίλειος,
3499 524 3592 576 καὶ
3622 525 3744 597 ἀρι-

501 595 697 651 beatus
729 595 978 657 Basilius,
1014 604 1308 650 numerent
1340 596 1524 651 etiam.

572 686 658 740 Vl.
689 686 745 740 Si
784 701 849 739 ex
880 686 1097 739 duabus
1130 686 1343 740 naturis
1370 686 1563 741 dicunt
1598 686 1901 753 Christum,
1934 688 2073 743 duas

498 784 681 830 autem
711 784 934 829 naturas
952 775 1229 830 Christum
1249 792 1356 830 non
1380 776 1602 839 dicunt;
1631 793 1697 831 ex
1722 778 1808 832 his
1826 779 2068 847 quidem,

498 882 609 920 non
661 875 845 919 autem
891 865 1009 919 haec
1056 865 1250 919 dicunt
1290 864 1569 920 Christum
1603 884 1616 920 :
1654 866 1841 922 dicant
1883 868 2070 938 igitur,

499 966 685 1011 utrum
725 973 795 1010 ex
831 955 1033 1025 quibus
1079 956 1425 1010 constituunt
1465 956 1769 1022 Christum,
1800 943 2069 1013 etiamin

497 1049 586 1105 his
632 1064 966 1119 cognoscere
993 1056 1121 1103 eum
1162 1049 1399 1103 volunt?
1436 1048 1488 1103 Si
1514 1050 1662 1104 enim
1708 1065 1819 1104 non
1850 1059 1979 1104 sunt
2012 1051 2068 1104 in

495 1157 564 1197 eo
583 1158 646 1196 ea
672 1157 737 1195 ex
765 1141 968 1209 quibus
1002 1142 1117 1207 ipse
1146 1149 1251 1205 est,
1300 1143 1386 1195 vel
1418 1158 1765 1212 nequaquam
1797 1151 1946 1206 sunt,
1981 1143 2069 1196 vel

496 1232 553 1286 in
584 1231 762 1284 altero
792 1237 953 1292 sunt,
971 1230 1185 1284 scilicet
1217 1231 1271 1284 in
1308 1232 1494 1299 aliquo
1524 1240 1725 1301 prater
1768 1231 1983 1301 ipsum;
2016 1240 2070 1285 et

492 1322 617 1392 quis
643 1321 751 1376 erit
782 1320 890 1381 hic.
924 1320 1070 1374 clare
1110 1320 1363 1374 doceant.

563 1412 674 1466 VII.
702 1411 759 1466 Si
795 1413 850 1465 in
877 1412 944 1465 iis
974 1428 1095 1481 qum
1137 1420 1267 1466 sunt
1305 1414 1550 1483 ejusdem
1591 1414 1911 1469 substantiae
1941 1429 2065 1468 cum

492 1503 699 1557 dicitur
747 1517 858 1556 una
888 1509 1108 1564 natura,
1142 1516 1256 1555 non
1306 1502 1652 1557 identitatem
1689 1503 2065 1573 subjectorum

491 1593 876 1664 principaliter
931 1592 1216 1659 declarat;
1259 1595 1537 1663 quomodo
1574 1593 1628 1648 in
1662 1595 1731 1648 iis
1777 1610 1898 1663 quae
1940 1603 2069 1649 sunt

491 1685 723 1742 diversa:
756 1685 1096 1749 substantiae,
1126 1685 1247 1740 duae
1275 1696 1485 1741 natum
1521 1702 1632 1741 non
1672 1687 2063 1752 dill‘erentiam,

491 1774 585 1830 sed
612 1772 1014 1843 separationem
1040 1774 1354 1829 necessario
1384 1774 1735 1843 significant?

562 1865 696 1920 Vill.
745 1864 803 1920 Si
840 1866 1156 1920 necessario
1193 1881 1460 1921 numerus
1506 1868 1834 1924 divisionem
1874 1884 2062 1923 secum

488 1956 986 2021 infert;numerus
1035 1956 1202 2024 igitur
1243 1957 1349 2012 erit
1393 1973 1553 2012 causa
1602 1959 1910 2024 divisionis,
1954 1975 2061 2013 non

488 2055 673 2100 autem
714 2045 912 2099 divisio
935 2060 1099 2099 causa
1128 2048 1369 2105 numeri.
1401 2058 1457 2101 et
1482 2064 1549 2102 ex
1582 2048 1798 2104 duobus
1827 2050 2061 2104 alterum

479 2135 596 2189 erit
622 2135 993 2189 necessarium
1033 2153 1046 2188 :
1084 2136 1169 2190 vel
1202 2137 1343 2190 nihil
1364 2140 1659 2192 numerari
1696 2155 1911 2206 eorum,
1941 2157 2062 2210 quae

487 2233 619 2280 sunt
642 2223 799 2278 unita
827 2240 839 2276 :
868 2225 952 2276 vel
972 2224 1109 2277 nihil
1128 2224 1271 2278 uniri
1292 2242 1505 2289 eorum,
1524 2243 1645 2296 qua:
1662 2238 2057 2293 numerantur;

486 2324 542 2370 at
569 2315 846 2385 quomodo
876 2330 986 2368 non
1008 2314 1114 2368 hoc
1143 2316 1438 2371 ridiculum
1464 2319 1591 2383 erit,
1625 2320 1785 2374 talem
1821 2329 2061 2389 potesta-

487 2416 598 2461 tem
627 2406 876 2460 tribuere
908 2408 1178 2461 numero?
1214 2422 1337 2462 cum
1371 2410 1550 2465 omnis
1581 2426 1846 2466 numerus
1880 2427 2055 2480 quan-

486 2505 602 2550 tum
637 2496 692 2550 in
729 2495 915 2558 rebus,
961 2510 1072 2549 non
1118 2504 1303 2551 autem
1352 2508 1628 2565 naturam,
1667 2500 1752 2555 vel
1788 2500 1965 2569 qualis
1987 2500 2061 2554 sit

485 2587 683 2641 harum
721 2585 1013 2650 habitudo,
1053 2585 1413 2642 demonstret.

559 2677 653 2733 IX.
686 2677 743 2732 Si
768 2677 924 2743 unio,
953 2686 1010 2731 et
1037 2677 1189 2739 unita
1221 2687 1351 2733 sunt
1378 2694 1570 2733 eorum
1601 2696 1724 2750 qua:
1751 2680 1818 2735 ad
1849 2680 2055 2750 aliquid

483 2766 783 2830 dicuntur;
816 2781 938 2835 quae
968 2773 1152 2820 autem
1195 2774 1324 2819 sunt
1361 2766 1429 2820 ad
1457 2767 1688 2836 aliquid,
1712 2767 1875 2823 simul
1903 2775 2053 2832 sunt,

481 2865 538 2912 et
568 2872 784 2926 semper
817 2873 828 2907 :
863 2855 1025 2909 simul
1057 2854 1224 2923 igitur
1266 2865 1322 2909 et
1350 2870 1571 2925 semper
1600 2857 1752 2919 unio,
1795 2866 1852 2911 et
1880 2857 2051 2910 unita.

481 2949 579 3005 Sin
614 2957 800 3003 autem
830 2945 983 3001 unita
1011 2945 1313 3010 desierunt,
1341 2946 1544 3002 desinit
1570 2948 1738 3002 etiam
1764 2962 1891 3003 cum
1921 2948 2056 3017 ipsis

484 3040 634 3094 unio.

552 3131 621 3186 Χ.
657 3128 714 3185 Si
754 3142 1023 3183 numerus
1063 3128 1290 3183 omnino
1330 3138 1551 3200 separat
1586 3140 1895 3196 numerata,
1941 3146 2053 3186 non
2078 3108 2122 3170 (ἶ

481 3223 660 3276 solum
690 3233 956 3275 numerus
995 3228 1316 3273 naturarum
1353 3228 1568 3290 separat
1596 3228 1845 3287 naturas,
1879 3223 1972 3277 sed
1999 3232 2057 3278 et

480 3327 745 3367 numerus
771 3311 1167 3381 proprietatum
1191 3312 1417 3365 omnino
1451 3311 1748 3381 separabit.
1768 3313 2054 3379 Quomodo

480 3404 649 3475 igitur
680 3402 773 3473 qui
802 3401 998 3456 dicunt
1029 3402 1167 3456 duas
1192 3403 1580 3472 pr0prietates,
1614 3420 1726 3459 non
1757 3413 1922 3460 erunt
1948 3404 2052 3474 ipsi

478 3495 711 3565 subjecti
743 3508 922 3548 causae
952 3492 1279 3551 divisionis?

548 3587 641 3640 XI.
687 3586 742 3640 Si
792 3586 1096 3640 secundum
1135 3585 1465 3655 Gregorium
1499 3588 1813 3658 theologum
1862 3598 2052 3644 contra

477 3687 563 3731 est
613 3679 666 3729 in
704 3676 996 3738 Trinitate,
1043 3691 1207 3744 quam
1244 3676 1301 3728 in
1350 3678 1613 3746 mysterio
1660 3679 2053 3735 incarnationis

478 3767 801 3831 salvatoris,
859 3775 970 3820 tres
1013 3776 1197 3820 autem
1234 3767 1558 3837 hypostases
1603 3784 1838 3838 semper,
1886 3786 2050 3824 unam

477 3868 660 3913 autem
699 3865 951 3911 naturam
978 3855 1035 3908 in
1079 3855 1349 3910 Trinitate
1381 3856 1745 3921 conﬁtemur;
1774 3857 2051 3926 quomodo

478 3967 586 4003 non
615 3949 755 4003 duas
793 3947 1015 4019 quidem
1053 3953 1300 4011 naturas,
1336 3963 1500 4001 unam
1546 3962 1678 4002 vero
1714 3948 2050 4018 hypostasim

476 4042 530 4095 in
562 4040 940 4095 incarnatione
966 4039 1375 4095 concedemus?
1400 4038 1682 4108 Siquidem
1727 4047 1920 4094 contra
1942 4047 2047 4102 est,

473 4132 718 4185 omnium
751 4130 1029 4185 contraria
1054 4130 1340 4185 conversio
1369 4130 1673 4186 secundum
1709 4138 1908 4186 totum.

541 4222 660 4276 ΧΠ.
697 4221 753 4276 Si
787 4223 948 4285 alius,
981 4230 1038 4277 et
1061 4222 1202 4276 alius
1232 4238 1538 4291 pronomen
1573 4207 2047 4296 est'hypostaseon

473 4313 777 4367 secundum
804 4313 1062 4368 eumdem
1089 4312 1413 4381 Gregorium
1436 4331 1451 4380 ;
1487 4316 1636 4369 aliud
1661 4332 1792 4370 vero
1819 4324 1875 4371 et
1897 4316 2046 4371 aliud

2093 1766 2140 1823 B

2174 603 2202 656 θ
2211 621 2274 673 με
2284 606 2500 659 ίτωσαν.

2245 697 2336 761 ς’.
2386 696 2449 749 Εἰ
2478 699 2542 750 ἐκ
2572 698 2665 751 δύο
2697 699 2795 767 μὲν
2850 699 3062 768 φύσεων
3093 700 3309 768 λέγουσι
3362 703 3455 756 τὸν
3484 704 3736 774 Χριστὸν,

2169 784 2263 838 δύο
2288 785 2343 838 δὲ
2378 786 2570 854 φύσεις
2626 790 2789 841 αὐτὸν
2818 792 2879 842 οὐ
2933 791 3180 857 λέγουσιν
3206 832 3220 855 ,
3254 795 3317 845 ἐκ
3361 795 3565 849 τούτων
3618 799 3736 866 μὲν,

2170 874 2292 944 οὐχὶ
2340 876 2398 928 δὲ
2447 879 2541 930 καὶ
2569 880 2760 941 ταῦτα,
2785 878 3004 947 λέγουσι
3031 882 3119 933 τὸν
3148 883 3383 953 Χριστόν
3403 900 3416 915 '
3472 888 3521 939 εί
3551 886 3609 940 δὲ
3642 888 3736 957 μὴ,

2169 966 2229 1030 ἐξ
2253 962 2327 1020 ὧν
2348 968 2665 1022 συνίστωσιν
2692 972 2945 1042 Χριστὸν,
2993 973 3086 1027 καὶ
3126 974 3184 1026 ὲν
3212 975 3419 1038 τούτοις
3457 979 3741 1048 γνωρίζειν

2170 1058 2333 1111 αὑτὸν
2363 1058 2630 1124 ἀξιοῦσιν.
2662 1062 2724 1113 Εἰ
2750 1061 2858 1133 γὰρ
2891 1064 2965 1132 μὴ
2990 1066 3045 1117 ὲν
3069 1066 3218 1136 αύτῷ
3244 1068 3311 1120 τὰ
3331 1068 3389 1134 ἐξ
3410 1065 3485 1122 ὧν
3505 1070 3738 1141 αὑτὸς,ῆ

2172 1148 2430 1219 οὐδαμοῦ,
2460 1150 2491 1220 ἢ
2517 1153 2574 1203 ἐν
2609 1152 2782 1221 ἑτέρῳ
2810 1152 3072 1223 δηλονότι,
3129 1158 3221 1209 καὶ
3264 1158 3320 1210 έν
3343 1176 3449 1212 τινι
3481 1163 3611 1231 mp‘
3636 1160 3737 1215 αύ-

2170 1239 2263 1292 τόν
2282 1256 2295 1269 ·
2329 1242 2422 1293 καὶ
2445 1242 2529 1304 τίς
2558 1237 2713 1307 οὗτος
2745 1244 2932 1314 σαφῶς
2962 1245 3386 1303 διδασκέτωσαν.

2238 1430 2316 1485 Ζ’.
2341 1434 2402 1486 Εί
2433 1434 2524 1486 ἐπὶ
2559 1436 2665 1487 τῶν
2700 1437 3004 1506 ὁμοουσίων
3049 1442 3082 1510 ἠ
3138 1441 3236 1510 μία
3267 1440 3428 1509 φύσις
3466 1441 3736 1511 λεγομένη

2170 1526 2477 1596 ταυτότητα
2528 1527 2636 1581 τῶν
2669 1529 3044 1598 ὑποκειμένων
3081 1531 3233 1602 δηλοῖ
3285 1535 3736 1604 προηγουμένως,

2170 1619 2287 1680 πῶς
2331 1618 2423 1671 ἐπὶ
2487 1619 2595 1671 τῶν
2662 1621 3013 1691 ἑτεροουσίων
3070 1625 3125 1676 αἱ
3175 1623 3268 1676 δύο
3313 1623 3504 1692 φύσεις
3558 1629 3617 1678 οὐ
3673 1626 3737 1677 τὸ

2168 1708 2423 1778 διάφορον
2445 1749 2459 1773 ,
2496 1708 2634 1762 ἀλλά
2666 1712 2725 1763 τὸ
2754 1714 3159 1782 κεχωρισμένον
3185 1715 3494 1781 ἀναγκαίως
3536 1716 3735 1785 σημαί-

2168 1816 2349 1852 νουσιν
2365 1817 2379 1862 ;

2237 1889 2320 1943 H’.
2356 1889 2415 1942 El
2449 1891 2622 1961 πάντη
2670 1910 2728 1945 τε
2773 1893 2877 1947 καὶ
2893 1895 3111 1958 πάντως
3140 1896 3168 1948 ὁ
3201 1896 3435 1966 ἀριθμὸς
3464 1896 3560 1967 τὴν
3596 1898 3737 1951 διαί-

2165 1997 2316 2050 ρεσιν
2345 1982 2708 2052 συνεισφέρει,
2753 1987 2781 2036 ὁ
2819 1984 3053 2054 ἀριθμὸς
3092 1986 3198 2055 ἄρα
3226 1986 3380 2041 ἔσται
3411 1988 3509 2057 τῆς
3529 1989 3737 2059 διαιρέ-

2165 2087 2299 2133 σεως
2325 2071 2516 2134 αἴτιος,
2549 2073 2647 2143 οὐχ
2681 2077 2712 2143 ἡ
2751 2074 3017 2144 διαίρεσις
3037 2077 3130 2129 τοῦ
3162 2077 3398 2147 ἀριθμοῦ
3419 2095 3432 2108 υ
3461 2080 3555 2131 καὶ
3588 2079 3735 2132 δυοῖν

2161 2159 2373 2230 ἀνάγκη
2412 2160 2658 2231 θάτερον,
2691 2162 2723 2232 ἢ
2761 2164 2926 2233 μηδὲν
2989 2165 3341 2236 ἀριθμεῖσθαι
3381 2167 3491 2221 τῶν
3524 2168 3734 2238 ἡνωμέ-

2160 2268 2288 2315 νων,
2320 2251 2352 2321 ἦ
2384 2252 2548 2322 μηδὲν
2571 2254 2811 2323 ἡνῶσθαι
2845 2256 2952 2308 τῶν
2980 2258 3429 2329 ἀριθμουμένων
3478 2260 3573 2313 καὶ
3614 2259 3733 2322 πῶς

2160 2342 2222 2394 οὐ
2294 2342 2698 2409 καταγέλαστον
2756 2347 3014 2416 τοιαύτην
3068 2347 3318 2414 ἐξουσίαν
3371 2346 3454 2417 τῷ
3512 2350 3734 2420 ἀριθμῷ

2158 2433 2400 2501 διδόναις
2431 2435 2631 2497 παντὸς
2665 2437 2900 2506 ἀριθμοῦ
2932 2438 2994 2491 τὸ
3027 2440 3191 2493 ποσὸν
3218 2441 3325 2493 τῶν
3359 2442 3731 2511 πραγμάτων,

2158 2523 2218 2576 ού
2238 2522 2336 2594 τὴν
2367 2524 2528 2593 φύσιν
2562 2525 2593 2595 ἢ
2622 2526 2720 2595 τὴν
2769 2527 2925 2582 ποίαν
2974 2530 3178 2584 τούτων
3242 2532 3424 2603 σχέσιν
3458 2536 3732 2605 παριστᾷν

2160 2615 2484 2683 πεφυκότος.

2225 2704 2304 2760 6'.
2326 2707 2394 2762 Εί
2420 2709 2452 2777 ή
2475 2706 2667 2771 ἓνωσις
2693 2710 2786 2761 καὶ
2832 2710 2903 2763 τὰ
2940 2714 3197 2783 ἡνωμένα
3232 2714 3340 2767 τῶν
3378 2716 3514 2787 πρός
3546 2730 3630 2769 τι·
3660 2717 3734 2768 τὰ

2155 2795 2210 2849 δὲ
2242 2797 2378 2866 πρός
2411 2814 2486 2864 τι,
2521 2799 2617 2852 καὶ
2648 2801 2735 2854 ἀεὶ
2760 2802 2874 2871 ἃμα
2902 2819 2915 2832 ·
2949 2804 3067 2874 ἅμα
3096 2804 3188 2859 οὖν
3221 2807 3313 2859 καὶ
3350 2807 3438 2859 ἀεὶ
3469 2808 3502 2877 ή
3532 2806 3733 2870 Evam;

2156 2888 2250 2940 καὶ
2293 2888 2360 2941 τὰ
2392 2889 2681 2960 ἡνωμένα’
2716 2894 2764 2944 εί
2802 2892 2859 2946 δὲ
2888 2893 2959 2947 τὰ
2988 2896 3243 2967 ἡνωμένα
3275 2897 3534 2965 παύεται,
3567 2900 3662 2951 καὶ
3691 2900 3727 2969 ἡ

2155 2978 2348 3043 ἓνωσις
2374 2979 2486 3048 ἅμα
2521 2982 2753 3038 παύεται
2789 2985 2885 3055 (1).

2228 3154 2282 3209 l'.
2321 3155 2384 3209 Εί
2417 3159 2446 3210 ὁ
2477 3158 2706 3228 ἀριθμὸς
2736 3160 2951 3225 πάντως
2973 3162 3197 3232 χωρίζει
3225 3163 3294 3217 τὰ
3322 3163 3722 3234 ἀριθμούμενα.

2155 3249 2254 3318 οὐχ
2283 3252 2311 3303 ὁ
2340 3251 2448 3303 τῶν
2479 3251 2694 3320 φύσεων
2747 3253 2906 3323 μόνος
2951 3255 3182 3326 ἀριθμὸς
3227 3255 3454 3327 χωρίσει
3500 3257 3597 3318 τὰς
3631 3256 3733 3325 φύ-

2158 3355 2291 3403 σεις,
2317 3341 2453 3394 ἀλλὰ
2481 3344 2574 3396 καὶ
2593 3344 2622 3396 ὁ
2649 3343 2757 3396 τῶν
2784 3346 3061 3417 ίδιοτήτων
3088 3348 3313 3418 χωρίσει
3344 3349 3560 3411 πάντως
3610 3349 3729 3417 ἀρι-

2155 3428 2321 3499 θμός·
2359 3432 2476 3495 πῶς
2502 3434 2680 3486 τοίνυν
2714 3435 2981 3506 ἰδιότητας
2997 3436 3265 3505 λέγοντες,
3297 3439 3415 3507 οὐχὶ
3439 3436 3533 3492 καὶ
3573 3440 3728 3491 αὐτοὶ

2152 3521 2218 3588 τῇ
2250 3520 2399 3589 αἰτίᾳ
2422 3521 2520 3591 τῆς
2549 3522 2863 3594 διαιρέσεως
2897 3526 3277 3580 ὑποκείσονται
3303 3545 3318 3594 ;
3629 3593 3642 3603 ι

2226 3609 2329 3665 lA'.
2364 3610 2428 3663 Εί
2475 3611 2711 3680 ἔμπαλιν
2763 3615 2904 3667 κατὰ
2952 3616 3045 3668 τὸν
3081 3618 3224 3669 θεῖον
3275 3618 3573 3689 Γρηγόριον
3624 3618 3751 3686 τῆς

2153 3697 2381 3766 Τριάδος
2410 3697 2571 3771 ἔχειὴ
2603 3701 2743 3755 κατὰ
2768 3703 2858 3755 τὸν
2901 3704 3132 3773 Σωτῆρα
3161 3707 3459 3775 οἰκονομία,
3491 3708 3637 3777 τρεῖς
3666 3705 3726 3759 δὲ

2155 3787 2253 3856 μὲν
2278 3788 2376 3849 τὰς
2404 3788 2751 3858 ὑποστάσεις,
2790 3792 2917 3862 μίαν
2946 3794 3002 3846 δὲ
3027 3795 3187 3863 φύσιν
3213 3795 3305 3847 ἐπὶ
3326 3796 3419 3864 τῆς
3448 3796 3724 3864 θεολογίας

2150 3875 2540 3946 ὁμολογοῦμεν,
2590 3879 2708 3942 πῶς
2734 3882 2793 3933 οὐ
2822 3881 2913 3935 δύο
2949 3882 3049 3952 μὲν
3103 3884 3311 3952 φύσεις,
3349 3884 3479 3954 μίαν
3501 3885 3559 3938 δὲ
3586 3886 3723 3938 ὑπόο

2152 3983 2340 4019 στασιν
2371 3970 2466 4020 ἐπὶ
2497 3973 2596 4041 τῆς
2624 3972 2764 4026 κατὰ
2789 3974 2880 4027 τὸν
2934 3976 3165 4046 Σωτῆρα
3213 3977 3524 4047 οἰκονομίας
3552 3978 3719 4031 δώσο-

2153 4076 2285 4128 μεν;
2310 4058 2364 4111 εἴ
2387 4077 2493 4130 περ
2540 4062 2604 4113 τὸ
2642 4062 2899 4133 ἔμπαλιν,
2934 4066 3027 4118 τοῦ
3070 4066 3268 4130 παντός
3320 4069 3439 4121 ἐστι
3474 4069 3613 4122 κατά
3658 4069 3721 4121 τὸ

2148 4147 2270 4201 ὅλον
2300 4151 2651 4222 ἁντιστροφή.

2219 4236 2319 4291 iB'.
2348 4239 2413 4292 ΕΞ
2440 4240 2498 4292 τὸ
2530 4240 2688 4304 ἄλλος
2718 4243 2810 4297 καὶ
2837 4243 2993 4306 ἄλλος
3014 4246 3324 4316 ἀντωνυμία
3370 4247 3721 4301 ὑποστάσεων

2149 4326 2286 4379 κατὰ
2316 4328 2405 4379 τὸν
2421 4316 2584 4382 αὐτὸν
2611 4332 2886 4401 θεολόγον,
2912 4335 2971 4386 τὸ
2992 4334 3047 4386 δὲ
3060 4336 3185 4389 ἄλλο
3207 4338 3299 4389 καὶ
3327 4335 3455 4391 ἄλλο
3479 4338 3722 4390 ἀντωνυ-

473 4420 777 4475 pronomen
808 4411 1170 4469 naturarum;
1221 4419 1439 4473 semper
1472 4412 1655 4460 autem
1689 4416 1775 4461 est
1804 4408 2042 4476 primum

2164 4418 2253 4486 μία
2290 4421 2525 4487 φύσεων,
2562 4422 2648 4474 ἀεὶ
2691 4423 2745 4476 δὲ
2797 4425 2858 4476 τὸ
2888 4428 3150 4496 πρότερον
3187 4429 3277 4480 ἐπὶ
3299 4428 3395 4497 τῆς
3418 4427 3722 4497 θεολογίας,

472 4499 527 4551 in
557 4496 855 4566 theologia,
888 4495 942 4549 id
972 4503 1079 4559 est,
1111 4495 1165 4547 in
1193 4494 1454 4564 mysterio
1477 4494 1798 4561 Trinitatis;
1828 4511 2047 4565 semper

374 4586 385 4592 “
471 4589 641 4657 igitur
672 4585 978 4640 secundum
1012 4585 1068 4638 in
1107 4583 1507 4639 incarnatione.
1538 4586 1593 4640 Si
1620 4594 1802 4641 autem
1828 4603 2046 4657 semper

471 4676 774 4732 secundum
826 4676 882 4728 in
921 4675 1327 4741 incarnatione,
1376 4690 1595 4745 semper
1636 4692 1766 4748 ergo
1811 4688 2040 4734 natura}.

471 4765 755 4833 Siquidem
795 4779 1013 4833 semper
1039 4773 1170 4819 sunt
1195 4766 1519 4835 pronomina
1546 4783 1760 4823 earum.

542 4853 684 4908 χιιι.
722 4852 778 4907 Si
825 4854 969 4907 idem
1000 4862 1086 4909 est
1114 4852 1303 4908 dicere
1346 4853 1496 4909 aliud
1545 4866 1762 4925 natura,
1794 4866 1851 4914 et
1877 4860 2037 4915 aliam

471 4954 755 5011 naturam;
807 4960 1025 5015 semper
1063 4952 1248 4999 autem
1278 4961 1408 5001 vere
1448 4947 1651 5004 dicitur
1694 4951 1934 5021 primum
1982 4953 2039 5006 in

471 5037 759 5091 divinitate
798 5037 1099 5092 Salvatoris
1126 5045 1183 5092 et
1208 5036 1581 5105 humanitate;
1624 5056 1844 5113 semper
1871 5045 2040 5114 igitur

469 5127 776 5181 secundum
805 5127 1121 5182 necessario
1145 5141 1274 5181 vere
1305 5128 1466 5183 simul
1499 5129 1703 5186 dicitur
1732 5132 1787 5187 in
1821 5134 2037 5189 iisdem.

539 5216 675 5270 MV.
709 5216 764 5271 Si
793 5232 901 5270 non
940 5226 1022 5271 est
1058 5217 1203 5272 idem
1231 5218 1464 5288 simplex
1496 5231 1717 5287 natura,
1744 5233 2040 5293 etcompo-

466 5307 590 5369 sita,
625 5308 856 5378 simplex
877 5321 1060 5363 autem
1106 5316 1299 5362 natura
1337 5308 1498 5365 Verbi
1543 5329 1708 5368 unam
1738 5316 1908 5370 solam
1943 5331 2041 5369 na-

540 5467 614 5539 (l)
654 5467 1010 5539 Desideratur
1033 5468 1138 5539 hoc
1170 5468 1471 5539 capitulum
1523 5484 1728 5525 nonum
1758 5474 1813 5525 in
1845 5473 2035 5531 codice

465 5536 746 5609 faticano,
787 5538 955 5609 culpa
1005 5536 1360 5609 li‘brarii’qui
1401 5540 1620 5594 incaute
1661 5543 2031 5609 praztcrmisit.

466 5607 653 5659 Exstat
715 5606 894 5659 tamen
936 5606 1126 5661 Latine
1175 5623 1241 5662 ex
1288 5606 1753 5676 interpretatione
1777 5611 2031 5668 Turriani

464 5676 608 5742 apud
644 5676 1130 5752 Cauisium_Antiq.
1165 5675 1283 5731 lect.
1312 5679 1400 5733 ed.
1429 5675 1659 5749 Basuag.
1684 5689 1721 5733 t.
1748 5679 1788 5746 l,
1811 5696 1866 5751 p.
1898 5682 2028 5740 658:

2147 4509 2235 4562 ἀεὶ
2281 4509 2388 4579 ἄρα
2417 4513 2479 4564 τὸ
2511 4512 2761 4585 δεύτερον
2785 4516 2875 4568 ἐπὶ
2904 4518 3004 4587 τῆς
3019 4519 3354 4588 οἰκονομίαςο
3389 4522 3438 4573 εί
3472 4520 3527 4573 δὲ
3546 4521 3631 4574 ἀεὶ
3660 4522 3724 4573 τὸ

2145 4596 2393 4668 δεύτερον
2417 4602 2509 4654 ἐπὶ
2527 4603 2626 4671 τῆς
2656 4607 2986 4676 οἰκονομίας,
3022 4610 3109 4661 ἀεὶ
3142 4609 3250 4680 ἄρα
3281 4612 3335 4663 ai
3361 4611 3569 4681 φύσεις,
3599 4612 3724 4664 ἐπεὶ

2147 4687 2236 4740 ἀεὶ
2270 4690 2363 4742 καὶ
2385 4692 2440 4742 αἱ
2478 4694 2598 4744 κατ’
2628 4694 2805 4747 αὐτῶν
2837 4696 3187 4768 ἀντωνυμίαι.

2219 4863 2317 4919 1Γ’.
2352 4865 2414 4919 El
2454 4869 2649 4922 ταύτὸν
2674 4871 2733 4923 τὸ
2757 4871 2884 4926 ἄλλο
2906 4876 3001 4927 καὶ
3037 4875 3099 4929 τὺ
3129 4877 3290 4945 φύσιν
3321 4878 3489 4949 ἄλλην
3518 4882 3713 4943 εἰπεῖν,

2145 4954 2233 5008 ἀεὶ
2258 4956 2317 5010 δὲ
2363 4959 2425 5010 τὸ
2458 4962 2722 5033 πρότερον
2755 4965 3009 5037 ἀληθεύει
3057 4970 3150 5022 ἐπὶ
3200 4970 3302 5040 τῆς
3334 4970 3587 5040 θεότητος
3621 4972 3715 5024 τοῦ

2145 5046 2397 5119 Σωτῆρος
2419 5051 2514 5104 καὶ
2544 5054 2642 5124 τῆς
2669 5056 3105 5129 ἀνθρωπότητος,
3137 5061 3224 5115 ἀεὶ
3247 5063 3354 5133 ἄρα
3376 5062 3438 5116 τὸ
3465 5063 3715 5134 δεύτερον

2142 5136 2238 5188 ἐπὶ
2261 5137 2371 5188 τῶν
2402 5140 2581 5192 αὐτῶν
2614 5143 2896 5212 ἀληθεύειν
2924 5146 3159 5219 ἀνάγκη.

2217 5229 2311 5281 ΙΔ¹.
2346 5228 2408 5282 Ei
2431 5231 2491 5282 οὐ
2523 5233 2719 5288 ταύτὸν
2753 5237 2784 5305 ἡ
2809 5238 2953 5309 ἀπλῆ
2982 5239 3142 5309 φύσις
3165 5245 3231 5314 τῇ
3262 5244 3501 5315 συνθέτῳ
3526 5244 3710 5313 φύσει,

2143 5318 2175 5387 ἡ
2210 5317 2265 5370 δὲ
2294 5318 2437 5390 ἁπλῆ
2470 5324 2564 5376 τοῦ
2592 5325 2766 5395 Λόγου
2802 5328 2963 5397 φύσις
2996 5332 3123 5402 μίαν
3147 5336 3315 5407 μόνην
3342 5335 3505 5405 φύσιν
3531 5335 3709 5406 δηλοῖ,

2139 5476 2323 5561 Graece
2352 5498 2484 5537 vero
2498 5499 2637 5562 pene
2664 5486 2731 5562 ad
2761 5486 3000 5562 litteram
3034 5504 3135 5562 ego
3160 5492 3371 5562 sumpsi
3400 5508 3468 5548 ex
3510 5492 3709 5548 Dama-
3746 5474 3789 5515 κ

2140 5551 2611 5633 s‘cenicpusculp-
2653 5555 2918 5633 adversus
2953 5551 3228 5617 Jacdbitas
3259 5551 3404 5633 a'pud
3450 5563 3704 5618 eumdem

2138 5617 2435 5689 Canisiuin,
2474 5630 2514 5677 t.
2567 5624 2632 5691 11,
2672 5640 2726 5693 p.
2761 5627 2848 5681 46.
