3998 6282
178 533 323 601 290:.

1233 537 1499 598 CAPITA
1536 537 1699 597 XXX
1735 537 2031 597 CONTRA
2072 537 2450 596 SEVERUM‘.

3312 533 3447 600 lﬁﬁﬁ

177 651 210 718 η
254 647 521 707 σΰνθετος
558 646 699 701 κατὰ
745 645 846 709 τὰς
876 646 1066 713 φύσεις
1105 647 1200 701 τοῦ
1247 649 1486 720 Χριστοῦ
1518 652 1580 703 οὐ
1635 650 1763 719 μίαν

1874 659 2044 703 turam
2092 650 2357 711 declarat,
2393 648 2696 717 composita
2737 647 3040 702 secundum
3071 647 3219 717 ipsos
3248 660 3445 705 natura

179 738 343 805 φύσιν
367 737 557 805 δηλοίο
587 737 717 790 εἰδὲ
748 738 782 808 ἡ
816 739 958 809 ἁπλῆ
990 742 1082 792 καὶ
1136 742 1170 809 ἡ
1204 740 1462 803 σύνθετος
1489 741 1618 812 μίαν
1647 744 1768 795 κατ’

177 830 383 889 αὐτούς
431 828 601 897 φύσιν
626 830 817 897 δηλοῖ,
868 830 1174 897 λεγέτωσαν
1210 832 1310 901 τὴν
1352 832 1617 903 διάφοραν
1671 834 1771 899 τῆς

188 920 455 971 σννϋέτου
477 920 601 972 κατ’
630 921 827 983 αὐτοὺς
854 921 1094 991 Χριστοῦ
1113 922 1326 991 φύσεως
1350 925 1561 993 καὶτῆς
1590 925 1769 994 ἁπλῆς

182 1011 274 1063 τοῦ
308 1011 494 1077 Λόγου
537 1011 775 1079 φύσεως.

250 1186 353 1243 1Ε’.
389 1188 518 1241 Τῶν
544 1188 826 1257 ὀνομάτων
854 1189 945 1241 καὶ
969 1189 1076 1241 τῶν
1116 1191 1378 1260 ῥημάτων
1413 1191 1481 1243 τὰ
1525 1191 1624 1259 μὲν
1649 1190 1764 1259 ἔχει

182 1279 274 1347 τὴν
304 1280 601 1347 προφορὰν
620 1280 1014 1351 πληθυντικὴν,
1048 1283 1236 1351 ἑνικὴν
1257 1282 1314 1335 δὲ
1337 1284 1435 1352 τὴν
1464 1285 1764 1352 σημασίαν,

181 1369 252 1430 ὡς
287 1369 475 1437 Θῆϐαι
499 1372 597 1422 καὶ
639 1370 861 1439 ’Δοῆναι
890 1373 986 1424 καὶ
1017 1373 1361 1445 παρεμϐολαί
1382 1391 1394 1404 ·
1421 1375 1490 1426 τὰ
1508 1376 1565 1427 δὲ
1590 1376 1768 1444 ἔμπα-

180 1457 259 1509 λιν
300 1458 496 1528 ἑνικὴν
541 1460 643 1528 μὲν
691 1462 787 1529 τὴν
835 1462 1140 1531 προφορὰν,
1172 1462 1547 1534 πληθυντικὴν
1579 1464 1639 1518 δὲ
1667 1464 1766 1537 τὴν

182 1552 491 1622 σημασίαν,
533 1552 613 1616 ὡς
646 1552 708 1605 τὸ
735 1552 916 1621 χορὸς,
951 1553 1144 1623 δῆμος,
1178 1555 1431 1625 στρατὸς,
1455 1558 1647 1620 πόλις·
1674 1557 1766 1610 λε-

180 1642 426 1707 γέτωσαν
465 1644 651 1697 τοίνυν
683 1645 799 1709 πῶς
851 1648 885 1716 ή
932 1648 1032 1716 μία
1083 1648 1338 1711 σύνθετος
1383 1653 1572 1714 αὐτοῖς
1604 1651 1767 1720 φύσις

177 1732 438 1799 λέγετσι;
472 1737 526 1787 εί
560 1736 660 1804 μὲν
695 1735 770 1800 ὡς
808 1740 957 1809 παρὰ
983 1741 1095 1802 τοῖς
1123 1741 1402 1811 Πατρὰσιν
1433 1744 1465 1811 ἠ
1495 1744 1647 1813 διττὴ
1676 1745 1766 1798 λε-

179 1826 382 1895 γομένη
414 1828 514 1880 xii
542 1827 705 1898 διπλῆ
733 1829 916 1896 φύσις,
949 1831 1134 1902 χώραν
1158 1833 1257 1885 ούκ
1284 1833 1474 1903 ἔχειτδ
1505 1839 1767 1907 προσκεῖ-

180 1916 383 1986 σθαιτῇ
406 1915 653 1987 σννθέτῳ
674 1917 832 1986 φύσει
852 1920 913 1972 τὸ
940 1921 1067 1989 μίαν
1091 1922 1259 1991 αὐτὴν
1283 1924 1589 1992 ὀνομάζειν,
1611 1928 1767 1996 εἴπερ

179 2006 311 2074 μηδὲ
336 2009 406 2077 τῇ
437 2008 601 2077 διττῇ
621 2024 633 2035 ⁸
665 2009 802 2077 πρὸς
844 2009 900 2062 δὲ
962 2013 1057 2064 καὶ
1112 2013 1340 2081 μάταιος
1361 2016 1546 2078 αὐτοῖς
1573 2018 1601 2069 ό
1634 2016 1768 2087 πρὸς
1795 1999 1843 2057 Β

175 2100 269 2160 τὰς
295 2097 395 2152 δύο
426 2098 628 2167 φύσεις
653 2099 892 2170 πόλεμος
911 2120 924 2132 ·
949 2104 1102 2174 ἑνικῇ
1136 2105 1247 2175 γὰρ
1281 2122 1347 2176 ση
1360 2106 1532 2177 μασίᾳ
1551 2108 1646 2161 καὶ
1667 2113 1767 2161 αὐ-

175 2190 260 2241 τοὶ
290 2190 687 2262 πληθυντικὴν
708 2193 1118 2249 ἀποδεδώκασιν
1145 2196 1376 2253 ἔννοιαν.
1406 2199 1468 2251 El
1494 2199 1551 2252 δὲ
1576 2199 1767 2273 ὥσπερ

176 2281 284 2349 ἔχει
319 2281 423 2351 τὴν
484 2281 685 2352 κλῆσιν
713 2284 927 2353 ἑνικὴν,
958 2284 1135 2350 οὕτως
1166 2288 1383 2355 ἀξιοῦσι
1436 2290 1536 2361 τὴν
1588 2308 1767 2362 σημα-

180 2373 293 2425 σίαν
319 2368 471 2427 εἶναι
505 2374 719 2444 ἑνικὴν,
751 2376 949 2430 ταύτὸν
998 2378 1185 2442 αὐτοῖς
1221 2380 1547 2449 σημαίνεται
1579 2384 1642 2435 ὲκ
1667 2384 1768 2453 τῆς

178 2464 351 2533 ἁπλῆς
382 2465 485 2516 καὶ
518 2465 822 2520 ἁσυνθέτου
853 2467 1069 2536 φύσεως
1088 2485 1102 2501 ο
1131 2470 1227 2523 καὶ
1265 2471 1497 2543 περιττὴ
1522 2474 1706 2535 αὐτοῖς
1733 2475 1766 2545 ἡ

178 2554 262 2606 τοῦ
309 2555 581 2609 συνθέτου
605 2558 756 2628 φωνή
784 2574 798 2587 ο
831 2559 893 2611 τὸ
933 2559 1042 2631 γὰρ
1094 2561 1228 2615 αὐτὸ
1274 2563 1338 2615 ἐκ
1369 2562 1472 2633 τῆς
1500 2563 1678 2635 ἁπλῆς
1705 2580 1766 2618 τε

180 2646 267 2695 ut
298 2645 567 2699 συνθέτου
597 2648 921 2704 ἀποδέδοται
952 2650 1157 2720 νόημα·
1191 2655 1239 2704 ει
1272 2652 1657 2725 ὁὲγμηδὲτερον
1687 2654 1764 2725 (2)

177 2735 279 2786 τῶν
298 2737 626 2806 εἰρημένων
661 2738 904 2810 νοηθείη,
931 2741 1040 2810 ἄρα
1070 2741 1163 2794 καὶ
1190 2744 1605 2813 συγκεχυμένην
1636 2745 1767 2813 μίαν

180 2826 339 2892 φύσιν
375 2829 444 2879 ἐκ
504 2827 601 2881 δύο
634 2829 851 2897 φύσεων
888 2832 1385 2900 μυθοπλαστοῦσιν,
1415 2835 1578 2889 ὁποία
1603 2836 1697 2889 καὶ⁵
1732 2838 1766 2907 ἡ

182 2919 283 2970 τοῦν
317 2919 571 2987 ἡμιόνων
632 2921 1002 2993 ἐπινενόηται,
1049 2924 1146 2976 καλ⁵
1202 2926 1356 2995 παρὰ
1402 2928 1515 2989 τοῖς
1541 2925 1766 2994 Ἕλλησι

278 3012 315 3078 ἡ
385 3010 502 3064 τῶν
568 3012 938 3085 πολυμόρφων
997 3013 1154 3080 ζώων
1206 3017 1555 3088 ἐπινενόηται
1608 3034 1768 3089 τερα-

182 3101 321 3155 τεία.

248 3272 371 3339 ις’.
395 3271 463 3325 ΕΞ
494 3270 559 3324 τὸ
589 3271 772 3341 λέγειν
801 3276 932 3344 μίαν
983 3273 1147 3344 φύσιν
1171 3276 1267 3330 τοῦ
1298 3277 1436 3331 Θεοῦ
1465 3279 1640 3349 Λόγου
1674 3298 1768 3334 σεο

1872 741 2077 795 Christi
2125 757 2231 794 non
2282 757 2447 794 unam
2494 749 2746 795 naturam
2791 742 3134 804 declarabit;
3196 742 3344 810 quod
3399 744 3445 796 si

1871 832 2106 900 simplex
2156 840 2214 885 et
2271 831 2574 900 composita
2633 847 2796 885 unam
2846 841 3095 885 naturam
3144 832 3449 885 secundum

1871 923 2021 991 ipsos
2049 923 2310 985 declarat,
2358 922 2549 976 dicant
2580 921 2949 976 diﬁ‘erentiam
2988 931 3197 976 naturae
3243 922 3447 976 Christi

1868 1012 2174 1066 secundum
2225 1012 2374 1081 ipsos
2431 1010 2755 1081 compositi,
2801 1021 2856 1065 et
2916 1021 3127 1066 naturae
3154 1011 3451 1081 osimplicis

1868 1102 2057 1157 Verbi.

1937 1194 2054 1248 XV.
2088 1193 2408 1256 Nominum,
2436 1201 2491 1245 et
2516 1192 2818 1247 verborum
2855 1193 3054 1263 partim
3087 1193 3310 1263 quidem
3353 1192 3450 1247 ba.-

1865 1286 1996 1341 bent
2007 1286 2508 1355 pronuntiationem
2522 1283 3246 1355 plurium,signiﬁcationem
3261 1284 3448 1355 singu-

1865 1379 2020 1441 laris,
2038 1385 2099 1431 ut
2116 1376 2319 1429 Tltebze
2340 1383 2518 1430 castra
2537 1385 2593 1428 et
2611 1375 2837 1429 Athenae
2873 1392 2887 1440 ;
2929 1374 3129 1444 partim
3170 1390 3301 1429 vero
3317 1390 3448 1429 con-

1866 1480 1949 1525 tra
1969 1466 2476 1538 pronuntiationem
2496 1465 2814 1535 singularis,
2837 1460 3298 1534 signiﬁcationem
3315 1480 3446 1519 vero

1865 1564 2129 1635 plurium,
2162 1569 2223 1614 ut
2260 1560 2483 1624 chorus,
2521 1559 2780 1628 populus,
2825 1558 3102 1613 exercitus
3124 1566 3179 1611 et
3205 1557 3400 1611 civitas
3430 1575 3444 1610 :

1864 1654 2051 1709 dicant
2072 1650 2665 1721 igitur,quomodouna
2692 1649 3202 1718 compositanatura
3228 1649 3295 1702 ab
3315 1648 3448 1718 ipsis

1865 1743 2099 1798 dicitur:
2119 1740 2415 1811 siquidem,
2436 1740 2579 1794 sicut
2600 1741 2744 1809 apud
2776 1740 2966 1794 Patres
2994 1749 3192 1793 natura
3218 1756 3445 1809 compo-

1866 1835 1970 1891 sita
2003 1843 2201 1888 natura
2254 1832 2458 1902 duplex
2508 1831 2732 1893 dicitur,
2766 1847 2877 1885 non
2927 1831 3097 1885 habet
3145 1832 3350 1894 locum,
3386 1840 3447 1884 ut

1868 1922 2227 1993 compositam
2288 1928 2565 1983 naturam,
2598 1935 2762 1973 unam
2807 1920 3147 1985 existiment,
3186 1922 3314 1989 quia
3350 1936 3447 1974 nc-

1869 2029 1978 2084 que
2030 2012 2345 2081 duplicem;
2383 2011 2601 2081 eritque
2646 2011 2826 2065 inanis
2868 2027 3061 2066 eorum
3108 2013 3448 2066 concertatio

1869 2102 2141 2157 adversus
2186 2099 2325 2153 duas
2359 2108 2587 2153 naturas
2618 2115 2631 2153 :
2657 2098 2759 2168 ipsi
2801 2098 2951 2153 enim
2996 2098 3212 2153 scilicet
3252 2099 3463 2153 Patres.

1869 2192 2261 2265 signiﬁcationi
2304 2191 2571 2263 singulari
2620 2206 2845 2245 sensum
2899 2191 3141 2259 plurium
3185 2190 3446 2245 reddide-

1870 2293 2040 2350 runt;
2072 2284 2159 2337 sin
2198 2292 2403 2344 autem,
2442 2281 2771 2337 sicutltabet
2800 2282 3229 2351 appellationem
3254 2283 3448 2351 singu.

1868 2370 2057 2433 larem,
2089 2372 2171 2425 sic
2207 2371 2401 2424 volunt
2435 2369 2893 2439 signiﬁcationem
2922 2384 3045 2424 esse
3086 2370 3443 2440 singularem,

1868 2459 2016 2515 idem
2042 2459 2177 2528 ipsis
2197 2459 2469 2530 signiﬁcat
2501 2459 2735 2528 simplex
2752 2469 2807 2514 et
2834 2460 3197 2531 incomposita
3223 2474 3442 2517 natura.

1867 2553 1937 2608 Et
1961 2567 2365 2622 supervacanea
2424 2561 2506 2606 est
2557 2568 2659 2606 vox
2686 2553 2993 2622 compositi.
3045 2553 3248 2609 Eadem
3295 2555 3441 2608 enim

1867 2639 2022 2694 notio
2049 2639 2185 2709 ipsis
2224 2638 2474 2694 redditur
2502 2654 2567 2694 ex
2598 2640 2835 2709 simplici
2861 2678 2876 2701 .
2927 2649 2983 2696 et
3027 2657 3096 2696 ex
3138 2645 3444 2711 composita

1868 2740 2090 2786 natura.
2119 2731 2181 2786 Si
2213 2741 2401 2786 autem
2426 2742 2686 2786 neutrum
2725 2748 2793 2786 cx
2833 2732 2998 2788 dictis
3034 2742 3142 2798 est,
3175 2734 3442 2789 adulteri-

1867 2838 1995 2878 nam
2029 2822 2216 2893 igitur,
2248 2832 2305 2876 et
2337 2821 2620 2877 confusam
2648 2838 2811 2877 unam
2845 2834 3096 2879 naturam
3127 2840 3195 2880 ex
3229 2825 3444 2880 duabus

1868 2914 2087 2969 naturis
2111 2912 2453 2983 conﬁngunt,
2484 2914 2663 2982 qualis
2689 2922 2885 2968 natura
2928 2916 3203 2971 mulorum
3229 2926 3283 2971 et
3308 2917 3445 2971 alio-

1870 3021 1993 3061 rum
2015 3004 2283 3075 ejusmodi
2307 3004 2613 3074 excogitata
2635 3015 2750 3071 est;
2780 3015 2835 3061 et
2861 3006 3025 3076 quale
3046 3008 3189 3077 apud
3210 3009 3448 3079 gentiles

1870 3096 2206 3153 describitur
2230 3094 2652 3151 multiformium
2675 3106 2734 3151 et
2757 3098 3162 3154 contrariorum
3191 3101 3442 3156 animan,

1874 3189 2012 3243 tium
2050 3196 2378 3242 monstrum.

1939 3279 2080 3335 XVI.
2110 3280 2166 3335 Si
2201 3278 2390 3335 dicere
2422 3294 2587 3334 unam
2619 3288 2868 3335 naturam
2888 3281 3054 3336 Verbi
3080 3280 3439 3342 incarnatam.

187 3363 555 3434 σιρκωμὲνην
580 3365 822 3418 ἐναντίον
840 3366 956 3419 ἐστὶ
986 3366 1064 3437 τῷ
1088 3366 1269 3435 λέγειν
1300 3367 1394 3421 δύο
1452 3371 1760 3439 ήνωμένας,

1874 3366 2210 3421 contrarium
2247 3374 2333 3420 est
2369 3367 2533 3435 atque
2566 3366 2750 3422 dicere
2787 3368 2925 3423 duas
2967 3377 3190 3423 naturas
3218 3369 3439 3435 unitas;

186 3455 324 3507 δυοῖν
345 3455 569 3526 ἀνάγκη
600 3454 897 3528 Θάτερον,ἢ
930 3456 1029 3529 τὴν
1061 3458 1241 3528 σάρκα
1270 3459 1478 3532 ταύτην
1509 3461 1585 3534 μὴ
1618 3459 1762 3518 εἶναι

191 3545 368 3611 φύσει,
414 3544 557 3615 μηδὲ
616 3546 816 3616 σαρκὸς
843 3546 987 3617 ἔχειν
1015 3546 1198 3617 φύσιν,
1225 3548 1259 3620 ἢ
1291 3545 1461 3604 οὖσαν
1499 3552 1577 3621 μὴ
1602 3552 1764 3622 λέγε-

192 3636 307 3689 c‘n:
372 3637 519 3707 ὅπερ
547 3637 724 3688 ἐστίν·
784 3638 1056 3709 ὁποτέραν
1096 3639 1283 3693 τοίνυν
1327 3639 1612 3711 βούλονται
1657 3642 1768 3697 τῶν

190 3728 482 3793 ἀσεϐειῶν,
508 3727 954 3800 αἱρείσθωσαν,ἢ
1001 3729 1098 3801 τὴν
1148 3730 1316 3800 φύσιν
1348 3732 1556 3802 ταύτην
1586 3736 1767 3804 σάρκα

189 3818 260 3888 μὴ
296 3813 468 3883 εἶναι,
515 3817 551 3887 ἢ
583 3818 683 3888 τὴν
715 3819 896 3889 σάρκα
929 3818 1091 3887 φύσιν
1115 3818 1190 3891 μὴ
1215 3820 1494 3889 λέγεσθαι.

247 3995 346 4046 IZ'.
388 3991 565 4061 11(5)
617 3991 719 4061 μία
769 3990 930 4059 φύσις
982 3991 1074 4045 τοῦ
1113 3992 1249 4047 Θεοῦ
1278 3994 1459 4063 Λόγου
1492 4011 1766 4067 σεσαρκωι

187 4085 342 4155 μὲν-η,
371 4082 617 4152 τριπλῆν
666 4082 777 4151 ἔχει
819 4081 918 4153 τὴν
950 4083 1159 4137 ἔννοιαν
1178 4100 1193 4115 ο
1221 4084 1253 4155 ἢ
1281 4085 1388 4154 γὰρ
1432 4086 1586 4141 κατὰ
1605 4086 1768 4140 ἀντι-

187 4191 373 4242 στρορ
384 4176 467 4239 ὴν
483 4172 718 4239 λέγοιτο,
736 4167 846 4226 οἷον
860 4173 941 4225 ὅτι
958 4174 1050 4227 καὶ
1068 4175 1461 4247 σεσαρκωμὲνη
1485 4176 1584 4245 μία
1604 4177 1767 4231 πάλιν

186 4269 317 4328 ἐπὶ,
378 4263 572 4336 γυμνὴ
623 4262 893 4333 σώματος,
922 4264 1111 4337 ὥσπερ
1160 4270 1255 4320 καὶ
1302 4266 1398 4321 τοῦ
1444 4267 1642 4338 χαλκοῦ
1674 4270 1769 4323 ἁν-

185 4357 436 4428 δριὰντος
465 4357 571 4426 μία
607 4355 768 4424 φύσις
796 4355 1001 4427 χαλκοῦ
1041 4358 1499 4429 ὲσχηματισμένη
1520 4377 1533 4390 ·
1564 4360 1596 4430 ἢ
1628 4361 1771 4414 κατὰ

183 4451 392 4521 τροπὴν
430 4447 647 4511 οὐσίας,
675 4447 836 4500 οίονει
865 4448 964 4517 μία
1000 4449 1160 4515 φύσις
1188 4448 1281 4502 τοῦ
1319 4449 1496 4515 Λόγου
1521 4451 1769 4521 ἅποσαρο

189 4542 427 4593 πιεσθεῖσα
447 4557 463 4571 ο
496 4538 694 4608 ὥσπερ
719 4538 786 4591 ἂν
808 4539 863 4591 εί
884 4556 969 4601 τις
993 4539 1087 4591 καὶ
1116 4538 1210 4592 τοῦ
1246 4539 1439 4604 ὓδατος
1464 4541 1611 4609 λέγοι
1640 4543 1771 4611 μίαν

192 4631 345 4697 φύσιν
374 4627 821 4683 ἁπολιθωθεῖσαν
842 4643 856 4657 '
891 4628 928 4698 ἢ
957 4629 1039 4681 ὅτι
1082 4628 1181 4699 μία
1222 4626 1357 4685 οὖσα
1386 4633 1418 4700 ή
1445 4631 1540 4684 τοῦ
1594 4633 1769 4700 Λόγου

1871 3456 2202 3511 alterutrum
2242 3471 2467 3510 necesse
2491 3464 2596 3521 est,
2628 3465 2722 3511 aut
2743 3472 2965 3511 carnem
3002 3458 3142 3512 hanc
3184 3474 3290 3512 non
3319 3473 3443 3513 esse

1870 3555 2144 3612 naturam,
2179 3562 2358 3616 neque
2400 3555 2651 3601 naturam
2692 3548 2876 3602 carnis
2906 3547 3137 3612 habere;
3171 3557 3265 3602 aut
3314 3564 3442 3602 cum

1872 3638 2079 3708 alioqui
2105 3638 2198 3703 sit,
2213 3653 2325 3692 non
2359 3645 2540 3693 tamen
2566 3637 2676 3693 dici
2701 3654 2843 3703 esse,
2883 3637 3033 3707 quod
3074 3646 3159 3693 est
3198 3658 3209 3692 :
3240 3640 3453 3710 eligant

1871 3730 2167 3798 sapientes,
2200 3738 2379 3783 utram
2406 3728 2601 3782 Irarum
2652 3727 2995 3797 impietatum
3038 3728 3251 3789 malint.
3278 3739 3469 3791 natu:

1870 3835 1987 3874 ram
2030 3820 2173 3876 hanc
2204 3836 2314 3875 non
2347 3835 2469 3875 esse
2501 3834 2747 3882 carnem,
2796 3835 2864 3874 an
2910 3834 3130 3875 carnem
3182 3834 3293 3875 non
3328 3819 3439 3874 dici

1870 3915 2142 3960 naturam.

1940 3994 2104 4051 XVII.
2135 3994 2253 4050 Una
2278 4001 2471 4049 natura
2502 3995 2660 4051 Verbi
2693 3995 2994 4058 incarnata,
3040 3994 3308 4063 triplicem
3342 3993 3443 4045 ha-

1873 4087 1968 4142 bet
1994 4088 2306 4141 notionem:
2326 4095 2421 4140 aut
2451 4086 2599 4140 enim
2627 4084 2832 4139 dicitur
2853 4084 2995 4137 κατὰ
3028 4083 3125 4153 τὴν
3158 4087 3443 4151 ἀντιστρο-

1874 4176 2002 4245 φὴν,
2046 4174 2100 4229 id
2130 4184 2215 4230 est
2248 4173 2549 4228 secundum
2584 4172 3102 4241 reciprocationem;
3146 4172 3253 4226 hoc
3278 4169 3444 4225 modo

1872 4274 1958 4320 est
1999 4280 2107 4319 una
2149 4271 2346 4317 natura
2395 4262 2567 4317 Verbi
2610 4262 2926 4328 incarnata,
2979 4262 3113 4332 quia
3163 4263 3445 4316 incarnata

1874 4370 2066 4410 rursus
2101 4369 2210 4409 una
2247 4361 2443 4407 natura
2469 4363 2574 4418 est,
2615 4353 2722 4408 hoc
2756 4361 2861 4417 est,
2891 4353 3037 4407 nuda
3075 4366 3330 4421 corpore,
3370 4351 3447 4405 si-

1875 4447 1988 4502 cuti
2020 4446 2145 4502 :eris
2179 4454 2373 4502 statua:
2414 4460 2521 4499 una
2550 4452 2748 4500 natura
2765 4452 2850 4500 est
2884 4444 3011 4499 aeris
3053 4442 3315 4513 ﬁgurata;
3350 4447 3446 4493 aut

1875 4537 2081 4593 dicitur
2108 4536 2411 4592 secundum
2451 4537 2811 4592 mutationem
2839 4533 3178 4597 substantiae,
3212 4538 3308 4586 aut
3336 4545 3444 4585 una

1878 4636 2069 4682 natura
2102 4627 2262 4682 Verbi
2309 4641 2505 4681 carnea
2531 4626 2694 4690 facta,
2738 4633 2800 4678 ut
2838 4624 2884 4679 si
2930 4622 3057 4692 quis
3083 4621 3250 4687 dicat,
3276 4633 3437 4675 unam

140 4730 161 4765 κ
377 4720 444 4773 οὗ
487 4719 654 4789 μόνον
688 4717 812 4771 καθ’
831 4693 1051 4789 ἑαυτὴν,
1079 4693 1214 4773 ἀλλὰ
1246 4693 1618 4793 μετὰ-σαρκὸς
1638 4693 1767 4777 ούσα

1874 4726 2126 4772 naturam
2182 4732 2337 4785 aqua:
2378 4716 2844 4786 lapidescentem;
2881 4722 2978 4767 aut
3023 4713 3247 4776 dicitur,
3295 4708 3444 4778 quod

199 4811 499 4881 θεωρεῖται.
553 4808 619 4862 Εἰ
678 4809 777 4879 μὲν
824 4804 917 4862 οὖν
970 4811 1112 4862 κατὰ
1143 4810 1243 4874 τὰς
1283 4811 1510 4881 πρώτας
1566 4812 1773 4877 ἐννοίας

200 4903 345 4956 τοῦτο
372 4902 656 4968 λέγουσιν,
693 4901 918 4954 αὐτόθεν
952 4903 1135 4966 αὐτοῖς
1158 4903 1258 4972 τῆς
1287 4903 1540 4967 ἀσεϐείας
1568 4906 1595 4957 ὁ
1624 4905 1774 4972 ἔλεγ-

203 5009 319 5060 Γις⁶
372 4995 519 5062 μετὰ
579 4992 691 5061 γὰρ
740 4992 1118 5062 ’Λπολιναρίου
1178 4995 1273 5047 καὶ
1319 4994 1597 5065 Εὐτυχοῦς
1636 4999 1773 5050 ἀπο-

208 5086 559 5148 σκευάζονται
578 5084 676 5153 τὴν
705 5084 1019 5152 οἰκονομίαν
1041 5102 1054 5116 ο
1078 5084 1124 5136 εἰ
1144 5084 1201 5137 δὲ
1227 5085 1369 5139 κατὰ
1388 5085 1448 5137 τὸ
1464 5086 1772 5140 τελευταῖον

210 5176 624 5244 σημαινόμενον,
646 5173 763 5235 πῶς
789 5175 822 5244 ἡ
848 5176 985 5244 μετὰ
1012 5175 1215 5245 σαρκὸς
1241 5175 1333 5229 τοῦ
1367 5177 1542 5244 Λόγου
1580 5176 1768 5247 φύσις,

212 5269 258 5333 τῇ
278 5267 465 5333 φύσει,
482 5267 585 5333 τῆς
602 5266 804 5334 σαρκὸς
827 5268 891 5334 τῇ
918 5265 1058 5334 μετά
1076 5264 1169 5318 τοῦ
1196 5267 1369 5335 Λόγου
1400 5267 1553 5338 οὔσῃ,
1576 5269 1676 5337 μία
1704 5273 1767 5339 τῇ

214 5354 349 5418 φύσει
369 5356 553 5420 ἐστὶν,
576 5354 610 5423 ἢ
637 5354 755 5417 πῶς
788 5352 860 5424 μὴ
885 5348 1019 5406 οὖσα
1055 5351 1155 5422 μία
1176 5356 1241 5423 τῇ
1274 5352 1453 5422 φύσει,
1490 5355 1585 5423 μία
1612 5354 1771 5423 φύσις

217 5443 519 5515 λεχθήσεται
536 5462 552 5508 ;

1874 4826 1982 4864 una
2014 4818 2211 4863 natura
2242 4807 2405 4863 Verbi
2435 4823 2559 4862 cum
2593 4808 2685 4869 sit,
2717 4822 2823 4861 non
2851 4806 2988 4871 sola,
3017 4813 3077 4860 et
3106 4820 3206 4874 per
3234 4818 3316 4865 se,
3347 4802 3444 4857 sed

1874 4915 1996 4956 cum
2032 4916 2194 4956 carne
2234 4899 2634 4954 consideratur.
2686 4898 2743 4953 Si
2787 4897 2953 4967 igitur
2994 4901 3297 4950 secundum
3326 4891 3444 4961 pri-

1875 5006 1991 5046 mas
2030 4991 2284 5045 notiones
2315 5005 2478 5044 unam
2511 4997 2761 5043 naturam
2791 4986 2953 5041 Verbi
2986 4986 3330 5039 incarnatam
3363 4981 3477 5036 di--

1874 5090 2026 5147 cunt,
2049 5097 2117 5136 ex
2148 5096 2214 5135 eo
2243 5080 2361 5150 ipso
2388 5080 2536 5149 quod
2565 5078 2777 5141 dicunt,
2805 5080 3047 5148 ipsorum
3076 5076 3330 5146 impietas
3356 5089 3446 5127 re-

1875 5172 2164 5243 darguitur
2191 5190 2204 5225 :
2233 5188 2357 5226 cum
2420 5170 2759 5242 Apollinario
2784 5170 2931 5225 enim
2958 5181 3011 5224 et
3048 5183 3172 5223 cum
3202 5164 3446 5235 Eutyche

1878 5263 2197 5334 mysterium
2239 5262 2636 5318 incarnationis
2673 5261 2889 5315 tollunt.
2934 5260 2990 5313 Si
3031 5267 3213 5313 autem
3248 5270 3446 5310 secune

1879 5355 2007 5408 dum
2045 5364 2350 5409 extremum
2387 5354 2747 5425 signiﬁcatum
2784 5352 2996 5414 dicunt,
3048 5345 3322 5417 quomodo
3352 5360 3448 5396 na—

1883 5457 2002 5500 tura
2032 5446 2189 5499 \'erbi
2222 5462 2344 5499 cum
2370 5462 2554 5508 carne,
2588 5460 2712 5498 cum
2742 5452 2936 5497 natura
2965 5439 3143 5494 carnis
3175 5453 3294 5504 qum
3321 5448 3447 5487 cum

220 5531 376 5591 Verbo
407 5547 516 5601 est,
555 5552 665 5590 una
704 5545 787 5591 est
824 5536 1125 5591 secundum
1164 5538 1455 5593 naturam?
1490 5548 1583 5593 aut
1621 5540 1893 5609 quomodo
1921 5541 1964 5595 si
1992 5555 2101 5594 non
2164 5548 2245 5594 est
2271 5556 2378 5594 una
2437 5539 2736 5593 secundum
2791 5547 3063 5597 naturam,
3097 5543 3290 5587 natura
3340 5547 3446 5584 una

220 5628 411 5686 diutor
422 5632 448 5685 ?

276 5723 377 5777 IlI’.
428 5724 513 5777 Ti
567 5722 777 5794 κυρίως
808 5721 1054 5791 ἀλλήλοις
1091 5724 1461 5795 ἀντικείμενα,
1521 5727 1648 5797 ὃλην
1678 5726 1775 5796 τὴν

285 5889 351 5957 (2)
384 5888 522 5943 Cod.
562 5886 639 5957 μὴ
670 5886 765 5937 δύο
790 5885 1033 5956 πότερον,

1952 5726 2136 5781 XVIII.
2169 5726 2299 5789 Quae
2327 5722 2547 5792 proprie
2592 5722 2735 5775 inter
2772 5734 2830 5773 sc
2868 5726 2993 5772 sunt
3046 5720 3313 5786 Opposita.
3364 5728 3445 5771 to-

1951 5888 2021 5957 (3)
2054 5886 2232 5939 Prima
2267 5899 2423 5937 manu
2462 5894 2602 5936 recte
2638 5881 2687 5949 ἡ,
2719 5879 2957 5933 secunda
2994 5892 3274 5947 perperam
3300 5880 3391 5935 ιξ.,
