3998 6282
521 510 546 564 ‘1
556 502 659 564 907

1773 518 2099 580 .LEONTII
2137 522 2511 584 ΒΥΖΑΝΤΙΝ
2516 523 2542 583 Ι

3643 525 3776 593 1908

516 628 627 710 tam
653 621 1001 691 negationem
1032 626 1131 680 toti
1155 624 1506 685 aﬂirmationi
1547 641 1870 700 opponunt;
1909 643 1970 687 ut
2002 633 2087 687 af-

2218 637 2467 704 ιπόφασιν
2505 636 2627 691 καθ’
2670 637 2799 710 ὅλης
2831 639 2932 708 τῆς
2969 636 3336 705 καταφάσεως
3371 637 3771 710 ἀντιστρέφου-

516 707 815 765 ﬁrmationi
844 711 1049 768 dicenti
1077 732 1089 768 :
1119 714 1319 771 Paulus
1355 719 1639 787 apostolus
1669 727 1773 783 est,
1800 721 2095 790 opponitur

515 802 757 870 negatio,
788 818 912 872 qum
954 803 1129 860 dicit:
1163 806 1369 863 Paulus
1394 810 1680 878 apostolus
1716 826 1827 863 non
1858 821 1959 866 est.
2006 812 2097 867 Sic

516 891 690 959 igitur
716 902 774 947 et
819 894 1035 950 duabus
1063 898 1277 953 naturis
1322 915 1430 954 una
1478 908 1679 956 natura
1705 905 1955 973 opposita
1988 914 2093 960 est.

517 982 575 1034 Si
615 984 764 1037 enim
816 1001 924 1039 una
974 994 1170 1043 natura
1213 997 1298 1043 est
1353 988 1631 1059 Christus,
1684 1009 1794 1049 non
1840 1003 1926 1049 est
1963 996 2095 1052 duo.

516 1074 642 1130 Etsi
665 1064 797 1142 duo,
812 1094 921 1133 non
938 1089 1024 1134 est
1044 1096 1173 1135 una.
1193 1079 1250 1135 Si
1267 1090 1452 1137 autem
1472 1099 1636 1138 unam
1659 1083 1928 1150 dicentes,
1948 1089 2100 1144 aliud

517 1166 750 1231 addunt,
768 1184 880 1224 non
898 1170 1010 1240 jam
1026 1170 1292 1228 dicuntur
1327 1174 1715 1242 ἀντιφατικῶς,
1739 1177 1792 1231 id
1812 1186 1917 1242 est,
1938 1193 2102 1249 oppo-

518 1260 645 1323 site,
669 1259 766 1315 sed
784 1260 1024 1327 diverse,
1054 1272 1111 1317 et
1130 1263 1436 1319 secundum
1469 1267 1858 1335 periphrasim,
1885 1278 1942 1324 et
1967 1286 2101 1327 con-

517 1346 686 1406 fessio
703 1351 938 1406 duarum
956 1361 1282 1409 naturarum
1308 1364 1526 1415 constat
1543 1357 1679 1427 ipsis
1694 1374 1760 1412 ex
1778 1361 2021 1427 nomine,
2047 1370 2103 1418 et

518 1457 588 1495 ex
604 1441 960 1499 definitione:
986 1459 1055 1500 ex
1081 1445 1306 1506 nomine
1337 1445 1562 1516 quidem
1585 1457 1799 1507 natura:
1828 1451 2016 1519 Verbi,
2036 1470 2104 1509 ex

518 1531 846 1588 definitione
859 1549 991 1589 vero
1001 1535 1182 1590 carnis
1198 1535 1454 1595 animatae
1467 1537 1650 1593 anima
1669 1540 1923 1599 rationali
1944 1551 2001 1603 et
2018 1542 2104 1596 in—

521 1623 824 1695 telligente,
864 1625 981 1682 htec
1012 1626 1158 1683 enim
1187 1635 1271 1685 est
1297 1627 1550 1684 deﬁnitio
1588 1638 1801 1688 naturae
1829 1632 2099 1689 humanae.

521 1717 809 1782 Quomodo
826 1718 1261 1788 igiturdicentes
1272 1719 1650 1782 deﬁnitionem
1672 1732 1904 1790 naturae,
1926 1727 2106 1796 appel-

521 1808 787 1864 lationem
832 1810 954 1881 ejus
993 1813 1282 1867 recusant?
1313 1811 1423 1868 Aut
1462 1814 1740 1884 quomodo
1776 1817 2104 1886 appellatio-

522 1915 649 1954 nem
667 1901 955 1972 utriusque
979 1911 1188 1958 naturae
1208 1904 1598 1972 concedentés,
1627 1922 1921 1963 numerum
1949 1925 2108 1979 repu-

523 1989 709 2045 diant?
728 1991 1114 2062 ReSpondeant
1142 1994 1255 2058 isti,
1270 1994 1365 2064 qui
1394 2010 1575 2066 neque
1598 2011 1720 2065 qua:
1743 1995 1880 2067 ipsis
1899 1977 2105 2054 com—re-
2132 1977 2181 2039 Β

524 2081 702 2137 niant.
726 2097 908 2152 neque
927 2099 1049 2153 quae
1070 2095 1401 2155 repugnent,
1432 2086 1741 2158 intelligere
1778 2099 2034 2159 possunt.

598 2169 742 2226 XIX.
773 2171 1019 2245 Simplex
1051 2184 1249 2231 natura
1270 2191 1381 2230 non
1397 2185 1482 2230 est
1506 2175 1755 2247 ejusdem
1782 2178 2107 2235 substantia:

525 2279 652 2319 cum
682 2264 1015 2333 composita;
1038 2266 1082 2319 si
1108 2275 1291 2321 autem
1319 2267 1551 2337 simplex
1570 2276 1655 2324 est
1679 2277 1879 2324 natura
1903 2270 2103 2338 Patris,

527 2358 833 2426 composita
874 2372 1007 2413 vero
1047 2358 1257 2417 Christi
1286 2370 1507 2426 natura,
1532 2375 1646 2416 non
1680 2370 1766 2417 est
1803 2362 1974 2433 igitur
2010 2379 2107 2417 na-

528 2459 653 2505 tura
680 2450 886 2507 Christi
918 2450 1164 2523 ejusdem
1184 2453 1506 2511 substantia:
1532 2469 1660 2510 cum
1693 2463 1891 2510 natura
1906 2455 2105 2510 Patris.

528 2543 599 2596 At
636 2540 739 2612 ipsi
784 2540 1048 2602 simulant
1089 2542 1422 2603 homousion
1454 2559 1575 2600 esse
1616 2544 1766 2601 Patri
1802 2544 2106 2610 Christum,

530 2639 586 2686 et
602 2631 763 2687 nobis
787 2632 1119 2690 homousion
1139 2634 1419 2691 eumdem.
1444 2635 1640 2691 Dicant
1666 2636 1856 2708 igitur,
1881 2653 1950 2692 an
1976 2653 2108 2708 pos-

534 2724 609 2779 sit
643 2740 773 2787 una,
807 2732 868 2780 ut
909 2725 1013 2795 ipsi
1043 2724 1256 2790 dicunt,
1295 2725 1602 2796 composita
1644 2736 1843 2782 natura
1875 2726 2104 2793 Christi,

530 2831 601 2872 ex
637 2824 751 2871 toto
782 2832 903 2873 esse
954 2818 1275 2874 homousios
1321 2819 1492 2886 Patri,
1546 2827 1602 2875 et
1633 2834 1704 2874 ex
1745 2828 1862 2875 toto
1913 2835 2109 2875 rursus

532 2908 736 2968 nobis?
768 2908 838 2967 Et
885 2924 1070 2964 annon
1132 2910 1242 2965 hoc
1287 2924 1391 2965 nos
1435 2911 1601 2965 etiam
1649 2910 1717 2964 ad
1751 2910 1931 2966 Patris
1972 2925 2109 2965 con-

531 2998 1058 3061 substantialitatem
1091 3002 1354 3057 revocet?
1396 3001 1551 3068 Quod
1586 3002 1631 3057 si
1670 3001 1858 3057 dicant
1898 3017 2009 3056 non
2040 3017 2110 3059 ex

536 3104 652 3150 toto
676 3109 839 3157 unam
870 3103 1123 3158 naturam
1162 3093 1365 3151 Christi
1394 3094 1542 3149 Patri
1577 3101 1634 3149 et
1676 3093 1838 3149 nobis
1862 3107 1983 3151 esse
2011 3094 2112 3148 ho-

532 3184 810 3247 mousion,
844 3184 898 3238 Id
939 3194 1044 3249 est,
1081 3184 1330 3255 ejusdem
1381 3184 1735 3252 substantiae;
1774 3184 2111 3254 relinquitur

538 3274 703 3329 unius
747 3282 958 3331 naturae
991 3275 1281 3340 dimidium
1310 3288 1434 3329 esse
1477 3272 1627 3328 Patri
1673 3274 2027 3340 homousion,
2053 3282 2112 3330 et
2134 3310 2180 3373 Ο

536 3363 826 3423 dimidium
859 3365 1021 3421 nobis
1050 3384 1064 3419 :
1092 3374 1151 3421 at
1169 3364 1301 3436 quid
1328 3364 1479 3420 aliud
1504 3372 1588 3420 est
1626 3364 1751 3431 hoc,
1778 3380 1943 3435 quam
1967 3365 2112 3420 divi-

536 3456 691 3519 dere.
723 3471 886 3526 quam
929 3455 1034 3525 ipsi
1060 3454 1255 3510 dicunt
1302 3468 1469 3508 unam
1494 3452 1701 3509 Christi
1744 3461 2000 3509 naturam
2051 3453 2109 3509 in

536 3556 791 3609 naturam
805 3546 1051 3617 ejusdem
1069 3546 1412 3607 substantiae,
1432 3554 1491 3602 et
1505 3545 1737 3602 diversae
1761 3546 2107 3612 substantiae,

536 3648 594 3703 et
622 3639 676 3692 in
708 3647 891 3707 partes
920 3638 1313 3709 complentium
1337 3638 1470 3708 ipsis
1491 3652 1655 3692 unam
1676 3646 1929 3693 naturam
1957 3652 2112 3694 com-

540 3731 797 3806 positam.
836 3731 933 3785 Est
985 3739 1168 3786 antem
1214 3729 1518 3798 impietatis
1541 3728 1917 3799 'Apollinarii,
1950 3740 2007 3785 et
2029 3728 2112 3784 in-

540 3829 707 3891 saniae
735 3826 851 3881 Arii
892 3839 1089 3895 negare
1123 3824 1427 3893 perfectum
1476 3822 1532 3877 in
1559 3821 1851 3878 divinitate
1881 3819 2111 3889 Christi,

540 3928 595 3975 et
628 3921 682 3975 in
718 3919 1059 3980 humanitate
1090 3919 1229 3991 ejus.

612 4097 729 4153 XX.
760 4097 816 4153 Si
844 4098 1009 4163 Deus,
1044 4105 1102 4154 et
1147 4097 1333 4162 homo,
1374 4096 1542 4152 etiam
1588 4093 1893 4150 secundum
1942 4094 2111 4164 ipsos,

542 4205 688 4249 unus
710 4189 965 4246 Christus
994 4189 1162 4246 etiam
1193 4197 1319 4260 post
1352 4188 1613 4242 unionem
1660 4184 1887 4250 dicitur,
1916 4190 2115 4239 natura

541 4297 676 4336 vero
713 4288 1037 4350 utrumque;
1072 4278 1351 4350 quomodo
1392 4293 1506 4333 non
1549 4276 1673 4332 duae
1713 4284 1924 4330 natura:
1972 4290 2118 4330 unus

542 4372 797 4429 Christus
844 4382 968 4441 post
1000 4371 1307 4426 unionem?
1336 4368 1621 4438 Siquidem
1661 4381 1943 4435 nunquam
1985 4377 2120 4421 sunt

545 4463 691 4517 idem
734 4470 930 4519 natura
964 4463 1108 4517 Deus
1140 4468 1197 4516 et
1231 4461 1436 4514 homo:
1468 4473 1648 4528 neque
1683 4458 1877 4513 eadem
1920 4467 2117 4513 natura

543 4570 809 4623 unquam,
834 4570 942 4624 qua
972 4553 1195 4623 quidem
1226 4560 1312 4606 est
1339 4550 1640 4624 Deus,.hac
1667 4556 1752 4603 est
1783 4555 1840 4602 et
1876 4548 2061 4602 homo.

2200 743 2284 781 σιν
2309 743 2323 757 ·
2346 721 2455 780 οἷον
2492 729 2558 799 τῇ
2597 728 2831 799 λεγούσῃ
2858 728 3167 797 καταφάσει
3218 727 3430 790 Παῦλος
3456 727 3771 794 ἀπόστολος,

2198 820 2231 887 ἡ
2263 818 2495 887 λέγουσα
2521 820 2801 889 ἀπόφασις
2849 820 3063 883 Παῦλος
3091 819 3392 882 ἀπόστολος
3442 821 3544 874 οὐκ
3589 822 3736 875 ἔστιν
3759 840 3772 853 ·

2197 907 2371 972 οὕτως
2401 908 2458 960 δὲ
2482 910 2579 962 καὶ
2599 911 2720 973 ταῖς
2755 910 2850 963 δύο
2891 911 3120 979 φύσεσιν
3160 911 3194 981 ἡ
3241 911 3338 981 μία
3365 910 3527 979 φύσις
3542 912 3777 966 ἀντίκει-

2198 1012 2308 1049 ται.
2339 996 2401 1049 Εἰ
2430 997 2539 1068 γὰρ
2566 997 2665 1068 μία
2695 999 2859 1067 φύσις
2912 999 3058 1052 ἐστὶν
3085 1000 3114 1052 0
3142 1000 3397 1070 Χριστὸς,
3427 1002 3488 1054 οὐ
3521 1001 3647 1055 δύο·
3683 1004 3778 1057 καὶ

2200 1090 2249 1141 εί
2271 1089 2385 1157 δύο,
2414 1090 2475 1144 οὐ
2503 1090 2631 1160 μία·
2676 1091 2805 1145 εἰδὲ
2834 1092 2964 1162 μίαν
2991 1090 3266 1160 λέγοντες,
3300 1092 3432 1146 ἄλλο
3462 1110 3516 1146 τι
3540 1110 3778 1161 προστι-

2201 1180 2409 1246 θέασιν,
2439 1181 2624 1236 οὐκέτι
2656 1183 2840 1249 αὐτοῖς
2859 1182 3230 1252 ἀντιφατικῶς
3244 1183 3487 1252 λέγεται,
3518 1185 3633 1238 ἀλλ’
3656 1187 3779 1238 ἑτε-

2206 1271 2364 1343 ροίως
2415 1273 2556 1327 κατὰ
2586 1272 2950 1344 περίφρασιν·
3007 1273 3103 1326 καὶ
3137 1274 3474 1342 συνέστηκεν
3512 1275 3696 1338 αὐτοῖς
3720 1275 3782 1340 ἐξ

2202 1363 2463 1432 ὀνόματος
2498 1364 2591 1417 καὶ
2621 1363 2750 1432 ὅρου
2802 1364 2836 1434 ἡ
2889 1363 2999 1416 τῶν
3023 1363 3117 1415 δύο
3144 1363 3360 1430 φύσεων
3386 1364 3647 1434 ὁμολογία
3667 1381 3682 1395 ·
3714 1366 3785 1418 ἐκ

2208 1455 2306 1524 μὲν
2331 1455 2596 1525 ὀνόματος
2615 1457 2715 1525 τῆς
2745 1453 2960 1525 φύσεως
2988 1453 3083 1506 τοῦ
3105 1454 3314 1521 Λόγου·
3346 1455 3410 1507 ὲκ
3440 1454 3497 1507 δὲ
3526 1456 3654 1523 ὅρου
3680 1455 3783 1524 τῆς

2204 1545 2565 1617 ἐψυχωμένης
2595 1546 2797 1616 σαρκὸς
2841 1544 2987 1616 ψυχῇ
3041 1547 3233 1616 λογικῇ
3267 1546 3363 1599 καὶ
3414 1548 3579 1617 νοερᾷ
3603 1562 3618 1576 ·
3654 1547 3784 1616 ὅρος

2205 1637 2315 1707 γὰρ
2336 1636 2689 1707 ἀνθρωπίνης
2716 1636 2932 1705 φύσεως
2955 1630 3110 1699 οὗτος
3126 1653 3139 1666 ·
3177 1636 3295 1699 πῶς
3319 1636 3500 1689 τοίνυν
3525 1637 3616 1689 τὸν
3655 1638 3787 1707 ὅρον

2204 1730 2304 1799 τῆς
2333 1728 2546 1797 φύσεως
2594 1728 2861 1797 λέγοντες,
2890 1725 2990 1797 τὴν
3013 1726 3205 1797 κλῆσιν
3250 1726 3421 1795 αὐτῆς
3450 1726 3786 1796 παραιτοῦν-

2206 1840 2326 1889 ται;
2380 1822 2688 1891 λεγέτωσαν
2715 1822 2763 1874 οἱ
2797 1820 2933 1891 μηδὲ
2966 1819 3037 1873 τὰ
3064 1820 3416 1891 συμφέροντα
3443 1820 3659 1883 ἑαυτοῖς
3685 1819 3788 1873 καὶ

2206 1916 2276 1971 τὰ
2304 1916 2590 1988 μαχόμενα
2625 1915 2859 1987 συνορᾷν
2883 1912 3194 1986 δυνάμενοι.

2278 2180 2381 2234 19.
2421 2181 2486 2235 Ἦ
2511 2179 2659 2250 ἁπλῆ
2685 2179 2847 2250 φύσις
2880 2182 2947 2251 τῇ
2976 2179 3220 2250 συνοέτῳ
3276 2179 3439 2248 φύσει
3471 2178 3787 2249 οὖχόμοού-

2210 2286 2355 2333 σιος·
2401 2271 2450 2324 εἰ
2477 2269 2534 2323 δὲ
2560 2269 2709 2338 ἁπλῆ
2736 2269 2833 2338 μὲν
2871 2269 2905 2341 ἡ
2937 2267 3028 2321 τοῦ
3060 2268 3278 2338 Πατρός
3308 2267 3490 2336 φύσις,
3528 2266 3789 2328 σύνθετος

2206 2360 2264 2415 δὲ
2303 2363 2337 2431 ἠ
2362 2361 2458 2414 τοῦ
2487 2360 2748 2431 Χριστοῦ,
2776 2361 2877 2414 οὐκ
2904 2360 3013 2431 ἄρα
3035 2359 3324 2431 όμοούσιος
3341 2361 3376 2429 ἡ
3401 2358 3498 2413 τοῦ
3540 2357 3788 2428 Χριστοῦ

2208 2452 2370 2521 φύσις
2397 2455 2463 2524 τῇ
2496 2451 2658 2521 φύσει
2678 2452 2775 2505 τοῦ
2802 2452 3019 2522 Πατρός
3037 2466 3053 2482 ·
3093 2451 3231 2505 ἀλλᾶ
3259 2450 3367 2523 μὴν
3398 2453 3686 2522 όμοούσιον
3704 2453 3790 2522 τῷ

2209 2544 2387 2613 Πατρ)⁸
2439 2542 2534 2597 τὸν
2572 2543 2805 2611 Χριστὸν
2858 2542 2953 2596 καὶ
2981 2544 3113 2613 ἡμῖν
3157 2543 3443 2613 όμοούσιον
3480 2543 3575 2596 τὸν
3617 2544 3791 2597 αὐτὸν

2208 2635 2390 2704 λέγειν
2413 2635 2860 2706 προσποιοῦνται.
2881 2637 3207 2703 Λεγέτωσαν
3234 2636 3415 2690 τοίνυν
3437 2637 3486 2688 εἰ
3508 2636 3791 2705 ἐνδέχεται

2207 2724 2307 2793 τὴν
2343 2725 2494 2796 μίαν,
2525 2724 2603 2788 ὥς
2639 2724 2791 2778 αὐτοί
2819 2740 2975 2793 φασι,
3008 2723 3263 2780 σύνθετον
3291 2723 3386 2777 τοῦ
3415 2723 3657 2795 Χριστοῦ
3681 2724 3792 2793 φύ-

2211 2834 2294 2872 σιν
2316 2815 2374 2882 EF.
2399 2815 2520 2870 ὅλου
2542 2815 2621 2886 τῷ
2646 2816 2823 2886 [Ιατρὶ
2842 2815 3151 2884 ὀμοούσιον,
3183 2815 3279 2868 καὶ
3301 2815 3430 2885 ὃλην
3459 2815 3624 2869 πάλιν
3648 2816 3792 2884 ἡμῖν

2208 2907 2514 2979 όμοούσιον,
2545 2909 2642 2961 καὶ
2669 2910 2718 2961 εἰ
2761 2907 2838 2977 μὴ
2881 2908 2963 2970 είς
2987 2906 3086 2976 τὴν
3108 2906 3202 2959 τοῦ
3235 2907 3451 2977 Πατρὸς
3491 2906 3789 2977 όμοουσιόο

2209 3018 2368 3070 τητα,
2391 2999 2547 3054 τοῦτο
2588 3001 2685 3053 καὶ
2721 3000 2871 3070 ἡμᾶς
2901 2997 3187 3069 ἀναφέρει.
3221 2998 3287 3051 EI
3335 2998 3391 3051 δὲ
3441 2998 3652 3067 λέγοιεν
3707 2996 3794 3068 μὴ

2211 3091 2354 3145 κατὰ
2387 3091 2448 3145 τὺ
2494 3091 2614 3145 ὅλον
2658 3091 2759 3160 τὴν
2810 3093 2940 3160 μίαν
2968 3090 3064 3144 τοῦ
3120 3088 3361 3160 Χριστοῦ
3421 3088 3583 3159 φύσιν
3616 3087 3694 3157 τῷ
3722 3106 3794 3141 τε

2211 3185 2390 3255 Πατρὶ
2413 3185 2506 3238 καὶ
2523 3185 2655 3254 ἡμῖν
2679 3183 2987 3253 ὁμοούσιον,
3018 3181 3264 3234 λείπεται
3286 3180 3383 3250 τῆς
3414 3181 3541 3250 μιᾶς
3570 3177 3795 3248 φύσεως

2211 3275 2272 3328 τὸ
2300 3275 2401 3346 μὲν
2423 3274 2595 3346 ἥμισυ
2631 3272 2772 3327 εἶναι
2794 3271 2873 3344 τῷ
2899 3274 3098 3342 Πατρὶ,
3117 3272 3180 3324 τὸ
3207 3270 3265 3325 δὲ
3293 3272 3466 3341 ἣμισυ
3501 3271 3797 3354 ἡμῖνκόμο-

2211 3367 2428 3422 ούσιον·
2468 3368 2566 3421 καὶ
2617 3366 2778 3421 τοῦτο
2805 3366 2858 3419 τί
2912 3365 3100 3436 ἕτερόν
3150 3366 3299 3418 ἐστιν
3348 3363 3381 3435 ἦ
3425 3362 3666 3434 μερίζειν
3718 3362 3798 3432 ἢν

2212 3459 2368 3514 αὐτοὶ
2392 3458 2612 3528 λέγουσι
2647 3458 2776 3529 μίαν
2837 3456 3074 3528 Χριστοῦ
3102 3456 3263 3525 φύσιν
3295 3456 3377 3520 εἷς
3402 3473 3463 3509 τε
3506 3454 3800 3525 ὁμοουσιό-

2210 3567 2369 3621 τητα,
2426 3550 2524 3602 καὶ
2571 3551 2653 3613 είς
2707 3548 3178 3620 ὲτεροουσιότητα,
3236 3547 3333 3600 καὶ
3386 3549 3468 3608 εἰς
3532 3546 3670 3617 πρὸς
3720 3547 3802 3616 τῇ

2219 3641 2384 3714 μοίρᾳ
2402 3639 2480 3712 (4)
2508 3639 2617 3694 τῶν
2658 3639 3121 3711 συμπ).ηρούντων
3153 3640 3337 3703 αὐτοῖς
3366 3637 3465 3708 τὴν
3528 3638 3659 3707 μίαν
3692 3636 3804 3689 τοῦ

2215 3732 2456 3804 Χριστοῦ
2496 3731 2658 3801 φύσιν
2688 3732 2787 3802 τὴν
2831 3730 3119 3784 σύνθετον·
3170 3731 3268 3801 τῆς
3311 3729 3368 3783 δὲ
3410 3728 3804 3798 Ἀπολιναρίου

2214 3823 2468 3886 ἀσεϐείας
2497 3825 2593 3878 καὶ
2614 3824 2714 3892 τῆς
2763 3822 2975 3894 Ἀρείου
3036 3821 3318 3891 ἀρνεῖσθαι
3363 3821 3426 3873 τὸ
3454 3820 3663 3874 τέλειον
3690 3819 3805 3890 τῆς

2217 3914 2468 3986 θεότητος
2497 3914 2590 3969 τοῦ
2624 3914 2858 3986 Χριστοῦ
2890 3914 2984 3968 καὶ
3018 3914 3115 3981 τῆς
3148 3915 3267 3966 κατ’
3298 3912 3460 3966 αὐτὸν
3504 3910 3804 3981 ἀνθρωπό-

2217 4023 2400 4078 τητος.
2695 4014 2703 4021 ’

2290 4099 2373 4154 Κ’.
2397 4099 2460 4152 Εἰ
2481 4098 2612 4162 Θεὸς
2640 4098 2734 4152 καὶ
2762 4096 3067 4168 ἄνθρωπος,
3096 4097 3189 4149 καὶ
3221 4095 3574 4159 κατάὑτοὺς,
3597 4097 3625 4148 0
3652 4096 3802 4165 Χρι-

2222 4191 2344 4256 στὸς
2375 4191 2468 4244 καὶ
2502 4191 2642 4261 μετὰ
2679 4188 2778 4260 τὴν
2806 4189 3001 4242 ἕνωσιν
3041 4187 3294 4254 λέγεται,
3328 4186 3488 4254 φύσει
3527 4185 3584 4239 δὲ
3613 4186 3806 4254 ἀμφόο

2220 4300 2374 4355 τερα,
2411 4282 2527 4345 πῶς
2567 4283 2630 4334 οὑ
2674 4280 2766 4334 δύο
2809 4280 3001 4349 φύσεις
3029 4281 3057 4332 0
3097 4276 3353 4346 Χριστὸς,
3391 4277 3484 4329 καὶ
3517 4275 3652 4345 μετὰ
3696 4277 3806 4346 τὴν

2221 4377 2436 4441 ἕνωσιν,
2467 4376 2624 4444 εἴπερ
2657 4374 2792 4443 μηδὲ
2818 4371 3010 4425 ταύτὸν
3028 4372 3094 4438 τῇ
3127 4369 3288 4437 φύσει
3313 4367 3442 4433 Θεὸς
3473 4371 3565 4420 καὶ
3587 4366 3809 4437 ἄνθρω.

2222 4482 2346 4529 πος,
2380 4465 2516 4535 μηδὲ
2544 4466 2609 4535 τῇ
2636 4465 2770 4534 αὐτῇ
2808 4463 2964 4531 φύσει
2995 4455 3140 4535 ᾖπέρ
3165 4462 3280 4517 ἐστι
3304 4459 3457 4524 Θεὸς,
3480 4457 3653 4530 ταύτῃ
3677 4457 3808 4511 ἐστὶ

2224 4556 2318 4607 καὶ
2350 4553 2447 4607 ἄνθ
2457 4571 2635 4624 ρωπος
2662 4570 2676 4618 ;

613 4646 756 4700 XXI.
807 4645 864 4700 Si
904 4644 999 4715 qui
1047 4644 1241 4699 dicunt
1282 4641 1630 4705 homousion,
1679 4651 1737 4696 et
1782 4639 2110 4695 homousion

2293 4645 2424 4700 KA'.
2462 4644 2551 4698 Εἰ.
2582 4641 2888 4712 όμοούσιον,
2935 4641 3028 4692 καὶ
3077 4639 3361 4709 ὁμοούσιον
3418 4639 3509 4691 τὸν
3563 4639 3810 4707 Χριστὸν

543 4735 824 4793 Christum
864 4742 990 4807 post
1038 4736 1321 4801 unionem,
1358 4734 1427 4788 ad
1474 4731 1647 4798 aliud,
1679 4740 1737 4787 et
1782 4732 1931 4787 aliud
1968 4731 2115 4787 refe-

545 4836 731 4882 rentes
745 4825 957 4890 dicunt,
988 4825 1047 4879 id
1077 4833 1181 4888 est,
1208 4824 1275 4879 ad
1299 4824 1540 4887 Patrem,
1570 4830 1627 4877 et
1644 4821 1713 4877 ad
1739 4837 1840 4878 nos
1865 4838 1879 4888 ;
1913 4837 2120 4891 nequa-

544 4932 709 4988 quam
744 4931 874 4973 vero
912 4919 1093 4983 Pater,
1129 4925 1186 4972 et
1232 4931 1335 4971 uos
1368 4914 1644 4970 homousii
1690 4928 1911 4980 sumus;
1950 4913 2120 4984 igitur

546 5025 726 5080 neque
775 5010 922 5079 quod
976 5017 1060 5065 est
1106 5008 1265 5065 nobis
1307 5006 1669 5072 homousion,
1717 5006 1828 5061 erit
1875 5020 2121 5075 unquam

545 5098 875 5153 homousion
921 5096 1211 5151 homousio
1260 5096 1454 5151 Patris.
1506 5094 1563 5150 Si
1614 5103 1798 5151 autem
1836 5095 2127 5177 homousia

547 5206 713 5246 unius
741 5197 953 5245 natura:
980 5198 1110 5242 sunt
1137 5200 1193 5244 et
1219 5187 1500 5249 dicuntur,
1537 5203 1648 5242 non
1686 5197 1772 5242 est
1797 5195 1981 5242 autem
2021 5187 2123 5241 lio-

547 5283 794 5340 mousios
809 5283 972 5338 etiam
996 5281 1300 5343 secundum
1325 5278 1743 5350 ipsosdivinitas
1759 5277 2121 5343 humanitati;

547 5389 670 5444 quae
701 5389 833 5428 vero
864 5380 996 5428 sunt
1028 5371 1260 5425 diversa:
1290 5369 1630 5433 substantiae,
1674 5368 1984 5423 dill‘erentis
2024 5382 2123 5421 na-

548 5475 687 5519 turae
718 5475 870 5527 sunt,
900 5478 1025 5533 quas
1049 5461 1302 5516 suntalia
1321 5460 1627 5515 secundum
1658 5467 1934 5524 naturam,
1960 5467 2127 5514 eruut

550 5555 717 5610 etiam
745 5566 954 5611 nalurae
973 5554 1185 5610 scilicet
1208 5552 1459 5608 diversae.

621 5644 791 5699 XXII.
826 5646 1196 5715 Proprietates
1216 5660 1327 5699 non
1358 5659 1491 5705 suze,
1525 5643 1620 5698 sed
1653 5642 1967 5712 aliquorum
1998 5652 2127 5697 sunt

554 5735 956 5809 proprietates;
993 5736 1041 5793 si
1091 5752 1224 5791 vero
1272 5745 1403 5791 sunt
1440 5734 1561 5791 duae
1600 5734 1766 5790 etiam
1819 5733 2125 5791 secundum

2230 4735 2368 4805 μετὰ
2397 4737 2497 4805 τὴν
2529 4735 2743 4798 ἕνωσιν,
2795 4733 3032 4800 λέγουσι,
3083 4732 3221 4801 πρὸς
3264 4729 3391 4783 ἄλλο
3424 4729 3518 4785 καὶ
3559 4729 3686 4789 ἄλλο
3712 4727 3810 4781 λέ-

2228 4844 2415 4895 γοντες
2449 4826 2605 4879 τοῦτο
2635 4820 2796 4889 εἶναι,
2829 4823 2962 4890 πρὸς
2989 4822 3080 4875 τὸν
3107 4821 3325 4890 Πατέρα
3345 4821 3437 4874 καὶ
3466 4820 3603 4891 πρὸς
3622 4820 3806 4888 ἡμᾶς,

2229 4918 2488 4971 οὐδέποτε
2520 4916 2577 4969 δὲ
2617 4918 2645 4969 0
2684 4916 2875 4986 Πατὴρ
2912 4914 3008 4967 καὶ
3045 4915 3207 4982 ἡμεῖς
3242 4910 3540 4981 ὁμοούσιοι,
3579 4910 3701 4965 οὐδὲ
3738 4910 3807 4963 τὸ

2232 5012 2361 5078 ἡμῖν
2383 5010 2489 5080 ἄρα
2514 5008 2820 5077 όμοούσιον,
2853 5005 3135 5075 όμοούσιον
3166 5004 3322 5059 ἔσται
3346 5002 3425 5071 τῷ
3454 5000 3548 5054 τοῦ
3589 5000 3810 5071 Πατρὺς

2227 5102 2521 5172 ὀμοουσίῳ.
2550 5102 2613 5154 Εἰ
2641 5100 2699 5153 δὲ
2730 5101 2799 5152 τὰ
2831 5096 3095 5168 όμοούσια
3141 5095 3269 5165 μιᾶς
3312 5092 3408 5147 καὶ
3445 5091 3665 5159 λέγεται
3699 5089 3811 5158 φύ-

2232 5210 2388 5258 σεως,
2417 5194 2516 5261 οὐχ
2550 5190 2837 5260 ὁμοούσιος
2877 5188 2934 5242 δὲ
2968 5188 3061 5240 καὶ
3091 5183 3214 5239 κατ’
3243 5184 3439 5246 αὐτοὺς
3469 5183 3503 5254 ἠ
3535 5181 3630 5236 τοῦ
3665 5180 3816 5250 Χρι-

2232 5283 2360 5335 στοῦ
2388 5282 2583 5348 θεότης
2611 5282 2676 5350 τῇ
2712 5277 2832 5331 κατ’
2860 5276 3055 5339 αὐτοὺς
3082 5274 3485 5346 ἀνθρωπότητι·
3514 5269 3582 5324 τὰ
3610 5269 3657 5323 δ’
3689 5271 3817 5323 ἑτε-

2237 5373 2456 5444 ροούσια
2500 5373 2593 5425 καὶ
2622 5369 2878 5439 διαφόρου
2908 5368 3027 5420 ἐστὶ
3059 5366 3298 5435 φύσεως,
3320 5366 3416 5421 καὶ
3435 5363 3506 5419 τὰ
3543 5362 3612 5433 τῇ
3645 5356 3817 5431 φύσει

2233 5465 2394 5535 ἕτερα
2415 5502 2429 5527 ,
2465 5463 2559 5517 καὶ
2594 5460 2785 5530 φύσεις
2815 5459 2998 5529 ἕτεραι
3030 5456 3289 5528 δηλονότι.

2305 5636 2433 5695 KB’.
2486 5641 2551 5693 At
2584 5639 2841 5708 ἰδιότητες
2881 5638 2981 5708 οὐχ
3014 5635 3256 5702 ἑαυτῶν,
3281 5635 3419 5691 ὰ).λά
3466 5632 3627 5689 τίνων
3669 5633 3827 5687 εἰσιν

2237 5734 2521 5806 ἰδιότητες·
2554 5735 2603 5787 εί
2632 5732 2690 5785 δὲ
2711 5730 2806 5785 δύο
2828 5733 2921 5785 καὶ
2949 5731 3070 5785 κατ’
3093 5731 3290 5793 αὐτοὺς
3321 5726 3461 5801 μετὰ
3488 5727 3587 5799 τὴν
3610 5727 3823 5780 ἕνωσιν

626 5918 705 5991 (4)
740 5917 797 5977 In
820 5918 1065 5992 margine
1110 5916 1364 5989 τημορία.
1390 5915 1571 5972 Malim
1605 5930 1708 5986 ego
1731 5916 1809 5980 εἰς
1840 5914 1909 5989 τᾲ
1940 5914 2103 5988 μόρια

2218 5912 2251 5970 tl
2289 5911 2476 5984 potius
2548 5912 2628 5976 είς
2652 5909 2751 5983 τὴν
2781 5909 2994 5981 μοῖραν.
