4098 6256
245 304 253 311 ’
293 354 429 421 1909

1316 349 1585 409 CAPITA
1620 348 1783 407 XXX
1819 347 2116 409 CONTRA
2157 350 2538 413 SEVERUM.

3415 344 3554 408 1910

287 465 344 517 αί
390 462 693 529 ἰδιότητες,
742 456 899 510 τίνων
950 455 1044 510 δύο
1106 454 1319 518 πάντως
1365 458 1503 508 εἰσὶν
1563 455 1859 525 ίδιότητες;

1995 470 2117 524 psos
2162 458 2531 526 proprietates
2579 468 2703 526 post
2738 456 3025 523 unionem,
3061 456 3172 510 duo
3230 456 3397 527 igitur
3427 464 3557 509 sunt

286 555 430 610 ἀλλὰ
478 553 587 623 μὴν
631 551 722 604 δύο
772 549 1036 621 ίδιότητας
1076 541 1349 617 λέγοντες,
1392 547 1631 616 φυσικὰς
1665 547 1869 609 ταύτας

290 646 577 713 λέγουσιν’
609 644 909 711 λεγέτωσαν
944 641 1133 695 τοίνυν
1165 644 1212 694 εἰ
1270 642 1344 711 μὴ
1385 642 1442 693 at
1495 639 1592 692 δύο
1639 639 1869 706 φυσικαὶ

293 736 586 804 ἰδιότητες.
614 733 674 785 Ei
706 730 879 794 δὲτὰς
908 731 999 783 δύο
1030 731 1268 798 φυσικὰς
1301 728 1570 799 ἰδιότητας
1602 729 1698 780 καὶ
1735 727 1871 798 μετὰ

293 826 397 895 τὴν
428 825 625 877 ἕνωσιν
652 824 931 892 λέγουσιν,
966 821 1052 874 ἀεὶ
1091 823 1200 892 ἄρα
1256 822 1313 873 at
1359 820 1455 873 δύο
1503 818 1717 888 φύσεις,
1751 819 1872 871 ἐπεὶ

297 918 396 971 καὶ
416 916 508 970 δύο
539 916 744 970 τούτων
770 915 998 985 φυσικαὶ
1026 914 1307 984 ἰδιότητες.

373 1092 495 1145 Kl".
535 1091 599 1145 Ἢ
627 1091 867 1163 διαφορὰ
893 1091 1265 1162 διαφερόντων
1295 1090 1415 1143 ἐστὶ
1449 1089 1704 1158 διαφορά·
1738 1089 1792 1141 αί
1824 1088 1878 1141 δὲ

303 1184 627 1234 συστατικαὶ
664 1180 927 1251 διαφοραὶ⁴
967 1180 1037 1233 τὰ
1083 1177 1363 1242 οὐσιωδῶς
1411 1174 1741 1247 διαφέροντα
1769 1176 1879 1231 δια-

300 1272 597 1340 κρίνουσιν.
618 1274 950 1342 Δεγέτωσαν
971 1272 1151 1325 τοίνυν
1171 1273 1217 1325 εί
1246 1271 1320 1342 μὴ
1346 1270 1610 1340 διαφορὰν
1628 1269 1880 1338 Θεότητος

300 1364 395 1417 καὶ
439 1363 863 1436 ἀνθρωπότητος
911 1364 1196 1433 λέγοντες,
1230 1363 1469 1433 φυσικὴν
1514 1362 1721 1415 τούτων
1764 1361 1881 1414 δια-

301 1455 475 1524 φορὰν
523 1459 618 1510 καὶ
647 1457 789 1525 μετὰ
820 1457 922 1528 τὴν
954 1457 1148 1511 ἕνωσιν
1177 1457 1445 1525 λέγουσιν·
1477 1456 1526 1508 εξ
1554 1455 1614 1508 δὲ
1644 1454 1880 1525 φυσικὴν

301 1546 520 1616 λέγουσι
549 1547 828 1620 διαφορὰν,
859 1548 1075 1618 φύσεων
1100 1551 1317 1612 πάντως
1345 1549 1564 1616 λέγουσι
1593 1545 1877 1615 διαφοράν.

303 1639 367 1693 Et
403 1639 463 1691 δὲ
495 1638 675 1704 τοῦτο,
725 1640 946 1708 φύσεων
990 1640 1097 1710 ἄρα
1145 1640 1409 1711 διαφορὰν
1460 1640 1557 1693 καί⁵
1608 1639 1746 1709 μετὰ
1782 1637 1881 1709 τὴν

296 1730 498 1784 ἕνωσιν
521 1731 788 1799 λέγουσιν·
817 1731 978 1802 εἴπερ
1011 1733 1066 1784 at
1091 1730 1186 1785 δύο
1230 1731 1422 1801 φύσεις
1443 1732 1646 1801 φυσικῇ
1693 1730 1881 1799 διαφο-

302 1823 376 1893 ρᾷ
400 1821 620 1884 πάντως
650 1822 745 1875 δύο
770 1822 963 1889 φύσεις
995 1822 1151 1877 εἰσίν.

378 1994 509 2048 KA'.
542 1996 608 2047 Εἰ
647 1996 793 2050 κατὰ
837 1998 929 2050 τὸν
971 1998 1144 2068 ἀληθῆ
1192 1998 1347 2067 λόγον
1389 2000 1487 2053 καὶ
1535 2000 1662 2062 τοὺς
1698 1997 1887 2065 ἁγίους

312 2086 569 2155 [lentz-ipa;
625 2085 826 2155 ταύτην
883 2085 992 2155 ἔχει
1048 2090 1146 2157 τὴν
1191 2089 1453 2160 διαφορὰν
1498 2082 1723 2159 ἡόύσία
1751 2089 1890 2159 πρὸς

316 2177 415 2247 τὴν
442 2176 762 2239 ὑπόστασιν,
797 2178 865 2247 ἣν
894 2176 1006 2246 ἔχει
1033 2179 1093 2231 τὸ
1134 2179 1315 2232 κοινὸν
1367 2181 1503 2250 πρὸς
1557 2182 1618 2233 τὸ
1661 2181 1816 2244 ἴδιον,
1857 2181 1891 2250 ἡ

318 2268 420 2336 μία
454 2265 616 2334 φύσις
667 2265 759 2319 τοῦ
797 2268 971 2336 Λόγου
1005 2268 1064 2320 ού
1096 2269 1231 2340 πρὸς
1258 2269 1356 2337 τὴν
1386 2269 1566 2339 σάρκα
1600 2270 1701 2340 μία
1735 2270 1896 2339 φύσις

313 2357 566 2425 λέγεται,
611 2358 743 2411 ἀλλὰ
785 2360 921 2429 πρὸς
972 2362 1060 2413 τὸν
1116 2361 1334 2431 Πατέρα
1363 2378 1375 2392 ·
1417 2361 1552 2431 πρὸς
1585 2361 1748 2414 αὐτὸν
1789 2361 1898 2431 γὰρ

309 2452 426 2520 ἔχει
456 2452 555 2519 τὴν
574 2450 672 2520 τῆς
701 2451 918 2519 φύσεως
938 2453 1192 2522 ἑνότητα.
1224 2455 1287 2507 Εἰ
1315 2454 1373 2507 δὲ
1405 2454 1543 2523 πρὸς
1563 2453 1654 2507 τὸν
1678 2452 1899 2523 Πατέρα

313 2547 411 2615 μία
447 2546 610 2613 φύσις
643 2547 790 2599 ἐστίν
825 2564 884 2599 τε
923 2547 1016 2600 καὶ
1065 2547 1307 2614 λέγεται,
1341 2545 1567 2615 εὔδηλον
1606 2544 1682 2608 ὡς
1703 2544 1765 2598 ού
1799 2544 1898 2614 μία

309 2638 477 2708 φύσις
508 2638 639 2691 ποτὲ
676 2639 814 2709 πρὸς
846 2638 946 2709 τὴν
978 2639 1157 2708 σάρκα
1194 2637 1540 2708 λεχθήσεται·
1573 2638 1621 2688 εί
1649 2635 1708 2688 δὲ
1746 2637 1777 2688 ό
1809 2635 1896 2687 λό-

308 2746 407 2798 γος
432 2731 494 2783 οὐ
530 2731 629 2800 μία
668 2729 833 2799 φύσις
873 2730 1009 2801 πρὸς
1036 2730 1135 2800 τὴν
1177 2731 1357 2797 σάρκα
1402 2728 1642 2799 λέγεται,
1670 2726 1894 2797 εὔδηλον

308 2823 386 2884 ὼς
428 2821 549 2874 οὐδὲ
593 2823 625 2891 ἡ
672 2820 811 2891 σὰρξ
838 2822 976 2891 πρὸς
1004 2821 1167 2874 αὐτόν
1206 2837 1335 2874 ποτε
1369 2820 1468 2890 μία
1500 2820 1662 2889 φύσις
1689 2819 1890 2890 λεχθή-

311 2929 485 2965 σεται.
520 2911 582 2965 Εἰ
629 2912 686 2965 δὲ
721 2912 856 2981 μηδὲ
893 2914 927 2981 ἡ
963 2910 1101 2981 σὰρξ
1135 2911 1271 2981 πρὸς
1319 2912 1413 2964 τὸν
1468 2911 1663 2979 Λόγον,
1697 2910 1836 2981 μηδὲ
1867 2911 1896 2963 ὁ

284 3004 486 3070 ’Λόγος
527 3002 663 3074 πρὸς
700 3004 800 3072 τὴν
844 3004 1024 3072 σάρκα
1064 3003 1163 3073 μία
1191 3002 1353 3071 φύσις
1392 3002 1640 3071 λέγεται,
1690 3002 1894 3069 μεταξὺ

310 3092 372 3147 δὲ
414 3093 547 3163 μιᾶς
577 3094 672 3146 καὶ
702 3091 797 3145 δύο
825 3093 976 3147 οὐδὲν
1005 3093 1068 3146 τὸ
1119 3093 1305 3164 μέσον,
1335 3092 1524 3162 σαφῶς
1555 3092 1639 3145 ὅτι
1670 3092 1703 3163 ἡ
1733 3092 1892 3145 ἀναί-

316 3153 469 3257 paci;
515 3185 616 3255 τῆς
651 3186 781 3255 μιᾶς
803 3185 1018 3254 φύσεως
1051 3153 1149 3256 τὴν
1176 3153 1664 3255 τῶν-δύαφύσεων
1685 3153 1897 3237 συνεισ-
1920 3153 1965 3215 C

312 3278 442 3346 ἁγει
479 3276 793 3347 ὁμολογίαν.

387 3372 520 3424 KE'.
554 3370 617 3423 Et
655 3368 755 3441 τὴν
798 3370 906 3424 ἀπὸ
943 3369 1038 3424 τοῦ
1072 3371 1283 3443 Harpe;
1316 3372 1619 3445 ἰδιότηταή
1652 3372 1893 3427 ὑπόστα-

313 3480 404 3527 σις
436 3463 533 3517 τοῦ
583 3462 759 3531 Λόγου
812 3463 1106 3535 ἀφορίζει,
1144 3463 1318 3537 ταύτῃ
1348 3464 1406 3519 δὲ
1448 3466 1515 3536 τῇ
1563 3465 1893 3536 ἀφοριστικῇ

313 3554 546 3623 ἰδιότητι
574 3556 640 3626 τῇ
674 3554 783 3608 ἀπὸ
810 3555 904 3607 τοῦ
948 3555 1179 3625 Πατρὸς,
1226 3556 1348 3627 ἥτις
1400 3556 1550 3610 ἐστὶν
1576 3555 1893 3620 ὑπόστασις,

307 3644 479 3707 ἄλλος
508 3644 657 3696 ἐστὶν
688 3643 826 3714 πρὸς
856 3643 945 3696 τὸν
993 3644 1206 3715 Πατέρα
1228 3661 1243 3676 ·
1272 3645 1334 3697 ού
1366 3644 1544 3717 ταύτῃ
1579 3644 1636 3699 δὲ
1662 3648 1728 3717 τῇ
1760 3648 1896 3715 ἀφο-

312 3738 539 3808 ριστικῇ
575 3735 796 3805 ἰδιότητι
839 3735 932 3788 καὶ
981 3736 1088 3790 ἀπὸ
1131 3737 1229 3806 τῆς
1288 3737 1492 3807 σαρκὸς
1533 3737 1893 3809 διακρίνεται,

306 3825 438 3887 πῶς
475 3824 509 3893 ἢ
553 3822 663 3895 γὰρ
687 3823 846 3887 ἄλλος
891 3823 1042 3879 ἔσται
1072 3827 1101 3878 ὀ
1129 3826 1301 3894 Λόγος
1338 3826 1447 3880 ἀπὸ
1468 3825 1570 3897 τῆς
1602 3829 1824 3898 σαρκὸς,
1862 3828 1921 3897 ἢ,

300 3916 392 3980 ὡς
426 3915 727 3978 ὑπόστασις
770 3915 866 3968 ἀπ’
902 3915 1074 3983 αὐτῆς
1122 3916 1594 3988 ἁφορισθήσεται;
1636 3918 1700 3971 Et
1753 3918 1811 3971 δὲ
1836 3919 1897 3971 οὐ

301 4005 495 4077 ταύτῃ
544 4008 612 4075 τῇ
649 4004 869 4076 ἰδιότητι
919 4005 1292 4060 διαστέλλεται
1356 4007 1465 4062 ἀπὸ
1517 4007 1621 4077 τῆς
1674 4008 1897 4076 σαρκὸς,

294 4080 485 4169 ’ἑτέρᾳ
503 4095 745 4166 δηλονότι
770 4099 837 4167 τῇ
871 4097 970 4167 τῆς
1005 4097 1222 4165 φύσεως
1252 4097 1475 4166 ἰδιότητι
1504 4099 1540 4167 ἦ
1566 4114 1651 4159 τις
1681 4097 1758 4166 τῷ
1788 4098 1903 4150 Πα-

299 4191 408 4257 τρὶ
443 4189 821 4256 συνάπτουσα,
861 4188 962 4257 τῆς
1014 4188 1219 4260 σαρκὸς
1272 4188 1689 4242 ἁποδιαστέλλει
1718 4188 1903 4242 αὐτόν’

301 4284 382 4334 ἐκ
419 4281 626 4335 τούτων
648 4281 827 4335 τοίνυν
853 4281 1013 4351 δῆλον
1037 4279 1155 4343 πῶς
1182 4279 1277 4333 δύο
1306 4280 1407 4351 μὲν
1437 4282 1631 4351 φύσεις
1669 4279 1905 4352 λέγομεν

300 4376 412 4428 ἐπὶ
442 4372 704 4445 Χριστοῦ,
733 4372 863 4442 μίαν
890 4371 947 4425 δὲ
976 4372 1300 4425 ὑπόστασιψ
1324 4372 1408 4426 ὅτι
1439 4374 1505 4441 τῇ
1556 4374 1896 4445 ἀφοριστικῇ

1975 559 2098 617 post
2155 550 2412 605 unionem
2458 567 2543 613 ea,
2581 566 2819 620 quorum
2868 558 2998 605 sunt
3057 551 3469 620 proprietates:
3505 557 3559 602 at

1973 640 2108 695 duas
2155 643 2517 711 proprietates
2571 642 2665 711 qui
2722 642 2955 706 dicunt,
3005 641 3286 697 naturales
3332 640 3433 693 has
3469 640 3555 692 di—

1974 737 2142 784 cunt:
2174 729 2359 784 dicant
2384 730 2553 800 igitur
2591 745 2659 783 an
2700 730 2823 784 dum
2860 729 3246 800 proprietates.
3282 726 3341 781 Si
3369 734 3555 780 autem

1975 817 2113 873 duas
2167 820 2536 889 proprietates
2567 820 2850 874 naturales
2894 828 3019 889 post
3070 818 3331 872 unionem
3382 815 3557 871 conii-

1977 918 2183 976 tentur,
2219 926 2437 982 semper
2466 911 2636 982 igitur
2677 919 2844 965 erunt
2869 910 2991 965 dua:
3016 918 3251 975 naturae,
3281 908 3556 978 siquidem

1977 1009 2034 1055 et
2063 1001 2186 1057 duae
2211 1003 2411 1058 harum
2446 1003 2730 1057 naturales
2760 1003 3145 1073 proprietates.

2050 1091 2243 1146 XXlll.
2308 1093 2630 1148 Diﬂ‘crentia
2687 1093 3005 1147 necessario
3051 1102 3139 1146 est
3185 1090 3560 1146 differentium

1985 1181 2323 1237 diﬂ‘erentia.
2365 1183 2705 1238 Diﬂerentiaz
2744 1183 2893 1238 enim
2948 1183 3347 1237 constituentes
3370 1183 3564 1236 distiu-

1984 1282 2178 1343 guunt,
2204 1290 2326 1344 quae
2348 1276 2651 1329 secundum
2673 1274 3041 1330 substantiam
3066 1274 3348 1329 diil‘erunt.
3372 1274 3567 1328 Dicant

1983 1379 2117 1434 ergo
2168 1379 2237 1419 an
2274 1365 2522 1420 dicentes
2545 1365 2915 1420 diﬂ‘ercntiam
2949 1364 3255 1420 divinitatis
3283 1378 3339 1419 et
3370 1365 3567 1418 huma-

1982 1456 2195 1521 nitatis,
2243 1471 2353 1511 non
2410 1456 2595 1512 dicant
2650 1459 2959 1513 naturalem
3007 1456 3374 1511 diﬂ‘erentiam
3397 1456 3566 1512 etiam

1982 1556 2108 1617 post
2134 1547 2440 1603 unionem?
2470 1547 2526 1603 Si
2555 1564 2689 1605 vero
2734 1550 3045 1604 naturalem
3086 1548 3280 1602 dicunt
3304 1546 3572 1601 ditl‘eren-

1984 1637 2115 1692 tiam
2143 1679 2157 1702 ,
2208 1646 2532 1693 naturarum
2574 1639 2944 1694 diti‘erentiam
2991 1637 3307 1694 necessario
3350 1636 3566 1691 dicunt-

1982 1730 2039 1785 Si
2078 1744 2212 1786 vero
2265 1730 2390 1795 hoc,
2444 1730 2583 1785 duas
2642 1731 2810 1801 igitur
2869 1738 3099 1785 naturas
3143 1729 3464 1784 ditl‘erentcs
3515 1737 3573 1782 et

1910 1828 1957 1888 Β
1986 1821 2088 1892 ipsi
2132 1831 2256 1892 post
2280 1823 2540 1878 unionem
2589 1823 2800 1878 dicunt.
2854 1822 3142 1893 Siquidem
3185 1821 3309 1876 dum
3355 1828 3570 1875 natura:

1988 1915 2228 1969 naturali
2259 1915 2571 1971 ditl‘erentia
2603 1917 2918 1971 necessario
2952 1915 3076 1971 duae
3108 1922 3319 1968 naturae
3348 1923 3496 1967 sunt.

2056 2005 2246 2062 XXIV.
2278 2005 2335 2062 Si
2376 2008 2678 2062 secundum
2701 2008 2991 2063 veritatem
3015 2017 3072 2062 et
3106 2014 3327 2061 sanctos
3356 2005 3568 2065 Patres,

1990 2099 2134 2155 hanc
2165 2099 2333 2154 habet
2381 2100 2754 2154 differentiam
2804 2099 3113 2155 substantia
3145 2098 3214 2152 ab
3266 2097 3569 2175 hypostasi,

1993 2206 2155 2260 quam
2185 2192 2665 2247 babetcommune
2692 2207 2722 2245 a
2744 2192 2968 2261 preprio
2993 2207 3007 2251 ;
3037 2206 3142 2244 una
3162 2198 3358 2243 natura
3384 2186 3569 2247 Verbi,

1996 2298 2106 2338 non
2156 2284 2363 2339 dicitur
2389 2300 2494 2339 una
2522 2298 2650 2340 cum
2682 2299 2871 2347 carne,
2915 2282 3009 2337 sed
3051 2296 3176 2337 cum
3222 2280 3413 2344 Patre;
3447 2294 3570 2333 eum

1999 2375 2121 2444 ipso
2147 2377 2295 2429 enim
2322 2376 2491 2431 habet
2529 2377 2799 2431 unitatem
2849 2382 3084 2439 natura},
3116 2381 3172 2426 et
3208 2372 3569 2425 identitatcm.

2001 2465 2059 2521 Si
2082 2473 2265 2521 autem
2304 2482 2413 2521 una
2440 2476 2637 2522 natura
2664 2476 2749 2522 est
2780 2476 2837 2522 et
2866 2467 3070 2522 dicitur
3090 2480 3215 2519 cum
3244 2465 3423 2527 Patre,
3456 2476 3574 2513 ma-

1998 2555 2263 2611 nit‘estum
2302 2556 2509 2622 evadit,
2556 2557 2703 2627 quod
2736 2571 3017 2626 nunquam
3068 2564 3262 2609 natura
3297 2568 3403 2606 uua
3449 2566 3575 2604 cum

1999 2661 2165 2702 carne
2205 2647 2434 2702 dicitur.
2482 2647 2539 2703 Si
2587 2657 2771 2703 autem
2805 2647 3049 2703 Verbum
3080 2660 3190 2698 non
3228 2658 3333 2696 una
3379 2628 3583 2695 natura

1998 2751 2124 2790 eum
2179 2751 2350 2791 carne
2391 2736 2619 2802 dicitur,
2657 2737 2832 2806 liquet
2875 2735 3023 2807 quod
3065 2748 3244 2801 neque
3290 2745 3418 2785 caro
3451 2745 3575 2784 cum

1998 2826 2179 2882 Verbo
2206 2842 2315 2881 una
2343 2836 2538 2882 natura
2568 2827 2805 2883 dicetur.
2835 2826 2891 2881 Si
2921 2834 3105 2880 autem
3134 2836 3313 2891 neque
3337 2820 3575 2873 Verbum

1998 2929 2123 2971 cum
2170 2932 2357 2984 carne,
2417 2933 2598 2988 neque
2643 2932 2772 2973 caro
2826 2932 2951 2972 cum
3003 2915 3184 2971 Verbo
3233 2928 3341 2967 una
3381 2921 3574 2967 natura

1999 3007 2239 3075 dicitur;
2265 3009 2408 3064 inter
2432 3024 2596 3065 unam
2638 3017 2925 3075 autem,et
2970 3008 3110 3063 duas
3150 3006 3288 3061 nihil
3333 3005 3575 3091 medium

1999 3108 2084 3154 est
2120 3117 2133 3153 :
2170 3100 2525 3156 manifestum
2570 3110 2657 3157 cst
2688 3100 2838 3171 quod
2901 3099 3119 3170 negatio
3164 3097 3331 3152 unius
3366 3105 3578 3151 natura:

1999 3189 2395 3246 confessionem
2423 3192 2657 3248 duarum
2703 3201 3022 3246 natumrum
3065 3203 3253 3245 secum
3286 3204 3350 3243 ex
3387 3202 3580 3242 ccasc-

1998 3281 2188 3352 quenti
2219 3280 2404 3338 intert.

2069 3371 2232 3429 XXV.
2278 3372 2335 3428 Si
2366 3374 2678 3445 hypostasis
2725 3373 2891 3428 Verbi
2930 3371 3326 3443 proprietatem
3356 3386 3387 3423 a
3420 3369 3581 3422 Patre

1998 3464 2305 3537 distinguit,
2358 3466 2461 3522 hac
2499 3476 2682 3523 autem
2715 3465 3055 3537 proprietate
3103 3481 3146 3519 a,
3178 3463 3336 3516 Patre
3385 3460 3584 3515 distiu—

1998 3567 2218 3630 guente,
2266 3574 2389 3630 qua:
2436 3568 2522 3615 est
2565 3558 2900 3632 hypostasis,
2962 3555 3107 3612 alius
3153 3562 3239 3632 est
3288 3569 3317 3607 a
3380 3554 3581 3617 Patre;

1998 3665 2110 3704 non
2146 3659 2330 3706 autem
2384 3650 2490 3705 hac
2541 3650 2919 3719 distinguente
2972 3624 3310 3716 proprieiate
3352 3660 3381 3699 a
3418 3657 3585 3699 carne

2000 3740 2393 3812 distinguitur;
2430 3741 2711 3811 quomodo
2736 3739 2880 3793 alius
2900 3738 3011 3792 erit
3037 3735 3277 3791 Verbum
3308 3750 3337 3788 a
3381 3748 3582 3789 carne;

2000 3832 2088 3887 vel
2142 3842 2400 3901 tanquam
2453 3829 2768 3902 hypostasis
2806 3827 2877 3881 ab
2914 3827 3049 3896 ipsa
3096 3824 3482 3893 separabitur?
3528 3821 3586 3875 Si

2002 3932 2185 3979 autem
2220 3940 2329 3979 non
2362 3925 2468 3979 hac
2520 3923 2864 3993 proprietate
2912 3934 2943 3972 a
2991 3931 3158 3971 carne
3202 3916 3586 3986 distinguitur,

2005 4012 2111 4065 alia
2158 4013 2372 4067 scilicet
2402 4012 2746 4082 proprietate
2783 4017 2996 4061 naturae
3018 4004 3393 4072 distinguetur
3413 4046 3426 4069 ,
3469 4022 3592 4074 qua-

2008 4116 2134 4155 cum
2171 4102 2331 4157 Patre
2365 4101 2655 4170 copulans,
2687 4113 2718 4152 a
2748 4111 2915 4152 carne
2942 4110 3071 4149 eum
3102 4093 3416 4165 distinguit.
3451 4094 3592 4149 llinc
3640 4150 3641 4153 η

2012 4192 2181 4263 igitur
2211 4190 2493 4262 patefecit,
2526 4188 2807 4261 quomodo
2837 4187 2974 4243 duas
3005 4185 3228 4257 quidem
3267 4197 3493 4243 naturas
3532 4188 3589 4242 in

2009 4284 2228 4341 Christo
2253 4285 2512 4350 dicimus,
2545 4297 2709 4338 unam
2750 4297 2883 4339 vero
2909 4279 3247 4353 hypostasim
3282 4298 3294 4332 :
3328 4282 3588 4350 quoniam

2009 4379 2349 4449 proprietate
2378 4379 2753 4451 distinguente
2774 4393 2804 4432 a
2836 4378 2998 4432 Patre
3022 4373 3216 4429 unitur
3239 4387 3365 4427 cum
3386 4389 3588 4435 carne;

305 4466 548 4535 ἰδιότητι
599 4466 670 4535 τῇ
709 4463 819 4517 ἀπὸ
863 4462 959 4517 τοῦ
1007 4462 1222 4534 Πατρδς
1251 4465 1587 4519 συνάπτεται
1622 4465 1761 4537 πρὸς
1800 4466 1895 4538 τὴν

2006 4470 2149 4526 sicut
2184 4486 2314 4527 sane
2361 4472 2702 4542 proprietate
2743 4466 2985 4524 naturali
3032 4463 3261 4519 uniente
3307 4478 3437 4519 eum
3460 4480 3589 4520 cum

301 4558 523 4627 cipxa'
568 4555 760 4624 ὥσπερ
784 4555 977 4624 ἀμέλει
1006 4558 1071 4625 τῇ
1102 4555 1451 4629 συναπτούσῃ
1481 4557 1644 4611 αὐτὸν
1684 4560 1892 4628 φυσικῇ

302 4652 552 4718 ἰδιότητι
577 4647 659 4719 τῷ
683 4648 878 4717 Πατρὶ,
901 4646 963 4700 τὸ
983 4647 1238 4717 διάφορον
1272 4646 1386 4718 ἔχει
1409 4648 1545 4720 πρὸς
1569 4650 1670 4718 τὴν
1694 4650 1897 4720 σάρκα·

297 4745 415 4797 καὶ
442 4741 636 4811 ὥσπερ
672 4740 807 4810 πρὸς
844 4739 935 4792 τὸν
957 4738 1178 4806 Πατέρα
1211 4739 1309 4808 μία
1343 4739 1508 4808 φύσις
1532 4741 1652 4794 ἐστὶ
1679 4741 1768 4795 διὰ
1799 4742 1898 4812 τὴν

291 4836 418 4903 τῆς
452 4831 677 4902 φύσεως
709 4830 1011 4900 ταυτότητα
1034 4872 1048 4894 ,
1086 4831 1259 4895 οὕτως
1313 4832 1375 4886 ού
1427 4832 1525 4902 μία
1567 4833 1733 4901 φύσις
1766 4835 1905 4904 πρὸς

292 4926 415 4996 τὴν
453 4925 639 4994 σάρκα
671 4921 758 4974 διὰ
782 4921 882 4991 τὴν
906 4922 1113 4991 ταύτης
1152 4924 1247 4977 καὶ
1275 4925 1333 4977 ὲν
1360 4927 1424 4995 τῇ
1459 4925 1596 4996 πρὸς
1625 4926 1719 4981 τὸν
1750 4926 1905 4995 λόγον

288 5016 519 5070 ὲνώσει
551 5014 792 5083 φυσικὴν
828 5009 1097 5085 ἄτρεπτον
1130 5014 1389 5087 ἰδιότητα.

379 5107 547 5176 KG”.
581 5109 647 5161 Et
685 5108 862 5161 πάντα
888 5109 957 5163 τὰ
984 5109 1247 5178 ὁμοούσια
1274 5109 1359 5181 τῷ»
1389 5111 1487 5181 τῆς
1521 5111 1739 5181 φύσεως
1763 5112 1907 5182 λόγῳ

288 5203 692 5261 συνάπτεται,
726 5200 821 5251 καὶ
848 5199 938 5252 διὰ
977 5200 1137 5254 τοῦτο
1188 5201 1445 5269 λέγονται
1484 5203 1582 5273 μία
1624 5204 1808 5273 φύσις,
1840 5206 1907 5257 τὰ

283 5301 354 5354 δὲ
395 5292 747 5365 ἑτεροούσια
777 5290 966 5344 ὲνώσει
1001 5292 1095 5346 καὶ
1123 5294 1186 5345 οὺ
1221 5293 1382 5363 φύσει
1409 5294 1778 5349 συνάπτεσθαι
1809 5297 1907 5348 πέ-

287 5406 524 5463 φυκεν,
562 5386 629 5438 ού
650 5383 847 5437 ταύτὸν
878 5383 934 5435 δὲ
982 5384 1174 5448 ἔνωσις
1200 5387 1293 5438 καὶ
1321 5386 1501 5454 φύσις,
1524 5387 1585 5441 ού
1608 5387 1776 5441 ταύτὸ
1802 5387 1910 5458 ἄρα

283 5488 358 5542 τὸ
405 5486 480 5549 ἐξ
513 5479 736 5550 ἀμφοῖν
765 5476 1126 5547 ἀποτέλεσμαο
1154 5479 1200 5530 εί
1229 5478 1285 5531 δὲ
1310 5478 1346 5532 ἃ
1378 5480 1411 5550 ὴ
1437 5480 1598 5547 φύσις
1623 5479 1910 5541 συνάπτει,

289 5581 410 5651 μία
447 5573 635 5644 φύσις
665 5569 908 5637 λέγεται,
940 5570 1008 5623 τὰ
1035 5573 1101 5640 τῇ
1143 5569 1333 5623 ὲνώσει
1367 5573 1749 5644 συναπτόμενα
1780 5573 1916 5625 ὑπο-

287 5672 516 5725 στάσει
545 5662 681 5736 μὲν,
716 5659 777 5729 ού
813 5661 913 5729 μὴν
938 5661 1095 5730 φύσει
1122 5663 1213 5715 καὶ
1250 5662 1428 5732 οὐσίᾳ,
1460 5664 1516 5719 ἓν
1547 5661 1683 5720 εἶναι
1720 5665 1917 5735 λεχθὴ-

290 5776 501 5818 σεται.

2004 4566 2194 4633 Patre,
2227 4566 2597 4621 differentiam
2628 4579 2843 4620 acarne
2877 4562 3066 4618 habet.
3096 4561 3163 4615 Et
3195 4558 3340 4615 sicut
3361 4573 3446 4616 est
3480 4576 3592 4615 una

2004 4667 2197 4713 natura
2218 4675 2342 4713 cum
2369 4660 2527 4714 Patre
2542 4666 2772 4729 propter
2787 4656 3037 4712 eamdem
3059 4654 3329 4709 unitatem
3353 4662 3588 4713 naturae.

2005 4750 2084 4805 sic
2112 4751 2276 4804 etiam
2311 4766 2423 4805 non
2472 4760 2557 4805 est
2601 4765 2708 4804 una
2743 4757 2939 4804 natura
2987 4762 3111 4802 cum
3146 4760 3315 4800 carne
3360 4756 3588 4815 propter

2003 4842 2310 4896 naturalem
2350 4852 2407 4897 et
2446 4841 2851 4897 immutabilem
2899 4838 3299 4910 proprietatem
3341 4837 3509 4907 hujus
3538 4837 3592 4889 in

2008 4931 2210 4986 unione
2233 4949 2358 4987 cum
2390 4932 2593 4989 Verbo.
3203 4984 3206 4988 Α

2078 5023 2266 5079 XXVI.
2298 5024 2353 5079 Si
2385 5025 2572 5078 omnia
2597 5022 2845 5095 ejusdem
2876 5017 3226 5077 substantim,
3256 5013 3469 5069 ratione
3494 5032 3595 5070 na-

2012 5125 2145 5170 tura:
2173 5116 2326 5171 unita
2368 5124 2519 5180 sunt,
2554 5123 2611 5169 et
2656 5112 2862 5169 idcirco
2910 5111 3176 5164 dicuntur
3209 5119 3316 5155 una
3362 5115 3595 5169 natura;

2008 5222 2130 5276 qua!
2159 5215 2343 5261 autem
2375 5206 2610 5261 diversae
2653 5201 2979 5260 substantias
3025 5202 3178 5254 sunt,
3217 5189 3445 5255 unione,
3488 5214 3600 5251 non

2010 5308 2209 5353 natura
2241 5308 2301 5353 ut
2327 5299 2682 5367 copulentur,
2721 5303 2848 5363 apta
2879 5299 3006 5344 nata
3045 5290 3212 5343 sunt;
3245 5295 3355 5333 non
3385 5297 3472 5341 est
3503 5308 3603 5345 au-

2014 5402 2121 5446 tem
2146 5390 2290 5445 idem
2320 5389 2451 5443 unio
2483 5397 2540 5442 et
2570 5397 2801 5448 natura;
2833 5395 2941 5434 non
2965 5382 3050 5429 est
3070 5367 3427 5437 igituridem,
3457 5382 3607 5450 quod

2012 5498 2077 5537 ex
2108 5481 2357 5551 utrisque
2400 5480 2478 5536 ﬁt.
2515 5479 2570 5533 Si
2609 5484 2793 5531 autem
2825 5482 2948 5536 quae
2993 5468 3190 5551 natura
3224 5465 3477 5535 copulat,
3514 5493 3612 5532 na-

2013 5582 2138 5626 tura
2169 5545 2283 5623 una
2309 5570 2608 5630 dicuntur;
2632 5562 2839 5617 unione
2862 5549 3145 5645 copulati“:
3178 5545 3470 5616 l'S'PPSlasi
3495 5572 3616 5638 qui.

2016 5660 2165 5721 dem.
2199 5657 2294 5711 sed
2328 5672 2440 5711 non
2473 5662 2667 5708 natura
2704 5663 2766 5703 ac
2786 5644 3125 5701 substantia,
3156 5648 3330 5691 unum
3372 5658 3507 5709 esse
3536 5661 3624 5715 di-

2021 5756 2239 5805 centur.
