  <div class='ocr_page' id='page_1' title='image "/cluster/home/n/w/nwhite01/storage/ocr_20150623/86 pt.2/mdp.39015008855424/421.png"; bbox 0 0 4088 6300; ppageno 0'>
   <div class='ocr_carea' id='block_1_1' title="bbox 456 377 599 444">
    <p class='ocr_par' dir='ltr' id='par_1_1' title="bbox 456 377 599 444">
     <span class='ocr_line' id='line_1_1' title="bbox 456 377 599 444; baseline -0.007 -1"><span class='ocrx_word' id='word_1_1' title='bbox 456 377 599 444; x_wconf 76' lang='grc'><strong>2587</strong></span> 
     </span>
    </p>
   </div>
   <div class='ocr_carea' id='block_1_2' title="bbox 1680 375 2524 439">
    <p class='ocr_par' dir='ltr' id='par_1_2' title="bbox 1680 375 2524 439">
     <span class='ocr_line' id='line_1_2' title="bbox 1680 375 2524 439; baseline -0.004 0"><span class='ocrx_word' id='word_1_2' title='bbox 1680 378 1994 439; x_wconf 83' lang='lat' dir='ltr'><strong>EVAGRII</strong></span> <span class='ocrx_word' id='word_1_3' title='bbox 2035 375 2524 437; x_wconf 77' lang='lat' dir='ltr'><strong>SCIIOLASTICI</strong></span> 
     </span>
    </p>
   </div>
   <div class='ocr_carea' id='block_1_3' title="bbox 3591 376 3730 442">
    <p class='ocr_par' dir='ltr' id='par_1_3' title="bbox 3591 376 3730 442">
     <span class='ocr_line' id='line_1_3' title="bbox 3591 376 3730 442; baseline 0.014 -2"><span class='ocrx_word' id='word_1_4' title='bbox 3591 376 3730 442; x_wconf 74' lang='grc'><strong>2588</strong></span> 
     </span>
    </p>
   </div>
   <div class='ocr_carea' id='block_1_4' title="bbox 457 490 2046 563">
    <p class='ocr_par' dir='ltr' id='par_1_4' title="bbox 457 490 2045 562">
     <span class='ocr_line' id='line_1_4' title="bbox 457 490 2045 562; baseline -0.003 -13"><span class='ocrx_word' id='word_1_5' title='bbox 457 491 763 562; x_wconf 76' lang='lat' dir='ltr'><strong>conscripti</strong></span> <span class='ocrx_word' id='word_1_6' title='bbox 795 497 926 546; x_wconf 90' lang='lat' dir='ltr'><strong>sunt</strong></span> <span class='ocrx_word' id='word_1_7' title='bbox 961 505 1224 558; x_wconf 84' lang='lat' dir='ltr'><strong>canones,</strong></span> <span class='ocrx_word' id='word_1_8' title='bbox 1258 498 1313 546; x_wconf 90' lang='lat' dir='ltr'><strong>et</strong></span> <span class='ocrx_word' id='word_1_9' title='bbox 1344 491 1471 546; x_wconf 84' lang='lat' dir='ltr'><strong>urbi</strong></span> <span class='ocrx_word' id='word_1_10' title='bbox 1509 490 2045 548; x_wconf 88' lang='lat' dir='ltr'><strong>Chalcedonensium</strong></span> 
     </span>
    </p>
   </div>
   <div class='ocr_carea' id='block_1_5' title="bbox 2151 490 3726 563">
    <p class='ocr_par' dir='ltr' id='par_1_5' title="bbox 2153 490 3726 563">
     <span class='ocr_line' id='line_1_5' title="bbox 2153 490 3726 563; baseline 0.001 -19"><span class='ocrx_word' id='word_1_11' title='bbox 2153 490 2492 554; x_wconf 86' lang='grc' dir='ltr'>ἐπισκόπους</span> <span class='ocrx_word' id='word_1_12' title='bbox 2523 492 2670 560; x_wconf 76' lang='grc' dir='ltr'>τρεῖς</span> <span class='ocrx_word' id='word_1_13' title='bbox 2704 491 2734 561; x_wconf 83' lang='grc' dir='ltr'>ἢ</span> <span class='ocrx_word' id='word_1_14' title='bbox 2766 491 3034 562; x_wconf 79' lang='grc' dir='ltr'><strong>τέτταρας</strong></span> <span class='ocrx_word' id='word_1_15' title='bbox 3064 491 3299 563; x_wconf 81' lang='grc' dir='ltr'>ἡμέρας,</span> <span class='ocrx_word' id='word_1_16' title='bbox 3349 493 3443 545; x_wconf 77' lang='grc' dir='ltr'>καὶ</span> <span class='ocrx_word' id='word_1_17' title='bbox 3498 491 3726 546; x_wconf 75' lang='grc' dir='ltr'>ἕκαστον</span> 
     </span>
    </p>
   </div>
   <div class='ocr_carea' id='block_1_6' title="bbox 460 582 2044 654">
    <p class='ocr_par' dir='ltr' id='par_1_6' title="bbox 460 582 2044 654">
     <span class='ocr_line' id='line_1_6' title="bbox 460 582 2044 654; baseline -0.001 -15"><span class='ocrx_word' id='word_1_18' title='bbox 460 583 725 640; x_wconf 85' lang='lat' dir='ltr'><strong>attributa</strong></span> <span class='ocrx_word' id='word_1_19' title='bbox 759 591 889 637; x_wconf 86' lang='lat' dir='ltr'><strong>sunt</strong></span> <span class='ocrx_word' id='word_1_20' title='bbox 921 583 1044 653; x_wconf 85' lang='lat' dir='ltr'><strong>jura</strong></span> <span class='ocrx_word' id='word_1_21' title='bbox 1080 584 1507 654; x_wconf 88' lang='lat' dir='ltr'><strong>metropolitica.</strong></span> <span class='ocrx_word' id='word_1_22' title='bbox 1532 583 1706 639; x_wconf 86' lang='lat' dir='ltr'><strong>Jussit</strong></span> <span class='ocrx_word' id='word_1_23' title='bbox 1735 584 1904 639; x_wconf 90' lang='lat' dir='ltr'><strong>etiam</strong></span> <span class='ocrx_word' id='word_1_24' title='bbox 1942 582 2044 637; x_wconf 90' lang='lat' dir='ltr'><strong>im-</strong></span> 
     </span>
    </p>
   </div>
   <div class='ocr_carea' id='block_1_7' title="bbox 462 669 2042 740">
    <p class='ocr_par' dir='ltr' id='par_1_7' title="bbox 462 669 2042 740">
     <span class='ocr_line' id='line_1_7' title="bbox 462 669 2042 740; baseline -0.001 -15"><span class='ocrx_word' id='word_1_25' title='bbox 462 678 685 740; x_wconf 84' lang='lat' dir='ltr'><strong>perator</strong></span> <span class='ocrx_word' id='word_1_26' title='bbox 717 677 777 724; x_wconf 92' lang='lat' dir='ltr'><strong>ut</strong></span> <span class='ocrx_word' id='word_1_27' title='bbox 823 669 990 740; x_wconf 74' lang='lat'><strong>328</strong></span> <span class='ocrx_word' id='word_1_28' title='bbox 1010 671 1256 740; x_wconf 84' lang='lat' dir='ltr'><strong>episcopi</strong></span> <span class='ocrx_word' id='word_1_29' title='bbox 1286 671 1534 725; x_wconf 83' lang='lat' dir='ltr'><strong>triduum</strong></span> <span class='ocrx_word' id='word_1_30' title='bbox 1564 679 1660 725; x_wconf 88' lang='lat' dir='ltr'><strong>aut</strong></span> <span class='ocrx_word' id='word_1_31' title='bbox 1685 669 2042 740; x_wconf 83' lang='lat' dir='ltr'><strong>quatriduum</strong></span> 
     </span>
    </p>
   </div>
   <div class='ocr_carea' id='block_1_8' title="bbox 463 761 2046 834">
    <p class='ocr_par' dir='ltr' id='par_1_8' title="bbox 463 761 2046 834">
     <span class='ocr_line' id='line_1_8' title="bbox 463 761 2046 834; baseline 0.001 -18"><span class='ocrx_word' id='word_1_32' title='bbox 463 761 670 818; x_wconf 88' lang='lat' dir='ltr'><strong>ibidem</strong></span> <span class='ocrx_word' id='word_1_33' title='bbox 706 770 1079 829; x_wconf 84' lang='lat' dir='ltr'><strong>morarentur,</strong></span> <span class='ocrx_word' id='word_1_34' title='bbox 1124 771 1182 818; x_wconf 86' lang='lat' dir='ltr'><strong>et</strong></span> <span class='ocrx_word' id='word_1_35' title='bbox 1216 764 1599 834; x_wconf 84' lang='lat' dir='ltr'><strong>unusquisque</strong></span> <span class='ocrx_word' id='word_1_36' title='bbox 1631 764 1686 818; x_wconf 92' lang='lat' dir='ltr'><strong>id</strong></span> <span class='ocrx_word' id='word_1_37' title='bbox 1708 763 1856 834; x_wconf 91' lang='lat' dir='ltr'><strong>quod</strong></span> <span class='ocrx_word' id='word_1_38' title='bbox 1881 764 2046 820; x_wconf 89' lang='lat' dir='ltr'><strong>vellet</strong></span> 
     </span>
    </p>
   </div>
   <div class='ocr_carea' id='block_1_9' title="bbox 460 855 2042 926">
    <p class='ocr_par' dir='ltr' id='par_1_9' title="bbox 460 855 2042 926">
     <span class='ocr_line' id='line_1_9' title="bbox 460 855 2042 926; baseline -0.001 -17"><span class='ocrx_word' id='word_1_39' title='bbox 460 863 800 925; x_wconf 83' lang='lat' dir='ltr'><strong>prOponeret</strong></span> <span class='ocrx_word' id='word_1_40' title='bbox 859 869 1045 910; x_wconf 87' lang='lat' dir='ltr'><strong>coram</strong></span> <span class='ocrx_word' id='word_1_41' title='bbox 1102 855 1660 924; x_wconf 84' lang='lat' dir='ltr'><strong>magniﬁcentissimis</strong></span> <span class='ocrx_word' id='word_1_42' title='bbox 1715 855 2042 926; x_wconf 89' lang='lat' dir='ltr'><strong>judicibus:</strong></span> 
     </span>
    </p>
   </div>
   <div class='ocr_carea' id='block_1_10' title="bbox 464 946 2044 1018">
    <p class='ocr_par' dir='ltr' id='par_1_10' title="bbox 464 946 2044 1018">
     <span class='ocr_line' id='line_1_10' title="bbox 464 946 2044 1018; baseline 0.001 -18"><span class='ocrx_word' id='word_1_43' title='bbox 464 953 639 1014; x_wconf 88' lang='lat' dir='ltr'><strong>utque</strong></span> <span class='ocrx_word' id='word_1_44' title='bbox 683 953 885 1001; x_wconf 89' lang='lat' dir='ltr'><strong>cuncta</strong></span> <span class='ocrx_word' id='word_1_45' title='bbox 931 948 1270 1015; x_wconf 85' lang='lat' dir='ltr'><strong>competenti</strong></span> <span class='ocrx_word' id='word_1_46' title='bbox 1321 946 1534 1018; x_wconf 89' lang='lat' dir='ltr'><strong>judicio</strong></span> <span class='ocrx_word' id='word_1_47' title='bbox 1586 947 2044 1004; x_wconf 86' lang='lat' dir='ltr'><strong>terminarentur.</strong></span> 
     </span>
    </p>
   </div>
   <div class='ocr_carea' id='block_1_11' title="bbox 467 1038 2049 1109">
    <p class='ocr_par' dir='ltr' id='par_1_11' title="bbox 467 1038 2049 1109">
     <span class='ocr_line' id='line_1_11' title="bbox 467 1038 2049 1109; baseline 0.001 -15"><span class='ocrx_word' id='word_1_48' title='bbox 467 1039 649 1109; x_wconf 87' lang='lat' dir='ltr'><strong>Atque</strong></span> <span class='ocrx_word' id='word_1_49' title='bbox 679 1038 786 1093; x_wconf 90' lang='lat' dir='ltr'><strong>hoc</strong></span> <span class='ocrx_word' id='word_1_50' title='bbox 810 1039 976 1094; x_wconf 90' lang='lat' dir='ltr'><strong>modo</strong></span> <span class='ocrx_word' id='word_1_51' title='bbox 1019 1048 1330 1094; x_wconf 87' lang='lat' dir='ltr'><strong>conventus</strong></span> <span class='ocrx_word' id='word_1_52' title='bbox 1363 1040 1466 1095; x_wconf 88' lang='lat' dir='ltr'><strong>iste</strong></span> <span class='ocrx_word' id='word_1_53' title='bbox 1509 1039 1696 1095; x_wconf 90' lang='lat' dir='ltr'><strong>ﬁnitus</strong></span> <span class='ocrx_word' id='word_1_54' title='bbox 1741 1049 1845 1095; x_wconf 90' lang='lat' dir='ltr'><strong>est.</strong></span> <span class='ocrx_word' id='word_1_55' title='bbox 1891 1039 2049 1096; x_wconf 86' lang='lat' dir='ltr'><strong>Alius</strong></span> 
     </span>
    </p>
   </div>
   <div class='ocr_carea' id='block_1_12' title="bbox 465 1128 2049 1198">
    <p class='ocr_par' dir='ltr' id='par_1_12' title="bbox 465 1128 2049 1198">
     <span class='ocr_line' id='line_1_12' title="bbox 465 1128 2049 1198; baseline 0 -14"><span class='ocrx_word' id='word_1_56' title='bbox 465 1137 655 1198; x_wconf 85' lang='lat' dir='ltr'><strong>postea</strong></span> <span class='ocrx_word' id='word_1_57' title='bbox 685 1143 980 1183; x_wconf 88' lang='lat' dir='ltr'><strong>consessus</strong></span> <span class='ocrx_word' id='word_1_58' title='bbox 1003 1128 1228 1184; x_wconf 89' lang='lat' dir='ltr'><strong>habitus</strong></span> <span class='ocrx_word' id='word_1_59' title='bbox 1255 1137 1363 1196; x_wconf 88' lang='lat' dir='ltr'><strong>est,</strong></span> <span class='ocrx_word' id='word_1_60' title='bbox 1405 1130 1462 1184; x_wconf 92' lang='lat' dir='ltr'><strong>in</strong></span> <span class='ocrx_word' id='word_1_61' title='bbox 1503 1144 1617 1198; x_wconf 90' lang='lat' dir='ltr'><strong>quo</strong></span> <span class='ocrx_word' id='word_1_62' title='bbox 1661 1129 1755 1184; x_wconf 84' lang='lat' dir='ltr'><strong>alii</strong></span> <span class='ocrx_word' id='word_1_63' title='bbox 1805 1143 2049 1184; x_wconf 87' lang='lat' dir='ltr'><strong>canones</strong></span> 
     </span>
    </p>
   </div>
   <div class='ocr_carea' id='block_1_13' title="bbox 464 1217 2046 1283">
    <p class='ocr_par' dir='ltr' id='par_1_13' title="bbox 464 1217 2046 1283">
     <span class='ocr_line' id='line_1_13' title="bbox 464 1217 2046 1283; baseline -0.001 -10"><span class='ocrx_word' id='word_1_64' title='bbox 464 1226 594 1273; x_wconf 89' lang='lat' dir='ltr'><strong>sunt</strong></span> <span class='ocrx_word' id='word_1_65' title='bbox 628 1217 937 1273; x_wconf 89' lang='lat' dir='ltr'><strong>constituti.</strong></span> <span class='ocrx_word' id='word_1_66' title='bbox 975 1219 1188 1274; x_wconf 83' lang='lat' dir='ltr'><strong>Rursus</strong></span> <span class='ocrx_word' id='word_1_67' title='bbox 1232 1234 1364 1273; x_wconf 90' lang='lat' dir='ltr'><strong>vero</strong></span> <span class='ocrx_word' id='word_1_68' title='bbox 1405 1218 1461 1272; x_wconf 88' lang='lat' dir='ltr'><strong>in</strong></span> <span class='ocrx_word' id='word_1_69' title='bbox 1493 1219 1602 1272; x_wconf 86' lang='lat' dir='ltr'><strong>alio</strong></span> <span class='ocrx_word' id='word_1_70' title='bbox 1629 1232 1914 1283; x_wconf 87' lang='lat' dir='ltr'><strong>consessu,</strong></span> <span class='ocrx_word' id='word_1_71' title='bbox 1949 1217 2046 1272; x_wconf 88' lang='lat' dir='ltr'><strong>Ju-</strong></span> 
     </span>
    </p>
   </div>
   <div class='ocr_carea' id='block_1_14' title="bbox 463 1307 2046 1379">
    <p class='ocr_par' dir='ltr' id='par_1_14' title="bbox 463 1307 2046 1379">
     <span class='ocr_line' id='line_1_14' title="bbox 463 1307 2046 1379; baseline 0.003 -19"><span class='ocrx_word' id='word_1_72' title='bbox 463 1307 674 1361; x_wconf 88' lang='lat' dir='ltr'><strong>venalis</strong></span> <span class='ocrx_word' id='word_1_73' title='bbox 697 1317 754 1362; x_wconf 93' lang='lat' dir='ltr'><strong>et</strong></span> <span class='ocrx_word' id='word_1_74' title='bbox 779 1307 1045 1364; x_wconf 80' lang='lat' dir='ltr'><strong>Maximus</strong></span> <span class='ocrx_word' id='word_1_75' title='bbox 1082 1309 1507 1364; x_wconf 88' lang='lat' dir='ltr'><strong>conventionem</strong></span> <span class='ocrx_word' id='word_1_76' title='bbox 1551 1309 1770 1365; x_wconf 84' lang='lat' dir='ltr'><strong>fecere:</strong></span> <span class='ocrx_word' id='word_1_77' title='bbox 1812 1309 2046 1379; x_wconf 91' lang='lat' dir='ltr'><strong>placuit-</strong></span> 
     </span>
    </p>
   </div>
   <div class='ocr_carea' id='block_1_15' title="bbox 463 1400 2045 1470">
    <p class='ocr_par' dir='ltr' id='par_1_15' title="bbox 463 1400 2045 1470">
     <span class='ocr_line' id='line_1_15' title="bbox 463 1400 2045 1470; baseline 0.003 -16"><span class='ocrx_word' id='word_1_78' title='bbox 463 1414 573 1468; x_wconf 90' lang='lat' dir='ltr'><strong>que</strong></span> <span class='ocrx_word' id='word_1_79' title='bbox 635 1407 695 1452; x_wconf 88' lang='lat' dir='ltr'><strong>ut</strong></span> <span class='ocrx_word' id='word_1_80' title='bbox 750 1400 1046 1470; x_wconf 87' lang='lat' dir='ltr'><strong>episcopus</strong></span> <span class='ocrx_word' id='word_1_81' title='bbox 1100 1402 1406 1458; x_wconf 66' lang='lat' dir='ltr'><strong>Antiochiae</strong></span> <span class='ocrx_word' id='word_1_82' title='bbox 1456 1403 1593 1458; x_wconf 91' lang='lat' dir='ltr'><strong>duas</strong></span> <span class='ocrx_word' id='word_1_83' title='bbox 1651 1403 1942 1459; x_wconf 83' lang='lat' dir='ltr'><strong>Phoenices</strong></span> <span class='ocrx_word' id='word_1_84' title='bbox 1989 1415 2045 1460; x_wconf 88' lang='lat' dir='ltr'><strong>et</strong></span> 
     </span>
    </p>
   </div>
   <div class='ocr_carea' id='block_1_16' title="bbox 463 1490 2044 1565">
    <p class='ocr_par' dir='ltr' id='par_1_16' title="bbox 463 1490 2044 1565">
     <span class='ocr_line' id='line_1_16' title="bbox 463 1490 2044 1565; baseline 0.004 -20"><span class='ocrx_word' id='word_1_85' title='bbox 463 1490 765 1546; x_wconf 85' lang='lat' dir='ltr'><strong>Arabiam:</strong></span> <span class='ocrx_word' id='word_1_86' title='bbox 817 1492 1349 1565; x_wconf 77' lang='lat' dir='ltr'><strong>Hierosolymitanus</strong></span> <span class='ocrx_word' id='word_1_87' title='bbox 1397 1510 1530 1550; x_wconf 86' lang='lat' dir='ltr'><strong>vero</strong></span> <span class='ocrx_word' id='word_1_88' title='bbox 1572 1504 1683 1550; x_wconf 90' lang='lat' dir='ltr'><strong>tres</strong></span> <span class='ocrx_word' id='word_1_89' title='bbox 1729 1496 2044 1552; x_wconf 65' lang='lat' dir='ltr'><strong>Palmstinas</strong></span> 
     </span>
    </p>
   </div>
   <div class='ocr_carea' id='block_1_17' title="bbox 464 1583 2046 1658">
    <p class='ocr_par' dir='ltr' id='par_1_17' title="bbox 464 1583 2046 1658">
     <span class='ocr_line' id='line_1_17' title="bbox 464 1583 2046 1658; baseline 0.002 -20"><span class='ocrx_word' id='word_1_90' title='bbox 464 1583 586 1639; x_wconf 86' lang='lat' dir='ltr'><strong>sedi</strong></span> <span class='ocrx_word' id='word_1_91' title='bbox 623 1599 738 1639; x_wconf 72' lang='lat' dir='ltr'><strong>sua:</strong></span> <span class='ocrx_word' id='word_1_92' title='bbox 781 1585 1059 1656; x_wconf 70' lang='lat' dir='ltr'><strong>subiectas</strong></span> <span class='ocrx_word' id='word_1_93' title='bbox 1090 1586 1358 1642; x_wconf 89' lang='lat' dir='ltr'><strong>haberet:</strong></span> <span class='ocrx_word' id='word_1_94' title='bbox 1394 1603 1517 1658; x_wconf 63' lang='lat' dir='ltr'><strong>qua:</strong></span> <span class='ocrx_word' id='word_1_95' title='bbox 1543 1588 1837 1642; x_wconf 86' lang='lat' dir='ltr'><strong>conventio</strong></span> <span class='ocrx_word' id='word_1_96' title='bbox 1877 1588 2046 1644; x_wconf 88' lang='lat' dir='ltr'><strong>inter-</strong></span> 
     </span>
    </p>
   </div>
   <div class='ocr_carea' id='block_1_18' title="bbox 464 1672 2044 1750">
    <p class='ocr_par' dir='ltr' id='par_1_18' title="bbox 464 1672 2044 1750">
     <span class='ocr_line' id='line_1_18' title="bbox 464 1672 2044 1750; baseline 0.004 -22"><span class='ocrx_word' id='word_1_97' title='bbox 464 1672 1002 1745; x_wconf 88' lang='lat' dir='ltr'><strong>locutiouejudicum</strong></span> <span class='ocrx_word' id='word_1_98' title='bbox 1015 1678 1584 1750; x_wconf 77' lang='lat' dir='ltr'><strong>atque‘episcoporum</strong></span> <span class='ocrx_word' id='word_1_99' title='bbox 1605 1678 1928 1734; x_wconf 88' lang='lat' dir='ltr'><strong>conﬁrmata</strong></span> <span class='ocrx_word' id='word_1_100' title='bbox 1941 1688 2044 1736; x_wconf 90' lang='lat' dir='ltr'><strong>est.</strong></span> 
     </span>
    </p>
   </div>
   <div class='ocr_carea' id='block_1_19' title="bbox 463 1767 2046 1840">
    <p class='ocr_par' dir='ltr' id='par_1_19' title="bbox 463 1767 2046 1840">
     <span class='ocr_line' id='line_1_19' title="bbox 463 1767 2046 1840; baseline 0.003 -18"><span class='ocrx_word' id='word_1_101' title='bbox 463 1767 624 1822; x_wconf 87' lang='lat' dir='ltr'><strong>Nono</strong></span> <span class='ocrx_word' id='word_1_102' title='bbox 648 1783 909 1824; x_wconf 89' lang='lat' dir='ltr'><strong>consessu</strong></span> <span class='ocrx_word' id='word_1_103' title='bbox 946 1778 1130 1824; x_wconf 91' lang='lat' dir='ltr'><strong>aetum</strong></span> <span class='ocrx_word' id='word_1_104' title='bbox 1165 1779 1252 1826; x_wconf 89' lang='lat' dir='ltr'><strong>est</strong></span> <span class='ocrx_word' id='word_1_105' title='bbox 1279 1771 1347 1824; x_wconf 89' lang='lat' dir='ltr'><strong>de</strong></span> <span class='ocrx_word' id='word_1_106' title='bbox 1375 1786 1538 1825; x_wconf 89' lang='lat' dir='ltr'><strong>causa</strong></span> <span class='ocrx_word' id='word_1_107' title='bbox 1568 1771 1911 1826; x_wconf 86' lang='lat' dir='ltr'><strong>Theodoriti.</strong></span> <span class='ocrx_word' id='word_1_108' title='bbox 1943 1771 2046 1840; x_wconf 88' lang='lat' dir='ltr'><strong>Qui</strong></span> 
     </span>
    </p>
   </div>
   <div class='ocr_carea' id='block_1_20' title="bbox 2149 575 3724 655">
    <p class='ocr_par' dir='ltr' id='par_1_20' title="bbox 2149 575 3724 655">
     <span class='ocr_line' id='line_1_20' title="bbox 2149 575 3724 655; baseline 0.001 -21"><span class='ocrx_word' id='word_1_109' title='bbox 2149 583 2368 652; x_wconf 79' lang='grc' dir='ltr'><strong>κινῆσαι</strong></span> <span class='ocrx_word' id='word_1_110' title='bbox 2400 582 2528 652; x_wconf 70' lang='grc' dir='ltr'>περὶ</span> <span class='ocrx_word' id='word_1_111' title='bbox 2551 575 2624 635; x_wconf 82' lang='grc' dir='ltr'>ὧν</span> <span class='ocrx_word' id='word_1_112' title='bbox 2655 581 2924 651; x_wconf 82' lang='grc' dir='ltr'>βούλεται,</span> <span class='ocrx_word' id='word_1_113' title='bbox 2967 584 3256 655; x_wconf 77' lang='grc' dir='ltr'><strong>παρόντων</strong></span> <span class='ocrx_word' id='word_1_114' title='bbox 3285 582 3395 636; x_wconf 84' lang='grc' dir='ltr'><strong>τῶν</strong></span> <span class='ocrx_word' id='word_1_115' title='bbox 3427 583 3724 654; x_wconf 80' lang='grc' dir='ltr'><strong>ἀρχόντων,</strong></span> 
     </span>
    </p>
   </div>
   <div class='ocr_carea' id='block_1_21' title="bbox 2149 671 3723 746">
    <p class='ocr_par' dir='ltr' id='par_1_21' title="bbox 2149 671 3723 746">
     <span class='ocr_line' id='line_1_21' title="bbox 2149 671 3723 746; baseline 0.004 -21"><span class='ocrx_word' id='word_1_116' title='bbox 2149 672 2243 725; x_wconf 72' lang='grc' dir='ltr'>καὶ</span> <span class='ocrx_word' id='word_1_117' title='bbox 2267 672 2335 726; x_wconf 83' lang='grc' dir='ltr'>τὰ</span> <span class='ocrx_word' id='word_1_118' title='bbox 2361 671 2547 725; x_wconf 73' lang='grc' dir='ltr'>εἰκότα</span> <span class='ocrx_word' id='word_1_119' title='bbox 2574 672 2828 742; x_wconf 87' lang='grc' dir='ltr'>γενέσθαι</span> <span class='ocrx_word' id='word_1_120' title='bbox 2846 689 2859 704; x_wconf 89' lang='grc'><strong>·</strong></span> <span class='ocrx_word' id='word_1_121' title='bbox 2881 673 2976 727; x_wconf 76' lang='grc' dir='ltr'>καὶ</span> <span class='ocrx_word' id='word_1_122' title='bbox 2999 672 3314 746; x_wconf 79' lang='grc' dir='ltr'><strong>ἐπεραιώθη</strong></span> <span class='ocrx_word' id='word_1_123' title='bbox 3332 675 3366 744; x_wconf 87' lang='grc' dir='ltr'><strong>ἡ</strong></span> <span class='ocrx_word' id='word_1_124' title='bbox 3395 673 3723 737; x_wconf 82' lang='grc' dir='ltr'><strong>συνέλευσις.</strong></span> 
     </span>
    </p>
   </div>
   <div class='ocr_carea' id='block_1_22' title="bbox 2141 757 3726 838">
    <p class='ocr_par' dir='ltr' id='par_1_22' title="bbox 2141 757 3726 838">
     <span class='ocr_line' id='line_1_22' title="bbox 2141 757 3726 838; baseline 0.003 -21"><span class='ocrx_word' id='word_1_125' title='bbox 2141 757 2345 838; x_wconf 24' lang='grc' dir='ltr'>,Γέγονε</span> <span class='ocrx_word' id='word_1_126' title='bbox 2380 766 2474 818; x_wconf 75' lang='grc' dir='ltr'>καὶ</span> <span class='ocrx_word' id='word_1_127' title='bbox 2496 765 2661 836; x_wconf 73' lang='grc' dir='ltr'>ἕτερα</span> <span class='ocrx_word' id='word_1_128' title='bbox 2690 764 2825 835; x_wconf 68' lang='grc'>(45),</span> <span class='ocrx_word' id='word_1_129' title='bbox 2857 765 2950 821; x_wconf 76' lang='grc' dir='ltr'>καὶ</span> <span class='ocrx_word' id='word_1_130' title='bbox 2980 765 3160 838; x_wconf 77' lang='grc' dir='ltr'>ἕτεροι</span> <span class='ocrx_word' id='word_1_131' title='bbox 3193 767 3420 829; x_wconf 81' lang='grc' dir='ltr'>κανόνες</span> <span class='ocrx_word' id='word_1_132' title='bbox 3442 766 3726 835; x_wconf 77' lang='grc' dir='ltr'><strong>ἐτέθησαν.</strong></span> 
     </span>
    </p>
   </div>
   <div class='ocr_carea' id='block_1_23' title="bbox 2149 857 3731 930">
    <p class='ocr_par' dir='ltr' id='par_1_23' title="bbox 2149 857 3731 930">
     <span class='ocr_line' id='line_1_23' title="bbox 2149 857 3731 930; baseline 0 -18"><span class='ocrx_word' id='word_1_133' title='bbox 2149 859 2262 912; x_wconf 81' lang='grc' dir='ltr'><strong>Καὶ</strong></span> <span class='ocrx_word' id='word_1_134' title='bbox 2293 858 2457 912; x_wconf 83' lang='grc' dir='ltr'>πάλιν</span> <span class='ocrx_word' id='word_1_135' title='bbox 2491 857 2613 912; x_wconf 88' lang='grc' dir='ltr'>καθ’</span> <span class='ocrx_word' id='word_1_136' title='bbox 2638 858 2832 930; x_wconf 87' lang='grc' dir='ltr'>ἐτέραν</span> <span class='ocrx_word' id='word_1_137' title='bbox 2860 857 3075 913; x_wconf 85' lang='grc' dir='ltr'>σύνοδον</span> <span class='ocrx_word' id='word_1_138' title='bbox 3100 858 3504 913; x_wconf 80' lang='grc' dir='ltr'>συνεϐἀτευσαν</span> <span class='ocrx_word' id='word_1_139' title='bbox 3528 858 3731 912; x_wconf 81' lang='grc' dir='ltr'>Ἰουσε-</span> 
     </span>
    </p>
   </div>
   <div class='ocr_carea' id='block_1_24' title="bbox 2149 949 3729 1021">
    <p class='ocr_par' dir='ltr' id='par_1_24' title="bbox 2149 949 3729 1021">
     <span class='ocr_line' id='line_1_24' title="bbox 2149 949 3729 1021; baseline 0.001 -19"><span class='ocrx_word' id='word_1_140' title='bbox 2149 949 2330 1013; x_wconf 86' lang='grc' dir='ltr'>νόιλιος</span> <span class='ocrx_word' id='word_1_141' title='bbox 2357 949 2450 1002; x_wconf 77' lang='grc' dir='ltr'><strong>καὶ</strong></span> <span class='ocrx_word' id='word_1_142' title='bbox 2482 949 2759 1021; x_wconf 81' lang='grc' dir='ltr'><strong>Μάξιμος,</strong></span> <span class='ocrx_word' id='word_1_143' title='bbox 2787 950 2882 1004; x_wconf 79' lang='grc' dir='ltr'>καὶ</span> <span class='ocrx_word' id='word_1_144' title='bbox 2916 950 3062 1017; x_wconf 75' lang='grc' dir='ltr'>ἔδοξε</span> <span class='ocrx_word' id='word_1_145' title='bbox 3093 950 3185 1004; x_wconf 74' lang='grc' dir='ltr'><strong>τὸν</strong></span> <span class='ocrx_word' id='word_1_146' title='bbox 3224 949 3557 1020; x_wconf 75' lang='grc' dir='ltr'>Ἀντιοχείας</span> <span class='ocrx_word' id='word_1_147' title='bbox 3585 949 3729 1021; x_wconf 74' lang='grc' dir='ltr'>ἔχειν</span> 
     </span>
    </p>
   </div>
   <div class='ocr_carea' id='block_1_25' title="bbox 2147 1039 3724 1112">
    <p class='ocr_par' dir='ltr' id='par_1_25' title="bbox 2147 1039 3724 1112">
     <span class='ocr_line' id='line_1_25' title="bbox 2147 1039 3724 1112; baseline -0.001 -18"><span class='ocrx_word' id='word_1_148' title='bbox 2147 1039 2243 1094; x_wconf 88' lang='grc' dir='ltr'><strong>δύο</strong></span> <span class='ocrx_word' id='word_1_149' title='bbox 2284 1039 2561 1103; x_wconf 86' lang='grc' dir='ltr'>Φοινίκας,</span> <span class='ocrx_word' id='word_1_150' title='bbox 2604 1041 2701 1093; x_wconf 75' lang='grc' dir='ltr'>καὶ</span> <span class='ocrx_word' id='word_1_151' title='bbox 2734 1041 3034 1108; x_wconf 79' lang='grc' dir='ltr'>’Λραὸίαν-</span> <span class='ocrx_word' id='word_1_152' title='bbox 3082 1042 3175 1095; x_wconf 81' lang='grc' dir='ltr'>τὸν</span> <span class='ocrx_word' id='word_1_153' title='bbox 3217 1041 3276 1094; x_wconf 85' lang='grc' dir='ltr'><strong>δέ</strong></span> <span class='ocrx_word' id='word_1_154' title='bbox 3310 1041 3724 1112; x_wconf 80' lang='grc' dir='ltr'>Ἰεροσολύμων,</span> 
     </span>
    </p>
   </div>
   <div class='ocr_carea' id='block_1_26' title="bbox 2148 1132 3729 1204">
    <p class='ocr_par' dir='ltr' id='par_1_26' title="bbox 2148 1132 3729 1204">
     <span class='ocr_line' id='line_1_26' title="bbox 2148 1132 3729 1204; baseline 0.001 -20"><span class='ocrx_word' id='word_1_155' title='bbox 2148 1134 2298 1202; x_wconf 86' lang='grc' dir='ltr'>τρεῖς</span> <span class='ocrx_word' id='word_1_156' title='bbox 2333 1132 2699 1196; x_wconf 86' lang='grc' dir='ltr'>Παλαιστίνας</span> <span class='ocrx_word' id='word_1_157' title='bbox 2721 1149 2734 1163; x_wconf 88' lang='grc'><strong>·</strong></span> <span class='ocrx_word' id='word_1_158' title='bbox 2761 1133 2858 1188; x_wconf 73' lang='grc' dir='ltr'>καὶ</span> <span class='ocrx_word' id='word_1_159' title='bbox 2884 1134 2993 1187; x_wconf 76' lang='grc' dir='ltr'>ἀπὸ</span> <span class='ocrx_word' id='word_1_160' title='bbox 3012 1133 3298 1198; x_wconf 85' lang='grc' dir='ltr'>διαλαλιᾶς</span> <span class='ocrx_word' id='word_1_161' title='bbox 3326 1133 3436 1188; x_wconf 85' lang='grc' dir='ltr'><strong>τῶν</strong></span> <span class='ocrx_word' id='word_1_162' title='bbox 3454 1134 3729 1204; x_wconf 85' lang='grc' dir='ltr'>ἀρχόντων</span> 
     </span>
    </p>
   </div>
   <div class='ocr_carea' id='block_1_27' title="bbox 2151 1221 3728 1295">
    <p class='ocr_par' dir='ltr' id='par_1_27' title="bbox 2151 1221 3728 1295">
     <span class='ocr_line' id='line_1_27' title="bbox 2151 1221 3728 1295; baseline 0.004 -23"><span class='ocrx_word' id='word_1_163' title='bbox 2151 1222 2248 1273; x_wconf 76' lang='grc' dir='ltr'>καὶ</span> <span class='ocrx_word' id='word_1_164' title='bbox 2270 1221 2606 1287; x_wconf 83' lang='grc' dir='ltr'>ἐπισκόπων,</span> <span class='ocrx_word' id='word_1_165' title='bbox 2635 1221 3068 1294; x_wconf 78' lang='grc' dir='ltr'>ἐϐεϐαιώθησαν.</span> <span class='ocrx_word' id='word_1_166' title='bbox 3095 1224 3206 1277; x_wconf 74' lang='grc' dir='ltr'><strong>Καὶ</strong></span> <span class='ocrx_word' id='word_1_167' title='bbox 3229 1223 3372 1278; x_wconf 86' lang='grc' dir='ltr'><strong>κατά</strong></span> <span class='ocrx_word' id='word_1_168' title='bbox 3403 1224 3504 1294; x_wconf 81' lang='grc' dir='ltr'>τὴν</span> <span class='ocrx_word' id='word_1_169' title='bbox 3533 1224 3728 1295; x_wconf 78' lang='grc' dir='ltr'>ἐνάτην</span> 
     </span>
    </p>
   </div>
   <div class='ocr_carea' id='block_1_28' title="bbox 2154 1310 3731 1386">
    <p class='ocr_par' dir='ltr' id='par_1_28' title="bbox 2154 1310 3731 1386">
     <span class='ocr_line' id='line_1_28' title="bbox 2154 1310 3731 1386; baseline 0.003 -22"><span class='ocrx_word' id='word_1_170' title='bbox 2154 1310 2519 1384; x_wconf 74' lang='grc' dir='ltr'>σύνοδον(46),</span> <span class='ocrx_word' id='word_1_171' title='bbox 2556 1313 2779 1384; x_wconf 77' lang='grc' dir='ltr'><strong>ἐκινήθη</strong></span> <span class='ocrx_word' id='word_1_172' title='bbox 2809 1315 2878 1367; x_wconf 85' lang='grc' dir='ltr'><strong>τὰ</strong></span> <span class='ocrx_word' id='word_1_173' title='bbox 2904 1315 3046 1368; x_wconf 76' lang='grc' dir='ltr'>κατὰ</span> <span class='ocrx_word' id='word_1_174' title='bbox 3069 1314 3419 1386; x_wconf 86' lang='grc' dir='ltr'>Θεοδώριτον.</span> <span class='ocrx_word' id='word_1_175' title='bbox 3454 1315 3568 1368; x_wconf 75' lang='grc' dir='ltr'><strong>Καὶ</strong></span> <span class='ocrx_word' id='word_1_176' title='bbox 3627 1315 3731 1368; x_wconf 91' lang='grc' dir='ltr'>ἀν-</span> 
     </span>
    </p>
   </div>
   <div class='ocr_carea' id='block_1_29' title="bbox 2153 1401 3729 1475">
    <p class='ocr_par' dir='ltr' id='par_1_29' title="bbox 2153 1401 3729 1475">
     <span class='ocr_line' id='line_1_29' title="bbox 2153 1401 3729 1475; baseline 0.001 -21"><span class='ocrx_word' id='word_1_177' title='bbox 2153 1401 2444 1472; x_wconf 74' lang='grc' dir='ltr'>εθεμάτισε</span> <span class='ocrx_word' id='word_1_178' title='bbox 2486 1403 2778 1475; x_wconf 88' lang='grc' dir='ltr'>Νεστόριον</span> <span class='ocrx_word' id='word_1_179' title='bbox 2823 1405 3079 1475; x_wconf 79' lang='grc' dir='ltr'>εἰρηκώς.</span> <span class='ocrx_word' id='word_1_180' title='bbox 3125 1405 3398 1475; x_wconf 81' lang='grc' dir='ltr'>Ἀνάθεμα</span> <span class='ocrx_word' id='word_1_181' title='bbox 3428 1403 3729 1474; x_wconf 81' lang='grc' dir='ltr'>Νεστορίῳ,</span> 
     </span>
    </p>
   </div>
   <div class='ocr_carea' id='block_1_30' title="bbox 2153 1495 3732 1569">
    <p class='ocr_par' dir='ltr' id='par_1_30' title="bbox 2153 1495 3732 1569">
     <span class='ocr_line' id='line_1_30' title="bbox 2153 1495 3732 1569; baseline 0.002 -22"><span class='ocrx_word' id='word_1_182' title='bbox 2153 1495 2347 1566; x_wconf 77' lang='grc' dir='ltr'>καὶτῷ</span> <span class='ocrx_word' id='word_1_183' title='bbox 2374 1496 2449 1566; x_wconf 82' lang='grc' dir='ltr'><strong>μὴ</strong></span> <span class='ocrx_word' id='word_1_184' title='bbox 2474 1495 2686 1565; x_wconf 89' lang='grc' dir='ltr'>λέγοντι</span> <span class='ocrx_word' id='word_1_185' title='bbox 2708 1497 2971 1552; x_wconf 83' lang='grc' dir='ltr'>Θεοτόκον</span> <span class='ocrx_word' id='word_1_186' title='bbox 3000 1496 3098 1569; x_wconf 85' lang='grc' dir='ltr'>τὴν</span> <span class='ocrx_word' id='word_1_187' title='bbox 3129 1496 3290 1566; x_wconf 80' lang='grc' dir='ltr'>ἁγίαν</span> <span class='ocrx_word' id='word_1_188' title='bbox 3313 1497 3589 1568; x_wconf 82' lang='grc' dir='ltr'>Παρθένον</span> <span class='ocrx_word' id='word_1_189' title='bbox 3612 1498 3732 1550; x_wconf 82' lang='grc' dir='ltr'>Μα-</span> 
     </span>
    </p>
   </div>
   <div class='ocr_carea' id='block_1_31' title="bbox 2157 1587 3728 1660">
    <p class='ocr_par' dir='ltr' id='par_1_31' title="bbox 2157 1587 3728 1660">
     <span class='ocr_line' id='line_1_31' title="bbox 2157 1587 3728 1660; baseline 0 -19"><span class='ocrx_word' id='word_1_190' title='bbox 2157 1587 2296 1658; x_wconf 91' lang='grc' dir='ltr'>ρίαν,</span> <span class='ocrx_word' id='word_1_191' title='bbox 2320 1589 2414 1642; x_wconf 75' lang='grc' dir='ltr'>καὶ</span> <span class='ocrx_word' id='word_1_192' title='bbox 2464 1589 2544 1658; x_wconf 83' lang='grc' dir='ltr'>τῷ</span> <span class='ocrx_word' id='word_1_193' title='bbox 2583 1591 2665 1652; x_wconf 79' lang='grc' dir='ltr'><strong>είς</strong></span> <span class='ocrx_word' id='word_1_194' title='bbox 2687 1590 2782 1643; x_wconf 84' lang='grc' dir='ltr'><strong>δύο</strong></span> <span class='ocrx_word' id='word_1_195' title='bbox 2811 1591 2964 1653; x_wconf 83' lang='grc' dir='ltr'>υἱοὺς</span> <span class='ocrx_word' id='word_1_196' title='bbox 3023 1589 3301 1660; x_wconf 79' lang='grc' dir='ltr'>μερίζοντι</span> <span class='ocrx_word' id='word_1_197' title='bbox 3346 1589 3440 1642; x_wconf 77' lang='grc' dir='ltr'>τὸν</span> <span class='ocrx_word' id='word_1_198' title='bbox 3469 1587 3566 1641; x_wconf 79' lang='grc' dir='ltr'>ἕνα</span> <span class='ocrx_word' id='word_1_199' title='bbox 3599 1587 3728 1641; x_wconf 74' lang='grc' dir='ltr'>Υἱὸν</span> 
     </span>
    </p>
   </div>
   <div class='ocr_carea' id='block_1_32' title="bbox 2152 1679 3728 1752">
    <p class='ocr_par' dir='ltr' id='par_1_32' title="bbox 2152 1679 3728 1752">
     <span class='ocr_line' id='line_1_32' title="bbox 2152 1679 3728 1752; baseline 0 -22"><span class='ocrx_word' id='word_1_200' title='bbox 2152 1679 2243 1732; x_wconf 80' lang='grc' dir='ltr'>τὸν</span> <span class='ocrx_word' id='word_1_201' title='bbox 2275 1681 2559 1750; x_wconf 83' lang='grc' dir='ltr'>μονογενῆ.</span> <span class='ocrx_word' id='word_1_202' title='bbox 2599 1680 2742 1748; x_wconf 84' lang='grc' dir='ltr'><strong>Ἐγὼ</strong></span> <span class='ocrx_word' id='word_1_203' title='bbox 2774 1679 2832 1734; x_wconf 85' lang='grc' dir='ltr'><strong>δέ</strong></span> <span class='ocrx_word' id='word_1_204' title='bbox 2891 1683 2986 1734; x_wconf 71' lang='grc' dir='ltr'>καὶ</span> <span class='ocrx_word' id='word_1_205' title='bbox 3048 1679 3126 1749; x_wconf 83' lang='grc' dir='ltr'>τῷ</span> <span class='ocrx_word' id='word_1_206' title='bbox 3166 1681 3278 1752; x_wconf 85' lang='grc' dir='ltr'>ὅρῳ</span> <span class='ocrx_word' id='word_1_207' title='bbox 3332 1682 3432 1751; x_wconf 79' lang='grc' dir='ltr'>τῆς</span> <span class='ocrx_word' id='word_1_208' title='bbox 3496 1679 3728 1741; x_wconf 87' lang='grc' dir='ltr'>πίστεως</span> 
     </span>
    </p>
   </div>
   <div class='ocr_carea' id='block_1_33' title="bbox 2155 1769 3730 1842">
    <p class='ocr_par' dir='ltr' id='par_1_33' title="bbox 2155 1769 3730 1842">
     <span class='ocr_line' id='line_1_33' title="bbox 2155 1769 3730 1842; baseline 0 -20"><span class='ocrx_word' id='word_1_209' title='bbox 2155 1769 2470 1841; x_wconf 78' lang='grc' dir='ltr'>ὑπέγραψα,</span> <span class='ocrx_word' id='word_1_210' title='bbox 2497 1772 2590 1824; x_wconf 76' lang='grc' dir='ltr'>καὶ</span> <span class='ocrx_word' id='word_1_211' title='bbox 2619 1775 2684 1841; x_wconf 82' lang='grc' dir='ltr'><strong>τῇ</strong></span> <span class='ocrx_word' id='word_1_212' title='bbox 2710 1771 2965 1842; x_wconf 77' lang='grc' dir='ltr'>ἐπιστολῇ</span> <span class='ocrx_word' id='word_1_213' title='bbox 2995 1771 3244 1835; x_wconf 85' lang='grc' dir='ltr'>Λέοντος.</span> <span class='ocrx_word' id='word_1_214' title='bbox 3280 1771 3392 1824; x_wconf 71' lang='grc' dir='ltr'><strong>Καὶ</strong></span> <span class='ocrx_word' id='word_1_215' title='bbox 3415 1769 3524 1824; x_wconf 79' lang='grc' dir='ltr'>ἀπὸ</span> <span class='ocrx_word' id='word_1_216' title='bbox 3545 1769 3730 1822; x_wconf 82' lang='grc' dir='ltr'>διαλα-</span> 
     </span>
    </p>
   </div>
   <div class='ocr_carea' id='block_1_34' title="bbox 463 1830 2046 1935">
    <p class='ocr_par' dir='ltr' id='par_1_34' title="bbox 463 1859 2044 1920">
     <span class='ocr_line' id='line_1_34' title="bbox 463 1859 2044 1920; baseline 0.002 -4"><span class='ocrx_word' id='word_1_217' title='bbox 463 1859 784 1916; x_wconf 85' lang='lat' dir='ltr'><strong>Nestorium</strong></span> <span class='ocrx_word' id='word_1_218' title='bbox 817 1861 1167 1916; x_wconf 87' lang='lat' dir='ltr'><strong>anathemate</strong></span> <span class='ocrx_word' id='word_1_219' title='bbox 1213 1862 1493 1916; x_wconf 88' lang='lat' dir='ltr'><strong>damnavit</strong></span> <span class='ocrx_word' id='word_1_220' title='bbox 1531 1862 1618 1918; x_wconf 91' lang='lat' dir='ltr'><strong>his</strong></span> <span class='ocrx_word' id='word_1_221' title='bbox 1645 1863 1830 1919; x_wconf 89' lang='lat' dir='ltr'><strong>verbis</strong></span> <span class='ocrx_word' id='word_1_222' title='bbox 1878 1880 2044 1920; x_wconf 92' lang='lat' dir='ltr'><strong>usus:</strong></span> 
     </span>
    </p>
   </div>
   <div class='ocr_carea' id='block_1_35' title="bbox 2151 1830 3730 1935">
    <p class='ocr_par' dir='ltr' id='par_1_35' title="bbox 2152 1830 3730 1935">
     <span class='ocr_line' id='line_1_35' title="bbox 2152 1830 3730 1935; baseline -0.001 -21"><span class='ocrx_word' id='word_1_223' title='bbox 2152 1830 2284 1924; x_wconf 39' lang='grc' dir='ltr'>λιᾶςΙ</span> <span class='ocrx_word' id='word_1_224' title='bbox 2301 1830 2523 1916; x_wconf 74' lang='grc' dir='ltr'>πάντων</span> <span class='ocrx_word' id='word_1_225' title='bbox 2549 1830 2792 1918; x_wconf 71' lang='grc' dir='ltr'>ἀπέλαϐε</span> <span class='ocrx_word' id='word_1_226' title='bbox 2850 1830 2965 1918; x_wconf 48' lang='grc' dir='ltr'>τὸν..</span> <span class='ocrx_word' id='word_1_227' title='bbox 2989 1865 3191 1916; x_wconf 82' lang='grc' dir='ltr'>οἰκεῖον</span> <span class='ocrx_word' id='word_1_228' title='bbox 3207 1830 3425 1935; x_wconf 72' lang='grc' dir='ltr'>θρόνον.</span> <span class='ocrx_word' id='word_1_229' title='bbox 3479 1861 3569 1919; x_wconf 81' lang='grc' dir='ltr'><strong>Ἐν</strong></span> <span class='ocrx_word' id='word_1_230' title='bbox 3595 1860 3730 1934; x_wconf 70' lang='grc' dir='ltr'>ἄλλῃ</span> 
     </span>
    </p>
   </div>
   <div class='ocr_carea' id='block_1_36' title="bbox 464 1949 2046 2025">
    <p class='ocr_par' dir='ltr' id='par_1_36' title="bbox 464 1949 2046 2025">
     <span class='ocr_line' id='line_1_36' title="bbox 464 1949 2046 2025; baseline 0.003 -21"><span class='ocrx_word' id='word_1_231' title='bbox 464 1949 775 2004; x_wconf 85' lang='lat' dir='ltr'><strong>Anathema</strong></span> <span class='ocrx_word' id='word_1_232' title='bbox 819 1950 1095 2018; x_wconf 85' lang='lat' dir='ltr'><strong>Nestorio,</strong></span> <span class='ocrx_word' id='word_1_233' title='bbox 1141 1961 1196 2006; x_wconf 89' lang='lat' dir='ltr'><strong>et</strong></span> <span class='ocrx_word' id='word_1_234' title='bbox 1238 1951 1289 2007; x_wconf 88' lang='lat' dir='ltr'><strong>ei</strong></span> <span class='ocrx_word' id='word_1_235' title='bbox 1336 1952 1431 2022; x_wconf 90' lang='lat' dir='ltr'><strong>qui</strong></span> <span class='ocrx_word' id='word_1_236' title='bbox 1480 1964 1724 2007; x_wconf 87' lang='lat' dir='ltr'><strong>sanctam</strong></span> <span class='ocrx_word' id='word_1_237' title='bbox 1770 1954 2046 2025; x_wconf 81' lang='lat' dir='ltr'><strong>Virginem</strong></span> 
     </span>
    </p>
   </div>
   <div class='ocr_carea' id='block_1_37' title="bbox 465 2039 2048 2114">
    <p class='ocr_par' dir='ltr' id='par_1_37' title="bbox 465 2039 2048 2114">
     <span class='ocr_line' id='line_1_37' title="bbox 465 2039 2048 2114; baseline 0.003 -19"><span class='ocrx_word' id='word_1_238' title='bbox 465 2039 694 2095; x_wconf 78' lang='lat' dir='ltr'><strong>Mariam</strong></span> <span class='ocrx_word' id='word_1_239' title='bbox 725 2048 889 2110; x_wconf 79' lang='lat' dir='ltr'><strong>negat</strong></span> <span class='ocrx_word' id='word_1_240' title='bbox 912 2057 1034 2096; x_wconf 92' lang='lat' dir='ltr'><strong>esse</strong></span> <span class='ocrx_word' id='word_1_241' title='bbox 1072 2042 1386 2112; x_wconf 88' lang='lat' dir='ltr'><strong>Deiparam,</strong></span> <span class='ocrx_word' id='word_1_242' title='bbox 1431 2052 1486 2097; x_wconf 94' lang='lat' dir='ltr'><strong>et</strong></span> <span class='ocrx_word' id='word_1_243' title='bbox 1527 2045 1578 2098; x_wconf 90' lang='lat' dir='ltr'><strong>ei</strong></span> <span class='ocrx_word' id='word_1_244' title='bbox 1614 2045 1707 2114; x_wconf 90' lang='lat' dir='ltr'><strong>qui</strong></span> <span class='ocrx_word' id='word_1_245' title='bbox 1754 2062 1925 2100; x_wconf 92' lang='lat' dir='ltr'><strong>unum</strong></span> <span class='ocrx_word' id='word_1_246' title='bbox 1958 2046 2048 2100; x_wconf 91' lang='lat' dir='ltr'><strong>Fi-</strong></span> 
     </span>
    </p>
   </div>
   <div class='ocr_carea' id='block_1_38' title="bbox 468 2132 2048 2210">
    <p class='ocr_par' dir='ltr' id='par_1_38' title="bbox 468 2132 2048 2210">
     <span class='ocr_line' id='line_1_38' title="bbox 468 2132 2048 2210; baseline 0.005 -24"><span class='ocrx_word' id='word_1_247' title='bbox 468 2132 605 2187; x_wconf 91' lang='lat' dir='ltr'><strong>lium</strong></span> <span class='ocrx_word' id='word_1_248' title='bbox 653 2133 997 2204; x_wconf 80' lang='lat' dir='ltr'><strong>unigenitum</strong></span> <span class='ocrx_word' id='word_1_249' title='bbox 1029 2133 1084 2188; x_wconf 93' lang='lat' dir='ltr'><strong>in</strong></span> <span class='ocrx_word' id='word_1_250' title='bbox 1113 2135 1252 2191; x_wconf 90' lang='lat' dir='ltr'><strong>duos</strong></span> <span class='ocrx_word' id='word_1_251' title='bbox 1295 2135 1438 2192; x_wconf 87' lang='lat' dir='ltr'><strong>ﬁlios</strong></span> <span class='ocrx_word' id='word_1_252' title='bbox 1479 2138 1742 2208; x_wconf 87' lang='lat' dir='ltr'><strong>partitur.</strong></span> <span class='ocrx_word' id='word_1_253' title='bbox 1776 2138 1890 2210; x_wconf 81' lang='lat' dir='ltr'><strong>Ego</strong></span> <span class='ocrx_word' id='word_1_254' title='bbox 1914 2155 2048 2195; x_wconf 91' lang='lat' dir='ltr'><strong>vero</strong></span> 
     </span>
    </p>
   </div>
   <div class='ocr_carea' id='block_1_39' title="bbox 468 2225 2045 2300">
    <p class='ocr_par' dir='ltr' id='par_1_39' title="bbox 468 2225 2045 2300">
     <span class='ocr_line' id='line_1_39' title="bbox 468 2225 2045 2300; baseline 0.005 -24"><span class='ocrx_word' id='word_1_255' title='bbox 468 2232 525 2279; x_wconf 84' lang='lat' dir='ltr'><strong>et</strong></span> <span class='ocrx_word' id='word_1_256' title='bbox 550 2225 857 2280; x_wconf 90' lang='lat' dir='ltr'><strong>deﬁnitioni</strong></span> <span class='ocrx_word' id='word_1_257' title='bbox 899 2225 1048 2292; x_wconf 88' lang='lat' dir='ltr'><strong>ﬁdei,</strong></span> <span class='ocrx_word' id='word_1_258' title='bbox 1095 2235 1151 2282; x_wconf 92' lang='lat' dir='ltr'><strong>et</strong></span> <span class='ocrx_word' id='word_1_259' title='bbox 1192 2227 1392 2283; x_wconf 90' lang='lat' dir='ltr'><strong>Leonis</strong></span> <span class='ocrx_word' id='word_1_260' title='bbox 1439 2229 1684 2298; x_wconf 68' lang='lat' dir='ltr'><strong>epistolae</strong></span> <span class='ocrx_word' id='word_1_261' title='bbox 1721 2230 2045 2300; x_wconf 88' lang='lat' dir='ltr'><strong>subscripsi.</strong></span> 
     </span>
    </p>
   </div>
   <div class='ocr_carea' id='block_1_40' title="bbox 465 2313 2049 2392">
    <p class='ocr_par' dir='ltr' id='par_1_40' title="bbox 465 2313 2049 2392">
     <span class='ocr_line' id='line_1_40' title="bbox 465 2313 2049 2392; baseline 0.006 -23"><span class='ocrx_word' id='word_1_262' title='bbox 465 2313 723 2370; x_wconf 85' lang='lat' dir='ltr'><strong>Omnium</strong></span> <span class='ocrx_word' id='word_1_263' title='bbox 769 2315 936 2388; x_wconf 82' lang='lat' dir='ltr'><strong>igitur</strong></span> <span class='ocrx_word' id='word_1_264' title='bbox 967 2318 1240 2374; x_wconf 89' lang='lat' dir='ltr'><strong>sententia</strong></span> <span class='ocrx_word' id='word_1_265' title='bbox 1287 2320 1566 2389; x_wconf 89' lang='lat' dir='ltr'><strong>propriam</strong></span> <span class='ocrx_word' id='word_1_266' title='bbox 1596 2320 1784 2375; x_wconf 89' lang='lat' dir='ltr'><strong>sedem</strong></span> <span class='ocrx_word' id='word_1_267' title='bbox 1817 2338 2049 2392; x_wconf 90' lang='lat' dir='ltr'><strong>recupe-</strong></span> 
     </span>
    </p>
   </div>
   <div class='ocr_carea' id='block_1_41' title="bbox 467 2406 2048 2469">
    <p class='ocr_par' dir='ltr' id='par_1_41' title="bbox 467 2406 2048 2469">
     <span class='ocr_line' id='line_1_41' title="bbox 467 2406 2048 2469; baseline 0.006 -9"><span class='ocrx_word' id='word_1_268' title='bbox 467 2406 629 2462; x_wconf 88' lang='lat' dir='ltr'><strong>ravit.</strong></span> <span class='ocrx_word' id='word_1_269' title='bbox 659 2406 718 2460; x_wconf 87' lang='lat' dir='ltr'><strong>In</strong></span> <span class='ocrx_word' id='word_1_270' title='bbox 745 2407 853 2463; x_wconf 90' lang='lat' dir='ltr'><strong>alio</strong></span> <span class='ocrx_word' id='word_1_271' title='bbox 887 2408 1087 2464; x_wconf 88' lang='lat' dir='ltr'><strong>deinde</strong></span> <span class='ocrx_word' id='word_1_272' title='bbox 1107 2424 1370 2465; x_wconf 88' lang='lat' dir='ltr'><strong>consessu</strong></span> <span class='ocrx_word' id='word_1_273' title='bbox 1413 2425 1576 2466; x_wconf 90' lang='lat' dir='ltr'><strong>causa</strong></span> <span class='ocrx_word' id='word_1_274' title='bbox 1606 2412 1715 2467; x_wconf 82' lang='lat' dir='ltr'><strong>lbae</strong></span> <span class='ocrx_word' id='word_1_275' title='bbox 1737 2412 2048 2469; x_wconf 71' lang='lat' dir='ltr'><strong>examinata</strong></span> 
     </span>
    </p>
   </div>
   <div class='ocr_carea' id='block_1_42' title="bbox 468 2494 2048 2576">
    <p class='ocr_par' dir='ltr' id='par_1_42' title="bbox 468 2494 2048 2576">
     <span class='ocr_line' id='line_1_42' title="bbox 468 2494 2048 2576; baseline 0.006 -24"><span class='ocrx_word' id='word_1_276' title='bbox 468 2505 570 2561; x_wconf 84' lang='lat' dir='ltr'><strong>est,</strong></span> <span class='ocrx_word' id='word_1_277' title='bbox 620 2507 677 2553; x_wconf 91' lang='lat' dir='ltr'><strong>et</strong></span> <span class='ocrx_word' id='word_1_278' title='bbox 732 2499 875 2554; x_wconf 90' lang='lat' dir='ltr'><strong>lecta</strong></span> <span class='ocrx_word' id='word_1_279' title='bbox 915 2509 1046 2555; x_wconf 91' lang='lat' dir='ltr'><strong>sunt</strong></span> <span class='ocrx_word' id='word_1_280' title='bbox 1093 2517 1216 2571; x_wconf 71' lang='lat' dir='ltr'><strong>qua:</strong></span> <span class='ocrx_word' id='word_1_281' title='bbox 1269 2501 1539 2558; x_wconf 91' lang='lat' dir='ltr'><strong>adversus</strong></span> <span class='ocrx_word' id='word_1_282' title='bbox 1587 2503 1743 2558; x_wconf 90' lang='lat' dir='ltr'><strong>illum</strong></span> <span class='ocrx_word' id='word_1_283' title='bbox 1800 2494 1952 2576; x_wconf 83' lang='lat' dir='ltr'><strong>gesta</strong></span> <span class='ocrx_word' id='word_1_284' title='bbox 1983 2521 2048 2560; x_wconf 91' lang='lat' dir='ltr'><strong>ac</strong></span> 
     </span>
    </p>
   </div>
   <div class='ocr_carea' id='block_1_43' title="bbox 465 2590 2050 2664">
    <p class='ocr_par' dir='ltr' id='par_1_43' title="bbox 465 2590 2050 2664">
     <span class='ocr_line' id='line_1_43' title="bbox 465 2590 2050 2664; baseline 0.006 -21"><span class='ocrx_word' id='word_1_285' title='bbox 465 2590 820 2658; x_wconf 88' lang='lat' dir='ltr'><strong>pronuntiata</strong></span> <span class='ocrx_word' id='word_1_286' title='bbox 844 2601 1004 2646; x_wconf 91' lang='lat' dir='ltr'><strong>erant</strong></span> <span class='ocrx_word' id='word_1_287' title='bbox 1030 2609 1044 2646; x_wconf 88' lang='lat'><strong>:</strong></span> <span class='ocrx_word' id='word_1_288' title='bbox 1076 2609 1312 2662; x_wconf 87' lang='lat' dir='ltr'><strong>quorum</strong></span> <span class='ocrx_word' id='word_1_289' title='bbox 1331 2594 1548 2664; x_wconf 88' lang='lat' dir='ltr'><strong>judices</strong></span> <span class='ocrx_word' id='word_1_290' title='bbox 1573 2594 1795 2650; x_wconf 84' lang='lat' dir='ltr'><strong>fuerant</strong></span> <span class='ocrx_word' id='word_1_291' title='bbox 1819 2597 2050 2652; x_wconf 86' lang='lat' dir='ltr'><strong>Photius</strong></span> 
     </span>
    </p>
   </div>
   <div class='ocr_carea' id='block_1_44' title="bbox 463 2684 2053 2763">
    <p class='ocr_par' dir='ltr' id='par_1_44' title="bbox 463 2684 2053 2763">
     <span class='ocr_line' id='line_1_44' title="bbox 463 2684 2053 2763; baseline 0.005 -25"><span class='ocrx_word' id='word_1_292' title='bbox 463 2684 759 2755; x_wconf 90' lang='lat' dir='ltr'><strong>episcopus</strong></span> <span class='ocrx_word' id='word_1_293' title='bbox 792 2685 918 2756; x_wconf 84' lang='lat' dir='ltr'><strong>Tyri</strong></span> <span class='ocrx_word' id='word_1_294' title='bbox 954 2697 1009 2742; x_wconf 86' lang='lat' dir='ltr'><strong>et</strong></span> <span class='ocrx_word' id='word_1_295' title='bbox 1047 2689 1369 2744; x_wconf 88' lang='lat' dir='ltr'><strong>Eustathius</strong></span> <span class='ocrx_word' id='word_1_296' title='bbox 1397 2690 1692 2761; x_wconf 88' lang='lat' dir='ltr'><strong>cpiscopus</strong></span> <span class='ocrx_word' id='word_1_297' title='bbox 1734 2692 1938 2763; x_wconf 83' lang='lat' dir='ltr'><strong>Beryti.</strong></span> <span class='ocrx_word' id='word_1_298' title='bbox 1987 2694 2053 2746; x_wconf 87' lang='lat' dir='ltr'><strong>Et</strong></span> 
     </span>
    </p>
   </div>
   <div class='ocr_carea' id='block_1_45' title="bbox 465 2778 2044 2850">
    <p class='ocr_par' dir='ltr' id='par_1_45' title="bbox 465 2778 2044 2850">
     <span class='ocr_line' id='line_1_45' title="bbox 465 2778 2044 2850; baseline 0.003 -17"><span class='ocrx_word' id='word_1_299' title='bbox 465 2778 633 2834; x_wconf 88' lang='lat' dir='ltr'><strong>dilata</strong></span> <span class='ocrx_word' id='word_1_300' title='bbox 671 2787 758 2835; x_wconf 93' lang='lat' dir='ltr'><strong>est</strong></span> <span class='ocrx_word' id='word_1_301' title='bbox 803 2781 1076 2836; x_wconf 88' lang='lat' dir='ltr'><strong>sententia</strong></span> <span class='ocrx_word' id='word_1_302' title='bbox 1108 2781 1161 2836; x_wconf 94' lang='lat' dir='ltr'><strong>in</strong></span> <span class='ocrx_word' id='word_1_303' title='bbox 1201 2781 1516 2850; x_wconf 87' lang='lat' dir='ltr'><strong>proximum</strong></span> <span class='ocrx_word' id='word_1_304' title='bbox 1561 2798 1901 2839; x_wconf 88' lang='lat' dir='ltr'><strong>consessum.</strong></span> <span class='ocrx_word' id='word_1_305' title='bbox 1935 2784 2044 2840; x_wconf 88' lang='lat' dir='ltr'><strong>Un-</strong></span> 
     </span>
    </p>
   </div>
   <div class='ocr_carea' id='block_1_46' title="bbox 467 2872 2053 2948">
    <p class='ocr_par' dir='ltr' id='par_1_46' title="bbox 467 2872 2053 2948">
     <span class='ocr_line' id='line_1_46' title="bbox 467 2872 2053 2948; baseline 0.004 -22"><span class='ocrx_word' id='word_1_306' title='bbox 467 2872 684 2927; x_wconf 89' lang='lat' dir='ltr'><strong>decimo</strong></span> <span class='ocrx_word' id='word_1_307' title='bbox 728 2887 1011 2939; x_wconf 90' lang='lat' dir='ltr'><strong>consessu,</strong></span> <span class='ocrx_word' id='word_1_308' title='bbox 1055 2889 1181 2928; x_wconf 90' lang='lat' dir='ltr'><strong>cum</strong></span> <span class='ocrx_word' id='word_1_309' title='bbox 1211 2875 1321 2945; x_wconf 82' lang='lat' dir='ltr'><strong>jam</strong></span> <span class='ocrx_word' id='word_1_310' title='bbox 1354 2875 1542 2945; x_wconf 89' lang='lat' dir='ltr'><strong>plures</strong></span> <span class='ocrx_word' id='word_1_311' title='bbox 1573 2877 1817 2948; x_wconf 90' lang='lat' dir='ltr'><strong>episcopi</strong></span> <span class='ocrx_word' id='word_1_312' title='bbox 1862 2877 2053 2933; x_wconf 89' lang='lat' dir='ltr'><strong>decre-</strong></span> 
     </span>
    </p>
   </div>
   <div class='ocr_carea' id='block_1_47' title="bbox 466 2961 2052 3038">
    <p class='ocr_par' dir='ltr' id='par_1_47' title="bbox 466 2961 2052 3038">
     <span class='ocr_line' id='line_1_47' title="bbox 466 2961 2052 3038; baseline 0.004 -22"><span class='ocrx_word' id='word_1_313' title='bbox 466 2961 675 3018; x_wconf 81' lang='lat' dir='ltr'><strong>vissent</strong></span> <span class='ocrx_word' id='word_1_314' title='bbox 723 2972 786 3018; x_wconf 90' lang='lat' dir='ltr'><strong>ut</strong></span> <span class='ocrx_word' id='word_1_315' title='bbox 823 2965 945 3018; x_wconf 89' lang='lat' dir='ltr'><strong>lbas</strong></span> <span class='ocrx_word' id='word_1_316' title='bbox 975 2965 1344 3021; x_wconf 84' lang='lat' dir='ltr'><strong>sacerdotium</strong></span> <span class='ocrx_word' id='word_1_317' title='bbox 1392 2982 1554 3021; x_wconf 90' lang='lat' dir='ltr'><strong>suum</strong></span> <span class='ocrx_word' id='word_1_318' title='bbox 1594 2969 1892 3038; x_wconf 88' lang='lat' dir='ltr'><strong>reciperet,</strong></span> <span class='ocrx_word' id='word_1_319' title='bbox 1925 2969 2052 3038; x_wconf 93' lang='lat' dir='ltr'><strong>qui-</strong></span> 
     </span>
    </p>
   </div>
   <div class='ocr_carea' id='block_1_48' title="bbox 466 3053 2053 3128">
    <p class='ocr_par' dir='ltr' id='par_1_48' title="bbox 466 3053 2053 3128">
     <span class='ocr_line' id='line_1_48' title="bbox 466 3053 2053 3128; baseline 0.006 -19"><span class='ocrx_word' id='word_1_320' title='bbox 466 3053 594 3109; x_wconf 90' lang='lat' dir='ltr'><strong>dam</strong></span> <span class='ocrx_word' id='word_1_321' title='bbox 659 3070 727 3110; x_wconf 81' lang='lat' dir='ltr'><strong>ex</strong></span> <span class='ocrx_word' id='word_1_322' title='bbox 767 3057 1044 3128; x_wconf 86' lang='lat' dir='ltr'><strong>episcopis</strong></span> <span class='ocrx_word' id='word_1_323' title='bbox 1109 3059 1469 3116; x_wconf 85' lang='lat' dir='ltr'><strong>reclamantes</strong></span> <span class='ocrx_word' id='word_1_324' title='bbox 1523 3061 1784 3117; x_wconf 80' lang='lat' dir='ltr'><strong>dixerunt</strong></span> <span class='ocrx_word' id='word_1_325' title='bbox 1829 3077 2053 3118; x_wconf 88' lang='lat' dir='ltr'><strong>accusa-</strong></span> 
     </span>
    </p>
   </div>
   <div class='ocr_carea' id='block_1_49' title="bbox 2152 1952 3732 2025">
    <p class='ocr_par' dir='ltr' id='par_1_49' title="bbox 2152 1952 3732 2025">
     <span class='ocr_line' id='line_1_49' title="bbox 2152 1952 3732 2025; baseline 0 -21"><span class='ocrx_word' id='word_1_326' title='bbox 2152 1952 2354 2024; x_wconf 80' lang='grc' dir='ltr'>συνόδῳ</span> <span class='ocrx_word' id='word_1_327' title='bbox 2400 1954 2627 2025; x_wconf 79' lang='grc' dir='ltr'>ἐκινήθη</span> <span class='ocrx_word' id='word_1_328' title='bbox 2655 1955 2726 2008; x_wconf 79' lang='grc' dir='ltr'>τὰ</span> <span class='ocrx_word' id='word_1_329' title='bbox 2760 1954 2901 2008; x_wconf 79' lang='grc' dir='ltr'>κατὰ</span> <span class='ocrx_word' id='word_1_330' title='bbox 2943 1955 3120 2019; x_wconf 79' lang='grc' dir='ltr'>Ἴδαν,</span> <span class='ocrx_word' id='word_1_331' title='bbox 3173 1954 3268 2008; x_wconf 72' lang='grc' dir='ltr'>καὶ</span> <span class='ocrx_word' id='word_1_332' title='bbox 3315 1953 3732 2022; x_wconf 79' lang='grc' dir='ltr'>ἀνεγνώσθησαν</span> 
     </span>
    </p>
   </div>
   <div class='ocr_carea' id='block_1_50' title="bbox 2148 2042 3732 2118">
    <p class='ocr_par' dir='ltr' id='par_1_50' title="bbox 2148 2042 3732 2118">
     <span class='ocr_line' id='line_1_50' title="bbox 2148 2042 3732 2118; baseline 0 -20"><span class='ocrx_word' id='word_1_333' title='bbox 2148 2045 2217 2098; x_wconf 85' lang='grc' dir='ltr'>τὰ</span> <span class='ocrx_word' id='word_1_334' title='bbox 2246 2048 2334 2099; x_wconf 82' lang='grc' dir='ltr'><strong>ἐπ’</strong></span> <span class='ocrx_word' id='word_1_335' title='bbox 2371 2046 2521 2118; x_wconf 80' lang='grc' dir='ltr'>αὐτῷ</span> <span class='ocrx_word' id='word_1_336' title='bbox 2553 2047 2877 2118; x_wconf 83' lang='grc' dir='ltr'>κεκριμένα,</span> <span class='ocrx_word' id='word_1_337' title='bbox 2902 2042 2983 2111; x_wconf 74' lang='grc' dir='ltr'>οἷς</span> <span class='ocrx_word' id='word_1_338' title='bbox 3009 2048 3266 2102; x_wconf 78' lang='grc' dir='ltr'>ἐδίκασαν</span> <span class='ocrx_word' id='word_1_339' title='bbox 3285 2045 3487 2109; x_wconf 81' lang='grc' dir='ltr'>Φώτιος</span> <span class='ocrx_word' id='word_1_340' title='bbox 3511 2047 3732 2100; x_wconf 72' lang='grc' dir='ltr'>ἐπίσκο-</span> 
     </span>
    </p>
   </div>
   <div class='ocr_carea' id='block_1_51' title="bbox 2151 2136 3728 2208">
    <p class='ocr_par' dir='ltr' id='par_1_51' title="bbox 2151 2136 3728 2208">
     <span class='ocr_line' id='line_1_51' title="bbox 2151 2136 3728 2208; baseline 0.003 -20"><span class='ocrx_word' id='word_1_341' title='bbox 2151 2153 2252 2199; x_wconf 89' lang='grc' dir='ltr'><strong>πος</strong></span> <span class='ocrx_word' id='word_1_342' title='bbox 2280 2136 2380 2207; x_wconf 81' lang='grc' dir='ltr'>τῆς</span> <span class='ocrx_word' id='word_1_343' title='bbox 2407 2136 2642 2208; x_wconf 88' lang='grc' dir='ltr'>Τυρίων,</span> <span class='ocrx_word' id='word_1_344' title='bbox 2677 2140 2771 2191; x_wconf 77' lang='grc' dir='ltr'>καὶ</span> <span class='ocrx_word' id='word_1_345' title='bbox 2800 2138 3097 2202; x_wconf 83' lang='grc' dir='ltr'>Εὑστάθιος</span> <span class='ocrx_word' id='word_1_346' title='bbox 3125 2139 3422 2202; x_wconf 81' lang='grc' dir='ltr'>ἐπίσκοπος</span> <span class='ocrx_word' id='word_1_347' title='bbox 3458 2138 3728 2208; x_wconf 68' lang='grc' dir='ltr'>Βηριυτοῦο</span> 
     </span>
    </p>
   </div>
   <div class='ocr_carea' id='block_1_52' title="bbox 2150 2228 3730 2300">
    <p class='ocr_par' dir='ltr' id='par_1_52' title="bbox 2150 2228 3730 2300">
     <span class='ocr_line' id='line_1_52' title="bbox 2150 2228 3730 2300; baseline -0.001 -18"><span class='ocrx_word' id='word_1_348' title='bbox 2150 2228 2241 2282; x_wconf 71' lang='grc' dir='ltr'>καὶ</span> <span class='ocrx_word' id='word_1_349' title='bbox 2282 2229 2639 2299; x_wconf 81' lang='grc' dir='ltr'>ύπερετέθηή</span> <span class='ocrx_word' id='word_1_350' title='bbox 2671 2228 2851 2299; x_wconf 80' lang='grc' dir='ltr'>ψῆφος</span> <span class='ocrx_word' id='word_1_351' title='bbox 2885 2230 2966 2292; x_wconf 84' lang='grc' dir='ltr'><strong>είς</strong></span> <span class='ocrx_word' id='word_1_352' title='bbox 2993 2229 3091 2300; x_wconf 79' lang='grc' dir='ltr'>τὴν</span> <span class='ocrx_word' id='word_1_353' title='bbox 3120 2229 3278 2300; x_wconf 78' lang='grc' dir='ltr'>ἑξῆς.</span> <span class='ocrx_word' id='word_1_354' title='bbox 3328 2229 3437 2282; x_wconf 75' lang='grc' dir='ltr'><strong>Καὶ</strong></span> <span class='ocrx_word' id='word_1_355' title='bbox 3471 2229 3611 2282; x_wconf 87' lang='grc' dir='ltr'><strong>κατά</strong></span> <span class='ocrx_word' id='word_1_356' title='bbox 3633 2229 3730 2298; x_wconf 82' lang='grc' dir='ltr'>τὴν</span> 
     </span>
    </p>
   </div>
   <div class='ocr_carea' id='block_1_53' title="bbox 2155 2318 3730 2392">
    <p class='ocr_par' dir='ltr' id='par_1_53' title="bbox 2155 2318 3730 2392">
     <span class='ocr_line' id='line_1_53' title="bbox 2155 2318 3730 2392; baseline 0.001 -19"><span class='ocrx_word' id='word_1_357' title='bbox 2155 2318 2218 2373; x_wconf 86' lang='grc' dir='ltr'>ια’</span> <span class='ocrx_word' id='word_1_358' title='bbox 2243 2320 2568 2385; x_wconf 80' lang='grc' dir='ltr'>συνέλευσιν,</span> <span class='ocrx_word' id='word_1_359' title='bbox 2597 2321 2706 2374; x_wconf 87' lang='grc' dir='ltr'><strong>τῶν</strong></span> <span class='ocrx_word' id='word_1_360' title='bbox 2729 2320 2990 2376; x_wconf 81' lang='grc' dir='ltr'>πλειόνων</span> <span class='ocrx_word' id='word_1_361' title='bbox 3011 2321 3325 2375; x_wconf 86' lang='grc' dir='ltr'>ἐπισκόπων</span> <span class='ocrx_word' id='word_1_362' title='bbox 3338 2320 3730 2392; x_wconf 75' lang='grc' dir='ltr'>ψηφισαμένων</span> 
     </span>
    </p>
   </div>
   <div class='ocr_carea' id='block_1_54' title="bbox 2151 2409 3728 2484">
    <p class='ocr_par' dir='ltr' id='par_1_54' title="bbox 2151 2409 3728 2484">
     <span class='ocr_line' id='line_1_54' title="bbox 2151 2409 3728 2484; baseline 0.001 -19"><span class='ocrx_word' id='word_1_363' title='bbox 2151 2411 2312 2465; x_wconf 78' lang='grc' dir='ltr'>αὐτὸν</span> <span class='ocrx_word' id='word_1_364' title='bbox 2329 2413 2382 2477; x_wconf 89' lang='grc' dir='ltr'><strong>ἐς</strong></span> <span class='ocrx_word' id='word_1_365' title='bbox 2397 2413 2576 2484; x_wconf 85' lang='grc' dir='ltr'>ίερέας</span> <span class='ocrx_word' id='word_1_366' title='bbox 2597 2409 2737 2467; x_wconf 78' lang='grc' dir='ltr'>εἶναι</span> <span class='ocrx_word' id='word_1_367' title='bbox 2753 2411 2886 2484; x_wconf 73' lang='grc'>(47),</span> <span class='ocrx_word' id='word_1_368' title='bbox 2900 2414 3046 2478; x_wconf 85' lang='grc' dir='ltr'>τινὲς</span> <span class='ocrx_word' id='word_1_369' title='bbox 3061 2413 3346 2468; x_wconf 83' lang='grc' dir='ltr'>ἐπίσκοποι</span> <span class='ocrx_word' id='word_1_370' title='bbox 3364 2415 3728 2482; x_wconf 83' lang='grc' dir='ltr'>ἀντειπόντες,</span> 
     </span>
    </p>
   </div>
   <div class='ocr_carea' id='block_1_55' title="bbox 2151 2504 3730 2578">
    <p class='ocr_par' dir='ltr' id='par_1_55' title="bbox 2151 2504 3730 2578">
     <span class='ocr_line' id='line_1_55' title="bbox 2151 2504 3730 2578; baseline 0.002 -21"><span class='ocrx_word' id='word_1_371' title='bbox 2151 2505 2404 2576; x_wconf 86' lang='grc' dir='ltr'>είρήκασι</span> <span class='ocrx_word' id='word_1_372' title='bbox 2437 2506 2564 2569; x_wconf 80' lang='grc' dir='ltr'>τοὺς</span> <span class='ocrx_word' id='word_1_373' title='bbox 2583 2506 2934 2578; x_wconf 84' lang='grc' dir='ltr'>κατηγόρους</span> <span class='ocrx_word' id='word_1_374' title='bbox 2963 2506 3127 2560; x_wconf 84' lang='grc' dir='ltr'>αὑτοῦ</span> <span class='ocrx_word' id='word_1_375' title='bbox 3154 2504 3430 2574; x_wconf 78' lang='grc' dir='ltr'>ἔξωεῐναι.</span> <span class='ocrx_word' id='word_1_376' title='bbox 3457 2508 3552 2561; x_wconf 75' lang='grc' dir='ltr'>καὶ</span> <span class='ocrx_word' id='word_1_377' title='bbox 3568 2505 3730 2576; x_wconf 77' lang='grc' dir='ltr'>ἠξίωο</span> 
     </span>
    </p>
   </div>
   <div class='ocr_carea' id='block_1_56' title="bbox 2154 2597 3730 2670">
    <p class='ocr_par' dir='ltr' id='par_1_56' title="bbox 2154 2597 3730 2670">
     <span class='ocr_line' id='line_1_56' title="bbox 2154 2597 3730 2670; baseline 0.001 -21"><span class='ocrx_word' id='word_1_378' title='bbox 2154 2612 2253 2650; x_wconf 88' lang='grc' dir='ltr'><strong>σαν</strong></span> <span class='ocrx_word' id='word_1_379' title='bbox 2282 2597 2480 2660; x_wconf 77' lang='grc' dir='ltr'>αὐτοὺς</span> <span class='ocrx_word' id='word_1_380' title='bbox 2513 2598 2782 2653; x_wconf 83' lang='grc' dir='ltr'>ἐπελθεῖν.</span> <span class='ocrx_word' id='word_1_381' title='bbox 2819 2601 2926 2652; x_wconf 76' lang='grc' dir='ltr'><strong>Καὶ</strong></span> <span class='ocrx_word' id='word_1_382' title='bbox 2948 2598 3366 2670; x_wconf 84' lang='grc' dir='ltr'>ἀνεγνώσθησαν</span> <span class='ocrx_word' id='word_1_383' title='bbox 3388 2599 3456 2653; x_wconf 79' lang='grc' dir='ltr'><strong>τὰ</strong></span> <span class='ocrx_word' id='word_1_384' title='bbox 3478 2600 3564 2652; x_wconf 85' lang='grc' dir='ltr'><strong>ἐπ’</strong></span> <span class='ocrx_word' id='word_1_385' title='bbox 3583 2598 3730 2667; x_wconf 81' lang='grc' dir='ltr'>αὐτῷ</span> 
     </span>
    </p>
   </div>
   <div class='ocr_carea' id='block_1_57' title="bbox 2153 2689 3732 2762">
    <p class='ocr_par' dir='ltr' id='par_1_57' title="bbox 2153 2689 3732 2762">
     <span class='ocr_line' id='line_1_57' title="bbox 2153 2689 3732 2762; baseline 0.001 -21"><span class='ocrx_word' id='word_1_386' title='bbox 2153 2689 2518 2759; x_wconf 83' lang='grc' dir='ltr'>πεπραγμένα</span> <span class='ocrx_word' id='word_1_387' title='bbox 2541 2705 2553 2720; x_wconf 81' lang='grc'><em>’</em></span> <span class='ocrx_word' id='word_1_388' title='bbox 2579 2690 2673 2743; x_wconf 68' lang='grc' dir='ltr'>καὶ</span> <span class='ocrx_word' id='word_1_389' title='bbox 2700 2689 3149 2761; x_wconf 79' lang='grc' dir='ltr'>διαλαλησάντων</span> <span class='ocrx_word' id='word_1_390' title='bbox 3179 2691 3457 2762; x_wconf 85' lang='grc' dir='ltr'>ἀρχόντων</span> <span class='ocrx_word' id='word_1_391' title='bbox 3484 2691 3732 2760; x_wconf 83' lang='grc' dir='ltr'>ἀναγνω-</span> 
     </span>
    </p>
   </div>
   <div class='ocr_carea' id='block_1_58' title="bbox 2156 2780 3730 2854">
    <p class='ocr_par' dir='ltr' id='par_1_58' title="bbox 2156 2780 3730 2854">
     <span class='ocr_line' id='line_1_58' title="bbox 2156 2780 3730 2854; baseline 0.004 -23"><span class='ocrx_word' id='word_1_392' title='bbox 2156 2780 2347 2849; x_wconf 85' lang='grc' dir='ltr'>σθῆναι</span> <span class='ocrx_word' id='word_1_393' title='bbox 2377 2781 2447 2834; x_wconf 86' lang='grc' dir='ltr'><strong>τά</strong></span> <span class='ocrx_word' id='word_1_394' title='bbox 2475 2782 2534 2833; x_wconf 82' lang='grc' dir='ltr'>ὲν</span> <span class='ocrx_word' id='word_1_395' title='bbox 2581 2783 2792 2852; x_wconf 83' lang='grc' dir='ltr'>Ἐφέσῳ</span> <span class='ocrx_word' id='word_1_396' title='bbox 2828 2783 3195 2854; x_wconf 89' lang='grc' dir='ltr'>πεπραγμένα</span> <span class='ocrx_word' id='word_1_397' title='bbox 3235 2783 3366 2854; x_wconf 70' lang='grc' dir='ltr'>περὶ</span> <span class='ocrx_word' id='word_1_398' title='bbox 3391 2783 3534 2849; x_wconf 75' lang='grc' dir='ltr'>Ἴδα,</span> <span class='ocrx_word' id='word_1_399' title='bbox 3578 2784 3730 2853; x_wconf 77' lang='grc' dir='ltr'>εἰρή-</span> 
     </span>
    </p>
   </div>
   <div class='ocr_carea' id='block_1_59' title="bbox 2153 2873 3734 2947">
    <p class='ocr_par' dir='ltr' id='par_1_59' title="bbox 2153 2873 3734 2947">
     <span class='ocr_line' id='line_1_59' title="bbox 2153 2873 3734 2947; baseline 0.003 -23"><span class='ocrx_word' id='word_1_400' title='bbox 2153 2889 2310 2925; x_wconf 88' lang='grc' dir='ltr'>κασιν</span> <span class='ocrx_word' id='word_1_401' title='bbox 2338 2875 2386 2926; x_wconf 87' lang='grc' dir='ltr'>οἱ</span> <span class='ocrx_word' id='word_1_402' title='bbox 2411 2873 2720 2942; x_wconf 86' lang='grc' dir='ltr'>ἐπίσκοποι,</span> <span class='ocrx_word' id='word_1_403' title='bbox 2743 2875 2920 2929; x_wconf 83' lang='grc' dir='ltr'>πάντα</span> <span class='ocrx_word' id='word_1_404' title='bbox 2962 2879 3029 2930; x_wconf 86' lang='grc' dir='ltr'>τὰ</span> <span class='ocrx_word' id='word_1_405' title='bbox 3055 2877 3116 2930; x_wconf 86' lang='grc' dir='ltr'><strong>ἐν</strong></span> <span class='ocrx_word' id='word_1_406' title='bbox 3131 2876 3341 2946; x_wconf 85' lang='grc' dir='ltr'>Ἐφέσῳ</span> <span class='ocrx_word' id='word_1_407' title='bbox 3366 2875 3734 2947; x_wconf 82' lang='grc' dir='ltr'>πεπραγμένα</span> 
     </span>
    </p>
   </div>
   <div class='ocr_carea' id='block_1_60' title="bbox 2153 2962 3736 3038">
    <p class='ocr_par' dir='ltr' id='par_1_60' title="bbox 2153 2962 3736 3038">
     <span class='ocr_line' id='line_1_60' title="bbox 2153 2962 3736 3038; baseline 0.001 -20"><span class='ocrx_word' id='word_1_408' title='bbox 2153 2965 2296 3018; x_wconf 85' lang='grc' dir='ltr'><strong>κατά</strong></span> <span class='ocrx_word' id='word_1_409' title='bbox 2319 2966 2418 3036; x_wconf 81' lang='grc' dir='ltr'>τὴν</span> <span class='ocrx_word' id='word_1_410' title='bbox 2445 2965 2704 3036; x_wconf 82' lang='grc' dir='ltr'>δευτέραν</span> <span class='ocrx_word' id='word_1_411' title='bbox 2737 2966 2978 3032; x_wconf 82' lang='grc' dir='ltr'>σύνοδον,</span> <span class='ocrx_word' id='word_1_412' title='bbox 3010 2966 3193 3037; x_wconf 78' lang='grc' dir='ltr'>ἄκυρα</span> <span class='ocrx_word' id='word_1_413' title='bbox 3235 2962 3401 3034; x_wconf 79' lang='grc' dir='ltr'>εἶναι,</span> <span class='ocrx_word' id='word_1_414' title='bbox 3430 2968 3602 3038; x_wconf 73' lang='grc' dir='ltr'>χωρὶς</span> <span class='ocrx_word' id='word_1_415' title='bbox 3634 2967 3736 3036; x_wconf 83' lang='grc' dir='ltr'><strong>τῆς</strong></span> 
     </span>
    </p>
   </div>
   <div class='ocr_carea' id='block_1_61' title="bbox 2153 3055 3735 3130">
    <p class='ocr_par' dir='ltr' id='par_1_61' title="bbox 2153 3055 3735 3130">
     <span class='ocr_line' id='line_1_61' title="bbox 2153 3055 3735 3130; baseline 0.003 -24"><span class='ocrx_word' id='word_1_416' title='bbox 2153 3055 2484 3125; x_wconf 84' lang='grc' dir='ltr'>χειροτονίας</span> <span class='ocrx_word' id='word_1_417' title='bbox 2505 3055 2759 3128; x_wconf 82' lang='grc' dir='ltr'>Μαξίμου</span> <span class='ocrx_word' id='word_1_418' title='bbox 2792 3058 2887 3112; x_wconf 82' lang='grc' dir='ltr'>τοῦ</span> <span class='ocrx_word' id='word_1_419' title='bbox 2929 3058 3281 3129; x_wconf 88' lang='grc' dir='ltr'>Ἀντιοχείας.</span> <span class='ocrx_word' id='word_1_420' title='bbox 3305 3059 3416 3113; x_wconf 76' lang='grc' dir='ltr'><strong>Καὶ</strong></span> <span class='ocrx_word' id='word_1_421' title='bbox 3436 3058 3735 3130; x_wconf 82' lang='grc' dir='ltr'>ἐδεήθησαν</span> 
     </span>
    </p>
   </div>
   <div class='ocr_carea' id='block_1_62' title="bbox 468 3147 2046 3234">
    <p class='ocr_par' dir='ltr' id='par_1_62' title="bbox 468 3148 2046 3224">
     <span class='ocr_line' id='line_1_62' title="bbox 468 3148 2046 3224; baseline 0.004 -21"><span class='ocrx_word' id='word_1_422' title='bbox 468 3157 617 3203; x_wconf 89' lang='lat' dir='ltr'><strong>tores</strong></span> <span class='ocrx_word' id='word_1_423' title='bbox 664 3148 771 3202; x_wconf 85' lang='lat' dir='ltr'><strong>lbae</strong></span> <span class='ocrx_word' id='word_1_424' title='bbox 813 3149 948 3203; x_wconf 80' lang='lat' dir='ltr'><strong>foris</strong></span> <span class='ocrx_word' id='word_1_425' title='bbox 998 3163 1154 3214; x_wconf 88' lang='lat' dir='ltr'><strong>esse,</strong></span> <span class='ocrx_word' id='word_1_426' title='bbox 1214 3152 1676 3223; x_wconf 89' lang='lat' dir='ltr'><strong>postularuntque</strong></span> <span class='ocrx_word' id='word_1_427' title='bbox 1722 3163 1783 3208; x_wconf 91' lang='lat' dir='ltr'><strong>ut</strong></span> <span class='ocrx_word' id='word_1_428' title='bbox 1836 3154 2046 3224; x_wconf 81' lang='lat' dir='ltr'><strong>ingredi</strong></span> 
     </span>
    </p>
   </div>
   <div class='ocr_carea' id='block_1_63' title="bbox 2151 3147 3735 3234">
    <p class='ocr_par' dir='ltr' id='par_1_63' title="bbox 2156 3147 3735 3221">
     <span class='ocr_line' id='line_1_63' title="bbox 2156 3147 3735 3221; baseline 0.003 -24"><span class='ocrx_word' id='word_1_429' title='bbox 2156 3147 2284 3217; x_wconf 77' lang='grc' dir='ltr'>περὶ</span> <span class='ocrx_word' id='word_1_430' title='bbox 2312 3147 2502 3200; x_wconf 87' lang='grc' dir='ltr'>τούτου</span> <span class='ocrx_word' id='word_1_431' title='bbox 2529 3149 2624 3202; x_wconf 76' lang='grc' dir='ltr'>καὶ</span> <span class='ocrx_word' id='word_1_432' title='bbox 2657 3149 2751 3203; x_wconf 86' lang='grc' dir='ltr'>τοῦ</span> <span class='ocrx_word' id='word_1_433' title='bbox 2782 3149 3065 3220; x_wconf 83' lang='grc' dir='ltr'>βασιλέως,</span> <span class='ocrx_word' id='word_1_434' title='bbox 3096 3149 3244 3203; x_wconf 83' lang='grc' dir='ltr'>ὥστε</span> <span class='ocrx_word' id='word_1_435' title='bbox 3272 3150 3532 3204; x_wconf 84' lang='grc' dir='ltr'>θεσπίσαι</span> <span class='ocrx_word' id='word_1_436' title='bbox 3569 3150 3735 3221; x_wconf 84' lang='grc' dir='ltr'>μηδὲν</span> 
     </span>
    </p>
   </div>
   <div class='ocr_carea' id='block_1_64' title="bbox 461 3239 2040 3312">
    <p class='ocr_par' dir='ltr' id='par_1_64' title="bbox 461 3239 2040 3312">
     <span class='ocr_line' id='line_1_64' title="bbox 461 3239 2040 3312; baseline 0.004 -18"><span class='ocrx_word' id='word_1_437' title='bbox 461 3239 814 3311; x_wconf 75' lang='lat' dir='ltr'><strong>iuberentur.</strong></span> <span class='ocrx_word' id='word_1_438' title='bbox 866 3240 1028 3295; x_wconf 87' lang='lat' dir='ltr'><strong>Lecta</strong></span> <span class='ocrx_word' id='word_1_439' title='bbox 1077 3250 1206 3296; x_wconf 87' lang='lat' dir='ltr'><strong>sunt</strong></span> <span class='ocrx_word' id='word_1_440' title='bbox 1252 3242 1418 3312; x_wconf 83' lang='lat' dir='ltr'><strong>igitur</strong></span> <span class='ocrx_word' id='word_1_441' title='bbox 1447 3260 1568 3312; x_wconf 78' lang='lat' dir='ltr'><strong>qua:</strong></span> <span class='ocrx_word' id='word_1_442' title='bbox 1601 3245 1864 3300; x_wconf 81' lang='lat' dir='ltr'><strong>adversus</strong></span> <span class='ocrx_word' id='word_1_443' title='bbox 1891 3245 2040 3300; x_wconf 84' lang='lat' dir='ltr'><strong>Ibam</strong></span> 
     </span>
    </p>
   </div>
   <div class='ocr_carea' id='block_1_65' title="bbox 465 3329 2044 3402">
    <p class='ocr_par' dir='ltr' id='par_1_65' title="bbox 465 3329 2044 3402">
     <span class='ocr_line' id='line_1_65' title="bbox 465 3329 2044 3402; baseline 0.001 -18"><span class='ocrx_word' id='word_1_444' title='bbox 465 3337 615 3401; x_wconf 78' lang='lat' dir='ltr'><strong>gesta</strong></span> <span class='ocrx_word' id='word_1_445' title='bbox 645 3329 881 3384; x_wconf 86' lang='lat' dir='ltr'><strong>fuerant.</strong></span> <span class='ocrx_word' id='word_1_446' title='bbox 923 3329 1168 3400; x_wconf 89' lang='lat' dir='ltr'><strong>Cumque</strong></span> <span class='ocrx_word' id='word_1_447' title='bbox 1197 3331 1411 3402; x_wconf 89' lang='lat' dir='ltr'><strong>judices</strong></span> <span class='ocrx_word' id='word_1_448' title='bbox 1443 3331 1865 3386; x_wconf 88' lang='lat' dir='ltr'><strong>interlocutione</strong></span> <span class='ocrx_word' id='word_1_449' title='bbox 1901 3330 2044 3386; x_wconf 84' lang='lat' dir='ltr'><strong>facta</strong></span> 
     </span>
    </p>
   </div>
   <div class='ocr_carea' id='block_1_66' title="bbox 464 3420 2046 3493">
    <p class='ocr_par' dir='ltr' id='par_1_66' title="bbox 464 3420 2046 3493">
     <span class='ocr_line' id='line_1_66' title="bbox 464 3420 2046 3493; baseline 0.003 -19"><span class='ocrx_word' id='word_1_450' title='bbox 464 3420 876 3490; x_wconf 64' lang='lat' dir='ltr'><strong>praecepissent,</strong></span> <span class='ocrx_word' id='word_1_451' title='bbox 916 3429 975 3475; x_wconf 91' lang='lat' dir='ltr'><strong>ut</strong></span> <span class='ocrx_word' id='word_1_452' title='bbox 1006 3436 1091 3484; x_wconf 86' lang='lat' dir='ltr'><strong>ea,</strong></span> <span class='ocrx_word' id='word_1_453' title='bbox 1118 3437 1241 3491; x_wconf 63' lang='lat' dir='ltr'><strong>qua:</strong></span> <span class='ocrx_word' id='word_1_454' title='bbox 1270 3430 1464 3476; x_wconf 88' lang='lat' dir='ltr'><strong>contra</strong></span> <span class='ocrx_word' id='word_1_455' title='bbox 1498 3422 1648 3476; x_wconf 86' lang='lat' dir='ltr'><strong>Ibam</strong></span> <span class='ocrx_word' id='word_1_456' title='bbox 1695 3431 1846 3493; x_wconf 78' lang='lat' dir='ltr'><strong>gesta</strong></span> <span class='ocrx_word' id='word_1_457' title='bbox 1885 3430 2046 3478; x_wconf 90' lang='lat' dir='ltr'><strong>erant</strong></span> 
     </span>
    </p>
   </div>
   <div class='ocr_carea' id='block_1_67' title="bbox 2150 3237 3731 3313">
    <p class='ocr_par' dir='ltr' id='par_1_67' title="bbox 2150 3237 3731 3313">
     <span class='ocr_line' id='line_1_67' title="bbox 2150 3237 3731 3313; baseline 0.003 -22"><span class='ocrx_word' id='word_1_458' title='bbox 2150 3237 2259 3292; x_wconf 85' lang='grc' dir='ltr'><strong>τῶν</strong></span> <span class='ocrx_word' id='word_1_459' title='bbox 2288 3239 2346 3291; x_wconf 81' lang='grc' dir='ltr'><strong>ἐν</strong></span> <span class='ocrx_word' id='word_1_460' title='bbox 2384 3239 2593 3310; x_wconf 83' lang='grc' dir='ltr'>Ἐφέσῳ</span> <span class='ocrx_word' id='word_1_461' title='bbox 2626 3242 2766 3311; x_wconf 78' lang='grc' dir='ltr'>μετὰ</span> <span class='ocrx_word' id='word_1_462' title='bbox 2819 3241 2918 3312; x_wconf 82' lang='grc' dir='ltr'>τὴν</span> <span class='ocrx_word' id='word_1_463' title='bbox 2954 3239 3179 3312; x_wconf 85' lang='grc' dir='ltr'>πρώτην</span> <span class='ocrx_word' id='word_1_464' title='bbox 3209 3242 3428 3296; x_wconf 85' lang='grc' dir='ltr'>σύνοδον</span> <span class='ocrx_word' id='word_1_465' title='bbox 3486 3245 3731 3313; x_wconf 87' lang='grc' dir='ltr'>κρατεῖν,</span> 
     </span>
    </p>
   </div>
   <div class='ocr_carea' id='block_1_68' title="bbox 2152 3322 3735 3406">
    <p class='ocr_par' dir='ltr' id='par_1_68' title="bbox 2152 3322 3735 3406">
     <span class='ocr_line' id='line_1_68' title="bbox 2152 3322 3735 3406; baseline 0.002 -23"><span class='ocrx_word' id='word_1_466' title='bbox 2152 3322 2220 3399; x_wconf 78' lang='grc' dir='ltr'><strong>ἧς</strong></span> <span class='ocrx_word' id='word_1_467' title='bbox 2269 3329 2514 3399; x_wconf 82' lang='grc' dir='ltr'>ἡγήσατο</span> <span class='ocrx_word' id='word_1_468' title='bbox 2553 3334 2582 3384; x_wconf 90' lang='grc' dir='ltr'><strong>ό</strong></span> <span class='ocrx_word' id='word_1_469' title='bbox 2614 3333 2673 3384; x_wconf 90' lang='grc' dir='ltr'><strong>ἐν</strong></span> <span class='ocrx_word' id='word_1_470' title='bbox 2725 3332 2901 3402; x_wconf 84' lang='grc' dir='ltr'>ἁγίοις</span> <span class='ocrx_word' id='word_1_471' title='bbox 2941 3334 3204 3406; x_wconf 84' lang='grc' dir='ltr'>Κύριλλος</span> <span class='ocrx_word' id='word_1_472' title='bbox 3266 3336 3295 3388; x_wconf 86' lang='grc' dir='ltr'>ὁ</span> <span class='ocrx_word' id='word_1_473' title='bbox 3343 3336 3452 3388; x_wconf 85' lang='grc' dir='ltr'><strong>τῶν</strong></span> <span class='ocrx_word' id='word_1_474' title='bbox 3485 3333 3735 3398; x_wconf 83' lang='grc' dir='ltr'>Ἀλεξαν-</span> 
     </span>
    </p>
   </div>
   <div class='ocr_carea' id='block_1_69' title="bbox 2152 3421 3736 3499">
    <p class='ocr_par' dir='ltr' id='par_1_69' title="bbox 2152 3421 3736 3499">
     <span class='ocr_line' id='line_1_69' title="bbox 2152 3421 3736 3499; baseline 0.004 -25"><span class='ocrx_word' id='word_1_475' title='bbox 2152 3421 2322 3490; x_wconf 88' lang='grc' dir='ltr'>δρέων</span> <span class='ocrx_word' id='word_1_476' title='bbox 2349 3423 2631 3495; x_wconf 85' lang='grc' dir='ltr'>πρόεδρος.</span> <span class='ocrx_word' id='word_1_477' title='bbox 2660 3426 2769 3478; x_wconf 74' lang='grc' dir='ltr'><strong>Καὶ</strong></span> <span class='ocrx_word' id='word_1_478' title='bbox 2785 3426 3080 3499; x_wconf 86' lang='grc' dir='ltr'>ἐδικαιώθη</span> <span class='ocrx_word' id='word_1_479' title='bbox 3106 3427 3206 3499; x_wconf 84' lang='grc' dir='ltr'><strong>τὴν</strong></span> <span class='ocrx_word' id='word_1_480' title='bbox 3233 3427 3543 3498; x_wconf 78' lang='grc' dir='ltr'>ἐπισκοπὴν</span> <span class='ocrx_word' id='word_1_481' title='bbox 3572 3427 3736 3480; x_wconf 78' lang='grc' dir='ltr'>αὑτὸν</span> 
     </span>
    </p>
   </div>
   <div class='ocr_carea' id='block_1_70' title="bbox 465 3510 2046 3596">
    <p class='ocr_par' dir='ltr' id='par_1_70' title="bbox 465 3510 2042 3582">
     <span class='ocr_line' id='line_1_70' title="bbox 465 3510 2042 3582; baseline 0.002 -17"><span class='ocrx_word' id='word_1_482' title='bbox 465 3510 694 3580; x_wconf 86' lang='lat' dir='ltr'><strong>Ephesi,</strong></span> <span class='ocrx_word' id='word_1_483' title='bbox 744 3512 1143 3578; x_wconf 83' lang='lat' dir='ltr'><strong>recitarentur,</strong></span> <span class='ocrx_word' id='word_1_484' title='bbox 1205 3513 1450 3582; x_wconf 87' lang='lat' dir='ltr'><strong>episc0pi</strong></span> <span class='ocrx_word' id='word_1_485' title='bbox 1503 3513 1794 3579; x_wconf 82' lang='lat' dir='ltr'><strong>dixerunt,</strong></span> <span class='ocrx_word' id='word_1_486' title='bbox 1844 3523 2042 3568; x_wconf 87' lang='lat' dir='ltr'><strong>cuncta</strong></span> 
     </span>
    </p>
   </div>
   <div class='ocr_carea' id='block_1_71' title="bbox 2151 3510 3737 3596">
    <p class='ocr_par' dir='ltr' id='par_1_71' title="bbox 2151 3515 3737 3596">
     <span class='ocr_line' id='line_1_71' title="bbox 2151 3515 3737 3596; baseline 0.004 -28"><span class='ocrx_word' id='word_1_487' title='bbox 2151 3515 2290 3586; x_wconf 76' lang='grc' dir='ltr'>ἔχειν</span> <span class='ocrx_word' id='word_1_488' title='bbox 2320 3517 2446 3590; x_wconf 76' lang='grc' dir='ltr'>.(ιι).</span> <span class='ocrx_word' id='word_1_489' title='bbox 2485 3520 2622 3574; x_wconf 77' lang='grc' dir='ltr'>Καθ’</span> <span class='ocrx_word' id='word_1_490' title='bbox 2677 3521 2871 3593; x_wconf 87' lang='grc' dir='ltr'>ἐτέραν</span> <span class='ocrx_word' id='word_1_491' title='bbox 2903 3523 3126 3595; x_wconf 78' lang='grc' dir='ltr'>πρᾶξιν,</span> <span class='ocrx_word' id='word_1_492' title='bbox 3182 3523 3424 3596; x_wconf 83' lang='grc' dir='ltr'>ἐζητήθη</span> <span class='ocrx_word' id='word_1_493' title='bbox 3455 3523 3523 3576; x_wconf 86' lang='grc' dir='ltr'><strong>τά</strong></span> <span class='ocrx_word' id='word_1_494' title='bbox 3588 3523 3737 3576; x_wconf 88' lang='grc' dir='ltr'><strong>κατά</strong></span> 
     </span>
    </p>
   </div>
   <div class='ocr_carea' id='block_1_72' title="bbox 464 3601 2040 3674">
    <p class='ocr_par' dir='ltr' id='par_1_72' title="bbox 464 3601 2040 3674">
     <span class='ocr_line' id='line_1_72' title="bbox 464 3601 2040 3674; baseline 0.001 -17"><span class='ocrx_word' id='word_1_495' title='bbox 464 3617 588 3672; x_wconf 68' lang='lat' dir='ltr'><strong>qua:</strong></span> <span class='ocrx_word' id='word_1_496' title='bbox 643 3601 700 3656; x_wconf 92' lang='lat' dir='ltr'><strong>in</strong></span> <span class='ocrx_word' id='word_1_497' title='bbox 745 3602 990 3658; x_wconf 86' lang='lat' dir='ltr'><strong>secunda</strong></span> <span class='ocrx_word' id='word_1_498' title='bbox 1039 3602 1248 3674; x_wconf 79' lang='lat' dir='ltr'><strong>synodo</strong></span> <span class='ocrx_word' id='word_1_499' title='bbox 1297 3601 1574 3672; x_wconf 87' lang='lat' dir='ltr'><strong>Ephesina</strong></span> <span class='ocrx_word' id='word_1_500' title='bbox 1626 3609 1746 3656; x_wconf 89' lang='lat' dir='ltr'><strong>acta</strong></span> <span class='ocrx_word' id='word_1_501' title='bbox 1790 3602 2040 3670; x_wconf 79' lang='lat' dir='ltr'><strong>fuerant,</strong></span> 
     </span>
    </p>
   </div>
   <div class='ocr_carea' id='block_1_73' title="bbox 2147 3609 3736 3688">
    <p class='ocr_par' dir='ltr' id='par_1_73' title="bbox 2147 3609 3736 3688">
     <span class='ocr_line' id='line_1_73' title="bbox 2147 3609 3736 3688; baseline 0.006 -28"><span class='ocrx_word' id='word_1_502' title='bbox 2147 3609 2450 3664; x_wconf 84' lang='grc' dir='ltr'>Βασσιανὺν</span> <span class='ocrx_word' id='word_1_503' title='bbox 2477 3611 2550 3684; x_wconf 89' lang='grc' dir='ltr'><strong>(υ)</strong></span> <span class='ocrx_word' id='word_1_504' title='bbox 2579 3612 2880 3670; x_wconf 86' lang='grc' dir='ltr'>ἐπίσκοπον</span> <span class='ocrx_word' id='word_1_505' title='bbox 2893 3617 2994 3688; x_wconf 84' lang='grc' dir='ltr'>τῆς</span> <span class='ocrx_word' id='word_1_506' title='bbox 3019 3615 3310 3687; x_wconf 84' lang='grc' dir='ltr'>Ἐφεσίων,</span> <span class='ocrx_word' id='word_1_507' title='bbox 3330 3617 3422 3670; x_wconf 72' lang='grc' dir='ltr'>καὶ</span> <span class='ocrx_word' id='word_1_508' title='bbox 3438 3615 3736 3686; x_wconf 82' lang='grc' dir='ltr'>ἐδικαιώθη</span> 
     </span>
    </p>
   </div>
   <div class='ocr_carea' id='block_1_74' title="bbox 1745 3740 2422 3806">
    <p class='ocr_par' dir='ltr' id='par_1_74' title="bbox 1745 3740 2422 3806">
     <span class='ocr_line' id='line_1_74' title="bbox 1745 3740 2422 3806; baseline 0.016 -11"><span class='ocrx_word' id='word_1_509' title='bbox 1745 3740 1984 3799; x_wconf 64' lang='grc' dir='ltr'><strong>ἾΑΒΙᾹΞ</strong></span> <span class='ocrx_word' id='word_1_510' title='bbox 2013 3744 2422 3806; x_wconf 78' lang='lat' dir='ltr'><strong>LECTIONES.</strong></span> 
     </span>
    </p>
   </div>
   <div class='ocr_carea' id='block_1_75' title="bbox 537 3835 982 3910">
    <p class='ocr_par' dir='ltr' id='par_1_75' title="bbox 537 3835 982 3910">
     <span class='ocr_line' id='line_1_75' title="bbox 537 3835 982 3910; baseline 0 -17"><span class='ocrx_word' id='word_1_511' title='bbox 537 3837 583 3870; x_wconf 86' lang='grc'><strong><em>⁶⁹</em></strong></span> <span class='ocrx_word' id='word_1_512' title='bbox 615 3835 678 3893; x_wconf 90' lang='lat' dir='ltr'><strong>C.</strong></span> <span class='ocrx_word' id='word_1_513' title='bbox 704 3837 767 3894; x_wconf 79' lang='lat' dir='ltr'><strong>C.</strong></span> <span class='ocrx_word' id='word_1_514' title='bbox 797 3835 982 3910; x_wconf 80' lang='grc' dir='ltr'>ἑτέρᾳ.</span> 
     </span>
    </p>
   </div>
   <div class='ocr_carea' id='block_1_76' title="bbox 1675 3958 2552 4024">
    <p class='ocr_par' dir='ltr' id='par_1_76' title="bbox 1675 3958 2552 4024">
     <span class='ocr_line' id='line_1_76' title="bbox 1675 3958 2552 4024; baseline 0.015 -12"><span class='ocrx_word' id='word_1_515' title='bbox 1675 3958 1946 4017; x_wconf 83' lang='lat' dir='ltr'><strong>VALESII</strong></span> <span class='ocrx_word' id='word_1_516' title='bbox 1985 3959 2552 4024; x_wconf 83' lang='lat' dir='ltr'><strong>ANNOTATIONES.</strong></span> 
     </span>
    </p>
   </div>
   <div class='ocr_carea' id='block_1_77' title="bbox 465 4051 2035 4175">
    <p class='ocr_par' dir='ltr' id='par_1_77' title="bbox 465 4051 2035 4175">
     <span class='ocr_line' id='line_1_77' title="bbox 465 4051 2035 4175; baseline 0.003 -69"><span class='ocrx_word' id='word_1_517' title='bbox 465 4051 889 4175; x_wconf 57' lang='lat' dir='ltr'><strong>provincialium</strong></span> <span class='ocrx_word' id='word_1_518' title='bbox 915 4051 1124 4123; x_wconf 89' lang='lat' dir='ltr'><strong>absque</strong></span> <span class='ocrx_word' id='word_1_519' title='bbox 1173 4067 1447 4108; x_wconf 89' lang='lat' dir='ltr'><strong>consensu</strong></span> <span class='ocrx_word' id='word_1_520' title='bbox 1481 4053 1892 4122; x_wconf 87' lang='lat' dir='ltr'><strong>metropolitani</strong></span> <span class='ocrx_word' id='word_1_521' title='bbox 1921 4071 2035 4110; x_wconf 91' lang='lat' dir='ltr'><strong>non</strong></span> 
     </span>
     <span class='ocr_line' id='line_1_78' title="bbox 506 4123 2035 4175; baseline 0 0"><span class='ocrx_word' id='word_1_522' title='bbox 506 4130 634 4175; x_wconf 87' lang='lat' dir='ltr'><strong>ant:</strong></span> <span class='ocrx_word' id='word_1_523' title='bbox 660 4131 718 4175; x_wconf 89' lang='lat' dir='ltr'><strong>et</strong></span> <span class='ocrx_word' id='word_1_524' title='bbox 743 4131 803 4175; x_wconf 91' lang='lat' dir='ltr'><strong>ut</strong></span> <span class='ocrx_word' id='word_1_525' title='bbox 830 4123 1126 4175; x_wconf 88' lang='lat' dir='ltr'><strong>enisconus</strong></span> <span class='ocrx_word' id='word_1_526' title='bbox 1169 4123 1626 4175; x_wconf 86' lang='lat' dir='ltr'><strong>metronolitanus</strong></span> <span class='ocrx_word' id='word_1_527' title='bbox 1669 4123 2035 4175; x_wconf 78' lang='lat' dir='ltr'><strong>provinciales</strong></span> 
     </span>
    </p>
   </div>
   <div class='ocr_carea' id='block_1_78' title="bbox 2211 4058 3731 4132">
    <p class='ocr_par' dir='ltr' id='par_1_78' title="bbox 2211 4058 3731 4132">
     <span class='ocr_line' id='line_1_79' title="bbox 2211 4058 3731 4132; baseline 0.003 -18"><span class='ocrx_word' id='word_1_528' title='bbox 2211 4058 2325 4132; x_wconf 66' lang='grc'>(46)</span> <span class='ocrx_word' id='word_1_529' title='bbox 2385 4062 2496 4115; x_wconf 76' lang='grc' dir='ltr'><strong>Καὶ</strong></span> <span class='ocrx_word' id='word_1_530' title='bbox 2561 4063 2714 4119; x_wconf 81' lang='grc' dir='ltr'>κατὰ</span> <span class='ocrx_word' id='word_1_531' title='bbox 2772 4065 2890 4131; x_wconf 74' lang='grc' dir='ltr'><strong>τὴν</strong></span> <span class='ocrx_word' id='word_1_532' title='bbox 2913 4067 3141 4132; x_wconf 75' lang='grc' dir='ltr'>ἐνάτην</span> <span class='ocrx_word' id='word_1_533' title='bbox 3185 4063 3476 4120; x_wconf 80' lang='grc' dir='ltr'>σύνοδον.</span> <span class='ocrx_word' id='word_1_534' title='bbox 3509 4064 3622 4118; x_wconf 84' lang='lat' dir='ltr'><strong>lmo</strong></span> <span class='ocrx_word' id='word_1_535' title='bbox 3674 4063 3731 4118; x_wconf 91' lang='lat' dir='ltr'><strong>in</strong></span> 
     </span>
    </p>
   </div>
   <div class='ocr_carea' id='block_1_79' title="bbox 506 4123 3733 4204">
    <p class='ocr_par' dir='ltr' id='par_1_79' title="bbox 506 4123 3733 4204">
     <span class='ocr_line' id='line_1_80' title="bbox 506 4123 3733 4204; baseline 0.003 -28"><span class='ocrx_word' id='word_1_536' title='bbox 506 4130 718 4202; x_wconf 79' lang='lat' dir='ltr'><strong>apt:et</strong></span> <span class='ocrx_word' id='word_1_537' title='bbox 743 4131 803 4176; x_wconf 90' lang='lat' dir='ltr'><strong>ut</strong></span> <span class='ocrx_word' id='word_1_538' title='bbox 824 4123 1126 4204; x_wconf 66' lang='lat' dir='ltr'><strong>episcopus</strong></span> <span class='ocrx_word' id='word_1_539' title='bbox 1169 4123 2037 4204; x_wconf 67' lang='lat' dir='ltr'><strong>metropolitanus_provinciales</strong></span> <span class='ocrx_word' id='word_1_540' title='bbox 2134 4123 2351 4186; x_wconf 78' lang='lat' dir='ltr'><strong>actione</strong></span> <span class='ocrx_word' id='word_1_541' title='bbox 2380 4146 2548 4204; x_wconf 77' lang='lat' dir='ltr'><strong>nona,</strong></span> <span class='ocrx_word' id='word_1_542' title='bbox 2618 4148 2782 4190; x_wconf 90' lang='lat' dir='ltr'><strong>causa</strong></span> <span class='ocrx_word' id='word_1_543' title='bbox 2828 4123 3152 4192; x_wconf 78' lang='lat' dir='ltr'><strong>Theodoriti</strong></span> <span class='ocrx_word' id='word_1_544' title='bbox 3207 4135 3452 4203; x_wconf 87' lang='lat' dir='ltr'><strong>episcopi</strong></span> <span class='ocrx_word' id='word_1_545' title='bbox 3488 4134 3733 4204; x_wconf 86' lang='lat' dir='ltr'><strong>judicata</strong></span> 
     </span>
    </p>
   </div>
   <div class='ocr_carea' id='block_1_80' title="bbox 465 4192 2033 4264">
    <p class='ocr_par' dir='ltr' id='par_1_80' title="bbox 465 4192 2033 4264">
     <span class='ocr_line' id='line_1_81' title="bbox 465 4192 2033 4264; baseline 0.003 -19"><span class='ocrx_word' id='word_1_546' title='bbox 465 4192 756 4262; x_wconf 86' lang='lat' dir='ltr'><strong>episcopos</strong></span> <span class='ocrx_word' id='word_1_547' title='bbox 772 4192 840 4264; x_wconf 70' lang='lat' dir='ltr'><strong>ad</strong></span> <span class='ocrx_word' id='word_1_548' title='bbox 866 4192 1162 4249; x_wconf 90' lang='lat' dir='ltr'><strong>concilium</strong></span> <span class='ocrx_word' id='word_1_549' title='bbox 1194 4192 1356 4249; x_wconf 83' lang='lat' dir='ltr'><strong>suum</strong></span> <span class='ocrx_word' id='word_1_550' title='bbox 1383 4193 1686 4264; x_wconf 39' lang='lat' dir='ltr'><strong>evocandi“</strong></span> <span class='ocrx_word' id='word_1_551' title='bbox 1707 4193 1909 4264; x_wconf 74' lang='lat' dir='ltr'><strong>habeat</strong></span> <span class='ocrx_word' id='word_1_552' title='bbox 1935 4210 2033 4264; x_wconf 90' lang='lat' dir='ltr'><strong>po-</strong></span> 
     </span>
    </p>
   </div>
   <div class='ocr_carea' id='block_1_81' title="bbox 468 4261 2034 4332">
    <p class='ocr_par' dir='ltr' id='par_1_81' title="bbox 468 4261 2034 4332">
     <span class='ocr_line' id='line_1_82' title="bbox 468 4261 2034 4332; baseline 0.003 -18"><span class='ocrx_word' id='word_1_553' title='bbox 468 4261 744 4332; x_wconf 87' lang='lat' dir='ltr'><strong>testatem.</strong></span> <span class='ocrx_word' id='word_1_554' title='bbox 767 4261 1038 4317; x_wconf 85' lang='lat' dir='ltr'><strong>Caeterum</strong></span> <span class='ocrx_word' id='word_1_555' title='bbox 1061 4264 1118 4317; x_wconf 92' lang='lat' dir='ltr'><strong>in</strong></span> <span class='ocrx_word' id='word_1_556' title='bbox 1153 4264 1527 4332; x_wconf 89' lang='lat' dir='ltr'><strong>manuscripto</strong></span> <span class='ocrx_word' id='word_1_557' title='bbox 1567 4261 1758 4317; x_wconf 90' lang='lat' dir='ltr'><strong>codice</strong></span> <span class='ocrx_word' id='word_1_558' title='bbox 1805 4261 2034 4318; x_wconf 83' lang='lat' dir='ltr'><strong>Floren-</strong></span> 
     </span>
    </p>
   </div>
   <div class='ocr_carea' id='block_1_82' title="bbox 2137 4201 3729 4272">
    <p class='ocr_par' dir='ltr' id='par_1_82' title="bbox 2137 4201 3729 4272">
     <span class='ocr_line' id='line_1_83' title="bbox 2137 4201 3729 4272; baseline 0.004 -20"><span class='ocrx_word' id='word_1_559' title='bbox 2137 4207 2241 4272; x_wconf 83' lang='lat' dir='ltr'><strong>est,</strong></span> <span class='ocrx_word' id='word_1_560' title='bbox 2273 4209 2336 4254; x_wconf 92' lang='lat' dir='ltr'><strong>ut</strong></span> <span class='ocrx_word' id='word_1_561' title='bbox 2366 4201 2669 4272; x_wconf 67' lang='lat' dir='ltr'><strong>praeferunt</strong></span> <span class='ocrx_word' id='word_1_562' title='bbox 2693 4207 2871 4260; x_wconf 90' lang='lat' dir='ltr'><strong>nostri</strong></span> <span class='ocrx_word' id='word_1_563' title='bbox 2913 4207 3158 4261; x_wconf 91' lang='lat' dir='ltr'><strong>codices.</strong></span> <span class='ocrx_word' id='word_1_564' title='bbox 3209 4201 3414 4260; x_wconf 81' lang='lat' dir='ltr'><strong>Verum</strong></span> <span class='ocrx_word' id='word_1_565' title='bbox 3445 4201 3729 4272; x_wconf 64' lang='lat' dir='ltr'><strong>eiempla-</strong></span> 
     </span>
    </p>
   </div>
   <div class='ocr_carea' id='block_1_83' title="bbox 2141 4269 3726 4346">
    <p class='ocr_par' dir='ltr' id='par_1_83' title="bbox 2141 4269 3726 4346">
     <span class='ocr_line' id='line_1_84' title="bbox 2141 4269 3726 4346; baseline 0.003 -24"><span class='ocrx_word' id='word_1_566' title='bbox 2141 4269 2221 4346; x_wconf 82' lang='lat' dir='ltr'><strong>r_i_a</strong></span> <span class='ocrx_word' id='word_1_567' title='bbox 2247 4271 2440 4346; x_wconf 74' lang='lat' dir='ltr'><strong>synodi</strong></span> <span class='ocrx_word' id='word_1_568' title='bbox 2460 4271 2943 4346; x_wconf 88' lang='lat' dir='ltr'><strong>_Chalce_d_onensis</strong></span> <span class='ocrx_word' id='word_1_569' title='bbox 2961 4276 3168 4346; x_wconf 85' lang='lat' dir='ltr'><strong>quibus</strong></span> <span class='ocrx_word' id='word_1_570' title='bbox 3187 4290 3321 4346; x_wconf 78' lang='lat' dir='ltr'><strong>usus</strong></span> <span class='ocrx_word' id='word_1_571' title='bbox 3339 4282 3425 4329; x_wconf 89' lang='lat' dir='ltr'><strong>est</strong></span> <span class='ocrx_word' id='word_1_572' title='bbox 3438 4269 3726 4346; x_wconf 79' lang='lat' dir='ltr'><strong>Evagrius,</strong></span> 
     </span>
    </p>
   </div>
   <div class='ocr_carea' id='block_1_84' title="bbox 467 4330 3726 4413">
    <p class='ocr_par' dir='ltr' id='par_1_84' title="bbox 467 4330 3726 4413">
     <span class='ocr_line' id='line_1_85' title="bbox 467 4330 3726 4413; baseline 0.003 -28"><span class='ocrx_word' id='word_1_573' title='bbox 467 4330 1030 4413; x_wconf 44' lang='grc' dir='ltr'>ξξηοῆιςαλχηδοναίων</span> <span class='ocrx_word' id='word_1_574' title='bbox 1064 4333 1332 4413; x_wconf 86' lang='lat' dir='ltr'><strong>scriptum</strong></span> <span class='ocrx_word' id='word_1_575' title='bbox 1351 4330 1559 4413; x_wconf 67' lang='lat' dir='ltr'><strong>inveni,</strong></span> <span class='ocrx_word' id='word_1_576' title='bbox 1593 4332 2039 4413; x_wconf 59' lang='lat' dir='ltr'><strong>licet_in__cqnci«</strong></span> <span class='ocrx_word' id='word_1_577' title='bbox 2143 4330 2570 4413; x_wconf 52' lang='lat' dir='ltr'><strong>diversaluisse</strong></span> <span class='ocrx_word' id='word_1_578' title='bbox 2629 4342 2893 4399; x_wconf 83' lang='lat' dir='ltr'><strong>videntur</strong></span> <span class='ocrx_word' id='word_1_579' title='bbox 2921 4362 2951 4400; x_wconf 93' lang='lat' dir='ltr'><strong>a</strong></span> <span class='ocrx_word' id='word_1_580' title='bbox 2978 4330 3224 4400; x_wconf 44' lang='lat' dir='ltr'><strong>‘nostris.</strong></span> <span class='ocrx_word' id='word_1_581' title='bbox 3256 4345 3415 4405; x_wconf 86' lang='lat' dir='ltr'><strong>Nam.</strong></span> <span class='ocrx_word' id='word_1_582' title='bbox 3453 4352 3514 4397; x_wconf 93' lang='lat' dir='ltr'><strong>ut</strong></span> <span class='ocrx_word' id='word_1_583' title='bbox 3553 4330 3726 4413; x_wconf 63' lang='lat' dir='ltr'><strong>paulo</strong></span> 
     </span>
    </p>
   </div>
   <div class='ocr_carea' id='block_1_85' title="bbox 467 4399 2037 4483">
    <p class='ocr_par' dir='ltr' id='par_1_85' title="bbox 467 4399 2037 4483">
     <span class='ocr_line' id='line_1_86' title="bbox 467 4399 2037 4483; baseline 0.001 -29"><span class='ocrx_word' id='word_1_584' title='bbox 467 4399 1016 4483; x_wconf 35' lang='lat' dir='ltr'><strong>lioDChal&#39;cedonensi</strong></span> <span class='ocrx_word' id='word_1_585' title='bbox 1061 4399 1331 4483; x_wconf 76' lang='lat' dir='ltr'><strong>perpetuo</strong></span> <span class='ocrx_word' id='word_1_586' title='bbox 1375 4404 1644 4483; x_wconf 75' lang='lat' dir='ltr'><strong>scriptum</strong></span> <span class='ocrx_word' id='word_1_587' title='bbox 1681 4402 1755 4456; x_wconf 88' lang='lat' dir='ltr'><strong>sit</strong></span> <span class='ocrx_word' id='word_1_588' title='bbox 1813 4403 2037 4483; x_wconf 64' lang='grc' dir='ltr'>Καλχη-</span> 
     </span>
    </p>
   </div>
   <div class='ocr_carea' id='block_1_86' title="bbox 465 4470 2035 4544">
    <p class='ocr_par' dir='ltr' id='par_1_86' title="bbox 465 4470 2035 4544">
     <span class='ocr_line' id='line_1_87' title="bbox 465 4470 2035 4544; baseline 0.003 -21"><span class='ocrx_word' id='word_1_589' title='bbox 465 4470 676 4544; x_wconf 74' lang='grc' dir='ltr'>δονίων.</span> <span class='ocrx_word' id='word_1_590' title='bbox 710 4470 1308 4544; x_wconf 49' lang='lat' dir='ltr'><strong>Regulariter—quidem</strong></span> <span class='ocrx_word' id='word_1_591' title='bbox 1329 4470 1690 4544; x_wconf 83' lang='lat' dir='ltr'><strong>scribendum</strong></span> <span class='ocrx_word' id='word_1_592' title='bbox 1719 4480 1866 4528; x_wconf 90' lang='lat' dir='ltr'><strong>esset</strong></span> <span class='ocrx_word' id='word_1_593' title='bbox 1890 4470 2035 4527; x_wconf 55' lang='lat' dir='ltr'><strong>Kal-</strong></span> 
     </span>
    </p>
   </div>
   <div class='ocr_carea' id='block_1_87' title="bbox 2145 4410 3731 4483">
    <p class='ocr_par' dir='ltr' id='par_1_87' title="bbox 2145 4410 3731 4483">
     <span class='ocr_line' id='line_1_88' title="bbox 2145 4410 3731 4483; baseline 0.003 -21"><span class='ocrx_word' id='word_1_594' title='bbox 2145 4419 2272 4483; x_wconf 76' lang='lat' dir='ltr'><strong>ante</strong></span> <span class='ocrx_word' id='word_1_595' title='bbox 2299 4410 2573 4483; x_wconf 85' lang='lat' dir='ltr'><strong>vidimus,</strong></span> <span class='ocrx_word' id='word_1_596' title='bbox 2615 4415 2924 4483; x_wconf 85' lang='lat' dir='ltr'><strong>septimam</strong></span> <span class='ocrx_word' id='word_1_597' title='bbox 2971 4417 3246 4469; x_wconf 88' lang='lat' dir='ltr'><strong>actionem</strong></span> <span class='ocrx_word' id='word_1_598' title='bbox 3299 4410 3731 4483; x_wconf 59' lang='lat' dir='ltr'><strong>numerat&#39;Eva-</strong></span> 
     </span>
    </p>
   </div>
   <div class='ocr_carea' id='block_1_88' title="bbox 2145 4479 3732 4555">
    <p class='ocr_par' dir='ltr' id='par_1_88' title="bbox 2145 4479 3732 4555">
     <span class='ocr_line' id='line_1_89' title="bbox 2145 4479 3732 4555; baseline 0.004 -23"><span class='ocrx_word' id='word_1_599' title='bbox 2145 4479 2412 4555; x_wconf 80' lang='lat' dir='ltr'><strong>grius,_iu</strong></span> <span class='ocrx_word' id='word_1_600' title='bbox 2446 4496 2555 4550; x_wconf 91' lang='lat' dir='ltr'><strong>qua</strong></span> <span class='ocrx_word' id='word_1_601' title='bbox 2578 4479 2968 4555; x_wconf 47' lang='lat' dir='ltr'><strong>alii—canones</strong></span> <span class='ocrx_word' id='word_1_602' title='bbox 3019 4485 3348 4555; x_wconf 81' lang='lat' dir='ltr'><strong>promulgati</strong></span> <span class='ocrx_word' id='word_1_603' title='bbox 3391 4492 3546 4555; x_wconf 84' lang='lat' dir='ltr'><strong>sunt.</strong></span> <span class='ocrx_word' id='word_1_604' title='bbox 3597 4482 3732 4548; x_wconf 67' lang='lat' dir='ltr'><strong>Quae</strong></span> 
     </span>
    </p>
   </div>
   <div class='ocr_carea' id='block_1_89' title="bbox 466 4541 3654 4625">
    <p class='ocr_par' dir='ltr' id='par_1_89' title="bbox 466 4541 3654 4625">
     <span class='ocr_line' id='line_1_90' title="bbox 466 4541 3654 4625; baseline 0.004 -33"><span class='ocrx_word' id='word_1_605' title='bbox 466 4541 747 4625; x_wconf 67' lang='grc' dir='ltr'>χηδονίων.</span> <span class='ocrx_word' id='word_1_606' title='bbox 786 4541 894 4625; x_wconf 68' lang='lat' dir='ltr'><strong>Sed</strong></span> <span class='ocrx_word' id='word_1_607' title='bbox 921 4550 1140 4625; x_wconf 71' lang='lat' dir='ltr'><strong>veteres</strong></span> <span class='ocrx_word' id='word_1_608' title='bbox 1162 4543 1559 4625; x_wconf 64' lang='lat' dir='ltr'><strong>divisseetiam</strong></span> <span class='ocrx_word' id='word_1_609' title='bbox 1602 4543 1864 4625; x_wconf 58' lang='lat' dir='ltr'><strong>videntur</strong></span> <span class='ocrx_word' id='word_1_610' title='bbox 1879 4544 2040 4625; x_wconf 51' lang='grc' dir='ltr'>ξαλ-</span> <span class='ocrx_word' id='word_1_611' title='bbox 2067 4565 2120 4625; x_wconf 83' lang='lat' dir='ltr'><strong>D</strong></span> <span class='ocrx_word' id='word_1_612' title='bbox 2146 4541 2622 4625; x_wconf 44' lang='lat' dir='ltr'><strong>act_ip_&#39;in_nostris</strong></span> <span class='ocrx_word' id='word_1_613' title='bbox 2651 4541 3066 4625; x_wconf 73' lang='lat' dir='ltr'><strong>exemplaribus</strong></span> <span class='ocrx_word' id='word_1_614' title='bbox 3097 4541 3270 4609; x_wconf 60' lang='lat' dir='ltr'><strong>hodie</strong></span> <span class='ocrx_word' id='word_1_615' title='bbox 3284 4541 3654 4625; x_wconf 56' lang='lat' dir='ltr'><strong>desideratur.</strong></span> 
     </span>
    </p>
   </div>
   <div class='ocr_carea' id='block_1_90' title="bbox 467 4609 2040 4691">
    <p class='ocr_par' dir='ltr' id='par_1_90' title="bbox 467 4609 2040 4691">
     <span class='ocr_line' id='line_1_91' title="bbox 467 4609 2040 4691; baseline 0.007 -30"><span class='ocrx_word' id='word_1_616' title='bbox 467 4609 732 4691; x_wconf 65' lang='grc' dir='ltr'>χηδονεῖς,</span> <span class='ocrx_word' id='word_1_617' title='bbox 755 4620 818 4691; x_wconf 83' lang='lat' dir='ltr'><strong>_ut</strong></span> <span class='ocrx_word' id='word_1_618' title='bbox 845 4619 1081 4682; x_wconf 84' lang='lat' dir='ltr'><strong>patetex</strong></span> <span class='ocrx_word' id='word_1_619' title='bbox 1112 4612 1421 4670; x_wconf 88' lang='lat' dir='ltr'><strong>innumeris</strong></span> <span class='ocrx_word' id='word_1_620' title='bbox 1444 4614 1581 4670; x_wconf 82' lang='lat' dir='ltr'><strong>lucis</strong></span> <span class='ocrx_word' id='word_1_621' title='bbox 1620 4612 1840 4671; x_wconf 88' lang='lat' dir='ltr'><strong>concilii</strong></span> <span class='ocrx_word' id='word_1_622' title='bbox 1873 4613 2040 4672; x_wconf 82' lang='lat' dir='ltr'><strong>Chal-</strong></span> 
     </span>
    </p>
   </div>
   <div class='ocr_carea' id='block_1_91' title="bbox 468 4681 2038 4824">
    <p class='ocr_par' dir='ltr' id='par_1_91' title="bbox 468 4681 2038 4824">
     <span class='ocr_line' id='line_1_92' title="bbox 468 4681 854 4735; baseline -0.005 -1"><span class='ocrx_word' id='word_1_623' title='bbox 468 4681 820 4735; x_wconf 88' lang='lat' dir='ltr'><strong>cedonensis.</strong></span> <span class='ocrx_word' id='word_1_624' title='bbox 849 4681 854 4682; x_wconf 56' lang='lat'><em>&#39;</em></span> 
     </span>
     <span class='ocr_line' id='line_1_93' title="bbox 541 4750 2038 4824; baseline 0.004 -18"><span class='ocrx_word' id='word_1_625' title='bbox 541 4750 654 4821; x_wconf 70' lang='grc'><strong>(45)</strong></span> <span class='ocrx_word' id='word_1_626' title='bbox 687 4750 911 4824; x_wconf 65' lang='grc' dir='ltr'>Γέγονε</span> <span class='ocrx_word' id='word_1_627' title='bbox 939 4751 1037 4807; x_wconf 76' lang='grc' dir='ltr'><strong>καί</strong></span> <span class='ocrx_word' id='word_1_628' title='bbox 1069 4751 1259 4822; x_wconf 81' lang='grc' dir='ltr'>ἔτερα.</span> <span class='ocrx_word' id='word_1_629' title='bbox 1299 4752 1525 4810; x_wconf 84' lang='lat' dir='ltr'><strong>Rectius</strong></span> <span class='ocrx_word' id='word_1_630' title='bbox 1565 4755 1712 4824; x_wconf 89' lang='lat' dir='ltr'><strong>apud</strong></span> <span class='ocrx_word' id='word_1_631' title='bbox 1755 4755 2038 4824; x_wconf 86' lang='lat' dir='ltr'><strong>Nicepho-</strong></span> 
     </span>
    </p>
   </div>
   <div class='ocr_carea' id='block_1_92' title="bbox 466 4823 2036 4896">
    <p class='ocr_par' dir='ltr' id='par_1_92' title="bbox 466 4823 2036 4896">
     <span class='ocr_line' id='line_1_94' title="bbox 466 4823 2036 4896; baseline 0.004 -24"><span class='ocrx_word' id='word_1_632' title='bbox 466 4833 591 4874; x_wconf 84' lang='lat' dir='ltr'><strong>rum</strong></span> <span class='ocrx_word' id='word_1_633' title='bbox 615 4823 886 4896; x_wconf 80' lang='lat' dir='ltr'><strong>scribitur</strong></span> <span class='ocrx_word' id='word_1_634' title='bbox 949 4825 1110 4896; x_wconf 72' lang='lat' dir='ltr'><strong>érépa</strong></span> <span class='ocrx_word' id='word_1_635' title='bbox 1144 4841 1270 4896; x_wconf 84' lang='lat' dir='ltr'><strong>cum</strong></span> <span class='ocrx_word' id='word_1_636' title='bbox 1298 4835 1544 4896; x_wconf 76' lang='lat' dir='ltr'><strong>accentu</strong></span> <span class='ocrx_word' id='word_1_637' title='bbox 1578 4823 1641 4896; x_wconf 16' lang='lat' dir='ltr'><strong>in,</strong></span> <span class='ocrx_word' id='word_1_638' title='bbox 1676 4823 1983 4896; x_wconf 86' lang='lat' dir='ltr'><strong>penultima</strong></span> <span class='ocrx_word' id='word_1_639' title='bbox 2022 4843 2036 4878; x_wconf 91' lang='lat'>:</span> 
     </span>
    </p>
   </div>
   <div class='ocr_carea' id='block_1_93' title="bbox 467 4892 2040 4960">
    <p class='ocr_par' dir='ltr' id='par_1_93' title="bbox 467 4892 2040 4960">
     <span class='ocr_line' id='line_1_95' title="bbox 467 4892 2040 4960; baseline 0.004 -17"><span class='ocrx_word' id='word_1_640' title='bbox 467 4892 664 4960; x_wconf 87' lang='lat' dir='ltr'><strong>supple</strong></span> <span class='ocrx_word' id='word_1_641' title='bbox 689 4893 1020 4956; x_wconf 81' lang='grc' dir='ltr'>συνέλευσις.</span> <span class='ocrx_word' id='word_1_642' title='bbox 1042 4892 1209 4960; x_wconf 80' lang='lat' dir='ltr'><strong>Quod</strong></span> <span class='ocrx_word' id='word_1_643' title='bbox 1237 4895 1408 4948; x_wconf 86' lang='lat' dir='ltr'><strong>miror</strong></span> <span class='ocrx_word' id='word_1_644' title='bbox 1435 4892 1744 4950; x_wconf 75' lang='lat' dir='ltr'><strong>Musculum</strong></span> <span class='ocrx_word' id='word_1_645' title='bbox 1776 4905 1833 4952; x_wconf 90' lang='lat' dir='ltr'><strong>et</strong></span> <span class='ocrx_word' id='word_1_646' title='bbox 1879 4896 2040 4951; x_wconf 84' lang='lat' dir='ltr'><strong>Chri-</strong></span> 
     </span>
    </p>
   </div>
   <div class='ocr_carea' id='block_1_94' title="bbox 468 4961 1543 5031">
    <p class='ocr_par' dir='ltr' id='par_1_94' title="bbox 468 4961 1543 5031">
     <span class='ocr_line' id='line_1_96' title="bbox 468 4961 1543 5031; baseline 0.004 -17"><span class='ocrx_word' id='word_1_647' title='bbox 468 4961 900 5031; x_wconf 79' lang='lat' dir='ltr'><strong>stophorsonum</strong></span> <span class='ocrx_word' id='word_1_648' title='bbox 924 4978 1038 5019; x_wconf 90' lang='lat' dir='ltr'><strong>non</strong></span> <span class='ocrx_word' id='word_1_649' title='bbox 1065 4965 1543 5020; x_wconf 89' lang='lat' dir='ltr'><strong>animadvertisse.</strong></span> 
     </span>
    </p>
   </div>
   <div class='ocr_carea' id='block_1_95' title="bbox 2145 4687 3538 4764">
    <p class='ocr_par' dir='ltr' id='par_1_95' title="bbox 2145 4687 3538 4764">
     <span class='ocr_line' id='line_1_97' title="bbox 2145 4687 3538 4764; baseline 0.001 -20"><span class='ocrx_word' id='word_1_650' title='bbox 2145 4687 2737 4764; x_wconf 22' lang='lat' dir='ltr'><strong>Chalcedonensis,fet</strong></span> <span class='ocrx_word' id='word_1_651' title='bbox 2764 4695 2910 4763; x_wconf 90' lang='lat' dir='ltr'><strong>apud</strong></span> <span class='ocrx_word' id='word_1_652' title='bbox 2940 4694 3332 4764; x_wconf 89' lang='lat' dir='ltr'><strong>Nicephorum,</strong></span> <span class='ocrx_word' id='word_1_653' title='bbox 3381 4694 3538 4764; x_wconf 78' lang='lat' dir='ltr'><strong>abest</strong></span> 
     </span>
    </p>
   </div>
   <div class='ocr_carea' id='block_1_96' title="bbox 2146 4761 3729 4834">
    <p class='ocr_par' dir='ltr' id='par_1_96' title="bbox 2146 4761 3729 4834">
     <span class='ocr_line' id='line_1_98' title="bbox 2146 4761 3729 4834; baseline 0.001 -22"><span class='ocrx_word' id='word_1_654' title='bbox 2146 4761 2370 4834; x_wconf 80' lang='lat' dir='ltr'><strong>positio.</strong></span> <span class='ocrx_word' id='word_1_655' title='bbox 2407 4761 2702 4834; x_wconf 65' lang='lat' dir='ltr'><strong>verumin</strong></span> <span class='ocrx_word' id='word_1_656' title='bbox 2727 4761 3115 4834; x_wconf 77' lang='lat' dir='ltr'><strong>manuscripto</strong></span> <span class='ocrx_word' id='word_1_657' title='bbox 3159 4763 3352 4834; x_wconf 81' lang='lat' dir='ltr'><strong>codice</strong></span> <span class='ocrx_word' id='word_1_658' title='bbox 3403 4761 3729 4834; x_wconf 82' lang='lat' dir='ltr'><strong>Florentino</strong></span> 
     </span>
    </p>
   </div>
   <div class='ocr_carea' id='block_1_97' title="bbox 2145 4830 3730 4906">
    <p class='ocr_par' dir='ltr' id='par_1_97' title="bbox 2145 4830 3730 4906">
     <span class='ocr_line' id='line_1_99' title="bbox 2145 4830 3730 4906; baseline 0.002 -24"><span class='ocrx_word' id='word_1_659' title='bbox 2145 4830 2414 4906; x_wconf 77' lang='lat' dir='ltr'><strong>scriptum</strong></span> <span class='ocrx_word' id='word_1_660' title='bbox 2453 4831 2661 4906; x_wconf 70' lang='lat' dir='ltr'><strong>iuveni,</strong></span> <span class='ocrx_word' id='word_1_661' title='bbox 2693 4835 2750 4898; x_wconf 83' lang='grc' dir='ltr'><strong>ἐς</strong></span> <span class='ocrx_word' id='word_1_662' title='bbox 2802 4830 3180 4906; x_wconf 72' lang='grc' dir='ltr'>ἱερέας,“‹ιιιο(1</span> <span class='ocrx_word' id='word_1_663' title='bbox 3232 4833 3377 4888; x_wconf 89' lang='lat' dir='ltr'><strong>idem</strong></span> <span class='ocrx_word' id='word_1_664' title='bbox 3421 4841 3506 4888; x_wconf 89' lang='lat' dir='ltr'><strong>est</strong></span> <span class='ocrx_word' id='word_1_665' title='bbox 3564 4845 3630 4886; x_wconf 88' lang='lat' dir='ltr'><strong>ac</strong></span> <span class='ocrx_word' id='word_1_666' title='bbox 3680 4831 3730 4885; x_wconf 86' lang='lat' dir='ltr'><strong>si</strong></span> 
     </span>
    </p>
   </div>
   <div class='ocr_carea' id='block_1_98' title="bbox 2145 4898 2748 4972">
    <p class='ocr_par' dir='ltr' id='par_1_98' title="bbox 2145 4898 2748 4972">
     <span class='ocr_line' id='line_1_100' title="bbox 2145 4898 2748 4972; baseline 0.008 -19"><span class='ocrx_word' id='word_1_667' title='bbox 2145 4898 2358 4955; x_wconf 81' lang='lat' dir='ltr'><strong>diceret</strong></span> <span class='ocrx_word' id='word_1_668' title='bbox 2389 4902 2447 4954; x_wconf 89' lang='grc' dir='ltr'><strong>ἐν</strong></span> <span class='ocrx_word' id='word_1_669' title='bbox 2489 4901 2748 4972; x_wconf 80' lang='grc' dir='ltr'>ἱερεῦσιν.</span> 
     </span>
    </p>
   </div>
   <div class='ocr_carea' id='block_1_99' title="bbox 2223 4619 3730 4690">
    <p class='ocr_par' dir='ltr' id='par_1_99' title="bbox 2223 4619 3730 4690">
     <span class='ocr_line' id='line_1_101' title="bbox 2223 4619 3730 4690; baseline 0.003 -18"><span class='ocrx_word' id='word_1_670' title='bbox 2223 4619 2335 4688; x_wconf 75' lang='grc'><strong>(47)</strong></span> <span class='ocrx_word' id='word_1_671' title='bbox 2367 4621 2470 4686; x_wconf 78' lang='grc' dir='ltr'><strong>Εἰς</strong></span> <span class='ocrx_word' id='word_1_672' title='bbox 2497 4621 2692 4690; x_wconf 78' lang='grc' dir='ltr'>ἱερέας</span> <span class='ocrx_word' id='word_1_673' title='bbox 2717 4619 2894 4678; x_wconf 72' lang='grc' dir='ltr'>εἶναι.</span> <span class='ocrx_word' id='word_1_674' title='bbox 2920 4625 2980 4679; x_wconf 90' lang='lat' dir='ltr'><strong>ln</strong></span> <span class='ocrx_word' id='word_1_675' title='bbox 3013 4625 3232 4679; x_wconf 90' lang='lat' dir='ltr'><strong>actione</strong></span> <span class='ocrx_word' id='word_1_676' title='bbox 3271 4624 3485 4679; x_wconf 87' lang='lat' dir='ltr'><strong>decima</strong></span> <span class='ocrx_word' id='word_1_677' title='bbox 3507 4621 3730 4678; x_wconf 88' lang='lat' dir='ltr'><strong>concilii</strong></span> 
     </span>
    </p>
   </div>
   <div class='ocr_carea' id='block_1_100' title="bbox 3589 4707 3732 4761">
    <p class='ocr_par' dir='ltr' id='par_1_100' title="bbox 3589 4707 3732 4761">
     <span class='ocr_line' id='line_1_102' title="bbox 3589 4707 3732 4761; baseline 0 -16"><span class='ocrx_word' id='word_1_678' title='bbox 3589 4707 3732 4761; x_wconf 73' lang='lat' dir='ltr'><strong>pra:-</strong></span> 
     </span>
    </p>
   </div>
   <div class='ocr_carea' id='block_1_101' title="bbox 1918 5074 2308 5134">
    <p class='ocr_par' dir='ltr' id='par_1_101' title="bbox 1918 5074 2308 5134">
     <span class='ocr_line' id='line_1_103' title="bbox 1918 5074 2308 5134; baseline -0.003 0"><span class='ocrx_word' id='word_1_679' title='bbox 1918 5074 2308 5134; x_wconf 73' lang='lat' dir='ltr'><strong>VARIORUM.</strong></span> 
     </span>
    </p>
   </div>
   <div class='ocr_carea' id='block_1_102' title="bbox 540 5167 2038 5244">
    <p class='ocr_par' dir='ltr' id='par_1_102' title="bbox 540 5167 2038 5244">
     <span class='ocr_line' id='line_1_104' title="bbox 540 5167 2038 5244; baseline -0.001 -18"><span class='ocrx_word' id='word_1_680' title='bbox 540 5171 619 5244; x_wconf 79' lang='grc' dir='ltr'>(ιι)</span> <span class='ocrx_word' id='word_1_681' title='bbox 679 5170 1041 5244; x_wconf 36' lang='grc' dir='ltr'>Ἐδικαιώθηῌ</span> <span class='ocrx_word' id='word_1_682' title='bbox 1065 5169 1182 5244; x_wconf 70' lang='grc' dir='ltr'><strong>τὴν</strong></span> <span class='ocrx_word' id='word_1_683' title='bbox 1229 5167 1801 5244; x_wconf 43' lang='grc' dir='ltr'>ἐπισκοπὴν-ποτὸν</span> <span class='ocrx_word' id='word_1_684' title='bbox 1848 5168 2038 5244; x_wconf 73' lang='grc' dir='ltr'>ἔχειν.</span> 
     </span>
    </p>
   </div>
   <div class='ocr_carea' id='block_1_103' title="bbox 465 5238 2042 5311">
    <p class='ocr_par' dir='ltr' id='par_1_103' title="bbox 465 5238 2042 5311">
     <span class='ocr_line' id='line_1_105' title="bbox 465 5238 2042 5311; baseline -0.002 -13"><span class='ocrx_word' id='word_1_685' title='bbox 465 5238 614 5307; x_wconf 75' lang='lat' dir='ltr'><strong>lbas,</strong></span> <span class='ocrx_word' id='word_1_686' title='bbox 669 5243 968 5311; x_wconf 89' lang='lat' dir='ltr'><strong>episcopus</strong></span> <span class='ocrx_word' id='word_1_687' title='bbox 1002 5239 1339 5311; x_wconf 81' lang='lat' dir='ltr'><strong>Edesscnus,</strong></span> <span class='ocrx_word' id='word_1_688' title='bbox 1375 5239 1530 5311; x_wconf 80' lang='lat' dir='ltr'><strong>olim_</strong></span> <span class='ocrx_word' id='word_1_689' title='bbox 1567 5238 1776 5311; x_wconf 79' lang='lat' dir='ltr'><strong>duplici</strong></span> <span class='ocrx_word' id='word_1_690' title='bbox 1817 5240 2042 5295; x_wconf 90' lang='lat' dir='ltr'><strong>nomine</strong></span> 
     </span>
    </p>
   </div>
   <div class='ocr_carea' id='block_1_104' title="bbox 464 5307 2043 5379">
    <p class='ocr_par' dir='ltr' id='par_1_104' title="bbox 464 5307 2043 5379">
     <span class='ocr_line' id='line_1_106' title="bbox 464 5307 2043 5379; baseline -0.003 -10"><span class='ocrx_word' id='word_1_691' title='bbox 464 5307 757 5369; x_wconf 79' lang='lat' dir='ltr'><strong>accusatus</strong></span> <span class='ocrx_word' id='word_1_692' title='bbox 807 5307 1007 5366; x_wconf 80' lang='lat' dir='ltr'><strong>fuerat.</strong></span> <span class='ocrx_word' id='word_1_693' title='bbox 1060 5309 1248 5364; x_wconf 90' lang='lat' dir='ltr'><strong>Primo</strong></span> <span class='ocrx_word' id='word_1_694' title='bbox 1294 5307 1441 5377; x_wconf 89' lang='lat' dir='ltr'><strong>quod</strong></span> <span class='ocrx_word' id='word_1_695' title='bbox 1491 5307 1696 5379; x_wconf 88' lang='lat' dir='ltr'><strong>Cyrillo</strong></span> <span class='ocrx_word' id='word_1_696' title='bbox 1748 5311 2043 5365; x_wconf 89' lang='lat' dir='ltr'><strong>anathema</strong></span> 
     </span>
    </p>
   </div>
   <div class='ocr_carea' id='block_1_105' title="bbox 465 5379 2044 5446">
    <p class='ocr_par' dir='ltr' id='par_1_105' title="bbox 465 5379 2044 5446">
     <span class='ocr_line' id='line_1_107' title="bbox 465 5379 2044 5446; baseline -0.003 -8"><span class='ocrx_word' id='word_1_697' title='bbox 465 5385 714 5446; x_wconf 82' lang='lat' dir='ltr'><strong>dixisset,</strong></span> <span class='ocrx_word' id='word_1_698' title='bbox 764 5391 820 5437; x_wconf 91' lang='lat' dir='ltr'><strong>et</strong></span> <span class='ocrx_word' id='word_1_699' title='bbox 876 5382 1152 5435; x_wconf 64' lang='lat' dir='ltr'><strong>haereseos</strong></span> <span class='ocrx_word' id='word_1_700' title='bbox 1176 5388 1365 5434; x_wconf 88' lang='lat' dir='ltr'><strong>notam</strong></span> <span class='ocrx_word' id='word_1_701' title='bbox 1416 5379 1744 5446; x_wconf 86' lang='lat' dir='ltr'><strong>inussisset;</strong></span> <span class='ocrx_word' id='word_1_702' title='bbox 1799 5380 2044 5435; x_wconf 88' lang='lat' dir='ltr'><strong>secundo</strong></span> 
     </span>
    </p>
   </div>
   <div class='ocr_carea' id='block_1_106' title="bbox 505 5450 2048 5521">
    <p class='ocr_par' dir='ltr' id='par_1_106' title="bbox 505 5450 2048 5521">
     <span class='ocr_line' id='line_1_108' title="bbox 505 5450 2048 5521; baseline -0.003 -13"><span class='ocrx_word' id='word_1_703' title='bbox 505 5456 611 5510; x_wconf 90' lang='lat' dir='ltr'><strong>uod</strong></span> <span class='ocrx_word' id='word_1_704' title='bbox 648 5469 794 5508; x_wconf 89' lang='lat' dir='ltr'><strong>anno</strong></span> <span class='ocrx_word' id='word_1_705' title='bbox 823 5451 930 5508; x_wconf 63' lang='grc'><strong>445</strong></span> <span class='ocrx_word' id='word_1_706' title='bbox 974 5450 1246 5521; x_wconf 85' lang='lat' dir='ltr'><strong>ejusmodi</strong></span> <span class='ocrx_word' id='word_1_707' title='bbox 1302 5450 1704 5521; x_wconf 86' lang='lat' dir='ltr'><strong>blasphemiam</strong></span> <span class='ocrx_word' id='word_1_708' title='bbox 1759 5451 1938 5521; x_wconf 81' lang='lat' dir='ltr'><strong>palam</strong></span> <span class='ocrx_word' id='word_1_709' title='bbox 1972 5451 2048 5505; x_wconf 83' lang='lat' dir='ltr'><strong>ef-</strong></span> 
     </span>
    </p>
   </div>
   <div class='ocr_carea' id='block_1_107' title="bbox 491 5519 2046 5592">
    <p class='ocr_par' dir='ltr' id='par_1_107' title="bbox 491 5519 2046 5592">
     <span class='ocr_line' id='line_1_109' title="bbox 491 5519 2046 5592; baseline -0.004 -13"><span class='ocrx_word' id='word_1_710' title='bbox 491 5519 636 5580; x_wconf 83' lang='lat' dir='ltr'><strong>utirc</strong></span> <span class='ocrx_word' id='word_1_711' title='bbox 667 5541 777 5578; x_wconf 88' lang='lat' dir='ltr'><strong>non</strong></span> <span class='ocrx_word' id='word_1_712' title='bbox 798 5519 1119 5578; x_wconf 80' lang='lat' dir='ltr'><strong>erubuisset</strong></span> <span class='ocrx_word' id='word_1_713' title='bbox 1151 5539 1165 5575; x_wconf 85' lang='lat'><strong>:</strong></span> <span class='ocrx_word' id='word_1_714' title='bbox 1201 5521 1275 5575; x_wconf 81' lang='grc' dir='ltr'><strong>Οὐ</strong></span> <span class='ocrx_word' id='word_1_715' title='bbox 1307 5520 1486 5590; x_wconf 84' lang='grc' dir='ltr'>φθόνῳ</span> <span class='ocrx_word' id='word_1_716' title='bbox 1517 5519 1596 5591; x_wconf 85' lang='grc' dir='ltr'>τῷ</span> <span class='ocrx_word' id='word_1_717' title='bbox 1630 5519 2046 5592; x_wconf 14' lang='grc' dir='ltr'>Χριστῷίγενο-</span> 
     </span>
    </p>
   </div>
   <div class='ocr_carea' id='block_1_108' title="bbox 467 5591 2042 5666">
    <p class='ocr_par' dir='ltr' id='par_1_108' title="bbox 467 5591 2042 5666">
     <span class='ocr_line' id='line_1_110' title="bbox 467 5591 2042 5666; baseline -0.004 -16"><span class='ocrx_word' id='word_1_718' title='bbox 467 5597 617 5666; x_wconf 85' lang='grc' dir='ltr'>μένῳ</span> <span class='ocrx_word' id='word_1_719' title='bbox 645 5595 765 5666; x_wconf 86' lang='grc' dir='ltr'>Θεῶ</span> <span class='ocrx_word' id='word_1_720' title='bbox 792 5611 806 5666; x_wconf 72' lang='lat' dir='ltr'><em>j</em></span> <span class='ocrx_word' id='word_1_721' title='bbox 837 5595 922 5663; x_wconf 85' lang='grc' dir='ltr'><strong>ἐφ’</strong></span> <span class='ocrx_word' id='word_1_722' title='bbox 966 5593 1099 5666; x_wconf 47' lang='grc' dir='ltr'>-ὂσον</span> <span class='ocrx_word' id='word_1_723' title='bbox 1137 5592 1243 5662; x_wconf 81' lang='grc' dir='ltr'>γὰρ</span> <span class='ocrx_word' id='word_1_724' title='bbox 1274 5592 1436 5666; x_wconf 57' lang='lat' dir='ltr'><strong>agro;</strong></span> <span class='ocrx_word' id='word_1_725' title='bbox 1466 5591 2042 5666; x_wconf 49' lang='lat' dir='ltr'><strong>éyéveto,_xayt‘o_éye-</strong></span> 
     </span>
    </p>
   </div>
   <div class='ocr_carea' id='block_1_109' title="bbox 465 5662 2042 5735">
    <p class='ocr_par' dir='ltr' id='par_1_109' title="bbox 465 5662 2042 5735">
     <span class='ocr_line' id='line_1_111' title="bbox 465 5662 2042 5735; baseline -0.001 -19"><span class='ocrx_word' id='word_1_726' title='bbox 465 5662 657 5735; x_wconf 75' lang='grc' dir='ltr'>νόμην.</span> <span class='ocrx_word' id='word_1_727' title='bbox 685 5665 835 5719; x_wconf 87' lang='lat' dir='ltr'><strong>Binis</strong></span> <span class='ocrx_word' id='word_1_728' title='bbox 864 5662 1021 5735; x_wconf 86' lang='lat' dir='ltr'><strong>eade</strong></span> <span class='ocrx_word' id='word_1_729' title='bbox 1058 5679 1118 5718; x_wconf 88' lang='lat' dir='ltr'><strong>re</strong></span> <span class='ocrx_word' id='word_1_730' title='bbox 1149 5663 1418 5735; x_wconf 71' lang='lat' dir='ltr'><strong>synodis,</strong></span> <span class='ocrx_word' id='word_1_731' title='bbox 1459 5663 1634 5735; x_wconf 78' lang='lat' dir='ltr'><strong>altera</strong></span> <span class='ocrx_word' id='word_1_732' title='bbox 1683 5662 1836 5734; x_wconf 83' lang='lat' dir='ltr'><strong>Tyri,</strong></span> <span class='ocrx_word' id='word_1_733' title='bbox 1873 5663 2042 5716; x_wconf 86' lang='lat' dir='ltr'><strong>altera</strong></span> 
     </span>
    </p>
   </div>
   <div class='ocr_carea' id='block_1_110' title="bbox 470 5732 2042 5804">
    <p class='ocr_par' dir='ltr' id='par_1_110' title="bbox 470 5732 2042 5804">
     <span class='ocr_line' id='line_1_112' title="bbox 470 5732 2042 5804; baseline -0.001 -16"><span class='ocrx_word' id='word_1_734' title='bbox 470 5732 652 5804; x_wconf 65' lang='lat' dir='ltr'><strong>Beryti</strong></span> <span class='ocrx_word' id='word_1_735' title='bbox 677 5735 902 5804; x_wconf 81' lang='lat' dir='ltr'><strong>habitis,</strong></span> <span class='ocrx_word' id='word_1_736' title='bbox 931 5732 1202 5804; x_wconf 78' lang='lat' dir='ltr'><strong>immunis</strong></span> <span class='ocrx_word' id='word_1_737' title='bbox 1223 5734 1311 5789; x_wconf 88' lang='lat' dir='ltr'><strong>his</strong></span> <span class='ocrx_word' id='word_1_738' title='bbox 1344 5732 1672 5804; x_wconf 88' lang='lat' dir='ltr'><strong>criminibus</strong></span> <span class='ocrx_word' id='word_1_739' title='bbox 1718 5732 2042 5802; x_wconf 80' lang='lat' dir='ltr'><strong>pronuntia-</strong></span> 
     </span>
    </p>
   </div>
   <div class='ocr_carea' id='block_1_111' title="bbox 469 5803 2035 5875">
    <p class='ocr_par' dir='ltr' id='par_1_111' title="bbox 469 5803 2035 5875">
     <span class='ocr_line' id='line_1_113' title="bbox 469 5803 2035 5875; baseline 0.001 -18"><span class='ocrx_word' id='word_1_740' title='bbox 469 5813 558 5858; x_wconf 84' lang='lat' dir='ltr'><strong>tus</strong></span> <span class='ocrx_word' id='word_1_741' title='bbox 583 5803 725 5861; x_wconf 87' lang='lat' dir='ltr'><strong>erat.</strong></span> <span class='ocrx_word' id='word_1_742' title='bbox 762 5803 1050 5870; x_wconf 85' lang='lat' dir='ltr'><strong>Quomodo</strong></span> <span class='ocrx_word' id='word_1_743' title='bbox 1073 5812 1255 5860; x_wconf 84' lang='lat' dir='ltr'><strong>autem</strong></span> <span class='ocrx_word' id='word_1_744' title='bbox 1296 5812 1486 5873; x_wconf 84' lang='lat' dir='ltr'><strong>postea</strong></span> <span class='ocrx_word' id='word_1_745' title='bbox 1516 5818 1546 5858; x_wconf 91' lang='lat' dir='ltr'><strong>a</strong></span> <span class='ocrx_word' id='word_1_746' title='bbox 1578 5803 1837 5859; x_wconf 88' lang='lat' dir='ltr'><strong>Dioscoro</strong></span> <span class='ocrx_word' id='word_1_747' title='bbox 1865 5804 2035 5875; x_wconf 78' lang='lat' dir='ltr'><strong>depo-</strong></span> 
     </span>
    </p>
   </div>
   <div class='ocr_carea' id='block_1_112' title="bbox 2148 5169 3728 5240">
    <p class='ocr_par' dir='ltr' id='par_1_112' title="bbox 2148 5169 3728 5240">
     <span class='ocr_line' id='line_1_114' title="bbox 2148 5169 3728 5240; baseline 0.001 -15"><span class='ocrx_word' id='word_1_748' title='bbox 2148 5169 2290 5225; x_wconf 88' lang='lat' dir='ltr'><strong>situs</strong></span> <span class='ocrx_word' id='word_1_749' title='bbox 2317 5177 2422 5234; x_wconf 91' lang='lat' dir='ltr'><strong>est,</strong></span> <span class='ocrx_word' id='word_1_750' title='bbox 2448 5170 2779 5240; x_wconf 90' lang='lat' dir='ltr'><strong>tandemque</strong></span> <span class='ocrx_word' id='word_1_751' title='bbox 2817 5171 2848 5225; x_wconf 79' lang='grc' dir='ltr'>ξι</span> <span class='ocrx_word' id='word_1_752' title='bbox 2899 5170 3138 5226; x_wconf 90' lang='lat' dir='ltr'><strong>concilio</strong></span> <span class='ocrx_word' id='word_1_753' title='bbox 3167 5169 3607 5226; x_wconf 87' lang='lat' dir='ltr'><strong>Chalcedonensi</strong></span> <span class='ocrx_word' id='word_1_754' title='bbox 3635 5186 3728 5226; x_wconf 86' lang='lat' dir='ltr'><strong>rc-</strong></span> 
     </span>
    </p>
   </div>
   <div class='ocr_carea' id='block_1_113' title="bbox 2149 5240 3078 5311">
    <p class='ocr_par' dir='ltr' id='par_1_113' title="bbox 2149 5240 3078 5311">
     <span class='ocr_line' id='line_1_115' title="bbox 2149 5240 3078 5311; baseline -0.002 -15"><span class='ocrx_word' id='word_1_755' title='bbox 2149 5240 2400 5311; x_wconf 73' lang='lat' dir='ltr'><strong>stitutus,</strong></span> <span class='ocrx_word' id='word_1_756' title='bbox 2435 5241 2538 5294; x_wconf 91' lang='lat' dir='ltr'><strong>hoc</strong></span> <span class='ocrx_word' id='word_1_757' title='bbox 2562 5241 2740 5311; x_wconf 90' lang='lat' dir='ltr'><strong>capite</strong></span> <span class='ocrx_word' id='word_1_758' title='bbox 2763 5242 3078 5296; x_wconf 91' lang='lat' dir='ltr'><strong>edocemur.</strong></span> 
     </span>
    </p>
   </div>
   <div class='ocr_carea' id='block_1_114' title="bbox 2224 5309 3728 5380">
    <p class='ocr_par' dir='ltr' id='par_1_114' title="bbox 2224 5309 3728 5380">
     <span class='ocr_line' id='line_1_116' title="bbox 2224 5309 3728 5380; baseline 0.001 -16"><span class='ocrx_word' id='word_1_759' title='bbox 2224 5310 2296 5380; x_wconf 85' lang='grc' dir='ltr'><strong>(υ)</strong></span> <span class='ocrx_word' id='word_1_760' title='bbox 2347 5309 2428 5364; x_wconf 84' lang='grc' dir='ltr'><strong><em>Τὰ</em></strong></span> <span class='ocrx_word' id='word_1_761' title='bbox 2452 5312 2602 5364; x_wconf 77' lang='grc' dir='ltr'>κατὰ</span> <span class='ocrx_word' id='word_1_762' title='bbox 2631 5309 3031 5365; x_wconf 17' lang='grc' dir='ltr'>ήΒασσιανόν.</span> <span class='ocrx_word' id='word_1_763' title='bbox 3096 5310 3413 5375; x_wconf 86' lang='lat' dir='ltr'><strong>Bassianus,</strong></span> <span class='ocrx_word' id='word_1_764' title='bbox 3463 5309 3728 5366; x_wconf 64' lang='lat' dir='ltr'><strong>Ecclesiae</strong></span> 
     </span>
    </p>
   </div>
   <div class='ocr_carea' id='block_1_115' title="bbox 2150 5380 3731 5461">
    <p class='ocr_par' dir='ltr' id='par_1_115' title="bbox 2150 5380 3731 5461">
     <span class='ocr_line' id='line_1_117' title="bbox 2150 5380 3731 5461; baseline -0.001 -26"><span class='ocrx_word' id='word_1_765' title='bbox 2150 5381 2443 5461; x_wconf 60' lang='lat' dir='ltr'><strong>Ephesium</strong></span> <span class='ocrx_word' id='word_1_766' title='bbox 2467 5380 2816 5461; x_wconf 78' lang='lat' dir='ltr'><strong>presbyter,a</strong></span> <span class='ocrx_word' id='word_1_767' title='bbox 2847 5381 3135 5461; x_wconf 66' lang='lat' dir='ltr'><strong>Memnone</strong></span> <span class='ocrx_word' id='word_1_768' title='bbox 3165 5382 3426 5461; x_wconf 73' lang='lat' dir='ltr'><strong>episcopo</strong></span> <span class='ocrx_word' id='word_1_769' title='bbox 3447 5381 3731 5461; x_wconf 74' lang='lat' dir='ltr'><strong>Ephesino</strong></span> 
     </span>
    </p>
   </div>
   <div class='ocr_carea' id='block_1_116' title="bbox 2153 5451 3726 5522">
    <p class='ocr_par' dir='ltr' id='par_1_116' title="bbox 2153 5451 3726 5522">
     <span class='ocr_line' id='line_1_118' title="bbox 2153 5451 3726 5522; baseline 0.001 -17"><span class='ocrx_word' id='word_1_770' title='bbox 2153 5451 2790 5522; x_wconf 82' lang='lat' dir='ltr'><strong>EvazoruinepiscOpus</strong></span> <span class='ocrx_word' id='word_1_771' title='bbox 2851 5451 3058 5505; x_wconf 89' lang='lat' dir='ltr'><strong>invitus</strong></span> <span class='ocrx_word' id='word_1_772' title='bbox 3093 5451 3384 5506; x_wconf 87' lang='lat' dir='ltr'><strong>ordinatus</strong></span> <span class='ocrx_word' id='word_1_773' title='bbox 3422 5462 3542 5522; x_wconf 87' lang='lat' dir='ltr'><strong>est:</strong></span> <span class='ocrx_word' id='word_1_774' title='bbox 3595 5451 3726 5506; x_wconf 83' lang='lat' dir='ltr'><strong>ideo</strong></span> 
     </span>
    </p>
   </div>
   <div class='ocr_carea' id='block_1_117' title="bbox 2157 5521 3725 5592">
    <p class='ocr_par' dir='ltr' id='par_1_117' title="bbox 2157 5521 3725 5592">
     <span class='ocr_line' id='line_1_119' title="bbox 2157 5521 3725 5592; baseline 0 -18"><span class='ocrx_word' id='word_1_775' title='bbox 2157 5537 2439 5590; x_wconf 87' lang='lat' dir='ltr'><strong>nunquam</strong></span> <span class='ocrx_word' id='word_1_776' title='bbox 2467 5521 2600 5575; x_wconf 90' lang='lat' dir='ltr'><strong>illuc</strong></span> <span class='ocrx_word' id='word_1_777' title='bbox 2627 5521 2901 5592; x_wconf 78' lang='lat' dir='ltr'><strong>proﬁcisci</strong></span> <span class='ocrx_word' id='word_1_778' title='bbox 2923 5522 3116 5576; x_wconf 92' lang='lat' dir='ltr'><strong>voluit.</strong></span> <span class='ocrx_word' id='word_1_779' title='bbox 3146 5522 3274 5576; x_wconf 85' lang='lat' dir='ltr'><strong>Post</strong></span> <span class='ocrx_word' id='word_1_780' title='bbox 3303 5521 3725 5592; x_wconf 12' lang='lat' dir='ltr'><strong>Basiliirautcm,</strong></span> 
     </span>
    </p>
   </div>
   <div class='ocr_carea' id='block_1_118' title="bbox 2157 5591 3730 5661">
    <p class='ocr_par' dir='ltr' id='par_1_118' title="bbox 2157 5591 3730 5661">
     <span class='ocr_line' id='line_1_120' title="bbox 2157 5591 3730 5661; baseline -0.001 -16"><span class='ocrx_word' id='word_1_781' title='bbox 2157 5593 2252 5660; x_wconf 90' lang='lat' dir='ltr'><strong>qui</strong></span> <span class='ocrx_word' id='word_1_782' title='bbox 2278 5592 2553 5646; x_wconf 85' lang='lat' dir='ltr'><strong>Memnoni</strong></span> <span class='ocrx_word' id='word_1_783' title='bbox 2587 5591 2876 5656; x_wconf 83' lang='lat' dir='ltr'><strong>successit,</strong></span> <span class='ocrx_word' id='word_1_784' title='bbox 2908 5605 3165 5656; x_wconf 87' lang='lat' dir='ltr'><strong>mortem,</strong></span> <span class='ocrx_word' id='word_1_785' title='bbox 3219 5593 3450 5646; x_wconf 89' lang='lat' dir='ltr'><strong>antistes</strong></span> <span class='ocrx_word' id='word_1_786' title='bbox 3495 5591 3730 5661; x_wconf 84' lang='lat' dir='ltr'><strong>Ephesi-</strong></span> 
     </span>
    </p>
   </div>
   <div class='ocr_carea' id='block_1_119' title="bbox 2158 5661 3732 5728">
    <p class='ocr_par' dir='ltr' id='par_1_119' title="bbox 2158 5661 3732 5728">
     <span class='ocr_line' id='line_1_121' title="bbox 2158 5661 3732 5728; baseline -0.001 -13"><span class='ocrx_word' id='word_1_787' title='bbox 2158 5679 2262 5718; x_wconf 90' lang='lat' dir='ltr'><strong>nus</strong></span> <span class='ocrx_word' id='word_1_788' title='bbox 2301 5662 2478 5717; x_wconf 85' lang='lat' dir='ltr'><strong>factus</strong></span> <span class='ocrx_word' id='word_1_789' title='bbox 2504 5670 2608 5725; x_wconf 90' lang='lat' dir='ltr'><strong>est,</strong></span> <span class='ocrx_word' id='word_1_790' title='bbox 2631 5663 2778 5717; x_wconf 83' lang='lat' dir='ltr'><strong>circa</strong></span> <span class='ocrx_word' id='word_1_791' title='bbox 2815 5679 3042 5725; x_wconf 89' lang='lat' dir='ltr'><strong>annum,</strong></span> <span class='ocrx_word' id='word_1_792' title='bbox 3067 5672 3128 5716; x_wconf 89' lang='lat' dir='ltr'><strong>ut</strong></span> <span class='ocrx_word' id='word_1_793' title='bbox 3177 5661 3400 5716; x_wconf 85' lang='lat' dir='ltr'><strong>videtur</strong></span> <span class='ocrx_word' id='word_1_794' title='bbox 3430 5661 3554 5728; x_wconf 64' lang='grc'><strong>445,</strong></span> <span class='ocrx_word' id='word_1_795' title='bbox 3591 5677 3732 5728; x_wconf 84' lang='lat' dir='ltr'><strong>qua-</strong></span> 
     </span>
    </p>
   </div>
   <div class='ocr_carea' id='block_1_120' title="bbox 2156 5731 3734 5789">
    <p class='ocr_par' dir='ltr' id='par_1_120' title="bbox 2156 5731 3734 5789">
     <span class='ocr_line' id='line_1_122' title="bbox 2156 5731 3734 5789; baseline -0.001 -3"><span class='ocrx_word' id='word_1_796' title='bbox 2156 5732 2413 5788; x_wconf 84' lang='lat' dir='ltr'><strong>driennio</strong></span> <span class='ocrx_word' id='word_1_797' title='bbox 2435 5741 2562 5787; x_wconf 90' lang='lat' dir='ltr'><strong>ante</strong></span> <span class='ocrx_word' id='word_1_798' title='bbox 2589 5733 2768 5787; x_wconf 81' lang='lat' dir='ltr'><strong>Procli</strong></span> <span class='ocrx_word' id='word_1_799' title='bbox 2795 5733 2900 5787; x_wconf 84' lang='lat' dir='ltr'><strong>CP.</strong></span> <span class='ocrx_word' id='word_1_800' title='bbox 2955 5742 3211 5789; x_wconf 87' lang='lat' dir='ltr'><strong>mortem.</strong></span> <span class='ocrx_word' id='word_1_801' title='bbox 3251 5732 3355 5787; x_wconf 88' lang='lat' dir='ltr'><strong>Tot</strong></span> <span class='ocrx_word' id='word_1_802' title='bbox 3383 5732 3530 5786; x_wconf 90' lang='lat' dir='ltr'><strong>enim</strong></span> <span class='ocrx_word' id='word_1_803' title='bbox 3564 5731 3734 5785; x_wconf 84' lang='lat' dir='ltr'><strong>annis</strong></span> 
     </span>
    </p>
   </div>
   <div class='ocr_carea' id='block_1_121' title="bbox 2158 5801 3729 5873">
    <p class='ocr_par' dir='ltr' id='par_1_121' title="bbox 2158 5801 3729 5873">
     <span class='ocr_line' id='line_1_123' title="bbox 2158 5801 3729 5873; baseline 0.001 -14"><span class='ocrx_word' id='word_1_804' title='bbox 2158 5804 2345 5859; x_wconf 72' lang='lat' dir='ltr'><strong>sedem</strong></span> <span class='ocrx_word' id='word_1_805' title='bbox 2373 5819 2528 5859; x_wconf 87' lang='lat' dir='ltr'><strong>suam</strong></span> <span class='ocrx_word' id='word_1_806' title='bbox 2559 5819 2790 5860; x_wconf 87' lang='lat' dir='ltr'><strong>securus</strong></span> <span class='ocrx_word' id='word_1_807' title='bbox 2823 5803 3018 5873; x_wconf 86' lang='lat' dir='ltr'><strong>tenuit,</strong></span> <span class='ocrx_word' id='word_1_808' title='bbox 3055 5820 3084 5858; x_wconf 68' lang='grc' dir='ltr'><strong>ιι</strong></span> <span class='ocrx_word' id='word_1_809' title='bbox 3114 5803 3307 5860; x_wconf 83' lang='lat' dir='ltr'><strong>Proclo</strong></span> <span class='ocrx_word' id='word_1_810' title='bbox 3343 5801 3729 5860; x_wconf 85' lang='lat' dir='ltr'><strong>conﬁrmatus.</strong></span> 
     </span>
    </p>
   </div>
  </div>
