4054 6286
639 391 773 456 2591

1835 411 2025 472 EVAG
2035 413 2147 471 RII
2186 413 2669 476 SCHOLASTICI

3753 429 3878 492 2592

641 502 831 559 Aeaeii
898 505 1226 563 seditionem
1291 513 1626 580 movissent,
1689 516 1882 572 timore
1940 520 2183 588 perculsu

2281 539 2453 587 ιτων,
2515 524 2771 595 φοϐηθεὶς
2824 528 2852 579 6
2908 528 3228 592 Βασιλίσκος
3254 531 3473 586 ἐναντία
3518 535 3596 606 τῷ
3634 537 3878 612 πρότερον

638 593 946 649 contrarias
1002 595 1282 664 prioribus
1349 604 1641 673 encyclicis
1697 607 1909 663 litteras
1963 610 2210 679 promul-

637 683 805 753 gavit.

710 775 845 830 VIII.
875 777 953 831 De
980 778 1160 835 reditu
1188 779 1446 838 Zenonis.

706 883 800 938 IX.
838 885 1122 952 Quomodo
1171 901 1580 961 post‘mortem
1630 898 1909 964 Basilisci,
1964 901 2207 972 episcopi

633 977 776 1031 Asia:
808 987 869 1032 ut
894 979 1150 1036 Acacium
1182 987 1481 1052 placarent,
1517 988 1762 1044 libellum
1792 991 2129 1060 paenitentiae
2154 1010 2207 1049 et

632 1078 1018 1136 porrexerunt,
1052 1074 1267 1128 veniam
1312 1087 1562 1146 petentes
1603 1081 1751 1150 quod
1794 1081 2207 1139 Chalcedonen-

633 1172 748 1212 sem
784 1161 1049 1231 synodum
1093 1164 1467 1224 damnassent.

701 1246 770 1300 X.
811 1248 889 1303 De
928 1249 995 1304 iis
1022 1252 1115 1320 qui
1150 1255 1456 1313 Antiochia:
1481 1259 1856 1330 episcopatum
1888 1277 2132 1332 gessere.

697 1334 790 1391 XI.
822 1336 1107 1404 Quomodo
1154 1344 1303 1400 Zeno
1342 1363 1468 1402 cum
1501 1349 1757 1404 AZlurum
1798 1353 2057 1423 persequi
2105 1369 2204 1409 vo-

624 1426 849 1496 luisset,
880 1431 952 1485 ob
994 1444 1332 1491 senectutem
1368 1454 1495 1495 eum
1541 1442 1832 1497 miseratus
1873 1443 2105 1501 dimisit.
2135 1445 2205 1499 Et

625 1523 691 1571 ut
714 1528 841 1588 post
882 1529 1112 1579 mortem
1154 1527 1397 1596 ejusdem
1424 1529 1622 1595 IEluri,
1649 1532 1848 1588 Petrus
1874 1532 2102 1604 Mongus
2133 1533 2202 1588 ab

622 1609 1008 1671 Alexandrinis
1054 1618 1343 1675 ordinatus
1385 1630 1503 1689 est;
1540 1623 1863 1679 Timotheus
1903 1641 2036 1680 vero
2069 1640 2201 1680 suc-

624 1716 812 1758 cessor
842 1704 1100 1774 Proterii,
1143 1710 1298 1779 jussu
1347 1712 1694 1782 imperatoris
1739 1716 1926 1771 sedem
1959 1716 2201 1771 Alexan-

622 1793 840 1850 drinam
887 1798 1151 1855 obtinuit.

2316 613 2531 682 γράψας
2557 614 2937 680 ἐξαπέστειλεν
2966 618 3353 685 άντεγκύκλια.

2384 787 2466 840 Π’.
2500 789 2632 858 Περὶ
2660 789 2758 859 τῆς
2786 790 3047 844 ἐπανόδου
3069 794 3332 862 Ζήνωνος.

2381 898 2457 951 Θ’.
2494 899 2585 963 Ὠς
2622 900 2759 970 μετά
2782 902 2871 954 τὸν
2895 903 3121 958 θάνατον
3145 907 3496 976 Βασιλίσκου,
3520 913 3570 966 oi
3593 915 3864 985 τῆςἈσίας

2310 988 2596 1042 ἐπίσκοποι
2629 992 2721 1044 τὸν
2760 994 3013 1048 Ἀκάκιον
3064 998 3454 1070 ἡμερούμενοι,
3483 1007 3762 1073 μετανοίας
3789 1011 3859 1080 βι-

2309 1078 2456 1132 ϐλίον
2479 1081 2889 1149 ὲπιδεδώκασιν,
2917 1080 2997 1150 οἷς
3021 1088 3327 1160 ἐξήμαρτον
3357 1094 3461 1166 τὴν
3494 1094 3553 1148 ὲν
3584 1078 3864 1172 Καλχηδδνι

2309 1167 2528 1221 σύνοδον
2544 1169 2706 1240 ἀθετή
2715 1189 2924 1235 σαντες.

2376 1260 2435 1313 l'.
2476 1261 2611 1331 Περὶ
2645 1263 2755 1317 τῶν
2788 1266 2847 1318 ἐν
2873 1266 3173 1342 Ἀντιοχείᾳ.
3198 1272 3704 1346 ὲπισκοπησάντων.

2378 1351 2482 1405 1Α’.
2525 1353 2613 1416 Ὠς
2641 1356 2670 1406 6
2700 1354 2955 1423 βασιλεὺς
2979 1360 3164 1429 Ζήνων
3192 1362 3464 1435 ἐϐουλήθη
3507 1366 3597 1419 τὸν
3615 1367 3855 1440 Δίλουρον

2267 1446 2273 1453 ’
2303 1436 2529 1505 διῶξαι·
2581 1440 2671 1494 διὰ
2696 1442 2755 1495 δὲ
2785 1444 2845 1498 τὸ
2881 1446 3055 1516 γῆρας
3102 1449 3265 1503 αὐτὸν
3319 1452 3657 1522 κατελεήσας
3684 1436 3852 1508 είασετ

2306 1527 2396 1579 καὶ
2425 1526 2680 1589 ὠςαύτοῢ
2714 1530 3154 1604 τελευτήσαντος,
3182 1537 3389 1608 Πέτρος
3417 1542 3450 1593 6
3487 1541 3697 1610 Μογγδς
3725 1544 3846 1613 πρὸς

2300 1617 2410 1670 τῶν
2447 1619 2844 1694 Ἀλεξανδρέων
2895 1628 3371 1700 κεχειροτόνηταιυ
3434 1633 3691 1703 Τιμόθεος
3734 1635 3784 1689 δὲ
3819 1637 3844 1690 ὁ

2304 1709 2443 1778 μετὰ
2472 1710 2766 1784 Προτέρων
2786 1716 3015 1786 νεύματι
3042 1718 3136 1772 τοῦ
3166 1719 3452 1791 βασιλέως,
3469 1724 3560 1779 τὸν
3577 1726 3669 1797 τῆς
3683 1726 3841 1792 Ἀλεξ-

2305 1799 2543 1870 ανδρέων
2562 1803 2749 1874 θρόνον
2770 1807 3053 1878 κατέσχεν,

688 1886 807 1942 XII.
837 1890 914 1945 De
943 1892 1152 1948 Joanne
1174 1895 1268 1964 qui
1298 1896 1674 1967 episcopatum
1704 1899 2048 1958 Alexandriae
2073 1914 2183 1973 pOSl

2370 1863 2471 1946 IIB'.
2497 1863 2635 1965 Περὶ
2673 1893 2917 1950 Ἰωάννου
2941 1863 3040 1952 ’τοῦ
3077 1900 3217 1969 μετὰ
3259 1902 3523 1973 Τιμόθεον
3552 1908 3646 1976 τῆς
3709 1908 3834 1961 Ἀλε-

620 1977 969 2036 Timotheum
1016 1984 1360 2054 gubernavit.
1407 1987 1693 2055 Quomodo
1728 2005 1853 2047 eum
1887 1991 2034 2059 zeno
2073 2001 2193 2048 tan-

618 2089 782 2143 quam
825 2078 1109 2148 perjurum
1146 2081 1341 2152 ejecit,
1390 2091 1446 2137 et
1496 2083 1659 2140 Petro
1703 2084 1897 2156 Mongo
1942 2086 2195 2142 eamdem

618 2165 805 2221 sedem
843 2169 1103 2224 restituit.

685 2274 827 2331 XIII.
861 2277 1148 2343 Quomodo
1193 2282 1389 2338 Petrus
1435 2284 1665 2356 Mongus
1711 2285 2037 2341 Henoticum
2087 2288 2191 2343 Ze-

613 2368 776 2422 nonis
805 2369 1087 2437 amplexus
1118 2382 1221 2436 est,
1256 2384 1312 2429 et
1348 2374 1688 2431 Proterianis
1721 2392 1781 2437 se
1812 2380 2118 2447 conjunxit.

680 2455 839 2527 331
874 2458 1011 2515 XIV.
1071 2460 1309 2519 Zenonis
1368 2464 1691 2522 Henoticum
1749 2460 1864 2523 sive
1907 2468 2189 2524 Unitivum

611 2544 876 2601 edictum.

680 2634 797 2691 XV.
858 2635 1145 2706 Quomodo
1197 2642 1435 2702 Joannes
1488 2647 1831 2705 Alexandria:
1888 2649 2186 2721 episcopus

609 2732 839 2788 Romam
869 2737 1118 2803 veniens,
1161 2741 1433 2809 persuasit
1466 2740 1751 2814 Simplicio
1796 2753 1857 2800 ut
1899 2745 1968 2800 ad
2011 2746 2187 2802 Zeno-

607 2840 734 2885 nem
760 2828 1028 2885 scriberet
1054 2828 1123 2885 dc
1155 2829 1224 2887 iis
1250 2849 1373 2903 quae
1401 2834 1717 2891 acciderant
1745 2852 1759 2890 :
1791 2846 1848 2892 et
1875 2836 2009 2909 quid
2038 2837 2187 2894 Zeno

601 2916 976 2985 rescripserit.

677 3000 817 3061 XVI.
861 3007 938 3063 De
970 3007 1305 3068 Calendione
1347 3013 1654 3072 Antiochiae
1697 3017 1978 3089 episcopo,
2012 3028 2183 3092 utque

605 3095 799 3151 exsilio
828 3096 1119 3154 damnatus
1148 3100 1221 3155 sit
1246 3101 1316 3156 ob
1338 3103 1633 3168 amicitiam
1658 3122 1821 3175 quam
1848 3124 1974 3164 cum
2003 3110 2102 3166 lllo
2126 3122 2183 3168 et

2300 1981 2567 2053 ξανδρέων
2595 1987 2723 2050 τοὺς
2768 1987 2960 2052 οῐακας
3002 1994 3387 2063 κατασχόντος,
3418 1997 3564 2060 ὅπως
3610 2015 3666 2050 τε
3727 1998 3832 2051 τοῦ·

2294 2090 2387 2128 τον
2418 2076 2447 2128 6
2480 2078 2667 2146 Ζήνων
2693 2079 2770 2144 ὡς
2798 2082 3208 2153 ἐπιορκήκαντα
3240 2086 3557 2156 ἀπελαύνει,
3586 2091 3760 2161 Πέτρῳ
3780 2089 3829 2143 δὲ

2204 2214 2213 2219 ,
2293 2157 2371 2227 τῷ
2396 2160 2601 2232 Μογγῷ
2627 2162 2726 2235 τὴν
2768 2166 3162 2240 ’Δλεξανδρέων
3195 2174 3505 2246 ἐγχειρίζει,

2361 2458 2459 2513 1Δ’.
2501 2460 2637 2533 Περὶ
2655 2462 2749 2517 τοῦ
2778 2466 3068 2539 λεγομένου
3102 2469 3389 2531 Ἐνωτικοῦ
3411 2479 3498 2532 τοῦ
3523 2482 3760 2552 Ζήνωνος.

2359 2637 2459 2692 IE'.
2507 2639 2594 2703 Ὠς
2626 2639 2879 2715 Ἰωάννης
2931 2649 2960 2701 6
3012 2649 3404 2723 Ἀλεξανδρείας
3455 2657 3710 2713 κατελθὼν
3750 2659 3809 2714 έν

2302 2727 2511 2802 Ῥώμῃ,
2536 2732 2715 2788 πείθει
2749 2735 3072 2808 Σιμπλίκιον
3120 2743 3249 2814 πρὸς
3293 2746 3503 2817 Ζήνωνα
3550 2750 3673 2819 περὶ
3707 2748 3810 2805 τῶν

2289 2822 2612 2892 συμϐάντων
2633 2826 2841 2899 γράψαι
2871 2830 3101 2901 Ζήνωνι.

2357 3005 2472 3072 I7.
2511 3006 2648 3077 Περὶ
2676 3008 3053 3077 Καλανδέωνος
3081 3014 3176 3067 τοῦ
3222 3015 3561 3087 Ἀντιοχείας,
3604 3018 3693 3073 καὶ
3742 3019 3816 3074 ὅτι

2283 3092 2472 3168 ἔξορίᾳ
2506 3098 2874 3173 κατεδικάσθη
2897 3103 2986 3156 διὰ
3014 3105 3113 3175 τὴν
3157 3106 3295 3177 πρὸς
3330 3109 3531 3163 ἰλλουν
3566 3112 3655 3165 καὶ
3675 3112 3816 3167 Λεόν-

605 3182 838 3240 Leontio
867 3186 1126 3244 habuisse
1155 3191 1501 3248 credebatur.
1526 3194 1661 3250 Item
1685 3199 1962 3266 quomodo
1987 3202 2183 3260 Petrus

2286 3205 2400 3245 τιον
2431 3189 2822 3262 ὑπονοηθεῖσαν
2860 3194 3073 3264 φιλίανο
3106 3198 3204 3251 καὶ
3232 3200 3308 3264 ὠς
3335 3201 3533 3274 Πέτρος
3561 3205 3588 3257 6
3607 3205 3816 3273 κναφεὺς

604 3273 764 3330 Fullo
800 3276 995 3347 Mongo
1025 3286 1080 3333 et
1112 3280 1385 3353 episcopis
1416 3282 1928 3358 Constantinopolis
1960 3299 2017 3346 et
2054 3292 2183 3351 Hie-

603 3368 1007 3438 rosolymorum
1045 3373 1286 3429 sociatus
1324 3375 1510 3432 fuerit.

672 3458 836 3516 XVII.
871 3461 948 3516 De
997 3463 1083 3519 his
1121 3481 1243 3535 qua:
1285 3466 1482 3523 Petrus
1513 3471 1736 3542 scripsit
1766 3474 1836 3530 ad
1882 3479 2177 3549 Acacium,

601 3550 696 3620 qui
724 3549 1228 3609 Chalcedonensem
1257 3557 1526 3628 synodum
1559 3572 1896 3633 susceperat.

668 3662 859 3721 XVIII.
887 3665 1174 3733 Quomodo
1199 3668 1439 3726 Joannes
1460 3671 1863 3732 Alexandrinus
1885 3679 2178 3751 episcopus

601 3757 764 3814 Felici
816 3774 969 3828 papae
1000 3761 1371 3829 persuaserit,
1419 3771 1480 3817 ut
1527 3764 1887 3835 depositionis
1929 3771 2177 3829 libellum

598 3848 843 3904 mitteret
871 3849 1071 3905 Acacio
1098 3852 1730 3924 Constantinopolitano.

667 3937 811 3994 XIX.
860 3940 937 3996 De
970 3938 1175 4012 Cyrillo
1226 3946 1523 4014 praeposito
1571 3951 1888 4006 monasterii
1937 3952 2177 4011 Accemi—

596 4030 835 4086 tensium
869 4047 883 4084 :
912 4031 1188 4101 quomodo
1226 4034 1454 4089 Romam
1505 4037 1572 4091 ad
1620 4038 1857 4095 Felicem
1907 4045 2173 4112 quosdam

594 4123 876 4188 direxerit,
912 4124 1146 4179 incitans
1175 4126 1328 4180 illum
1369 4137 1427 4181 ut
1469 4144 1533 4183 ea
1559 4146 1682 4199 quae
1712 4132 1977 4190 adversus
2008 4136 2172 4193 ﬁdem

593 4215 887 4269 commissa
915 4226 1093 4281 erant,
1122 4217 1505 4277 ulcisceretur.

661 4305 782 4363 XX.
814 4308 890 4362 De
932 4307 1002 4363 iis
1031 4324 1153 4378 qua:
1186 4310 1337 4366 Felix
1380 4313 1449 4367 ad
1495 4313 1794 4385 Zenonem,
1822 4326 1879 4372 et
1907 4319 2055 4374 Zeno
2100 4322 2169 4376 ad

592 4397 829 4452 Felicem
871 4398 1113 4467 scripsit.

2283 3283 2467 3355 ἠνώθη
2491 3284 2569 3355 τῷ
2597 3284 2823 3359 Μογγῷ,
2848 3291 2941 3344 καὶ
2974 3290 3051 3361 τῷ
3082 3293 3709 3364 Κωνσταντινουπόλεως,
3737 3299 3816 3354 καὶ

2280 3371 2360 3439 τῷ
2398 3374 2808 3446 Ἱεροσολύμων.

2354 3465 2452 3521 1Ζ’.
2503 3469 2636 3540 Περὶ
2669 3464 2745 3524 ὧν
2799 3471 3004 3544 ἔγραψε
3058 3475 3268 3548 Πέτρος
3307 3479 3546 3554 Ἀκακίῳ
3574 3480 3816 3553 δεξαμένῳ

2278 3557 2377 3631 τὴν
2406 3558 2465 3613 ἑν
2493 3560 2801 3632 Καλχηδόνι
2828 3562 3067 3620 σύνοδον.

2349 3673 2458 3729 IH'.
2497 3674 2685 3739 Ὅπως
2712 3677 2966 3750 Ἰωάννης
3016 3681 3045 3733 6
3076 3679 3486 3752 Ἀλεξανδρείας
3535 3686 3695 3740 πείθει
3724 3685 3812 3754 Φή-

2275 3762 2390 3816 λικι
2421 3763 2499 3835 τῷ
2527 3766 2686 3837 πάπᾳ
2723 3767 2938 3838 Ῥώμης
2967 3771 3285 3843 καθαίρεσιν
3316 3775 3557 3850 Ἀκακίῳ
3584 3775 3656 3847 τῷ
3684 3777 3814 3831 Κων-

2197 3911 2200 3915 ,
2279 3857 2773 3920 σταντινουπόλεως
2801 3861 3039 3931 πέμψαι.

2346 3946 2447 4000 18’.
2476 3950 2611 4020 Περὶ
2632 3950 2898 4018 Κυρίλλου
2932 3955 3236 4025 ἡγουμένου
3258 3959 3433 4029 μονῆς
3465 3960 3568 4015 τῶν
3591 3958 3814 4028 Ἀκοιμή·

2273 4052 2401 4098 των,
2452 4037 2602 4101 ὅπως
2653 4039 2790 4109 πρὸς
2838 4041 3056 4112 Ῥώμην
3104 4045 3398 4100 ἀπέστειλε
3451 4049 3583 4119 πρὸς
3636 4042 3815 4114 Φήλικά

2271 4144 2444 4192 τινας,
2463 4130 2671 4198 ὲνάγων
2695 4131 2858 4185 αὐτὸν
2884 4134 3020 4202 πρὸς
3050 4136 3331 4208 ἐκδίκησιν
3359 4139 3472 4193 τῶν
3488 4138 3815 4211 τολμωμένων

2271 4217 2413 4271 κατὰ
2440 4219 2539 4288 τῆς
2566 4222 2822 4286 πίστεως.

2341 4310 2428 4364 Κ’.
2465 4311 2600 4382 Περὶ⁹
2627 4305 2700 4365 ὧν
2751 4313 2959 4385 ἔγραψε
3004 4317 3171 4389 Φῆλιξ
3203 4321 3338 4392 πρὸς
3363 4325 3609 4396 Ζήνωνα,
3649 4325 3731 4380 καὶ
3753 4317 3810 4379 αὖ

2270 4399 2434 4453 πάλιν
2456 4403 2638 4470 Ζήνων
2673 4405 2809 4473 πρὸς
2838 4406 3064 4476 Φήλικα.

661 4487 803 4542 XXI.
834 4488 1118 4554 Quomodo
1158 4489 1456 4561 Symeones
1495 4499 1800 4554 monachus
1831 4502 2167 4558 Acoemiten-

2344 4489 2472 4543 KA'.
2519 4490 2604 4553 Ὧς
2630 4492 2925 4562 Συμεώνης
2980 4496 3211 4566 μοναχὸς
3240 4500 3413 4570 μονῆς
3447 4503 3553 4556 τῶν
3586 4498 3809 4571 Ἀκοιμήο

589 4581 686 4644 sis,
724 4580 953 4634 Romam
998 4581 1245 4648 veniens,
1297 4584 1506 4655 legatos
1556 4588 1814 4645 Ecclesia:
1863 4593 2021 4648 Rom.
2070 4597 2165 4665 qui

586 4670 1119 4741 Constantinopolim
1146 4685 1433 4740 venerant,
1462 4680 1710 4747 coarguit
1733 4684 1879 4751 quod
1907 4701 2031 4740 cum
2057 4687 2171 4743 ba:-

587 4766 779 4823 reticis
811 4767 1308 4822 communicassent
1338 4786 1351 4823 :
1383 4777 1440 4825 et
1466 4773 1740 4839 quomodo
1775 4776 1934 4847 legati
1964 4786 2020 4833 et
2047 4796 2167 4834 om-

585 4873 687 4913 nes
752 4858 1249 4916 communicatores
1313 4862 1459 4917 Petri
1518 4879 1551 4918 a
1607 4865 1868 4924 Romanis
1926 4870 2161 4941 depositi

583 4948 716 5003 sint.

654 5060 823 5118 XXII.
874 5063 953 5119 De
1003 5065 1180 5122 turbis
1229 5083 1349 5139 quae
1397 5071 1740 5129 Alexandriae
1792 5083 1850 5130 et
1898 5078 2067 5133 variis
2104 5078 2159 5134 in

580 5154 719 5211 locis
749 5155 998 5210 excitata:
1025 5165 1155 5212 sunt
1184 5159 1255 5214 ob
1283 5160 1733 5220 Chalcedonense
1764 5167 2085 5224 concilium.

648 5326 811 5397 332
850 5326 1041 5384 XXIII.
1080 5330 1157 5386 De
1200 5334 1416 5392 Fravita
1463 5348 1519 5393 et
1551 5339 1858 5407 Euphemio
1888 5343 2159 5402 Constan-

577 5417 838 5488 tinopolis
898 5420 1176 5491 episcopis
1222 5440 1236 5477 :
1280 5435 1337 5482 et
1394 5427 1461 5482 de
1498 5429 1799 5486 Athanasio
1837 5448 1900 5487 ac
1946 5432 2156 5494 Joanne

572 5506 962 5564 Alexandrinis
995 5526 1009 5564 :
1039 5519 1094 5566 et
1119 5511 1186 5566 de
1211 5513 1455 5571 Palladio
1484 5533 1547 5572 ac
1574 5517 1834 5576 Flaviano
1860 5523 2165 5583 Antioche-

574 5595 701 5661 nis;
731 5596 861 5652 item
893 5598 960 5653 de
986 5598 1108 5654 aliis
1136 5602 1488 5671 quibusdam.

578 5768 624 5827 Δ
646 5682 835 5741 XXIV.
862 5688 939 5744 De
969 5690 1115 5748 caede
1142 5691 1348 5750 Armati
1381 5696 1475 5766 qui
1511 5708 1774 5768 cognatus
1802 5702 1907 5760 fuit
1940 5707 2153 5766 Verina:

628 5783 863 5827 unusne.

628 5783 834 5840 ugusue
847 5809 863 5825 ο

2267 4597 2376 4633 των
2403 4582 2483 4644 είς
2525 4581 2745 4652 Ῥώμην
2791 4585 3254 4652 κατελθὼν,τοὺς
3302 4592 3363 4644 ὲν
3421 4595 3814 4648 Κωνσταντινου·

2269 4670 2420 4724 πόλει
2462 4673 2863 4740 ἀποσταλέντας
2886 4678 3218 4744 ἐπισκόπους
3247 4684 3400 4753 παρὰ
3448 4685 3717 4755 Ῥωμαίων
3746 4682 3813 4735 δι-

2266 4762 2461 4834 ήλεγξε
2490 4766 2922 4831 κοινωνήσαντας
2958 4773 3072 4834 τοῖς
3107 4773 3439 4841 αἱρετικοῖςν
3468 4778 3560 4831 καὶ
3587 4776 3658 4839 ὡς
3685 4771 3814 4829 αὐτοί

2263 4870 2323 4906 τε
2382 4854 2477 4906 καὶ
2516 4857 2566 4907 οἱ
2600 4860 3024 4929 κοινωνήσαντες
3085 4863 3296 4936 Πέτρῳ,
3352 4869 3509 4939 παρὰ
3557 4865 3813 4938 Ῥωμαίων

2263 4943 2665 5016 καθῃρέθησαν.

2333 5063 2463 5121 KB’.
2510 5067 2646 5137 Περὶ
2673 5066 2782 5121 τῶν
2848 5068 2906 5122 ὲν
2937 5069 3322 5144 Ἀλεξανδρείᾳ
3364 5076 3691 5147 κινηθέντων
3732 5072 3812 5127 καὶ

2260 5159 2319 5211 ἐν
2350 5157 2625 5229 διαφόροις
2663 5160 2869 5225 τόποις,
2909 5161 3069 5232 χάριν
3124 5166 3223 5235 τῆς
3263 5166 3321 5218 ὲν
3354 5169 3657 5239 Καλχηδόνι
3702 5182 3812 5220 σνν-

2260 5249 2401 5304 όδου.

2329 5343 2457 5398 Kl".
2504 5344 2639 5413 Περὶ
2663 5343 2759 5396 τοῦ
2788 5345 3057 5415 Φραυῖτοο
3115 5349 3210 5402 καὶ
3244 5352 3509 5422 Εὐφήμου
3554 5354 3657 5406 τῶν
3677 5355 3811 5407 Κων-

2260 5436 2805 5499 σταντινουπολιτῶν,
2838 5439 2931 5489 καὶ
2969 5437 3294 5495 Ἀθανασίου
3317 5446 3412 5498 καὶ
3453 5447 3691 5501 Ἰωάννου
3718 5444 3810 5496 τῶν

2269 5524 2685 5596 Ἀλεξανδρέων,
2737 5525 2833 5579 καὶ
2889 5525 3195 5582 Παλλαδίου
3241 5533 3339 5585 καὶ
3382 5533 3678 5588 Φλαόιανοῦ
3716 5530 3810 5584 τῶν

2255 5616 2595 5686 Ἀντιοχέων,
2630 5617 2725 5670 καὶ
2745 5616 2948 5686 ἑτέρων
2972 5619 3156 5675 τινῶν.

2328 5707 2453 5761 ΚΔ’.
2497 5708 2634 5778 Περὶ
2693 5707 2793 5775 τῆς
2837 5708 3172 5778 ἀναιρέσεως
3213 5712 3488 5785 Ἀρμάτου
3538 5711 3808 5788 συγγενοῦς

2254 5796 2479 5871 Βερίνης
2519 5801 2616 5870 τῆς
2648 5798 2932 5870 βασιλίδος.
