4088 6300
246 344 391 412 2593

1164 335 1548 396 HISTORIA!
1587 335 2176 397 ECCLESIASTICzE
2213 334 2444 396 LIBER
2476 336 2590 398 IlI.

3367 337 3509 402 2594

320 462 452 516 KE’.
497 458 635 530 Περὶ
650 458 748 527 τῆς
780 456 1204 517 ἐπαναστάσεως
1228 454 1545 526 Θεοδερίχου
1565 454 1659 509 τοῦ
1691 455 1831 509 Σκύ-

2007 478 2170 536 XXV.
2204 481 2282 536 De
2326 475 2653 534 Theodorici
2702 474 2916 546 Scytha:
2963 473 3285 540 rebellione,
3328 474 3508 545 deque

247 561 368 622 θου,
392 558 489 610 καὶ
518 555 617 623 τῆς
640 553 831 606 τούτου
859 550 1141 619 τελευτῆς.

318 650 468 715 KG'.
498 645 635 714 Περὶ
656 646 755 713 τῆς
790 641 1109 712 Μαρκιανοῦ
1148 638 1591 705 ἐπαναστάσεως,
1627 640 1721 694 καὶ
1744 639 1830 695 οἷα

247 739 381 810 περὶ
401 736 591 790 τοῦτον
627 731 847 802 συνέϐη.

324 830 454 885 ΚΖ’.
492 826 627 896 Περὶ
656 827 759 895 τῆς
787 822 1103 895 τυραννίδος
1126 823 1300 877 Ἵλλου
1326 823 1422 878 καὶ
1444 824 1720 878 Λεοντίου.

321 920 460 977 KH’.
499 920 635 991 Περὶ
669 914 1027 989 Μαμμιανοῦ,
1063 916 1159 971 καὶ
1190 916 1298 970 τῶν
1328 917 1505 989 εργων
1536 916 1724 971 αὑτοῦ.

321 1098 454 1154 κεν.
492 1095 627 1163 Περὶ
646 1094 746 1162 τῆς
774 1090 1030 1163 τελευτῆς
1059 1093 1325 1163 Ζήνωνος,
1349 1090 1563 1160 καὶτῆς
1587 1091 1832 1162 ἀναρρή-

252 1208 394 1255 σεως
427 1185 802 1243 ’Δναστασίου.

325 1283 407 1335 A'.
443 1279 581 1349 Περὶ
613 1277 969 1332 ’Λναστασίου
994 1275 1089 1330 τοῦ
1125 1275 1412 1346 βασιλέως,
1448 1274 1541 1329 καὶ
1569 1274 1644 1338 ὡς
1670 1272 1759 1327 διὰ
1772 1273 1833 1326 τὸ

259 1372 334 1441 ,ιη
368 1368 656 1441 βούλεσθαι
688 1367 877 1422 τοῦτον
906 1369 1253 1437 καινοτομεῖν
1279 1384 1341 1445 τι
1365 1367 1495 1438 περὶ
1516 1365 1615 1437 τὴν
1640 1365 1836 1435 ἐκκλη-

258 1461 543 1533 σιαστικὴν
574 1460 928 1523 κατάστασιν,
963 1460 1171 1529 μυρίων
1199 1458 1455 1528 ταραχῶν
1487 1460 1556 1510 αι’
1583 1458 1687 1511 άνὰ
1734 1456 1835 1528 τὴν

254 1555 580 1624 οἰκουμένην
611 1551 928 1620 Ἐκκλησίαι
959 1549 1404 1622 ἐνεπλήσθησαν·
1435 1548 1619 1604 πολλοί
1645 1566 1703 1602 τε
1725 1549 1835 1602 τῶν

257 1646 574 1701 ἐπισκόπων
604 1643 691 1697 διὰ
712 1642 870 1697 τοῦτο
901 1642 1291 1712 ἐξεϐλήθησαν.

326 1738 455 1791 AA'.
496 1734 781 1804 Ἐπιστολὴ
831 1733 939 1787 τῶν
973 1733 1223 1804 μοναχῶν
1272 1731 1653 1786 Παλαιστινῶν
1696 1731 1834 1802 πρὸς

259 1830 563 1884 ’Δλκίσωνα
588 1828 717 1899 περὶ
742 1825 976 1898 μονοιχοῦ
1004 1824 1229 1879 Ξεναίου
1259 1825 1351 1878 καὶ
1375 1825 1578 1894 ἐτέρων
1602 1823 1784 1877 τινῶν.

324 1922 450 1975 AB'.
480 1920 612 1990 Περὶ
638 1919 736 1989 τῆς
757 1917 984 1987 ἐκϐολῆς
1012 1915 1349 1971 Μακεδονίου
1384 1914 1478 1968 τοῦ
1530 1915 1837 1969 Κωνσταν-

256 2012 634 2074 τινουπόλεως,
666 2012 761 2064 καὶ
782 1992 1084 2063 Φλαϐιανοῦ
1127 2007 1485 2077 Ἀντιοχείας.

329 2099 454 2157 ΔΓ.
491 2104 628 2174 Περὶ
653 2101 895 2173 Σεϐήρου
927 2098 1237 2154 ἐπισκόπου
1270 2098 1623 2168 Ἀντιοχείας.

332 2192 454 2250 ΔΔ’.
494 2194 631 2266 Περὶ
666 2194 767 2264 τῆς
792 2191 1135 2264 πεμφθείσης
1157 2188 1307 2260 αὐτῷ
1340 2189 1715 2259 καθαιρέσεως
1735 2189 1840 2242 ὑπὸ

259 2288 461 2357 Κοσμᾶ
481 2287 576 2340 καὶ
597 2285 953 2358 Σεϐηριανοῦ.

333 2380 460 2433 AE'.
479 2378 615 2449 Περὶ
628 2378 725 2447 τῆς
741 2376 849 2430 τῶν
871 2375 1148 2447 τυράννων
1163 2374 1200 2428 Ἰ
1209 2373 1424 2445 σαύρων
1446 2374 1838 2446 καθαιρέσεως.

335 2472 478 2538 AG".
502 2470 639 2541 Περὶ
658 2468 765 2521 τῶν
784 2466 1075 2538 Σκηνητῶν
1094 2464 1407 2537 βαρϐάρων,
1429 2465 1506 2530 ὡς
1521 2466 1842 2521 ἐσπείσαντο

264 2561 405 2635 πρὸς
441 2560 765 2632 Ῥωμαίους.

335 2655 458 2709 ΔΖο.
498 2652 635 2725 Περὶ
665 2651 766 2722 τῆς
799 2650 858 2705 ἐν
887 2647 1071 2722 Ἀμίδῃ
1100 2647 1442 2721 πολιορκίας,
1473 2647 1568 2702 καὶ
1610 2647 1843 2711 κτίσεως

260 2743 360 2797 τοῦ
389 2741 590 2813 Δάρας.

336 2835 466 2888 AH’.
500 2831 637 2904 Περὶ
658 2828 755 2885 τοῦ
786 2829 1003 2902 μακροῦ
1029 2831 1264 2900 τείχους.

334 2924 459 2980 ΛΘ’.
486 2923 626 2995 Περὶ
651 2921 746 2977 τοῦ
773 2921 1066 2993 λεγομένου
1104 2916 1540 2993 Χρυσαργύρου,
1587 2919 1662 2982 ὡς
1694 2918 1841 2973 άνεῐ-

262 3019 360 3072 λεν
383 3016 547 3071 αὐτὸν
583 3016 958 3079 ’Δναστάσιος.

1932 569 2180 639 ejusdem
2213 569 2463 623 interitu.

2001 659 2190 714 XXVI.
2234 660 2312 714 De
2360 658 2667 714 rebellione
2715 655 3013 721 Marciani,
3058 664 3115 711 et
3147 655 3283 726 quid
3328 655 3509 711 eidem

1932 749 2216 805 acciderit.

2004 839 2217 894 XXVII.
2249 840 2326 894 De
2359 837 2675 910 Tyrannide
2704 839 2788 893 Illi
2821 853 2885 893 ac
2915 837 3155 894 Leontii.

2002 925 2244 980 XXVIII.
2300 926 2374 980 De
2421 926 2780 992 Mammiauo,
2812 935 2870 981 et
2916 925 2985 980 de
3033 925 3295 996 operibus
3328 925 3397 981 ab
3444 940 3512 981 eo

1933 1020 2283 1074 constructis.
2500 1072 2505 1077 .

2004 1108 2197 1163 XXIX.
2233 1110 2310 1164 De
2345 1109 2584 1163 Zenonis
2627 1108 2807 1175 obitu,
2838 1116 2894 1162 et
2922 1106 2991 1162 de
3022 1106 3295 1162 Anastasii
3341 1108 3515 1178 impe-

1934 1200 2132 1254 ratoris
2171 1200 2603 1270 nuncupatione.

2017 1290 2189 1346 XXX.
2226 1292 2302 1345 De
2338 1290 2625 1346 Anastasio
2670 1289 3003 1360 imperatore
3052 1306 3065 1343 :
3104 1297 3162 1342 et
3207 1289 3511 1358 quomodo,

1936 1395 2062 1436 cum
2109 1381 2201 1434 ille
2243 1380 2381 1434 nihil
2425 1381 2480 1434 in
2529 1379 2904 1435 ecclesiastico
2935 1386 3077 1433 statu
3111 1379 3316 1432 sineret
3359 1379 3515 1433 inno«

1936 1469 2076 1535 vari,
2112 1471 2282 1525 totius
2322 1469 2474 1524 orbis
2503 1470 2762 1528 Ecclesia:
2801 1470 3107 1524 innumeris
3142 1470 3517 1539 perturbatio—
3594 1533 3598 1538 ,

1936 1561 2103 1615 nibus
2133 1560 2358 1631 repleta:
2397 1570 2543 1625 sunt,
2574 1560 2840 1629 multique
2866 1559 3110 1629 episcopi
3138 1575 3258 1614 eam
3285 1559 3359 1613 ob
3391 1575 3527 1613 cau-.

1937 1656 2052 1706 s'am
2080 1650 2315 1720 expulsi.
2704 1656 2707 1659 λ

2008 1739 2202 1797 XXXI.
2235 1739 2484 1809 Epistola
2512 1739 2907 1794 monachorum
2948 1739 3249 1794 Palaestinae
3276 1739 3343 1793 ad
3371 1740 3519 1794 Alei-

1941 1848 2133 1888 sonem
2165 1832 2235 1888 de
2262 1831 2473 1887 Xenaia
2505 1831 2799 1894 monacho,
2833 1839 2890 1884 et
2916 1830 2983 1885 de
3014 1831 3138 1885 aliis
3165 1830 3516 1900 quibusdam.

2010 1923 2227 1978 XXXII.
2263 1923 2339 1977 De
2370 1921 2691 1991 expulsione
2724 1920 3027 1974 Macedonii
3056 1920 3518 1990 Constantinopo-

1938 2017 2094 2071 litani
2129 2015 2396 2085 episcopi,
2424 2022 2480 2068 et
2514 2012 2756 2068 Flaviani
2782 2011 3135 2067 Antiocheni.

2012 2105 2253 2160 XXXIII.
2294 2106 2370 2159 De
2406 2104 2612 2160 Severo
2632 2105 2893 2173 episcopo
2922 2103 3246 2158 Antiochia.

2012 2199 2254 2257 XXXIV.
2286 2200 2364 2255 De
2393 2199 2583 2255 libello
2612 2198 2978 2268 depositionis
3019 2199 3086 2254 ad
3133 2200 3390 2256 eumdem
3426 2198 3524 2256 Se-

1940 2306 2133 2347 verum
2163 2290 2334 2345 misso
2361 2305 2392 2344 a
2419 2290 2615 2345 Cosma
2647 2298 2704 2343 et
2730 2288 3050 2345 Severiano.

2013 2379 2229 2436 XXXV.
2260 2381 2337 2435 De
2365 2380 2633 2436 exstincta
2662 2380 2975 2435 Isaurorum
3006 2380 3316 2452 tyrannide.

2010 2472 2251 2528 XXXVI.
2289 2471 2578 2538 Quomodo
2605 2470 2865 2527 Saraceni
2888 2486 3081 2541 pacem
3108 2488 3234 2529 cum
3264 2472 3526 2528 Romanis

1942 2563 2216 2619 fecerunt.
3580 2562 3583 2563 '

2014 2654 2279 2710 XXXVII.
2313 2655 2393 2710 De
2422 2654 2827 2726 expugnatione
2856 2654 3085 2722 Amidae,
3113 2664 3168 2711 et
3202 2655 3271 2711 de
3298 2654 3527 2711 conditu

1945 2747 2105 2803 urbis
2133 2748 2324 2802 Daras.
2630 2814 2643 2823 ρ

2015 2836 2307 2893 XXXVIII.
2338 2838 2418 2893 De
2442 2837 2607 2908 longo
2641 2852 2820 2892 muro.

2017 2929 2262 2985 XXXIX.
2295 2929 2373 2984 De
2395 2930 2650 3000 vectigali
2677 2929 2825 3000 quod
2849 2928 3281 3001 Chrysargyrum
3305 2933 3528 2993 vocant,

1945 3030 2002 3076 et
2025 3019 2306 3091 quomodo
2333 3020 2609 3075 sublatum
2635 3020 2709 3074 sit
2732 3019 2802 3074 ab
2830 3019 3138 3074 Anastasio.

336 3107 429 3163 Μ’.
464 3104 603 3177 Περὶ
619 3099 694 3159 ὧν
729 3105 981 3177 ἱστόρησε
1013 3103 1262 3175 Ζώσιμος
1288 3103 1448 3174 χάριν
1468 3101 1565 3156 τοῦ
1590 3102 1846 3173 Χρυσαρ-

2018 3110 2133 3166 XL.
2167 3111 2245 3166 De
2272 3110 2361 3166 his
2387 3126 2509 3181 quae
2536 3110 2791 3167 Zosimus
2820 3112 3041 3182 scripsit
3069 3110 3138 3166 de
3158 3109 3531 3182 Chrysargyro

263 3194 461 3267 γύρου,
489 3196 584 3249 καὶ
610 3195 1025 3248 Κωνσταντίνου
1064 3192 1159 3246 τοῦ
1187 3191 1467 3261 βασιλέως.

341 3286 480 3341 MA'.
532 3285 862 3348 ’Δπόστασις
911 3282 1047 3356 πρὸς
1074 3281 1329 3353 Ζώσιμον
1358 3283 1445 3351 ἐφ’
1469 3277 1551 3348 οἷς
1577 3281 1853 3355 ἐϐλασφή-

269 3392 416 3449 μησε
448 3376 861 3430 Κωνσταντῖνον
894 3374 988 3429 καὶ
1018 3372 1413 3445 Χριστιανούς.

343 3467 478 3524 IIB'.
511 3467 648 3538 Περὶ
665 3467 764 3538 τῆς
785 3464 1186 3538 χρυσοτελείας.

344 3560 480 3616 ΜΡ.
515 3560 653 3631 Περὶ⁸
681 3559 783 3631 τῆς
810 3558 1132 3630 τυραννίδος
1156 3555 1501 3615 Βιταλιανοῦ.

345 3649 478 3706 MA’.
518 3651 607 3715 Ὦς
638 3650 995 3705 Ἀναστασίου
1040 3652 1100 3705 ἐν
1123 3650 1204 3720 τῷ
1227 3650 1500 3722 τρισαγίῳ
1536 3650 1733 3723 Ὕμνῳ
1764 3650 1846 3719 τὸ,

278 3743 347 3797 '0
365 3741 701 3813 σταυρωθεὶς
721 3741 789 3795 δι’
807 3742 977 3812 ἡμᾶς,
996 3739 1349 3812 βουληθέντος
1371 3740 1710 3810 προσθεῖναι,
1729 3742 1858 3795 στά-

269 3851 365 3898 σις
389 3836 446 3888 ὲν
465 3833 544 3904 τῷ
566 3834 722 3905 δήμῳ
752 3833 847 3887 καὶ
874 3833 1088 3904 ταραχὴ
1118 3832 1342 3903 γέγονεν
1360 3846 1375 3863 ⁸
1415 3834 1552 3906 ὅπερ
1574 3833 1856 3907 φοϐηθεὶς,

273 3927 718 3997 ὑποκρινάμενος
763 3924 1116 3994 ταπείνωσιν,
1181 3925 1318 3996 ταχὺ
1374 3924 1473 3990 τὰς
1514 3922 1738 3995 γνώμας
1764 3925 1857 3978 τοῦ

268 4017 343 4088 δή
351 4033 455 4088 μου
488 4014 776 4085 μετέϐαλε.

354 4287 489 4345 κε’.
517 4287 657 4358 Περὶ
677 4287 772 4344 τοῦ
810 4288 1044 4345 θανάτου
1091 4289 1466 4346 Ἀναστασίου.

872 4361 1128 4416 ΚΕΦΑΛ.
1176 4361 1262 4417 A’.

270 4476 422 4548 ῌερί
440 4477 550 4548 τῆς
569 4476 896 4543 βασιλείας
917 4476 1199 4546 Ζήνωνος
1240 4474 1339 4530 καί
1363 4472 1471 4529 τοῦ
1481 4474 1626 4541 βίου
1646 4472 1856 4530 αὐτοῦ.

356 4612 545 4683 Ζήνων
580 4611 660 4679 δὲ,
688 4612 814 4666 ἐπεὶ¹
866 4611 966 4682 τὴν
994 4609 1290 4681 βασιλείαν,
1333 4609 1427 4664 τοῦ
1470 4609 1659 4674 παιδός
1695 4610 1745 4664 οἱ
1772 4627 1862 4663 τευ

273 4702 666 4766 λευτήσαντος,
708 4703 869 4772 μόνος
912 4701 1266 4773 περιεϐάλετο
1285 4741 1300 4766 ,
1329 4700 1520 4770 ὥσπερ
1550 4701 1650 4755 οὐκ
1681 4701 1863 4773 οίόμε-

274 4809 379 4854 νος
409 4791 457 4823 ⁷⁸³
482 4792 592 4846 τῶν
623 4793 765 4846 ὅλων
795 4792 1069 4862 ἐγκρατὴς
1110 4791 1387 4861 γενέσθαι,
1415 4793 1464 4845 εί
1508 4790 1584 4862 μὴ
1618 4791 1713 4845 καὶ
1750 4793 1862 4846 πά-

282 4901 419 4946 σαις
451 4886 570 4947 ταῖς
609 4884 895 4946 ἐπιούσαις
945 4883 1161 4954 ἡδοναῖς
1196 4883 1314 4953 μετ’
1354 4882 1601 4949 ἐξουσίας
1642 4882 1867 4947 ἐπεξέλ-

275 4975 402 5038 θοι,
448 4974 700 5029 τοσοῦτον
733 4976 798 5028 ἐκ
839 4975 1141 5046 προοιμίων
1188 4973 1381 5027 ἑαυτὸν
1419 4976 1538 5037 ταῖς
1585 4973 1868 5029 ὲπιθέσεσι

270 5067 399 5122 τῶν
431 5065 736 5138 ἐπιθυμιῶν
766 5066 1082 5132 ἐκδέδωκεν,
1115 5065 1190 5133 ὡς
1238 5065 1405 5137 μηδὲν
1435 5065 1595 5119 αὑτὸν
1624 5066 1869 5136 ἐπισχεῖν

272 5158 399 5213 τῶν
427 5159 695 5229 ἀπρεπῶν
753 5176 813 5212 τε
858 5158 957 5211 καὶ
1006 5159 1278 5230 ἀθέσμων·
1309 5156 1424 5210 ἀλλ’
1452 5156 1623 5219 οὕτως
1660 5157 1872 5220 τούτοις

278 5249 771 5320 ἐμπολιτεύεσθαι,
809 5251 885 5314 ὡς
914 5250 974 5303 τὸ
1016 5252 1247 5315 σκοτίως
1271 5249 1444 5305 ταῦτα
1484 5250 1579 5303 καὶ
1609 5250 1668 5302 ἐν
1691 5267 1872 5321 παρα-

280 5343 481 5412 ϐύστῳ
512 5340 822 5411 γίγνεσθαι,
846 5340 1136 5412 χαμερπὲς
1165 5336 1306 5394 εἶναι
1336 5339 1603 5411 νομίζειν
1632 5339 1695 5393 τὸ
1727 5340 1785 5394 δέ
1811 5357 1876 5409 γε

277 5434 600 5503 ἀναφανδὸν
626 5435 724 5488 καὶ
767 5433 957 5504 ὥσπερ
1015 5432 1075 5497 ἐξ
1112 5433 1383 5497 ἀπόπτου,
1430 5431 1708 5501 βασιλικὸν
1732 5471 1747 5495 ,
1778 5432 1876 5485 καὶ

281 5523 663 5594 αὐτοκράτορι
693 5524 837 5595 μόνῳ
877 5524 1108 5593 πρέπον·
1143 5522 1331 5588 κακῶς
1369 5523 1459 5578 καὶ
1488 5521 1872 5593 δουλοπρεπῶς

357 5732 407 5764 ’⁸
437 5731 539 5787 οὐκ
574 5728 777 5783 οἰκειού
786 5747 964 5800 μενος.

1952 3210 2008 3259 et
2032 3204 2102 3259 de
2125 3202 2491 3260 Constantino
2516 3203 2869 3272 imperatore.

2021 3292 2159 3348 XLI.
2192 3292 2471 3348 Invectiva
2502 3292 2559 3346 in
2591 3292 2871 3347 Zosimum
2915 3292 2988 3347 ob
3017 3293 3139 3365 ejus
3168 3292 3227 3348 in
3259 3290 3537 3349 Constan-

1952 3385 2130 3440 tinum
2165 3392 2224 3439 et
2247 3382 2592 3440 Christianos
2621 3383 2934 3438 maledicta.

2024 3474 2187 3529 XLII.
2217 3475 2295 3529 De
2323 3474 2543 3529 auraria
2576 3475 2863 3544 pensione.

2023 3565 2208 3621 XLIII.
2242 3566 2319 3621 De
2347 3566 2605 3622 Vitaliani
2637 3566 2971 3638 Tyrannide.

2026 3654 2210 3710 XLIV.
2247 3654 2535 3722 Quomodo
2578 3656 2771 3727 ingens
2803 3655 3002 3712 seditio
3043 3655 3100 3711 in
3140 3655 3347 3727 populo
3385 3656 3535 3711 exci-

1957 3753 2068 3799 tata
2112 3745 2216 3810 sit,
2253 3760 2380 3799 cum
2429 3744 2752 3801 Anastasius
2796 3745 2855 3800 in
2899 3746 3113 3818 Hymno
3148 3744 3395 3817 Trisagio
3435 3746 3538 3801 has

1955 3847 2125 3888 voces
2167 3832 2372 3888 addere
2421 3834 2688 3890 voluisset
2731 3853 2744 3890 :
2791 3836 2897 3906 qui
2951 3836 3246 3893 cruciﬁxus
3301 3845 3386 3893 est
3435 3851 3538 3908 pro

1963 3924 2144 3980 nobis.
2173 3923 2330 3991 Quod
2360 3934 2614 3981 metuens
2638 3926 2980 3993 Anastasius,
3008 3927 3357 3984 simulatione
3382 3942 3535 3995 usus,

1977 4015 2163 4070 statim
2208 4014 2387 4085 plebis
2424 4017 2642 4071 animos
2693 4019 3072 4075 commutavit.

1886 4268 1936 4328 Ῑ)
2032 4288 2191 4347 XLV.
2224 4317 2294 4328 —
2326 4287 2463 4346 Item
2484 4291 2553 4348 de
2576 4291 2728 4346 obitu
2751 4288 3000 4359 ejusdem
3022 4288 3317 4348 Anastasii.

2533 4362 2693 4434 333
2737 4359 2891 4416 CAP.
2931 4362 2976 4418 ι.

2088 4498 2091 4501 ·
2142 4474 2219 4530 De
2247 4476 2467 4548 imperio
2490 4474 2718 4531 Zenonis
2775 4474 2939 4546 deque
2968 4475 3200 4545 ejusdem
3240 4476 3369 4530 vita.

2042 4609 2111 4665 At
2128 4610 2314 4677 Zeno,
2353 4610 2517 4667 simul
2554 4618 2739 4681 atque,
2771 4586 2992 4664 mortuo
3021 4607 3194 4671 ipsius
3232 4606 3368 4673 ﬁlio,
3400 4608 3551 4665 solus
3589 4676 3595 4683 ,

1970 4707 2264 4778 imperium
2318 4708 2597 4774 obtinuit,
2648 4706 2806 4777 quasi
2861 4718 3187 4776 persuasum
3234 4704 3447 4760 habens
3490 4719 3551 4759 se

1974 4813 2318 4869 nequaquam
2354 4813 2571 4853 summo
2602 4796 2836 4867 imperio
2867 4796 3159 4866 praeditum
3190 4810 3330 4856 esse,
3359 4793 3464 4849 nisi
3494 4794 3553 4847 in

1975 4906 2138 4946 omne
2182 4906 2356 4962 genus
2403 4889 2676 4954 libidinis,
2713 4888 3083 4958 quodcunque
3120 4886 3345 4941 obvium
3379 4892 3552 4950 esset,
3594 4906 3601 4915 ι

1976 4995 2190 5036 summa
2234 4996 2360 5035 eum
2396 4980 2618 5035 licentia
2652 4976 3077 5033 eﬂ‘underetur:
3109 4975 3290 5031 statim
3322 4973 3391 5028 ab
3435 4974 3557 5044 ipso

1975 5071 2201 5126 exordio
2234 5071 2515 5127 illecebris
2536 5069 2901 5139 cupiditatum
2932 5068 3006 5121 ita
3036 5082 3095 5121 se
3121 5072 3295 5120 totum
3323 5062 3556 5127 dedidit,

1981 5169 2042 5216 ut
2078 5162 2220 5216 nihil
2262 5170 2407 5217 esset
2452 5170 2560 5215 tam
2596 5169 2756 5231 turpe
2804 5168 3023 5228 tamque
3069 5156 3359 5221 illicitum,
3408 5153 3559 5223 quod

1974 5254 2239 5326 impetum
2265 5258 2386 5327 ejus
2417 5255 2739 5321 cohiberet;
2773 5252 2868 5310 sed
2899 5252 2979 5307 sic
3013 5252 3069 5305 in
3099 5248 3319 5319 ﬂagitiis
3344 5246 3561 5301 vquta-
3598 5252 3605 5259 '

1971 5346 2154 5413 batur,
2191 5356 2251 5402 ut
2278 5347 2417 5403 clam
2451 5345 2681 5417 quidem
2717 5359 2782 5398 ac
2810 5339 3038 5397 remotis
3065 5337 3290 5394 arbitris
3315 5350 3379 5390 ea
3405 5351 3561 5390 com-
3600 5398 3601 5401 η

1973 5436 2212 5502 mittere,
2244 5437 2355 5491 vile
2399 5451 2464 5490 ac
2492 5435 2774 5505 plebeium
2808 5432 3149 5486 existimaret
3176 5445 3190 5483 :
3218 5428 3396 5498 palam
3426 5441 3560 5481 vero
3602 5462 3603 5465 η

1972 5536 2030 5582 et
2055 5527 2158 5586 sub
2185 5527 2365 5583 oculis
2391 5524 2637 5582 omnium
2680 5536 2744 5580 ea
2786 5531 3025 5594 patrare,
3055 5519 3267 5591 regium
3296 5515 3559 5589 quiddam
3604 5578 3607 5581 _

1613 5634 1842 5693 VABIAE
1881 5629 2288 5693 LECTIONES.
