4088 6300
362 426 615 522 ’2599

1671 452 1985 515 EVAGRII
2025 452 2509 513 SCHOLASTICI

3588 454 3732 520 2600

468 567 741 628 mitteret,
765 568 822 618 et
849 577 915 618 ea
939 576 1060 632 quae
1103 557 1451 616 Chalcedone
1509 568 1661 631 gesta
1709 559 1949 625 fuerant,
1997 575 2025 614 e

2153 577 2212 613 τε
2274 560 2586 631 περιϐαλεῖν
2619 561 2687 615 τὰ
2727 562 2785 614 ἐν
2834 561 3140 633 Καλχηδόνι
3180 563 3547 634 πεπραγμένα
3572 604 3586 631 ,
3638 566 3730 622 καὶ

467 655 673 714 Leonis
694 652 901 707 librum
927 649 1263 706 anathemati
1281 650 1597 723 subjicerct.
1624 648 1849 706 Littera:
1864 659 2048 706 autem

462 747 549 802 sic
574 743 820 800 habent:

847 852 1128 925 Encyclica
1152 854 1372 922 epistola
1398 852 1662 908 Basilisci.

531 967 832 1037 Imperator
857 964 1040 1021 Caesar
1070 966 1386 1029 Basiliscus,
1419 966 1570 1031 Pius,
1585 966 1793 1031 Victor,
1819 966 2043 1022 Trium-

464 1057 684 1126 phator,
716 1057 1005 1123 Maximus,
1032 1072 1250 1127 semper
1269 1058 1548 1127 Augustus
1575 1075 1588 1111 :
1613 1066 1669 1112 et
1698 1058 1915 1114 Marcus
1929 1059 2042 1114 No-

465 1148 772 1203 bilissimus
844 1148 1044 1218 Caesar,
1116 1149 1408 1203 Timotheo
1462 1150 1926 1205 reverendissimo
1989 1160 2045 1205 et

464 1239 561 1295 Dei
582 1239 956 1293 amantissimo
984 1240 1398 1309 archiepisc0po
1412 1256 1619 1310 magna:
1639 1241 1794 1295 urbis
1808 1241 2047 1296 Alexan-

465 1327 769 1382 drinorum.
841 1330 1121 1398 Quotquot
1158 1330 1305 1399 leges
1355 1346 1457 1399 pro
1515 1339 1664 1385 recta
1702 1340 1866 1401 atque
1911 1347 2043 1401 apo-

462 1418 654 1473 stolica
704 1419 811 1473 ﬁde
846 1429 1143 1473 sanxerunt
1197 1420 1595 1490 religiosissimi
1633 1422 1728 1490 qui
1768 1429 1895 1475 ante
1940 1436 2043 1477 nos

464 1508 685 1564 fuerunt
716 1510 1095 1580 imperatores,
1121 1511 1437 1581 quicunque
1473 1518 1715 1565 sanctam
1738 1521 1794 1567 et
1824 1512 2041 1567 beatam

458 1609 519 1655 et
550 1601 914 1656 immortalem
965 1616 1031 1656 ac
1078 1602 1353 1657 viviﬁcam
1386 1602 1718 1657 Trinitatem
1769 1612 2040 1673 perpetuo

459 1690 685 1745 coluere
742 1709 755 1744 :
817 1707 948 1758 eas,
996 1702 1186 1761 utpote
1241 1706 1362 1761 quae
1413 1690 1672 1745 universo
1722 1693 1846 1746 orbi
1893 1693 2040 1748 salu-

463 1790 607 1835 tares
665 1796 885 1851 semper
914 1782 1254 1845 exstiterint,
1318 1781 1473 1835 nullo
1506 1797 1745 1851 unquam
1790 1791 2038 1853 tempore

2149 651 2242 705 τδν
2269 653 2434 722 τόμον
2459 651 2707 717 Λέοντος·
2740 648 2815 707 ὧν
2847 655 2881 723 ὴ
2913 652 3157 726 συνθήκη
3187 653 3338 723 λέγει
3363 654 3512 711 τάδε·

2547 851 2907 920 Ἐγκύκλιον
2932 852 3335 908 Βασιλίσκου.

2217 963 2588 1036 Αὐτοκράτωρ
2630 966 2846 1036 Καῖσαρ
2895 966 3256 1031 Βασιλίσκος,
3301 968 3569 1039 Εὐσεϐὴς,
3625 972 3720 1026 Νι.

2148 1058 2344 1129 κητὴς,
2376 1057 2770 1130 Τροπαιοῦχος,
2817 1059 3110 1127 Μέγιστος,
3164 1060 3559 1129 Ἀεισέϐαστος,
3609 1065 3723 1119 Λῦ-

2145 1167 2392 1218 γουστος·
2425 1151 2522 1203 καὶ
2550 1150 2779 1220 Μάρκος
2798 1152 2827 1202 ὁ
2869 1150 3331 1218 Ἐπιφανέστατος
3360 1155 3598 1225 Καῖσαρ,
3631 1157 3725 1209 Tt-

2149 1238 2330 1308 μοθέῳ
2365 1237 2443 1306 τῷ
2480 1238 2867 1308 εὐλαϐεστάτῳ
2902 1239 2997 1292 καὶ
3026 1238 3426 1313 θεοφιλεστάτη)
3470 1245 3723 1319 άρχιεπι-

2146 1328 2336 1399 σκόπῳ
2362 1328 2463 1399 τῆς
2521 1328 2914 1398 Ἀλεξανδρέων
2976 1329 3410 1398 μεγαλοπόλεως.
3460 1322 3724 1400 ’σπάσους

2147 1418 2247 1488 μὲν
2276 1418 2418 1487 ὑπὲρ
2459 1417 2559 1486 τῆς
2594 1418 2763 1489 ὀρθῆς
2816 1421 2911 1471 καὶ
2947 1421 3317 1492 ἁποστολικῆς
3345 1423 3579 1488 πίστεως
3604 1428 3725 1481 ὲυέ-

2145 1526 2344 1563 σπισαν
2370 1509 2566 1581 νόμους
2610 1512 2658 1563 οί
2697 1511 2807 1581 πρὸ
2837 1512 2994 1581 ἡμῶν
3030 1513 3414 1569 εὐσεϐέστατοι
3453 1517 3715 1586 βασιλεῖς,

2141 1601 2256 1654 ὅσοι
2282 1599 2382 1671 τὴν
2417 1602 2693 1671 μακαρίαν
2728 1602 2822 1655 καὶ
2851 1603 3043 1673 ἀγήρω
3087 1604 3182 1658 καὶ
3216 1604 3479 1669 ζωοποιδν
3510 1609 3718 1680 Τριάδα

2143 1688 2539 1759 θεραπεύοντες
2561 1690 2737 1762 ὀρθῶς
2758 1691 3087 1758 διετέλεσαν,
3119 1693 3342 1757 τούτους
3368 1695 3444 1759 ὡς
3472 1697 3550 1768 τῷ
3576 1716 3714 1752 παν-

2141 1784 2196 1835 τὶ
2250 1783 2442 1852 κόσμῳ
2486 1783 2791 1852 σωτηρίους
2832 1783 2918 1836 ἀεί
2977 1802 3109 1837 ποτε
3168 1787 3480 1854 γεγονότας,
3527 1789 3717 1843 οὐδένα

458 1870 649 1927 irritas
668 1887 789 1927 esse
815 1874 1070 1928 volumus
1095 1891 1109 1926 :
1140 1872 1236 1928 sed
1259 1874 1442 1943 potius
1467 1882 1722 1943 tanquam
1748 1875 1895 1945 leges
1914 1891 2028 1944 pro-

2142 1874 2332 1944 χρόνον
2361 1876 2553 1943 ἀργεῖν
2592 1874 2871 1946 ἐθέλομενο
2905 1876 3108 1947 μᾶλλον
3141 1878 3198 1931 δὲ
3232 1879 3307 1942 ὡς
3345 1880 3580 1945 οἰκείους
3616 1884 3715 1936 αὖ-

458 1962 607 2032 prias
634 1966 1061 2033 promulgamus.
1089 1965 1202 2019 Nos
1220 1980 1352 2019 vero
1380 1965 1475 2035 qui
1499 1966 1756 2034 pietatem
1773 1981 1837 2020 ac
1859 1966 2035 2021 zelum

456 2065 561 2122 pro
590 2053 702 2107 Deo
724 2069 790 2109 ae
817 2054 1107 2110 Servatore
1159 2063 1350 2109 nostro
1389 2055 1516 2110 Jesu
1565 2055 1808 2122 Christo,
1849 2072 1879 2111 a
1925 2072 2037 2125 quo

456 2144 665 2198 conditi
691 2153 749 2200 et
773 2147 842 2201 ad
870 2147 1011 2202 hanc
1026 2148 1254 2218 gloriam
1277 2148 1452 2202 evecti
1479 2164 1688 2213 sumus,
1714 2147 1864 2201 omni
1891 2163 2038 2203 cura!

458 2248 527 2289 ac
552 2235 908 2311 sollicitudini
931 2253 1117 2293 rerum
1148 2238 1515 2292 humanarum
1540 2238 1701 2308 longe
1740 2237 2032 2306 anteponi-

455 2338 582 2378 mus
616 2341 631 2378 :
663 2334 719 2379 et
739 2327 831 2396 qui
864 2334 1129 2397 praeterea
1158 2327 1435 2382 credimus
1480 2326 1828 2382 concordiam
1859 2326 2038 2398 gregis

455 2414 687 2483 Christi,
720 2427 836 2473 tum
860 2420 1034 2490 ipsius
1055 2419 1256 2490 gregis,
1285 2428 1397 2473 tum
1421 2419 1664 2474 omnium
1688 2419 2034 2474 subditorum

454 2507 691 2570 salutem
715 2512 1000 2577 exsistere,
1024 2511 1354 2583 ﬁrmumque
1385 2513 1559 2568 nostri
1587 2513 1806 2583 imperii
1834 2512 2032 2568 funda-

453 2613 702 2661 mentum
725 2611 783 2658 et
829 2603 1308 2674 inexpugnabilem
1361 2618 1580 2658 murum
1630 2619 1751 2658 esse
1783 2621 1797 2656 :
1825 2603 2035 2658 idcirco

453 2695 642 2751 divino
665 2696 899 2750 interius
929 2695 1046 2749 zelo
1066 2695 1347 2758 commoti,
1378 2703 1434 2749 et
1454 2694 1605 2749 velut
1635 2694 1896 2764 quasdam
1925 2695 2033 2749 im-

451 2785 592 2856 perii
620 2785 797 2840 nostri
827 2785 1119 2855 primitias,
1173 2794 1378 2840 sanctae
1410 2785 1669 2841 Ecclesia:
1725 2785 2033 2840 unitionem

450 2875 565 2931 Deo
610 2891 673 2930 ac
702 2875 983 2931 Servatori
1024 2887 1217 2930 nostro
1261 2874 1393 2929 Jesu
1441 2874 1661 2930 Christo
1712 2874 2032 2941 oﬁ‘erentes,

451 2967 735 3023 sancimus
768 2975 828 3021 ut
857 2967 1004 3025 basis
1058 2983 1124 3024 ac
1165 2966 1568 3022 ﬁrmamentum
1620 2966 1899 3024 felicitatis
1932 2967 2035 3024 hu-

451 3071 646 3123 manae,
667 3059 974 3128 symbolum
996 3059 1161 3129 336
1186 3060 1439 3116 videlicet
1461 3071 1828 3118 trecentorum
1858 3070 1915 3119 et
1939 3078 2036 3119 oc-

453 3149 689 3205 todecim
731 3156 1045 3206 sanctorum
1076 3153 1297 3207 Patrum
1326 3152 1569 3226 quiolim
1594 3154 1769 3209 sancti
1793 3152 2033 3224 Spiritus

469 3241 717 3296 nstinctu
736 3241 932 3297 Nicaea:
955 3244 1269 3314 congregati
1300 3252 1449 3309 sunt,
1481 3244 1537 3298 in
1561 3245 1706 3314 quod
1740 3260 1865 3299 curn
1898 3259 2023 3311 nos,

452 3342 568 3387 tum
595 3334 830 3405 majores
889 3334 1064 3388 nostri
1118 3337 1428 3401 credentes,
1493 3336 1755 3405 baptizati
1809 3336 2061 3402 sumus“

450 3423 628 3478 solum
656 3423 712 3477 in
735 3423 950 3480 cunctis
974 3425 1342 3481 sanctissimis
1364 3427 1462 3482 Dei
1492 3426 2026 3482 Eeclesiisetortho—

447 3514 717 3570 doxorum
746 3515 1075 3585 populorum
1103 3517 1468 3573 conventibus
1516 3526 1814 3588 usurpetur
1858 3529 2023 3590 atque

447 3604 733 3673 obtineat;
764 3606 969 3677 quippe
997 3607 1145 3677 quod
1194 3623 1367 3663 unum
1424 3609 1612 3679 regula
1663 3608 1725 3662 ﬁt
1754 3618 1919 3665 rectae
1958 3625 2026 3665 ac

441 3696 679 3752 sincera;
696 3696 844 3763 ﬁdei,
877 3696 1156 3752 suﬁiciens
1196 3705 1310 3753 tum
1357 3698 1424 3752 ad
1452 3698 1792 3754 eversionem
1839 3701 2024 3771 cujus-

410 3816 413 3817 ν
444 3786 584 3842 libet
619 3786 911 3851 haereseos,
947 3796 1062 3843 tum
1092 3788 1160 3842 ad
1217 3788 1515 3858 perfectam
1567 3799 1881 3845 sanctarum
1925 3792 2023 3846 Dei

443 3878 822 3934 Ecclesiarutn
842 3878 1152 3934 unitionem
1192 3897 1205 3931 :
1249 3879 1323 3935 ita
1349 3889 1530 3936 tamen
1568 3888 1629 3935 ut
1655 3898 1817 3937 suum
1850 3883 2022 3939 robur

435 3984 512 4023 .ac
526 3971 773 4041 vigorem
797 3969 1087 4026 obtineant
1135 3971 1301 4025 etiam
1325 3988 1411 4039 ea,
1466 3989 1589 4044 quae
1619 3974 1675 4027 in
1709 3974 1812 4029 hac
1870 3976 2021 4047 regia

440 4060 582 4116 urbe
612 4077 644 4116 a
680 4070 902 4116 centum
951 4069 1009 4117 et
1061 4062 1459 4133 quinquaginta
1508 4064 1712 4119 sanctis
1767 4064 2022 4120 Patribus

442 4163 595 4223 gesta
621 4161 750 4208 sunt
779 4152 848 4208 ad
903 4152 1377 4210 conﬁrmationem
1403 4155 1650 4225 ejusdem
1687 4156 2021 4211 sanctissimi

438 4239 710 4311 Symboli,
752 4240 1014 4295 adversus
1042 4256 1138 4296 eos
1190 4242 1284 4312 qui
1335 4243 1393 4311 in
1449 4243 1713 4313 Spiritum
1769 4255 2020 4299 sanctum

438 4330 940 4400 blasphemabant:
993 4348 1058 4388 ea
1112 4333 1339 4403 insuper
1390 4350 1511 4403 quae
1544 4335 1597 4389 in
1654 4336 2018 4405 Ephesiorum

436 4423 734 4494 metrOpoli
815 4434 1006 4479 contra
1052 4424 1282 4494 impium
1328 4425 1646 4480 Nestorium
1690 4436 1811 4481 acta
1867 4436 2017 4492 sunt,

437 4524 495 4570 et
514 4525 716 4571 contra
736 4532 833 4572 eos
854 4517 950 4586 qui
1008 4518 1129 4588 ejus
1157 4532 1398 4571 errorem
1446 4529 1633 4587 postea
1672 4528 1801 4574 sunt
1822 4520 2016 4576 secuti.

435 4605 515 4661 Ea
538 4620 671 4659 vero
688 4622 809 4675 quae
831 4614 1144 4661 sanctarum
1176 4606 1272 4661 Dei
1298 4607 1665 4663 Ecclesiarum
1690 4625 2016 4665 consensum

436 4711 501 4751 ac
532 4695 1006 4765 tranquillitatem,
1036 4705 1093 4752 et
1134 4697 1305 4754 totius
1336 4699 1488 4754 orbis
1536 4715 1725 4769 pacem
1767 4701 2019 4772 disrupe-

431 4800 443 4822 ι
469 4794 569 4842 unt
592 4804 608 4853 ;
632 4794 842 4841 tomum
872 4788 1084 4843 scilicet
1112 4789 1335 4856 Leonis,
1378 4799 1435 4846 et
1484 4800 1681 4846 cuncta
1708 4807 1829 4861 qum
1852 4791 2018 4848 Chal-
2044 4852 2052 4860 ,

435 4876 646 4933 cedone
672 4879 729 4933 in
744 4878 1069 4936 deﬁnitione
1098 4882 1223 4936 ﬁdei
1242 4891 1338 4937 aut
1361 4883 1704 4952 expositione
1727 4885 2012 4957 Symbolo-

430 4984 582 5033 rum,
617 4968 854 5026 docendi
913 4972 999 5026 vel
1071 4972 1474 5043 interpretandi
1527 4976 1616 5030 vel
1691 4977 2009 5046 disputandi

426 5072 622 5125 causa,
642 5059 711 5113 ad
737 5060 1149 5116 innovationem
1171 5077 1340 5134 supra
1365 5065 1654 5120 memorati
1688 5066 1828 5121 sacri
1857 5066 2014 5138 Sym-

431 5151 547 5209 boli
575 5161 953 5208 trecentorum
982 5164 1038 5210 et
1064 5156 1371 5212 octodecim
1419 5169 1733 5213 sanctorum
1785 5159 2009 5214 Patrum

426 5243 579 5299 dicta
598 5254 656 5300 et
668 5255 822 5316 gesta
845 5255 992 5321 sunt,
1018 5248 1111 5303 hic
1130 5257 1187 5303 et
1214 5248 1419 5320 ubique
1437 5265 1533 5320 per
1555 5251 1800 5319 singulas
1822 5252 2011 5307 Eccle-

431 5333 545 5390 sias
564 5334 640 5397 ab
674 5336 953 5392 universis
983 5339 1348 5395 sanctissimis
1379 5341 1654 5412 episcopis
1696 5342 2011 5398 anathema.

431 5424 592 5480 tizari
615 5426 989 5496 decernimus,
1037 5440 1094 5487 et
1142 5432 1457 5503 ubicunque
1509 5441 1730 5503 reperta
1780 5433 2007 5501 fuerint,

427 5512 664 5572 ﬂammis
686 5518 926 5574 absumi.
969 5520 1061 5577 Sic
1082 5522 1231 5577 enim
1260 5523 1364 5594 piae
1408 5538 1474 5578 ac
1506 5522 1680 5580 beatae
1726 5525 2011 5582 memoria:

428 5599 794 5673 imperatores
818 5608 916 5679 qui
945 5618 1072 5665 ante
1104 5625 1206 5667 nos
1254 5610 1463 5680 vixere,
1486 5610 1880 5670 Constantinus
1899 5615 2009 5670 sci-

2137 1966 2246 2018 τῶν
2274 1965 2630 2036 ὲκφωνοῦμεν
2658 1966 2878 2036 νόμους.
2923 1968 3118 2036 Ἡμεῖς
3154 1970 3215 2022 δὲ
3245 1972 3427 2041 πάσης
3451 1973 3553 2041 τῆς
3585 1975 3716 2045 περὶ

2136 2056 2206 2110 τά
2227 2056 2541 2126 ἀνθρώπινα
2569 2057 2868 2128 πράγματα
2893 2059 3129 2128 σπουδῆς
3160 2062 3596 2131 προτιμήσαντες
3618 2064 3718 2134 τὴν

2137 2151 2437 2216 εὐσέϐειαν,
2461 2151 2556 2202 καὶ
2585 2150 2674 2202 τὸν
2704 2150 2842 2221 ύπὲρ
2867 2151 2964 2203 τοῦ
2990 2150 3124 2204 Θεοῦ
3155 2152 3248 2205 καὶ
3274 2153 3527 2224 Σωτῆρος
3556 2155 3716 2225 ἡμῶν

2150 2242 2323 2313 Ἰησοῦ
2366 2241 2603 2314 Χριστοῦ
2638 2241 2820 2312 ζῆλον,
2862 2242 2955 2295 τοῦ
2989 2259 3048 2295 τε
3089 2244 3470 2314 πεποιηκότος,
3502 2245 3601 2300 καὶ
3627 2246 3717 2299 δε-

2134 2333 2422 2399 δοξακότος
2447 2335 2615 2405 ἡμᾶς’
2659 2331 2741 2387 ἔτι
2791 2332 2850 2386 δὲ
2902 2332 3252 2396 πιστεύοντες
3293 2336 3386 2389 τὸν
3419 2336 3715 2407 σύνδεσμον

2136 2424 2243 2478 τῶν
2292 2425 2385 2480 τοῦ
2433 2422 2670 2494 Χριστοῦ
2719 2422 2987 2493 ποιμνίων
3022 2424 3296 2496 σωτηρίαν
3330 2425 3541 2481 ἑαυτῶν
3570 2423 3709 2482 εἶναι

2141 2514 2356 2569 καὶτοῦ
2397 2514 2639 2585 ὑπηκόου
2670 2513 2895 2577 παντὸς,
2943 2514 3193 2584 θεμέλιον
3249 2533 3307 2569 τε
3349 2518 3569 2590 ἀρραγῆ
3616 2517 3711 2573 καὶ

2136 2610 2436 2664 ἀσάλευτον
2474 2606 2653 2679 τεῖχος
2695 2607 2794 2677 τῆς
2825 2608 3103 2680 ἡμετέρας
3136 2608 3437 2680 βασιλείας,
3466 2609 3711 2665 ὲντεῦθεν

2135 2701 2363 2764 εἰκότως
2406 2699 2536 2770 θείῳ
2566 2698 2804 2762 διανοίας
2847 2697 3157 2769 κινούμενοι
3198 2698 3347 2771 ζήλῳ
3368 2738 3383 2762 ,
3414 2699 3504 2754 καὶ
3529 2701 3711 2770 ἀπαρ-

2134 2790 2236 2862 χὴν
2272 2791 2373 2861 τῆς
2399 2789 2676 2860 ἡμετέρας
2727 2788 3007 2859 βασιλείας
3064 2787 3146 2859 τῷ
3193 2789 3313 2860 Θεῷ
3353 2790 3449 2843 καὶ
3493 2789 3712 2861 Σωτῆρι

2134 2879 2292 2952 ἡμῶν
2326 2878 2503 2951 Ἰησοῦ
2529 2878 2752 2951 Χριστῷ
2778 2878 2878 2950 τὴν
2905 2879 3006 2948 τῆς
3029 2878 3192 2948 ἁγίας
3218 2880 3542 2949 Ἐκκλησίας
3571 2880 3711 2934 ἒνωο

2136 2989 2221 3026 σιν
2277 2971 2776 3043 προσκομίζοντες,
2816 2969 3146 3042 θεσπίζομεν
3183 2970 3282 3042 ripa
3332 2973 3575 3043 κρηπῖδα
3617 2972 3709 3026 καὶ

2135 3063 2430 3136 βεϐαίωσιν
2487 3064 2589 3134 τῆς
2638 3062 2986 3132 ἀνθρωπίνης
3039 3062 3306 3130 εὐζωῖας,
3356 3064 3602 3117 τουτέστι
3647 3064 3709 3117 τὸ

2133 3155 2409 3226 Σύμϐολον
2445 3154 2555 3208 τῶν
2600 3152 2705 3226 τιη¹
2730 3152 2900 3224 ἁγίων
2951 3153 3209 3225 Πατέρων
3237 3152 3349 3207 τῶν
3396 3154 3458 3208 ὲν
3506 3154 3711 3227 Νικαία

2054 3231 2098 3289 C
2131 3247 2299 3302 πάλαι
2331 3247 2471 3318 μετὰ
2505 3245 2603 3300 τοῦ
2632 3246 2789 3314 ἁγίου
2824 3242 3140 3315 Πνεύματος
3180 3245 3705 3316 ὲκκλησιασθὲντων,

2131 3342 2213 3402 είς
2240 3339 2269 3392 δ
2296 3341 2460 3411 ἡμεῖς
2497 3355 2559 3391 τε
2585 3339 2680 3392 καλ⁵
2712 3337 2914 3401 πάντες
2938 3337 2994 3390 οἱ
3037 3337 3147 3406 πρὸ
3174 3337 3335 3407 ἡμῶν
3370 3339 3708 3392 πιστεύσανο

2128 3447 2242 3496 τες,
2264 3429 2697 3500 ἐϐαπτίσθημεν,
2743 3428 2904 3499 μόνον
2934 3427 3336 3494 πολιτεύεσθαι,
3365 3430 3461 3482 καὶ
3483 3430 3709 3501 κρατεῖν

2130 3523 2188 3575 ὲν
2212 3522 2416 3584 πάσαις
2438 3524 2561 3585 ταῖς
2587 3520 2915 3589 ἁγιωτάταις
2943 3518 3037 3572 τοῦ
3070 3518 3205 3572 Θεοῦ
3234 3520 3579 3588 Ἐκκλησίαις
3608 3519 3707 3575 τὸν

2129 3612 2408 3683 ὀρθόδοξον
2428 3611 2580 3677 λαὸν,
2611 3611 2688 3674 ὡς
2720 3610 2881 3682 μόνον
2909 3609 3013 3680 τῆς
3045 3608 3325 3673 ἀπλανοῦς
3349 3609 3580 3674 πίστεως
3602 3626 3707 3663 κυ-

2133 3706 2265 3778 ρίως
2312 3707 2457 3777 ὅρον,
2492 3705 2588 3760 καὶ
2616 3701 2822 3776 ἀρκοῦν
2874 3704 2956 3767 είς
3005 3702 3286 3773 ἀναίρεσιν
3334 3703 3432 3772 μὲν
3475 3703 3705 3758 καθόλου

2130 3797 2309 3867 πάσης
2333 3798 2615 3868 αἱρέσεως,
2636 3795 2828 3850 ἕνωσιν
2853 3794 2911 3847 δὲ
2931 3793 3105 3865 ἄκραν
3122 3793 3230 3847 τῶν
3254 3793 3427 3862 ἁγίων
3447 3793 3540 3848 τοῦ
3566 3792 3701 3847 Θεοῦ

2141 3888 2498 3958 Ἐκκλησιῶνο
2530 3887 2763 3956 ἐχόντων
2787 3883 2985 3955 δηλαδὴ
3007 3884 3105 3955 τὴν
3143 3885 3351 3938 οἰκείαν
3385 3886 3559 3953 ἰσχὺν,
3607 3884 3701 3937 καὶ

2127 3980 2235 4033 τῶν
2267 3981 2346 4042 είς
2368 3978 2659 4050 βεϐαίωσιν
2682 3975 2848 4031 αὐτοῦ
2874 3975 2968 4030 τοῦ
3000 3975 3146 4029 θείου
3174 3975 3453 4046 Συμϐόλου
3487 3992 3700 4047 πεπρα-

2128 4071 2366 4143 γμένων,
2388 4070 2446 4123 ἐν
2474 4087 2535 4124 τε
2560 4073 2627 4141 τῇ
2659 4068 3019 4140 βασιλευούσῃ
3044 4069 3196 4123 πόλει
3221 4069 3391 4140 ταύτῃ
3419 4070 3556 4122 κατὰ
3592 4069 3700 4123 τῶν

2130 4160 2592 4231 βλασφημούντων
2617 4159 2698 4223 είς
2723 4159 2783 4212 τὸ
2809 4159 2947 4212 [Ινεῦ
2957 4177 3038 4229 μα.
3053 4159 3115 4212 τὸ
3139 4158 3292 4228 ἅγιον
3318 4159 3471 4232 παρὰ
3490 4160 3597 4212 τῶν
3624 4164 3699 4229 pi!

2128 4251 2298 4320 ἁγίων
2329 4252 2607 4321 Πατέρων’
2636 4253 2717 4303 ἐτι
2754 4250 2811 4303 δὲ
2847 4250 2941 4303 καὶ
2973 4250 3191 4303 πάντων
3224 4249 3334 4302 τῶν
3370 4250 3702 4322 πεπραγμέ-

2126 4359 2235 4396 νων
2266 4344 2322 4396 ὲν
2355 4346 2422 4413 τῇ
2459 4341 2726 4411 Ἐφεσίων
2762 4341 3091 4413 μητροπόλει
3116 4341 3259 4395 κατὰ
3283 4341 3376 4395 τοῦ
3406 4341 3695 4405 δυσσεϐοῦς

2126 4435 2447 4506 Νεστορίου,
2488 4435 2581 4488 καὶ
2615 4433 2725 4487 τῶν
2756 4434 2894 4504 μετὰ
2917 4432 3092 4488 ταῦτα
3137 4435 3207 4486 τά
3250 4434 3460 4486 ἐκείνου
3497 4450 3699 4506 φρονη-

2130 4526 2360 4581 σάντων.
2401 4523 2485 4578 Τὰ
2536 4524 2590 4577 δὲ
2643 4524 2884 4578 διελόντα
2930 4525 3031 4595 τὴν
3073 4524 3269 4577 ἕνωσιν
3315 4525 3410 4577 καὶ
3445 4524 3699 4589 εὐταξίαν

2122 4618 2232 4671 τῶν
2280 4615 2451 4685 ἁγίων
2494 4614 2590 4669 τοῦ
2638 4615 2770 4669 Θεοῦ
2824 4615 3160 4684 Ἐκκλησιῶν
3206 4615 3301 4668 καὶ
3334 4616 3556 4687 εἰρήνην
3603 4612 3696 4667 τοῦ

2125 4704 2336 4775 κόσμου
2371 4704 2593 4766 παντὸς,
2638 4702 2839 4774 δηλαδὴ
2875 4704 2966 4757 τὸν
3008 4704 3299 4775 λεγόμενον
3333 4705 3496 4773 τόμον
3537 4703 3700 4758 Λέον-

2120 4814 2234 4860 τος,
2268 4797 2365 4850 καὶ
2397 4797 2575 4851 πάντα
2620 4796 2688 4849 τὰ
2724 4796 2782 4851 ὲν
2830 4797 3134 4868 Καλχηδόνι
3181 4799 3239 4850 ὲν
3280 4797 3393 4868 ὅρῳ
3441 4798 3696 4859 πίστεως,

2119 4879 2332 4941 ἐκθέσει
2364 4887 2655 4958 Συμϐόλων
2682 4888 2761 4953 τί,
2808 4887 2842 4959 ἢ
2888 4888 3204 4959 ἑρμηνείας,
3248 4888 3282 4960 ἦ
3327 4887 3697 4955 διδασκαλίας,

2118 4979 2152 5050 ἦ
2184 4977 2470 5044 διαλέξεως
2517 4979 2784 5050 εἰρημένα
2821 4981 2916 5033 καὶ
2948 4980 3317 5050 πεπραγμένα
3344 4981 3423 5044 είς
3451 4996 3698 5033 καινοτο-

2119 5069 2249 5139 μίαν
2274 5068 2373 5140 τὴν
2414 5068 2556 5122 κατὰ
2596 5068 2692 5122 τοῦ
2735 5068 3201 5140 μνημονευθέντος
3230 5069 3385 5137 ἁγίου
3417 5068 3697 5139 Συμϐόλου

2114 5158 2226 5213 τῶν
2273 5158 2378 5230 τιη¹
2413 5161 2586 5228 ἁγίων
2624 5161 2910 5233 Πατέρων,
2964 5161 3296 5231 θεσπίζομεν
3347 5160 3586 5216 ἐνταῦθά
3636 5176 3697 5212 τε

2115 5251 2210 5306 καὶ
2239 5251 2515 5321 πανταχοῦ
2565 5252 2687 5306 καθ’
2721 5253 2957 5324 ἑκάστην
3005 5253 3356 5323 Ἐκκλησίαν,
3395 5252 3548 5326 παρά
3586 5250 3698 5305 τῶν

2113 5343 2422 5415 ἁπανταχοῦ
2461 5345 2780 5413 ἁγιωτάτων
2817 5345 3131 5399 ἐπισκόπων
3177 5343 3695 5414 ἁναθεματίζεσθαι,

2115 5436 2206 5489 καὶ
2239 5438 2374 5507 πυρ)⁸
2414 5436 2808 5508 παραδίδοσθαι
2841 5438 2972 5509 παρ’
3015 5432 3097 5501 οἷς
3130 5437 3197 5491 ἂν
3229 5426 3577 5509 εὑρίσκηται,
3606 5436 3697 5490 διὰ

2112 5526 2175 5579 τὸ
2235 5527 2377 5581 οὕτω
2442 5528 2820 5600 διατεταχέναι
2875 5529 3006 5600 περὶ
3058 5530 3282 5584 πάντων
3323 5529 3434 5583 τῶν
3482 5529 3697 5599 αἱρετι-

2115 5617 2226 5672 κῶν
2254 5619 2565 5692 δογμάτων,
2598 5622 2697 5679 καὶ
2743 5622 2872 5689 τοὺς
2914 5621 3020 5692 πρὸ
3046 5620 3206 5695 ήμῶν
3246 5623 3306 5677 ὲν
3352 5619 3570 5676 εὐσεϐεῖ
3598 5624 3694 5679 καὶ

1735 5767 1969 5825 YARUE
2010 5767 2414 5829 LECTIONES.
2495 5783 2501 5789 '

505 5843 554 5877 ³⁸
585 5844 650 5904 C.
680 5846 742 5906 C.
788 5851 1081 5921 συμϐόλου.
