4088 6300
579 411 716 478 ιοωι

1796 420 2112 482 EVAGRII
2152 418 2639 481 SCIIOLASTICI

3711 423 3862 489 2612

581 526 894 598 encyclicas
925 526 1043 581 sive
1074 525 1209 582 alias
1235 526 1515 598 epistolas,
1541 527 1656 582 sive
1682 528 1830 582 aliud
1856 528 2164 598 quodlibet,

2280 527 2453 599 ἕτερα,
2488 528 2520 598 ἦ
2551 528 2605 581 εί
2626 544 2677 580 τι
2707 526 2974 595 δηποτοῦν
3004 527 3241 591 πίστεως
3270 527 3479 592 ἕνεκεν,
3513 529 3547 598 ἧ
3579 536 3861 589 καταστά-

584 619 744 675 irrita
771 632 826 675 et
859 634 1011 675 cassa
1043 634 1169 677 esse
1197 621 1583 690 praecipimus;
1620 621 1877 675 Ncstorio
1917 621 2079 675 simul
2114 628 2170 675 et

582 711 855 784 Eutyche,
892 719 948 765 et
972 712 1190 767 cunctis
1225 713 1346 768 aliis
1379 713 1703 778 haeresibus,
1739 730 1841 769 nec
1880 730 1990 768 non
2021 714 2170 769 etiis

583 805 679 875 qui
705 804 852 859 idem
887 821 1011 860 cum
1040 805 1150 861 illis
1178 806 1447 871 sentiunt,
1472 807 1820 863 anathemate
1873 808 2166 867 damnatis.

582 896 662 951 Ac
708 894 776 950 de
830 896 937 951 hoc
1002 905 1328 968 argumento
1384 914 1488 953 nec
1542 899 1809 969 synodum
1874 898 2013 962 ﬁeri,
2071 913 2173 954 nec

582 986 822 1058 amplius
850 989 1209 1057 quiestionem
1238 988 1401 1042 ullam
1434 989 1640 1048 moveri
1669 989 1946 1052 volumus,
1979 989 2073 1043 sed
2108 1002 2171 1043 ea

585 1079 742 1133 ﬁrma
769 1087 934 1150 atque
963 1082 1291 1135 inconcussa
1326 1096 1632 1136 remanere.
1672 1082 1995 1137 Provincias
2032 1097 2171 1152 quo-

585 1186 694 1240 que
733 1186 967 1240 quarum
1007 1171 1411 1227 ordinationem
1465 1173 1625 1228 sedes
1684 1174 1850 1242 hujus
1907 1174 2069 1244 regiae
2117 1182 2174 1229 et

586 1262 839 1333 gloriosae
894 1262 1048 1317 urbis
1077 1263 1369 1329 habuerat,
1408 1265 1873 1321 reverendissimo
1927 1280 1992 1321 ac
2048 1281 2174 1319 san-

586 1354 835 1411 ctissimo
858 1356 1187 1425 patriarcha:
1217 1367 1273 1421 et
1300 1357 1720 1427 archiepiscopo
1739 1358 1939 1413 Acacio
1956 1354 2174 1415 restitui

582 1447 844 1520 jubemus
890 1465 903 1502 :
946 1449 1300 1505 manentibus
1330 1450 1544 1505 scilicet
1578 1450 1632 1504 in
1657 1450 1777 1505 suis
1809 1451 2054 1515 sedibus,
2085 1451 2174 1506 his

587 1540 684 1608 qui
714 1555 863 1595 nunc
892 1551 1020 1595 sunt
1052 1542 1146 1595 Dei
1179 1542 1573 1599 amantissimis
1622 1542 1898 1617 episcopis
1931 1561 1942 1595 :
1993 1542 2067 1596 ita
2116 1551 2175 1599 ut

586 1640 715 1703 post
750 1631 969 1686 illorum
1001 1633 1238 1697 obitum,
1270 1632 1482 1686 nullum
1515 1649 1580 1687 ex
1607 1648 1671 1687 ea
1699 1650 1756 1688 re
1790 1632 2173 1705 prmjudicium

592 1727 684 1781 liat
722 1727 832 1796 juri
893 1727 1257 1782 ordinationis
1310 1728 1461 1798 quod
1515 1728 1779 1798 competit
1835 1728 1952 1782 sedi
2012 1727 2175 1797 regiae

591 1817 760 1890 hujus
791 1827 958 1888 atque
1013 1820 1229 1890 inclyta:
1287 1820 1549 1875 civitatis.
1600 1821 1713 1875 Hoc
1766 1828 1946 1874 autem
1991 1819 2173 1877 divale

2277 638 2414 683 σεως
2458 619 2941 691 ἐκκλησιαστικῆς,
2996 622 3186 690 ἀργεῖν
3217 621 3314 673 καὶ
3341 623 3659 677 πεπαῦσθαι
3688 642 3867 697 προσ-

2274 711 2539 782 τάττομεν
2567 727 2580 741 ⁸
2627 709 3180 780 ἀναθεματιζομένων
3215 712 3513 783 Νεστορίου
3550 714 3647 767 καὶ
3684 716 3867 770 Εὐτυ-

2273 804 2421 875 χοῦς,
2448 805 2544 857 καὶ
2586 802 2770 873 πάσης
2810 804 3008 874 ἐτέρας
3050 803 3337 874 αἱρέσεως,
3384 806 3480 858 καὶ
3508 806 3726 860 πάντων
3752 807 3867 861 τῶν

2273 898 2342 950 τὰ
2376 895 2519 950 αὐτὰ
2568 895 2912 967 φρονούντων
2939 913 2952 924 ·
3000 897 3095 948 καὶ
3149 899 3280 967 περὶ
3309 896 3513 967 ταύτης
3544 899 3643 968 τῆς
3675 900 3866 953 ύποθὲο

2282 1006 2422 1051 aeto;
2485 987 2562 1058 μὴ
2597 987 2817 1040 σύνοδον
2862 987 3110 1054 γίνεσθαι
3142 986 3173 1057 ἢ
3206 989 3398 1059 ἑτέραν
3438 978 3685 1058 ζήτησιν
3723 991 3867 1046 ἀλλὰ

2278 1078 2451 1131 ταῦτα
2487 1078 2670 1147 μένειν
2703 1078 2923 1149 ἀρραγῆ
2964 1079 3056 1131 καὶ
3085 1079 3383 1133 ἀσάλευτα.
3419 1080 3774 1152 Ἀποδοθῆναι
3803 1083 3867 1138 δὲ

2276 1169 2369 1223 καὶ
2389 1168 2487 1232 τὰς
2512 1167 2786 1239 ἐπαρχίας
2804 1168 2914 1236 (75)
2935 1168 3011 1239 τῷ
3042 1169 3423 1240 εὐλαϐεστάτῳ
3446 1172 3539 1223 καὶ
3569 1173 3868 1248 ἁγιωτάτῳ

2277 1262 2593 1332 πατριάρχῃ
2630 1261 2725 1314 καὶ
2754 1260 3172 1331 ἀρχιεπισκόπῳ
3215 1262 3476 1332 ’Δκακίῳ,
3509 1254 3584 1316 ὧν
3611 1263 3712 1333 τὴν
3747 1282 3866 1334 χει-

2280 1354 2524 1422 ροτονίαν
2564 1347 2713 1421 εἶχεν
2760 1352 2788 1403 δ
2837 1351 3028 1421 θρόνος
3068 1350 3277 1421 ταύτης
3323 1352 3421 1421 τῆς
3455 1351 3724 1421 βασιλίδος
3767 1356 3869 1407 καὶ

2276 1443 2492 1507 ἐνδόξου
2527 1442 2754 1505 πόλεως’
2784 1440 2987 1511 δηλαδὴ
3025 1440 3133 1494 τῶν
3177 1439 3273 1493 νῦν
3316 1440 3485 1493 ὄντων
3512 1439 3868 1509 θεοφιλεστά-

2273 1552 2383 1588 των
2436 1533 2753 1588 ἐπισκόπων
2787 1534 3059 1603 μενόντων
3103 1531 3197 1585 ἐπὶ
3229 1530 3340 1586 τῶν
3373 1531 3591 1585 οἰκείων
3633 1531 3864 1601 Θρόνων,

2279 1625 2504 1697 μηδενὸς
2534 1629 2596 1678 ἐκ
2631 1624 2824 1677 τούτου
2860 1624 3242 1693 προκρίματος
3266 1621 3556 1691 γινομένου
3596 1623 3734 1693 μετὰ
3762 1624 3868 1694 τὴν

2274 1717 2482 1771 τούτων
2533 1715 2792 1786 τελευτὴν
2838 1715 2920 1786 τῷ
2974 1714 3170 1784 δικαίῳ
3223 1716 3322 1785 τῆς
3389 1713 3726 1785 χειροτονίας
3764 1715 3865 1768 τοῦ

2277 1810 2724 1880 εὐαγοῦς-θρόνου
2755 1808 2961 1878 ταύτης
2984 1808 3085 1876 τῆς
3116 1807 3387 1877 βασιλίδος
3409 1808 3506 1860 καὶ
3536 1806 3745 1871 ἐνδόξου
3767 1807 3868 1860 πό-

591 1923 926 1984 ρνωοεριυιη
987 1924 1273 1980 nostrum,
1334 1918 1445 1970 vim
1503 1916 1918 1970 constitutionis
1972 1915 2176 1971 habere

2280 1903 2437 1964 λεως.
2486 1901 2660 1954 Τοῦτο
2708 1899 2766 1953 δὲ
2810 1899 2871 1952 τὸ
2917 1899 3059 1952 θεῖον
3100 1898 3259 1969 ἡμῶν
3310 1898 3591 1969 θέσπισμα
3633 1898 3866 1969 δύναμιν

591 2004 803 2058 nemini
838 2003 1069 2058 dubium
1101 2014 1204 2060 est.
1241 2006 1418 2075 Atque
1456 2006 1569 2062 haec
1597 2006 1817 2081 quidem
1852 2015 2002 2078 gesta
2052 2013 2180 2060 sunt

596 2096 651 2150 in
681 2098 827 2151 hunc
853 2097 1098 2154 modum.

1130 2384 1133 2387 ν
1219 2321 1371 2378 CAP.
1413 2324 1548 2380 Vill.

1090 2459 1169 2515 De
1206 2461 1377 2515 reditu
1429 2462 1677 2516 Zenonis.

668 2598 735 2653 At
757 2598 925 2661 Zeno,
958 2613 1087 2653 cum
1117 2608 1362 2653 sanctam
1414 2616 1479 2653 ac
1525 2599 1715 2654 multis
1774 2600 2174 2656 certaminibus

595 2690 869 2747 illustrem
891 2699 1353 2763 protomartyrem
1385 2691 1644 2746 'l‘heclam
1682 2692 1909 2747 vidisset
1944 2694 1999 2747 in
2031 2710 2171 2748 som-

595 2785 703 2851 nis,
740 2793 801 2839 ut
834 2784 1354 2854 perhibent,ipsum
1389 2783 1732 2848 incitantcm,
1772 2792 1828 2839 et
1861 2786 2175 2841 restitutio-

594 2892 718 2930 nem
745 2876 962 2944 imperii
998 2876 1100 2946 ipsi
1160 2876 1547 2945 pollicentem;
1608 2876 1927 2947 Byzantium
1983 2894 2178 2934 versus

593 2974 776 3021 castra
805 2967 994 3021 movit.
1030 2965 1192 3038 342
1216 2965 1462 3035 Cumque
1484 2980 1579 3020 eos
1601 2981 1632 3019 a
1660 2966 1865 3035 quibus
1887 2966 2178 3023 obsideba-

595 3066 709 3120 tur,
762 3056 1089 3110 nmneribus
1132 3056 1491 3126 corrupisset,
1546 3055 1868 3110 Basiliscum
1920 3058 2012 3126 qui
2061 3056 2172 3128 jam

595 3146 824 3201 biennio
851 3154 1200 3215 regnaverat,
1244 3144 1478 3214 imperio
1524 3145 1768 3215 evpulit;
1800 3157 1854 3199 et
1885 3146 1951 3200 ad
1993 3161 2176 3200 saera-

597 3240 744 3293 rium
815 3237 1065 3292 ecclesiae
1136 3236 1571 3308 confugientem,
1624 3239 1878 3294 hostibus
1944 3240 2248 3323 dedidit.c

595 3330 965 3397 Quamobrem
985 3329 1139 3384 Zeno
1155 3330 1554 3400 amplissimum
1589 3331 1875 3401 templum,
1900 3332 2099 3402 opibus
2116 3349 2181 3387 ac

594 3431 887 3478 venustate
912 3422 1196 3487 eximium,
1234 3423 1624 3493 protomartyri
1667 3423 1882 3478 Thecla:
1928 3424 1982 3477 in
2042 3424 2181 3479 urbe

597 3513 825 3570 Isauriae
851 3514 1100 3571 Seleucia
1131 3515 1431 3580 dedicavit,
1453 3515 1753 3586 multisque
1796 3517 2181 3586 imperialibus

595 3607 842 3662 donariis
868 3596 1003 3662 illud
1024 3609 1331 3673 exornavit,
1355 3624 1477 3678 quae
1499 3608 1565 3662 ad
1591 3619 1838 3663 nostram
1858 3624 2032 3678 usque
2048 3618 2180 3663 acta-

595 3709 708 3755 tem
740 3700 857 3755 illic
882 3710 1197 3756 servantur.
1230 3702 1298 3755 Et
1325 3702 1619 3755 Basiliscus
1647 3701 1870 3770 quidem
1891 3701 1943 3754 in
1971 3701 2182 3772 Cappa-

597 3792 812 3848 dociam
854 3793 1128 3848 abductus
1154 3798 1260 3847 est.
1293 3791 1353 3846 In
1383 3793 1624 3847 statione
1652 3808 1784 3848 vero
1808 3810 1933 3864 quae
1962 3796 2177 3850 Aeusus

596 3886 826 3953 dicitur,
880 3904 988 3943 una
1015 3903 1139 3943 cum
1190 3902 1361 3942 uxore
1393 3896 1448 3943 et
1478 3888 1670 3943 liberis
1711 3898 1798 3944 est
1830 3889 2173 3946 interiectus.

597 3975 750 4034 Zeno
773 3987 956 4033 autem
974 3978 1094 4050 lege
1109 3978 1216 4035 lata
1225 3986 1458 4047 ,euncta
1481 3994 1603 4050 qua:
1617 3995 1648 4034 a
1667 3979 1930 4035 Basilisco
1944 3988 2177 4053 tyranno

2282 1996 2501 2064 ἐπέχειν
2536 1992 2689 2056 θείας
2734 1991 3070 2056 διατάξεως,
3141 1991 3318 2043 οὐδενὶ
3378 1991 3678 2062 ἀμφίϐολον
3732 1991 3867 2046 καθ’

2282 2090 2506 2159 ἐστηκε.
2544 2088 2651 2140 Καὶ
2682 2084 2852 2140 ταῦτα
2879 2085 2979 2159 μὲν
3006 2079 3108 2139 ὦδε
3136 2084 3397 2160 προῆλθε.

2887 2317 3141 2371 ΚΕΦΑΛ.
3176 2315 3260 2371 H'.

2588 2455 2726 2511 Πεοί
2764 2454 2875 2521 τῆς
2905 2453 3206 2507 ἐπανόδου
3237 2450 3539 2521 Ζήνωνος.

2351 2597 2539 2667 Ζήνων
2567 2595 2640 2673 ,δὲ
2682 2595 3154 2667 παροτρύνουσαν,
3212 2592 3285 2657 ὥς
3335 2608 3490 2660 φασι,
3527 2592 3870 2663 θεασάμενος

2278 2690 2376 2760 τὴν
2407 2689 2565 2758 ἁγίαν
2594 2689 2685 2741 καὶ
2704 2686 3002 2740 πολύαθλον
3023 2684 3466 2758 πρωτομάρτυρα
3491 2682 3700 2738 Θέκλαν
3721 2683 3867 2754 (74),

2280 2783 2375 2836 καὶ
2408 2782 2507 2851 τὴν
2542 2781 2641 2848 τῆς
2688 2779 2968 2851 βασιλείας
3013 2778 3455 2832 ἀποκατάστασιν
3488 2776 3866 2846 ὑπισχνουμέ-

2279 2893 2398 2945 νην,
2450 2876 2544 2928 ἐπὶ
2595 2873 2657 2926 τὸ
2707 2872 3000 2936 Βυζάντιον
3036 2870 3344 2942 στρατεύειο
3398 2869 3593 2939 δώροις
3640 2886 3705 2922 τε
3736 2870 3867 2933 τοὺς

2280 2966 2708 3038 πολιορκοῦντας
2739 2964 3012 3027 ὑπελθὼν,
3058 2963 3157 3017 καὶ
3201 2962 3454 3034 δεύτερον
3485 2959 3602 3024 ἔτος
3635 2959 3739 3030 τῆς
3765 2960 3869 3031 ἀρ-

2279 3060 2377 3129 χῆς
2403 3059 2756 3128 κρατήσαντα
2788 3057 2881 3109 τὸν
2904 3055 3230 3110 Βασιλίσκον
3266 3053 3572 3119 ἐξωθεῖταιο
3596 3053 3777 3122 ἁγίοις
3800 3069 3864 3105 τε

2278 3149 2740 3217 προσπελάσαντα
2776 3149 2984 3218 σηκοῖς,
3030 3135 3143 3210 τοῖς
3186 3145 3399 3217 ἐχθροῖς
3429 3144 3729 3198 ἐκδίδωσιν.
3758 3140 3866 3196 Οὖ-

2280 3260 2388 3306 τως
2417 3245 2444 3295 ὁ
2479 3242 2665 3310 Ζήνων
2702 3238 2955 3310 μέγιστον
2980 3238 3227 3309 τέμενος,
3262 3238 3424 3308 ἐξοχῇ
3454 3253 3516 3290 τε
3550 3237 3642 3289 καὶ
3676 3234 3860 3289 κάλλει

2286 3333 2552 3404 πρδῦχον,
2598 3332 2922 3386 ἀνατέθεικε
2973 3333 3040 3401 τῇ
3091 3329 3528 3401 πρωτομάρτυρι
3556 3327 3737 3399 Θὲκλῃ
3762 3324 3868 3380 ἀνὰ

2284 3426 2382 3495 τὴν
2403 3424 2712 3477 Σελευκέων
2744 3423 2838 3492 τὴν
2871 3422 3007 3492 πρὸς
3037 3424 3103 3493 τῇ
3145 3422 3374 3491 Ἰσαύρῳ
3396 3421 3549 3491 χώρᾳ
3575 3420 3863 3489 κειμένην,

2284 3518 2559 3581 πλείστοις
2614 3517 2709 3571 καὶ
2762 3516 3062 3586 βασιλικοῖς
3107 3515 3420 3586 ἀναθήμασι
3460 3515 3864 3585 διακοσμήσας,

2226 3684 2239 3689 ί
2283 3612 2398 3673 τοῖς
2453 3609 2549 3662 καὶ
2608 3608 2802 3678 μέχρις
2835 3607 2993 3677 ἡμῶν
3047 3601 3397 3678 σωζομένοις.
3431 3606 3716 3676 Πέμπεται
3766 3605 3867 3674 μὲν

2283 3702 2377 3758 οὖν
2404 3702 2508 3758 ἀνὰ
2536 3702 2636 3773 τὴν
2666 3698 3053 3755 Καππαδοκῶν
3078 3697 3469 3768 τεθνηξόμενος
3492 3697 3678 3767 χώραν
3709 3698 3736 3748 ὁ
3759 3696 3865 3749 Bat-

2284 3795 2523 3857 σιλίσκος
2543 3811 2556 3824 ·
2576 3796 2633 3847 ἐν
2664 3792 2910 3862 Ἀκουσῷ
2929 3791 3043 3862 (75)
3065 3791 3122 3843 δὲ
3148 3790 3224 3859 τῷ
3249 3788 3474 3860 σταθμῷ
3498 3790 3614 3858 ἃμα
3642 3788 3865 3857 γυναικὶ

2280 3889 2375 3941 καὶ⁷
2397 3889 2609 3949 τέκνοις
2625 3885 3034 3954 ἀποσφάττεται
3052 3884 3187 3952 (76).
3206 3884 3314 3935 Καὶ
3338 3881 3543 3952 νόμονό
3568 3881 3753 3948 Ζήνων
3781 3877 3863 3930 τί-

2279 3981 2434 4052 θησιν
2448 3979 2776 4052 ἀναιροῦντα
2792 3980 2857 4033 τὰ
2874 3977 2969 4031 ἐπὶ
2985 3978 3096 4040 τοῖς
3114 3972 3460 4045 Ἑγκυκλίοις
3476 3969 3864 4041 συντεθειμένα

1800 4158 2067 4217 VALESil
2094 4155 2650 4215 ANNOTATIONES.

676 4323 788 4397 (75)
856 4320 1257 4397 ‘A_:_‘ZO§00ﬁth
1306 4320 1374 4397 δᾴ
1406 4320 1502 4374 κοί
1536 4319 2006 4397 ἱείςιμέιπᾳρχίζᾳςΣ
2044 4319 2181 4397 cum

600 4390 701 4467 per
735 4390 1045 4467 encyclicas
1090 4392 1301 4467 litte_ras
1357 4390 1490 4467 imp.
1540 4391 1812 4467 Basilisei,
1875 4390 2181 4467 Chalcedo-

601 4460 795 4521 nensis
820 4460 1063 4533 synodus
1092 4461 1313 4530 penitus
1347 4460 1608 4533 abrogata
1642 4461 1859 4533 inisset,
1893 4460 2181 4533 privilegia

602 4530 1237 4601 Constaniinopolilana:
1300 4530 1451 4586 sedis
1496 4530 1634 4600 quae
1692 4532 1747 4585 in
1796 4532 1888 4584 illo
1945 4530 2182 4601 concilio

603 4604 817 4658 sancita
843 4599 1084 4664 fuerant,
1135 4601 1351 4656 sublata
1398 4615 1495 4670 per
1532 4599 1787 4656 eamdem
1841 4599 2181 4654 sanctionem

604 4673 965 4728 videbantur.
1029 4670 1147 4737 Qua
1203 4689 1261 4727 re
1309 4672 1590 4740 przecipue
1646 4671 1919 4739 impulsus
1952 4672 2187 4723 Aeacius

605 4744 756 4799 omni
784 4759 887 4812 0pc
914 4741 1221 4796 elaboravit
1269 4751 1330 4797 ut
1370 4741 1668 4795 Basiliscus
1697 4740 2004 4812 imperator
2048 4754 2185 4812 eon-

606 4810 955 4871 stitutiouem
983 4829 1138 4866 suam
1165 4819 1474 4868 revocaret.
1510 4812 1782 4865 Prmterea
1825 4811 1878 4864 in
1910 4810 2185 4878 Ephesina

608 4885 817 4956 synodo
834 4885 922 4956 jus
952 4883 1382 4956 patriarchicum
1409 4879 1849 4956 Ephesium‘sedi
1871 4880 2185 4956 restitutum

606 4950 788 5010 fuerat
814 4950 1152 5008 a'l‘imotheo
1176 4952 1388 5015 IEIuro,
1415 4952 1490 5004 uti
1506 4967 1670 5021 supra
1684 4950 1941 5004 vidimus.
1968 4950 2186 5016 Quoia-

608 5033 699 5080 cto
715 5025 912 5079 Asiana
930 5024 1376 5091 dimcesis,eujus
1390 5021 1769 5076 ordinationes
1783 5022 2007 5076 decreto
2023 5021 2155 5091 Chal
2171 5051 2186 5061 -

607 5094 940 5150 cedonensis
961 5094 1155 5163 synodi
1195 5090 1475 5163 attributae
1498 5092 1716 5163 fuerant
1755 5092 2016 5163 episcopo
2041 5090 2181 5163 Con-

608 5161 1131 5234 stantinopolitano,
1165 5162 1346 5234 eidem
1379 5162 1494 5234 sedi
1522 5161 1805 5233 adempta,
1841 5161 2185 5234 Νασίδιο-

615 5251 718 5305 que
752 5224 892 5304 opus
931 5233 1036 5305 fuit
1068 5224 1216 5305 'nova
1250 5224 1825 5303 Constitutionefqua
1874 5231 2013 5305 sedi
2043 5224 2186 5286 Con-

610 5302 1269 5384 stantinopolitanaejura
1309 5318 1509 5384 δυσ-ξιτ
1533 5302 1824 5384 privilegia
1880 5302 2185 5384 redderen-

612 5388 721 5431 tur.
753 5374 808 5429 Id
843 5372 975 5445 ergo
996 5372 1392 5445 nunc'praestat
1425 5372 1872 5443 Basiliscusimp.
1893 5372 2039 5445 datis
2064 5380 2196 5445 ant—

611 5443 1348 5517 encyclicis’litteris.Idem
1394 5461 1616 5512 quoque
1652 5453 1886 5517 testatur
1926 5443 2183 5497 Theodo-

613 5514 940 5573 rus—Lector
967 5517 1021 5570 in
1047 5515 1145 5570 lib.
1169 5532 1186 5571 1
1211 5514 1686 5578 Collecluneorum,
1720 5516 1825 5570 sub
1856 5514 2039 5569 linem.

685 5587 796 5659 (74)
829 5584 1297 5659 Πρωτομὰρτυρα
1325 5586 1577 5659 Gauda};
1602 5586 1776 5659 Graeci
1806 5586 1900 5659 qui
1926 5584 2185 5659 epithetis

614 5655 886 5729 gaudent,
910 5655 1153 5729 propriis
1178 5657 1644 5729 acipeculjaribus
1705 5657 1882 5729 titulis
1938 5655 2185 5729 singulos

617 5726 838 5781 sanctos
874 5726 1139 5797 insignire
1176 5728 1373 5783 solent.
1409 5726 1501 5781 Sic
1552 5727 1813 5781 Theclam
1873 5726 2182 5797 apostolum

616 5805 672 5848 et
701 5865 710 5869 _
735 5795 1198 5869 protomartyrem
1246 5864 1261 5869 _
1287 5798 1450 5869 vulgo
1473 5797 1805 5869 _appella_nt.
1860 5795 2181 5869 Apostolum

619 5864 865 5935 quidem,
920 5879 986 5921 eo
1026 5864 1173 5937 quod
1235 5864 1407 5920 ﬁdem
1461 5864 1666 5922 Christi
1720 5864 2183 5937 iiistai'apostoli

2292 4317 2480 4372 multis
2534 4315 2673 4371 locis
2718 4315 3134 4387 prrazdicaverit;
3203 4322 3670 4387 protomartyrem
3709 4331 3860 4381 vero,

2290 4397 2584 4457 propterea
2612 4386 2783 4455 quod,
2819 4395 2877 4457 ut
2908 4386 3223 4457 Stephanus
3264 4387 3410 4457 inter
3439 4386 3590 4441 viros
3628 4387 3858 4455 primus,

2291 4455 2372 4511 Sic
2405 4459 2520 4526 ipsa
2549 4457 2694 4510 inter
2736 4456 2999 4527 mulieres
3018 4456 3216 4527 prima,
3251 4455 3458 4512 Christi
3511 4466 3721 4527 martyr
3773 4473 3862 4511 ex-

2290 4527 2518 4587 stiterit,
2554 4536 2616 4580 ut
2642 4535 2877 4580 testatur
2906 4526 3143 4580 Basilius
3174 4527 3549 4582 Seleueiensis
3601 4527 3656 4579 in
3690 4527 3792 4580 lib.
3824 4543 3858 4589 ι,

2218 4565 2260 4621 υ
2290 4597 2367 4649 De
2399 4567 2518 4650 vita,
2542 4606 2592 4650 et
2622 4596 2896 4650 miraculis
2928 4595 3096 4649 beata:
3128 4596 3343 4650 Thecla.
3378 4565 3549 4650 Dicta,
3565 4607 3652 4653 eSt
3677 4567 3861 4651 auten;

2291 4666 2494 4721 Thecla
2548 4682 2649 4736 per
2682 4681 2959 4736 sync0pen
3000 4681 3102 4735 pro
3133 4666 3411 4721 Theoclia.
3453 4666 3533 4721 Ita
3566 4666 3719 4722 enim
3758 4682 3862 4721 non

2290 4752 2417 4791 raro
2455 4735 2576 4791 eam
2609 4735 2848 4805 appellat
2878 4735 3021 4789 idem
3048 4736 3298 4791 Basilius.

2363 4806 2475 4876 (75)
2536 4804 2974 4876 Ἐν“³Ακουονῷ.
3026 4804 3117 4860 Sic
3180 4807 3344 4860 etiam
3374 4805 3645 4876 scribitur
3700 4806 3863 4876 hujus

2289 4876 2546 4932 stationis
2568 4891 2768 4930 nomen
2799 4875 2943 4945 apud
2980 4876 3373 4945 Nicephorum.
3403 4875 3694 4931 Cedrenus
3739 4875 3865 4931 vero

2292 4963 2357 5001 ac
2407 4946 2774 5015 Theophanes
2821 4946 3098 4999 Cueusum
3149 4946 3455 5001 nominant.
3510 4946 3863 5002 Marcellinus

2287 5032 2422 5072 vero
2445 5026 2501 5071 et
2518 5014 2711 5071 auctor
2736 5014 2979 5070 Clironici
2999 5015 3355 5070 Alexandrini
3376 5015 3600 5069 Limnas
3620 5029 3862 5071 castrum

2287 5086 2647 5157 Cappadociae
2688 5086 2989 5157 appellant,
3017 5101 3130 5154 quo
3188 5095 3375 5140 trusus
3430 5093 3517 5140 est
3566 5085 3865 5157 Basiliscus

2292 5154 2546 5211 unacum
2589 5154 2761 5210 uxore
2790 5164 2847 5210 et
2888 5155 3080 5209 liberis
3119 5174 3131 5208 :
3170 5165 3440 5225 portaque
3493 5154 3663 5209 unius
3696 5157 3867 5210 turris

2288 5244 2396 5296 qua
2449 5227 2700 5283 inclusus
2749 5224 2953 5292 fuerat,
3006 5224 3315 5293 obstructa,
3353 5224 3509 5280 ’i'ame
3560 5225 3774 5281 ibidem
3802 5240 3865 5281 ac

2287 5299 2492 5369 frigore
2529 5297 2760 5351 interiit.

2360 5364 2471 5438 ('76)
2556 5367 3043 5436 Ἀποσεράττεταμ
3104 5365 3243 5422 Cum
3307 5364 3540 5436 Evagrio
3590 5367 3867 5438 consentit

2287 5436 2534 5494 Malchus
2564 5438 2618 5491 in
2645 5438 2742 5491 lib.
2768 5455 2784 5491 ι
2841 5438 3089 5492 Historia:
3140 5438 3473 5506 Byzantines,
3497 5444 3552 5491 et
3584 5436 3869 5491 Candidus

2289 5510 2512 5564 lsaurus
2546 5510 2596 5562 in
2623 5509 2717 5561 lib.
2745 5524 2781 5562 ιι
2812 5508 3198 5573 Historiarum,
3220 5509 3316 5575 qui
3345 5508 3668 5561 Basiliscum
3688 5508 3867 5575 gladio

2289 5592 2635 5650 peremptum
2671 5593 2791 5631 esse
2825 5580 3097 5634 scribunt.
3140 5578 3359 5650 Reliqui
3419 5588 3601 5650 tamen
3642 5578 3869 5632 tradunt

2286 5648 2412 5705 eum
2446 5648 2553 5705 una
2592 5666 2715 5702 cum
2747 5664 2918 5703 uxore
2952 5660 3009 5703 et
3029 5650 3216 5704 liberis
3236 5649 3376 5707 fame
3400 5663 3464 5702 ac
3495 5648 3705 5717 frigore
3734 5663 3870 5701 eon-

2289 5722 2557 5777 tabuisse.
2587 5718 2740 5773 Hane
2769 5720 3103 5790 scriptorum
3136 5719 3566 5790 discrepantiam
3600 5718 3658 5790 in
3694 5728 3870 5790 morte

2288 5790 2537 5914 Basiliisoc;
2567 5786 3072 5858 referendafuotat
3101 5786 3469 5867 TbeOph'anes
3503 5787 3559 5842 in
3587 5786 3874 5854 Chronica.

2288 5879 2407 5914 nua.
2543 5902 2556 5914 .

2286 5879 2407 5934 pag.
2441 5864 2556 5916 iU7.
3282 5866 3285 5867 ⁷
