4088 6300
374 409 514 478 2621

1303 413 1686 475 ΗΙΞΤΟΒΙᾸΞ
1726 413 2311 476 ΕΟΕΕΕΞΙΑΞΤΙΕᾹΞ
2353 412 2581 472 LIBER
2620 412 2731 471 III.

3505 404 3649 470 2622

380 522 537 595 θινὴν
568 519 780 585 πίστιν,
834 519 1028 590 ἥντινα
1076 518 1166 575 διὰ
1205 521 1305 593 τῆς
1353 521 1505 586 θείας
1558 525 1966 594 δπιφοιτήσεως

2086 541 2134 580 ιο
2167 541 2351 580 veram
2399 526 2583 588 iidem,
2640 539 2803 593 quam
2864 521 3095 576 trecenti
3135 516 3357 591 quidem
3398 526 3455 574 et
3490 532 3646 576 octo-

380 616 633 683 ἐξέθεντο
663 614 762 685 μὲν
790 614 839 667 oi
864 613 924 665 ὲν
949 613 1156 685 Νικαίᾳ
1185 614 1665 685 συναθροισθέντες
1692 616 1800 687 τιηξ
1823 616 1970 683 ἆγιοι

380 710 649 779 Πατέρες,
674 704 1016 759 ἐϐεϐαίωσαν
1036 706 1092 759 δὲ
1121 706 1216 759 καὶ
1240 708 1288 759 οἰ
1314 707 1373 760 ἐν
1394 708 1970 763 Κωνσταντινουπόλει

386 805 460 872 ρν¹
492 797 692 869 ὁμοίως
739 796 887 865 ἅγιοι
928 796 1167 868 Πατέρες
1210 797 1586 863 συνελθόντες,
1644 799 1862 869 νύκτωρ
1908 816 1969 851 τε

382 891 478 945 καί⁹
525 886 647 942 καθ’
691 886 947 957 ἡμέραν,
1001 886 1148 957 πάσῃ
1193 889 1469 958 προσευχῇ
1506 890 1597 942 καὶ
1625 888 1826 958 σπουδῇ
1858 887 1968 961 (89)

382 982 478 1036 καὶ
520 979 709 1051 νόμοις
755 976 1110 1051 κεχρήμεθα,
1162 978 1533 1050 πληθύνεσθαι
1568 980 1636 1033 δι’
1667 980 1838 1050 αὐτῆς
1870 981 1968 1051 τὴν

381 1069 732 1138 ἁπανταχόσε
782 1068 944 1136 ἁγίαν
986 1068 1083 1121 τοῦ
1111 1067 1247 1122 Θεοῦ
1281 1056 1576 1138 καθολικὴν
1614 1072 1708 1124 καὶ
1734 1072 1973 1123 ἀποστο-

384 1162 544 1233 λικὴν
568 1160 932 1230 Ἐκκλησίαν,
987 1160 1086 1231 τὴν
1136 1159 1416 1231 ἄφθαρτον
1469 1160 1564 1214 καὶ
1611 1162 1974 1232 ἀτελεύτητον

386 1256 606 1326 μητέρα
635 1254 744 1308 τῶν
770 1253 1060 1324 ἡμετέρων
1093 1257 1392 1323 σκήπτρων
1414 1295 1428 1318 ,
1473 1254 1664 1326 εἰρήνῃ
1694 1272 1752 1307 τε
1782 1257 1877 1309 καὶ
1906 1256 1972 1327 τῇ

385 1347 515 1416 περὶ
545 1344 681 1398 Θεοῦ
713 1342 937 1414 ὁμονοίᾳ
968 1332 1098 1406 τοῗδς
1129 1343 1377 1406 εὐσεϐεῖς
1403 1344 1566 1408 λαοὺς
1596 1344 1973 1415 διαμένοντας,

383 1434 819 1509 εὐπροσδέκτους
872 1435 975 1499 τὰς
1030 1435 1173 1506 ὑπὲρ
1222 1436 1323 1506 τῆς
1371 1436 1647 1507 ἡμετέρας
1695 1435 1973 1505 βασιλείας

387 1528 627 1591 ἱκετείας
678 1526 1046 1598 προσφέρειν,
1097 1527 1196 1579 σὺν
1237 1528 1350 1588 τοῖς
1384 1525 1821 1594 θεοφιλεστάτοις
1854 1529 1975 1579 ἐπι-

386 1618 613 1682 σκόποις
664 1617 756 1671 καὶ
803 1615 1250 1679 θεοσεϐεστάτοις
1298 1615 1621 1685 κληρικοῖς,
1674 1616 1768 1670 καὶ
1811 1618 1972 1686 ἀρχι-

390 1710 707 1782 μανδρίταις
750 1709 846 1763 καὶ
892 1707 1206 1778 μονάζουσι.
1263 1706 1367 1760 Τοῦ
1401 1707 1510 1778 γὰρ
1547 1709 1783 1778 μεγάλου
1812 1708 1970 1773 Θεοῦ,

386 1806 481 1859 καὶ
511 1802 764 1875 Σωτῆρος
793 1801 952 1873 ἡμῶν
978 1800 1155 1871 Ἰησοῦ
1186 1800 1450 1871 Χριστοῦ,
1478 1801 1572 1853 τοῦ
1600 1803 1665 1855 ἐκ
1688 1801 1786 1870 τῆς
1809 1801 1974 1869 ἁγίας

388 1895 671 1967 Παρθένου
724 1896 819 1949 καὶ
864 1895 1132 1949 Θεοτόκου
1171 1894 1391 1966 Μαρίας
1430 1894 1835 1966 σαρκωθέντος,
1878 1896 1974 1948 καὶ
2008 1877 2048 1932 Β

387 1990 704 2060 τεχθέντος,
738 1988 838 2059 τὴν
873 1990 937 2042 ἐκ
970 1987 1291 2057 συμφωνίας
1319 1985 1629 2055 δοξολογίαν
1660 2004 1718 2040 τε
1754 1987 1844 2040 καὶ
1873 1986 1972 2041 λα-

387 2083 575 2153 τρείαν
621 2081 781 2152 ἡμῶν
829 2078 1215 2146 ἐπαινοῦντος,
1256 2080 1350 2132 καὶ
1386 2077 1622 2150 ἑτοίμως
1657 2078 1971 2149 δεχομένου,

389 2173 460 2227 τὰ
503 2173 603 2244 μὲν
649 2173 757 2225 τῶν
792 2170 1068 2241 πολεμίων
1101 2171 1491 2244 ὲκτριϐήσεται
1525 2171 1620 2225 καὶ
1651 2169 1973 2241 ἐξαλειφθή-

392 2282 544 2319 σεται
575 2264 744 2334 γένη·
793 2265 994 2327 πάντες
1030 2264 1085 2316 δὲ
1116 2265 1207 2317 τὸν
1235 2239 1436 2317 δίκεῖον
1468 2262 1848 2318 ὑποκλινοῦσιν
1876 2265 1975 2317 αύ-

386 2359 520 2432 χένα
550 2357 627 2427 τῷ
649 2357 913 2428 ἡμετέρῳ
942 2355 1085 2426 μετὰ
1112 2355 1245 2410 Θεὸν
1277 2355 1499 2425 κράτειο
1536 2357 1730 2427 εἰρήνη
1755 2357 1844 2420 δὲ,
1883 2359 1977 2412 καὶ

389 2449 462 2503 τὰ
510 2450 575 2501 ὲκ
617 2446 822 2518 ταύτης
862 2446 1077 2516 ἀγαθὰ,
1115 2447 1294 2516 ἀέρων
1323 2463 1383 2499 τε
1416 2446 1709 2517 εὐκρασία,
1741 2447 1836 2500 καὶ
1865 2448 1977 2501 τῶν

390 2537 624 2608 καρπῶν
672 2538 902 2608 εὐφορία
926 2580 941 2603 ,
1000 2536 1098 2590 καὶ
1147 2535 1216 2590 τὰ
1247 2536 1386 2591 ἄλλα
1411 2535 1467 2589 δὲ
1496 2535 1566 2589 τά
1592 2535 1980 2591 λυσιτελοῦντα

390 2631 503 2694 τοῖς
551 2627 864 2697 ἀνθρώποις
924 2627 1436 2699 φιλοτιμηθήσεται.
1497 2625 1684 2691 Οὕτως
1735 2626 1829 2681 οὖν
1880 2628 1979 2698 τῆς

391 2722 697 2792 ἀμωμήτου
732 2720 962 2785 πίστεως
1006 2722 1153 2791 ἡμᾶς
1182 2738 1242 2773 τε
1275 2720 1370 2774 καὶ
1402 2720 1471 2773 τὰ
1509 2719 1791 2790 Ῥωμαῖκὰ
1819 2738 1975 2792 περι-

395 2813 678 2884 σωζούσης
706 2813 1037 2883 πράγματα.
1064 2813 1283 2883 δεήσεις
1305 2813 1437 2884 ἡμῖν
1464 2811 1980 2884 προσεκομίσθησαν

382 2906 548 2985 ⁸σταρὰ
591 2906 859 2960 θεοσεϐῶν
899 2903 1339 2976 ἀρχιμανδριτῶν
1376 2905 1480 2957 ’καὶ
1520 2904 1831 2976 ἐρημιτῶν,
1884 2905 1979 2959 καὶ

393 3001 598 3072 ἑτέρων
631 2999 928 3069 αἰδεσίμων
959 2998 1170 3069 ἀνδρῶν
1189 3037 1205 3064 ,
1254 2998 1394 3069 μετά
1425 2997 1676 3069 δακρύων
1705 2999 1979 3053 ἱκετευόν-

392 3114 522 3158 των,
562 3095 753 3149 ἕνωσιν
788 3092 1045 3163 γενέσθαι
1082 3095 1203 3157 ταῖς
1235 3092 1572 3162 ἁγιωτάταις
1602 3092 1977 3163 Ἐκκλησίαις,

395 3187 734 3259 συναφθῆναί
764 3204 822 3240 τε
863 3186 932 3240 τὰ
969 3185 1106 3257 μέλη
1155 3186 1267 3249 τοῖς
1306 3185 1552 3256 μέλεσιν,
1597 3183 1741 3256 ἁπερ
1770 3186 1798 3238 ὁ
1827 3184 1983 3255 μισό-

395 3282 563 3345 καλος
616 3280 724 3334 ἀπὸ
773 3279 1043 3333 πλείστων
1084 3278 1292 3349 χρόνων
1333 3278 1567 3349 χωρίσαι
1598 3277 1940 3348 κατηπείχθη
1965 3293 1977 3307 ·

393 3372 678 3444 γινώσκων
706 3370 779 3435 ὠς
808 3371 857 3424 εἰ
878 3370 1158 3441 ὁλοκλήρῳ
1182 3369 1259 3440 τῷ
1284 3369 1383 3437 τῆς
1412 3368 1738 3440 Ἐκκλησίας
1770 3370 1982 3440 σώματι

395 3463 660 3536 πολεμῴη
693 3462 829 3533 (90),
865 3462 1253 3533 ήττηθήσεται.
1290 3460 1589 3529 Συμϐαίνει
1621 3460 1730 3530 γὰρ
1766 3461 1831 3513 ὲκ
1858 3459 1983 3514 τοῦ·

395 3575 491 3613 του
544 3556 637 3609 καὶ
682 3554 877 3624 γενεὰς
925 3552 1332 3623 ἀναριθμήτους
1375 3547 1537 3617 εἶναι,
1570 3551 1703 3614 ὅσας
1735 3552 1762 3603 ὀ
1792 3551 1983 3621 χρόνος

399 3650 459 3704 ἐν
485 3645 757 3710 τοσούτοις
778 3644 923 3697 ἔτεσι
948 3644 1046 3713 τῆς
1068 3641 1215 3712 ζωῆς
1243 3641 1610 3711 ὑπεξήγαγενὲ
1640 3640 1734 3694 καὶ
1758 3640 1857 3703 τὰς
1883 3641 1982 3709 μὲν

395 3739 494 3797 τοῦ
548 3737 779 3807 λουτροῦ
826 3733 970 3806 (91)
1020 3734 1117 3804 τῆς
1152 3732 1576 3801 παλιγγενεσίας
1614 3731 1987 3803 ὲστερημένας

397 3828 658 3889 ἀπελθεῖν
679 3868 694 3893 ,
730 3828 828 3890 τάς
856 3827 915 3881 δὲ
943 3827 1044 3893 τῆς
1072 3824 1221 3889 θείας
1247 3824 1533 3887 κοινωνίας
1564 3823 1639 3895 μὴ
1670 3821 1980 3894 μετασχού-

401 3940 522 3988 σας,
551 3921 686 3992 πρὸς
711 3920 810 3991 τὴν
841 3918 950 3972 τῶν
976 3917 1282 3990 ἀνθρώπων
1312 3917 1691 3988 ἀπαραίτητον
1716 3915 1986 3985 ἐκδημίαν

398 4014 745 4085 ἀπαχθῆναιο
778 4011 970 4081 φόνους
993 4027 1052 4063 τε
1073 4010 1414 4081 τωμηθῆναι
1440 4010 1689 4082 μυρίους,
1705 4008 1800 4062 καὶ
1823 4009 1988 4077 αἱμά-

397 4124 508 4161 των
533 4106 731 4177 πλήθει
764 4104 1098 4176 μολυνθῆναι
1137 4103 1212 4173 μὴ
1244 4103 1404 4172 μόνον
1437 4102 1533 4173 τὴν
1560 4101 1684 4171 γῆν,
1725 4099 1859 4153 ἁλλὰ
1890 4101 1985 4152 καὶ

399 4197 563 4252 αὐτὸν
597 4198 688 4251 τὸν
718 4198 875 4267 ἀέρα.
916 4195 1103 4249 Ταῦτα
1132 4195 1215 4257 τίς
1246 4194 1347 4248 οὐκ
1372 4192 1438 4248 ἂν
1468 4194 1547 4255 είς
1572 4192 1633 4245 τὸ
1660 4191 1864 4260 ἀγαθὸν
1895 4209 1989 4260 με-

398 4287 839 4359 τασκευασθῆναι
869 4286 1255 4359 προσεύξοιτο;
1276 4285 1376 4339 Διὰ
1392 4302 1475 4337 τοι
1500 4284 1677 4349 τοῦτο,
1702 4281 1991 4351 γινώσκειν

402 4381 549 4453 ὑμᾶς
578 4380 995 4449 ἐσπουδάσαμεν
1015 4418 1031 4441 ,
1066 4379 1148 4431 ὅτι
1184 4377 1279 4430 καὶ
1308 4378 1468 4448 ἡμεῖς
1499 4376 1594 4429 καὶ
1623 4376 1679 4428 αἰ
1709 4371 1985 4443 πανταχοῦ

401 4472 724 4542 Ἐκκλησίαι
756 4470 943 4539 ἕτερον
975 4469 1247 4540 σύμϐολον
1278 4467 1312 4539 ἢ
1350 4467 1581 4538 μάθημα
1606 4504 1623 4531 ,
1666 4466 1699 4535 ἢ
1742 4466 1868 4535 ὅρον
1898 4462 1990 4517 πί-

2074 617 2255 672 decim
2278 615 2453 672 sancti
2473 617 2665 670 Patres
2682 614 2874 670 Nicaea’
2892 610 3230 683 congregati,
3259 610 3446 666 divina
3476 610 3650 683 inspi—

2073 710 2288 763 ratione
2316 717 2726 778 exposuerunt:
2760 715 2983 761 centum
3010 720 3142 760 vero
3168 712 3224 758 et
3250 704 3648 776 quinquaginta

2073 798 2264 855 itidem
2293 798 2465 851 sancti
2498 798 2692 851 Patres
2727 792 3205 861 Constantinopoli
3250 792 3469 847 collecti
3512 808 3649 847 con-

2074 892 2387 956 firmarunt,
2416 889 2511 944 diu
2545 896 2842 957 noctuque,
2865 886 3015 939 omni
3041 884 3225 939 studio
3263 899 3326 938 ac
3364 882 3648 954 diligentia

2072 995 2130 1040 et
2162 985 2376 1055 legibus
2408 982 2615 1037 nostris
2664 980 2719 1034 id
2767 980 2999 1050 agimus,
3048 986 3111 1031 ut
3150 976 3352 1046 ubique
3401 976 3649 1031 locorum

2074 1082 2265 1127 sancta
2318 1071 2593 1126 catholica
2634 1077 2691 1123 et
2732 1067 3032 1138 apostolica
3080 1066 3177 1120 Dei
3219 1066 3487 1129 Ecclesia,
3530 1080 3652 1135 quae

2076 1164 2396 1231 incorrupta
2433 1170 2598 1231 atque
2640 1157 2963 1214 immortalis
2991 1165 3076 1211 est
3106 1166 3284 1212 mater
3308 1166 3652 1225 sceptrorum

2075 1265 2413 1319 nostrorum,
2449 1269 2550 1323 per
2583 1252 2733 1306 illam
2776 1265 2943 1321 quam
2974 1248 3088 1305 dixi
3125 1248 3291 1303 ﬁdem
3320 1236 3655 1319 multiplice-

2079 1355 2208 1401 tur:
2246 1353 2418 1415 utque
2449 1345 2527 1415 pii
2560 1343 2771 1414 populi,
2810 1344 2867 1397 in
2901 1357 3037 1413 pace
3065 1350 3122 1396 et
3154 1340 3212 1395 in
3255 1357 3321 1396 ea
3357 1357 3479 1411 quae
3507 1342 3655 1396 circa

2074 1438 2247 1492 Deum
2282 1444 2370 1491 est
2410 1435 2708 1493 concordia
2748 1442 3186 1505 perseverantes,
3223 1448 3334 1487 una
3378 1448 3503 1488 cum
3545 1433 3657 1488 Deo
3712 1490 3722 1497 ,

2075 1527 2417 1583 charissimis
2458 1527 2758 1597 episcopis,
2787 1536 2844 1582 et
2874 1525 3306 1597 religiosissimis
3339 1524 3577 1590 clericis,
3601 1531 3659 1579 et

2075 1623 2524 1681 archimandritis
2568 1633 2626 1676 et
2668 1620 2977 1685 monachis,
3031 1630 3281 1690 acceptas
3325 1619 3436 1673 Deo
3468 1632 3661 1687 preces

2076 1718 2314 1774 oﬂ‘erant
2348 1731 2447 1786 pro
2477 1714 2711 1783 imperio
2736 1722 2946 1767 nostro.
2972 1710 3226 1778 Quandiu
3256 1711 3405 1765 enim
3430 1723 3660 1780 magnus

2075 1810 2223 1864 Deus
2248 1818 2303 1864 et
2328 1808 2589 1863 Servatur
2618 1812 2806 1860 noster
2835 1805 2999 1859 Jesus
3023 1802 3298 1867 Christus,
3323 1802 3416 1872 qui
3445 1816 3511 1856 ex
3537 1816 3663 1855 san-

2079 1910 2167 1956 cta
2214 1900 2435 1970 Virgine
2484 1913 2547 1953 ac
2580 1897 2680 1951 Dei
2713 1893 2991 1951 Cenitriee
3038 1892 3206 1947 Maria
3250 1892 3569 1946 incarnatus
3604 1898 3663 1945 et

2081 2002 2245 2048 natus
2281 2001 2385 2057 est,
2416 1990 2803 2046 coneinentem
2835 1986 3081 2040 omnium
3106 1993 3357 2039 nostrum
3392 1982 3664 2054 gloriﬁca-

2083 2084 2289 2139 tionem
2324 2082 2646 2150 cultumque
2698 2076 3085 2148 approbaverit
3114 2086 3170 2130 et
3206 2075 3444 2145 benigne
3475 2089 3665 2130 susce-

2082 2176 2250 2246 perit,
2285 2189 2476 2230 onmes
2509 2171 2733 2242 quidem
2784 2171 2973 2224 hostes
3001 2175 3366 2224 conterentur
3404 2182 3468 2221 ac
3514 2166 3664 2222 dele-

2082 2266 2333 2322 buntur:
2381 2263 2655 2318 universa:
2701 2270 2883 2315 autem
2934 2268 3125 2330 gentes
3171 2266 3376 2312 nostra:
3415 2273 3537 2327 qua:
3578 2272 3665 2312 se-

2084 2358 2324 2414 cundum
2357 2358 2531 2412 Deum
2561 2363 2646 2411 est
2688 2353 2945 2424 potestati
2977 2353 3118 2408 colla
3153 2352 3484 2407 submittent
3510 2370 3523 2405 :
3554 2351 3662 2405 Pax

2084 2448 2344 2518 denique,
2391 2455 2447 2502 et
2494 2462 2619 2516 qua:
2662 2462 2728 2500 ex
2768 2460 2899 2515 pace
2948 2444 3279 2514 proveniunt
3327 2442 3488 2506 bona,
3534 2442 3661 2497 caeli

2089 2542 2411 2611 temperies,
2469 2538 2684 2609 frugum
2751 2538 3003 2602 ubertas,
3058 2547 3116 2591 et
3166 2551 3508 2605 qumcunque
3559 2536 3666 2591 alia

2086 2631 2395 2696 connnoda,
2433 2630 2752 2683 hominibus
2783 2628 3156 2683 donabuntur.
3196 2626 3333 2682 Cum
3364 2642 3494 2698 ergo
3525 2627 3666 2682 irre-

2087 2722 2480 2794 prebensibilis
2516 2720 2669 2783 ﬁdes,
2705 2728 2761 2774 et
2787 2734 2905 2783 nos,
2933 2728 2989 2773 et
3031 2717 3427 2786 rempublicam
3468 2718 3669 2771 Roma-

2088 2832 2213 2871 nam
2267 2817 2340 2870 ita
2389 2821 2709 2875 conservet,
2756 2825 2951 2881 preces
3004 2809 3167 2865 nobis
3214 2810 3411 2864 oblata:
3458 2818 3586 2865 sunt
3637 2826 3668 2865 a

2089 2906 2519 2979 religiosissimis
2572 2902 3024 2958 archimandritis
3072 2909 3128 2955 et
3174 2900 3424 2956 eremitis
3456 2910 3510 2956 et
3547 2902 3669 2957 aliis

2089 2998 2409 3056 reverendis
2434 2995 2776 3059 hominibus,
2812 2993 2908 3063 qui
2941 3008 3065 3047 cum
3103 2992 3361 3064 lacrymis
3398 2992 3672 3062 supplica-

2090 3092 2251 3157 bant,
2302 3097 2360 3144 ut
2409 3088 2591 3143 unitas
2655 3085 2812 3142 ﬁeret
2864 3084 3226 3140 sanctissimis
3274 3084 3565 3147 Ecclesiis,
3613 3098 3672 3141 et

2091 3184 2338 3241 membra
2377 3180 2639 3237 membris
2668 3179 3154 3250 coniungerentur,
3194 3193 3316 3247 quae
3343 3176 3471 3232 boni
3506 3176 3671 3232 totius

2088 3262 2693 3345 inimicusjamdudum
2724 3287 2753 3325 a
2779 3287 2838 3325 se
2872 3270 3111 3324 invicem
3152 3270 3468 3340 disjnngere
3508 3283 3673 3323 cona-

2086 3378 2173 3425 tus
2216 3377 2339 3422 est:
2394 3366 2578 3421 sciens
2626 3378 2706 3427 se,
2755 3362 2802 3416 si
2855 3362 3131 3432 integrum
3163 3360 3423 3414 Ecclesiae
3470 3372 3673 3426 corpus

2084 3457 2516 3530 impugnaverit,
2580 3454 2742 3509 facile
2801 3467 2922 3507 esse
2989 3450 3386 3520 superandum.
3433 3450 3510 3503 Ex
3567 3448 3673 3503 hoc

2083 3550 2232 3606 enim
2265 3547 2517 3619 contigit,
2548 3553 2608 3600 ut
2639 3541 3063 3600 innumerabilis
3094 3542 3382 3596 hominum
3418 3539 3673 3594 multitu-

2086 3642 2179 3707 do,
2215 3656 2380 3712 quam
2421 3648 2503 3695 tot
2540 3653 2814 3693 annorum
2845 3635 3023 3706 spatio
3055 3631 3321 3704 temporis
3355 3631 3672 3702 longinqui-

2088 3740 2172 3788 tas
2220 3748 2287 3787 ex
2324 3731 2573 3786 bacluee
2626 3727 2929 3792 subtraxit,
2983 3725 3185 3796 partim
3229 3721 3674 3793 regenerationis

2088 3826 2306 3881 lavacro
2351 3824 2601 3879 fraudata
2648 3820 2944 3883 interierit,
2989 3818 3189 3899 partim
3220 3815 3430 3885 absque
3475 3812 3675 3869 divina:

2089 3916 2494 3974 communionis
2529 3914 2889 3985 perceptione
2919 3928 2985 3967 ex
3015 3911 3117 3964 hac
3146 3910 3258 3963 vita
3310 3905 3667 3979 migraverit:

2090 4018 2261 4079 utque
2305 4008 2607 4062 innumera:
2646 4004 2823 4060 caedes
2858 4010 3190 4073 perpetrata:
3235 4000 3368 4062 sint,
3419 4004 3473 4052 et
3512 3995 3675 4052 ραιιεί

2091 4097 2372 4168 sanguinis
2418 4096 2577 4166 copia
2622 4110 2733 4149 non
2785 4103 2932 4148 terra
2977 4092 3177 4155 solum,
3222 4089 3317 4144 sed
3372 4088 3538 4145 etiam
3582 4100 3674 4142 aer

2092 4189 2209 4259 ipse
2239 4188 2311 4244 sit
2337 4187 2764 4243 contaminatus.
2796 4183 2926 4251 Qum
2958 4180 3206 4252 quidem,
3234 4178 3677 4249 quotusquisque

2091 4287 2176 4335 est
2207 4278 2303 4348 qui
2336 4294 2443 4332 non
2476 4275 2751 4347 optaverit
2783 4274 2838 4328 in
2870 4272 3151 4327 meliorem
3191 4277 3395 4325 statum
3429 4281 3677 4323 commu-

2093 4371 2240 4426 tari?
2280 4370 2633 4439 Quapropter
2663 4367 2809 4422 seire
2851 4381 2948 4420 vos
2980 4364 3257 4426 volumus,
3295 4375 3399 4414 nec
3429 4373 3551 4422 nos,
3576 4373 3680 4412 nec

2093 4478 2186 4518 eas
2220 4477 2342 4531 qua:
2378 4460 2579 4529 ubique
2627 4468 2757 4513 sunt
2807 4456 3117 4519 Ecclesias,
3173 4452 3321 4507 aliud
3371 4452 3679 4523 symbolum

404 4541 602 4628 στεως,
630 4563 664 4634 ἦ
699 4564 880 4616 πίστιν
912 4562 1052 4633 πλὴν
1082 4562 1175 4614 τοῦ
1202 4560 1495 4631 εἰρημένου
1525 4559 1679 4627 ἁγίου
1705 4557 1982 4628 Συμϐόλου

2093 4562 2187 4607 aut
2216 4552 2512 4616 mathema,
2546 4550 2779 4604 aliamve
2811 4546 3191 4601 deﬁnitionem
3221 4542 3345 4597 ﬁdei
3371 4549 3466 4597 aut
3492 4541 3677 4603 tidem,

402 4653 513 4709 τῶν
541 4660 646 4722 τιη¹
675 4654 846 4722 ἁγίων
870 4653 1149 4722 Πατέρων,
1177 4652 1313 4722 ὅπερ
1336 4650 1678 4703 ἐϐεϐαίωσαν
1702 4651 1752 4702 οἰ
1778 4666 1883 4720 μνη
1895 4665 1988 4718 μο-

403 4741 688 4805 νευθέντες
734 4741 811 4814 ρν¹
837 4740 985 4809 ἆγιοι
1022 4740 1286 4811 Πατέρες,
1323 4738 1449 4792 οὔτε
1482 4739 1818 4810 ἐσχήκαμεν,
1858 4736 1987 4789 οὔτε

404 4832 532 4904 ιχορ
546 4849 625 4898 εν,
654 4831 776 4884 οὔτε
805 4830 1020 4902 ἕξομεν,
1051 4827 1176 4883 οὔτε
1205 4828 1428 4899 ἔχοντας
1456 4827 1822 4898 ἐπιστάμεθα.
1848 4827 1912 4880 Εἰ
1933 4826 1991 4879 δὲ

407 4926 503 4982 καὶ
537 4923 650 4997 ἔχοι
681 4941 793 4991 τις,
829 4922 1112 4994 ἀλλότριον
1142 4921 1303 4975 αὑτὸν
1338 4919 1645 4993 ἡγούμεθα.
1682 4920 1854 4973 Τοῦτο
1881 4919 1992 4990 γὰρ

2096 4650 2299 4715 praeter
2323 4656 2486 4711 supra
2521 4646 2883 4693 memoratum
2929 4644 3182 4690 sanctum
3223 4632 3541 4703 Symbolum
3573 4639 3682 4685 tre-

2096 4741 2387 4788 centorum
2428 4738 2486 4785 et
2524 4728 2831 4785 octodecim
2884 4734 3200 4781 sanctorum
3249 4723 3496 4786 Patrum,
3530 4718 3679 4789 quod

2099 4842 2129 4880 a
2174 4826 2286 4895 jam
2338 4823 2502 4878 dictis
2542 4831 2764 4877 centum
2801 4826 2858 4874 et
2893 4816 3291 4887 quinquaginta
3314 4812 3545 4895 [sanctis
3583 4811 3681 4865 Pa-

2103 4888 2283 4971 tribus
2317 4912 2700 4969 confirmatum
2744 4918 2850 4975 est,
2893 4908 3174 4973 habuisse,
3218 4888 3563 4969 vel‘habere,
3593 4904 3679 4958 vel

1582 5074 1852 5129 VALESII
1904 5069 2460 5127 ANNOTATIONES.

482 5202 593 5274 (89)
644 5197 1184 5274 Hdc’yngoqz-zvxﬁ
1237 5196 1332 5274 regi
1384 5192 1652 5274 σπουδῇ.
1695 5193 1793 5274 δίο
1822 5192 1989 5274 etiam

409 5265 613 5346 legitur
651 5265 1227 5346 apud'Nicephorum.
1261 5267 1371 5346 [Sec
1400 5265 1559 5319 aliter
1591 5265 1802 5344 legerat
1833 5272 1994 5346 vet-us

411 5332 846 5413 interpres-ejus
883 5332 1051 5413 edicti
1086 5336 1229 5413 apud
1268 5336 1587 5413 Liberatum
1631 5332 1684 5413 in
1737 5349 1857 5401 cap.
1907 5332 1992 5385 18.

410 5416 490 5471 lta
527 5405 675 5469 enim
713 5405 879 5464 vertit
915 5427 926 5462 :
957 5408 1205 5462 Noctibus
1241 5423 1302 5459 ac
1332 5405 1512 5458 diebus
1544 5406 1784 5457 oratione
1812 5413 1858 5455 et
1883 5413 1994 5454 stu-

409 5487 500 5540 dio
528 5493 577 5536 et
619 5481 813 5551 legibus
837 5476 1565 5551 nitimurnmltipticari_pcr
1595 5491 1716 5551 cent
1746 5483 1993 5551 sanctam

413 5545 730 5610 catholica-nt
766 5559 813 5603 et
861 5548 1211 5619 apostolicam
1251 5545 1577 5619 Ecclesium.
1628 5545 1991 5619 Mihiﬂtatnen

412 5623 603 5696 potius
621 5612 1225 5696 videturscribendum
1246 5631 1368 5672 esse
1385 5616 1543 5696 ,πάσῃ
1565 5617 1828 5696 προσοχῇ..
1851 5612 1992 5691 Quid

414 5683 489 5750 sit
536 5692 779 5765 προσοχὴ
832 5689 995 5765 docet
1031 5688 1249 5765 Suidas,
1305 5685 1400 5757 qui
1453 5683 1659 5765 veteris
1710 5683 1994 5753 seriploris

413 5753 599 5890 ioelpni
661 5753 842 5889 ager.
894 5760 1060 5819 Certe
1111 5760 1229 5816 haec
1287 5753 1603 5816 emendatio
1663 5768 1994 5826 magnopere

413 5850 491 5890 nn
536 5850 551 5890 ι
582 5849 692 5890 arri
733 5848 761 5890 ε
792 5872 806 5887 .

413 5833 551 5890 mihi
582 5833 806 5890 arridet.

2196 5188 2287 5260 90)
2342 5187 2571 5260 Σώματι
2621 5176 3335 5260 ποτιεμῶνεηὸοτρὺοηᾱυη)
3366 5183 3460 5260 εει¹
3490 5174 3677 5260 procul

2103 5244 2580 5327 ἀιιᾘίόπολέμῴη,
2615 5264 2674 5309 ut
2701 5244 2867 5308 habet
2896 5250 3242 5327 Nicephorus
3273 5255 3329 5327 et
3360 5245 3531 5327 codex
3558 5244 3682 5327 Tel-

2104 5313 2370 5385 lerianus.
2406 5313 2644 5383 S'avil'i'us
2666 5338 2888 5394 quoque
2924 5321 2992 5376 ad
3021 5313 3173 5374 oram
3203 5318 3289 5374 sui
3331 5316 3541 5371 codicis
3587 5313 3684 5368 ad-

2103 5410 2341 5465 notarat,
2368 5398 2507 5452 forte
2535 5397 2797 5462 πολεμοίη
2809 5433 2820 5443 .

2175 5472 2286 5541 (9|)
2320 5455 2432 5541 ζίιιὶ
2472 5468 2576 5541 τὰς
2598 5455 2713 5541 μέν
2737 5455 3172 5541 ’τοῦν-λουτροῦ.
3209 5458 3289 5540 Ad
3324 5455 3681 5541 hune‘locunt

2100 5524 2281 5594 edicti,
2319 5524 2567 5591 Zenonis"
2598 5524 2798 5587 alludit
2852 5533 3002 5586 Felix
3038 5524 3206 5599 ‘papa.
3258 5530 3310 5582 in
3345 5524 3575 5599 epistola
3613 5524 3683 5579 ad

2101 5611 2378 5664 Zenonem
2428 5608 2659 5673 August.
2713 5605 2787 5657 ila
2819 5596 3068 5673 scribens
3100 5596 3299 5673 {Dolet
3343 5596 3479 5651 certe
3516 5596 3684 5665 pietas

2101 5691 2215 5743 tua,
2266 5677 2404 5748 quod
2458 5669 2549 5748 per
2575 5675 2870 5748 diuturnos
2912 5671 3080 5748 partis
3113 5669 3353 5748 alterna:
3394 5681 3685 5748 gravesque

2102 5736 2396 5818 conﬂictus,
2432 5736 2610 5799 multis
2650 5760 2711 5797 ex
2737 5746 2834 5818 hoc
2849 5736 3042 5818 δαξειιίο
3074 5740 3357 5796 videantur
3393 5736 3558 5794 ablati
3591 5744 3684 5790 aut

2102 5815 2433 5891 baftismatis
2456 5825 2547 5872 aut
2570 5815 2954 5870 communionis
2987 5820 3245 5886 expertes.
