4054 6286
379 245 418 281 ο

463 332 603 409 2693

1686 334 2000 395 EVAGRII
2045 331 2533 396 SCIIOLASTICI

3638 329 3787 396 2624

463 446 752 503 habituros
781 461 923 509 esse,
966 461 1070 500 nec
1107 446 1250 500 scire
1286 462 1592 516 quosquam
1631 447 1791 520 347
1826 448 1918 518 qui
1959 448 2057 502 ha-

2167 447 2253 499 καὶ
2283 445 2464 516 μόνον,
2495 444 2570 506 ὡς
2597 440 2832 511 ἔφαμεν,
2864 439 2962 512 τὴν
2991 439 3272 512 ἡμετέραν
3304 438 3676 511 περισώζειν
3703 459 3788 494 τε-

465 539 649 594 beant.
697 537 853 605 Quod
887 539 929 592 si
966 539 1091 607 quis
1125 539 1346 601 haheat,
1381 539 1529 592 hunc
1562 549 1886 593 extraneum
1928 554 2049 594 esse

458 631 794 702 iudicamus.
832 631 943 684 lloc
968 631 1116 684 enim
1153 631 1404 701 symbolo
1441 632 1582 694 solo,
1619 639 1678 684 ut
1701 631 1812 700 jam
1845 631 2051 684 dictum

462 730 570 784 est,
612 719 904 789 imperium
940 729 1190 774 nostrum
1221 721 1431 775 servari
1481 721 1833 774 conﬁdimus.
1863 721 1970 775 Sed
1999 727 2056 776 et

465 828 659 867 omnes
685 812 873 882 populi
900 814 992 882 qui
1029 815 1326 867 salutarem
1355 811 1691 882 baptismum
1717 815 2052 884 percipiunt,

469 905 574 959 hoc
604 906 722 959 solo
760 914 986 975 accepto
1017 905 1262 976 symbolo
1285 906 1660 976 baptizantur.
1699 907 1849 961 Idem
1885 907 2050 961 etiam

467 996 638 1048 secuti
691 1005 820 1051 sunt
855 997 1030 1050 sancti
1062 997 1254 1052 Patres
1285 999 1380 1067 qui
1413 997 1616 1068 Ephesi
1651 1008 2052 1061 convenerunt,

465 1093 522 1140 et
567 1086 660 1156 qui
703 1085 932 1155 impium
973 1087 1287 1141 Nestorium
1339 1105 1444 1142 una
1499 1104 1624 1143 cum
1679 1088 1747 1144 iis
1795 1089 1888 1158 qui
1936 1091 2056 1160 ejus

468 1179 798 1232 sententiam
870 1187 1057 1247 postea
1121 1179 1360 1248 amplexi
1425 1189 1586 1245 sunt,
1649 1180 2052 1250 deposuerunt.

467 1265 641 1333 Quem
695 1266 918 1336 quidem
972 1282 1076 1320 nos
1132 1268 1296 1324 simul
1349 1285 1474 1324 cum
1531 1270 1814 1342 Eutyche,
1868 1279 2058 1340 utpote

469 1359 746 1412 contraria
794 1359 1113 1413 memoratis
1151 1359 1409 1415 Palribus
1443 1362 1778 1425 sentientes,
1823 1364 2055 1418 anathe-

469 1451 816 1513 matizamus,
863 1451 1231 1519 suscipientes
1261 1452 1430 1506 etiam
1465 1453 1759 1509 duodecim
1793 1457 2053 1525 capitula,

468 1555 591 1610 quae
634 1557 664 1594 a
708 1547 912 1596 sancta:
941 1543 1222 1598 memoria:
1266 1541 1494 1615 Cyrillo,
1542 1557 1744 1603 sancta:
1773 1549 2058 1604 catholica:

469 1633 974 1688 Alexandrinorum
1012 1635 1271 1690 Ecclesire
1305 1637 1583 1706 quondam
1615 1640 2054 1712 archiepisc0p0,

468 1725 672 1779 dictata
734 1735 886 1782 sunt.
945 1725 1286 1782 Conﬁtentur
1333 1738 1516 1784 autem
1565 1731 1912 1803 unigenitum
1961 1733 2055 1788 Dei

2153 535 2515 608 θαρρήκαμεν
2563 532 2866 604 βασιλείαν.
2927 532 3040 585 Καὶ
3075 531 3279 592 πάντες
3310 531 3368 585 δὲ
3411 531 3472 584 οἱ
3508 529 3647 585 λαοὶ
3686 531 3786 586 τοῦ

2155 625 2536 698 σωτηριὼδους
2581 622 2895 696 ἀξιούμενοι
2938 622 3322 693 φωτίσματος,
3355 621 3512 676 αὐτὸ
3546 621 3653 675 καὶ
3681 623 3782 693 μό·

2153 737 2242 773 νον
2278 719 2802 789 παραλαμϐάνοντες
2832 715 3213 788 βαπτίζονται.
3237 707 3310 787 Ἷ)
3338 715 3444 768 καὶ
3473 713 3785 784 ἐξηκολού-

2154 810 2329 878 θησαν
2366 810 2414 862 οἱ
2450 809 2595 876 ἆγιοι
2632 807 2872 878 Πατέρες
2906 807 2956 860 οἰ
2987 809 3044 859 ὲν
3072 809 3137 878 τῇ
3162 805 3444 875 Ἐφεσίων
3479 805 3782 860 συνελθόν·

2153 917 2278 964 τες,
2335 901 2384 952 οἰ
2435 900 2531 952 καὶ
2581 898 2902 960 καθελόντες
2948 896 3040 950 τὸν
3085 897 3259 968 ἀσεϐῆ
3295 897 3648 968 Νεστόριον,
3687 899 3780 951 καὶ

2154 992 2279 1054 τοὺς
2335 989 2404 1043 τὰ
2459 989 2667 1042 ἐκείνου
2727 988 2863 1059 μετὰ
2907 987 3082 1042 ταῦτα
3138 986 3509 1056 φρονοῦντας.
3548 987 3780 1042 Ὀντινα

2155 1083 2250 1135 καὶ
2291 1084 2451 1152 ἡμεῖς
2493 1081 2790 1151 Νεστόριον
2825 1079 2942 1150 ἅμα
2973 1080 3206 1149 Εὐτυχεῖ
3235 1078 3514 1134 τάναντία
3549 1082 3674 1143 τοῖς
3698 1081 3776 1133 εί-

2157 1169 2415 1241 ρημένοις
2469 1168 2835 1238 φρονοῦντας,
2897 1167 3413 1238 ἁναθεματίζομεν,
3479 1168 3776 1240 δεχόμενοι

2157 1265 2253 1318 καὶ
2282 1263 2352 1318 τὰ
2382 1263 2448 1334 ιβ’
2474 1264 2749 1334 κεφάλαια
2775 1265 2844 1317 τὰ
2871 1263 3138 1335 εἰρημένα
3168 1263 3322 1335 παρὰ
3347 1263 3452 1318 τοῦ
3486 1265 3594 1335 τῆς
3623 1266 3776 1330 ὁσίας

2160 1361 2382 1432 μνήμης
2413 1361 2685 1432 Κυρίλλου
2709 1360 3000 1432 γενομένου
3025 1359 3475 1432 ἁρχιεπισκόπου
3503 1363 3612 1432 τῆς
3627 1362 3775 1414 Ἀλε-

2159 1451 2428 1520 ξανδρέων
2455 1452 2616 1520 ἁγίας
2642 1452 2938 1522 καθολικῆς
2967 1451 3321 1522 Ἐκκλησίας.
3339 1451 3770 1524 Ὀμολογοῦμεν

2156 1542 2213 1596 δὲ
2246 1543 2340 1596 τὸν
2373 1545 2636 1614 μονογενῆ
2670 1542 2762 1596 τοῦ
2792 1543 2928 1596 Θεοῦ
2962 1542 3093 1596 Υίδν
3128 1545 3223 1596 καὶ
3249 1543 3385 1596 Θεὸν
3407 1583 3426 1608 ,
3481 1544 3583 1596 τὸν
3630 1542 3770 1596 κατὰ

2160 1635 2422 1705 ἀλήθειαν
2457 1635 2955 1707 ένανθρωπήσαντα
2989 1635 3083 1688 τὺν
3115 1635 3320 1708 Κύριον
3349 1635 3523 1704 ἡμῶν
3561 1633 3767 1705 Ἰησοῦν

2160 1724 2419 1795 Χριστὸν,
2449 1726 2541 1778 τὸν
2565 1725 2851 1795 ὁμοούσιον
2880 1724 2958 1795 τῷ
2985 1727 3162 1796 Πατρὶ
3191 1725 3334 1780 κατὰ
3356 1726 3463 1798 τὴν
3503 1727 3763 1796 θεότητα,

467 1815 666 1870 Filium
699 1827 753 1872 et
786 1819 981 1884 Deum,
1015 1837 1143 1876 vere
1185 1822 1467 1876 hominem
1503 1822 1727 1889 factum,
1759 1825 2052 1881 Dominum

2167 1818 2254 1872 καὶ
2281 1817 2564 1888 ὁμοούσιον
2593 1819 2725 1888 ἡμῖν
2753 1817 2844 1870 τὸν
2871 1817 3036 1870 αὐτὸν
3055 1816 3200 1871 κατὰ
3215 1817 3312 1888 τὴν
3328 1817 3428 1870 ἀνθ
3439 1818 3761 1888 ρωπὸτητα,

469 1916 717 1962 nostrum
757 1909 944 1964 Jesum
980 1911 1284 1977 Christum,
1336 1915 1862 1971 consubstantialem
1904 1918 2052 1972 Patri

470 2001 775 2054 secundum
827 2003 1128 2068 Deitatcm,
1181 2006 1545 2076 eamdemque
1601 2009 1763 2063 nobis
1817 2010 2055 2066 consub-

471 2093 782 2146 stantialem
836 2096 1015 2162 quoad
1071 2097 1464 2154 humanitatem
1504 2118 1516 2153 :
1555 2100 1649 2170 qui
1687 2102 1968 2158 descendit
1999 2113 2055 2160 ct

472 2179 792 2238 incarnatus
823 2195 904 2239 cst
952 2203 1019 2240 ex
1056 2187 1263 2256 Spiritu
1317 2198 1506 2244 sancto
1535 2190 1603 2244 de
1634 2192 1802 2248 Maria
1831 2194 2054 2265 Virgine

471 2285 536 2353 ac
576 2271 670 2328 Dei
710 2272 1021 2336 Genitricc,
1075 2293 1245 2331 unum
1303 2295 1453 2343 esse,
1500 2296 1611 2335 non
1660 2282 1820 2337 duos.
1877 2283 2055 2340 Unius

470 2362 620 2416 enim
651 2379 772 2420 esse
811 2365 1069 2432 dicimus,
1105 2376 1218 2422 tum
1265 2367 1552 2436 miracula,
1603 2379 1717 2425 tum
1767 2375 2055 2441 passiones

472 2469 610 2523 quas
655 2467 850 2524 sponte
895 2473 991 2512 sua
1024 2459 1076 2513 iu
1105 2475 1272 2515 carne
1305 2461 1588 2516 sustinuit.
1639 2462 1742 2517 Eos
1787 2480 1918 2519 vero
1957 2469 2051 2536 qui

473 2547 729 2603 dividunt
767 2561 863 2604 aut
894 2551 1262 2618 confundunt,
1296 2562 1393 2607 aut
1431 2554 1773 2623 phantasiam
1808 2557 2057 2610 introdu-

473 2648 626 2702 cunt,
684 2641 1004 2697 nullatenus
1057 2643 1410 2712 suscipimus.
1446 2645 1500 2699 Si
1533 2645 1758 2714 quidem
1792 2663 1920 2700 vera
1965 2647 2055 2702 illa

473 2739 532 2785 et
577 2733 784 2802 peccati
842 2749 1038 2803 expers
1093 2735 1400 2788 iucaruatio
1459 2751 1524 2790 cx
1581 2735 1676 2790 Dei
1739 2736 2057 2805 Genitrice,

474 2825 850 2880 accessionem
911 2825 1142 2880 alterius
1200 2825 1326 2879 Filii
1382 2841 1492 2879 non
1554 2827 1760 2882 eﬁecit.
1820 2828 2059 2885 Trinitas

473 2916 622 2970 enim
672 2933 890 2986 semper
942 2917 1143 2972 mansit
1187 2918 1464 2984 Trinitas,
1521 2920 1739 2975 etiamsi
1797 2936 1940 2976 unus
1991 2937 2060 2976 cx

475 3003 774 3070 Triuitate,
835 3006 982 3060 Deus
1036 3007 1249 3062 scilicet
1297 3008 1537 3063 Verbum
1597 3011 1916 3065 incarnatus
1965 3011 2056 3065 sit.

477 3095 725 3152 Scieutcs
759 3098 967 3168 itaque,
1010 3109 1230 3154 sanctas
1255 3110 1310 3153 et
1344 3100 1682 3155 orthodoxas
1703 3117 1825 3171 qua:
1854 3102 2060 3172 ubique

475 3198 626 3253 sunt,
665 3189 940 3243 Ecclesias
970 3189 1090 3251 Dei,
1125 3197 1178 3243 ct
1203 3189 1296 3259 qui
1333 3190 1443 3244 illis
1474 3202 1720 3260 praesunt
1748 3191 1843 3246 Dci
1875 3208 2065 3246 aman-

478 3280 722 3334 tissimos
775 3278 1093 3347 episcopos,
1145 3287 1394 3333 nostrum
1445 3278 1684 3349 denique
1738 3279 2062 3349 imperium,

478 3370 691 3425 nullum
719 3369 868 3424 aliud
898 3369 1217 3440 Symbolum
1246 3378 1341 3424 aut
1369 3370 1748 3425 deﬁnitionem
1779 3369 1903 3424 ﬁdei
1930 3386 2067 3440 pra:-

481 3471 566 3516 tcr
594 3477 760 3530 supra
793 3468 1159 3515 memoratum
1185 3469 1435 3516 sanctum
1465 3461 1741 3516 mathema
1776 3461 2064 3517 admisisse

477 3551 565 3604 vel
602 3551 912 3615 admittere,
946 3551 1156 3622 absque
1185 3553 1294 3605 ulla
1322 3553 1676 3606 cunctatione
1717 3568 1820 3608 nos
1861 3552 2069 3607 aduna-

480 3639 680 3695 vimus.
711 3640 836 3696 Haec
870 3651 1056 3696 autem
1092 3642 1416 3712 scripsimus
1446 3641 1623 3706 vobis,
1661 3657 1770 3697 non
1800 3642 2069 3697 innovan-

481 3740 564 3784 tes
597 3732 782 3794 ﬁdem,
823 3733 915 3786 sed
950 3742 1010 3787 ut
1038 3734 1195 3788 vobis
1228 3734 1695 3790 satisfacercmus.
1739 3733 2067 3805 Quicunque

481 3839 614 3877 vero
641 3824 802 3878 aliter
834 3826 1002 3879 sentit
1036 3833 1131 3881 aut
1162 3829 1356 3892 sensit,
1387 3827 1476 3882 vel
1511 3842 1661 3881 nunc
1703 3827 1788 3882 vel
1820 3828 2072 3896 quando-

482 3933 700 3986 cunque
751 3919 908 3982 alias,
944 3919 1059 3972 sive
1093 3917 1476 3983 Chalcedone,
1515 3920 1630 3974 sive
1676 3920 1730 3974 in
1762 3919 1864 3974 alia
1895 3920 2070 3988 quali-

481 4006 574 4062 bet
623 4009 854 4078 syuodo,
897 4025 1024 4064 eum
1065 4009 1636 4065 anathematizamus:
1683 4011 1954 4080 pnecipue
1985 4020 2069 4065 ta-

481 4117 605 4155 men
659 4103 970 4156 Nestorium
1021 4113 1078 4158 et
1125 4104 1456 4174 Eutychem,
1513 4112 1571 4159 et
1626 4119 1723 4157 eos
1774 4105 1869 4172 qui
1919 4104 2065 4158 idem

484 4210 607 4249 cum
651 4195 758 4248 illis
798 4197 1068 4250 sentiunt.
1118 4197 1532 4266 Conjungimini
1565 4197 1730 4266 igitur
1765 4196 1924 4249 matri
1961 4195 2074 4266 spi-

486 4287 629 4340 ritali
677 4288 954 4353 Ecclesiae,
989 4299 1048 4343 ut
1075 4291 1128 4343 in
1169 4306 1254 4350 ea,
1291 4305 1398 4342 una
1429 4289 1734 4357 eademque
1785 4289 2071 4341 nobiscum

484 4379 671 4434 divina
730 4383 1118 4436 communione
1168 4381 1456 4442 fruamini,
1508 4381 1661 4448 juxta
1715 4392 2072 4433 memoratam

2155 1907 2480 1960 κατελθόντα
2511 1912 2606 1960 καὶ
2637 1906 2992 1976 σαρκωθέντα
3014 1907 3079 1959 ἐκ
3101 1907 3421 1978 Πνεῦματος
3450 1908 3638 1975 ἁγίου,
3667 1909 3758 1960 καὶ

2155 1997 2372 2068 Μαρίας
2400 1997 2502 2066 τῆς
2545 1997 2822 2068 Παρθένου
2859 1996 2954 2050 καὶ
2979 1995 3270 2062 Θεοτόκου,
3305 1997 3402 2050 ἕνα
3436 1997 3754 2067 τυγχάνειν,

2155 2090 2250 2142 καί
2299 2089 2361 2142 οὐ
2408 2088 2520 2144 δύο.
2565 2089 2714 2152 Ἐνὺς
2737 2087 2846 2160 γὰρ
2879 2083 3018 2142 εἰναί
3049 2105 3252 2156 φαμεν,
3287 2089 3358 2143 τὰ
3385 2106 3446 2142 τε
3473 2089 3754 2160 θαύματα,

2156 2179 2251 2234 καὶ
2302 2181 2368 2234 τὰ
2408 2180 2556 2250 πάθη
2605 2181 2749 2252 ἅπερ
2795 2180 3058 2244 ἑκουσίως
3085 2181 3350 2252 ὑπέμεινε
3381 2183 3569 2254 σαρκί.
3613 2182 3751 2246 Τοὺς

2155 2273 2264 2342 γὰρ
2297 2272 2636 2342 διαιροῦντας
2671 2271 2705 2343 ἢ
2741 2271 3088 2343 συγχέοντας,
3111 2273 3146 2345 ἦ
3173 2275 3471 2342 φαντασίαν
3500 2275 3751 2342 εἰσάγον-

2156 2385 2290 2433 τας,
2343 2368 2465 2421 οὐδὲ
2508 2367 2646 2430 ὅλως
2682 2367 2956 2438 δεχόμεθα
2979 2383 2994 2399 ⁸
3036 2367 3270 2437 ἐπείπερ
3301 2369 3336 2438 ἠ
3364 2369 3738 2438 ἀναμάρτητος

2159 2459 2301 2513 κατὰ
2331 2457 2596 2528 ἀλήθειαν
2628 2459 2906 2526 σάρκωσις
2938 2459 3002 2510 ὲκ
3030 2457 3130 2527 τῆς
3155 2457 3418 2512 Θεοτόκου
3438 2498 3451 2523 ,
3496 2454 3726 2524 προσθή-

2160 2567 2263 2620 κην
2287 2549 2418 2603 Υἱοῦ
2443 2549 2505 2602 οὐ
2533 2549 2824 2619 πεποίηκε.
2857 2549 3154 2619 Μεμένηκε
3179 2549 3289 2618 γὰρ
3313 2547 3471 2616 Τριὰς
3492 2548 3520 2615 ὴ
3543 2543 3718 2616 Τριὰς.

2161 2645 2257 2698 καὶ
2295 2642 2674 2715 σαρκωθέντος
2714 2639 2808 2694 τοῦ
2843 2641 2961 2704 ὲνὺς
2989 2641 3090 2710 τῆς
3117 2641 3341 2712 Τριάδος
3369 2637 3494 2691 Θεοῦ
3521 2636 3718 2704 Λόγου.

2161 2735 2374 2797 Εἱδότες
2422 2729 2516 2786 οὖν
2567 2733 2642 2796 ὡς
2691 2731 2815 2786 οὔτε
2865 2735 2920 2785 ai.
2964 2733 3119 2800 ἅγιαι
3165 2729 3424 2800 πανταχοῦ
3455 2727 3550 2781 τοῦ
3586 2725 3724 2780 Θεοῦ

2160 2824 2428 2898 ὀρθόδοξοι
2464 2823 2782 2895 Ἐκκλησίαι
2811 2864 2827 2887 ,
2885 2821 3010 2876 οὔτε
3044 2824 3093 2876 οἰ
3126 2820 3328 2875 τούτων
3356 2819 3732 2893 προϊστάμενοι

2161 2917 2562 2987 θεοξριλέστατοι
2587 2916 2774 2986 ἱερεῖς,
2794 2913 2916 2968 οὔτε
2946 2917 2980 2986 ὴ
3007 2914 3252 2986 ἡμετέρα
3285 2912 3521 2984 βασιλεία.
3552 2911 3735 2982 ἑτέρου

2164 3008 2434 3080 συμϐόλου
2484 3007 2518 3078 ἢ
2567 3008 2694 3078 ὅρου
2727 3007 2963 3068 πίστεως
2998 3007 3148 3079 παρὰ.
3177 3007 3239 3060 τὸ
3269 3004 3554 3078 εἰρημένον
3589 3005 3736 3072 ἅγιον

2167 3103 2395 3172 μάθημα
2445 3101 2768 3170 ἠνέσχοντο,
2809 3098 2842 3170 ἢ
2884 3099 3210 3168 ἀνέχονται,
3279 3097 3565 3169 ἡνώααμεν
3615 3095 3738 3146 ἑαν-

2163 3194 2290 3258 τοὺς
2323 3193 2458 3264 (9‘2),
2485 3193 2652 3262 μηδὲν
2679 3190 3068 3255 ὲνδοιὰζοντες.
3100 3191 3288 3244 Ταῦτα
3313 3190 3368 3243 δὲ
3397 3188 3740 3260 γεγράφαμεν

2163 3283 2226 3334 οὐ
2276 3279 2615 3344 καινίζοντες
2661 3283 2877 3348 πίστιν,
2927 3280 3043 3332 ἁλλ’
3080 3280 3224 3351 ὑμᾶς
3255 3276 3739 3350 πληροφοροῦντες.

2163 3373 2350 3426 Πάντα
2392 3371 2451 3424 δὲ
2499 3371 2589 3424 τὸν
2630 3371 2822 3440 ἕτερόν
2855 3389 2909 3424 τι
2948 3373 3320 3441 φρονήσαντα,
3356 3371 3390 3442 ἢ
3427 3369 3742 3444 φρονοῦντα,

2164 3463 2196 3535 ἢ
2227 3462 2400 3534 νῦν,ῆ
2433 3463 2678 3531 πώποτε,
2711 3462 2743 3533 ἢ
2779 3466 2835 3517 ὲν
2860 3463 3194 3536 Καλχηδόνι,
3231 3463 3264 3534 ἣ
3295 3465 3383 3535 οἵα
3407 3465 3604 3535 δήποτε
3630 3477 3744 3514 συν-

2163 3555 2290 3624 όδῳ,
2323 3552 2795 3624 ἁναθεματίζομεν
2818 3569 2832 3584 °
2869 3553 3160 3624 ἐξαιρέτως
3191 3553 3248 3608 δὲ
3277 3554 3404 3618 τοὺς
3431 3553 3743 3625 εἰρημένους

2165 3644 2488 3714 Νεστόριον,
2522 3646 2618 3697 καὶ
2646 3645 2886 3714 Εὐτυχῆ,
2919 3645 3013 3698 καὶ
3039 3645 3164 3708 τοὺς
3191 3645 3258 3699 τὰ
3284 3632 3470 3700 αὐτῶν
3500 3641 3744 3716 φρονοῦν-

2167 3752 2286 3798 τας.
2343 3735 2661 3804 Συνάφθητε
2712 3735 2892 3789 τοίνυν
2943 3738 3010 3807 τῇ
3059 3739 3404 3806 πνευματικῇ
3452 3736 3648 3808 μητέρι
3685 3733 3743 3802 τῇ

2181 3827 2497 3898 Ἐκκλησία,
2521 3829 2621 3896 τῆς
2651 3828 2822 3898 αὐτῆς
2858 3829 2989 3898 ἡμῖν
3018 3830 3076 3881 ὲν
3102 3830 3241 3900 αὐτῇ
3273 3828 3424 3892 θείας
3452 3827 3744 3884 ἀπολαύον-

2171 3939 2260 3984 τες
2319 3923 2612 3996 κοινωνίας.
2657 3924 2798 3975 κατὰ
2853 3922 2944 3974 τὸν
2983 3921 3277 3992 εἰρημένον
3311 3921 3408 3977 ἕνα
3453 3924 3552 3977 καὶ
3599 3921 3744 3990 μόνον

2169 4013 2294 4083 ὅρον
2342 4013 2442 4083 τῆς
2487 4012 2724 4074 πίστεως
2756 4011 2864 4064 τῶν
2894 4012 3002 4082 τιη¹
3030 4013 3202 4080 ἁγίων
3230 4013 3516 4083 Πατέρων.
3559 4013 3622 4065 Ἦ
3648 4009 3744 4079 γὰρ

2173 4105 2415 4174 παναγία
2463 4105 2648 4176 μήτηρ
2687 4104 2843 4174 ὑμῶν
2894 4103 3301 4175 ήἘκκλησία,
3355 4106 3452 4156 καὶ
3503 4101 3746 4174 γνησίους

2175 4198 2318 4267 ὑμᾶς
2346 4200 2500 4261 υἱοὺς
2531 4197 2642 4266 (93)
2669 4196 3031 4266 ἀπεκδέχεται
3057 4196 3523 4267 περιπτύξασθαι,
3548 4193 3746 4262 καὶτῆς

2175 4289 2392 4359 χρονίας
2440 4288 2536 4342 καὶ
2578 4288 2838 4357 γλυκείας
2867 4288 3022 4356 ὑμῶν
3051 4288 3313 4358 ἐπιθυμεῖ
3339 4289 3530 4358 φωνῆς
3558 4284 3745 4359 ἀκροά-

2179 4378 2398 4435 σασθαι.
2430 4379 2716 4444 Ἐπείξατε
2751 4378 2848 4432 οὖν
2893 4381 3141 4444 ἑαυτούς.
3181 4381 3366 4434 Ταῦτα
3399 4383 3515 4454 γὰρ
3546 4378 3746 4434 ποιοῦν·

484 4470 609 4528 ﬁdei
657 4473 1034 4528 deﬁnitionem
1081 4480 1453 4528 trecentorqu
1493 4479 1550 4524 et
1593 4470 1902 4525 octodecim
1943 4485 2062 4525 san-

2177 4486 2266 4534 τες
2289 4511 2304 4537 ,
2355 4471 2452 4524 καὶ
2497 4469 2596 4542 τὴν
2643 4469 2735 4523 τοῦ
2780 4471 3053 4524 Δεσπότου
3091 4472 3184 4524 καὶ
3220 4471 3476 4542 Σωτῆρος
3507 4473 3601 4527 καὶ
3625 4465 3744 4523 Θεοῦ

1674 4605 1943 4661 VALESII
2009 4604 2573 4662 ANNOTATIONES.

557 4701 672 4771 (99.)
737 4700 1079 4771 Ὴνώσαμεν
1115 4704 1390 4769 ἑαυτούς.
1455 4705 1534 4760 lta
1581 4705 1746 4759 etiam
1798 4701 2067 4758 scribitur

484 4773 629 4847 apud
675 4771 1065 4847 Nicephorum.
1100 4774 1274 4830 Aliter
1340 4787 1517 4831 tamen
1570 4777 1764 4847 legisse
1811 4774 2068 4847 videntur

485 4841 777 4914 Facundus
813 4851 883 4914 et
935 4843 1246 4900 Liberatus.
1299 4847 1433 4901 Nam
1489 4841 1782 4901 Facuvudus
1817 4845 2064 4914 quidem,

483 4927 608 4984 pag.
648 4913 780 4984 551,
812 4913 960 4967 hunc
989 4914 1173 4969 locum
1207 4917 1280 4970 ita
1313 4919 1478 4971 vertit
1509 4935 1520 4970 :
1553 4919 1801 4972 Aduuate
1831 4913 1954 4984 ergo
1982 4930 2070 4966 vos

485 4983 540 5056 in
564 4981 710 5034 nullo
737 4983 1056 5056 dubitantes.
1091 4985 1212 5040 lla'c
1255 4989 1393 5040 enim
1431 4989 1739 5056 scripsimus
1771 4981 1932 5048 vobis,
1969 4999 2070 5036 non

484 5053 796 5126 innovantcs
833 5053 1013 5121 ﬁdem,
1063 5057 1154 5108 scd
1203 5065 1259 5110 ut
1312 5059 1451 5111 rubis
1480 5053 1930 5126 sa'tisfaccrcums,
1963 5063 2068 5108 etc.

485 5119 989 5196 Liberatusautem
1039 5127 1119 5180 sic
1158 5127 1557 5196 interpretatur
1593 5119 1625 5180 ε’
1650 5127 1803 5180 ('nite
1845 5132 2072 5196 vosmet-

485 5191 646 5260 ipsos,
677 5194 812 5264 nihil
834 5195 1152 5248 dubitantcs.
1191 5191 1322 5250 Πανί
1345 5201 1482 5250 enim
1521 5197 1826 5264 scripsimus
1857 5212 1960 5246 non
1993 5195 2075 5244 in-

487 5272 738 5316 novantcs
778 5263 976 5337 ﬁdem,
1007 5267 1099 5318 scd
1137 5267 1276 5337 vobis
1316 5263 1721 5337 satisfacientes.
1758 5265 1835 5316 Ex
1873 5264 2076 5337 quibus

486 5344 712 5405 apparet
738 5349 832 5386 eos
875 5334 1073 5402 legisse
1108 5336 1345 5389 ἐνὼσατε
1399 5334 1496 5405 μὲν
1529 5336 1778 5393 ἑαυτούς,
1821 5342 1927 5387 etc.
1965 5334 2077 5385 Me—

486 5399 594 5455 lior
639 5409 820 5457 tamen
857 5399 944 5458 est
991 5415 1302 5459 nostrorum
1346 5399 1598 5461 codicum
1646 5405 1942 5472 scriptura.
1974 5405 2074 5455 tle-

487 5473 677 5544 quitur
702 5473 848 5527 enim
881 5475 1045 5542 paulo
1075 5487 1194 5544 post
1226 5476 1730 5544 aiiegla.1";0;.t5‘l..

557 5541 700 5612 (95),,
733 5545 836 5594 Kal
881 5541 1190 5610 ηνησῖοινς
1237 5541 1410 5612 huic.
1439 5541 1628 5608 ι’ὶιύέ.
1674 5542 1828 5608 Quod
1882 5543 1933 5594 in
1994 5542 2079 5595 his

488 5607 704 5688 Evagrii
737 5607 1380 5688 libris-smpiusaccidit,
1443 5618 1492 5668 id
1549 5617 1651 5667 hoc
1687 5607 1911 5680 quoque
1940 5615 2079 5688 loco

489 5679 695 5753 factum
735 5691 869 5753 est,
921 5679 1137 5736 ιη’καί
1211 5701 1312 5752 pro
1389 5686 1462 5747 ὡς
1525 5679 1846 5753 poneretur.
1915 5685 2078 5736 (lene

491 5743 786 5805 Liberatus
820 5751 909 5806 hic
947 5753 1075 5818 lt-ait
1106 5743 1226 5817 ὡς,’
1255 5765 1311 5810 ut
1345 5772 1410 5810 ex
1447 5743 1920 5826 inicrprctatimxe
1961 5767 2081 5822 ejus

2173 4710 2424 4771 apparet.
2450 4701 2544 4777 Sig
2565 4701 2713 4777 enim
2747 4703 2950 4757 vertit:
2984 4701 3334 4758 Sanctissima
3371 4721 3602 4777 namque
3639 4718 3746 4777 gna-

2177 4782 2257 4826 εει·
2282 4782 2466 4826 nostra
2497 4771 2756 4844 Ecclesia,
2789 4781 3046 4844 tanquam
3075 4790 3194 4843 qua:
3237 4777 3422 4842 genuit
3461 4771 3576 4837 vos,
3621 4773 3746 4843 ﬁlios

2179 4850 2445 4912 exspectat
2478 4841 2728 4909 amplecti
2758 4859 2822 4897 ea:
2854 4841 3008 4914 longe
3059 4841 3176 4914 post
3224 4841 3480 4914 (erupere,
3527 4841 3746 4899 dulcem-

2179 4928 2285 4983 qne_
2328 4927 2504 4983 uocem
2547 4921 2784 4983 uestram
2831 4915 3150 4983 concupiscit
3191 4916 3395 4969 audire.
3442 4916 3558 4972 Nec
3603 4914 3746 4968 aliter

2182 4979 2315 5057 legit
2343 4979 2646 5057 facundus
2669 4983 2722 5035 in
2756 4984 2852 5036 lib.
2882 5000 2978 5038 xu.
3000 4979 3091 5038 ’lta
3121 4985 3266 5057 cn_im
3281 4985 3459 5057 habet
3489 4989 3610 5057 ejus
3634 4997 3745 5037 ver'

2181 5052 2304 5106 sio:
2336 5051 2536 5122 Sancta
2563 5053 2702 5105 enim
2731 5064 2901 5106 mater
2939 5062 3120 5107 nostra
3163 5053 3423 5120 Ecclesia,
3468 5051 3600 5110 sicut
3639 5066 3746 5122 ρω-

2183 5123 2325 5194 prios
2375 5121 2515 5194 ﬁlios
2559 5137 2683 5174 suos
2727 5126 2964 5194 suscipit.
3011 5123 3404 5193 Amplectimini
3429 5141 3569 5180 eam.
3607 5121 3743 5178 Desi-

2182 5193 2334 5244 dcrat
2395 5193 2534 5265 enim
2580 5193 2966 5265 pastilung’am
3027 5194 3481 5265 tempusidulcem
3534 5203 3748 5265 castraut

2183 5276 2357 5332 roccm
2391 5262 2596 5312 audire.
2615 5263 2734 5332 ﬁed
2775 5261 3107 5331 ρι’ΝἰοονΙι.
3134 5261 3419 5332 scriptum
3454 5267 3618 5320 habet
3662 5261 3774 5322 κᾷν

2185 5331 2257 5392 ὡς
2293 5334 2572 5403 γνησίους.
2613 5331 2787 5386 Porro
2821 5349 2888 5387 ex
2931 5331 3279 5402 supradictis
3311 5345 3542 5403 apparet.
3595 5332 3742 5403 Libe-

2185 5409 2366 5474 ratum
2401 5408 2458 5474 et
2493 5399 2808 5456 Facundum
2843 5404 2894 5456 in
2935 5399 3168 5458 Zenonis
3217 5399 3399 5474 edicto
3432 5406 3626 5474 legisse
3653 5401 3745 5470 μή·

2185 5486 2291 5542 τηρ
2341 5471 2526 5542 ἡμῶν,
2577 5477 2724 5542 quod
2775 5474 2997 5542 quidem
3046 5474 3218 5542 magis
3255 5473 3452 5542 placet.
3491 5471 3741 5530 I’rmterea

2189 5539 2480 5614 [iucundus
2517 5540 2644 5614 legit
2675 5539 3098 5614 περίπτύξασθε,
3136 5539 3330 5614 ἵκου-ιιι
3358 5547 3522 5614 vulgo
3565 5541 3743 5614 legitur

2191 5610 2647 5676 περιπτύξασθαι.
2687 5609 2817 5678 Qum
2853 5623 3032 5666 tamen
3078 5613 3348 5680 Scriptura
3391 5609 3548 5670 mille
3598 5609 3744 5666 modo

2193 5680 2413 5752 tolerari
2450 5689 2646 5752 potest.
2700 5685 2943 5751 Denique
2981 5683 3266 5735 Liberatus
3299 5684 3496 5752 legisse
3543 5685 3741 5737 videtur

2190 5751 2252 5801 ἐκ
2279 5750 2377 5817 τῆς
2409 5751 2650 5820 χρονίας,
2691 5769 2798 5807 mut
2837 5750 3016 5807 autem
3045 5756 3132 5806 mi
3173 5755 3269 5818 τῆς
3307 5750 3547 5822 χρονίας.
