4088 6300
370 380 517 445 2629

1306 342 1695 430 HISTORIJE
1734 365 2329 430 ECCLESIASTlCJE
2368 371 2600 431 LIBER
2642 369 2757 431 III.

3444 404 3453 411 ’
3512 379 3658 448 2630

372 489 682 562 Καλχηδόνι
718 487 936 544 σύνοδον
966 483 1270 555 ἀναφανδὸν
1314 479 1735 551 ἁναθεματίσαι.
1773 479 1952 549 Ὅπερ

2057 481 2569 553 Hierosolymorum
2630 482 2700 537 ad
2763 482 3021 538 eumdem
3086 484 3311 541 Petrum
3365 490 3657 560 synodica:

370 584 430 647 ὶς
472 582 729 638 ’Δκάκιον
762 580 914 634 ἐλθὸν
942 578 1032 633 τὸν
1067 572 1699 635 Κωνσταντινουπόλεως
1728 572 1956 624 συνετά-

375 672 526 746 ραξε.
560 671 780 742 nepam
807 688 868 723 τε
893 667 1160 737 πεποίηκέ
1184 682 1337 728 τινας
1368 665 1435 718 τὰ
1459 663 1817 735 περὶτούτων
1847 662 1960 714 είσ-

369 766 638 835 ομένουςτ
669 762 761 826 οὒς
799 761 863 833 δὴ
894 762 1101 832 Πέτρος
1126 760 1493 831 πληροφορείν
1522 756 1845 827 βουλόμενος
1882 754 1958 819 ὡς

370 856 527 909 οὐδὲν
553 853 766 907 τοιοῦτο
790 851 1089 923 πεπραχὼς
1121 853 1229 922 εἴη,
1262 851 1629 921 ὑπομνήματα
1653 848 1954 919 γέγραφεν,

369 950 428 1003 ὲν
454 945 534 1013 οἷς
565 965 707 1012 τινες
743 949 998 1018 εἰρήκασι
1038 945 1204 1017 μηδὲν
1258 943 1469 999 τοιοῦτο
1525 943 1825 998 συνειδέναι
1862 957 1956 1009 γε-

369 1040 609 1110 γραφότι
640 1038 717 1108 τῷ
750 1039 945 1108 Πέτρῳ
977 1036 1074 1107 ('5).

2064 589 2194 629 suas
2239 574 2408 627 misit.
2447 574 2642 629 Postea
2688 583 2869 629 tamen
2919 575 3143 644 quidam
3193 592 3223 631 a
3269 582 3656 638 communione

2061 666 2211 723 Petri
2243 682 2363 721 sese
2396 667 2807 737 abjtmxcrtmt:
2836 677 3003 737 atque
3037 668 3236 723 exinde
3267 670 3467 726 Petrus
3494 672 3654 729 Chal-

2062 759 2431 814 cedonenscm
2509 758 2777 830 synodum
2857 759 3077 828 publice
3145 761 3654 818 anathematizawt.

2060 852 2193 917 Quae
2229 867 2316 905 res
2362 866 2486 904 cum
2529 850 2781 904 nuntiata
2829 858 2977 905 esset
3015 853 3216 907 Acacio
3261 852 3655 911 Constantino-

2058 944 2251 1013 poleos
2285 943 2569 1012 episc0po,
2608 959 2719 996 non
2746 944 3101 998 mediocriter
3126 960 3252 999 eum
3277 947 3650 1002 conturbavit.

2059 1036 2209 1089 Missi
2251 1042 2379 1089 sunt
2415 1035 2584 1105 igitur
2616 1034 2685 1088 ab
2727 1033 2951 1099 Acacio,
3000 1035 3164 1107 350
3201 1036 3295 1108 qui
3331 1039 3410 1093 rei
3446 1038 3652 1095 verita-

370 1148 484 1192 tem
537 1135 905 1205 inquirerent.
951 1134 1165 1201 Quibus
1213 1150 1339 1191 cum
1382 1135 1583 1190 Petrus
1627 1134 1961 1204 persuadere
2001 1132 2187 1197 vellet,
2255 1131 2395 1186 nihil
2460 1131 2777 1202 hujusmodi
2807 1144 2923 1185 asc
2946 1129 3149 1185 factum
3190 1148 3334 1199 csse,
3369 1142 3490 1195 acta
3518 1148 3653 1189 con-

374 1228 465 1284 ﬁci
536 1231 772 1294 curavit,
818 1216 875 1283 in
948 1227 1151 1299 quibus
1197 1229 1420 1299 quidam
1463 1228 1650 1284 testati
1694 1237 1844 1294 sunt,
1884 1225 2026 1281 nihit
2064 1224 2383 1297 bujusmodi
2433 1224 2583 1294 quod
2621 1224 2847 1294 quidem
2897 1222 3127 1291 scirent,
3172 1240 3203 1279 a
3243 1226 3407 1283 Petro
3443 1228 3650 1284 factum

373 1319 568 1375 fuisse.

1080 1437 1332 1490 ΚΕΦΑΛ.
1355 1436 1455 1491 1Ζ’.

370 1500 514 1598 Περί
541 1525 629 1583 ὧν
674 1530 902 1598 ἔγραψε
939 1527 1162 1594 Πέτρος
1212 1529 1463 1590 Ἀκακίῳ
1499 1526 1803 1597 δεξαμένῳ
1838 1526 1954 1596 τὴν

756 1604 827 1652 ἐν
871 1599 1215 1668 Καλχηδόνι
1276 1598 1562 1652 σύνοδον.

443 1704 613 1773 οὗτος
644 1711 672 1763 6
694 1710 924 1779 Πέτρος,
964 1710 1040 1773 ὡς
1085 1711 1339 1781 κόθορνος
1368 1709 1447 1779 (4)
1483 1710 1579 1762 καὶ
1621 1710 1956 1781 παλίμϐολος
1985 1732 2034 1791 Β

370 1805 466 1857 καὶ
503 1806 611 1866 τοῖς
642 1806 853 1874 καιροῖς
881 1803 1374 1872 συνδιατιοέμενος.
1406 1804 1607 1871 ἥκιστα
1638 1803 1775 1873 πρὸς
1824 1802 1953 1871 μίαν

368 1895 505 1965 ἔστη
535 1893 761 1964 γνώμην
786 1907 802 1923 ’
845 1893 941 1945 νῦν
968 1894 1066 1962 μὲν
1094 1893 1507 1963 ὰναθεματίζων
1528 1891 1627 1963 τὴν
1654 1894 1709 1944 ὲν
1733 1893 1957 1963 Καλχη-

366 1985 478 2039 δόνι
510 1984 726 2037 σύνοδον
756 1999 772 2015 ο
801 1984 897 2037 νῦν
923 1986 999 2048 δὲ,
1034 1985 1363 2055 παλινῳδίαν
1392 1985 1588 2052 λέγων,
1624 1984 1717 2037 καὶ
1748 1984 1953 2053 ταύτην

366 2077 570 2147 ψήφοις
588 2077 827 2139 ἀπάσαις
855 2077 1160 2146 δεχόμενος.
1190 2076 1442 2146 Γέγραφε
1464 2076 1643 2129 τοίνυν
1662 2074 1952 2146 ἐπιστολὴν

367 2172 400 2226 ὁ
430 2171 592 2233 αὐτὸς
624 2171 827 2241 Πέτρος
866 2171 1004 2241 πρὸς
1047 2169 1304 2222 Ἀκάκιον
1352 2169 1446 2222 τὸν
1475 2170 1575 2237 τῆς
1606 2169 1952 2221 Κωνσταντι-

367 2261 677 2325 νουπὸλεως
703 2261 986 2332 πρόεδρον,
1016 2262 1108 2314 ἐπὶ
1135 2260 1334 2327 λέξεως
1366 2259 1595 2330 ἔχουσαν
1642 2259 1813 2322 οὕτως
1836 2274 1850 2288 °
1894 2258 1953 2312 '0

368 2354 503 2416 Θεὸς
535 2357 562 2406 ὁ
610 2353 834 2422 ὕψιστος
888 2355 987 2424 τὴν
1034 2355 1137 2423 σὴν
1161 2351 1472 2422 ἁγιωσύνην
1502 2350 1819 2421 ἀμείψηται,
1849 2351 1953 2404 ὑπό

362 2463 431 2499 τε
458 2447 636 2499 πόνων
677 2445 755 2514 (5)
788 2445 882 2498 καὶ
929 2445 1193 2514 καμάτων
1234 2442 1526 2504 τοσούτων,
1561 2436 1636 2496 ὧν
1680 2428 1953 2513 περιόδδις

366 2540 580 2611 χρόνων
623 2535 895 2608 ὲφύλαξας
946 2539 1045 2608 τὴν
1077 2536 1185 2590 τῶν
1231 2536 1405 2605 ἁγίων
1445 2536 1705 2607 Πατέρων
1743 2536 1947 2602 πίστιν,

366 2632 437 2702 ἢν
464 2629 902 2693 ἀκαταπαύστως
946 2629 1232 2703 κηρύττων
1279 2628 1638 2692 ὲὸεϐαίωσας.
1679 2630 1767 2681 Ἐν
1858 2629 1953 2683 καὶ

367 2722 433 2774 τὸ
478 2721 748 2791 σύμϐολον
795 2721 1046 2790 κείμενον
1080 2721 1188 2774 τῶν
1220 2727 1326 2790 τιη⁹
1356 2721 1526 2788 ἁγίων
1559 2718 1822 2791 Πατέρων
1852 2720 1947 2771 εύ-

372 2814 560 2884 ρόντες
589 2812 921 2880 ἀκολούθως,
946 2814 1002 2864 ὲν
1025 2806 1069 2880 ᾧ
1120 2811 1508 2882 βαπτισθέντες
1549 2812 1951 2882 ἐπιστεύσαμεν

366 2908 467 2959 καὶ
520 2903 849 2973 πιστεύομεν
877 2920 892 2934 ·
957 2904 1098 2975 ὅπερ
1139 2905 1234 2957 καὶ
1283 2903 1623 2958 ἐϐεϐαίωσαν
1655 2904 1705 2957 οἱ
1752 2904 1949 2956 συνελ-

365 2997 554 3060 θόντες
610 2998 670 3049 ὲν
718 2996 1289 3049 Κωνσταντινουπόλει
1346 2996 1491 3063 ἆγιοι
1547 2995 1792 3066 ιΙατέρες
1849 3000 1945 3066 ρνῆ

378 3088 848 3152 Ἀκαταπαύστως
882 3087 1061 3141 τοίνυν
1089 3089 1298 3150 πάντας
1335 3086 1567 3157 ὁδηγῶν,
1592 3088 1810 3159 ἦνωσας
1852 3088 1949 3158 τὴν

363 3183 536 3249 ἁγίαν
568 3180 664 3235 τοῦ
696 3180 832 3234 Θεοῦ
881 3180 1231 3250 Ἐκκλησίαν,
1261 3180 1457 3242 πείσας
1491 3183 1639 3250 ἡμᾶς
1667 3180 1759 3233 διὰ
1791 3180 1952 3251 μεγίο

366 3291 514 3327 στων
562 3274 976 3345 ὑποδειγμάτων
1006 3274 1081 3335 ὡς
1124 3272 1275 3325 οὐδέν
1310 3274 1425 3326 ὲστι
1460 3274 1615 3342 παρὰ
1650 3273 1821 3327 ταῦτα
1851 3291 1951 3326 πε-

365 3367 683 3435 πραγμένον
715 3369 772 3418 ὲν
802 3369 871 3436 τῇ
914 3364 1194 3437 ἁγιωτάτῃ
1228 3365 1321 3417 καί⁵
1358 3366 1710 3435 οἰκουμενικῇ
1746 3365 1949 3436 συνόδῳ

365 3460 435 3527 τῇ
449 3458 505 3509 ὲν
531 3455 831 3525 Καλχηδόνι
861 3454 1151 3525 γενομένῃ,
1172 3453 1567 3523 συμφωνούσης
1587 3457 1681 3507 καὶ
1698 3454 1948 3521 βεϐαιού-

364 3566 471 3620 σης
499 3548 595 3618 (m)
628 3548 699 3601 τὰ
724 3550 834 3611 τοῖς
864 3550 922 3601 ὲν
970 3547 1178 3617 Νικαίᾳ
1225 3546 1404 3614 ἁγίοις
1445 3546 1742 3615 Πατράσιν.
1778 3547 1947 3600 Οὐδὲν

363 3641 477 3711 γὰρ
538 3640 791 3711 εὑρόντες
828 3637 1017 3692 καινὸν
1064 3638 1369 3700 αὐτοτελῶς
1413 3640 1821 3709 συνεστήσαμεν
1852 3638 1948 3693 καὶ

364 3731 838 3800 πεπιστεύκαμεν.
868 3728 1286 3799 Μεμαθήκαμεν
1309 3728 1389 3790 δὲ,
1409 3727 1484 3790 ὡς
1511 3728 1654 3791 τινὲς
1687 3728 1948 3798 μονάζον-

360 3841 457 3887 τες
489 3822 809 3893 φθονοῦντες
836 3824 902 3892 τῇ
944 3820 1104 3891 ἡμῶν
1154 3820 1497 3891 ἀδελφότητι,
1534 3823 1612 3885 εἰς
1651 3820 1749 3885 τὰς
1795 3821 1949 3892 ὑμῶν

361 3914 519 3976 ὁσίας
566 3912 734 3975 ἀκοὰς
764 3912 1092 3982 εἰσήνεγκαν
1119 3909 1391 3981 λοιδορίας
1425 3913 1599 3976 τινὰς,
1634 3911 1734 3963 οὐκ
1790 3912 1948 3981 εὐχε-

366 4005 479 4080 ρῶς
511 4004 855 4077 μεταγούσας
886 4004 965 4067 είς
987 4002 1167 4073 λύπην
1219 4002 1318 4074 τὴν
1348 4002 1504 4073 ἡμῶν
1530 4003 1801 4072 ὁσιότητα.
1838 4003 1949 4057 Καὶ

361 4098 583 4171 πρῶτον
616 4098 714 4170 μιν
744 4097 821 4161 ὡς
849 4096 919 4151 τὰ
969 4094 1202 4165 λείψανα
1246 4093 1342 4149 τοῦ
1383 4096 1443 4149 ἐν
1474 4095 1650 4165 ἁγίοις
1681 4095 1758 4169 (6)
1784 4094 1943 4167 ἡμῶν

2677 1432 2830 1487 CAP.
2870 1432 3033 1487 XVII.

2057 1525 2137 1580 De
2169 1527 2249 1581 Itis
2274 1541 2391 1596 qua:
2424 1524 2613 1577 Petrus
2654 1525 2965 1597 scripsitad
2991 1524 3263 1588 Acacium,
3300 1527 3390 1597 qui
3433 1524 3653 1582 Chalce-

2395 1597 2681 1648 donensem
2716 1595 2972 1665 synodum
2998 1595 3320 1665 susceperat.

2137 1708 2239 1762 llic
2277 1708 2426 1762 enim
2462 1707 2681 1771 Petrus,
2732 1707 2905 1762 velutl
2942 1708 3254 1762 cothurnus
3310 1710 3533 1779 quidam
3586 1724 3651 1766 ac

2061 1808 2365 1863 veterator,
2401 1807 2457 1853 et
2514 1798 2610 1868 qui
2654 1798 2999 1867 temporibus
3033 1814 3153 1854 sese
3183 1802 3646 1868 accommodaret,

2061 1891 2117 1945 in
2151 1892 2342 1946 eadem
2376 1889 2649 1945 sententia
2690 1890 2917 1944 minime
2942 1893 3335 1959 perseveravit.
3371 1893 3477 1949 Sed
3500 1910 3651 1951 nunc

2059 1982 2568 2038 Chalcedonensem
2626 1982 2896 2052 synodum
2946 1981 3050 2037 sub
3115 1984 3466 2040 anathemate
3498 1988 3653 2043 dam-

2060 2076 2230 2130 nabat
2257 2094 2270 2129 :
2299 2091 2448 2131 nunc
2481 2076 2818 2146 palinodiam
2850 2091 3075 2142 canens,
3106 2077 3357 2132 eamdem
3390 2080 3650 2137 omnibus

2057 2169 2340 2239 suffragiis
2364 2169 2824 2240 amplectebatur.
2847 2169 3037 2239 Itaque
3082 2170 3373 2239 epistolam
3425 2172 3651 2243 scripsit

2058 2259 2128 2314 ad
2157 2259 2419 2314 Acacium
2447 2258 3124 2329 Constantinopolitanum
3157 2260 3484 2327 antistitem,
3524 2277 3649 2339 qua:

2054 2351 2128 2407 ad
2156 2351 2385 2406 verbum
2416 2352 2495 2406 sic
2538 2351 2707 2406 habet
2747 2368 2761 2405 :
2810 2352 2960 2407 Deus
3010 2352 3312 2407 altissimus
3368 2353 3650 2409 sanctitati

2060 2450 2168 2496 tuae
2206 2441 2518 2496 mercedem
2571 2441 2843 2511 rependet
2885 2456 2988 2511 pro
3029 2440 3197 2495 tantis
3255 2441 3542 2496 laboribus
3583 2457 3648 2498 ac

2058 2534 2347 2600 molestiis,
2379 2548 2518 2603 quas
2545 2548 2646 2603 per
2678 2540 2759 2587 tot
2779 2548 3052 2589 annorum
3077 2533 3353 2588 curricula
3377 2535 3648 2589 sustinui-

2058 2627 2152 2691 sti,
2185 2635 2501 2682 sanctorum
2554 2626 2780 2680 Patrum
2820 2624 2982 2680 ﬁdem
3017 2640 3356 2682 conservans
3409 2644 3422 2680 :
3479 2641 3647 2697 quam

2058 2720 2285 2791 quidem
2316 2719 2536 2774 assidue
2566 2719 2871 2789 pnedicans
2904 2718 3266 2774 conﬁrmasti.
3302 2717 3417 2785 Qua
3440 2716 3499 2774 in
3539 2720 3647 2775 ﬁde

2059 2813 2375 2885 symbolum
2404 2826 2627 2881 quoque
2682 2818 3054 2866 trecentorum
3081 2820 3138 2865 et
3171 2809 3475 2865 octodecim
3517 2825 3633 2866 sane

2058 2915 2271 2959 ctorum
2303 2902 2528 2957 Patrum
2554 2911 2704 2958 recte
2737 2910 2903 2972 atque
2934 2901 3128 2957 ordine
3155 2903 3401 2973 positum
3426 2902 3645 2957 inveni-

2058 3013 2183 3052 mus
2217 3016 2229 3051 :
2270 2997 2324 3052 in
2361 3012 2472 3066 quo
2506 2997 2637 3052 olim
2670 2996 2934 3066 baptizati
2986 2996 3351 3063 credidimus,
3392 3007 3448 3053 et
3495 3012 3646 3053 nunc

1979 3096 2021 3154 C
2056 3089 2366 3144 credimus:
2399 3087 2545 3158 quod
2568 3087 2790 3158 quidem
2821 3096 2985 3143 etiam
3039 3090 3426 3145 conﬁrmatum
3473 3099 3559 3147 est
3615 3106 3644 3146 a

2058 3189 2279 3235 centum
2311 3192 2367 3234 et
2393 3180 2796 3250 quinquaginta
2819 3181 3029 3235 sanctis
3058 3181 3322 3237 Patrihus
3367 3182 3464 3253 qui
3496 3183 3646 3239 Con-

2057 3271 2418 3342 stantinopoli
2447 3281 2850 3327 convenerunt.
2878 3274 2961 3328 Tu
3015 3290 3147 3345 ergo
3188 3276 3307 3331 sine
3364 3277 3649 3333 intermis-

2054 3364 2213 3419 sione
2244 3366 2387 3417 viam
2416 3364 2677 3418 omnibus
2700 3372 3035 3431 monstrans,
3066 3376 3307 3421 sanctam
3330 3367 3424 3422 Dei
3462 3369 3649 3424 Eccle-

2056 3455 2194 3509 siam
2232 3454 2488 3509 adunasti
2516 3471 2530 3518 ;
2563 3455 2769 3525 quippe
2803 3455 2898 3524 qui
2930 3457 3260 3512 certissimis
3301 3459 3647 3528 argumentis

2055 3546 2218 3600 nobis
2247 3546 2613 3615 persuaseris,
2646 3547 2790 3601 nihil
2824 3555 3015 3601 contra
3062 3547 3180 3602 hzcc
3218 3558 3403 3603 actum
3436 3565 3559 3605 esse
3588 3551 3645 3606 in

2054 3636 2399 3692 sanctissima
2431 3636 2806 3692 etuniversali
2857 3637 3068 3709 synodo
3122 3653 3244 3706 quae
3295 3638 3644 3696 Chalcedone

2054 3737 2384 3801 congregata
2430 3737 2546 3784 est:
2580 3737 2772 3799 utpote
2804 3745 2928 3799 quae
2960 3734 3097 3785 cum”
3140 3731 3350 3785 sanctis
3386 3732 3645 3797 Patrihus

2054 3822 2188 3877 olim
2211 3822 2404 3876 Nicma:
2438 3822 2686 3876 collectis
2716 3821 3059 3887 consentiat,
3092 3836 3396 3892 eorumque
3422 3823 3643 3880 decreta

2055 3914 2367 3970 conﬁrmet.
2398 3914 2536 3970 Cum
2579 3914 2749 3985 igitur
2771 3914 2910 3968 nihil
2938 3914 2991 3968 in
3032 3930 3097 3969 ea
3142 3923 3405 3969 novatum
3441 3915 3642 3987 depreo

2056 4004 2441 4069 henderimus,
2483 4004 2636 4058 ultro
2664 4019 2730 4060 ac
2770 4012 2965 4073 sponte
2986 4020 3318 4061 consensum
3350 4022 3415 4063 ac
3479 4008 3640 4063 ﬁdem

2052 4099 2105 4153 ei
2129 4097 2689 4154 accommodavimus.
2712 4097 3085 4168 Coguovimus
3107 4107 3290 4155 autem
3342 4102 3641 4159 monachos

1545 4235 1821 4294 vaensn
1871 4199 2436 4296 ANNOTM‘IoNES.

362 4340 620 4396 Ammone
662 4341 715 4390 et
758 4335 967 4391 Joanne
1009 4333 1247 4405 episcopo
1287 4330 1747 4405 Mggiteos,_et_ab
1789 4332 1950 4386 abba-

367 4411 502 4464 tibus
546 4408 922 4462 monachorum
973 4401 1242 4475 inferioris
1302 4401 1518 4475 Αἴθρη)ιί
1561 4401 1699 4475 bella
1739 4419 1946 4475 passus,

365 4490 416 4535 et
454 4480 711 4534 seditione
741 4479 786 4530 ei
821 4478 874 4530 in
908 4473 1151 4531 Coesarea
1182 4473 1421 4543 ibasilica’
1444 4473 1516 4526 ut
1555 4474 1749 4526 dicitur
1783 4474 1947 4543 facta,

2058 4333 2568 4389 anathematizavit.

2130 4404 2204 4475 (5)
2246 4406 2581 4473 Γεγραμότι
2607 4401 2688 4475 τῷ
2719 4400 2935 4475 Πέτρῳ.
2971 4400 3338 4475 scribendum
3387 4404 3519 4458 mihi
3560 4408 3640 4461 vi-

2056 4472 2218 4529 detur
2272 4474 2600 4545 πεπραχότι.
2648 4474 2831 4544 Atque
2880 4472 2955 4528 ita
3006 4473 3140 4545 legit
3193 4473 3536 4545 Nicephorus
3580 4479 3637 4532 in

366 4548 838 4619 anathematizan
870 4547 1129 4619 synodum
1160 4542 1633 4619 Chalcedonensem
1665 4554 1718 4619 et
1753 4551 1951 4619 tornum
1988 4542 2029 4598 D
2061 4560 2193 4619 cap.
2222 4546 2325 4619 1⁸5,Δ
2349 4542 2602 4619 nam.

367 4636 522 4692 papa:
551 4618 756 4692 beonis.
789 4617 855 4692 _Et
881 4614 989 4692 lucc
1021 4616 1161 4684 fecit,
1201 4630 1318 4692 cunt
1340 4614 1460 4683 jam
1490 4615 1779 4684 scripsisset
1808 4615 1948 4669 Aca-

366 4685 450 4743 cio
486 4699 533 4742 et
565 4687 871 4757 Simplicio,
898 4687 1021 4757 quia
1049 4685 1465 4757 communicator
1504 4700 1684 4737 eorum
1727 4693 1859 4757 esset
1901 4693 1950 4738 et

364 4771 566 4813 sancta:
588 4758 793 4827 synodi.
829 4756 998 4810 Etltis
1023 4757 1100 4809 ita
1133 4756 1310 4827 gestis,
1342 4756 1700 4827 abscesserunt
1730 4756 1948 4824 quidam

368 4812 583 4883 al’etri
618 4812 1009 4894 communione,
1044 4836 1090 4879 et
1130 4812 1353 4879 Romam
1386 4812 1763 4878 nuntiaverunt
1799 4839 1951 4895 papa:

366 4898 630 4953 Romano.
670 4900 800 4963 Qua:
845 4912 969 4950 cum
1016 4897 1125 4949 sint
1171 4895 1306 4949 satis
1363 4895 1621 4955 obscura,
1666 4899 1739 4949 ita
1785 4909 1953 4964 επιρο-

366 4971 547 5024 nenda
598 4983 719 5023 esse
771 4967 905 5020 mihi
960 4966 1237 5020 videntur.
1296 4965 1492 5019 Petrus
1545 4964 1792 5033 Mongus,
1823 4981 1948 5020 cum

370 5039 425 5093 in
478 5039 664 5093 sedem
717 5037 1140 5090 Alexandrinam
1200 5036 1357 5106 pulso
1400 5034 1609 5089 Joanne
1659 5037 1946 5091 restitutus

366 5120 535 5166 esSct.
592 5108 773 5177 primo
812 5107 1035 5176 quidem
1074 5108 1337 5177 simulate
1373 5106 1504 5177 egit,
1558 5114 1613 5177 et
1655 5106 1947 5176 synodicas

366 5176 678 5232 litteras'ad
711 5177 968 5231 Acacium
995 5186 1051 5230 et
1077 5176 1143 5229 ad
1171 5176 1516 5244 Simplicium
1542 5176 1710 5230 misit.
1745 5177 1946 5244 quibus

367 5262 429 5302 se
462 5251 989 5303 communicatorem
1019 5262 1139 5300 esse
1174 5246 1434 5300 Chalced.
1475 5246 1666 5315 synodi
1712 5248 1953 5299 allirma-

368 5318 484 5372 bat.
524 5319 633 5372 Eos
661 5333 882 5387 quoque
913 5317 1007 5386 qui
1044 5326 1204 5387 erant
1246 5332 1315 5370 ex
1354 5325 1508 5385 parte
1538 5315 1814 5387 Timothei
1856 5317 1952 5370 Sa-

367 5387 633 5451 lol'acioli,
681 5385 752 5440 Vin
794 5385 1266 5441 'communionem
1322 5401 1476 5439 suam
1527 5385 1789 5451 admisit,
1871 5388 1951 5441 uti

370 5466 607 5513 testatur
655 5458 965 5512 Liberatus.
1021 5458 1215 5513 Postea
1255 5472 1387 5510 vero
1426 5471 1550 5509 cum
1586 5457 1656 5509 ob
1691 5456 1833 5512 hanc
1880 5458 1944 5511 si-

367 5529 727 5601 mulationem
752 5530 1235 5601 e;agt_tat_us_cssct
1268 5526 1337 5601 ab
1369 5526 1724 5601 Eutychianis
1763 5543 1951 5581 mona-

365 5598 513 5664 chis,
537 5598 756 5668 publice
780 5593 835 5651 in
857 5587 1119 5653 VEcclcsia
1144 5596 1412 5668 synodum
1444 5587 1952 5653 Chalcedonensem

2129 4613 2204 4681 (4)
2247 4616 2467 4683 Πέτρος
2497 4618 2530 4669 ό
2596 4614 2903 4683 κόθορνος.
2936 4613 3095 4685 Hunc
3122 4617 3305 4671 locum
3338 4615 3533 4685 partim
3569 4632 3638 4672 ex

2056 4685 2389 4755 Nicephoro,
2425 4686 2624 4755 partim
2653 4686 2993 4755 auctoritate
3022 4684 3320 4742 Florentini
3341 4684 3555 4742 codicis
3581 4698 3639 4743 et

2058 4754 2355 4826 Telleriani
2386 4754 2699 4810 emendavi.
2750 4756 2921 4809 Porro
2968 4754 3037 4809 de
3084 4757 3230 4813 Petri
3268 4758 3487 4826 ingenio
3516 4773 3637 4811 mo-

2057 4825 2152 4879 bili
2192 4841 2257 4880 ac
2303 4826 2676 4886 fraudulento.
2729 4826 2875 4879 idem
2925 4833 3158 4881 testatur
3206 4825 3497 4883 Liberatus
3552 4826 3641 4884 his

2056 4896 2244 4967 verbis
2272 4913 2286 4950 :
2314 4895 2416 4950 Sed
2442 4898 2733 4966 permansit
2764 4894 2950 4967 Petrus
2975 4896 3029 4949 in
3061 4898 3380 4967 episcopatu,
3410 4897 3639 4967 scribens

2057 4966 2252 5020 Acacio
2298 4968 2425 5036 quia
2466 4975 2597 5020 esset
2635 4966 2820 5036 synodi
2850 4966 3285 5030 communicatur,
3342 4975 3393 5020 et
3442 4966 3639 5034 fallens

2051 5036 2444 5090 Alexandrinos
2477 5038 2604 5106 quia
2637 5053 2739 5090 non
2763 5038 3175 5090 communicaret
3193 5036 3390 5105 synodo
3421 5053 3439 5090 :
3475 5037 3550 5090 ita
3579 5045 3639 5092 ut

2052 5109 2268 5176 quidam
2285 5108 2792 5161 communit-alarum
2816 5107 2927 5176 ejus
2944 5106 3140 5170 clerici,
3161 5108 3403 5160 monac/ti
3420 5116 3467 5159 et
3492 5106 3640 5174 laici,

2052 5187 2417 5247 cognoscentes
2452 5179 2566 5250 ej_us
2602 5176 2896 5250 fallaciam,
2947 5178 3312 5250 separauerint
3346 5194 3402 5230 se
3425 5176 3488 5229 ab
3523 5178 3638 5250 ejus

2050 5245 2438 5301 communione.
2475 5245 2548 5300 Et
2588 5245 2739 5300 extra
2781 5245 3028 5301 collectas
3066 5248 3316 5317 facientes
3345 5263 3449 5301 non
3495 5245 3641 5318 passi

2048 5327 2170 5370 sunt
2207 5320 2407 5388 nomini
2440 5318 2553 5388 ejus
2588 5318 2998 5388 communicare.

2124 5390 2197 5457 (5)
2237 5387 2385 5442 ’Υπό
2407 5385 2473 5441 τέ
2498 5390 2721 5441 πόνων.
2748 5386 3110 5441 Scribendum
3137 5395 3222 5441 est
3244 5386 3439 5456 procul
3467 5385 3640 5443 dubio

2052 5459 2194 5529 ύπέρ
2218 5475 2277 5511 τε
2306 5460 2503 5529 πόνων.
2538 5459 2644 5513 Pro
2680 5457 3450 5529 apstineaslegendunnest
3476 5458 3641 5529 ἀμεί-

2052 5525 2234 5598 ψεται,
2276 5535 2337 5582 ut
2385 5528 2550 5582 habet
2593 5526 2773 5581 codex
2815 5525 3158 5598 'l’ellerian’us
3196 5536 3254 5598 e_t
3298 5525 3529 5598 Niceth

2126 5598 2200 5669 (6)
2237 5598 2330 5664 Ὡς
2354 5598 2426 5651 τὰ
2452 5598 2722 5666 λείψανα
2747 5596 2852 5650 τοῦ
2876 5596 2947 5649 ἐν
2973 5596 3184 5664 ἁγίοις.
3209 5595 3497 5670 01)]εςιιῐιι]
3518 5595 3643 5669 qui-

1799 5717 2187 5775 VARIORUM.

440 5810 539 5886 (nt)
581 5814 1037 5884 Zumpwrouanc
1067 5814 1164 5869 καί
1190 5813 1581 5882 βεόίιιούσης.
1624 5812 1942 5885 Legendum

2057 5813 2351 5889 μφωνούσῃ
2385 5814 2481 5871 καὶ
2510 5811 2829 5887 βεδαιούσῃ.
2879 5812 2967 5870 W.
3006 5811 3231 5872 Lom.
