4088 6300
276 345 346 412 2.6
354 345 415 410 57

1207 289 1597 402 IIISTORLE
1633 340 2230 403 ECCLESIASTICxE
2268 336 2502 399 LIBER
2539 337 2655 398 III.

3403 340 3546 406 νεεδ

279 451 700 524 ἐκτεθειμένων,
727 451 865 523 αὐτῇ
919 451 1067 523 μάλα
1091 454 1354 520 γεννικῶς
1381 454 1696 523 ἀντείχοντο
1719 497 1733 518 ,
1771 456 1861 508 καὶ

1968 467 2184 518 eorum,
2207 461 2406 507 cuncta
2431 467 2552 522 qua:
2577 451 2632 505 in
2658 451 2751 505 illo
2775 449 3012 506 concilio
3031 451 3280 520 exposita
3304 451 3543 508 fuerant.

279 545 417 616 πρὸς
448 541 709 612 οὐδεμίαν
743 540 1048 594 ἐνεδίδοσαν
1098 539 1371 610 συλλαϐὴν
1401 539 1508 593 τῶν
1537 540 1864 612 ὀριτθέντων

276 637 409 706 παρ’
451 634 622 701 αὐτῆς
650 675 664 695 ,
696 632 757 686 οὐ
794 632 900 702 μὴν
930 632 1263 702 γράμματος
1294 631 1598 702 ἐναλλαγὴν
1628 633 1860 702 παρεδέ-

279 743 474 799 χοντο.·
491 722 784 800 Ἀλλὰγκαὶ
816 723 955 792 μετὰ
982 721 1186 791 πολλῆς
1209 721 1508 792 ἀπεπήδων
1530 723 1628 792 τῆς
1651 723 1866 792 παρρη-

279 821 421 880 σίας.
451 818 543 870 καὶ
569 817 850 869 κοινωνεῖν
897 815 1177 878 παντελῶς
1206 816 1305 867 οὐκ
1334 814 1614 885 ἠνείχοντο
1639 820 1750 877 τοῖς
1789 813 1864 882 μὴ

276 911 588 983 δεχομένοις
622 911 753 980 παρ’
804 909 974 977 αὐτῆς
1027 913 1098 962 τὰ
1131 909 1478 976 ἐκτιθέμενοι.
1525 908 1744 976 ’Ἐτεροι
1781 907 1860 970 δὲ,

276 1006 337 1058 οὐ
375 1005 535 1074 μόνον
565 1003 666 1055 οὐκ
693 1001 938 1070 ἐδέχοντο
969 1001 1068 1072 τὴν
1096 1003 1154 1054 ὲν
1179 1001 1486 1071 Καλχηδόνι
1509 1001 1746 1064 σύνοδον,
1769 999 1864 1064 καὶ

277 1092 342 1142 τὰ
375 1090 506 1158 παρ’
527 1089 694 1156 αὐτῆς
723 1088 1030 1158 ὁρισθέντα·
1065 1088 1202 1141 ἀλλὰ
1233 1091 1326 1142 καὶ
1355 1089 1657 1156 ἀναοέματι
1702 1107 1862 1158 περι-

279 1177 471 1231 έϐαλον
497 1177 668 1247 αὐτήν
711 1195 768 1229 τε
799 1179 892 1231 καὶ
918 1179 1008 1232 τὸν
1038 1179 1264 1242 Λέοντος
1292 1179 1477 1250 τόμον.
1519 1179 1701 1232 Ἀλλοι
1750 1183 1864 1242 τοῖς

292 1267 600 1329 Ἐνωτικοῖς
627 1267 878 1335 Ζήνωνος
903 1268 1306 1338 ὲνισχυρίζοντο
1327 1306 1342 1330 ,
1398 1268 1490 1320 καὶ
1524 1267 1696 1320 ταῦτα
1727 1267 1863 1337 πρὸς

280 1357 546 1426 ἀλλήλους
585 1357 946 1428 διερῤωγότες
981 1361 1048 1428 τῇ
1079 1375 1136 1410 τε
1169 1359 1266 1430 μιᾷ
1293 1359 1387 1411 καὶ
1431 1359 1551 1420 ταῖς
1579 1356 1671 1410 δύο
1697 1356 1864 1424 φύσε-

281 1463 380 1501 σιν·
397 1448 587 1517 οἱμὲν,
600 1450 666 1518 τῇ
682 1447 922 1521 συνθήκῃ
946 1453 1052 1506 τῶν
1062 1448 1520 1524 γραμμάτωνμό)
1539 1447 1859 1510 κλαπέντες·

277 1539 327 1592 οἱ
355 1537 414 1590 δὲ
443 1577 458 1602 ,
495 1540 589 1590 καὶ
637 1537 771 1608 πρὸς
808 1539 869 1589 τὸ
914 1537 1338 1608 εἰρηνικώτερον
1380 1537 1580 1608 μᾶλλον
1629 1536 1860 1590 ἀποκλί-

279 1647 468 1693 ναντες
496 1645 510 1658 ·
535 1629 611 1692 ὡς
647 1631 826 1694 πάσας
853 1631 952 1694 τὰς
994 1631 1323 1700 Ἐκκλησὶας
1365 1635 1424 1696 ἐς
1457 1631 1592 1694 ἰδίας
1626 1633 1860 1700 ἀποκρι-

279 1719 438 1790 θῆναι
483 1719 701 1788 μοίρας,
751 1720 846 1772 καὶ
905 1721 1039 1790 μηδὲ
1101 1724 1382 1774 κοινωνεῖν
1437 1720 1684 1790 ἀλλήλοις
1733 1721 1862 1784 τοὺς

1967 543 2412 614 pertinacissime
2459 541 2853 602 defendebant,
2890 557 2993 595 nec
3055 541 3109 595 in
3150 545 3270 612 ejus
3309 544 3548 600 decretis

1967 635 2052 690 vel
2086 651 2249 688 unam
2275 633 2538 704 syllabam
2570 635 2876 698 remittere,
2917 649 2982 688 ac
3020 649 3090 688 ne
3121 635 3287 688 unius
3321 637 3544 704 quidem

1966 725 2165 778 littera:
2227 724 2590 776 mutationem
2645 723 2936 777 admittere
3005 723 3352 778 sustinebant
3399 727 3542 780 :sed

1967 831 2163 887 magna
2203 831 2329 870 cum
2377 797 2579 870 ﬁducia
2615 815 2949 870 recedebant
2978 815 3046 869 ab
3092 816 3161 869 iis
3196 815 3290 884 qui
3324 816 3545 870 decreta

1966 907 2116 962 illius
2164 907 2390 962 concilii
2439 907 2666 963 minime
2705 907 3078 974 susciperent,
3111 922 3214 959 nec
3248 905 3358 960 illis
3394 922 3548 960 com-

1967 999 2255 1054 municare
2293 997 2406 1052 ullo
2447 997 2611 1052 modo
2639 997 3012 1052 sustinebant.
3049 997 3157 1051 Alii
3187 1012 3340 1062 vero,
3385 997 3550 1052 Chal-

1966 1089 2335 1144 cedonensem
2371 1088 2641 1160 synodum
2683 1089 2914 1158 ejusque
2954 1088 3175 1142 decreta
3223 1103 3332 1143 non
3383 1088 3548 1142 modo

1965 1197 2076 1235 non
2127 1181 2536 1250 suscipiebant;
2607 1194 2802 1234 verum
2869 1179 3032 1232 etiam
3077 1178 3225 1232 illam
3269 1195 3375 1232 una
3420 1194 3546 1234 cum

1967 1273 2168 1328 Leonis
2209 1273 2444 1342 epistola
2491 1271 2594 1326 sub
2629 1271 3005 1324 auatbemate‘
3033 1270 3387 1324 damnabant.
3439 1271 3546 1324 Alii
3597 1263 3602 1272 ’

1965 1363 2206 1418 Zenonis
2240 1363 2507 1418 Henetico
2536 1362 2819 1416 mordicus
2841 1361 3190 1416 inhaerebant
3221 1378 3234 1415 :
3269 1360 3436 1431 idque
3463 1370 3546 1416 ta-

1966 1458 2127 1512 metsi
2161 1457 2306 1510 inter
2339 1472 2396 1511 se
2437 1455 2776 1511 dissiderent
2813 1455 2881 1509 de
2913 1471 3022 1510 una
3066 1463 3163 1508 aut
3211 1454 3281 1509 de
3333 1455 3548 1509 duabus

1964 1544 2182 1600 naturis
2211 1563 2222 1598 :
2251 1545 2309 1600 hi
2340 1545 2562 1614 quidem
2609 1542 3013 1612 compositione
3052 1542 3422 1612 imperialium
3456 1543 3547 1596 lit-

1965 1644 2209 1691 terarmu
2236 1637 2454 1707 decepti
2490 1655 2502 1689 :
2541 1637 2622 1692 illi
2656 1652 2790 1691 vero
2815 1635 2933 1705 paci
2961 1643 3016 1690 et
3038 1633 3352 1690 concordiae
3374 1633 3547 1704 magis

1968 1727 2274 1783 studentes.
2303 1729 2457 1784 Adeo
2489 1738 2552 1783 ut
2579 1729 2750 1783 totius
2786 1727 2940 1782 orbis
2979 1725 3237 1780 Ecclesia:
3271 1725 3324 1779 in
3363 1726 3547 1778 varias

279 1810 728 1880 προεδρεύοντας.
759 1811 1041 1864 Ἐντεῦθεν
1081 1813 1306 1866 πλεῖστα
1337 1815 1596 1882 χρήματα
1630 1813 1772 1866 κατά
1801 1829 1860 1865 τε

1965 1819 2234 1874 factiones
2258 1820 2450 1875 divisa:
2490 1828 2698 1886 essent,
2735 1835 2800 1874 ac
2855 1833 2924 1873 ne
2980 1817 3260 1872 antistites
3319 1816 3544 1887 quidem

274 1903 376 1972 τὴν
412 1901 608 1972 Ἕῲαν,
643 1905 747 1957 ἀνά
786 1921 846 1956 τε
881 1905 951 1958 τὰ
982 1904 1243 1975 Ἐσπέρια
1287 1907 1428 1974 μέρη
1459 1907 1552 1958 καὶ
1599 1904 1739 1958 κατᾶ
1763 1904 1862 1975 τὴν

275 1994 484 2065 Λιϐύην
517 1995 815 2065 ἐτύγχανον
855 1997 1004 2060 ὅντα,
1034 1996 1158 2057 οὔτε
1192 1997 1299 2051 τῶν
1338 1997 1522 2068 Ἒῴων
1543 1998 1862 2051 ἐπισκόπων

279 2088 393 2146 τοῖς
439 2084 747 2156 Ἕσπερίοις
773 2086 806 2156 ἢ
831 2088 944 2149 τοῖς
972 2087 1170 2140 Λίϐυσι
1202 2077 1600 2156 σπενδομένων,
1637 2086 1762 2140 οὕτε
1793 2083 1858 2142 αὖ

271 2178 480 2234 τούτων
503 2181 618 2240 τοῖς
650 2177 858 2248 Ἑῴοις.
890 2179 962 2232 Τὸ
985 2180 1042 2232 δὲ
1071 2180 1258 2248 μεῖζον
1289 2182 1345 2242 ἐς
1379 2181 1612 2232 ἀτοπίαν
1643 2181 1859 2251 προῄει.

275 2271 415 2324 Οὐδὲ
473 2273 582 2342 γὰρ
637 2275 822 2340 σφίσιν
873 2275 1057 2338 αὐτοῖς
1107 2275 1428 2330 ἐκοινώνουν
1458 2279 1506 2328 ot
1551 2277 1649 2346 τῆς
1690 2276 1862 2346 Ἑῲας

275 2363 554 2432 πρόεδροι,
598 2364 720 2416 οὐδὲ
761 2364 868 2435 μὴν
897 2367 947 2418 oi
982 2365 1081 2434 τῆς
1117 2367 1388 2438 Εὐρώπης
1420 2367 1452 2438 ἦ
1513 2368 1614 2436 τῆς
1647 2367 1861 2438 Λιϐύης

273 2455 402 2512 τοὺς
436 2454 659 2524 θρόνους
688 2455 963 2522 διέποντες
984 2500 997 2522 ,
1041 2461 1174 2529 μήτι
1203 2476 1266 2527 γε
1301 2460 1364 2529 δὴ
1397 2462 1492 2512 καὶ
1525 2460 1857 2532 ὑπερορίοις.

276 2542 456 2613 "Atti-:9
483 2545 514 2596 ό
551 2544 806 2614 βασιλεὺς
835 2547 1190 2610 ’Λναστάσιος
1229 2547 1501 2616 θεώμενος
1529 2589 1543 2612 ,
1572 2547 1698 2610 τοὺς
1723 2563 1858 2599 νεωσ-

271 2633 596 2704 τερίζοντας
623 2635 733 2688 τῶν
757 2637 1074 2690 ἐπισκόπων
1105 2636 1378 2703 eameam,
1409 2636 1566 2689 εἵπου
1603 2636 1861 2707 κατειλή-

273 2741 388 2792 φει,
417 2725 450 2794 ἢ
485 2725 637 2796 παρὰ
667 2727 728 2780 τὸ
747 2727 940 2790 είωθὸς
964 2731 1080 2791 τοῖς
1107 2728 1292 2790 τόποις
1331 2729 1452 2782 τινὰ
1499 2728 1596 2798 τὴν
1622 2730 1680 2780 ὲν
1712 2727 1860 2782 Καλ-

273 2815 462 2885 χηδόνι
489 2815 1099 2887 σύνοδονχηρύττοντα,
1190 2817 1393 2887 ταύτην
1426 2817 1729 2888 ἀναθέματι
1762 2835 1863 2870 πεσ-

277 2907 577 2978 ριτιθέντα.
605 2909 942 2980 Ἐκδέϐληκε
977 2911 1073 2980 μὲν
1116 2907 1208 2964 οὖν
1245 2913 1307 2963 ὲκ
1332 2911 1426 2980 τῆς
1461 2909 1726 2980 βασιλίδος
1753 2910 1861 2964 τῶν

271 2999 506 3060 πόλεων,
531 2999 748 3071 πρῶτον
777 3001 875 3070 μὲν
896 3003 1177 3074 Εὐφήμιον
1199 3001 1292 3072 (b),
1321 3001 1397 3064 ὡς
1422 3001 1858 3071 προγέγραπται,

272 3081 396 3138 εἶτα
419 3089 784 3152 Μακεδόνων,
834 3091 953 3160 μεθ’
986 3091 1044 3144 δν
1089 3090 1354 3161 Τιμόθεος
1385 3091 1629 3160 ἐγεγόνει
1653 3105 1666 3119 ·
1709 3092 1774 3144 ὲκ
1806 3090 1862 3144 δὲ

270 3179 374 3245 τῆς
401 3177 680 3250 Ἀντιόχου
707 3181 1030 3235 Φλαὸιανόν.

1963 1911 2068 1965 sibi
2099 1921 2290 1966 mutuo
2325 1912 2820 1968 communicarent.
2850 1910 2990 1965 llinc
3021 1909 3192 1963 multa
3225 1907 3455 1966 dissidia
3487 1907 3544 1961 in

1963 2001 2203 2058 Orientis
2227 2013 2284 2058 et
2314 2003 2370 2058 in
2405 2002 2726 2058 Occidentis
2758 2002 3033 2072 partibus,
3064 2009 3121 2055 et
3149 2017 3250 2070 per
3298 1998 3542 2054 Africam

1961 2095 2318 2163 exstiterunt,
2350 2111 2478 2150 eum
2514 2111 2619 2150 nec
2642 2095 2956 2150 Orientales
2991 2094 3240 2164 episcopi
3272 2092 3544 2148 Occiden-

1962 2188 2168 2243 talibus
2208 2197 2265 2243 et
2304 2188 2454 2244 Afris
2492 2189 2862 2254 sociarentur,
2895 2203 3002 2243 nec
3045 2187 3134 2242 isti
3167 2187 3409 2242 vicissim
3445 2202 3542 2241 co-

1963 2277 2109 2332 irent
2131 2293 2256 2332 cum
2291 2278 2692 2334 Orientalibus.
2720 2278 2864 2345 Quin
2885 2279 3052 2335 etiam
3071 2279 3140 2334 ad
3168 2279 3430 2350 majorem
3449 2279 3545 2334 ab-

1961 2367 2286 2423 surditatem
2320 2385 2408 2423 res
2441 2385 2731 2440 progressa
2765 2377 2871 2425 est.
2905 2371 3042 2424 Nam
3081 2384 3186 2424 nec
3235 2371 3544 2424 Orientales

1963 2459 2241 2514 antistites
2284 2460 2432 2514 inter
2470 2476 2530 2515 se
2570 2461 2675 2530 ipsi
2700 2461 3352 2516 communicabantmec
3379 2459 3542 2515 Occi-

1963 2551 2214 2605 dentales
2248 2551 2381 2606 item
2408 2568 2512 2607 nec
2537 2553 2656 2607 Afri
2684 2553 2832 2608 inter
2858 2553 3188 2622 semetipsos
3202 2553 3544 2608 communio-

1962 2657 2091 2696 nem
2114 2641 2394 2709 lovebant,
2438 2643 2642 2698 nedum
2665 2661 2790 2700 cum
2809 2644 3116 2715 peregrinis
3157 2652 3212 2701 et
3241 2643 3539 2699 extraneis.

1961 2732 2095 2800 Qua:
2117 2751 2242 2790 cum
2285 2735 2588 2806 imperator
2629 2737 2958 2792 Anastasius
2986 2736 3220 2802 videret,
3253 2735 3546 2806 episcopos

1963 2825 2058 2896 qui
2109 2826 2320 2896 aliquid
2372 2827 2727 2894 innovarent,
2775 2828 3044 2884 Ecclesiis
3095 2826 3449 2889 exturbabat,
3497 2823 3546 2879 si

1963 2930 2129 2984 quem
2149 2914 2289 2970 forte
2313 2915 2782 2986 deprehendisset
2805 2926 2902 2971 aut
2923 2915 3221 2972 concilium
3242 2913 3548 2970 Chalcedo-

1961 3021 2136 3062 nense
2167 3007 2556 3077 praedicantem
2601 3016 2794 3063 contra
2828 3007 3076 3062 inclitam
3120 3007 3369 3060 locorum
3415 3017 3550 3058 con-

1965 3097 2342 3163 suetudinem,
2368 3107 2465 3153 aut
2488 3099 2632 3154 idem
2655 3099 2759 3156 sub
2793 3099 3144 3153 anathemate
3169 3097 3544 3152 damnantem.

1888 3157 1932 3218 C
1964 3185 2036 3240 Et
2066 3203 2134 3241 ex
2167 3157 2566 3259 regiayquidem
2605 3187 2764 3254 urbe,
2798 3187 2880 3240 uti
2909 3202 3077 3255 supra
3110 3184 3393 3249 diximus;
3428 3180 3544 3250 pri-

272 3283 429 3323 mum
493 3272 659 3340 eiecit
726 3273 1118 3344 Euphemiam,
1151 3273 1353 3329 deinde
1392 3272 1798 3341 Macedonium,
1862 3276 1953 3330 cui
1991 3279 2258 3335 successit
2301 3280 2660 3347 Timotheus;
2701 3278 2996 3334 Antiochia
3038 3292 3170 3332 vero
3223 3274 3544 3330 Flavianum

274 3365 512 3433 expulit.

853 3481 1104 3534 ΚΕΦΑΛ.
1159 3481 1290 3536 AA’.

273 3569 606 3636 Ἐπιστολὴ
643 3566 764 3621 τῶν
789 3568 1078 3638 μοναχῶν
1107 3569 1528 3625 Παλαιστινῶν
1563 3569 1714 3638 πρὸς
1735 3569 1864 3624 Ἀλ-

423 3643 657 3694 κίσωνα
691 3641 825 3709 περὶ
849 3640 1100 3694 Ξεναίου
1139 3641 1238 3695 καὶ
1271 3641 1494 3710 ἐτέρων
1518 3639 1720 3695 τινῶν.

348 3753 490 3824 Περὶ
519 3751 702 3806 τοίνυν
729 3753 1064 3806 Μακεδονίου
1109 3754 1205 3808 καὶ
1227 3752 1529 3808 Φλαδιανοῦ
1551 3755 1778 3824 γράφων
1805 3751 1869 3806 τὸ

272 3849 339 3900 ὲν
371 3847 708 3918 Παλαιστίνῃ
727 3845 1010 3915 μοναδικὸν
1039 3845 1176 3916 πρὸς
1206 3845 1510 3899 Ἀλκίσωνα
1537 3845 1650 3914 (44)
1675 3845 1766 3897 ἐπὶ
1781 3844 1872 3896 λέ-

273 3938 419 4006 ξεως
439 3937 588 4006 λέγει
606 3937 798 3991 ταῦτα’
825 3935 1032 4007 Πέτρου
1055 3937 1110 3990 δὲ
1132 3953 1365 4008 κεκοιμη
1375 3936 1536 4007 μένου
1556 3933 1870 4008 (45),πόιλιν

2566 3480 2717 3536 CAP.
2761 3479 2948 3535 XXXI.

1967 3572 2214 3647 Epistola
2249 3574 2626 3647 mo_1_tach_orum
2657 3571 2990 3647 Patimurne
3017 3568 3100 3647 ad.
3133 3565 3448 3633 Alcisonem,
3485 3567 3550 3622 de

2309 3643 2518 3698 Xenaia
2545 3653 2593 3696 et
2633 3643 2695 3695 de
2726 3642 2849 3695 aliis
2879 3637 3215 3710 quibusdam.

2039 3753 2118 3807 De
2149 3751 2473 3807 Macedonio
2511 3750 2734 3820 quidem
2769 3759 2824 3804 et
2865 3747 3123 3804 Flaviano
3156 3745 3413 3800 monachi
3451 3747 3578 3800 νει-ι’

1971 3843 2199 3898 ltestinze
2231 3845 2285 3897 in
2329 3843 2533 3897 litteris
2559 3843 2626 3896 ad
2660 3843 2975 3896 Alcisonem
3001 3841 3144 3896 datis
3179 3841 3254 3896 ita
3273 3839 3547 3896 scribunt.

1975 3934 2190 3989 Mortuo
2234 3941 2420 3988 autem
2469 3935 2654 4000 Petro,
2685 3933 2848 4005 362
2883 3934 3028 3987 inter
3065 3948 3126 3987 se
3165 3933 3314 4003 ipsos
3347 3933 3548 3986 iterum

1473 4065 1747 4122 VALESH
1802 4063 2360 4123 ANNOTA'IIONES.

351 4185 474 4258 (43)-
505 4182 582 4251 Τῇ
605 4182 1026 4258 συζθήκῃ-τῷν
1043 4182 1413 4258 τραμμιὲζωῂ.
1440 4179 1686 4258 Joannes
1707 4179 1846 4233 Lau-

272 4249 384 4330 εμὲ
429 4249 642 4330 litteras
693 4249 1427 4330 Zenonisimp’eratorisnde
1480 4249 1852 4330 Ecclesiarum

273 4319 619 4382 adunatione
673 4324 889 4376 videtur
940 4319 1268 4392 intelligere.
1305 4319 1396 4392 Sic
1426 4321 1595 4392 enim
1631 4319 1804 4392 vertit
1839 4335 1850 4371 :

273 4397 330 4452 Ii
359 4395 572 4466 quidem
624 4391 812 4446 litteris
865 4387 1145 4446 insidiose'
1163 4391 1461 4466 compositis
1481 4405 1600 4466 per.
1617 4387 1858 4466 fraudem

207 4525 230 4532 _
274 4459 502 4534 decepti.
521 4463 930 4534 Quemisensum
949 4471 1172 4534 secutus
1187 4459 1452 4534 cst'etiam
1473 4459 1862 4534 Christophor-

275 4529 471 4592 sonus.
505 4533 790 4604 (ἐθηριρἰ
849 4531 1067 4602 Evagrii
1117 4532 1270 4604 locus
1313 4532 1474 4584 aEitcr
1499 4529 1698 4604 exponi
1738 4542 1858 4604 non

277 4616 487 4674 potest.
522 4597 845 4674 Duas'enim
873 4597 1068 4656 causas
1092 4602 1272 4674 all'ert,
1297 4597 1866 4674 curuonnulliedicto

278 4667 528 4730 Zenonis
583 4673 1022 4741 acquiescerent.
1088 4671 1362 4741 Quosdam
1395 4669 1558 4741 igitur
1586 4669 1662 4721 ait
1698 4667 1866 4720 fuisse

279 4745 551 4812 deceptos
589 4738 790 4796 blanda
821 4741 1033 4812 illaret
1089 4740 1155 4793 ad
1206 4738 1652 4812 persuadendum
1711 4753 1864 4812 com-

277 4807 464 4884 posita
514 4810 1108 4884 principis_oratione.
1145 4807 1296 4884 Alius
1345 4807 1684 4884 verostudio
1719 4810 1867 4884 pacis

279 4878 342 4937 ct
369 4878 576 4952 quietis
608 4878 982 4937 Ecclesiarum
1015 4881 1252 4944 illectos,
1275 4879 1402 4933 huic
1423 4879 1614 4933 edicto
1639 4878 1866 4946 acquie—

281 4968 454 5007 YISSC.
699 4975 714 4986 ‘

358 5022 472 5090 κιαι)
505 5020 658 5088 Πρὸς
718 5021 1074 5076 Ἀ.1κίσωνα.
1137 5019 1236 5073 llic
1293 5016 1514 5072 Alcison
1564 5016 1869 5090 cpiscopus

281 5088 405 5144 erat
458 5088 744 5158 Nicopolis
793 5105 916 5158 qua:
959 5091 1274 5158 metropolis
1298 5088 1607 5158 estveteris
1653 5089 1804 5156 Epiri
1849 5106 1862 5141 :

265 5160 433 5230 .inter
465 5157 774 5229 praecipuos
800 5157 1123 5230 defensores
1138 5157 1346 5230 synodi
1369 5157 1861 5230 Chalcedonensis.

281 5228 540 5284 Mortuus
581 5239 664 5283 est
701 5243 846 5283 anno
879 5230 1088 5284 Christi
1109 5228 1234 5295 516,
1271 5229 1433 5282 Petro
1465 5228 1582 5282 solo
1615 5229 1862 5283 consule.

1956 4177 2088 4246 Ejus
2115 4177 2364 4231 meminit
2380 4177 2728 4248 Marcellinus
2746 4177 2800 4232 iu
2819 4177 3092 4241 Chronico,
3106 4177 3198 4248 qui
3221 4193 3346 4232 eum
3368 4178 3546 4234 Alcis-

1958 4262 2079 4302 smn
2116 4255 2294 4302 vocat.
2331 4248 2466 4302 Vide
2496 4247 2790 4302 Baronium
2823 4249 2889 4301 ad
2925 4247 3133 4302 annum
3185 4248 3387 4303 Christi
3421 4251 3544 4303 Sili.

2003 4317 2166 4385 ,(45)-
2186 4318 2411 4385 ΙΙέτρυυ
2444 4317 2512 4370 δὲ
2537 4318 2992 4386 κεκοιμημένου.
3024 4318 3160 4372 Cum
3194 4319 3304 4371 duo
3344 4322 3550 4373 lueriizt

1963 4387 2108 4442 Petri
2150 4402 2261 4441 uno
2312 4387 2617 4456 eodemque
2667 4397 2933 4457 tempore,
2971 4389 3110 4442 alter
3143 4388 3550 4442 Alexandrinus

1965 4459 2278 4526 episcopus,
2297 4458 2435 4510 alter
2453 4457 2850 4522 Antiochenns,
2877 4459 3146 4512 incertum
3167 4467 3250 4512 est
3281 4468 3402 4512 uter
3433 4459 3552 4510 illn-

1896 4515 1937 4569 D
1967 4515 2088 4580 rum
2139 4515 2232 4581 hic
2267 4515 2642 4596 intelligatur.
2701 4515 3050 4582 l’robabilius
3097 4538 3275 4580 tanzen
3330 4528 3440 4582 \‘Itlt
3463 4539 3550 4582 tur

1973 4597 2403 4668 Alexandrinum
2431 4597 2651 4652 Petrum
2687 4597 2779 4651 hic
2810 4597 3124 4668 designari;
3159 4615 3225 4652 eo
3250 4599 3396 4668 quod
3433 4614 3549 4652 mo-

1969 4667 2131 4721 nachi
2173 4668 2470 4722 Palaestinae
2504 4668 2688 4722 statim
2721 4669 3022 4736 loquuntur
3079 4670 3146 4722 de
3193 4667 3543 4726 Alexandria.

1967 4737 2118 4792 etde
2142 4737 2375 4808 Aigypm
2417 4753 2483 4792 ac
2523 4738 2713 4808 Libya.
2757 4737 2952 4793 Obstat
2987 4749 3164 4792 tamen
3199 4740 3342 4806 quod
3379 4738 3550 4807 subji-

1969 4808 2115 4860 citur
2163 4811 2232 4862 ab
2294 4809 2489 4862 iisdem
2532 4809 2864 4872 monachis;
2898 4817 3022 4878 post
3059 4819 3288 4861 mortem
3337 4809 3551 4862 scilirt‘t

1971 4879 2113 4931 Petri
2143 4878 2436 4948 1-Egyptum
2466 4879 2762 4947 separatim
2787 4879 3247 4940 communicasse,
3271 4885 3324 4930 et
3351 4879 3547 4948 Orien—

1971 4948 2108 5002 tales
2125 4950 2192 5002 ab
2223 4947 2418 5001 eorum
2455 4949 2845 5002 communione
2883 4948 3190 5016 disjunctos
3223 4947 3414 5002 fuisse.
3443 4947 3546 5000 Pes

1977 5027 2060 5071 tro
2119 5019 2266 5072 enim
2317 5019 2690 5072 Alexandrino
2741 5020 3008 5071 successit
3066 5017 3416 5080 Athanasius,
3453 5016 3548 5086 qui

1974 5088 2268 5157 synodieas
2315 5089 2539 5156 scripsit
2566 5089 2633 5142 ad
2665 5088 2967 5142 Palladium
2997 5088 3316 5156 episeopum
3355 5087 3550 5139 Antio-

1974 5159 2376 5229 cbia:.ejusquc
2404 5159 2780 5212 communioni
2799 5159 3041 5229 sociatus
3064 5157 3188 5229 fuit,
3209 5167 3266 5210 ut.
3293 5157 3550 5225 superius

1973 5226 2262 5283 observavi
2293 5226 2379 5282 ex
2433 5229 2667 5298 Evagrio
2713 5235 2768 5282 ct
2815 5226 3073 5282 Liberato
3100 5231 3136 5282 ’.
3171 5227 3382 5282 Rursus
3411 5241 3540 5281 vero

1751 5321 2138 5418 vsmonuu.

358 5464 432 5534 (ἐν)
489 5460 852 5534 Ἐκϐἐϐλνηκε
903 5459 1236 5534 Εὐφήμιρν.
1277 5458 1648 5528 Euphemium
1683 5459 1857 5528 episc.

281 5531 439 5588 (3.1).
505 5533 644 5588 falso
697 5533 764 5586 ab
815 5532 1106 5586 Anastasio
1150 5531 1280 5599 imp.
1321 5540 1643 5584 accusatum
1695 5539 1861 5598 atque

283 5602 630 5663 damnatum,
663 5603 716 5655 in
781 5603 1033 5656 exsilium
1097 5601 1321 5654 ductum
1372 5617 1515 5664 esse,
1549 5609 1602 5668 et
1649 5599 1702 5654 in
1742 5602 1862 5668 ejus

281 5675 466 5728 locum
516 5671 898 5726 Macedonium
950 5671 1306 5740 subrogatum
1350 5685 1496 5724 anno
1554 5667 1687 5722 Chr.
1717 5667 1860 5740 7496,

283 5744 482 5798 scribit
507 5744 706 5810 l'agius
727 5743 793 5796 ad
825 5757 957 5795 ann.
1000 5739 1208 5804 495,11.
1237 5741 1291 5794 ’5.
1321 5741 1440 5809 Ipse
1467 5750 1650 5793 autem
1681 5739 1861 5794 illaec-

1969 5460 2169 5514 donius
2201 5459 2272 5513 ab
2303 5459 2517 5512 «eodem
2559 5458 2690 5528 imp.
2727 5455 2922 5527 pulsus
2949 5464 3032 5512 est
3072 5472 3219 5512 anno
3257 5455 3382 5510 ΒΗ.
3417 5454 3539 5513 Vid.

1970 5531 2112 5584 intra
2145 5545 2264 5598 cap.
2294 5529 2362 5582 44
2387 5530 2550 5594 hujus
2576 5529 2674 5582 lib.

2045 5601 2176 5653 '-l)e
2217 5597 2384 5653 Petro
2415 5599 2605 5670 Mongo
2647 5597 2908 5670 episcopo
2944 5597 3316 5653 Alexandrino
3365 5597 3550 5670 omni-

1975 5686 2047 5724 no
2071 5670 2466 5740 intclligcndus
2503 5668 2680 5725 locus.
2727 5668 2976 5724 Schisnta
3014 5669 3161 5724 enim
3207 5670 3275 5724 de
3317 5681 3425 5738 qua
3457 5669 3550 5723 hic
