  <div class='ocr_page' id='page_1' title='image "/cluster/home/n/w/nwhite01/storage/ocr_20150623/86 pt.2/mdp.39015008855424/464.png"; bbox 0 0 4054 6286; ppageno 0'>
   <div class='ocr_carea' id='block_1_1' title="bbox 297 391 400 453">
    <p class='ocr_par' dir='ltr' id='par_1_1' title="bbox 297 391 400 453">
     <span class='ocr_line' id='line_1_1' title="bbox 297 391 400 453; baseline 0 0"><span class='ocrx_word' id='word_1_1' title='bbox 297 391 400 453; x_wconf 70' lang='lat'><strong>207</strong></span> 
     </span>
    </p>
   </div>
   <div class='ocr_carea' id='block_1_2' title="bbox 298 391 2684 455">
    <p class='ocr_par' dir='ltr' id='par_1_2' title="bbox 298 391 2684 455">
     <span class='ocr_line' id='line_1_2' title="bbox 298 391 2684 455; baseline -0.001 0"><span class='ocrx_word' id='word_1_2' title='bbox 298 391 453 455; x_wconf 69' lang='lat'><strong>2073</strong></span> <span class='ocrx_word' id='word_1_3' title='bbox 1246 392 1628 450; x_wconf 67' lang='lat' dir='ltr'><strong>msmttmi</strong></span> <span class='ocrx_word' id='word_1_4' title='bbox 1667 391 2259 453; x_wconf 71' lang='lat' dir='ltr'><strong>ECCLESIASTICA:</strong></span> <span class='ocrx_word' id='word_1_5' title='bbox 2300 393 2530 453; x_wconf 75' lang='lat' dir='ltr'><strong>LIBER</strong></span> <span class='ocrx_word' id='word_1_6' title='bbox 2571 393 2684 453; x_wconf 80' lang='lat' dir='ltr'><strong>ut.</strong></span> 
     </span>
    </p>
   </div>
   <div class='ocr_carea' id='block_1_3' title="bbox 3411 388 3552 451">
    <p class='ocr_par' dir='ltr' id='par_1_3' title="bbox 3411 388 3552 451">
     <span class='ocr_line' id='line_1_3' title="bbox 3411 388 3552 451; baseline 0.007 -1"><span class='ocrx_word' id='word_1_7' title='bbox 3411 388 3552 451; x_wconf 70' lang='grc' dir='ltr'><strong>’26ῖό</strong></span> 
     </span>
    </p>
   </div>
   <div class='ocr_carea' id='block_1_4' title="bbox 296 495 1876 571">
    <p class='ocr_par' dir='ltr' id='par_1_4' title="bbox 296 497 1863 571">
     <span class='ocr_line' id='line_1_4' title="bbox 296 497 1863 571; baseline -0.006 -15"><span class='ocrx_word' id='word_1_8' title='bbox 296 499 682 571; x_wconf 70' lang='grc' dir='ltr'>ιπιτραπέντι,</span> <span class='ocrx_word' id='word_1_9' title='bbox 733 498 958 570; x_wconf 56' lang='grc' dir='ltr'>βοσμᾶν</span> <span class='ocrx_word' id='word_1_10' title='bbox 990 498 1080 550; x_wconf 72' lang='grc' dir='ltr'><strong>καὶ</strong></span> <span class='ocrx_word' id='word_1_11' title='bbox 1119 497 1447 566; x_wconf 65' lang='grc' dir='ltr'>Σευηριανὸν</span> <span class='ocrx_word' id='word_1_12' title='bbox 1487 498 1596 550; x_wconf 83' lang='grc' dir='ltr'><strong>τῶν</strong></span> <span class='ocrx_word' id='word_1_13' title='bbox 1648 502 1863 551; x_wconf 77' lang='grc' dir='ltr'><strong>οἰκείων</strong></span> 
     </span>
    </p>
   </div>
   <div class='ocr_carea' id='block_1_5' title="bbox 1979 495 3556 571">
    <p class='ocr_par' dir='ltr' id='par_1_5' title="bbox 1979 495 3556 567">
     <span class='ocr_line' id='line_1_5' title="bbox 1979 495 3556 567; baseline 0.001 -15"><span class='ocrx_word' id='word_1_14' title='bbox 1979 499 2187 567; x_wconf 78' lang='lat' dir='ltr'><strong>plenum</strong></span> <span class='ocrx_word' id='word_1_15' title='bbox 2243 499 2548 554; x_wconf 67' lang='lat' dir='ltr'><strong>clementia:</strong></span> <span class='ocrx_word' id='word_1_16' title='bbox 2603 507 2770 566; x_wconf 85' lang='lat' dir='ltr'><strong>atque</strong></span> <span class='ocrx_word' id='word_1_17' title='bbox 2826 495 3211 562; x_wconf 77' lang='lat' dir='ltr'><strong>humanitatis;</strong></span> <span class='ocrx_word' id='word_1_18' title='bbox 3274 501 3556 554; x_wconf 77' lang='lat' dir='ltr'><strong>mandavit</strong></span> 
     </span>
    </p>
   </div>
   <div class='ocr_carea' id='block_1_6' title="bbox 297 588 1868 661">
    <p class='ocr_par' dir='ltr' id='par_1_6' title="bbox 297 588 1868 661">
     <span class='ocr_line' id='line_1_6' title="bbox 297 588 1868 661; baseline -0.002 -14"><span class='ocrx_word' id='word_1_19' title='bbox 297 592 556 659; x_wconf 76' lang='grc' dir='ltr'>ἐξελάσαι</span> <span class='ocrx_word' id='word_1_20' title='bbox 586 589 812 661; x_wconf 79' lang='grc' dir='ltr'>θρόνων,</span> <span class='ocrx_word' id='word_1_21' title='bbox 842 590 976 642; x_wconf 86' lang='grc' dir='ltr'>διότι</span> <span class='ocrx_word' id='word_1_22' title='bbox 1005 588 1083 659; x_wconf 82' lang='grc' dir='ltr'>τῷ</span> <span class='ocrx_word' id='word_1_23' title='bbox 1114 588 1336 657; x_wconf 81' lang='grc' dir='ltr'>Σευήρῳ</span> <span class='ocrx_word' id='word_1_24' title='bbox 1370 590 1466 656; x_wconf 80' lang='grc' dir='ltr'><strong>τῆς</strong></span> <span class='ocrx_word' id='word_1_25' title='bbox 1492 588 1868 660; x_wconf 76' lang='grc' dir='ltr'><strong>καθαιρέσεως</strong></span> 
     </span>
    </p>
   </div>
   <div class='ocr_carea' id='block_1_7' title="bbox 295 680 1872 756">
    <p class='ocr_par' dir='ltr' id='par_1_7' title="bbox 295 680 1872 756">
     <span class='ocr_line' id='line_1_7' title="bbox 295 680 1872 756; baseline -0.001 -18"><span class='ocrx_word' id='word_1_26' title='bbox 295 685 359 738; x_wconf 81' lang='grc' dir='ltr'><strong>τὸ</strong></span> <span class='ocrx_word' id='word_1_27' title='bbox 384 683 588 753; x_wconf 75' lang='grc' dir='ltr'>βιϐλίον</span> <span class='ocrx_word' id='word_1_28' title='bbox 642 685 1016 753; x_wconf 77' lang='grc' dir='ltr'>πεπόμφασιν.</span> <span class='ocrx_word' id='word_1_29' title='bbox 1057 681 1152 743; x_wconf 87' lang='grc' dir='ltr'>Ὃς</span> <span class='ocrx_word' id='word_1_30' title='bbox 1209 680 1399 751; x_wconf 83' lang='grc' dir='ltr'>ἐπειδὴ</span> <span class='ocrx_word' id='word_1_31' title='bbox 1453 681 1521 734; x_wconf 81' lang='grc' dir='ltr'><strong>τὰ</strong></span> <span class='ocrx_word' id='word_1_32' title='bbox 1579 685 1675 752; x_wconf 82' lang='grc' dir='ltr'>τῆς</span> <span class='ocrx_word' id='word_1_33' title='bbox 1730 683 1872 756; x_wconf 81' lang='grc' dir='ltr'>ἑῴας</span> 
     </span>
    </p>
   </div>
   <div class='ocr_carea' id='block_1_8' title="bbox 299 771 1877 844">
    <p class='ocr_par' dir='ltr' id='par_1_8' title="bbox 299 771 1877 844">
     <span class='ocr_line' id='line_1_8' title="bbox 299 771 1877 844; baseline -0.004 -17"><span class='ocrx_word' id='word_1_34' title='bbox 299 775 618 844; x_wconf 75' lang='grc' dir='ltr'><strong>κατειλήφει</strong></span> <span class='ocrx_word' id='word_1_35' title='bbox 644 775 804 844; x_wconf 85' lang='grc' dir='ltr'>μέρη.</span> <span class='ocrx_word' id='word_1_36' title='bbox 835 772 1062 835; x_wconf 82' lang='grc' dir='ltr'>πολλούς</span> <span class='ocrx_word' id='word_1_37' title='bbox 1089 789 1148 824; x_wconf 89' lang='grc' dir='ltr'><strong>τε</strong></span> <span class='ocrx_word' id='word_1_38' title='bbox 1175 771 1282 824; x_wconf 83' lang='grc' dir='ltr'><strong>τῶν</strong></span> <span class='ocrx_word' id='word_1_39' title='bbox 1321 772 1518 842; x_wconf 82' lang='grc' dir='ltr'>Κοσμᾶ</span> <span class='ocrx_word' id='word_1_40' title='bbox 1565 773 1656 826; x_wconf 77' lang='grc' dir='ltr'><strong>καὶ</strong></span> <span class='ocrx_word' id='word_1_41' title='bbox 1705 775 1877 844; x_wconf 82' lang='grc' dir='ltr'>Σευη-</span> 
     </span>
    </p>
   </div>
   <div class='ocr_carea' id='block_1_9' title="bbox 299 858 1874 938">
    <p class='ocr_par' dir='ltr' id='par_1_9' title="bbox 299 858 1874 938">
     <span class='ocr_line' id='line_1_9' title="bbox 299 858 1874 938; baseline 0 -18"><span class='ocrx_word' id='word_1_42' title='bbox 299 866 480 938; x_wconf 81' lang='grc' dir='ltr'>ριανοῦ</span> <span class='ocrx_word' id='word_1_43' title='bbox 509 867 791 937; x_wconf 75' lang='grc' dir='ltr'><strong>δογμάτων</strong></span> <span class='ocrx_word' id='word_1_44' title='bbox 811 864 1202 934; x_wconf 78' lang='grc' dir='ltr'><strong>ἀντεχομένους</strong></span> <span class='ocrx_word' id='word_1_45' title='bbox 1227 858 1375 932; x_wconf 75' lang='grc' dir='ltr'>εὗρε,</span> <span class='ocrx_word' id='word_1_46' title='bbox 1400 865 1543 933; x_wconf 86' lang='grc' dir='ltr'>μάλα</span> <span class='ocrx_word' id='word_1_47' title='bbox 1561 881 1618 918; x_wconf 91' lang='grc' dir='ltr'><strong>τε</strong></span> <span class='ocrx_word' id='word_1_48' title='bbox 1642 865 1874 933; x_wconf 75' lang='grc' dir='ltr'>γενικῶς</span> 
     </span>
    </p>
   </div>
   <div class='ocr_carea' id='block_1_10' title="bbox 295 955 1872 1027">
    <p class='ocr_par' dir='ltr' id='par_1_10' title="bbox 295 955 1872 1027">
     <span class='ocr_line' id='line_1_10' title="bbox 295 955 1872 1027; baseline -0.001 -15"><span class='ocrx_word' id='word_1_49' title='bbox 295 959 476 1012; x_wconf 74' lang='grc' dir='ltr'>αὐτῶν</span> <span class='ocrx_word' id='word_1_50' title='bbox 525 957 983 1026; x_wconf 82' lang='grc' dir='ltr'><strong>ἀντιποιουμένας</strong></span> <span class='ocrx_word' id='word_1_51' title='bbox 1040 956 1141 1020; x_wconf 79' lang='grc' dir='ltr'>τὰς</span> <span class='ocrx_word' id='word_1_52' title='bbox 1198 957 1350 1023; x_wconf 62' lang='grc' dir='ltr'>σφῶν</span> <span class='ocrx_word' id='word_1_53' title='bbox 1383 955 1586 1020; x_wconf 83' lang='grc' dir='ltr'>πόλεις,</span> <span class='ocrx_word' id='word_1_54' title='bbox 1632 958 1872 1027; x_wconf 77' lang='grc' dir='ltr'><strong>ἀνήγαγε</strong></span> 
     </span>
    </p>
   </div>
   <div class='ocr_carea' id='block_1_11' title="bbox 295 1049 1874 1122">
    <p class='ocr_par' dir='ltr' id='par_1_11' title="bbox 295 1049 1874 1122">
     <span class='ocr_line' id='line_1_11' title="bbox 295 1049 1874 1122; baseline 0 -18"><span class='ocrx_word' id='word_1_55' title='bbox 295 1051 374 1122; x_wconf 81' lang='grc' dir='ltr'>τῷ</span> <span class='ocrx_word' id='word_1_56' title='bbox 407 1051 762 1120; x_wconf 82' lang='grc' dir='ltr'>Ἀναστασίῳ,</span> <span class='ocrx_word' id='word_1_57' title='bbox 790 1050 1064 1118; x_wconf 58' lang='grc' dir='ltr'><strong>ἀναιμωτὶ⁸</strong></span> <span class='ocrx_word' id='word_1_58' title='bbox 1105 1051 1179 1122; x_wconf 85' lang='grc' dir='ltr'><strong>μὴ</strong></span> <span class='ocrx_word' id='word_1_59' title='bbox 1204 1049 1463 1102; x_wconf 81' lang='grc' dir='ltr'>δύνασθαι</span> <span class='ocrx_word' id='word_1_60' title='bbox 1507 1050 1729 1113; x_wconf 79' lang='grc' dir='ltr'>τούτους</span> <span class='ocrx_word' id='word_1_61' title='bbox 1766 1051 1874 1105; x_wconf 84' lang='grc' dir='ltr'>τῶν</span> 
     </span>
    </p>
   </div>
   <div class='ocr_carea' id='block_1_12' title="bbox 291 1139 1871 1212">
    <p class='ocr_par' dir='ltr' id='par_1_12' title="bbox 291 1139 1871 1212">
     <span class='ocr_line' id='line_1_12' title="bbox 291 1139 1871 1212; baseline -0.002 -16"><span class='ocrx_word' id='word_1_62' title='bbox 291 1142 512 1196; x_wconf 71' lang='grc' dir='ltr'>οἰκείων</span> <span class='ocrx_word' id='word_1_63' title='bbox 565 1142 891 1212; x_wconf 75' lang='grc' dir='ltr'><strong>φυγαδεύειν</strong></span> <span class='ocrx_word' id='word_1_64' title='bbox 937 1141 1165 1212; x_wconf 84' lang='grc' dir='ltr'>θρόνων.</span> <span class='ocrx_word' id='word_1_65' title='bbox 1242 1139 1508 1192; x_wconf 77' lang='grc' dir='ltr'>Τοσοῦτον</span> <span class='ocrx_word' id='word_1_66' title='bbox 1577 1141 1871 1210; x_wconf 77' lang='grc' dir='ltr'>τοιγαροῦν</span> 
     </span>
    </p>
   </div>
   <div class='ocr_carea' id='block_1_13' title="bbox 297 1231 1875 1304">
    <p class='ocr_par' dir='ltr' id='par_1_13' title="bbox 297 1231 1875 1304">
     <span class='ocr_line' id='line_1_13' title="bbox 297 1231 1875 1304; baseline -0.001 -17"><span class='ocrx_word' id='word_1_67' title='bbox 297 1234 495 1304; x_wconf 80' lang='grc' dir='ltr'>περιῆν</span> <span class='ocrx_word' id='word_1_68' title='bbox 532 1233 948 1303; x_wconf 77' lang='grc' dir='ltr'>φιλανθρωπίας</span> <span class='ocrx_word' id='word_1_69' title='bbox 978 1233 1055 1304; x_wconf 78' lang='grc' dir='ltr'><strong>τῷ</strong></span> <span class='ocrx_word' id='word_1_70' title='bbox 1075 1231 1440 1301; x_wconf 79' lang='grc' dir='ltr'>Ἀναστασίῳ,</span> <span class='ocrx_word' id='word_1_71' title='bbox 1473 1231 1547 1294; x_wconf 84' lang='grc' dir='ltr'>ὡς</span> <span class='ocrx_word' id='word_1_72' title='bbox 1580 1231 1875 1303; x_wconf 68' lang='grc' dir='ltr'>διαρρήδην</span> 
     </span>
    </p>
   </div>
   <div class='ocr_carea' id='block_1_14' title="bbox 295 1320 1877 1395">
    <p class='ocr_par' dir='ltr' id='par_1_14' title="bbox 295 1320 1877 1395">
     <span class='ocr_line' id='line_1_14' title="bbox 295 1320 1877 1395; baseline -0.001 -17"><span class='ocrx_word' id='word_1_73' title='bbox 295 1324 503 1394; x_wconf 72' lang='grc' dir='ltr'>γράψαι</span> <span class='ocrx_word' id='word_1_74' title='bbox 561 1325 640 1395; x_wconf 82' lang='grc' dir='ltr'><strong>τῷ</strong></span> <span class='ocrx_word' id='word_1_75' title='bbox 689 1322 1007 1392; x_wconf 72' lang='grc' dir='ltr'>Ἀσιατικῷ.</span> <span class='ocrx_word' id='word_1_76' title='bbox 1060 1321 1227 1393; x_wconf 73' lang='grc' dir='ltr'>μηδὲν</span> <span class='ocrx_word' id='word_1_77' title='bbox 1290 1320 1614 1392; x_wconf 82' lang='grc' dir='ltr'>βούλεσθαι,</span> <span class='ocrx_word' id='word_1_78' title='bbox 1680 1324 1877 1393; x_wconf 86' lang='grc' dir='ltr'>παρελ-</span> 
     </span>
    </p>
   </div>
   <div class='ocr_carea' id='block_1_15' title="bbox 292 1410 1876 1489">
    <p class='ocr_par' dir='ltr' id='par_1_15' title="bbox 292 1410 1876 1489">
     <span class='ocr_line' id='line_1_15' title="bbox 292 1410 1876 1489; baseline -0.001 -19"><span class='ocrx_word' id='word_1_79' title='bbox 292 1417 409 1472; x_wconf 81' lang='grc' dir='ltr'>θεῖν</span> <span class='ocrx_word' id='word_1_80' title='bbox 429 1417 564 1489; x_wconf 81' lang='lat'><strong>(76),</strong></span> <span class='ocrx_word' id='word_1_81' title='bbox 608 1416 734 1487; x_wconf 82' lang='grc' dir='ltr'>μηδ’</span> <span class='ocrx_word' id='word_1_82' title='bbox 759 1417 826 1470; x_wconf 78' lang='grc' dir='ltr'>ἂν</span> <span class='ocrx_word' id='word_1_83' title='bbox 855 1417 903 1469; x_wconf 82' lang='grc' dir='ltr'><strong>εί</strong></span> <span class='ocrx_word' id='word_1_84' title='bbox 943 1416 1086 1485; x_wconf 83' lang='grc' dir='ltr'>μέγα</span> <span class='ocrx_word' id='word_1_85' title='bbox 1119 1431 1177 1467; x_wconf 91' lang='grc' dir='ltr'><strong>τε</strong></span> <span class='ocrx_word' id='word_1_86' title='bbox 1202 1415 1294 1467; x_wconf 78' lang='grc' dir='ltr'>καὶ</span> <span class='ocrx_word' id='word_1_87' title='bbox 1321 1414 1600 1482; x_wconf 65' lang='grc' dir='ltr'>ἀξιόλογον</span> <span class='ocrx_word' id='word_1_88' title='bbox 1633 1410 1690 1489; x_wconf 81' lang='grc' dir='ltr'><strong>ᾗ,</strong></span> <span class='ocrx_word' id='word_1_89' title='bbox 1719 1414 1876 1486; x_wconf 79' lang='grc' dir='ltr'>εἴπερ</span> 
     </span>
    </p>
   </div>
   <div class='ocr_carea' id='block_1_16' title="bbox 298 1500 1875 1580">
    <p class='ocr_par' dir='ltr' id='par_1_16' title="bbox 298 1500 1875 1580">
     <span class='ocr_line' id='line_1_16' title="bbox 298 1500 1875 1580; baseline -0.001 -16"><span class='ocrx_word' id='word_1_90' title='bbox 298 1511 532 1578; x_wconf 73' lang='grc' dir='ltr'>αἵματος</span> <span class='ocrx_word' id='word_1_91' title='bbox 563 1513 718 1580; x_wconf 64' lang='grc' dir='ltr'>ῥανὶς</span> <span class='ocrx_word' id='word_1_92' title='bbox 752 1500 1020 1578; x_wconf 79' lang='grc' dir='ltr'>ἐκχέοιτο.</span> <span class='ocrx_word' id='word_1_93' title='bbox 1054 1509 1146 1561; x_wconf 83' lang='grc' dir='ltr'><strong>Ἐν</strong></span> <span class='ocrx_word' id='word_1_94' title='bbox 1170 1507 1380 1571; x_wconf 80' lang='grc' dir='ltr'>τούτοις</span> <span class='ocrx_word' id='word_1_95' title='bbox 1413 1510 1512 1577; x_wconf 83' lang='grc' dir='ltr'><strong>μὲν</strong></span> <span class='ocrx_word' id='word_1_96' title='bbox 1528 1505 1622 1562; x_wconf 78' lang='grc' dir='ltr'><strong>οὖν</strong></span> <span class='ocrx_word' id='word_1_97' title='bbox 1641 1509 1708 1562; x_wconf 72' lang='grc' dir='ltr'>τὰ</span> <span class='ocrx_word' id='word_1_98' title='bbox 1735 1510 1875 1562; x_wconf 78' lang='grc' dir='ltr'>κατὰ</span> 
     </span>
    </p>
   </div>
   <div class='ocr_carea' id='block_1_17' title="bbox 295 1597 1877 1672">
    <p class='ocr_par' dir='ltr' id='par_1_17' title="bbox 295 1597 1877 1672">
     <span class='ocr_line' id='line_1_17' title="bbox 295 1597 1877 1672; baseline 0.001 -21"><span class='ocrx_word' id='word_1_99' title='bbox 295 1597 737 1668; x_wconf 77' lang='grc' dir='ltr'>τὰςἘκκλησίας</span> <span class='ocrx_word' id='word_1_100' title='bbox 767 1598 1044 1670; x_wconf 84' lang='grc' dir='ltr'>πανταχοῦ</span> <span class='ocrx_word' id='word_1_101' title='bbox 1065 1603 1168 1671; x_wconf 78' lang='grc' dir='ltr'><strong>γῆς</strong></span> <span class='ocrx_word' id='word_1_102' title='bbox 1196 1599 1566 1668; x_wconf 77' lang='grc' dir='ltr'>καθειστήκει.</span> <span class='ocrx_word' id='word_1_103' title='bbox 1595 1601 1760 1670; x_wconf 86' lang='grc' dir='ltr'>μέχρι</span> <span class='ocrx_word' id='word_1_104' title='bbox 1778 1601 1877 1672; x_wconf 84' lang='grc' dir='ltr'><strong>τῆς</strong></span> 
     </span>
    </p>
   </div>
   <div class='ocr_carea' id='block_1_18' title="bbox 308 1690 1876 1762">
    <p class='ocr_par' dir='ltr' id='par_1_18' title="bbox 308 1690 1876 1762">
     <span class='ocr_line' id='line_1_18' title="bbox 308 1690 1876 1762; baseline 0.003 -20"><span class='ocrx_word' id='word_1_105' title='bbox 308 1691 667 1742; x_wconf 77' lang='grc' dir='ltr'>Ἀναστασίου</span> <span class='ocrx_word' id='word_1_106' title='bbox 705 1691 1018 1760; x_wconf 83' lang='grc' dir='ltr'>βασιλείας’</span> <span class='ocrx_word' id='word_1_107' title='bbox 1048 1690 1106 1744; x_wconf 78' lang='grc' dir='ltr'>ὃν</span> <span class='ocrx_word' id='word_1_108' title='bbox 1138 1692 1231 1744; x_wconf 70' lang='grc' dir='ltr'>καὶ</span> <span class='ocrx_word' id='word_1_109' title='bbox 1275 1691 1350 1754; x_wconf 84' lang='grc' dir='ltr'>ὼς</span> <span class='ocrx_word' id='word_1_110' title='bbox 1401 1693 1644 1745; x_wconf 81' lang='grc' dir='ltr'>ἐναντίον</span> <span class='ocrx_word' id='word_1_111' title='bbox 1673 1693 1771 1762; x_wconf 81' lang='grc' dir='ltr'><strong>τῆς</strong></span> <span class='ocrx_word' id='word_1_112' title='bbox 1819 1696 1876 1746; x_wconf 87' lang='grc' dir='ltr'><strong>ἐν</strong></span> 
     </span>
    </p>
   </div>
   <div class='ocr_carea' id='block_1_19' title="bbox 295 1778 1874 1851">
    <p class='ocr_par' dir='ltr' id='par_1_19' title="bbox 295 1778 1874 1851">
     <span class='ocr_line' id='line_1_19' title="bbox 295 1778 1874 1851; baseline -0.001 -19"><span class='ocrx_word' id='word_1_113' title='bbox 295 1778 600 1847; x_wconf 74' lang='grc' dir='ltr'>Καλχηδόνι</span> <span class='ocrx_word' id='word_1_114' title='bbox 630 1780 850 1834; x_wconf 84' lang='grc' dir='ltr'>συνόδου</span> <span class='ocrx_word' id='word_1_115' title='bbox 879 1781 1024 1841; x_wconf 76' lang='grc' dir='ltr'>τινὲς</span> <span class='ocrx_word' id='word_1_116' title='bbox 1060 1779 1364 1848; x_wconf 82' lang='grc' dir='ltr'>κρίναντες.</span> <span class='ocrx_word' id='word_1_117' title='bbox 1397 1779 1507 1832; x_wconf 85' lang='grc' dir='ltr'><strong>τῶν</strong></span> <span class='ocrx_word' id='word_1_118' title='bbox 1529 1779 1693 1848; x_wconf 75' lang='grc' dir='ltr'>ἱερῶν</span> <span class='ocrx_word' id='word_1_119' title='bbox 1715 1795 1874 1851; x_wconf 80' lang='grc' dir='ltr'>περι-</span> 
     </span>
    </p>
   </div>
   <div class='ocr_carea' id='block_1_20' title="bbox 1973 587 3557 654">
    <p class='ocr_par' dir='ltr' id='par_1_20' title="bbox 1973 587 3557 654">
     <span class='ocr_line' id='line_1_20' title="bbox 1973 587 3557 654; baseline 0.001 -10"><span class='ocrx_word' id='word_1_120' title='bbox 1973 592 2216 646; x_wconf 84' lang='lat' dir='ltr'><strong>Asiatico</strong></span> <span class='ocrx_word' id='word_1_121' title='bbox 2249 590 2374 646; x_wconf 89' lang='lat' dir='ltr'><strong>duci</strong></span> <span class='ocrx_word' id='word_1_122' title='bbox 2408 590 2697 645; x_wconf 72' lang='lat' dir='ltr'><strong>Phoenices</strong></span> <span class='ocrx_word' id='word_1_123' title='bbox 2730 587 3078 654; x_wconf 81' lang='lat' dir='ltr'><strong>Libancnsis,</strong></span> <span class='ocrx_word' id='word_1_124' title='bbox 3116 599 3176 643; x_wconf 90' lang='lat' dir='ltr'><strong>ut</strong></span> <span class='ocrx_word' id='word_1_125' title='bbox 3207 588 3457 645; x_wconf 87' lang='lat' dir='ltr'><strong>Cosmam</strong></span> <span class='ocrx_word' id='word_1_126' title='bbox 3491 607 3557 646; x_wconf 83' lang='lat' dir='ltr'><strong>ac</strong></span> 
     </span>
    </p>
   </div>
   <div class='ocr_carea' id='block_1_21' title="bbox 1975 681 3558 753">
    <p class='ocr_par' dir='ltr' id='par_1_21' title="bbox 1975 681 3558 753">
     <span class='ocr_line' id='line_1_21' title="bbox 1975 681 3558 753; baseline 0.001 -16"><span class='ocrx_word' id='word_1_127' title='bbox 1975 681 2335 738; x_wconf 86' lang='lat' dir='ltr'><strong>Severianum</strong></span> <span class='ocrx_word' id='word_1_128' title='bbox 2362 682 2589 737; x_wconf 87' lang='lat' dir='ltr'><strong>sedibus</strong></span> <span class='ocrx_word' id='word_1_129' title='bbox 2620 682 2736 735; x_wconf 88' lang='lat' dir='ltr'><strong>suis</strong></span> <span class='ocrx_word' id='word_1_130' title='bbox 2769 681 3092 751; x_wconf 73' lang='lat' dir='ltr'><strong>expelleret,</strong></span> <span class='ocrx_word' id='word_1_131' title='bbox 3123 697 3191 735; x_wconf 87' lang='lat' dir='ltr'><strong>eo</strong></span> <span class='ocrx_word' id='word_1_132' title='bbox 3214 683 3360 750; x_wconf 90' lang='lat' dir='ltr'><strong>quod</strong></span> <span class='ocrx_word' id='word_1_133' title='bbox 3389 683 3558 753; x_wconf 85' lang='lat' dir='ltr'><strong>depo-</strong></span> 
     </span>
    </p>
   </div>
   <div class='ocr_carea' id='block_1_22' title="bbox 1973 771 3553 829">
    <p class='ocr_par' dir='ltr' id='par_1_22' title="bbox 1973 771 3553 829">
     <span class='ocr_line' id='line_1_22' title="bbox 1973 771 3553 829; baseline 0 -2"><span class='ocrx_word' id='word_1_134' title='bbox 1973 773 2192 828; x_wconf 87' lang='lat' dir='ltr'><strong>sitionis</strong></span> <span class='ocrx_word' id='word_1_135' title='bbox 2224 773 2469 828; x_wconf 88' lang='lat' dir='ltr'><strong>libellum</strong></span> <span class='ocrx_word' id='word_1_136' title='bbox 2519 771 2585 825; x_wconf 90' lang='lat' dir='ltr'><strong>ad</strong></span> <span class='ocrx_word' id='word_1_137' title='bbox 2635 771 2898 829; x_wconf 82' lang='lat' dir='ltr'><strong>Severum</strong></span> <span class='ocrx_word' id='word_1_138' title='bbox 2951 771 3166 825; x_wconf 77' lang='lat' dir='ltr'><strong>mittere</strong></span> <span class='ocrx_word' id='word_1_139' title='bbox 3196 773 3315 826; x_wconf 86' lang='lat' dir='ltr'><strong>ausi</strong></span> <span class='ocrx_word' id='word_1_140' title='bbox 3350 782 3553 828; x_wconf 88' lang='lat' dir='ltr'><strong>essent.</strong></span> 
     </span>
    </p>
   </div>
   <div class='ocr_carea' id='block_1_23' title="bbox 1974 861 3555 930">
    <p class='ocr_par' dir='ltr' id='par_1_23' title="bbox 1974 861 3555 930">
     <span class='ocr_line' id='line_1_23' title="bbox 1974 861 3555 930; baseline 0.001 -14"><span class='ocrx_word' id='word_1_141' title='bbox 1974 863 2077 928; x_wconf 85' lang='lat' dir='ltr'><strong>Qui</strong></span> <span class='ocrx_word' id='word_1_142' title='bbox 2109 880 2234 919; x_wconf 89' lang='lat' dir='ltr'><strong>cum</strong></span> <span class='ocrx_word' id='word_1_143' title='bbox 2265 863 2330 916; x_wconf 86' lang='lat' dir='ltr'><strong>ad</strong></span> <span class='ocrx_word' id='word_1_144' title='bbox 2365 861 2608 917; x_wconf 80' lang='lat' dir='ltr'><strong>Orientis</strong></span> <span class='ocrx_word' id='word_1_145' title='bbox 2656 871 2838 930; x_wconf 88' lang='lat' dir='ltr'><strong>partes</strong></span> <span class='ocrx_word' id='word_1_146' title='bbox 2869 861 3134 928; x_wconf 81' lang='lat' dir='ltr'><strong>venisset,</strong></span> <span class='ocrx_word' id='word_1_147' title='bbox 3160 872 3217 916; x_wconf 88' lang='lat' dir='ltr'><strong>et</strong></span> <span class='ocrx_word' id='word_1_148' title='bbox 3249 861 3555 917; x_wconf 84' lang='lat' dir='ltr'><strong>doctrinam</strong></span> 
     </span>
    </p>
   </div>
   <div class='ocr_carea' id='block_1_24' title="bbox 1974 953 3554 1023">
    <p class='ocr_par' dir='ltr' id='par_1_24' title="bbox 1974 953 3554 1023">
     <span class='ocr_line' id='line_1_24' title="bbox 1974 953 3554 1023; baseline -0.001 -13"><span class='ocrx_word' id='word_1_149' title='bbox 1974 953 2185 1010; x_wconf 71' lang='lat' dir='ltr'><strong>Cosmae</strong></span> <span class='ocrx_word' id='word_1_150' title='bbox 2227 971 2291 1010; x_wconf 90' lang='lat' dir='ltr'><strong>ac</strong></span> <span class='ocrx_word' id='word_1_151' title='bbox 2337 954 2618 1009; x_wconf 89' lang='lat' dir='ltr'><strong>Severiani</strong></span> <span class='ocrx_word' id='word_1_152' title='bbox 2667 972 2696 1010; x_wconf 91' lang='lat' dir='ltr'><strong>a</strong></span> <span class='ocrx_word' id='word_1_153' title='bbox 2743 955 2930 1010; x_wconf 89' lang='lat' dir='ltr'><strong>multis</strong></span> <span class='ocrx_word' id='word_1_154' title='bbox 2969 953 3189 1008; x_wconf 78' lang='lat' dir='ltr'><strong>defendi</strong></span> <span class='ocrx_word' id='word_1_155' title='bbox 3241 955 3554 1023; x_wconf 88' lang='lat' dir='ltr'><strong>reperisset,</strong></span> 
     </span>
    </p>
   </div>
   <div class='ocr_carea' id='block_1_25' title="bbox 1977 1043 3556 1114">
    <p class='ocr_par' dir='ltr' id='par_1_25' title="bbox 1977 1043 3556 1114">
     <span class='ocr_line' id='line_1_25' title="bbox 1977 1043 3556 1114; baseline 0 -17"><span class='ocrx_word' id='word_1_156' title='bbox 1977 1046 2251 1114; x_wconf 84' lang='lat' dir='ltr'><strong>urbesque</strong></span> <span class='ocrx_word' id='word_1_157' title='bbox 2284 1045 2503 1099; x_wconf 89' lang='lat' dir='ltr'><strong>illorum</strong></span> <span class='ocrx_word' id='word_1_158' title='bbox 2549 1045 2846 1098; x_wconf 86' lang='lat' dir='ltr'><strong>admodum</strong></span> <span class='ocrx_word' id='word_1_159' title='bbox 2891 1053 3116 1099; x_wconf 87' lang='lat' dir='ltr'><strong>strenue</strong></span> <span class='ocrx_word' id='word_1_160' title='bbox 3153 1058 3255 1114; x_wconf 90' lang='lat' dir='ltr'><strong>pro</strong></span> <span class='ocrx_word' id='word_1_161' title='bbox 3287 1045 3403 1098; x_wconf 87' lang='lat' dir='ltr'><strong>suis</strong></span> <span class='ocrx_word' id='word_1_162' title='bbox 3435 1043 3556 1112; x_wconf 88' lang='lat' dir='ltr'><strong>epi-</strong></span> 
     </span>
    </p>
   </div>
   <div class='ocr_carea' id='block_1_26' title="bbox 1977 1138 3556 1207">
    <p class='ocr_par' dir='ltr' id='par_1_26' title="bbox 1977 1138 3556 1207">
     <span class='ocr_line' id='line_1_26' title="bbox 1977 1138 3556 1207; baseline 0.001 -17"><span class='ocrx_word' id='word_1_163' title='bbox 1977 1138 2158 1206; x_wconf 76' lang='lat' dir='ltr'><strong>scopis</strong></span> <span class='ocrx_word' id='word_1_164' title='bbox 2182 1153 2544 1207; x_wconf 78' lang='lat' dir='ltr'><strong>propugnare,</strong></span> <span class='ocrx_word' id='word_1_165' title='bbox 2570 1139 2756 1192; x_wconf 89' lang='lat' dir='ltr'><strong>retulit</strong></span> <span class='ocrx_word' id='word_1_166' title='bbox 2783 1139 2848 1192; x_wconf 87' lang='lat' dir='ltr'><strong>ad</strong></span> <span class='ocrx_word' id='word_1_167' title='bbox 2875 1139 3242 1202; x_wconf 82' lang='lat' dir='ltr'><strong>Anastasium,</strong></span> <span class='ocrx_word' id='word_1_168' title='bbox 3266 1138 3556 1206; x_wconf 80' lang='lat' dir='ltr'><strong>episcopos</strong></span> 
     </span>
    </p>
   </div>
   <div class='ocr_carea' id='block_1_27' title="bbox 1979 1229 3554 1298">
    <p class='ocr_par' dir='ltr' id='par_1_27' title="bbox 1979 1229 3554 1298">
     <span class='ocr_line' id='line_1_27' title="bbox 1979 1229 3554 1298; baseline 0 -16"><span class='ocrx_word' id='word_1_169' title='bbox 1979 1230 2112 1282; x_wconf 92' lang='lat' dir='ltr'><strong>istos</strong></span> <span class='ocrx_word' id='word_1_170' title='bbox 2156 1229 2395 1298; x_wconf 70' lang='lat' dir='ltr'><strong>propriis</strong></span> <span class='ocrx_word' id='word_1_171' title='bbox 2442 1231 2666 1284; x_wconf 81' lang='lat' dir='ltr'><strong>sedibus</strong></span> <span class='ocrx_word' id='word_1_172' title='bbox 2706 1229 2985 1283; x_wconf 82' lang='lat' dir='ltr'><strong>exturbari</strong></span> <span class='ocrx_word' id='word_1_173' title='bbox 3023 1232 3160 1284; x_wconf 90' lang='lat' dir='ltr'><strong>citra</strong></span> <span class='ocrx_word' id='word_1_174' title='bbox 3207 1229 3411 1286; x_wconf 57' lang='lat' dir='ltr'><strong>eadem</strong></span> <span class='ocrx_word' id='word_1_175' title='bbox 3447 1243 3554 1282; x_wconf 90' lang='lat' dir='ltr'><strong>non</strong></span> 
     </span>
    </p>
   </div>
   <div class='ocr_carea' id='block_1_28' title="bbox 1978 1319 3560 1389">
    <p class='ocr_par' dir='ltr' id='par_1_28' title="bbox 1978 1319 3560 1389">
     <span class='ocr_line' id='line_1_28' title="bbox 1978 1319 3560 1389; baseline -0.001 -16"><span class='ocrx_word' id='word_1_176' title='bbox 1978 1335 2159 1389; x_wconf 83' lang='lat' dir='ltr'><strong>posse.</strong></span> <span class='ocrx_word' id='word_1_177' title='bbox 2209 1319 2442 1373; x_wconf 88' lang='lat' dir='ltr'><strong>Tantum</strong></span> <span class='ocrx_word' id='word_1_178' title='bbox 2492 1335 2658 1389; x_wconf 89' lang='lat' dir='ltr'><strong>porro</strong></span> <span class='ocrx_word' id='word_1_179' title='bbox 2699 1320 3058 1374; x_wconf 79' lang='lat' dir='ltr'><strong>humanitatis</strong></span> <span class='ocrx_word' id='word_1_180' title='bbox 3102 1323 3282 1374; x_wconf 88' lang='lat' dir='ltr'><strong>inerat</strong></span> <span class='ocrx_word' id='word_1_181' title='bbox 3327 1320 3378 1373; x_wconf 91' lang='lat' dir='ltr'><strong>in</strong></span> <span class='ocrx_word' id='word_1_182' title='bbox 3414 1319 3560 1373; x_wconf 82' lang='lat' dir='ltr'><strong>Ana-</strong></span> 
     </span>
    </p>
   </div>
   <div class='ocr_carea' id='block_1_29' title="bbox 1978 1410 3559 1479">
    <p class='ocr_par' dir='ltr' id='par_1_29' title="bbox 1978 1410 3559 1479">
     <span class='ocr_line' id='line_1_29' title="bbox 1978 1410 3559 1479; baseline -0.001 -15"><span class='ocrx_word' id='word_1_183' title='bbox 1978 1411 2165 1476; x_wconf 90' lang='lat' dir='ltr'><strong>stasio,</strong></span> <span class='ocrx_word' id='word_1_184' title='bbox 2207 1420 2264 1464; x_wconf 91' lang='lat' dir='ltr'><strong>ut</strong></span> <span class='ocrx_word' id='word_1_185' title='bbox 2294 1411 2498 1465; x_wconf 91' lang='lat' dir='ltr'><strong>diserte</strong></span> <span class='ocrx_word' id='word_1_186' title='bbox 2543 1411 2608 1464; x_wconf 91' lang='lat' dir='ltr'><strong>ad</strong></span> <span class='ocrx_word' id='word_1_187' title='bbox 2653 1411 2954 1466; x_wconf 79' lang='lat' dir='ltr'><strong>Asiaticum</strong></span> <span class='ocrx_word' id='word_1_188' title='bbox 3004 1411 3366 1479; x_wconf 87' lang='lat' dir='ltr'><strong>rescripserit,</strong></span> <span class='ocrx_word' id='word_1_189' title='bbox 3415 1410 3559 1464; x_wconf 82' lang='lat' dir='ltr'><strong>nolle</strong></span> 
     </span>
    </p>
   </div>
   <div class='ocr_carea' id='block_1_30' title="bbox 1977 1501 3556 1572">
    <p class='ocr_par' dir='ltr' id='par_1_30' title="bbox 1977 1501 3556 1572">
     <span class='ocr_line' id='line_1_30' title="bbox 1977 1501 3556 1572; baseline -0.001 -16"><span class='ocrx_word' id='word_1_190' title='bbox 1977 1516 2037 1556; x_wconf 89' lang='lat' dir='ltr'><strong>se</strong></span> <span class='ocrx_word' id='word_1_191' title='bbox 2063 1502 2360 1570; x_wconf 77' lang='lat' dir='ltr'><strong>quidquam</strong></span> <span class='ocrx_word' id='word_1_192' title='bbox 2402 1502 2466 1555; x_wconf 89' lang='lat' dir='ltr'><strong>ad</strong></span> <span class='ocrx_word' id='word_1_193' title='bbox 2500 1503 2706 1558; x_wconf 80' lang='lat' dir='ltr'><strong>exitum</strong></span> <span class='ocrx_word' id='word_1_194' title='bbox 2743 1501 2993 1572; x_wconf 90' lang='lat' dir='ltr'><strong>perduci,</strong></span> <span class='ocrx_word' id='word_1_195' title='bbox 3019 1503 3270 1570; x_wconf 81' lang='lat' dir='ltr'><strong>quamvis</strong></span> <span class='ocrx_word' id='word_1_196' title='bbox 3305 1517 3556 1570; x_wconf 81' lang='lat' dir='ltr'><strong>magnum</strong></span> 
     </span>
    </p>
   </div>
   <div class='ocr_carea' id='block_1_31' title="bbox 1977 1592 3559 1663">
    <p class='ocr_par' dir='ltr' id='par_1_31' title="bbox 1977 1592 3559 1663">
     <span class='ocr_line' id='line_1_31' title="bbox 1977 1592 3559 1663; baseline 0 -17"><span class='ocrx_word' id='word_1_197' title='bbox 1977 1599 2142 1661; x_wconf 85' lang='lat' dir='ltr'><strong>atque</strong></span> <span class='ocrx_word' id='word_1_198' title='bbox 2171 1592 2452 1656; x_wconf 90' lang='lat' dir='ltr'><strong>eximium,</strong></span> <span class='ocrx_word' id='word_1_199' title='bbox 2492 1593 2535 1646; x_wconf 91' lang='lat' dir='ltr'><strong>si</strong></span> <span class='ocrx_word' id='word_1_200' title='bbox 2585 1593 2670 1647; x_wconf 89' lang='lat' dir='ltr'><strong>vel</strong></span> <span class='ocrx_word' id='word_1_201' title='bbox 2717 1603 2869 1662; x_wconf 86' lang='lat' dir='ltr'><strong>gutta</strong></span> <span class='ocrx_word' id='word_1_202' title='bbox 2905 1593 3189 1663; x_wconf 79' lang='lat' dir='ltr'><strong>sanguinis</strong></span> <span class='ocrx_word' id='word_1_203' title='bbox 3227 1592 3559 1646; x_wconf 78' lang='lat' dir='ltr'><strong>effundenda</strong></span> 
     </span>
    </p>
   </div>
   <div class='ocr_carea' id='block_1_32' title="bbox 1977 1683 3560 1754">
    <p class='ocr_par' dir='ltr' id='par_1_32' title="bbox 1977 1683 3560 1754">
     <span class='ocr_line' id='line_1_32' title="bbox 1977 1683 3560 1754; baseline -0.001 -16"><span class='ocrx_word' id='word_1_204' title='bbox 1977 1692 2140 1738; x_wconf 86' lang='lat' dir='ltr'><strong>esset.</strong></span> <span class='ocrx_word' id='word_1_205' title='bbox 2175 1683 2282 1738; x_wconf 78' lang='lat' dir='ltr'><strong>Res</strong></span> <span class='ocrx_word' id='word_1_206' title='bbox 2309 1684 2474 1754; x_wconf 80' lang='lat' dir='ltr'><strong>igitur</strong></span> <span class='ocrx_word' id='word_1_207' title='bbox 2497 1684 2881 1739; x_wconf 57' lang='lat' dir='ltr'><strong>ecclesiasticae</strong></span> <span class='ocrx_word' id='word_1_208' title='bbox 2913 1700 3010 1754; x_wconf 89' lang='lat' dir='ltr'><strong>per</strong></span> <span class='ocrx_word' id='word_1_209' title='bbox 3039 1684 3358 1737; x_wconf 88' lang='lat' dir='ltr'><strong>universum</strong></span> <span class='ocrx_word' id='word_1_210' title='bbox 3387 1691 3560 1736; x_wconf 90' lang='lat' dir='ltr'><strong>terra-</strong></span> 
     </span>
    </p>
   </div>
   <div class='ocr_carea' id='block_1_33' title="bbox 1982 1771 3561 1842">
    <p class='ocr_par' dir='ltr' id='par_1_33' title="bbox 1982 1771 3561 1842">
     <span class='ocr_line' id='line_1_33' title="bbox 1982 1771 3561 1842; baseline 0.001 -17"><span class='ocrx_word' id='word_1_211' title='bbox 1982 1787 2102 1825; x_wconf 89' lang='lat' dir='ltr'><strong>rum</strong></span> <span class='ocrx_word' id='word_1_212' title='bbox 2139 1771 2331 1825; x_wconf 86' lang='lat' dir='ltr'><strong>orhem</strong></span> <span class='ocrx_word' id='word_1_213' title='bbox 2365 1771 2470 1825; x_wconf 92' lang='lat' dir='ltr'><strong>hoc</strong></span> <span class='ocrx_word' id='word_1_214' title='bbox 2510 1772 2565 1825; x_wconf 91' lang='lat' dir='ltr'><strong>in</strong></span> <span class='ocrx_word' id='word_1_215' title='bbox 2610 1781 2753 1826; x_wconf 92' lang='lat' dir='ltr'><strong>statu</strong></span> <span class='ocrx_word' id='word_1_216' title='bbox 2789 1781 2946 1827; x_wconf 90' lang='lat' dir='ltr'><strong>erant</strong></span> <span class='ocrx_word' id='word_1_217' title='bbox 2982 1789 3154 1842; x_wconf 91' lang='lat' dir='ltr'><strong>usque</strong></span> <span class='ocrx_word' id='word_1_218' title='bbox 3188 1773 3254 1826; x_wconf 88' lang='lat' dir='ltr'><strong>ad</strong></span> <span class='ocrx_word' id='word_1_219' title='bbox 3286 1772 3561 1842; x_wconf 82' lang='lat' dir='ltr'><strong>principa-</strong></span> 
     </span>
    </p>
   </div>
   <div class='ocr_carea' id='block_1_34' title="bbox 295 1857 1876 1943">
    <p class='ocr_par' dir='ltr' id='par_1_34' title="bbox 295 1868 1870 1943">
     <span class='ocr_line' id='line_1_34' title="bbox 295 1868 1870 1943; baseline 0.004 -24"><span class='ocrx_word' id='word_1_220' title='bbox 295 1868 435 1920; x_wconf 73' lang='grc' dir='ltr'>εἶλον</span> <span class='ocrx_word' id='word_1_221' title='bbox 496 1868 694 1923; x_wconf 78' lang='grc' dir='ltr'>δέλτων</span> <span class='ocrx_word' id='word_1_222' title='bbox 713 1886 728 1901; x_wconf 77' lang='grc' dir='ltr'><strong>ο</strong></span> <span class='ocrx_word' id='word_1_223' title='bbox 775 1871 833 1925; x_wconf 87' lang='grc' dir='ltr'><strong>ἐν</strong></span> <span class='ocrx_word' id='word_1_224' title='bbox 861 1870 920 1924; x_wconf 71' lang='grc' dir='ltr'>δὲ</span> <span class='ocrx_word' id='word_1_225' title='bbox 948 1872 1059 1934; x_wconf 84' lang='grc' dir='ltr'>τοῖς</span> <span class='ocrx_word' id='word_1_226' title='bbox 1092 1869 1484 1943; x_wconf 82' lang='grc' dir='ltr'>Ἰεροσολύμοις</span> <span class='ocrx_word' id='word_1_227' title='bbox 1503 1871 1597 1924; x_wconf 77' lang='grc' dir='ltr'>καὶ</span> <span class='ocrx_word' id='word_1_228' title='bbox 1616 1869 1724 1935; x_wconf 77' lang='grc' dir='ltr'><strong>ζῶν</strong></span> <span class='ocrx_word' id='word_1_229' title='bbox 1774 1873 1870 1926; x_wconf 66' lang='grc' dir='ltr'><strong>ἀνα</strong></span> 
     </span>
    </p>
   </div>
   <div class='ocr_carea' id='block_1_35' title="bbox 1979 1857 3562 1943">
    <p class='ocr_par' dir='ltr' id='par_1_35' title="bbox 1979 1863 3562 1936">
     <span class='ocr_line' id='line_1_35' title="bbox 1979 1863 3562 1936; baseline 0 -18"><span class='ocrx_word' id='word_1_230' title='bbox 1979 1873 2086 1918; x_wconf 89' lang='lat' dir='ltr'><strong>tum</strong></span> <span class='ocrx_word' id='word_1_231' title='bbox 2121 1864 2415 1918; x_wconf 76' lang='lat' dir='ltr'><strong>Anastasii.</strong></span> <span class='ocrx_word' id='word_1_232' title='bbox 2445 1863 2616 1930; x_wconf 85' lang='lat' dir='ltr'><strong>Quem</strong></span> <span class='ocrx_word' id='word_1_233' title='bbox 2653 1865 2904 1919; x_wconf 87' lang='lat' dir='ltr'><strong>nonnulli</strong></span> <span class='ocrx_word' id='word_1_234' title='bbox 2969 1880 3096 1920; x_wconf 90' lang='lat' dir='ltr'><strong>cum</strong></span> <span class='ocrx_word' id='word_1_235' title='bbox 3158 1865 3352 1936; x_wconf 89' lang='lat' dir='ltr'><strong>synodi</strong></span> <span class='ocrx_word' id='word_1_236' title='bbox 3395 1863 3562 1935; x_wconf 77' lang='lat'><strong>369</strong></span> 
     </span>
    </p>
   </div>
   <div class='ocr_carea' id='block_1_36' title="bbox 304 1959 664 2037">
    <p class='ocr_par' dir='ltr' id='par_1_36' title="bbox 304 1959 664 2037">
     <span class='ocr_line' id='line_1_36' title="bbox 304 1959 664 2037; baseline -0.003 -22"><span class='ocrx_word' id='word_1_237' title='bbox 304 1959 664 2037; x_wconf 63' lang='lat' dir='ltr'><strong>tetpazicreq.</strong></span> 
     </span>
    </p>
   </div>
   <div class='ocr_carea' id='block_1_37' title="bbox 863 2254 1299 2312">
    <p class='ocr_par' dir='ltr' id='par_1_37' title="bbox 863 2254 1299 2312">
     <span class='ocr_line' id='line_1_37' title="bbox 863 2254 1299 2312; baseline 0 -2"><span class='ocrx_word' id='word_1_238' title='bbox 863 2257 1122 2312; x_wconf 77' lang='grc' dir='ltr'><strong>ΚΕΦΑΛ.</strong></span> <span class='ocrx_word' id='word_1_239' title='bbox 1175 2254 1299 2310; x_wconf 84' lang='lat' dir='ltr'><strong>AE&#39;.</strong></span> 
     </span>
    </p>
   </div>
   <div class='ocr_carea' id='block_1_38' title="bbox 297 2347 1873 2418">
    <p class='ocr_par' dir='ltr' id='par_1_38' title="bbox 297 2347 1873 2418">
     <span class='ocr_line' id='line_1_38' title="bbox 297 2347 1873 2418; baseline -0.004 -11"><span class='ocrx_word' id='word_1_240' title='bbox 297 2349 440 2418; x_wconf 75' lang='grc' dir='ltr'>Περὶ</span> <span class='ocrx_word' id='word_1_241' title='bbox 469 2348 580 2417; x_wconf 80' lang='grc' dir='ltr'>τῆς</span> <span class='ocrx_word' id='word_1_242' title='bbox 612 2349 732 2404; x_wconf 75' lang='grc' dir='ltr'><strong>τῶν</strong></span> <span class='ocrx_word' id='word_1_243' title='bbox 763 2350 1081 2418; x_wconf 79' lang='grc' dir='ltr'>τυράννων</span> <span class='ocrx_word' id='word_1_244' title='bbox 1121 2347 1407 2415; x_wconf 80' lang='grc' dir='ltr'>Ἰσαύρων</span> <span class='ocrx_word' id='word_1_245' title='bbox 1450 2347 1873 2416; x_wconf 80' lang='grc' dir='ltr'>καθαιρέσεως.</span> 
     </span>
    </p>
   </div>
   <div class='ocr_carea' id='block_1_39' title="bbox 363 2458 1875 2532">
    <p class='ocr_par' dir='ltr' id='par_1_39' title="bbox 363 2458 1875 2532">
     <span class='ocr_line' id='line_1_39' title="bbox 363 2458 1875 2532; baseline -0.001 -18"><span class='ocrx_word' id='word_1_246' title='bbox 363 2461 478 2514; x_wconf 81' lang='grc' dir='ltr'>υύκ</span> <span class='ocrx_word' id='word_1_247' title='bbox 506 2461 615 2514; x_wconf 73' lang='grc' dir='ltr'><strong>ἀπὸ</strong></span> <span class='ocrx_word' id='word_1_248' title='bbox 655 2461 710 2514; x_wconf 82' lang='grc' dir='ltr'>δὲ</span> <span class='ocrx_word' id='word_1_249' title='bbox 739 2461 944 2532; x_wconf 84' lang='grc' dir='ltr'>τρόπου</span> <span class='ocrx_word' id='word_1_250' title='bbox 979 2460 1102 2514; x_wconf 87' lang='grc' dir='ltr'>καθ’</span> <span class='ocrx_word' id='word_1_251' title='bbox 1131 2460 1197 2530; x_wconf 84' lang='grc' dir='ltr'>ἢν</span> <span class='ocrx_word' id='word_1_252' title='bbox 1227 2458 1490 2528; x_wconf 75' lang='grc' dir='ltr'>ἐτύχομεν</span> <span class='ocrx_word' id='word_1_253' title='bbox 1527 2461 1875 2528; x_wconf 74' lang='grc' dir='ltr'>προκαταθε-</span> 
     </span>
    </p>
   </div>
   <div class='ocr_carea' id='block_1_40' title="bbox 295 2545 1878 2617">
    <p class='ocr_par' dir='ltr' id='par_1_40' title="bbox 295 2545 1878 2617">
     <span class='ocr_line' id='line_1_40' title="bbox 295 2545 1878 2617; baseline 0.003 -21"><span class='ocrx_word' id='word_1_254' title='bbox 295 2545 559 2614; x_wconf 76' lang='grc' dir='ltr'>σληκότες</span> <span class='ocrx_word' id='word_1_255' title='bbox 592 2547 908 2617; x_wconf 81' lang='grc' dir='ltr'>ὑπόσχεσιν,</span> <span class='ocrx_word' id='word_1_256' title='bbox 961 2548 1054 2599; x_wconf 76' lang='grc' dir='ltr'><strong>καὶ</strong></span> <span class='ocrx_word' id='word_1_257' title='bbox 1105 2547 1174 2599; x_wconf 77' lang='grc' dir='ltr'>τὰ</span> <span class='ocrx_word' id='word_1_258' title='bbox 1208 2548 1374 2615; x_wconf 75' lang='grc' dir='ltr'>ἕτερα</span> <span class='ocrx_word' id='word_1_259' title='bbox 1410 2546 1569 2612; x_wconf 84' lang='grc' dir='ltr'>λόγου</span> <span class='ocrx_word' id='word_1_260' title='bbox 1604 2546 1732 2610; x_wconf 79' lang='grc' dir='ltr'>ἄξια</span> <span class='ocrx_word' id='word_1_261' title='bbox 1772 2548 1878 2600; x_wconf 83' lang='grc' dir='ltr'>ὑπὸ</span> 
     </span>
    </p>
   </div>
   <div class='ocr_carea' id='block_1_41' title="bbox 293 2639 1874 2713">
    <p class='ocr_par' dir='ltr' id='par_1_41' title="bbox 293 2639 1874 2713">
     <span class='ocr_line' id='line_1_41' title="bbox 293 2639 1874 2713; baseline 0.003 -23"><span class='ocrx_word' id='word_1_262' title='bbox 293 2639 409 2702; x_wconf 80' lang='grc' dir='ltr'>τοῖς</span> <span class='ocrx_word' id='word_1_263' title='bbox 441 2639 797 2692; x_wconf 84' lang='grc' dir='ltr'>Ἀναστασίου</span> <span class='ocrx_word' id='word_1_264' title='bbox 827 2639 1040 2709; x_wconf 84' lang='grc' dir='ltr'>χρόνοις</span> <span class='ocrx_word' id='word_1_265' title='bbox 1063 2639 1376 2709; x_wconf 77' lang='grc' dir='ltr'>γενομένοις</span> <span class='ocrx_word' id='word_1_266' title='bbox 1407 2640 1518 2707; x_wconf 83' lang='grc' dir='ltr'><strong>(Π)</strong></span> <span class='ocrx_word' id='word_1_267' title='bbox 1548 2640 1786 2709; x_wconf 66' lang='grc' dir='ltr'>συνάψαι</span> <span class='ocrx_word' id='word_1_268' title='bbox 1808 2644 1874 2713; x_wconf 80' lang='grc' dir='ltr'>τῇ</span> 
     </span>
    </p>
   </div>
   <div class='ocr_carea' id='block_1_42' title="bbox 295 2729 1880 2801">
    <p class='ocr_par' dir='ltr' id='par_1_42' title="bbox 295 2729 1880 2801">
     <span class='ocr_line' id='line_1_42' title="bbox 295 2729 1880 2801; baseline 0.004 -21"><span class='ocrx_word' id='word_1_269' title='bbox 295 2729 526 2799; x_wconf 67' lang='grc' dir='ltr'>ἱστορίᾳ.</span> <span class='ocrx_word' id='word_1_270' title='bbox 561 2731 823 2798; x_wconf 84' lang='grc' dir='ltr'>Λογγῖνος</span> <span class='ocrx_word' id='word_1_271' title='bbox 859 2731 888 2782; x_wconf 86' lang='grc' dir='ltr'><strong>ό</strong></span> <span class='ocrx_word' id='word_1_272' title='bbox 925 2731 1167 2800; x_wconf 79' lang='grc' dir='ltr'>Ζήνωνος</span> <span class='ocrx_word' id='word_1_273' title='bbox 1201 2731 1436 2799; x_wconf 80' lang='grc' dir='ltr'>ὅμαιμος</span> <span class='ocrx_word' id='word_1_274' title='bbox 1475 2731 1566 2800; x_wconf 83' lang='lat' dir='ltr'><strong>(e),</strong></span> <span class='ocrx_word' id='word_1_275' title='bbox 1600 2731 1695 2800; x_wconf 76' lang='grc' dir='ltr'><strong>τὴν</strong></span> <span class='ocrx_word' id='word_1_276' title='bbox 1727 2733 1880 2801; x_wconf 81' lang='grc' dir='ltr'>ἐνεγ-</span> 
     </span>
    </p>
   </div>
   <div class='ocr_carea' id='block_1_43' title="bbox 298 2820 1878 2895">
    <p class='ocr_par' dir='ltr' id='par_1_43' title="bbox 298 2820 1878 2895">
     <span class='ocr_line' id='line_1_43' title="bbox 298 2820 1878 2895; baseline 0.003 -23"><span class='ocrx_word' id='word_1_277' title='bbox 298 2821 542 2891; x_wconf 79' lang='grc' dir='ltr'>καμένην</span> <span class='ocrx_word' id='word_1_278' title='bbox 566 2820 642 2884; x_wconf 82' lang='grc' dir='ltr'>ὡς</span> <span class='ocrx_word' id='word_1_279' title='bbox 673 2822 1095 2891; x_wconf 76' lang='grc' dir='ltr'>προδεδιήγηται</span> <span class='ocrx_word' id='word_1_280' title='bbox 1121 2820 1485 2889; x_wconf 75' lang='grc' dir='ltr'>κατειληφὼς,</span> <span class='ocrx_word' id='word_1_281' title='bbox 1507 2824 1596 2875; x_wconf 78' lang='grc' dir='ltr'><strong>τὸν</strong></span> <span class='ocrx_word' id='word_1_282' title='bbox 1622 2825 1758 2895; x_wconf 75' lang='grc' dir='ltr'>πρὸς</span> <span class='ocrx_word' id='word_1_283' title='bbox 1787 2825 1878 2878; x_wconf 79' lang='grc' dir='ltr'><strong>τὸν</strong></span> 
     </span>
    </p>
   </div>
   <div class='ocr_carea' id='block_1_44' title="bbox 297 2911 1882 2983">
    <p class='ocr_par' dir='ltr' id='par_1_44' title="bbox 297 2911 1882 2983">
     <span class='ocr_line' id='line_1_44' title="bbox 297 2911 1882 2983; baseline 0.003 -19"><span class='ocrx_word' id='word_1_284' title='bbox 297 2911 674 2982; x_wconf 75' lang='grc' dir='ltr'>αὐτοκράτορα</span> <span class='ocrx_word' id='word_1_285' title='bbox 720 2913 956 2983; x_wconf 89' lang='grc' dir='ltr'>πόλεμον</span> <span class='ocrx_word' id='word_1_286' title='bbox 1001 2914 1309 2980; x_wconf 64' lang='grc' dir='ltr'>ἁναφανδδν</span> <span class='ocrx_word' id='word_1_287' title='bbox 1340 2913 1734 2978; x_wconf 78' lang='grc' dir='ltr'>ἁναζώννυται.</span> <span class='ocrx_word' id='word_1_288' title='bbox 1769 2917 1882 2970; x_wconf 76' lang='grc' dir='ltr'>Καὶ</span> 
     </span>
    </p>
   </div>
   <div class='ocr_carea' id='block_1_45' title="bbox 298 3002 1882 3077">
    <p class='ocr_par' dir='ltr' id='par_1_45' title="bbox 298 3002 1882 3077">
     <span class='ocr_line' id='line_1_45' title="bbox 298 3002 1882 3077; baseline 0.004 -20"><span class='ocrx_word' id='word_1_289' title='bbox 298 3002 511 3057; x_wconf 78' lang='grc' dir='ltr'><strong>πολλῶν</strong></span> <span class='ocrx_word' id='word_1_290' title='bbox 563 3003 718 3056; x_wconf 74' lang='grc' dir='ltr'>ἔνθεν</span> <span class='ocrx_word' id='word_1_291' title='bbox 763 3021 821 3058; x_wconf 76' lang='grc' dir='ltr'><strong>τε</strong></span> <span class='ocrx_word' id='word_1_292' title='bbox 877 3006 1132 3059; x_wconf 76' lang='grc' dir='ltr'>κάκεῖθεν</span> <span class='ocrx_word' id='word_1_293' title='bbox 1184 3007 1674 3077; x_wconf 80' lang='grc' dir='ltr'>συναθροισθεισῶν</span> <span class='ocrx_word' id='word_1_294' title='bbox 1724 3010 1882 3064; x_wconf 81' lang='grc' dir='ltr'>δυνά-</span> 
     </span>
    </p>
   </div>
   <div class='ocr_carea' id='block_1_46' title="bbox 303 3088 1881 3166">
    <p class='ocr_par' dir='ltr' id='par_1_46' title="bbox 303 3088 1881 3166">
     <span class='ocr_line' id='line_1_46' title="bbox 303 3088 1881 3166; baseline 0.007 -23"><span class='ocrx_word' id='word_1_295' title='bbox 303 3109 469 3161; x_wconf 81' lang='grc' dir='ltr'>μεων,</span> <span class='ocrx_word' id='word_1_296' title='bbox 503 3093 623 3162; x_wconf 82' lang='grc' dir='ltr'>μεθ’</span> <span class='ocrx_word' id='word_1_297' title='bbox 649 3088 723 3148; x_wconf 82' lang='grc' dir='ltr'>ὧν</span> <span class='ocrx_word' id='word_1_298' title='bbox 769 3095 865 3148; x_wconf 82' lang='grc' dir='ltr'>καί</span> <span class='ocrx_word' id='word_1_299' title='bbox 903 3097 1090 3149; x_wconf 86' lang='grc' dir='ltr'>Κόνων</span> <span class='ocrx_word' id='word_1_300' title='bbox 1117 3097 1417 3166; x_wconf 68' lang='grc' dir='ltr'>ἐτύγχανεν</span> <span class='ocrx_word' id='word_1_301' title='bbox 1452 3097 1548 3163; x_wconf 81' lang='grc' dir='ltr'>ὢν,</span> <span class='ocrx_word' id='word_1_302' title='bbox 1586 3099 1881 3164; x_wconf 80' lang='grc' dir='ltr'>ἐπίσκοπος</span> 
     </span>
    </p>
   </div>
   <div class='ocr_carea' id='block_1_47' title="bbox 1971 1955 3559 2029">
    <p class='ocr_par' dir='ltr' id='par_1_47' title="bbox 1971 1955 3559 2029">
     <span class='ocr_line' id='line_1_47' title="bbox 1971 1955 3559 2029; baseline 0.001 -19"><span class='ocrx_word' id='word_1_303' title='bbox 1971 1955 2434 2011; x_wconf 85' lang='lat' dir='ltr'><strong>Chalcedonensis</strong></span> <span class='ocrx_word' id='word_1_304' title='bbox 2469 1956 2753 2011; x_wconf 88' lang='lat' dir='ltr'><strong>inimicum</strong></span> <span class='ocrx_word' id='word_1_305' title='bbox 2801 1973 2922 2013; x_wconf 80' lang='lat' dir='ltr'><strong>esse</strong></span> <span class='ocrx_word' id='word_1_306' title='bbox 2965 1959 3326 2029; x_wconf 88' lang='lat' dir='ltr'><strong>judicassent,</strong></span> <span class='ocrx_word' id='word_1_307' title='bbox 3359 1972 3559 2012; x_wconf 84' lang='lat' dir='ltr'><strong>nomen</strong></span> 
     </span>
    </p>
   </div>
   <div class='ocr_carea' id='block_1_48' title="bbox 1973 2049 3560 2123">
    <p class='ocr_par' dir='ltr' id='par_1_48' title="bbox 1973 2049 3560 2123">
     <span class='ocr_line' id='line_1_48' title="bbox 1973 2049 3560 2123; baseline 0.001 -19"><span class='ocrx_word' id='word_1_308' title='bbox 1973 2050 2093 2120; x_wconf 87' lang='lat' dir='ltr'><strong>ejus</strong></span> <span class='ocrx_word' id='word_1_309' title='bbox 2125 2065 2191 2103; x_wconf 87' lang='lat' dir='ltr'><strong>ex</strong></span> <span class='ocrx_word' id='word_1_310' title='bbox 2238 2049 2407 2104; x_wconf 87' lang='lat' dir='ltr'><strong>sacris</strong></span> <span class='ocrx_word' id='word_1_311' title='bbox 2455 2050 2660 2104; x_wconf 87' lang='lat' dir='ltr'><strong>tabulis</strong></span> <span class='ocrx_word' id='word_1_312' title='bbox 2702 2061 3119 2121; x_wconf 77' lang='lat' dir='ltr'><strong>expunxerunt;</strong></span> <span class='ocrx_word' id='word_1_313' title='bbox 3167 2051 3560 2123; x_wconf 77' lang='lat' dir='ltr'><strong>Hierosolymis</strong></span> 
     </span>
    </p>
   </div>
   <div class='ocr_carea' id='block_1_49' title="bbox 1975 2141 3485 2210">
    <p class='ocr_par' dir='ltr' id='par_1_49' title="bbox 1975 2141 3485 2210">
     <span class='ocr_line' id='line_1_49' title="bbox 1975 2141 3485 2210; baseline 0.001 -17"><span class='ocrx_word' id='word_1_314' title='bbox 1975 2155 2105 2195; x_wconf 90' lang='lat' dir='ltr'><strong>vero</strong></span> <span class='ocrx_word' id='word_1_315' title='bbox 2133 2141 2301 2195; x_wconf 87' lang='lat' dir='ltr'><strong>etiam</strong></span> <span class='ocrx_word' id='word_1_316' title='bbox 2331 2141 2491 2196; x_wconf 82' lang='lat' dir='ltr'><strong>vivus</strong></span> <span class='ocrx_word' id='word_1_317' title='bbox 2520 2156 2583 2196; x_wconf 92' lang='lat' dir='ltr'><strong>ac</strong></span> <span class='ocrx_word' id='word_1_318' title='bbox 2613 2143 2829 2210; x_wconf 88' lang='lat' dir='ltr'><strong>spirans</strong></span> <span class='ocrx_word' id='word_1_319' title='bbox 2862 2143 3352 2200; x_wconf 84' lang='lat' dir='ltr'><strong>anathematizatus</strong></span> <span class='ocrx_word' id='word_1_320' title='bbox 3379 2150 3485 2197; x_wconf 90' lang='lat' dir='ltr'><strong>est.</strong></span> 
     </span>
    </p>
   </div>
   <div class='ocr_carea' id='block_1_50' title="bbox 2565 2252 2974 2310">
    <p class='ocr_par' dir='ltr' id='par_1_50' title="bbox 2565 2252 2974 2310">
     <span class='ocr_line' id='line_1_50' title="bbox 2565 2252 2974 2310; baseline 0.005 -1"><span class='ocrx_word' id='word_1_321' title='bbox 2565 2252 2716 2309; x_wconf 85' lang='lat' dir='ltr'><strong>CAP.</strong></span> <span class='ocrx_word' id='word_1_322' title='bbox 2758 2253 2974 2310; x_wconf 80' lang='lat' dir='ltr'><strong>XXXV.</strong></span> 
     </span>
    </p>
   </div>
   <div class='ocr_carea' id='block_1_51' title="bbox 2257 2346 3274 2418">
    <p class='ocr_par' dir='ltr' id='par_1_51' title="bbox 2257 2346 3274 2418">
     <span class='ocr_line' id='line_1_51' title="bbox 2257 2346 3274 2418; baseline 0.003 -20"><span class='ocrx_word' id='word_1_323' title='bbox 2257 2346 2332 2398; x_wconf 85' lang='lat' dir='ltr'><strong>De</strong></span> <span class='ocrx_word' id='word_1_324' title='bbox 2352 2347 2606 2400; x_wconf 71' lang='lat' dir='ltr'><strong>exstincta</strong></span> <span class='ocrx_word' id='word_1_325' title='bbox 2628 2346 2940 2401; x_wconf 75' lang='lat' dir='ltr'><strong>Isaurorum</strong></span> <span class='ocrx_word' id='word_1_326' title='bbox 2971 2348 3274 2418; x_wconf 77' lang='lat' dir='ltr'><strong>tyrannide.</strong></span> 
     </span>
    </p>
   </div>
   <div class='ocr_carea' id='block_1_52' title="bbox 2047 2454 3560 2519">
    <p class='ocr_par' dir='ltr' id='par_1_52' title="bbox 2047 2454 3560 2519">
     <span class='ocr_line' id='line_1_52' title="bbox 2047 2454 3560 2519; baseline 0 -9"><span class='ocrx_word' id='word_1_327' title='bbox 2047 2456 2222 2510; x_wconf 85' lang='lat' dir='ltr'><strong>Porro</strong></span> <span class='ocrx_word' id='word_1_328' title='bbox 2275 2472 2384 2510; x_wconf 91' lang='lat' dir='ltr'><strong>non</strong></span> <span class='ocrx_word' id='word_1_329' title='bbox 2437 2455 2738 2510; x_wconf 86' lang='lat' dir='ltr'><strong>absurdum</strong></span> <span class='ocrx_word' id='word_1_330' title='bbox 2805 2454 2974 2510; x_wconf 89' lang='lat' dir='ltr'><strong>fuerit</strong></span> <span class='ocrx_word' id='word_1_331' title='bbox 3036 2455 3143 2510; x_wconf 92' lang='lat' dir='ltr'><strong>hoc</strong></span> <span class='ocrx_word' id='word_1_332' title='bbox 3211 2455 3353 2519; x_wconf 89' lang='lat' dir='ltr'><strong>loco,</strong></span> <span class='ocrx_word' id='word_1_333' title='bbox 3399 2455 3444 2509; x_wconf 81' lang='lat' dir='ltr'><strong>si</strong></span> <span class='ocrx_word' id='word_1_334' title='bbox 3471 2469 3560 2510; x_wconf 80' lang='lat' dir='ltr'><strong>res</strong></span> 
     </span>
    </p>
   </div>
   <div class='ocr_carea' id='block_1_53' title="bbox 1977 2544 3555 2616">
    <p class='ocr_par' dir='ltr' id='par_1_53' title="bbox 1977 2544 3555 2616">
     <span class='ocr_line' id='line_1_53' title="bbox 1977 2544 3555 2616; baseline -0.002 -16"><span class='ocrx_word' id='word_1_335' title='bbox 1977 2561 2196 2616; x_wconf 91' lang='lat' dir='ltr'><strong>quoque</strong></span> <span class='ocrx_word' id='word_1_336' title='bbox 2229 2547 2366 2601; x_wconf 86' lang='lat' dir='ltr'><strong>alias</strong></span> <span class='ocrx_word' id='word_1_337' title='bbox 2396 2555 2699 2600; x_wconf 87' lang='lat' dir='ltr'><strong>memoratu</strong></span> <span class='ocrx_word' id='word_1_338' title='bbox 2724 2545 2914 2615; x_wconf 81' lang='lat' dir='ltr'><strong>dignas</strong></span> <span class='ocrx_word' id='word_1_339' title='bbox 2945 2560 3066 2615; x_wconf 69' lang='lat' dir='ltr'><strong>quae</strong></span> <span class='ocrx_word' id='word_1_340' title='bbox 3097 2544 3368 2600; x_wconf 84' lang='lat' dir='ltr'><strong>Anastasii</strong></span> <span class='ocrx_word' id='word_1_341' title='bbox 3421 2553 3555 2598; x_wconf 90' lang='lat' dir='ltr'><strong>tem-</strong></span> 
     </span>
    </p>
   </div>
   <div class='ocr_carea' id='block_1_54' title="bbox 1979 2635 3556 2707">
    <p class='ocr_par' dir='ltr' id='par_1_54' title="bbox 1979 2635 3556 2707">
     <span class='ocr_line' id='line_1_54' title="bbox 1979 2635 3556 2707; baseline -0.001 -17"><span class='ocrx_word' id='word_1_342' title='bbox 1979 2638 2207 2707; x_wconf 87' lang='lat' dir='ltr'><strong>poribus</strong></span> <span class='ocrx_word' id='word_1_343' title='bbox 2257 2636 2600 2700; x_wconf 85' lang='lat' dir='ltr'><strong>aceiderunt,</strong></span> <span class='ocrx_word' id='word_1_344' title='bbox 2650 2637 2805 2706; x_wconf 85' lang='lat' dir='ltr'><strong>juxta</strong></span> <span class='ocrx_word' id='word_1_345' title='bbox 2853 2635 2904 2690; x_wconf 90' lang='lat' dir='ltr'><strong>id</strong></span> <span class='ocrx_word' id='word_1_346' title='bbox 2961 2635 3108 2706; x_wconf 84' lang='lat' dir='ltr'><strong>quod</strong></span> <span class='ocrx_word' id='word_1_347' title='bbox 3136 2645 3295 2690; x_wconf 88' lang='lat' dir='ltr'><strong>antea</strong></span> <span class='ocrx_word' id='word_1_348' title='bbox 3330 2637 3556 2706; x_wconf 87' lang='lat' dir='ltr'><strong>polliciti</strong></span> 
     </span>
    </p>
   </div>
   <div class='ocr_carea' id='block_1_55' title="bbox 1978 2727 3559 2798">
    <p class='ocr_par' dir='ltr' id='par_1_55' title="bbox 1978 2727 3559 2798">
     <span class='ocr_line' id='line_1_55' title="bbox 1978 2727 3559 2798; baseline -0.001 -14"><span class='ocrx_word' id='word_1_349' title='bbox 1978 2745 2190 2792; x_wconf 85' lang='lat' dir='ltr'><strong>sumus,</strong></span> <span class='ocrx_word' id='word_1_350' title='bbox 2220 2729 2351 2784; x_wconf 87' lang='lat' dir='ltr'><strong>huic</strong></span> <span class='ocrx_word' id='word_1_351' title='bbox 2404 2729 2650 2783; x_wconf 66' lang='lat' dir='ltr'><strong>historiae</strong></span> <span class='ocrx_word' id='word_1_352' title='bbox 2697 2738 3025 2783; x_wconf 80' lang='lat' dir='ltr'><strong>attexamus.</strong></span> <span class='ocrx_word' id='word_1_353' title='bbox 3056 2728 3341 2798; x_wconf 83' lang='lat' dir='ltr'><strong>Longinus</strong></span> <span class='ocrx_word' id='word_1_354' title='bbox 3380 2727 3559 2783; x_wconf 82' lang='lat' dir='ltr'><strong>Zeno—</strong></span> 
     </span>
    </p>
   </div>
   <div class='ocr_carea' id='block_1_56' title="bbox 1979 2819 3562 2890">
    <p class='ocr_par' dir='ltr' id='par_1_56' title="bbox 1979 2819 3562 2890">
     <span class='ocr_line' id='line_1_56' title="bbox 1979 2819 3562 2890; baseline -0.002 -14"><span class='ocrx_word' id='word_1_355' title='bbox 1979 2822 2068 2876; x_wconf 88' lang='lat' dir='ltr'><strong>nis</strong></span> <span class='ocrx_word' id='word_1_356' title='bbox 2117 2821 2580 2890; x_wconf 75' lang='lat' dir='ltr'><strong>consanguineus,</strong></span> <span class='ocrx_word' id='word_1_357' title='bbox 2630 2835 2756 2875; x_wconf 91' lang='lat' dir='ltr'><strong>cum</strong></span> <span class='ocrx_word' id='word_1_358' title='bbox 2806 2821 2869 2875; x_wconf 83' lang='lat' dir='ltr'><strong>in.</strong></span> <span class='ocrx_word' id='word_1_359' title='bbox 2904 2819 3134 2890; x_wconf 87' lang='lat' dir='ltr'><strong>patriam</strong></span> <span class='ocrx_word' id='word_1_360' title='bbox 3187 2835 3366 2883; x_wconf 87' lang='lat' dir='ltr'><strong>suam,</strong></span> <span class='ocrx_word' id='word_1_361' title='bbox 3419 2820 3562 2874; x_wconf 88' lang='lat' dir='ltr'><strong>sicut</strong></span> 
     </span>
    </p>
   </div>
   <div class='ocr_carea' id='block_1_57' title="bbox 1981 2909 3559 2983">
    <p class='ocr_par' dir='ltr' id='par_1_57' title="bbox 1981 2909 3559 2983">
     <span class='ocr_line' id='line_1_57' title="bbox 1981 2909 3559 2983; baseline -0.001 -17"><span class='ocrx_word' id='word_1_362' title='bbox 1981 2925 2138 2967; x_wconf 85' lang='lat' dir='ltr'><strong>antea</strong></span> <span class='ocrx_word' id='word_1_363' title='bbox 2165 2923 2653 2968; x_wconf 87' lang='lat' dir='ltr'><strong>commemoratum</strong></span> <span class='ocrx_word' id='word_1_364' title='bbox 2683 2920 2788 2976; x_wconf 89' lang='lat' dir='ltr'><strong>est,</strong></span> <span class='ocrx_word' id='word_1_365' title='bbox 2844 2913 3178 2976; x_wconf 87' lang='lat' dir='ltr'><strong>advenisset,</strong></span> <span class='ocrx_word' id='word_1_366' title='bbox 3227 2913 3404 2983; x_wconf 89' lang='lat' dir='ltr'><strong>palam</strong></span> <span class='ocrx_word' id='word_1_367' title='bbox 3461 2909 3559 2966; x_wconf 89' lang='lat' dir='ltr'><strong>ad-</strong></span> 
     </span>
    </p>
   </div>
   <div class='ocr_carea' id='block_1_58' title="bbox 1981 3001 3555 3073">
    <p class='ocr_par' dir='ltr' id='par_1_58' title="bbox 1981 3001 3555 3073">
     <span class='ocr_line' id='line_1_58' title="bbox 1981 3001 3555 3073; baseline -0.001 -15"><span class='ocrx_word' id='word_1_368' title='bbox 1981 3019 2175 3059; x_wconf 88' lang='lat' dir='ltr'><strong>versus</strong></span> <span class='ocrx_word' id='word_1_369' title='bbox 2230 3005 2617 3072; x_wconf 84' lang='lat' dir='ltr'><strong>imperatorem</strong></span> <span class='ocrx_word' id='word_1_370' title='bbox 2653 3003 2857 3060; x_wconf 88' lang='lat' dir='ltr'><strong>bellum</strong></span> <span class='ocrx_word' id='word_1_371' title='bbox 2891 3005 3151 3072; x_wconf 89' lang='lat' dir='ltr'><strong>suscepit.</strong></span> <span class='ocrx_word' id='word_1_372' title='bbox 3181 3001 3436 3057; x_wconf 86' lang='lat' dir='ltr'><strong>Plurimis</strong></span> <span class='ocrx_word' id='word_1_373' title='bbox 3457 3002 3555 3073; x_wconf 81' lang='lat' dir='ltr'><strong>igi-</strong></span> 
     </span>
    </p>
   </div>
   <div class='ocr_carea' id='block_1_59' title="bbox 1985 3095 3558 3165">
    <p class='ocr_par' dir='ltr' id='par_1_59' title="bbox 1985 3095 3558 3165">
     <span class='ocr_line' id='line_1_59' title="bbox 1985 3095 3558 3165; baseline -0.001 -14"><span class='ocrx_word' id='word_1_374' title='bbox 1985 3106 2072 3151; x_wconf 93' lang='lat' dir='ltr'><strong>tur</strong></span> <span class='ocrx_word' id='word_1_375' title='bbox 2096 3096 2341 3152; x_wconf 81' lang='lat' dir='ltr'><strong>collectis</strong></span> <span class='ocrx_word' id='word_1_376' title='bbox 2371 3097 2632 3165; x_wconf 89' lang='lat' dir='ltr'><strong>utrinque</strong></span> <span class='ocrx_word' id='word_1_377' title='bbox 2679 3095 2876 3165; x_wconf 86' lang='lat' dir='ltr'><strong>copiis.</strong></span> <span class='ocrx_word' id='word_1_378' title='bbox 2913 3096 2968 3150; x_wconf 93' lang='lat' dir='ltr'><strong>in</strong></span> <span class='ocrx_word' id='word_1_379' title='bbox 3004 3095 3209 3165; x_wconf 89' lang='lat' dir='ltr'><strong>quibus</strong></span> <span class='ocrx_word' id='word_1_380' title='bbox 3259 3105 3373 3151; x_wconf 89' lang='lat' dir='ltr'><strong>erat</strong></span> <span class='ocrx_word' id='word_1_381' title='bbox 3393 3097 3558 3150; x_wconf 90' lang='lat' dir='ltr'><strong>etiam</strong></span> 
     </span>
    </p>
   </div>
   <div class='ocr_carea' id='block_1_60' title="bbox 296 3183 1876 3261">
    <p class='ocr_par' dir='ltr' id='par_1_60' title="bbox 296 3183 1874 3257">
     <span class='ocr_line' id='line_1_60' title="bbox 296 3183 1874 3257; baseline 0.005 -22"><span class='ocrx_word' id='word_1_382' title='bbox 296 3183 398 3251; x_wconf 79' lang='grc' dir='ltr'>τῆς</span> <span class='ocrx_word' id='word_1_383' title='bbox 435 3185 491 3236; x_wconf 91' lang='grc' dir='ltr'><strong>ἐν</strong></span> <span class='ocrx_word' id='word_1_384' title='bbox 526 3185 802 3254; x_wconf 71' lang='grc' dir='ltr'>Ἀπαμείᾳ.</span> <span class='ocrx_word' id='word_1_385' title='bbox 823 3186 921 3254; x_wconf 82' lang='grc' dir='ltr'>τῆς</span> <span class='ocrx_word' id='word_1_386' title='bbox 957 3185 1144 3256; x_wconf 86' lang='grc' dir='ltr'>Σύρων</span> <span class='ocrx_word' id='word_1_387' title='bbox 1175 3188 1446 3257; x_wconf 77' lang='grc' dir='ltr'>ἐπαρχίας</span> <span class='ocrx_word' id='word_1_388' title='bbox 1473 3189 1734 3256; x_wconf 77' lang='grc' dir='ltr'>γεγονὼς,</span> <span class='ocrx_word' id='word_1_389' title='bbox 1763 3192 1874 3254; x_wconf 82' lang='grc' dir='ltr'>τοῖς</span> 
     </span>
    </p>
   </div>
   <div class='ocr_carea' id='block_1_61' title="bbox 1979 3183 3562 3261">
    <p class='ocr_par' dir='ltr' id='par_1_61' title="bbox 1979 3187 3562 3261">
     <span class='ocr_line' id='line_1_61' title="bbox 1979 3187 3562 3261; baseline -0.001 -17"><span class='ocrx_word' id='word_1_390' title='bbox 1979 3188 2188 3252; x_wconf 82' lang='lat' dir='ltr'><strong>Conon,</strong></span> <span class='ocrx_word' id='word_1_391' title='bbox 2215 3188 2531 3258; x_wconf 68' lang='lat' dir='ltr'><strong>Apamimin</strong></span> <span class='ocrx_word' id='word_1_392' title='bbox 2567 3188 2720 3261; x_wconf 80' lang='lat' dir='ltr'><strong>Syria</strong></span> <span class='ocrx_word' id='word_1_393' title='bbox 2773 3188 2904 3242; x_wconf 89' lang='lat' dir='ltr'><strong>olim</strong></span> <span class='ocrx_word' id='word_1_394' title='bbox 2945 3189 3259 3258; x_wconf 85' lang='lat' dir='ltr'><strong>episcopus,</strong></span> <span class='ocrx_word' id='word_1_395' title='bbox 3309 3187 3406 3258; x_wconf 87' lang='lat' dir='ltr'><strong>qui</strong></span> <span class='ocrx_word' id='word_1_396' title='bbox 3455 3204 3562 3244; x_wconf 84' lang='lat' dir='ltr'><strong>una</strong></span> 
     </span>
    </p>
   </div>
   <div class='ocr_carea' id='block_1_62' title="bbox 313 3272 1872 3345">
    <p class='ocr_par' dir='ltr' id='par_1_62' title="bbox 313 3272 1872 3345">
     <span class='ocr_line' id='line_1_62' title="bbox 313 3272 1872 3345; baseline 0.003 -19"><span class='ocrx_word' id='word_1_397' title='bbox 313 3272 581 3340; x_wconf 80' lang='grc' dir='ltr'>Ἰσαύροις</span> <span class='ocrx_word' id='word_1_398' title='bbox 633 3275 708 3337; x_wconf 84' lang='grc' dir='ltr'>ὡς</span> <span class='ocrx_word' id='word_1_399' title='bbox 763 3275 1014 3343; x_wconf 84' lang='grc' dir='ltr'>Ἴσαυρος</span> <span class='ocrx_word' id='word_1_400' title='bbox 1065 3277 1512 3345; x_wconf 83' lang='grc' dir='ltr'>συνεστράτευσε.</span> <span class='ocrx_word' id='word_1_401' title='bbox 1551 3277 1716 3339; x_wconf 90' lang='grc' dir='ltr'>Τέλος</span> <span class='ocrx_word' id='word_1_402' title='bbox 1755 3281 1872 3331; x_wconf 74' lang='grc' dir='ltr'><strong>ἐσιιιι⁸</strong></span> 
     </span>
    </p>
   </div>
   <div class='ocr_carea' id='block_1_63' title="bbox 297 3363 1881 3439">
    <p class='ocr_par' dir='ltr' id='par_1_63' title="bbox 297 3363 1881 3439">
     <span class='ocr_line' id='line_1_63' title="bbox 297 3363 1881 3439; baseline 0.004 -22"><span class='ocrx_word' id='word_1_403' title='bbox 297 3363 507 3417; x_wconf 81' lang='grc' dir='ltr'>τίθεται</span> <span class='ocrx_word' id='word_1_404' title='bbox 543 3365 625 3436; x_wconf 81' lang='grc' dir='ltr'>τῷ.</span> <span class='ocrx_word' id='word_1_405' title='bbox 654 3365 891 3436; x_wconf 87' lang='grc' dir='ltr'>πολέμῳ.</span> <span class='ocrx_word' id='word_1_406' title='bbox 929 3364 1050 3420; x_wconf 82' lang='grc' dir='ltr'><strong>Τῶν</strong></span> <span class='ocrx_word' id='word_1_407' title='bbox 1086 3367 1185 3435; x_wconf 83' lang='grc' dir='ltr'><strong>μὲν</strong></span> <span class='ocrx_word' id='word_1_408' title='bbox 1222 3367 1480 3437; x_wconf 78' lang='grc' dir='ltr'>Ἰσαύρων</span> <span class='ocrx_word' id='word_1_409' title='bbox 1510 3369 1618 3420; x_wconf 82' lang='grc' dir='ltr'><strong>τῶν</strong></span> <span class='ocrx_word' id='word_1_410' title='bbox 1647 3387 1881 3439; x_wconf 84' lang='grc' dir='ltr'>συστρα-</span> 
     </span>
    </p>
   </div>
   <div class='ocr_carea' id='block_1_64' title="bbox 300 3455 1878 3530">
    <p class='ocr_par' dir='ltr' id='par_1_64' title="bbox 300 3455 1878 3530">
     <span class='ocr_line' id='line_1_64' title="bbox 300 3455 1878 3530; baseline 0.004 -22"><span class='ocrx_word' id='word_1_411' title='bbox 300 3455 607 3508; x_wconf 83' lang='grc' dir='ltr'>τευσάντων</span> <span class='ocrx_word' id='word_1_412' title='bbox 635 3455 713 3525; x_wconf 84' lang='grc' dir='ltr'>τῷ</span> <span class='ocrx_word' id='word_1_413' title='bbox 741 3457 990 3527; x_wconf 77' lang='grc' dir='ltr'>Λογγίνῳ</span> <span class='ocrx_word' id='word_1_414' title='bbox 1022 3458 1367 3529; x_wconf 82' lang='grc' dir='ltr'>πανωλεθρίᾳ</span> <span class='ocrx_word' id='word_1_415' title='bbox 1401 3458 1740 3530; x_wconf 70' lang='grc' dir='ltr'><strong>φθαρέντων⁸</strong></span> <span class='ocrx_word' id='word_1_416' title='bbox 1770 3462 1878 3514; x_wconf 84' lang='grc' dir='ltr'>τῶν</span> 
     </span>
    </p>
   </div>
   <div class='ocr_carea' id='block_1_65' title="bbox 294 3545 1881 3619">
    <p class='ocr_par' dir='ltr' id='par_1_65' title="bbox 294 3545 1881 3619">
     <span class='ocr_line' id='line_1_65' title="bbox 294 3545 1881 3619; baseline 0.003 -20"><span class='ocrx_word' id='word_1_417' title='bbox 294 3545 356 3600; x_wconf 65' lang='grc' dir='ltr'>δὲ</span> <span class='ocrx_word' id='word_1_418' title='bbox 386 3546 640 3614; x_wconf 80' lang='grc' dir='ltr'>κεφαλῶν</span> <span class='ocrx_word' id='word_1_419' title='bbox 663 3548 927 3616; x_wconf 83' lang='grc' dir='ltr'>Λογγίνου</span> <span class='ocrx_word' id='word_1_420' title='bbox 958 3550 1050 3602; x_wconf 74' lang='grc' dir='ltr'>καὶ</span> <span class='ocrx_word' id='word_1_421' title='bbox 1069 3548 1347 3618; x_wconf 86' lang='grc' dir='ltr'>Θεοδώρου</span> <span class='ocrx_word' id='word_1_422' title='bbox 1387 3550 1498 3617; x_wconf 84' lang='lat'><strong>(78)</strong></span> <span class='ocrx_word' id='word_1_423' title='bbox 1531 3550 1666 3619; x_wconf 76' lang='grc' dir='ltr'>πρὸς</span> <span class='ocrx_word' id='word_1_424' title='bbox 1701 3550 1881 3604; x_wconf 86' lang='grc' dir='ltr'>Ἰωάν-</span> 
     </span>
    </p>
   </div>
   <div class='ocr_carea' id='block_1_66' title="bbox 297 3639 1883 3713">
    <p class='ocr_par' dir='ltr' id='par_1_66' title="bbox 297 3639 1883 3713">
     <span class='ocr_line' id='line_1_66' title="bbox 297 3639 1883 3713; baseline 0.003 -20"><span class='ocrx_word' id='word_1_425' title='bbox 297 3657 392 3693; x_wconf 89' lang='grc' dir='ltr'><strong>νου</strong></span> <span class='ocrx_word' id='word_1_426' title='bbox 425 3641 492 3672; x_wconf 82' lang='grc'><strong>²⁸⁹</strong></span> <span class='ocrx_word' id='word_1_427' title='bbox 521 3639 615 3692; x_wconf 83' lang='grc' dir='ltr'><strong>τοῦ</strong></span> <span class='ocrx_word' id='word_1_428' title='bbox 643 3639 848 3692; x_wconf 86' lang='grc' dir='ltr'>Σκύθου</span> <span class='ocrx_word' id='word_1_429' title='bbox 895 3641 1194 3695; x_wconf 86' lang='grc' dir='ltr'>σταλεισῶν</span> <span class='ocrx_word' id='word_1_430' title='bbox 1232 3641 1336 3694; x_wconf 74' lang='grc' dir='ltr'><strong>ἀνὰ</strong></span> <span class='ocrx_word' id='word_1_431' title='bbox 1364 3642 1463 3713; x_wconf 70' lang='grc' dir='ltr'>τὴν</span> <span class='ocrx_word' id='word_1_432' title='bbox 1496 3641 1760 3712; x_wconf 72' lang='grc' dir='ltr'>βασιλέως</span> <span class='ocrx_word' id='word_1_433' title='bbox 1788 3643 1883 3697; x_wconf 86' lang='grc' dir='ltr'>πό-</span> 
     </span>
    </p>
   </div>
   <div class='ocr_carea' id='block_1_67' title="bbox 295 3731 1894 3805">
    <p class='ocr_par' dir='ltr' id='par_1_67' title="bbox 295 3731 1894 3805">
     <span class='ocr_line' id='line_1_67' title="bbox 295 3731 1894 3805; baseline 0.001 -22"><span class='ocrx_word' id='word_1_434' title='bbox 295 3731 402 3784; x_wconf 85' lang='grc' dir='ltr'>λιν.</span> <span class='ocrx_word' id='word_1_435' title='bbox 439 3733 535 3793; x_wconf 71' lang='grc' dir='ltr'>Ἂς</span> <span class='ocrx_word' id='word_1_436' title='bbox 563 3735 656 3786; x_wconf 71' lang='grc' dir='ltr'><strong>καὶ</strong></span> <span class='ocrx_word' id='word_1_437' title='bbox 697 3735 754 3785; x_wconf 88' lang='grc' dir='ltr'><strong>ἐν</strong></span> <span class='ocrx_word' id='word_1_438' title='bbox 786 3738 994 3798; x_wconf 84' lang='grc' dir='ltr'>κοντοῖς</span> <span class='ocrx_word' id='word_1_439' title='bbox 1041 3734 1420 3805; x_wconf 75' lang='grc' dir='ltr'>περιαρτήσας</span> <span class='ocrx_word' id='word_1_440' title='bbox 1467 3737 1495 3788; x_wconf 88' lang='grc' dir='ltr'><strong>ό</strong></span> <span class='ocrx_word' id='word_1_441' title='bbox 1539 3734 1792 3803; x_wconf 78' lang='grc' dir='ltr'>βασιλεὺς</span> <span class='ocrx_word' id='word_1_442' title='bbox 1824 3739 1894 3789; x_wconf 89' lang='grc' dir='ltr'><strong>ἐν.</strong></span> 
     </span>
    </p>
   </div>
   <div class='ocr_carea' id='block_1_68' title="bbox 297 3825 1882 3896">
    <p class='ocr_par' dir='ltr' id='par_1_68' title="bbox 297 3825 1882 3896">
     <span class='ocr_line' id='line_1_68' title="bbox 297 3825 1882 3896; baseline 0.001 -18"><span class='ocrx_word' id='word_1_443' title='bbox 297 3825 417 3886; x_wconf 76' lang='grc' dir='ltr'>ταῖς</span> <span class='ocrx_word' id='word_1_444' title='bbox 450 3825 817 3894; x_wconf 84' lang='grc' dir='ltr'>καλουμέναις</span> <span class='ocrx_word' id='word_1_445' title='bbox 846 3826 1048 3890; x_wconf 87' lang='grc' dir='ltr'>Συκαῖς</span> <span class='ocrx_word' id='word_1_446' title='bbox 1074 3827 1374 3896; x_wconf 81' lang='grc' dir='ltr'>ἀντιπέραν</span> <span class='ocrx_word' id='word_1_447' title='bbox 1407 3827 1504 3895; x_wconf 80' lang='grc' dir='ltr'>τῆς</span> <span class='ocrx_word' id='word_1_448' title='bbox 1532 3828 1882 3881; x_wconf 82' lang='grc' dir='ltr'>Κωνσταντί-</span> 
     </span>
    </p>
   </div>
   <div class='ocr_carea' id='block_1_69' title="bbox 295 3915 1878 3988">
    <p class='ocr_par' dir='ltr' id='par_1_69' title="bbox 295 3915 1878 3988">
     <span class='ocr_line' id='line_1_69' title="bbox 295 3915 1878 3988; baseline 0.002 -21"><span class='ocrx_word' id='word_1_449' title='bbox 295 3931 392 3968; x_wconf 74' lang='grc' dir='ltr'><strong>νου</strong></span> <span class='ocrx_word' id='word_1_450' title='bbox 426 3917 685 3985; x_wconf 80' lang='grc' dir='ltr'>κειμένης</span> <span class='ocrx_word' id='word_1_451' title='bbox 701 3915 1022 3988; x_wconf 81' lang='grc' dir='ltr'>ἐπῃώρησεν</span> <span class='ocrx_word' id='word_1_452' title='bbox 1042 3935 1054 3949; x_wconf 79' lang='grc'><em>’</em></span> <span class='ocrx_word' id='word_1_453' title='bbox 1082 3917 1179 3986; x_wconf 66' lang='grc' dir='ltr'>ἡδὶ)</span> <span class='ocrx_word' id='word_1_454' title='bbox 1205 3915 1383 3986; x_wconf 85' lang='grc' dir='ltr'>θέαμα</span> <span class='ocrx_word' id='word_1_455' title='bbox 1405 3919 1515 3980; x_wconf 90' lang='grc' dir='ltr'>τοῖς</span> <span class='ocrx_word' id='word_1_456' title='bbox 1545 3917 1878 3983; x_wconf 72' lang='grc' dir='ltr'>Βυζαντίοις,</span> 
     </span>
    </p>
   </div>
   <div class='ocr_carea' id='block_1_70' title="bbox 295 3999 1874 4079">
    <p class='ocr_par' dir='ltr' id='par_1_70' title="bbox 295 3999 1874 4079">
     <span class='ocr_line' id='line_1_70' title="bbox 295 3999 1874 4079; baseline 0 -19"><span class='ocrx_word' id='word_1_457' title='bbox 295 4004 414 4060; x_wconf 76' lang='grc' dir='ltr'>ἀνθ’</span> <span class='ocrx_word' id='word_1_458' title='bbox 445 3999 521 4060; x_wconf 80' lang='grc' dir='ltr'>ὦν</span> <span class='ocrx_word' id='word_1_459' title='bbox 554 4007 740 4071; x_wconf 84' lang='grc' dir='ltr'>κακῶς</span> <span class='ocrx_word' id='word_1_460' title='bbox 791 4009 928 4078; x_wconf 59' lang='grc' dir='ltr'>πρδς</span> <span class='ocrx_word' id='word_1_461' title='bbox 981 4010 1230 4077; x_wconf 81' lang='grc' dir='ltr'>Ζήνωνος</span> <span class='ocrx_word' id='word_1_462' title='bbox 1295 4009 1391 4060; x_wconf 69' lang='lat' dir='ltr'><strong>xu).</strong></span> <span class='ocrx_word' id='word_1_463' title='bbox 1453 4008 1564 4061; x_wconf 81' lang='grc' dir='ltr'><strong>τῶν</strong></span> <span class='ocrx_word' id='word_1_464' title='bbox 1611 4007 1874 4079; x_wconf 84' lang='grc' dir='ltr'>Ίσαύρων</span> 
     </span>
    </p>
   </div>
   <div class='ocr_carea' id='block_1_71' title="bbox 294 4097 1874 4169">
    <p class='ocr_par' dir='ltr' id='par_1_71' title="bbox 294 4097 1874 4169">
     <span class='ocr_line' id='line_1_71' title="bbox 294 4097 1874 4169; baseline 0.001 -18"><span class='ocrx_word' id='word_1_465' title='bbox 294 4097 690 4154; x_wconf 66' lang='grc' dir='ltr'>δπεπόνθεσαν.</span> <span class='ocrx_word' id='word_1_466' title='bbox 715 4100 825 4154; x_wconf 73' lang='grc' dir='ltr'>Καὶ</span> <span class='ocrx_word' id='word_1_467' title='bbox 851 4101 878 4152; x_wconf 85' lang='grc' dir='ltr'><strong>ό</strong></span> <span class='ocrx_word' id='word_1_468' title='bbox 903 4098 1091 4169; x_wconf 70' lang='grc' dir='ltr'>ἕτερος</span> <span class='ocrx_word' id='word_1_469' title='bbox 1123 4098 1180 4151; x_wconf 79' lang='grc' dir='ltr'>δὲ</span> <span class='ocrx_word' id='word_1_470' title='bbox 1203 4101 1486 4166; x_wconf 84' lang='grc' dir='ltr'>Λογγῖνος,</span> <span class='ocrx_word' id='word_1_471' title='bbox 1516 4098 1579 4151; x_wconf 74' lang='grc' dir='ltr'>τὸ</span> <span class='ocrx_word' id='word_1_472' title='bbox 1607 4100 1742 4156; x_wconf 79' lang='grc' dir='ltr'>πολὺ</span> <span class='ocrx_word' id='word_1_473' title='bbox 1777 4101 1874 4169; x_wconf 72' lang='grc' dir='ltr'>τῆς</span> 
     </span>
    </p>
   </div>
   <div class='ocr_carea' id='block_1_72' title="bbox 293 4189 1875 4261">
    <p class='ocr_par' dir='ltr' id='par_1_72' title="bbox 293 4189 1875 4261">
     <span class='ocr_line' id='line_1_72' title="bbox 293 4189 1875 4261; baseline 0.001 -17"><span class='ocrx_word' id='word_1_474' title='bbox 293 4189 612 4261; x_wconf 69' lang='grc' dir='ltr'>τυραννίδος</span> <span class='ocrx_word' id='word_1_475' title='bbox 653 4190 912 4260; x_wconf 81' lang='grc' dir='ltr'>συνέχων,</span> <span class='ocrx_word' id='word_1_476' title='bbox 967 4193 995 4244; x_wconf 88' lang='grc' dir='ltr'><strong>ό</strong></span> <span class='ocrx_word' id='word_1_477' title='bbox 1056 4189 1285 4260; x_wconf 88' lang='grc' dir='ltr'>ἐπίκλην</span> <span class='ocrx_word' id='word_1_478' title='bbox 1336 4190 1723 4255; x_wconf 85' lang='grc' dir='ltr'>Σελινούντιος,</span> <span class='ocrx_word' id='word_1_479' title='bbox 1779 4192 1875 4246; x_wconf 73' lang='grc' dir='ltr'>καὶ</span> 
     </span>
    </p>
   </div>
   <div class='ocr_carea' id='block_1_73' title="bbox 300 4280 1874 4355">
    <p class='ocr_par' dir='ltr' id='par_1_73' title="bbox 300 4280 1874 4355">
     <span class='ocr_line' id='line_1_73' title="bbox 300 4280 1874 4355; baseline 0.001 -20"><span class='ocrx_word' id='word_1_480' title='bbox 300 4280 482 4351; x_wconf 84' lang='grc' dir='ltr'>ἰνδης</span> <span class='ocrx_word' id='word_1_481' title='bbox 515 4284 612 4336; x_wconf 70' lang='grc' dir='ltr'><strong>σὺν</strong></span> <span class='ocrx_word' id='word_1_482' title='bbox 639 4281 810 4352; x_wconf 80' lang='grc' dir='ltr'>αὐτῷ,</span> <span class='ocrx_word' id='word_1_483' title='bbox 829 4284 962 4353; x_wconf 70' lang='grc' dir='ltr'>πρὸς</span> <span class='ocrx_word' id='word_1_484' title='bbox 1005 4283 1251 4336; x_wconf 83' lang='grc' dir='ltr'>Ἰωάννου</span> <span class='ocrx_word' id='word_1_485' title='bbox 1276 4281 1372 4334; x_wconf 79' lang='grc' dir='ltr'>τοῦ</span> <span class='ocrx_word' id='word_1_486' title='bbox 1397 4282 1628 4352; x_wconf 86' lang='grc' dir='ltr'>ἐπίκλην</span> <span class='ocrx_word' id='word_1_487' title='bbox 1655 4283 1874 4355; x_wconf 80' lang='grc' dir='ltr'>Κυρτοῦ</span> 
     </span>
    </p>
   </div>
   <div class='ocr_carea' id='block_1_74' title="bbox 295 4372 1871 4446">
    <p class='ocr_par' dir='ltr' id='par_1_74' title="bbox 295 4372 1871 4446">
     <span class='ocr_line' id='line_1_74' title="bbox 295 4372 1871 4446; baseline 0.002 -20"><span class='ocrx_word' id='word_1_488' title='bbox 295 4372 612 4430; x_wconf 70' lang='grc' dir='ltr'>στέλλονται</span> <span class='ocrx_word' id='word_1_489' title='bbox 657 4374 734 4446; x_wconf 82' lang='grc' dir='ltr'>τῷ</span> <span class='ocrx_word' id='word_1_490' title='bbox 779 4374 1114 4445; x_wconf 79' lang='grc' dir='ltr'>Ἀναστασίῳ</span> <span class='ocrx_word' id='word_1_491' title='bbox 1147 4373 1399 4446; x_wconf 79' lang='grc' dir='ltr'>ζωγρίαι·</span> <span class='ocrx_word' id='word_1_492' title='bbox 1435 4375 1464 4430; x_wconf 82' lang='grc' dir='ltr'><strong>ὃ</strong></span> <span class='ocrx_word' id='word_1_493' title='bbox 1515 4376 1750 4445; x_wconf 82' lang='grc' dir='ltr'>μάλιστα</span> <span class='ocrx_word' id='word_1_494' title='bbox 1779 4377 1871 4431; x_wconf 91' lang='grc' dir='ltr'><strong>τόν</strong></span> 
     </span>
    </p>
   </div>
   <div class='ocr_carea' id='block_1_75' title="bbox 1981 3281 3564 3350">
    <p class='ocr_par' dir='ltr' id='par_1_75' title="bbox 1981 3281 3564 3350">
     <span class='ocr_line' id='line_1_75' title="bbox 1981 3281 3564 3350; baseline -0.001 -13"><span class='ocrx_word' id='word_1_495' title='bbox 1981 3293 2107 3337; x_wconf 90' lang='lat' dir='ltr'><strong>cum</strong></span> <span class='ocrx_word' id='word_1_496' title='bbox 2161 3281 2402 3345; x_wconf 74' lang='lat' dir='ltr'><strong>lsauris,</strong></span> <span class='ocrx_word' id='word_1_497' title='bbox 2478 3290 2668 3350; x_wconf 86' lang='lat' dir='ltr'><strong>utpote</strong></span> <span class='ocrx_word' id='word_1_498' title='bbox 2731 3281 2949 3335; x_wconf 85' lang='lat' dir='ltr'><strong>lsaurus</strong></span> <span class='ocrx_word' id='word_1_499' title='bbox 3010 3281 3302 3346; x_wconf 82' lang='lat' dir='ltr'><strong>militabat,</strong></span> <span class='ocrx_word' id='word_1_500' title='bbox 3357 3281 3564 3336; x_wconf 85' lang='lat' dir='ltr'><strong>bellum</strong></span> 
     </span>
    </p>
   </div>
   <div class='ocr_carea' id='block_1_76' title="bbox 1982 3373 3569 3444">
    <p class='ocr_par' dir='ltr' id='par_1_76' title="bbox 1982 3373 3569 3444">
     <span class='ocr_line' id='line_1_76' title="bbox 1982 3373 3569 3444; baseline -0.001 -15"><span class='ocrx_word' id='word_1_501' title='bbox 1982 3375 2199 3429; x_wconf 88' lang='lat' dir='ltr'><strong>tandem</strong></span> <span class='ocrx_word' id='word_1_502' title='bbox 2245 3373 2560 3444; x_wconf 89' lang='lat' dir='ltr'><strong>hujusmodi</strong></span> <span class='ocrx_word' id='word_1_503' title='bbox 2622 3374 2772 3428; x_wconf 84' lang='lat' dir='ltr'><strong>exitu</strong></span> <span class='ocrx_word' id='word_1_504' title='bbox 2838 3375 3190 3428; x_wconf 88' lang='lat' dir='ltr'><strong>terminatum</strong></span> <span class='ocrx_word' id='word_1_505' title='bbox 3230 3385 3334 3430; x_wconf 87' lang='lat' dir='ltr'><strong>est.</strong></span> <span class='ocrx_word' id='word_1_506' title='bbox 3385 3374 3569 3429; x_wconf 37' lang='lat' dir='ltr'><strong>Isauri.</strong></span> 
     </span>
    </p>
   </div>
   <div class='ocr_carea' id='block_1_77' title="bbox 1982 3465 3564 3536">
    <p class='ocr_par' dir='ltr' id='par_1_77' title="bbox 1982 3465 3564 3536">
     <span class='ocr_line' id='line_1_77' title="bbox 1982 3465 3564 3536; baseline 0 -16"><span class='ocrx_word' id='word_1_507' title='bbox 1982 3466 2204 3536; x_wconf 83' lang='lat' dir='ltr'><strong>quidem</strong></span> <span class='ocrx_word' id='word_1_508' title='bbox 2250 3466 2343 3536; x_wconf 88' lang='lat' dir='ltr'><strong>qui</strong></span> <span class='ocrx_word' id='word_1_509' title='bbox 2373 3481 2478 3519; x_wconf 90' lang='lat' dir='ltr'><strong>una</strong></span> <span class='ocrx_word' id='word_1_510' title='bbox 2529 3479 2654 3518; x_wconf 90' lang='lat' dir='ltr'><strong>cum</strong></span> <span class='ocrx_word' id='word_1_511' title='bbox 2696 3465 2944 3536; x_wconf 83' lang='lat' dir='ltr'><strong>Longino</strong></span> <span class='ocrx_word' id='word_1_512' title='bbox 2994 3466 3390 3527; x_wconf 86' lang='lat' dir='ltr'><strong>militaverant,</strong></span> <span class='ocrx_word' id='word_1_513' title='bbox 3448 3480 3564 3520; x_wconf 91' lang='lat' dir='ltr'><strong>om-</strong></span> 
     </span>
    </p>
   </div>
   <div class='ocr_carea' id='block_1_78' title="bbox 1982 3555 3563 3627">
    <p class='ocr_par' dir='ltr' id='par_1_78' title="bbox 1982 3555 3563 3627">
     <span class='ocr_line' id='line_1_78' title="bbox 1982 3555 3563 3627; baseline 0.001 -16"><span class='ocrx_word' id='word_1_514' title='bbox 1982 3573 2082 3612; x_wconf 89' lang='lat' dir='ltr'><strong>nes</strong></span> <span class='ocrx_word' id='word_1_515' title='bbox 2102 3557 2176 3611; x_wconf 88' lang='lat' dir='ltr'><strong>ad</strong></span> <span class='ocrx_word' id='word_1_516' title='bbox 2195 3556 2638 3611; x_wconf 85' lang='lat' dir='ltr'><strong>internecionem</strong></span> <span class='ocrx_word' id='word_1_517' title='bbox 2670 3555 2830 3620; x_wconf 73' lang='lat' dir='ltr'><strong>caesi;</strong></span> <span class='ocrx_word' id='word_1_518' title='bbox 2863 3555 3094 3627; x_wconf 73' lang='lat' dir='ltr'><strong>Longini</strong></span> <span class='ocrx_word' id='word_1_519' title='bbox 3125 3572 3259 3611; x_wconf 87' lang='lat' dir='ltr'><strong>vero</strong></span> <span class='ocrx_word' id='word_1_520' title='bbox 3291 3571 3355 3612; x_wconf 88' lang='lat' dir='ltr'><strong>ac</strong></span> <span class='ocrx_word' id='word_1_521' title='bbox 3382 3555 3563 3612; x_wconf 85' lang='lat' dir='ltr'><strong>Theo-</strong></span> 
     </span>
    </p>
   </div>
   <div class='ocr_carea' id='block_1_79' title="bbox 1984 3646 3562 3718">
    <p class='ocr_par' dir='ltr' id='par_1_79' title="bbox 1984 3646 3562 3718">
     <span class='ocr_line' id='line_1_79' title="bbox 1984 3646 3562 3718; baseline 0.001 -15"><span class='ocrx_word' id='word_1_522' title='bbox 1984 3649 2106 3711; x_wconf 83' lang='lat' dir='ltr'><strong>dori</strong></span> <span class='ocrx_word' id='word_1_523' title='bbox 2160 3649 2361 3718; x_wconf 90' lang='lat' dir='ltr'><strong>capita,</strong></span> <span class='ocrx_word' id='word_1_524' title='bbox 2393 3647 2462 3701; x_wconf 92' lang='lat' dir='ltr'><strong>ab</strong></span> <span class='ocrx_word' id='word_1_525' title='bbox 2501 3647 2709 3702; x_wconf 83' lang='lat' dir='ltr'><strong>Joanne</strong></span> <span class='ocrx_word' id='word_1_526' title='bbox 2767 3646 2970 3718; x_wconf 87' lang='lat' dir='ltr'><strong>Scytha</strong></span> <span class='ocrx_word' id='word_1_527' title='bbox 3033 3646 3562 3716; x_wconf 75' lang='lat' dir='ltr'><strong>Constantinopolim</strong></span> 
     </span>
    </p>
   </div>
   <div class='ocr_carea' id='block_1_80' title="bbox 1985 3736 3560 3807">
    <p class='ocr_par' dir='ltr' id='par_1_80' title="bbox 1985 3736 3560 3807">
     <span class='ocr_line' id='line_1_80' title="bbox 1985 3736 3560 3807; baseline 0.001 -15"><span class='ocrx_word' id='word_1_528' title='bbox 1985 3740 2148 3794; x_wconf 89' lang='lat' dir='ltr'><strong>missa</strong></span> <span class='ocrx_word' id='word_1_529' title='bbox 2181 3746 2327 3793; x_wconf 90' lang='lat' dir='ltr'><strong>sunt.</strong></span> <span class='ocrx_word' id='word_1_530' title='bbox 2353 3737 2484 3804; x_wconf 65' lang='lat' dir='ltr'><strong>Quae</strong></span> <span class='ocrx_word' id='word_1_531' title='bbox 2531 3737 2832 3807; x_wconf 87' lang='lat' dir='ltr'><strong>imperator</strong></span> <span class='ocrx_word' id='word_1_532' title='bbox 2864 3738 3046 3794; x_wconf 82' lang='lat' dir='ltr'><strong>contis</strong></span> <span class='ocrx_word' id='word_1_533' title='bbox 3084 3736 3277 3791; x_wconf 74' lang='lat' dir='ltr'><strong>sufﬁxa</strong></span> <span class='ocrx_word' id='word_1_534' title='bbox 3322 3738 3560 3793; x_wconf 89' lang='lat' dir='ltr'><strong>cireum-</strong></span> 
     </span>
    </p>
   </div>
   <div class='ocr_carea' id='block_1_81' title="bbox 1984 3825 3564 3897">
    <p class='ocr_par' dir='ltr' id='par_1_81' title="bbox 1984 3825 3564 3897">
     <span class='ocr_line' id='line_1_81' title="bbox 1984 3825 3564 3897; baseline 0.001 -15"><span class='ocrx_word' id='word_1_535' title='bbox 1984 3828 2137 3893; x_wconf 89' lang='lat' dir='ltr'><strong>ferri,</strong></span> <span class='ocrx_word' id='word_1_536' title='bbox 2165 3829 2302 3883; x_wconf 90' lang='lat' dir='ltr'><strong>etin</strong></span> <span class='ocrx_word' id='word_1_537' title='bbox 2363 3827 2682 3881; x_wconf 90' lang='lat' dir='ltr'><strong>suburbano</strong></span> <span class='ocrx_word' id='word_1_538' title='bbox 2740 3825 2986 3897; x_wconf 84' lang='lat' dir='ltr'><strong>Sycensi,</strong></span> <span class='ocrx_word' id='word_1_539' title='bbox 3031 3825 3180 3894; x_wconf 91' lang='lat' dir='ltr'><strong>quod</strong></span> <span class='ocrx_word' id='word_1_540' title='bbox 3239 3843 3307 3882; x_wconf 87' lang='lat' dir='ltr'><strong>ex</strong></span> <span class='ocrx_word' id='word_1_541' title='bbox 3335 3827 3564 3883; x_wconf 85' lang='lat' dir='ltr'><strong>adverso</strong></span> 
     </span>
    </p>
   </div>
   <div class='ocr_carea' id='block_1_82' title="bbox 1983 3917 3564 3992">
    <p class='ocr_par' dir='ltr' id='par_1_82' title="bbox 1983 3917 3564 3992">
     <span class='ocr_line' id='line_1_82' title="bbox 1983 3917 3564 3992; baseline 0.001 -18"><span class='ocrx_word' id='word_1_542' title='bbox 1983 3920 2228 3992; x_wconf 80' lang='lat' dir='ltr'><strong>Byzantii</strong></span> <span class='ocrx_word' id='word_1_543' title='bbox 2263 3920 2428 3974; x_wconf 89' lang='lat' dir='ltr'><strong>situm</strong></span> <span class='ocrx_word' id='word_1_544' title='bbox 2455 3927 2560 3980; x_wconf 86' lang='lat' dir='ltr'><strong>est,</strong></span> <span class='ocrx_word' id='word_1_545' title='bbox 2585 3917 2847 3986; x_wconf 86' lang='lat' dir='ltr'><strong>suspendi</strong></span> <span class='ocrx_word' id='word_1_546' title='bbox 2870 3919 3038 3988; x_wconf 86' lang='lat' dir='ltr'><strong>jussit</strong></span> <span class='ocrx_word' id='word_1_547' title='bbox 3070 3935 3084 3971; x_wconf 90' lang='lat'><strong>:</strong></span> <span class='ocrx_word' id='word_1_548' title='bbox 3108 3918 3255 3988; x_wconf 92' lang='lat' dir='ltr'><strong>quod</strong></span> <span class='ocrx_word' id='word_1_549' title='bbox 3280 3929 3564 3988; x_wconf 35' lang='lat' dir='ltr'><strong>spectat-us</strong></span> 
     </span>
    </p>
   </div>
   <div class='ocr_carea' id='block_1_83' title="bbox 1984 4009 3564 4078">
    <p class='ocr_par' dir='ltr' id='par_1_83' title="bbox 1984 4009 3564 4078">
     <span class='ocr_line' id='line_1_83' title="bbox 1984 4009 3564 4078; baseline 0.001 -14"><span class='ocrx_word' id='word_1_550' title='bbox 1984 4010 2097 4065; x_wconf 90' lang='lat' dir='ltr'><strong>lum</strong></span> <span class='ocrx_word' id='word_1_551' title='bbox 2181 4009 2808 4078; x_wconf 85' lang='lat' dir='ltr'><strong>Constantinopolitanis</strong></span> <span class='ocrx_word' id='word_1_552' title='bbox 2879 4009 3254 4078; x_wconf 78' lang='lat' dir='ltr'><strong>gratissimum</strong></span> <span class='ocrx_word' id='word_1_553' title='bbox 3313 4010 3438 4075; x_wconf 87' lang='lat' dir='ltr'><strong>fuit,</strong></span> <span class='ocrx_word' id='word_1_554' title='bbox 3493 4011 3564 4071; x_wconf 90' lang='lat' dir='ltr'><strong>oh</strong></span> 
     </span>
    </p>
   </div>
   <div class='ocr_carea' id='block_1_84' title="bbox 1985 4098 3561 4170">
    <p class='ocr_par' dir='ltr' id='par_1_84' title="bbox 1985 4098 3561 4170">
     <span class='ocr_line' id='line_1_84' title="bbox 1985 4098 3561 4170; baseline 0.001 -14"><span class='ocrx_word' id='word_1_555' title='bbox 1985 4101 2125 4156; x_wconf 89' lang='lat' dir='ltr'><strong>mala</strong></span> <span class='ocrx_word' id='word_1_556' title='bbox 2146 4115 2269 4169; x_wconf 64' lang='lat' dir='ltr'><strong>quae</strong></span> <span class='ocrx_word' id='word_1_557' title='bbox 2288 4116 2317 4154; x_wconf 92' lang='lat' dir='ltr'><strong>a</strong></span> <span class='ocrx_word' id='word_1_558' title='bbox 2345 4099 2566 4160; x_wconf 84' lang='lat' dir='ltr'><strong>Zenone</strong></span> <span class='ocrx_word' id='word_1_559' title='bbox 2593 4098 2736 4154; x_wconf 87' lang='lat' dir='ltr'><strong>etab</strong></span> <span class='ocrx_word' id='word_1_560' title='bbox 2762 4099 2968 4154; x_wconf 83' lang='lat' dir='ltr'><strong>lsauris</strong></span> <span class='ocrx_word' id='word_1_561' title='bbox 3022 4101 3269 4170; x_wconf 88' lang='lat' dir='ltr'><strong>perpessi</strong></span> <span class='ocrx_word' id='word_1_562' title='bbox 3323 4101 3561 4158; x_wconf 81' lang='lat' dir='ltr'><strong>fuerant.</strong></span> 
     </span>
    </p>
   </div>
   <div class='ocr_carea' id='block_1_85' title="bbox 1985 4187 3562 4258">
    <p class='ocr_par' dir='ltr' id='par_1_85' title="bbox 1985 4187 3562 4258">
     <span class='ocr_line' id='line_1_85' title="bbox 1985 4187 3562 4258; baseline 0.001 -13"><span class='ocrx_word' id='word_1_563' title='bbox 1985 4191 2137 4245; x_wconf 82' lang='lat' dir='ltr'><strong>Alter</strong></span> <span class='ocrx_word' id='word_1_564' title='bbox 2191 4203 2325 4244; x_wconf 87' lang='lat' dir='ltr'><strong>vero</strong></span> <span class='ocrx_word' id='word_1_565' title='bbox 2375 4187 2675 4258; x_wconf 82' lang='lat' dir='ltr'><strong>Longinus,</strong></span> <span class='ocrx_word' id='word_1_566' title='bbox 2755 4197 3117 4258; x_wconf 79' lang='lat' dir='ltr'><strong>cognomento</strong></span> <span class='ocrx_word' id='word_1_567' title='bbox 3195 4190 3562 4256; x_wconf 82' lang='lat' dir='ltr'><strong>Selinuutius,</strong></span> 
     </span>
    </p>
   </div>
   <div class='ocr_carea' id='block_1_86' title="bbox 1986 4279 3582 4352">
    <p class='ocr_par' dir='ltr' id='par_1_86' title="bbox 1986 4279 3582 4352">
     <span class='ocr_line' id='line_1_86' title="bbox 1986 4279 3582 4352; baseline -0.001 -17"><span class='ocrx_word' id='word_1_568' title='bbox 1986 4280 2322 4352; x_wconf 66' lang='lat' dir='ltr'><strong>praecipuum</strong></span> <span class='ocrx_word' id='word_1_569' title='bbox 2350 4279 2520 4333; x_wconf 91' lang='lat' dir='ltr'><strong>robur</strong></span> <span class='ocrx_word' id='word_1_570' title='bbox 2548 4279 2842 4351; x_wconf 73' lang='lat' dir='ltr'><strong>tyrannicae</strong></span> <span class='ocrx_word' id='word_1_571' title='bbox 2880 4279 3153 4345; x_wconf 80' lang='lat' dir='ltr'><strong>factionis,</strong></span> <span class='ocrx_word' id='word_1_572' title='bbox 3189 4291 3246 4337; x_wconf 88' lang='lat' dir='ltr'><strong>et</strong></span> <span class='ocrx_word' id='word_1_573' title='bbox 3293 4297 3418 4337; x_wconf 91' lang='lat' dir='ltr'><strong>cum</strong></span> <span class='ocrx_word' id='word_1_574' title='bbox 3469 4283 3582 4344; x_wconf 80' lang='lat' dir='ltr'><strong>illo.</strong></span> 
     </span>
    </p>
   </div>
   <div class='ocr_carea' id='block_1_87' title="bbox 1986 4372 3580 4445">
    <p class='ocr_par' dir='ltr' id='par_1_87' title="bbox 1986 4372 3580 4445">
     <span class='ocr_line' id='line_1_87' title="bbox 1986 4372 3580 4445; baseline 0.003 -15"><span class='ocrx_word' id='word_1_575' title='bbox 1986 4375 2162 4430; x_wconf 85' lang='lat' dir='ltr'><strong>ludes.</strong></span> <span class='ocrx_word' id='word_1_576' title='bbox 2194 4374 2263 4430; x_wconf 87' lang='lat' dir='ltr'><strong>ab</strong></span> <span class='ocrx_word' id='word_1_577' title='bbox 2309 4372 2539 4438; x_wconf 82' lang='lat' dir='ltr'><strong>Joanne,</strong></span> <span class='ocrx_word' id='word_1_578' title='bbox 2591 4383 2954 4444; x_wconf 77' lang='lat' dir='ltr'><strong>cognomento</strong></span> <span class='ocrx_word' id='word_1_579' title='bbox 2987 4374 3199 4442; x_wconf 85' lang='lat' dir='ltr'><strong>Gibbo,</strong></span> <span class='ocrx_word' id='word_1_580' title='bbox 3262 4375 3372 4431; x_wconf 87' lang='lat' dir='ltr'><strong>vivi</strong></span> <span class='ocrx_word' id='word_1_581' title='bbox 3418 4373 3580 4445; x_wconf 72' lang='lat' dir='ltr'><strong>capti</strong></span> 
     </span>
    </p>
   </div>
   <div class='ocr_carea' id='block_1_88' title="bbox 1579 4513 2261 4573">
    <p class='ocr_par' dir='ltr' id='par_1_88' title="bbox 1579 4513 2261 4573">
     <span class='ocr_line' id='line_1_88' title="bbox 1579 4513 2261 4573; baseline -0.009 -2"><span class='ocrx_word' id='word_1_582' title='bbox 1579 4513 1812 4573; x_wconf 69' lang='lat' dir='ltr'><strong>VARLE</strong></span> <span class='ocrx_word' id='word_1_583' title='bbox 1851 4513 2261 4572; x_wconf 76' lang='lat' dir='ltr'><strong>LECTIONES.</strong></span> 
     </span>
    </p>
   </div>
   <div class='ocr_carea' id='block_1_89' title="bbox 371 4608 852 4663">
    <p class='ocr_par' dir='ltr' id='par_1_89' title="bbox 371 4608 852 4663">
     <span class='ocr_line' id='line_1_89' title="bbox 371 4608 852 4663; baseline -0.006 0"><span class='ocrx_word' id='word_1_584' title='bbox 371 4611 447 4646; x_wconf 77' lang='lat'><strong>&quot;&#39;-</strong></span> <span class='ocrx_word' id='word_1_585' title='bbox 466 4609 563 4663; x_wconf 69' lang='grc' dir='ltr'><strong>καὶ</strong></span> <span class='ocrx_word' id='word_1_586' title='bbox 578 4608 852 4662; x_wconf 79' lang='grc' dir='ltr'>Ἰωάννου.</span> 
     </span>
    </p>
   </div>
   <div class='ocr_carea' id='block_1_90' title="bbox 1492 4697 2356 4756">
    <p class='ocr_par' dir='ltr' id='par_1_90' title="bbox 1492 4697 2356 4756">
     <span class='ocr_line' id='line_1_90' title="bbox 1492 4697 2356 4756; baseline 0.003 -5"><span class='ocrx_word' id='word_1_587' title='bbox 1492 4697 1763 4756; x_wconf 78' lang='lat' dir='ltr'><strong>VALESll</strong></span> <span class='ocrx_word' id='word_1_588' title='bbox 1799 4697 2356 4756; x_wconf 79' lang='lat' dir='ltr'><strong>ANNOTATIONES.</strong></span> 
     </span>
    </p>
   </div>
   <div class='ocr_carea' id='block_1_91' title="bbox 292 4813 3566 4888">
    <p class='ocr_par' dir='ltr' id='par_1_91' title="bbox 292 4813 3566 4888">
     <span class='ocr_line' id='line_1_91' title="bbox 292 4813 3566 4888; baseline 0.001 -20"><span class='ocrx_word' id='word_1_589' title='bbox 292 4817 396 4884; x_wconf 78' lang='grc' dir='ltr'>τῆς</span> <span class='ocrx_word' id='word_1_590' title='bbox 430 4817 497 4868; x_wconf 83' lang='grc' dir='ltr'>ὲν.</span> <span class='ocrx_word' id='word_1_591' title='bbox 541 4815 761 4884; x_wconf 76' lang='grc' dir='ltr'>Φοινίκη</span> <span class='ocrx_word' id='word_1_592' title='bbox 795 4813 1148 4888; x_wconf 67' lang='grc' dir='ltr'>Λιϐανησίας.</span> <span class='ocrx_word' id='word_1_593' title='bbox 1180 4816 1391 4888; x_wconf 82' lang='lat' dir='ltr'><strong>Duplex</strong></span> <span class='ocrx_word' id='word_1_594' title='bbox 1431 4826 1552 4872; x_wconf 89' lang='lat' dir='ltr'><strong>erat</strong></span> <span class='ocrx_word' id='word_1_595' title='bbox 1595 4817 1876 4886; x_wconf 70' lang='lat' dir='ltr'><strong>thnice,</strong></span> <span class='ocrx_word' id='word_1_596' title='bbox 1913 4823 1958 4881; x_wconf 84' lang='grc' dir='ltr'>ο</span> <span class='ocrx_word' id='word_1_597' title='bbox 1983 4837 2068 4876; x_wconf 83' lang='grc' dir='ltr'><strong>να.</strong></span> <span class='ocrx_word' id='word_1_598' title='bbox 2093 4829 2202 4874; x_wconf 90' lang='lat' dir='ltr'><strong>etc.</strong></span> <span class='ocrx_word' id='word_1_599' title='bbox 2235 4817 2385 4872; x_wconf 85' lang='lat' dir='ltr'><strong>Idem</strong></span> <span class='ocrx_word' id='word_1_600' title='bbox 2422 4816 2642 4870; x_wconf 90' lang='lat' dir='ltr'><strong>initium</strong></span> <span class='ocrx_word' id='word_1_601' title='bbox 2687 4817 2884 4885; x_wconf 88' lang='lat' dir='ltr'><strong>capitis</strong></span> <span class='ocrx_word' id='word_1_602' title='bbox 2929 4819 3002 4871; x_wconf 82' lang='lat' dir='ltr'><strong>ita</strong></span> <span class='ocrx_word' id='word_1_603' title='bbox 3026 4819 3409 4888; x_wconf 75' lang='lat' dir='ltr'><strong>corrigit.on</strong></span> <span class='ocrx_word' id='word_1_604' title='bbox 3454 4821 3566 4872; x_wconf 65' lang='grc' dir='ltr'>ἀπὸ</span> 
     </span>
    </p>
   </div>
   <div class='ocr_carea' id='block_1_92' title="bbox 297 4885 1874 4954">
    <p class='ocr_par' dir='ltr' id='par_1_92' title="bbox 297 4885 1874 4954">
     <span class='ocr_line' id='line_1_92' title="bbox 297 4885 1874 4954; baseline 0.002 -13"><span class='ocrx_word' id='word_1_605' title='bbox 297 4895 358 4941; x_wconf 86' lang='lat' dir='ltr'><strong>ut</strong></span> <span class='ocrx_word' id='word_1_606' title='bbox 385 4889 504 4954; x_wconf 82' lang='lat' dir='ltr'><strong>jam</strong></span> <span class='ocrx_word' id='word_1_607' title='bbox 527 4900 694 4954; x_wconf 89' lang='lat' dir='ltr'><strong>supra</strong></span> <span class='ocrx_word' id='word_1_608' title='bbox 725 4886 906 4938; x_wconf 87' lang='lat' dir='ltr'><strong>notavi</strong></span> <span class='ocrx_word' id='word_1_609' title='bbox 943 4902 957 4938; x_wconf 89' lang='lat'><strong>:</strong></span> <span class='ocrx_word' id='word_1_610' title='bbox 992 4885 1162 4940; x_wconf 90' lang='lat' dir='ltr'><strong>altera</strong></span> <span class='ocrx_word' id='word_1_611' title='bbox 1190 4887 1483 4952; x_wconf 88' lang='lat' dir='ltr'><strong>maritima,</strong></span> <span class='ocrx_word' id='word_1_612' title='bbox 1509 4889 1678 4942; x_wconf 85' lang='lat' dir='ltr'><strong>altera</strong></span> <span class='ocrx_word' id='word_1_613' title='bbox 1715 4885 1874 4944; x_wconf 50' lang='lat' dir='ltr'><strong>Liba?</strong></span> 
     </span>
    </p>
   </div>
   <div class='ocr_carea' id='block_1_93' title="bbox 294 4955 1874 5024">
    <p class='ocr_par' dir='ltr' id='par_1_93' title="bbox 294 4955 1874 5024">
     <span class='ocr_line' id='line_1_93' title="bbox 294 4955 1874 5024; baseline 0.003 -14"><span class='ocrx_word' id='word_1_614' title='bbox 294 4957 489 5012; x_wconf 85' lang='lat' dir='ltr'><strong>neusis</strong></span> <span class='ocrx_word' id='word_1_615' title='bbox 516 4957 681 5010; x_wconf 85' lang='lat' dir='ltr'><strong>dicta.</strong></span> <span class='ocrx_word' id='word_1_616' title='bbox 713 4955 952 5008; x_wconf 69' lang='lat' dir='ltr'><strong>Praeerat</strong></span> <span class='ocrx_word' id='word_1_617' title='bbox 998 4955 1128 5009; x_wconf 90' lang='lat' dir='ltr'><strong>huic</strong></span> <span class='ocrx_word' id='word_1_618' title='bbox 1178 4957 1475 5024; x_wconf 68' lang='lat' dir='ltr'><strong>provincia:</strong></span> <span class='ocrx_word' id='word_1_619' title='bbox 1511 4957 1621 5012; x_wconf 82' lang='lat' dir='ltr'><strong>dux</strong></span> <span class='ocrx_word' id='word_1_620' title='bbox 1651 4959 1874 5015; x_wconf 75' lang='grc' dir='ltr'><strong>Ρὴωιιί-</strong></span> 
     </span>
    </p>
   </div>
   <div class='ocr_carea' id='block_1_94' title="bbox 290 5024 1502 5095">
    <p class='ocr_par' dir='ltr' id='par_1_94' title="bbox 290 5024 1502 5095">
     <span class='ocr_line' id='line_1_94' title="bbox 290 5024 1502 5095; baseline -0.002 -12"><span class='ocrx_word' id='word_1_621' title='bbox 290 5041 410 5089; x_wconf 81' lang='lat' dir='ltr'><strong>ees,</strong></span> <span class='ocrx_word' id='word_1_622' title='bbox 442 5026 511 5081; x_wconf 86' lang='lat' dir='ltr'><strong>de</strong></span> <span class='ocrx_word' id='word_1_623' title='bbox 542 5041 654 5094; x_wconf 82' lang='lat' dir='ltr'><strong>quo</strong></span> <span class='ocrx_word' id='word_1_624' title='bbox 682 5025 807 5078; x_wconf 90' lang='lat' dir='ltr'><strong>vide</strong></span> <span class='ocrx_word' id='word_1_625' title='bbox 837 5025 1092 5080; x_wconf 81' lang='lat' dir='ltr'><strong>Notitiam</strong></span> <span class='ocrx_word' id='word_1_626' title='bbox 1116 5025 1324 5095; x_wconf 84' lang='lat' dir='ltr'><strong>imperii</strong></span> <span class='ocrx_word' id='word_1_627' title='bbox 1353 5024 1502 5081; x_wconf 80' lang='lat' dir='ltr'><strong>Rom.</strong></span> 
     </span>
    </p>
   </div>
   <div class='ocr_carea' id='block_1_95' title="bbox 369 5095 1873 5166">
    <p class='ocr_par' dir='ltr' id='par_1_95' title="bbox 369 5095 1873 5166">
     <span class='ocr_line' id='line_1_95' title="bbox 369 5095 1873 5166; baseline 0.001 -14"><span class='ocrx_word' id='word_1_628' title='bbox 369 5098 491 5166; x_wconf 81' lang='lat'><strong>(76)</strong></span> <span class='ocrx_word' id='word_1_629' title='bbox 527 5095 730 5160; x_wconf 82' lang='grc' dir='ltr'>Μηδὲν</span> <span class='ocrx_word' id='word_1_630' title='bbox 773 5096 1111 5166; x_wconf 73' lang='grc' dir='ltr'>,βούλεσθαι</span> <span class='ocrx_word' id='word_1_631' title='bbox 1159 5098 1499 5165; x_wconf 76' lang='grc' dir='ltr'>παρελθεῖν.</span> <span class='ocrx_word' id='word_1_632' title='bbox 1540 5097 1769 5165; x_wconf 84' lang='lat' dir='ltr'><strong>Melius,</strong></span> <span class='ocrx_word' id='word_1_633' title='bbox 1816 5099 1873 5154; x_wconf 90' lang='lat' dir='ltr'><strong>ni</strong></span> 
     </span>
    </p>
   </div>
   <div class='ocr_carea' id='block_1_96' title="bbox 295 5164 1185 5234">
    <p class='ocr_par' dir='ltr' id='par_1_96' title="bbox 295 5164 1185 5234">
     <span class='ocr_line' id='line_1_96' title="bbox 295 5164 1185 5234; baseline -0.01 -9"><span class='ocrx_word' id='word_1_634' title='bbox 295 5164 482 5230; x_wconf 70' lang='lat' dir='ltr'><strong>fallor,</strong></span> <span class='ocrx_word' id='word_1_635' title='bbox 515 5167 856 5221; x_wconf 83' lang='lat' dir='ltr'><strong>scriberetur</strong></span> <span class='ocrx_word' id='word_1_636' title='bbox 884 5164 1185 5234; x_wconf 81' lang='grc' dir='ltr'>προελθεῖν.</span> 
     </span>
    </p>
   </div>
   <div class='ocr_carea' id='block_1_97' title="bbox 371 5233 1875 5306">
    <p class='ocr_par' dir='ltr' id='par_1_97' title="bbox 371 5233 1875 5306">
     <span class='ocr_line' id='line_1_97' title="bbox 371 5233 1875 5306; baseline 0.002 -16"><span class='ocrx_word' id='word_1_637' title='bbox 371 5238 483 5306; x_wconf 72' lang='lat'><strong>(71)</strong></span> <span class='ocrx_word' id='word_1_638' title='bbox 523 5238 769 5303; x_wconf 80' lang='grc' dir='ltr'>Χρόνοις</span> <span class='ocrx_word' id='word_1_639' title='bbox 807 5233 1168 5306; x_wconf 71' lang='grc' dir='ltr'>γενομένοις.</span> <span class='ocrx_word' id='word_1_640' title='bbox 1209 5235 1750 5293; x_wconf 83' lang='lat' dir='ltr'><strong>Assentiorllenrico</strong></span> <span class='ocrx_word' id='word_1_641' title='bbox 1775 5237 1875 5293; x_wconf 89' lang='lat' dir='ltr'><strong>Sa-</strong></span> 
     </span>
    </p>
   </div>
   <div class='ocr_carea' id='block_1_98' title="bbox 293 5305 1876 5378">
    <p class='ocr_par' dir='ltr' id='par_1_98' title="bbox 293 5305 1876 5378">
     <span class='ocr_line' id='line_1_98' title="bbox 293 5305 1876 5378; baseline -0.003 -14"><span class='ocrx_word' id='word_1_642' title='bbox 293 5305 454 5374; x_wconf 72' lang='lat' dir='ltr'><strong>vilio,</strong></span> <span class='ocrx_word' id='word_1_643' title='bbox 482 5308 578 5378; x_wconf 92' lang='lat' dir='ltr'><strong>qui</strong></span> <span class='ocrx_word' id='word_1_644' title='bbox 617 5307 684 5361; x_wconf 88' lang='lat' dir='ltr'><strong>ad</strong></span> <span class='ocrx_word' id='word_1_645' title='bbox 710 5321 864 5362; x_wconf 88' lang='lat' dir='ltr'><strong>oram</strong></span> <span class='ocrx_word' id='word_1_646' title='bbox 910 5305 998 5362; x_wconf 90' lang='lat' dir='ltr'><strong>sui</strong></span> <span class='ocrx_word' id='word_1_647' title='bbox 1038 5305 1247 5362; x_wconf 84' lang='lat' dir='ltr'><strong>codicis</strong></span> <span class='ocrx_word' id='word_1_648' title='bbox 1291 5307 1604 5364; x_wconf 85' lang='lat' dir='ltr'><strong>emendavit</strong></span> <span class='ocrx_word' id='word_1_649' title='bbox 1647 5309 1876 5378; x_wconf 83' lang='grc' dir='ltr'>γενόμε-</span> 
     </span>
    </p>
   </div>
   <div class='ocr_carea' id='block_1_99' title="bbox 1980 4887 3563 4956">
    <p class='ocr_par' dir='ltr' id='par_1_99' title="bbox 1980 4887 3563 4956">
     <span class='ocr_line' id='line_1_99' title="bbox 1980 4887 3563 4956; baseline -0.001 -12"><span class='ocrx_word' id='word_1_650' title='bbox 1980 4890 2183 4956; x_wconf 75' lang='grc' dir='ltr'>τρόπου</span> <span class='ocrx_word' id='word_1_651' title='bbox 2227 4888 2306 4948; x_wconf 81' lang='grc' dir='ltr'>δὲ,</span> <span class='ocrx_word' id='word_1_652' title='bbox 2335 4896 2468 4950; x_wconf 92' lang='lat' dir='ltr'><strong>etc.,</strong></span> <span class='ocrx_word' id='word_1_653' title='bbox 2503 4895 2685 4956; x_wconf 87' lang='lat' dir='ltr'><strong>posset</strong></span> <span class='ocrx_word' id='word_1_654' title='bbox 2711 4888 2875 4941; x_wconf 89' lang='lat' dir='ltr'><strong>etiam</strong></span> <span class='ocrx_word' id='word_1_655' title='bbox 2907 4887 3073 4945; x_wconf 89' lang='lat' dir='ltr'><strong>scribi</strong></span> <span class='ocrx_word' id='word_1_656' title='bbox 3109 4887 3214 4940; x_wconf 72' lang='grc' dir='ltr'><strong>οὐκ</strong></span> <span class='ocrx_word' id='word_1_657' title='bbox 3244 4890 3352 4942; x_wconf 77' lang='grc' dir='ltr'><strong>ἀπὸ</strong></span> <span class='ocrx_word' id='word_1_658' title='bbox 3397 4889 3563 4942; x_wconf 82' lang='grc' dir='ltr'>τόπου</span> 
     </span>
    </p>
   </div>
   <div class='ocr_carea' id='block_1_100' title="bbox 1979 4957 3565 5015">
    <p class='ocr_par' dir='ltr' id='par_1_100' title="bbox 1979 4957 3565 5015">
     <span class='ocr_line' id='line_1_100' title="bbox 1979 4957 3565 5015; baseline 0.001 -3"><span class='ocrx_word' id='word_1_659' title='bbox 1979 4960 2057 5014; x_wconf 82' lang='grc' dir='ltr'><strong>δέ.</strong></span> <span class='ocrx_word' id='word_1_660' title='bbox 2087 4975 2150 5014; x_wconf 91' lang='lat' dir='ltr'><strong>ac</strong></span> <span class='ocrx_word' id='word_1_661' title='bbox 2175 4960 2405 5012; x_wconf 82' lang='lat' dir='ltr'><strong>fortasse</strong></span> <span class='ocrx_word' id='word_1_662' title='bbox 2431 4957 2792 5012; x_wconf 88' lang='lat' dir='ltr'><strong>commodius.</strong></span> <span class='ocrx_word' id='word_1_663' title='bbox 2827 4957 2974 5013; x_wconf 88' lang='lat' dir='ltr'><strong>Idem</strong></span> <span class='ocrx_word' id='word_1_664' title='bbox 3009 4967 3093 5012; x_wconf 89' lang='lat' dir='ltr'><strong>est</strong></span> <span class='ocrx_word' id='word_1_665' title='bbox 3116 4959 3261 5012; x_wconf 89' lang='lat' dir='ltr'><strong>enim</strong></span> <span class='ocrx_word' id='word_1_666' title='bbox 3294 4973 3357 5014; x_wconf 92' lang='lat' dir='ltr'><strong>ac</strong></span> <span class='ocrx_word' id='word_1_667' title='bbox 3394 4961 3437 5015; x_wconf 90' lang='lat' dir='ltr'><strong>si</strong></span> <span class='ocrx_word' id='word_1_668' title='bbox 3483 4960 3565 5014; x_wconf 84' lang='lat' dir='ltr'><strong>di-</strong></span> 
     </span>
    </p>
   </div>
   <div class='ocr_carea' id='block_1_101' title="bbox 1979 5027 3566 5093">
    <p class='ocr_par' dir='ltr' id='par_1_101' title="bbox 1979 5027 3566 5093">
     <span class='ocr_line' id='line_1_101' title="bbox 1979 5027 3566 5093; baseline 0.001 -9"><span class='ocrx_word' id='word_1_669' title='bbox 1979 5044 2134 5085; x_wconf 82' lang='lat' dir='ltr'><strong>ceres</strong></span> <span class='ocrx_word' id='word_1_670' title='bbox 2152 5031 2252 5082; x_wconf 74' lang='grc' dir='ltr'>οὐκ</span> <span class='ocrx_word' id='word_1_671' title='bbox 2280 5030 2498 5082; x_wconf 82' lang='grc' dir='ltr'>ἄτοπον.</span> <span class='ocrx_word' id='word_1_672' title='bbox 2526 5028 2633 5082; x_wconf 84' lang='lat' dir='ltr'><strong>Pro</strong></span> <span class='ocrx_word' id='word_1_673' title='bbox 2654 5029 2988 5093; x_wconf 69' lang='grc' dir='ltr'>γενομένοις,</span> <span class='ocrx_word' id='word_1_674' title='bbox 3021 5027 3194 5082; x_wconf 82' lang='lat' dir='ltr'><strong>codex</strong></span> <span class='ocrx_word' id='word_1_675' title='bbox 3217 5029 3566 5086; x_wconf 89' lang='lat' dir='ltr'><strong>Tellerianus</strong></span> 
     </span>
    </p>
   </div>
   <div class='ocr_carea' id='block_1_102' title="bbox 1979 5099 2882 5168">
    <p class='ocr_par' dir='ltr' id='par_1_102' title="bbox 1979 5099 2882 5168">
     <span class='ocr_line' id='line_1_102' title="bbox 1979 5099 2882 5168; baseline -0.007 -12"><span class='ocrx_word' id='word_1_676' title='bbox 1979 5101 2245 5168; x_wconf 88' lang='lat' dir='ltr'><strong>scriptum</strong></span> <span class='ocrx_word' id='word_1_677' title='bbox 2279 5099 2444 5152; x_wconf 89' lang='lat' dir='ltr'><strong>habet</strong></span> <span class='ocrx_word' id='word_1_678' title='bbox 2474 5099 2882 5166; x_wconf 76' lang='grc' dir='ltr'>γεγενημένοις.</span> 
     </span>
    </p>
   </div>
   <div class='ocr_carea' id='block_1_103' title="bbox 2055 5167 3566 5235">
    <p class='ocr_par' dir='ltr' id='par_1_103' title="bbox 2055 5167 3566 5235">
     <span class='ocr_line' id='line_1_103' title="bbox 2055 5167 3566 5235; baseline -0.003 -10"><span class='ocrx_word' id='word_1_679' title='bbox 2055 5167 2164 5235; x_wconf 73' lang='grc'><strong>(78)</strong></span> <span class='ocrx_word' id='word_1_680' title='bbox 2207 5171 2310 5223; x_wconf 80' lang='grc' dir='ltr'><strong>Καὶ</strong></span> <span class='ocrx_word' id='word_1_681' title='bbox 2354 5168 2674 5235; x_wconf 73' lang='grc' dir='ltr'>Θεοδώρου.</span> <span class='ocrx_word' id='word_1_682' title='bbox 2717 5167 3131 5223; x_wconf 80' lang='lat' dir='ltr'><strong>Athenodorum</strong></span> <span class='ocrx_word' id='word_1_683' title='bbox 3199 5167 3366 5223; x_wconf 89' lang='lat' dir='ltr'><strong>hunc</strong></span> <span class='ocrx_word' id='word_1_684' title='bbox 3405 5177 3566 5223; x_wconf 82' lang='lat' dir='ltr'><strong>vocat</strong></span> 
     </span>
    </p>
   </div>
   <div class='ocr_carea' id='block_1_104' title="bbox 1981 5237 3564 5310">
    <p class='ocr_par' dir='ltr' id='par_1_104' title="bbox 1981 5237 3564 5310">
     <span class='ocr_line' id='line_1_104' title="bbox 1981 5237 3564 5310; baseline -0.003 -16"><span class='ocrx_word' id='word_1_685' title='bbox 1981 5239 2328 5295; x_wconf 83' lang='lat' dir='ltr'><strong>Marcellinus</strong></span> <span class='ocrx_word' id='word_1_686' title='bbox 2356 5254 2543 5310; x_wconf 90' lang='lat' dir='ltr'><strong>comes</strong></span> <span class='ocrx_word' id='word_1_687' title='bbox 2574 5239 2626 5310; x_wconf 69' lang='lat' dir='ltr'><strong>in</strong></span> <span class='ocrx_word' id='word_1_688' title='bbox 2663 5237 2938 5310; x_wconf 75' lang='lat' dir='ltr'><strong>Chronico,</strong></span> <span class='ocrx_word' id='word_1_689' title='bbox 2970 5238 3260 5310; x_wconf 81' lang='lat' dir='ltr'><strong>Anastasio</strong></span> <span class='ocrx_word' id='word_1_690' title='bbox 3287 5239 3424 5310; x_wconf 77' lang='lat' dir='ltr'><strong>Aug.</strong></span> <span class='ocrx_word' id='word_1_691' title='bbox 3445 5239 3564 5296; x_wconf 82' lang='lat' dir='ltr'><strong>solo</strong></span> 
     </span>
    </p>
   </div>
   <div class='ocr_carea' id='block_1_105' title="bbox 1980 5309 3207 5380">
    <p class='ocr_par' dir='ltr' id='par_1_105' title="bbox 1980 5309 3207 5380">
     <span class='ocr_line' id='line_1_105' title="bbox 1980 5309 3207 5380; baseline -0.002 -16"><span class='ocrx_word' id='word_1_692' title='bbox 1980 5318 2179 5373; x_wconf 84' lang='lat' dir='ltr'><strong>cos..et</strong></span> <span class='ocrx_word' id='word_1_693' title='bbox 2203 5309 2571 5380; x_wconf 81' lang='lat' dir='ltr'><strong>TheOphaues</strong></span> <span class='ocrx_word' id='word_1_694' title='bbox 2599 5309 2657 5364; x_wconf 89' lang='lat' dir='ltr'><strong>in</strong></span> <span class='ocrx_word' id='word_1_695' title='bbox 2688 5309 2966 5375; x_wconf 83' lang='lat' dir='ltr'><strong>Chronico,</strong></span> <span class='ocrx_word' id='word_1_696' title='bbox 2998 5325 3054 5379; x_wconf 91' lang='lat' dir='ltr'><strong>p.</strong></span> <span class='ocrx_word' id='word_1_697' title='bbox 3085 5309 3207 5364; x_wconf 76' lang='lat'><strong>“8.</strong></span> 
     </span>
    </p>
   </div>
   <div class='ocr_carea' id='block_1_106' title="bbox 1725 5419 2104 5477">
    <p class='ocr_par' dir='ltr' id='par_1_106' title="bbox 1725 5419 2104 5477">
     <span class='ocr_line' id='line_1_106' title="bbox 1725 5419 2104 5477; baseline -0.003 -1"><span class='ocrx_word' id='word_1_698' title='bbox 1725 5419 2104 5477; x_wconf 77' lang='lat' dir='ltr'><strong>VARIORUM.</strong></span> 
     </span>
    </p>
   </div>
   <div class='ocr_carea' id='block_1_107' title="bbox 375 5528 1879 5602">
    <p class='ocr_par' dir='ltr' id='par_1_107' title="bbox 375 5528 1879 5602">
     <span class='ocr_line' id='line_1_107' title="bbox 375 5528 1879 5602; baseline 0.002 -19"><span class='ocrx_word' id='word_1_699' title='bbox 375 5530 773 5602; x_wconf 46' lang='grc' dir='ltr'>(οχΛο-ι-τῖνος</span> <span class='ocrx_word' id='word_1_700' title='bbox 817 5535 850 5584; x_wconf 86' lang='grc' dir='ltr'><em>ὁ</em></span> <span class='ocrx_word' id='word_1_701' title='bbox 888 5531 1166 5596; x_wconf 74' lang='grc' dir='ltr'>Ζήνωνος</span> <span class='ocrx_word' id='word_1_702' title='bbox 1200 5529 1469 5602; x_wconf 79' lang='grc' dir='ltr'>ὅμαιμος.</span> <span class='ocrx_word' id='word_1_703' title='bbox 1510 5528 1879 5602; x_wconf 56' lang='grc' dir='ltr'>γει-ιίικνιιιο-</span> 
     </span>
    </p>
   </div>
   <div class='ocr_carea' id='block_1_108' title="bbox 297 5600 1882 5672">
    <p class='ocr_par' dir='ltr' id='par_1_108' title="bbox 297 5600 1882 5672">
     <span class='ocr_line' id='line_1_108' title="bbox 297 5600 1882 5672; baseline -0.001 -15"><span class='ocrx_word' id='word_1_704' title='bbox 297 5600 416 5658; x_wconf 82' lang='lat' dir='ltr'><strong>sius</strong></span> <span class='ocrx_word' id='word_1_705' title='bbox 439 5600 706 5672; x_wconf 78' lang='lat' dir='ltr'><strong>Longinus</strong></span> <span class='ocrx_word' id='word_1_706' title='bbox 729 5601 952 5672; x_wconf 75' lang='lat' dir='ltr'><strong>Zenonis</strong></span> <span class='ocrx_word' id='word_1_707' title='bbox 979 5601 1424 5672; x_wconf 61' lang='lat' dir='ltr'><strong>consanguineus;</strong></span> <span class='ocrx_word' id='word_1_708' title='bbox 1457 5601 1552 5672; x_wconf 69' lang='lat' dir='ltr'><strong>qui</strong></span> <span class='ocrx_word' id='word_1_709' title='bbox 1584 5609 1765 5655; x_wconf 89' lang='lat' dir='ltr'><strong>tamen</strong></span> <span class='ocrx_word' id='word_1_710' title='bbox 1788 5619 1882 5672; x_wconf 87' lang='lat' dir='ltr'><strong>su-</strong></span> 
     </span>
    </p>
   </div>
   <div class='ocr_carea' id='block_1_109' title="bbox 298 5669 1884 5755">
    <p class='ocr_par' dir='ltr' id='par_1_109' title="bbox 298 5669 1884 5755">
     <span class='ocr_line' id='line_1_109' title="bbox 298 5669 1884 5755; baseline 0.001 -30"><span class='ocrx_word' id='word_1_711' title='bbox 298 5687 422 5755; x_wconf 83' lang='lat' dir='ltr'><strong>pra,</strong></span> <span class='ocrx_word' id='word_1_712' title='bbox 469 5669 590 5753; x_wconf 74' lang='lat' dir='ltr'><strong>cap.</strong></span> <span class='ocrx_word' id='word_1_713' title='bbox 618 5674 714 5732; x_wconf 71' lang='lat'><strong>29,</strong></span> <span class='ocrx_word' id='word_1_714' title='bbox 743 5671 1046 5752; x_wconf 80' lang='lat' dir='ltr'><strong>Longinum</strong></span> <span class='ocrx_word' id='word_1_715' title='bbox 1081 5669 1206 5755; x_wconf 69' lang='lat' dir='ltr'><strong>eum</strong></span> <span class='ocrx_word' id='word_1_716' title='bbox 1243 5670 1474 5755; x_wconf 58' lang='lat' dir='ltr'><strong>Evagrio</strong></span> <span class='ocrx_word' id='word_1_717' title='bbox 1505 5669 1742 5755; x_wconf 44' lang='lat' dir='ltr'><strong>Lenonis</strong></span> <span class='ocrx_word' id='word_1_718' title='bbox 1776 5671 1884 5755; x_wconf 77' lang='lat' dir='ltr'><strong>fra-</strong></span> 
     </span>
    </p>
   </div>
   <div class='ocr_carea' id='block_1_110' title="bbox 300 5739 1880 5811">
    <p class='ocr_par' dir='ltr' id='par_1_110' title="bbox 300 5739 1880 5811">
     <span class='ocr_line' id='line_1_110' title="bbox 300 5739 1880 5811; baseline 0.001 -16"><span class='ocrx_word' id='word_1_719' title='bbox 300 5739 443 5797; x_wconf 76' lang='lat' dir='ltr'><strong>trem</strong></span> <span class='ocrx_word' id='word_1_720' title='bbox 490 5739 550 5796; x_wconf 83' lang='lat' dir='ltr'><strong>in</strong></span> <span class='ocrx_word' id='word_1_721' title='bbox 576 5757 677 5796; x_wconf 82' lang='lat' dir='ltr'><strong>sua</strong></span> <span class='ocrx_word' id='word_1_722' title='bbox 706 5739 956 5796; x_wconf 79' lang='lat' dir='ltr'><strong>versiOne</strong></span> <span class='ocrx_word' id='word_1_723' title='bbox 986 5741 1309 5811; x_wconf 84' lang='lat' dir='ltr'><strong>appellarat.</strong></span> <span class='ocrx_word' id='word_1_724' title='bbox 1342 5739 1407 5793; x_wconf 86' lang='lat' dir='ltr'><strong>Et</strong></span> <span class='ocrx_word' id='word_1_725' title='bbox 1435 5741 1658 5808; x_wconf 90' lang='lat' dir='ltr'><strong>quidem</strong></span> <span class='ocrx_word' id='word_1_726' title='bbox 1692 5751 1840 5796; x_wconf 85' lang='lat' dir='ltr'><strong>recte</strong></span> <span class='ocrx_word' id='word_1_727' title='bbox 1866 5759 1880 5805; x_wconf 91' lang='lat'><strong>;</strong></span> 
     </span>
    </p>
   </div>
   <div class='ocr_carea' id='block_1_111' title="bbox 299 5811 1881 5881">
    <p class='ocr_par' dir='ltr' id='par_1_111' title="bbox 299 5811 1881 5881">
     <span class='ocr_line' id='line_1_111' title="bbox 299 5811 1881 5881; baseline -0.001 -16"><span class='ocrx_word' id='word_1_728' title='bbox 299 5825 429 5865; x_wconf 87' lang='lat' dir='ltr'><strong>cum</strong></span> <span class='ocrx_word' id='word_1_729' title='bbox 463 5811 714 5868; x_wconf 62' lang='lat' dir='ltr'><strong>Gracum</strong></span> <span class='ocrx_word' id='word_1_730' title='bbox 738 5812 812 5867; x_wconf 87' lang='lat' dir='ltr'><strong>ibi</strong></span> <span class='ocrx_word' id='word_1_731' title='bbox 838 5811 1036 5866; x_wconf 86' lang='lat' dir='ltr'><strong>habeat</strong></span> <span class='ocrx_word' id='word_1_732' title='bbox 1065 5813 1322 5878; x_wconf 75' lang='grc' dir='ltr'>Λογγῖνον</span> <span class='ocrx_word' id='word_1_733' title='bbox 1348 5811 1591 5880; x_wconf 75' lang='grc' dir='ltr'>Ζήνωνος</span> <span class='ocrx_word' id='word_1_734' title='bbox 1623 5812 1881 5881; x_wconf 69' lang='grc' dir='ltr'>ἀδελφόνς</span> 
     </span>
    </p>
   </div>
   <div class='ocr_carea' id='block_1_112' title="bbox 1986 5526 3570 5600">
    <p class='ocr_par' dir='ltr' id='par_1_112' title="bbox 1986 5526 3570 5600">
     <span class='ocr_line' id='line_1_112' title="bbox 1986 5526 3570 5600; baseline -0.003 -12"><span class='ocrx_word' id='word_1_735' title='bbox 1986 5547 2168 5600; x_wconf 89' lang='lat' dir='ltr'><strong>neque</strong></span> <span class='ocrx_word' id='word_1_736' title='bbox 2195 5532 2342 5586; x_wconf 90' lang='lat' dir='ltr'><strong>enim</strong></span> <span class='ocrx_word' id='word_1_737' title='bbox 2369 5547 2476 5586; x_wconf 85' lang='lat' dir='ltr'><strong>vox</strong></span> <span class='ocrx_word' id='word_1_738' title='bbox 2505 5531 2621 5585; x_wconf 63' lang='lat' dir='ltr'><strong>haec</strong></span> <span class='ocrx_word' id='word_1_739' title='bbox 2643 5529 2869 5600; x_wconf 76' lang='grc' dir='ltr'>ἀδελφός</span> <span class='ocrx_word' id='word_1_740' title='bbox 2897 5545 2964 5584; x_wconf 92' lang='lat' dir='ltr'><strong>eo</strong></span> <span class='ocrx_word' id='word_1_741' title='bbox 2997 5546 3053 5584; x_wconf 81' lang='lat' dir='ltr'><strong>In</strong></span> <span class='ocrx_word' id='word_1_742' title='bbox 3083 5531 3206 5600; x_wconf 86' lang='lat' dir='ltr'><strong>loco</strong></span> <span class='ocrx_word' id='word_1_743' title='bbox 3226 5526 3376 5582; x_wconf 85' lang='lat' dir='ltr'><strong>aliud</strong></span> <span class='ocrx_word' id='word_1_744' title='bbox 3405 5545 3570 5599; x_wconf 89' lang='lat' dir='ltr'><strong>quam</strong></span> 
     </span>
    </p>
   </div>
   <div class='ocr_carea' id='block_1_113' title="bbox 1988 5599 3569 5727">
    <p class='ocr_par' dir='ltr' id='par_1_113' title="bbox 1988 5599 3569 5727">
     <span class='ocr_line' id='line_1_113' title="bbox 1988 5599 3569 5727; baseline 0 -71"><span class='ocrx_word' id='word_1_745' title='bbox 1988 5603 2158 5727; x_wconf 46' lang='grc' dir='ltr'>ἕξοιεν</span> <span class='ocrx_word' id='word_1_746' title='bbox 2189 5601 2498 5670; x_wconf 80' lang='lat' dir='ltr'><strong>significare</strong></span> <span class='ocrx_word' id='word_1_747' title='bbox 2549 5609 2748 5668; x_wconf 87' lang='lat' dir='ltr'><strong>potest.</strong></span> <span class='ocrx_word' id='word_1_748' title='bbox 2786 5599 2809 5669; x_wconf 25' lang='lat'><strong>’(</strong></span> <span class='ocrx_word' id='word_1_749' title='bbox 2829 5601 3055 5664; x_wconf 77' lang='lat' dir='ltr'><strong>PAGlUS,</strong></span> <span class='ocrx_word' id='word_1_750' title='bbox 3082 5599 3148 5654; x_wconf 92' lang='lat' dir='ltr'><strong>ad</strong></span> <span class='ocrx_word' id='word_1_751' title='bbox 3185 5614 3388 5652; x_wconf 80' lang='lat' dir='ltr'><strong>annum</strong></span> <span class='ocrx_word' id='word_1_752' title='bbox 3419 5601 3569 5672; x_wconf 67' lang='lat'><strong>498.)</strong></span> 
     </span>
     <span class='ocr_line' id='line_1_114' title="bbox 2037 5669 3569 5727; baseline 0.001 -3"><span class='ocrx_word' id='word_1_753' title='bbox 2037 5671 2344 5727; x_wconf 73' lang='lat' dir='ltr'><strong>rollizatum</strong></span> <span class='ocrx_word' id='word_1_754' title='bbox 2376 5682 2462 5726; x_wconf 81' lang='lat' dir='ltr'><strong>est</strong></span> <span class='ocrx_word' id='word_1_755' title='bbox 2489 5679 2674 5724; x_wconf 88' lang='lat' dir='ltr'><strong>autem</strong></span> <span class='ocrx_word' id='word_1_756' title='bbox 2704 5671 2809 5724; x_wconf 73' lang='lat' dir='ltr'><strong>hoc.</strong></span> <span class='ocrx_word' id='word_1_757' title='bbox 2838 5671 3044 5725; x_wconf 84' lang='lat' dir='ltr'><strong>bellum</strong></span> <span class='ocrx_word' id='word_1_758' title='bbox 3075 5669 3383 5726; x_wconf 86' lang='lat' dir='ltr'><strong>Isauricum</strong></span> <span class='ocrx_word' id='word_1_759' title='bbox 3425 5685 3569 5727; x_wconf 86' lang='lat' dir='ltr'><strong>anno</strong></span> 
     </span>
    </p>
   </div>
   <div class='ocr_carea' id='block_1_114' title="bbox 2037 5669 3570 5742">
    <p class='ocr_par' dir='ltr' id='par_1_114' title="bbox 2037 5669 3570 5742">
     <span class='ocr_line' id='line_1_115' title="bbox 2037 5669 3570 5742; baseline 0.001 -18"><span class='ocrx_word' id='word_1_760' title='bbox 2037 5669 2344 5742; x_wconf 71' lang='lat' dir='ltr'><strong>rolligatum</strong></span> <span class='ocrx_word' id='word_1_761' title='bbox 2376 5682 2462 5726; x_wconf 81' lang='lat' dir='ltr'><strong>est</strong></span> <span class='ocrx_word' id='word_1_762' title='bbox 2489 5679 2674 5724; x_wconf 88' lang='lat' dir='ltr'><strong>autem</strong></span> <span class='ocrx_word' id='word_1_763' title='bbox 2696 5671 2809 5742; x_wconf 68' lang='lat' dir='ltr'><strong>hoc.</strong></span> <span class='ocrx_word' id='word_1_764' title='bbox 2838 5671 3044 5725; x_wconf 82' lang='lat' dir='ltr'><strong>bellum</strong></span> <span class='ocrx_word' id='word_1_765' title='bbox 3075 5669 3383 5726; x_wconf 86' lang='lat' dir='ltr'><strong>Isauricum</strong></span> <span class='ocrx_word' id='word_1_766' title='bbox 3425 5669 3570 5730; x_wconf 85' lang='lat' dir='ltr'><strong>anno</strong></span> 
     </span>
    </p>
   </div>
   <div class='ocr_carea' id='block_1_115' title="bbox 1992 5741 2826 5806">
    <p class='ocr_par' dir='ltr' id='par_1_115' title="bbox 1992 5741 2826 5806">
     <span class='ocr_line' id='line_1_116' title="bbox 1992 5741 2826 5806; baseline -0.004 -9"><span class='ocrx_word' id='word_1_767' title='bbox 1992 5743 2116 5806; x_wconf 71' lang='grc'><strong>497,</strong></span> <span class='ocrx_word' id='word_1_768' title='bbox 2160 5741 2219 5798; x_wconf 84' lang='lat' dir='ltr'><strong>ut</strong></span> <span class='ocrx_word' id='word_1_769' title='bbox 2249 5743 2393 5797; x_wconf 90' lang='lat' dir='ltr'><strong>idem</strong></span> <span class='ocrx_word' id='word_1_770' title='bbox 2426 5750 2657 5796; x_wconf 89' lang='lat' dir='ltr'><strong>testatur</strong></span> <span class='ocrx_word' id='word_1_771' title='bbox 2692 5741 2826 5796; x_wconf 87' lang='lat' dir='ltr'><strong>ibid.</strong></span> 
     </span>
    </p>
   </div>
  </div>
