4088 6300
393 372 537 437 2585

1292 378 1682 440 HISTORUE
1718 324 2315 441 ECCI.iSSlASTICIE
2355 382 2583 441 LIBER
2628 381 2742 441 lH.

3513 382 3657 447 2686

397 483 781 557 στρατοπέδων
804 484 1137 539 ἁλισθέντοιν
1164 486 1380 557 πρῶτος
1406 491 1434 542 ὁ
1460 489 1838 555 Κωνστάντιος
1865 488 1977 560 (88)

2083 489 2383 544 verborum
2432 491 2788 556 persuasione
2833 490 3152 545 Vctranioni
3205 492 3495 562 imperium
3531 497 3661 549 ade-

393 575 806 646 δημηγορήσας,
857 578 958 647 τῆς
1003 577 1099 630 τοῦ
1130 574 1364 649 τπατρὸς
1417 580 1797 651 ἀνεμίμνησκε
1850 584 1977 646 τοὺς

398 665 742 737 στρατιώτας
785 667 1117 737 φιλοτιμίας,
1146 668 1265 739 μεθ’
1300 665 1362 722 οὗ
1412 670 1643 734 πολλοὺς
1682 673 1976 742 πολεμίους

395 756 747 825 διεπόνησαν,
779 757 874 810 καὶ
912 759 1196 828 μεγίσταις
1228 760 1570 832 ἐτιμήθησαν
1587 762 1814 833 δωρεαῖς
1836 781 1849 794 ·
1883 765 1977 816 καὶ

397 848 477 911 ὡς
491 845 699 901 τούτων
718 849 1053 913 ἀκούσαντες
1073 852 1121 903 οἱ
1141 853 1492 922 στρατιῶται,
1518 852 1608 906 τὸν
1633 853 1977 923 Βρετανίωνα

398 939 501 1008 τῆς
534 939 763 1009 ἐσθῆτος
808 941 1219 1011 γυμνώσαντες,
1269 945 1583 1014 κατήγαγον
1604 943 1698 996 τοῦ
1733 944 1979 1016 βήματος

402 1029 622 1100 ἰδιώτην
649 1047 663 1060 ·
724 1032 819 1085 καὶ
868 1033 944 1095 ὠς
997 1032 1152 1085 οὐδὲν
1205 1032 1370 1105 ἄχαρι
1417 1035 1553 1104 πρὸς
1597 1036 1977 1089 Κωνσταντίου

401 1124 664 1189 πέπονθε,
698 1123 792 1177 τοῦ
834 1124 985 1197 παρὰ
1038 1124 1133 1178 σοῦ
1162 1125 1404 1179 τοσαῦτα
1453 1125 1595 1194 μετὰ
1621 1124 1717 1178 τοῦ
1769 1127 1977 1197 πατρὸς

402 1215 914 1286 βλασφημηθέντος.
970 1214 1093 1278 Πῶς
1125 1216 1305 1269 τοίνυν
1331 1218 1503 1282 ἀξιοῖς
1528 1216 1621 1269 τὸν
1649 1217 1810 1269 αὑτὸν
1836 1217 1978 1271 οὕτω

400 1308 707 1377 φιλότιμον,
758 1306 901 1360 οὕτω
959 1309 1336 1378 μεγαλόδωρον
1394 1309 1673 1377 γενέσθαι,
1710 1311 1801 1362 κοιλ⁸
1834 1308 1979 1362 οὕτω

402 1397 768 1467 ομικρολόγον
807 1399 899 1450 καὶ
927 1398 1206 1467 φειδωλὸν,
1232 1399 1308 1461 ὡς
1331 1398 1575 1453 τοιοῦτον
1613 1400 1782 1469 ὲναγῆ
1810 1400 1977 1471 πόρον

400 1487 694 1552 ιπιθεῐναι,
732 1489 914 1543 τέλεον
974 1489 1174 1555 ἀγνοῶ.
1226 1490 1347 1543 Ὀτι
1376 1490 1433 1542 δὲ
1493 1491 1612 1544 οὐδὲ
1667 1491 1977 1561 Φαῦστανῆ

399 1579 654 1649 Κρίσπον
704 1579 935 1642 ἀνεῖλεν,
992 1579 1115 1631 οὐδὲ
1163 1580 1316 1648 παρά
1339 1595 1485 1642 τινος
1541 1579 1857 1647 Αἰγυπτίου
1890 1579 1980 1632 διὰ

400 1667 580 1722 ταῦτα
624 1668 733 1722 τῶν
768 1670 1054 1741 ἡμετέρων
1107 1670 1424 1740 μυστηρίων
1470 1670 1756 1740 μετέσχεν,
1812 1671 1977 1724 ἄκουε

402 1758 815 1829 συγγράφοντας
844 1760 1109 1813 Εὑσεόίου
1132 1760 1227 1814 τοῦ
1249 1761 1558 1831 Παμφίλου,
1591 1761 1978 1830 συνακμάσαν-

2084 581 2271 635 misse.
2292 580 2427 635 Nam
2450 596 2575 635 cum
2604 580 2895 647 utriusque
2920 581 3089 650 partis
3104 583 3380 637 exercitus
3408 583 3466 637 in
3489 600 3661 639 unum

2082 673 2457 735 convenisset,
2485 672 2725 741 priorem
2750 670 3132 727 Constantium
3163 674 3331 729 verba
3373 675 3567 739 fecisse
3593 674 3661 731 ad
3725 695 3729 700 ’

2080 761 2308 825 milites,
2343 761 2539 831 eisque
2562 762 2618 816 in
2657 763 2979 816 memoriam
3020 779 3309 818 revocasse
3362 764 3664 820 liberalita-

2081 860 2190 906 tcm
2219 854 2464 923 parentis
2498 854 2606 917 sui,
2641 868 2879 922 quocum
2901 855 3070 907 multa
3103 853 3248 909 bella
3271 856 3660 919 coniecissent,

2077 954 2134 998 ct
2157 960 2185 998 a
2215 960 2327 1014 quo
2370 945 2621 999 maximis
2648 945 2810 1025 donis
2841 945 3021 999 affecti
3053 959 3257 1000 essent.
3284 947 3480 1001 Milites
3507 963 3661 1013 vero,

2082 1035 2170 1089 his
2221 1035 2446 1098 auditis,
2509 1035 2835 1089 Vetranioui
2893 1052 3193 1105 purpuram
3249 1039 3553 1101 ademisse,
3608 1052 3665 1093 et

2082 1125 2298 1193 privato
2328 1125 2522 1179 habitu
2577 1125 2831 1178 indutum
2886 1140 2953 1178 ex
3000 1126 3261 1180 tribunali
3303 1127 3661 1183 abstraxisse.

2082 1216 2350 1270 Eumdem
2380 1227 2563 1272 tamen
2599 1216 2736 1270 nihil
2794 1217 3017 1286 gravius
3041 1231 3257 1285 paSsum
3289 1232 3410 1271 esse
3440 1234 3469 1272 a
3520 1217 3665 1273 Con-

2080 1307 2305 1368 stantio,
2359 1322 2525 1376 quem
2585 1317 2645 1361 tu
2692 1323 2799 1361 una
2859 1323 2983 1362 cum
3032 1320 3187 1377 patre
3234 1316 3314 1363 tot
3358 1311 3665 1366 maledictis

2081 1398 2362 1453 lacerasti.
2395 1398 2647 1464 Quonam
2676 1398 2844 1467 igitur
2883 1397 3047 1451 modo
3095 1398 3350 1452 eumdem
3384 1398 3664 1453 hominem

2085 1489 2247 1545 simul
2279 1490 2419 1543 adeo
2440 1488 2795 1559 magniﬁcum
2816 1504 2881 1544 ac
2905 1489 3192 1543 liberalem
3218 1490 3389 1545 fuisse
3403 1489 3660 1554 aliirmes.

2081 1589 2137 1633 et
2161 1579 2303 1633 adeo
2325 1594 2555 1649 parcum
2585 1594 2648 1633 ac
2677 1579 2985 1645 sordidum,
3018 1591 3078 1633 ut
3096 1590 3202 1635 tam
3230 1581 3411 1635 dirum
3433 1580 3664 1652 vectigal

2030 1682 2035 1683 ’
2082 1670 2324 1725 subditis
2383 1670 2716 1739 imponeret,
2776 1670 3035 1740 equidem
3089 1686 3200 1725 non
3262 1671 3445 1726 video.
3503 1672 3662 1737 Quod

2082 1770 2267 1816 autem
2288 1777 2393 1815 nec
2415 1761 2670 1815 Faustam
2696 1776 2799 1815 nec
2818 1761 3072 1831 Crispum
3096 1763 3240 1817 idem
3265 1763 3661 1819 Constantinus

398 1866 494 1913 τος
523 1851 919 1922 Κωνσταντίνῳ
963 1853 1056 1904 καὶ
1105 1851 1360 1922 Κρίσπῳ,
1424 1854 1516 1905 καὶ
1582 1853 1978 1922 συγγενομένου

2082 1854 2374 1918 occiderit,
2408 1868 2508 1908 nec
2537 1853 2609 1906 ob
2636 1868 2756 1907 eam
2793 1868 3013 1907 causam
3039 1855 3108 1906 ab
3140 1855 3362 1910 homine
3407 1856 3663 1928 Egyptio

396 1940 632 2003 τούτοις.
688 1942 759 1996 Σὺ
813 1942 923 2011 γὰρ
966 1942 1087 1997 οὐδὲ
1130 1942 1299 2014 ἀκοὴν
1341 1945 1596 2013 γράφεις,
1645 1945 1776 2013 μήτι
1817 1961 1880 2013 γε
1917 1945 1982 2014 δὴ

398 2030 684 2101 ᾀλήθειαν,
745 2033 961 2096 πολλοῖς
1010 2034 1241 2105 ὕστερον
1296 2036 1511 2105 χρόνοις
1547 2037 1642 2088 ἐπὶ
1694 2037 1979 2105 Ἀρκαδίου

399 2123 499 2173 καὶ
539 2120 797 2192 Ὀνωρίου
843 2124 1004 2194 μέχρι
1060 2124 1153 2177 σοῦ
1196 2125 1483 2196 γέγραφας
1505 2123 1638 2195 (89),
1667 2127 1700 2196 ἢ
1732 2127 1827 2178 καὶ
1863 2127 1980 2195 μετ’

398 2216 601 2279 αὐτοὺς
629 2212 892 2289 γεγονώς.
927 2214 1134 2285 Γράφει
1158 2215 1215 2268 δὲ
1252 2215 1346 2268 ἐπὶ
1369 2214 1566 2279 λέξεως
1588 2215 1783 2281 ταῦτα,
1808 2219 1866 2270 ὲν
1904 2217 1982 2289 τῷ

398 2314 573 2384 ὀγδόῳ
595 2313 739 2393 λόγῳ
761 2315 872 2386 (90)
894 2316 991 2386 τῆς
1023 2315 1188 2369 αὑτοῦ
1237 2316 1781 2386 Ἐκκλησιαστικῆς
1821 2323 1982 2374 ἱστο-

393 2405 574 2473 ρίας⁶
621 2406 828 2476 Χρόνου
871 2406 927 2459 δὲ
982 2407 1043 2459 οὐ
1092 2406 1345 2460 πλείστου
1400 2408 1605 2478 μεταξὺ
1662 2411 1977 2480 γενομένου,

401 2495 659 2579 βασιλεὺς
721 2496 1099 2559 Κωνστάντιος
1148 2497 1240 2550 τὸν
1275 2497 1456 2551 πάντα
1516 2498 1634 2569 βίον
1673 2502 1978 2569 πραότατα,

399 2587 493 2655 καὶ
528 2588 642 2649 τοῖς
701 2587 962 2655 ὑπηκόοις
1003 2586 1388 2651 εὐνοϊκώτατα,
1440 2588 1519 2659 τῷ
1547 2606 1607 2642 τε
1650 2589 1783 2662 θείῳ
1836 2591 1980 2665 λόγῳ

400 2677 843 2746 προσφιλέστατα
879 2677 1218 2749 διαθέμενος,
1246 2679 1413 2738 παῖδα
1440 2683 1667 2752 γνήσιον
1698 2684 1981 2738 Κώνσταν-

397 2769 544 2820 τ’ίνον
585 2768 963 2840 αὐτοκράτορα
1017 2770 1280 2824 σεϐαστόν
1321 2771 1440 2824 ἀνθ’
1492 2772 1687 2827 ἑαυτοῦ
1756 2775 1981 2829 καταλι-

400 2856 541 2925 πὼν,
567 2860 732 2930 κοινῷ
760 2861 973 2930 φύσεως
1001 2862 1151 2933 νόμῳ
1173 2862 1397 2934 τελευτᾷ
1431 2864 1523 2917 τὸν
1546 2864 1681 2935 βίον.
1717 2868 1827 2922 Καὶ
1847 2869 1978 2937 μεθ’

392 2945 592 3018 ξτερα.
624 2951 824 3009 Τούτου
864 2955 995 3016 παῖς
1028 2953 1402 3018 Κωνστάντιος
1442 2955 1607 3020 εὐθὺς
1653 2958 1978 3029 ἀρχόμενος,

403 3040 660 3124 βασιλεὺς
682 3041 1012 3107 τελεώτατος
1063 3044 1157 3102 καὶ
1193 3043 1454 3108 σεδαστδς
1494 3046 1633 3117 πρὸς
1674 3047 1782 3100 τῶν
1811 3066 1980 3110 στρα-

401 3134 665 3200 τοπέδων,
697 3136 790 3188 καὶ
818 3134 898 3199 ἔτι
927 3135 1059 3190 πολὺ
1084 3135 1292 3190 τούτων
1325 3138 1591 3209 πρότερον
1626 3139 1765 3210 πρὸς
1810 3140 1977 3194 αὐτοῦ
2005 3167 2051 3228 c

400 3224 497 3278 toﬁ
564 3226 953 3295 παμϐασιλέως
1032 3226 1169 3281 Θεοῦ
1246 3229 1659 3301 ἀναγορευθεὶς,
1727 3230 1978 3302 ζηλωτὴν

404 3317 600 3370 ἑαυτὸν
628 3316 728 3387 τῆς
753 3318 1030 3389 πατρικῆς
1057 3318 1187 3389 περὶ¹
1217 3319 1310 3373 τὸν
1341 3320 1610 3391 ἡμέτερον
1639 3322 1797 3390 λόγον
1826 3324 1980 3377 εὐσε-

405 3408 556 3472 ϐείας
585 3410 974 3479 κατεστήσατο.
996 3410 1108 3463 Καὶ
1139 3410 1275 3481 πρὸς
1298 3409 1376 3481 τῷ
1408 3412 1551 3465 τέλει
1582 3413 1638 3466 δὲ
1666 3412 1764 3479 τῆς
1788 3413 1981 3469 Ἰστο-

396 3499 557 3565 plac,
613 3501 823 3567 τούτοις
871 3501 1003 3569 φησὶ
1041 3504 1153 3564 τοῖς
1191 3502 1486 3572 ὀνόμασινο
1543 3504 1602 3555 '0
1658 3504 1753 3570 δὲ,
1806 3507 1977 3578 ἀρετῇ

408 3590 559 3661 πάσῃ
617 3588 930 3655 Θεοσεσείας
1003 3594 1319 3662 ἐκπρέπων,
1387 3593 1684 3664 μέγιστος,
1757 3596 1984 3664 νικητὴς

407 3680 815 3745 Κωνσταντῖνος
871 3683 969 3735 σὺν
1008 3683 1162 3736 παιδὶ
1208 3684 1442 3755 Κρίσπῳ
1491 3685 1703 3755 βασιλεῖ
1740 3687 1984 3755 θεοφιλε-

406 3770 609 3841 στάτῳ,
633 3772 728 3825 καὶ
749 3773 891 3826 κατὰ
914 3773 1090 3827 πάντα
1113 3771 1205 3827 τοῦ
1227 3775 1434 3846 πατρὸς
1465 3775 1636 3847 ὁμοίῳ
1657 3777 1756 3848 τὴν
1775 3777 1985 3830 οἰκείαν

406 3861 551 3932 ῐῴαν
581 3864 984 3934 ἀπελάμϐανον.
1034 3865 1148 3917 Οὐκ
1186 3864 1253 3918 ἂν
1279 3865 1339 3929 δὲ
1378 3865 1407 3923 ὁ
1437 3865 1704 3930 Εὐσέϐιος
1733 3867 1985 3936 Κρίσπον

406 3949 581 4014 οὕτως
612 3950 895 4022 ἐπῄνεσεν,
932 3953 980 4005 εί
1014 3951 1150 4023 πρὸς
1198 3951 1294 4005 τοῦ
1326 3954 1533 4023 πατρὸς
1563 3952 1829 4025 ἀνῄρητο,
1858 3956 1982 4007 ἑπι-

408 4041 612 4108 βιιίισας
644 4044 721 4114 τῷ
741 4044 1165 4116 ,Κωνσταντξνῳ.
1213 4043 1270 4098 ’0
1297 4043 1354 4098 δὲ
1383 4044 1715 4118 Θεοδώριτος
1748 4047 1984 4115 ἱστορῶν

476 4186 498 4217 ⁸
537 4185 738 4240 Euseb.
769 4201 892 4257 pag.
927 4186 1054 4247 492.

2084 1952 2496 1999 sacramentum
2523 1952 2725 1997 nostrae
2772 1944 3058 2012 religionis
3088 1946 3382 2013 acceperit,
3413 1948 3565 2012 audi,
3615 1948 3662 2001 si
3748 1974 3757 1983 κ

2092 2037 2294 2106 placet,
2329 2044 2621 2091 testantem
2685 2034 2976 2089 Eusebium
3031 2036 3318 2105 Pamphili,
3352 2038 3512 2108 375
3566 2043 3660 2109 qui

2086 2129 2285 2183 iisdem
2317 2126 2663 2197 temporibus
2685 2125 2870 2181 ﬂoruit
2917 2126 3121 2195 quibus
3173 2125 3569 2184 Constantinus
3606 2140 3663 2184 et

2080 2220 2311 2290 Crispus
2339 2223 2554 2284 vixere,
2590 2230 2647 2274 et
2690 2219 2936 2289 quicum
2967 2218 3160 2274 iisdem
3210 2235 3353 2289 saepe
3414 2231 3664 2278 versatus

2081 2322 2185 2366 est.
2212 2312 2292 2365 Tu
2321 2312 2467 2367 enim
2497 2327 2564 2366 ne
2624 2312 2908 2379 auditione
2956 2311 3181 2381 quidem
3217 2313 3314 2367 abs
3347 2323 3400 2368 te
3434 2324 3661 2384 accepta

2083 2402 2307 2468 scribis,
2338 2404 2540 2458 nedum
2564 2419 2715 2458 vera.
2741 2403 2955 2472 Quippe
2974 2404 3065 2473 qui
3101 2405 3411 2475 principatu
3437 2406 3661 2462 Arcadii

2081 2503 2138 2550 et
2170 2494 2420 2559 Honorii,
2462 2494 2530 2549 ad
2558 2510 2796 2564 quorum
2835 2510 3010 2563 usque
3068 2505 3314 2565 tempora
3370 2496 3661 2551 historiam

2088 2593 2243 2638 tuam
2302 2584 2634 2653 perduxisti,
2668 2595 2764 2637 aut
2820 2584 2988 2637 etiam
3017 2595 3141 2653 post
3186 2586 3310 2640 illos
3353 2586 3575 2639 vixeris.
3612 2587 3664 2642 is

2084 2676 2254 2741 igitur
2278 2677 2334 2731 in
2366 2684 2565 2731 octavo
2599 2675 2986 2731 Ecclesiasticre
3016 2676 3264 2731 Historizc
3285 2692 3396 2732 sua:
3425 2678 3568 2733 libro
3589 2679 3659 2733 ad

2057 2769 2320 2821 'verbum
2357 2767 2433 2821 ita
2478 2766 2705 2821 scribit:
2764 2766 2919 2821 Haud
2969 2767 3141 2822 multo
3188 2777 3312 2838 post
3361 2769 3663 2839 imperator

2082 2856 2461 2923 Constantius,
2486 2858 2573 2911 vir
2602 2858 2657 2911 in
2692 2857 2841 2912 omni
2870 2858 2979 2912 vita
3001 2857 3435 2927 placidissimus;
3461 2861 3555 2929 qui
3606 2870 3665 2916 et

2082 2950 2380 3005 clementia
2403 2950 2458 3003 in
2485 2949 2761 3015 subditos,
2829 2958 2884 3005 et
2907 2949 3173 3021 singulari
3199 2968 3327 3022 erga
3365 2951 3528 3007 ﬁdem
3560 2969 3667 3008 no-

2087 3048 2258 3096 stram
2289 3040 2675 3095 benevolentia
2700 3048 2970 3109 perpetuo
3003 3041 3267 3111 praeditus
3291 3041 3491 3109 fuerat,
3515 3043 3665 3098 Con-

2081 3132 2383 3187 stantinum
2414 3132 2703 3202 proprium
2737 3129 2912 3185 ﬁlium
2947 3132 3068 3187 vice
3126 3147 3225 3187 sua
3273 3135 3662 3203 imperatorem

2084 3234 2249 3293 atque
2275 3225 2584 3294 Augustum
2623 3223 2966 3294 relinquens,
2987 3224 3139 3279 fatali
3165 3234 3341 3280 morte
3371 3225 3664 3282 defunctus

2080 3324 2186 3370 est.
2240 3314 2307 3369 Et
2336 3314 2496 3385 paulo
2518 3324 2671 3384 post:
2722 3312 2894 3384 Hujus
2951 3314 3100 3370 illius
3137 3315 3555 3381 Constantinus,
3594 3318 3664 3371 ab

2083 3407 2203 3476 ipso
2227 3408 2410 3463 statim
2437 3408 2668 3473 exordio
2697 3422 2990 3477 supremus
3020 3408 3342 3478 imperator,
3373 3418 3431 3464 et
3476 3410 3664 3480 Augu-

2082 3507 2223 3563 stus,
2255 3516 2284 3553 a
2310 3498 2604 3562 militibus,
2636 3498 2844 3567 diuque
2865 3507 3025 3552 antea
3050 3498 3121 3552 ab
3147 3500 3395 3554 omnium
3425 3500 3668 3569 impera-

2087 3601 2265 3645 torum
2284 3590 2400 3645 Deo
2419 3591 2792 3653 renuntiatus,
2817 3596 3061 3658 paternae
3078 3602 3209 3659 erga
3231 3589 3391 3643 lidem
3422 3599 3663 3643 nostram

2087 3684 2308 3752 pietatis
2329 3682 2704 3737 aamulatorem
2730 3698 2788 3737 sc
2807 3682 3082 3751 praestitit.
3128 3682 3275 3736 Idem
3305 3682 3589 3736 Eusebius
3606 3683 3661 3736 in

2083 3774 2193 3830 line
2224 3774 2476 3829 Historia:
2498 3784 2519 3805 °
2548 3773 2636 3827 his
2663 3772 2838 3826 utitur
2863 3773 3079 3827 verbis:
3110 3772 3504 3829 Constantinus
3530 3787 3664 3826 vero

2085 3864 2349 3919 omnibus
2406 3862 2691 3935 religionis
2734 3862 3035 3916 virtutibus
3079 3870 3329 3923 ornatus,
3383 3871 3439 3917 et
3486 3861 3664 3916 victor

2084 3956 2376 4020 maximus,
2410 3972 2516 4011 una
2539 3970 2666 4010 cum
2697 3952 2808 4007 ﬁlio
2837 3952 3033 4022 Crispo
3085 3952 3321 4017 Caesare,
3367 3953 3479 4007 Deo
3527 3951 3661 4006 cha-

2084 4047 2306 4103 rissimo
2336 4057 2394 4103 et
2436 4046 2575 4118 patri
2619 4045 2987 4115 undequaque
3029 4046 3333 4110 simillimo,
3378 4047 3659 4104 Orientem

1592 4298 1853 4357 VALESH
1889 4300 2447 4358 ANNOTATIONES.

484 4399 591 4473 (88)
622 4395 869 4473 ΔΠρῶτος
898 4398 947 4473 ὁ.
970 4393 1406 4473 Κειηοτγτςιτῒννιοςζἶ
1455 4391 1824 4473 scribendum
1884 4401 1970 4473 est

408 4463 808 4548 Κώνῇεζντιος,
836 4473 898 4521 ιιι
933 4466 1145 4548 legitur.
1184 4464 1242 4518 in
1285 4463 1475 4519 codice
1521 4464 1856 4548 Tener-iano,
1918 4472 1972 4548 et

2073 4395 2272 4479 simum
2324 4381 3314 4479 vixisse.itetnporihusj'fhe‘odosﬁ
3383 4385 3650 4474 lenioris.

2080 4464 2284 4519 Neuter
2318 4471 2499 4516 tamen
2527 4461 2580 4515 id
2610 4460 2678 4516 de
2700 4460 2919 4516 Zosimo
2946 4460 3105 4515 dixit.
3131 4460 3236 4515 Sed
3270 4470 3481 4516 tantum
3504 4463 3658 4522 aiunt

406 4509 570 4608 3.7.x
585 4509 1242 4608 sitt'gttstnzfsi‘iibrg
1278 4509 1553 4608 3:23p:
1569 4509 1979 4608 tremat
2009 4509 2055 4567 υ
2081 4509 2273 4588 iiﬁi'dn“
2296 4509 2678 4608 εῑιιίῑίδίιξπῑδ
2701 4509 3657 4608 tristis"attagenam;

443 4602 533 4662 ost
550 4607 641 4661 ubi
677 4602 877 4676 legitur
895 4605 1124 4676 πολλοὺς
1153 4602 1980 4676 πολεμίους-διεπόνησανεερτί-

443 4625 533 4662 031.
550 4625 641 4661 um
677 4625 877 4676 legitur
895 4625 1124 4668 πολλους
1153 4625 1443 4672 πολεμιους
1470 4625 1815 4670 οιιπονησαν,
1839 4625 1979 4658 scrt-

408 4625 652 4733 bendum
708 4682 795 4729 est
850 4674 1124 4746 πολέμους
1181 4713 1196 4736 ,
1263 4681 1326 4728 ιιι
1374 4672 1547 4728 habet
1607 4672 1752 4727 idem
1816 4672 1979 4728 Nice-

447 4747 640 4801 borus.
719 4759 728 4768 '

406 4764 812 4881 Ρηῶἳὲελιέγρι
840 4813 958 4867 σοῦ
1011 4811 1327 4881 πργραφας.
1354 4811 1579 4881 Procul
1625 4811 1799 4867 dubio
1841 4812 1979 4865 scri-

404 4875 648 4943 bendum
674 4875 767 4940 est
786 4882 979 4953 μέχρις
1007 4875 1689 4954 oﬁ'dis'jun’ctisvocibus.
1709 4882 1881 4950 Atque
1907 4881 1980 4936 ita

402 4958 541 5026 legit
561 4951 926 5026 N_icephor_u§,
959 4951 1420 5026 quibaccEvagrii
1450 4952 1622 5026 verba
1648 4953 1728 5007 sic
1752 4965 1979 5026 expres.

402 5020 510 5080 sit:
545 5022 640 5087 Οἷς
670 5020 763 5076 καὶ
791 5022 891 5090 τὴν
919 5021 1242 5092 συγγραφὴν
1291 5020 1559 5092 ἓστησαςξ
1587 5021 1761 5088 Quem
1816 5020 1978 5092 Nice-

404 5096 569 5165 phori
599 5095 783 5165 locum
826 5089 1080 5165 joannes
1112 5089 1330 5165 Langus
1388 5106 1496 5144 non
1545 5091 1837 5165 intellexit.
1886 5089 1978 5146 Sic

400 5160 553 5221 enim
580 5162 747 5229 vertit
779 5181 793 5217 :
823 5162 897 5216 Tu
933 5178 1161 5231 namque
1185 5160 1355 5215 solum
1375 5177 1641 5215 rumorem
1672 5160 1979 5219 mutilatum

402 5235 632 5289 mandas
658 5234 876 5296 litteris,
905 5248 1008 5285 non
1036 5232 1308 5303 veritatem
1343 5231 1653 5303 ipsum,__qui
1688 5231 1842 5303 longo
1863 5240 1977 5303 post

400 5316 641 5374 tempore
671 5303 764 5358 sub
817 5303 1048 5374 Honorio
1099 5309 1150 5353 et
1188 5300 1414 5354 Arcadio
1463 5301 1650 5374 quibus
1700 5301 1978 5354 historiam

397 5371 556 5437 main
587 5375 861 5437 dedicasti,
885 5382 933 5427 et
960 5373 1185 5441 fortasse
1211 5378 1325 5440 post
1354 5385 1537 5427 eorum
1560 5371 1719 5441 etiam
1738 5380 1976 5437 tempora

399 5444 611 5514 langius
634 5446 844 5498 uixeris.
1009 5437 1331 5515 verltmdum
1362 5448 1526 5515 erat:
1564 5437 1762 5515 Quibus
1812 5441 1976 5515 histor

399 5508 545 5568 riunt
597 5522 745 5568 tuam
798 5512 1117 5567 tcrminasti.
1145 5511 1358 5564 Etenim
1405 5508 1658 5563 Zosim'us
1703 5524 1875 5577 usque
1908 5510 1974 5563 ad

396 5583 877 5654 expugnationem
911 5582 1071 5654 urbis
1132 5582 1316 5654 Romae
1361 5579 1432 5654 ab
1473 5579 1705 5654 Alarico
1749 5580 1971 5643 factam,

398 5647 720 5723 opussttum
747 5652 1024 5723 perduxit,
1059 5659 1212 5723 ιιι-εχ
1241 5648 1421 5723 ΡΙιοιίἰ
1467 5647 1788 5723 ῌξόιὶοείιεεςι
1830 5664 1972 5723 con-

399 5718 533 5779 stat.
572 5718 843 5778 Caeterum
878 5723 945 5777 el
973 5721 1077 5775 hoc
1120 5719 1333 5788 Evagrii
1365 5734 1430 5773 ac
1486 5718 1778 5789 Nicephori
1830 5719 1972 5789 loco,

406 5793 653 5859 Vossius,
688 5793 742 5847 in
772 5793 914 5848 libro
952 5791 1024 5846 De
1062 5790 1329 5844 Historicis
1361 5788 1576 5854 (ἴῃ-ανεξδ,
1606 5789 1837 5843 allii-mat
1868 5788 1972 5841 Zo-

2083 4618 2235 4657 suam
2263 4601 2594 4663 terminavit,
2631 4601 2910 4655 autetiam
2954 4599 3049 4653 diu
3083 4610 3206 4669 post
3233 4601 3378 4662 illos,
3428 4602 3652 4659 vixi~se.

2081 4672 2242 4729 Certe
2272 4671 2548 4724 Zosimum
2592 4669 2762 4735 hunc,
2793 4671 2936 4725 circa
2980 4668 3257 4725 Anastasii
3305 4672 3656 4740 imperatoris

2083 4753 2330 4811 tempora
2385 4740 2586 4811 vixisse
2615 4740 2890 4811 existimo.
2926 4740 3057 4794 Nam
3100 4751 3157 4794 et
3193 4740 3649 4810 Olympiodorum

2082 4810 2379 4867 Thebanum
2400 4810 2554 4874 citat,
2574 4812 2668 4879 qui
2692 4811 2795 4863 sub
2814 4810 3125 4864 Theodosio
3140 4811 3367 4865 Juniore
3380 4812 3654 4868 historiam

2081 4898 2235 4937 suam
2274 4879 2516 4946 scripsit,
2554 4889 2614 4933 ut
2640 4949 2643 4950 ν
2669 4889 2899 4934 testatur
2942 4880 3199 4941 Photius:
3261 4889 3317 4934 et
3364 4879 3653 4950 Syrianum

2082 4949 2769 5022 philosophumnominat,
2806 4950 2899 5022 qui
2944 4950 3122 5004 Procli
3179 4949 3441 5022 Diadochi
3478 4952 3652 5022 magi-

2080 5018 2192 5077 ster
2220 5021 2342 5075 fuit.
2372 5018 2714 5089 Vixitautem
2742 5020 2968 5073 Proclus
2993 5020 3334 5089 temporibus
3355 5018 3648 5075 Anastasii.

2080 5092 2327 5160 Denique
2353 5088 2552 5160 Sguidas
2575 5089 2855 5143 Zosimum
2886 5088 3191 5160 sophistam
3229 5090 3428 5160 vixisse
3457 5089 3653 5146 scribit

2082 5158 2346 5232 regnante
2374 5158 2680 5232 Anastasio.
2717 5160 2890 5232 Quem
2926 5159 3152 5232 quidem
3205 5158 3460 5232 existimo
3491 5174 3649 5214 eum-

2080 5228 2203 5285 dein
2268 5244 2389 5284 esse
2452 5242 2575 5281 cum
2644 5229 2860 5282 Zosimo
2926 5228 3283 5283 historiarum
3353 5229 3644 5298 scriptore.

2078 5301 2305 5355 Plurimi
2332 5300 2479 5354 enim
2515 5298 2765 5352 rhetores
2789 5314 2853 5353 ac
2891 5299 3173 5367 sophistze,
3199 5299 3266 5353 ad
3296 5298 3645 5353 scribendam

2078 5370 2365 5425 historiam
2404 5383 2462 5425 se
2486 5368 2864 5439 contulerunt.
2887 5376 2945 5439 ut
2972 5381 3086 5422 tum
3109 5384 3174 5422 ex
3202 5369 3459 5439 Dionysio
3495 5368 3648 5423 Hali-

2079 5456 2404 5502 carnasseo,
2466 5449 2580 5492 tum
2628 5454 2696 5491 ex
2747 5437 2871 5490 aliis
2930 5438 3236 5492 innumeris
3285 5437 3520 5492 constat.
3582 5440 3647 5493 Et

2077 5509 2329 5563 advocati
2362 5509 2478 5565 ﬁsci
2537 5506 2776 5578 dignitas
2808 5520 3178 5578 quaornatur
3232 5507 3502 5574 Zosimus,
3534 5523 3646 5563 non

2076 5580 2310 5632 multum
2348 5575 2664 5633 abborreta
2693 5575 3020 5644 SOphistica.

2146 5648 2255 5721 (99)
2286 5649 2384 5701 Ἐν
2408 5649 2486 5721 τῷ
2513 5645 2701 5721 ὀςχχῖόςρ
2722 5646 2900 5715 λόγῳ,
2943 5645 3042 5702 Hic
3068 5646 3299 5721 Eusebii
3319 5646 3475 5721 locus
3508 5646 3645 5721 legi-

2080 5726 2168 5789 tur
2194 5717 2248 5771 in
2284 5733 2402 5787 cap.
2426 5719 2496 5774 28
2544 5716 2668 5771 libri
2722 5731 2839 5781 vui,
2873 5730 2941 5769 ex
2993 5733 3104 5787 quo
3157 5717 3518 5789 corrigendus
3559 5716 3644 5774 est

2079 5788 2341 5859 Evagrlus
2359 5797 2565 5845 noster.
