  <div class='ocr_page' id='page_1' title='image "/cluster/home/n/w/nwhite01/storage/ocr_20150623/86 pt.2/mdp.39015008855424/472.png"; bbox 0 0 4054 6286; ppageno 0'>
   <div class='ocr_carea' id='block_1_1' title="bbox 256 405 394 474">
    <p class='ocr_par' dir='ltr' id='par_1_1' title="bbox 256 405 394 474">
     <span class='ocr_line' id='line_1_1' title="bbox 256 405 394 474; baseline -0.014 0"><span class='ocrx_word' id='word_1_1' title='bbox 256 405 394 474; x_wconf 65' lang='grc' dir='ltr'><strong>Ξιὲὂῦ</strong></span> 
     </span>
    </p>
   </div>
   <div class='ocr_carea' id='block_1_2' title="bbox 1191 392 2634 469">
    <p class='ocr_par' dir='ltr' id='par_1_2' title="bbox 1191 392 2634 469">
     <span class='ocr_line' id='line_1_2' title="bbox 1191 392 2634 469; baseline -0.003 0"><span class='ocrx_word' id='word_1_2' title='bbox 1191 395 1574 469; x_wconf 72' lang='grc' dir='ltr'><strong>ἩΙδΤΟΒῘίΕ</strong></span> <span class='ocrx_word' id='word_1_3' title='bbox 1616 392 2211 466; x_wconf 66' lang='lat' dir='ltr'><strong>ECCLESIASTICIE</strong></span> <span class='ocrx_word' id='word_1_4' title='bbox 2250 405 2480 466; x_wconf 81' lang='lat' dir='ltr'><strong>LIBER</strong></span> <span class='ocrx_word' id='word_1_5' title='bbox 2522 395 2634 466; x_wconf 79' lang='lat' dir='ltr'><strong>Ill.</strong></span> 
     </span>
    </p>
   </div>
   <div class='ocr_carea' id='block_1_3' title="bbox 3364 407 3508 474">
    <p class='ocr_par' dir='ltr' id='par_1_3' title="bbox 3364 407 3508 474">
     <span class='ocr_line' id='line_1_3' title="bbox 3364 407 3508 474; baseline 0.028 -4"><span class='ocrx_word' id='word_1_6' title='bbox 3364 407 3508 474; x_wconf 68' lang='lat'><strong><em>2690</em></strong></span> 
     </span>
    </p>
   </div>
   <div class='ocr_carea' id='block_1_4' title="bbox 262 501 1822 590">
    <p class='ocr_par' dir='ltr' id='par_1_4' title="bbox 262 513 1822 590">
     <span class='ocr_line' id='line_1_4' title="bbox 262 513 1822 590; baseline -0.004 -16"><span class='ocrx_word' id='word_1_7' title='bbox 262 520 498 590; x_wconf 61' lang='lat' dir='ltr'><strong>mpm.</strong></span> <span class='ocrx_word' id='word_1_8' title='bbox 539 516 829 588; x_wconf 77' lang='grc' dir='ltr'><strong>’Δρμένειά</strong></span> <span class='ocrx_word' id='word_1_9' title='bbox 851 533 908 570; x_wconf 86' lang='grc' dir='ltr'><strong>τε</strong></span> <span class='ocrx_word' id='word_1_10' title='bbox 927 518 1022 570; x_wconf 69' lang='grc' dir='ltr'><strong>καὶ</strong></span> <span class='ocrx_word' id='word_1_11' title='bbox 1049 516 1118 572; x_wconf 79' lang='grc' dir='ltr'><strong>τά</strong></span> <span class='ocrx_word' id='word_1_12' title='bbox 1133 515 1502 588; x_wconf 77' lang='grc' dir='ltr'><strong>πλησιάζοντα</strong></span> <span class='ocrx_word' id='word_1_13' title='bbox 1534 514 1660 584; x_wconf 70' lang='grc' dir='ltr'><strong>ἔθνη</strong></span> <span class='ocrx_word' id='word_1_14' title='bbox 1706 513 1822 568; x_wconf 75' lang='grc' dir='ltr'><strong>Ῥω</strong></span> 
     </span>
    </p>
   </div>
   <div class='ocr_carea' id='block_1_5' title="bbox 1924 501 3521 590">
    <p class='ocr_par' dir='ltr' id='par_1_5' title="bbox 1941 501 3521 590">
     <span class='ocr_line' id='line_1_5' title="bbox 1941 501 3521 590; baseline 0.004 -23"><span class='ocrx_word' id='word_1_15' title='bbox 1941 501 2234 586; x_wconf 66' lang='lat' dir='ltr'><strong>Egyptum</strong></span> <span class='ocrx_word' id='word_1_16' title='bbox 2293 514 2456 580; x_wconf 82' lang='lat' dir='ltr'><strong>rexit,</strong></span> <span class='ocrx_word' id='word_1_17' title='bbox 2510 525 2570 572; x_wconf 91' lang='lat' dir='ltr'><strong>ut</strong></span> <span class='ocrx_word' id='word_1_18' title='bbox 2622 517 2692 572; x_wconf 91' lang='lat' dir='ltr'><strong>ah</strong></span> <span class='ocrx_word' id='word_1_19' title='bbox 2747 518 3104 574; x_wconf 78' lang='lat' dir='ltr'><strong>historiarum</strong></span> <span class='ocrx_word' id='word_1_20' title='bbox 3158 520 3521 590; x_wconf 84' lang='lat' dir='ltr'><strong>scriptoribus</strong></span> 
     </span>
    </p>
   </div>
   <div class='ocr_carea' id='block_1_6' title="bbox 260 604 1831 681">
    <p class='ocr_par' dir='ltr' id='par_1_6' title="bbox 260 604 1831 681">
     <span class='ocr_line' id='line_1_6' title="bbox 260 604 1831 681; baseline -0.006 -16"><span class='ocrx_word' id='word_1_21' title='bbox 260 612 444 681; x_wconf 66' lang='lat' dir='ltr'><strong>patos;</strong></span> <span class='ocrx_word' id='word_1_22' title='bbox 474 609 802 681; x_wconf 79' lang='grc' dir='ltr'><strong>προσετέθη,</strong></span> <span class='ocrx_word' id='word_1_23' title='bbox 844 608 965 680; x_wconf 79' lang='grc' dir='ltr'><strong>μεθ’</strong></span> <span class='ocrx_word' id='word_1_24' title='bbox 1002 609 1204 681; x_wconf 67' lang='grc' dir='ltr'><strong>ἑτέρων</strong></span> <span class='ocrx_word' id='word_1_25' title='bbox 1238 610 1492 677; x_wconf 80' lang='grc' dir='ltr'><strong>ἱστορεῖς.</strong></span> <span class='ocrx_word' id='word_1_26' title='bbox 1527 605 1742 677; x_wconf 82' lang='grc' dir='ltr'><strong>Μικροῦ</strong></span> <span class='ocrx_word' id='word_1_27' title='bbox 1773 604 1831 657; x_wconf 87' lang='grc' dir='ltr'><strong>δέ</strong></span> 
     </span>
    </p>
   </div>
   <div class='ocr_carea' id='block_1_7' title="bbox 258 699 1832 769">
    <p class='ocr_par' dir='ltr' id='par_1_7' title="bbox 258 699 1832 769">
     <span class='ocr_line' id='line_1_7' title="bbox 258 699 1832 769; baseline -0.004 -13"><span class='ocrx_word' id='word_1_28' title='bbox 258 718 327 769; x_wconf 81' lang='grc' dir='ltr'><strong>με</strong></span> <span class='ocrx_word' id='word_1_29' title='bbox 358 699 604 755; x_wconf 79' lang='grc' dir='ltr'><strong>διέλαθεν</strong></span> <span class='ocrx_word' id='word_1_30' title='bbox 636 699 672 754; x_wconf 73' lang='grc' dir='ltr'>ἃ</span> <span class='ocrx_word' id='word_1_31' title='bbox 701 701 766 752; x_wconf 80' lang='grc' dir='ltr'><strong>σὺ</strong></span> <span class='ocrx_word' id='word_1_32' title='bbox 803 700 1036 769; x_wconf 86' lang='grc' dir='ltr'><strong>γράφεις</strong></span> <span class='ocrx_word' id='word_1_33' title='bbox 1079 699 1171 752; x_wconf 87' lang='grc' dir='ltr'><strong>τόν</strong></span> <span class='ocrx_word' id='word_1_34' title='bbox 1200 699 1612 752; x_wconf 80' lang='grc' dir='ltr'><strong>Κωνσταντῖνον</strong></span> <span class='ocrx_word' id='word_1_35' title='bbox 1663 714 1832 752; x_wconf 88' lang='grc' dir='ltr'><strong>κατα-</strong></span> 
     </span>
    </p>
   </div>
   <div class='ocr_carea' id='block_1_8' title="bbox 256 789 1830 864">
    <p class='ocr_par' dir='ltr' id='par_1_8' title="bbox 256 789 1830 864">
     <span class='ocr_line' id='line_1_8' title="bbox 256 789 1830 864; baseline -0.002 -20"><span class='ocrx_word' id='word_1_36' title='bbox 256 792 591 864; x_wconf 79' lang='grc' dir='ltr'><strong>πράξασθαι,</strong></span> <span class='ocrx_word' id='word_1_37' title='bbox 625 791 770 859; x_wconf 88' lang='grc' dir='ltr'><strong>μάλα</strong></span> <span class='ocrx_word' id='word_1_38' title='bbox 811 790 1081 860; x_wconf 85' lang='grc' dir='ltr'><strong>γεννικῶς</strong></span> <span class='ocrx_word' id='word_1_39' title='bbox 1124 792 1217 846; x_wconf 72' lang='grc' dir='ltr'><strong>καὶ</strong></span> <span class='ocrx_word' id='word_1_40' title='bbox 1254 791 1517 860; x_wconf 82' lang='grc' dir='ltr'><strong>ἀνδρείως</strong></span> <span class='ocrx_word' id='word_1_41' title='bbox 1547 789 1648 860; x_wconf 82' lang='grc' dir='ltr'><strong>τῆς</strong></span> <span class='ocrx_word' id='word_1_42' title='bbox 1693 790 1830 842; x_wconf 85' lang='grc' dir='ltr'><strong>Ῥω-</strong></span> 
     </span>
    </p>
   </div>
   <div class='ocr_carea' id='block_1_9' title="bbox 257 882 1830 956">
    <p class='ocr_par' dir='ltr' id='par_1_9' title="bbox 257 882 1830 956">
     <span class='ocr_line' id='line_1_9' title="bbox 257 882 1830 956; baseline -0.003 -17"><span class='ocrx_word' id='word_1_43' title='bbox 257 887 436 954; x_wconf 87' lang='grc' dir='ltr'><strong>μαίων</strong></span> <span class='ocrx_word' id='word_1_44' title='bbox 492 884 904 954; x_wconf 73' lang='grc' dir='ltr'><strong>ἐξηγησάμενον</strong></span> <span class='ocrx_word' id='word_1_45' title='bbox 977 885 1156 956; x_wconf 78' lang='grc' dir='ltr'><strong>ἀρχῆς</strong></span> <span class='ocrx_word' id='word_1_46' title='bbox 1215 885 1356 953; x_wconf 83' lang='grc' dir='ltr'><strong>μετὰ</strong></span> <span class='ocrx_word' id='word_1_47' title='bbox 1403 883 1502 954; x_wconf 82' lang='grc' dir='ltr'><strong>τῆς</strong></span> <span class='ocrx_word' id='word_1_48' title='bbox 1554 882 1830 954; x_wconf 81' lang='grc' dir='ltr'><strong>ἡμετέρας</strong></span> 
     </span>
    </p>
   </div>
   <div class='ocr_carea' id='block_1_10' title="bbox 254 970 1830 1046">
    <p class='ocr_par' dir='ltr' id='par_1_10' title="bbox 254 970 1830 1046">
     <span class='ocr_line' id='line_1_10' title="bbox 254 970 1830 1046; baseline -0.001 -19"><span class='ocrx_word' id='word_1_49' title='bbox 254 970 577 1046; x_wconf 74' lang='grc' dir='ltr'><strong>θρησκείας,</strong></span> <span class='ocrx_word' id='word_1_50' title='bbox 613 975 710 1028; x_wconf 78' lang='grc' dir='ltr'><strong>καὶ</strong></span> <span class='ocrx_word' id='word_1_51' title='bbox 750 971 840 1028; x_wconf 79' lang='grc' dir='ltr'><strong>οἷα</strong></span> <span class='ocrx_word' id='word_1_52' title='bbox 879 973 1152 1028; x_wconf 81' lang='grc' dir='ltr'><strong>πέπονθεν</strong></span> <span class='ocrx_word' id='word_1_53' title='bbox 1201 973 1488 1037; x_wconf 81' lang='grc' dir='ltr'><strong>Ἰουλιανὸς</strong></span> <span class='ocrx_word' id='word_1_54' title='bbox 1533 975 1561 1027; x_wconf 82' lang='grc' dir='ltr'>ὁ</span> <span class='ocrx_word' id='word_1_55' title='bbox 1598 974 1689 1036; x_wconf 83' lang='grc' dir='ltr'><strong>σὸς</strong></span> <span class='ocrx_word' id='word_1_56' title='bbox 1737 974 1830 1026; x_wconf 82' lang='grc' dir='ltr'><strong>καὶ</strong></span> 
     </span>
    </p>
   </div>
   <div class='ocr_carea' id='block_1_11' title="bbox 251 1063 1828 1137">
    <p class='ocr_par' dir='ltr' id='par_1_11' title="bbox 251 1063 1828 1137">
     <span class='ocr_line' id='line_1_11' title="bbox 251 1063 1828 1137; baseline -0.002 -18"><span class='ocrx_word' id='word_1_57' title='bbox 251 1067 364 1120; x_wconf 83' lang='grc' dir='ltr'><strong>τῶν</strong></span> <span class='ocrx_word' id='word_1_58' title='bbox 393 1065 501 1119; x_wconf 81' lang='grc' dir='ltr'><strong>σῶν</strong></span> <span class='ocrx_word' id='word_1_59' title='bbox 526 1066 729 1137; x_wconf 78' lang='grc' dir='ltr'><strong>ὀργίων</strong></span> <span class='ocrx_word' id='word_1_60' title='bbox 759 1065 1055 1136; x_wconf 85' lang='grc' dir='ltr'><strong>θιασώτης,</strong></span> <span class='ocrx_word' id='word_1_61' title='bbox 1084 1063 1391 1134; x_wconf 84' lang='grc' dir='ltr'><strong>τηλικαῦτα</strong></span> <span class='ocrx_word' id='word_1_62' title='bbox 1431 1064 1722 1133; x_wconf 82' lang='grc' dir='ltr'><strong>τραύματα</strong></span> <span class='ocrx_word' id='word_1_63' title='bbox 1759 1067 1828 1134; x_wconf 79' lang='grc' dir='ltr'><strong>τῇ</strong></span> 
     </span>
    </p>
   </div>
   <div class='ocr_carea' id='block_1_12' title="bbox 253 1154 1824 1229">
    <p class='ocr_par' dir='ltr' id='par_1_12' title="bbox 253 1154 1824 1229">
     <span class='ocr_line' id='line_1_12' title="bbox 253 1154 1824 1229; baseline -0.004 -17"><span class='ocrx_word' id='word_1_64' title='bbox 253 1157 504 1229; x_wconf 79' lang='grc' dir='ltr'><strong>πολιτείᾳ</strong></span> <span class='ocrx_word' id='word_1_65' title='bbox 533 1156 964 1220; x_wconf 83' lang='grc' dir='ltr'><strong>καταλελοιπὼς.</strong></span> <span class='ocrx_word' id='word_1_66' title='bbox 994 1157 1058 1210; x_wconf 80' lang='lat' dir='ltr'><strong>El</strong></span> <span class='ocrx_word' id='word_1_67' title='bbox 1091 1156 1150 1209; x_wconf 85' lang='grc' dir='ltr'><strong>δέ</strong></span> <span class='ocrx_word' id='word_1_68' title='bbox 1197 1173 1251 1208; x_wconf 89' lang='grc' dir='ltr'><strong>τι</strong></span> <span class='ocrx_word' id='word_1_69' title='bbox 1279 1155 1390 1208; x_wconf 84' lang='grc' dir='ltr'><strong>τῶν</strong></span> <span class='ocrx_word' id='word_1_70' title='bbox 1422 1154 1824 1224; x_wconf 78' lang='grc' dir='ltr'><strong>προφητευθένο</strong></span> 
     </span>
    </p>
   </div>
   <div class='ocr_carea' id='block_1_13' title="bbox 250 1244 1828 1318">
    <p class='ocr_par' dir='ltr' id='par_1_13' title="bbox 250 1244 1828 1318">
     <span class='ocr_line' id='line_1_13' title="bbox 250 1244 1828 1318; baseline -0.005 -16"><span class='ocrx_word' id='word_1_71' title='bbox 250 1267 360 1303; x_wconf 89' lang='grc' dir='ltr'><strong>των</strong></span> <span class='ocrx_word' id='word_1_72' title='bbox 400 1249 528 1316; x_wconf 76' lang='grc' dir='ltr'><strong>περὶ</strong></span> <span class='ocrx_word' id='word_1_73' title='bbox 584 1247 684 1318; x_wconf 83' lang='grc' dir='ltr'><strong>τῆς</strong></span> <span class='ocrx_word' id='word_1_74' title='bbox 737 1248 834 1301; x_wconf 82' lang='grc' dir='ltr'><strong>τοῦ</strong></span> <span class='ocrx_word' id='word_1_75' title='bbox 884 1248 1096 1318; x_wconf 80' lang='grc' dir='ltr'><strong>κόσμου</strong></span> <span class='ocrx_word' id='word_1_76' title='bbox 1138 1245 1397 1316; x_wconf 73' lang='grc' dir='ltr'><strong>τελευτῆς</strong></span> <span class='ocrx_word' id='word_1_77' title='bbox 1453 1245 1488 1314; x_wconf 79' lang='grc' dir='ltr'>ἢ</span> <span class='ocrx_word' id='word_1_78' title='bbox 1542 1244 1828 1314; x_wconf 84' lang='grc' dir='ltr'><strong>προοίμιον</strong></span> 
     </span>
    </p>
   </div>
   <div class='ocr_carea' id='block_1_14' title="bbox 252 1336 1828 1411">
    <p class='ocr_par' dir='ltr' id='par_1_14' title="bbox 252 1336 1828 1411">
     <span class='ocr_line' id='line_1_14' title="bbox 252 1336 1828 1411; baseline -0.005 -17"><span class='ocrx_word' id='word_1_79' title='bbox 252 1341 498 1411; x_wconf 72' lang='grc' dir='ltr'><strong>εἴληφεν,</strong></span> <span class='ocrx_word' id='word_1_80' title='bbox 555 1339 589 1410; x_wconf 82' lang='grc' dir='ltr'>ἢ</span> <span class='ocrx_word' id='word_1_81' title='bbox 628 1342 724 1393; x_wconf 77' lang='grc' dir='ltr'><strong>καὶ</strong></span> <span class='ocrx_word' id='word_1_82' title='bbox 767 1340 830 1392; x_wconf 81' lang='grc' dir='ltr'><strong>τὸ</strong></span> <span class='ocrx_word' id='word_1_83' title='bbox 878 1339 1054 1410; x_wconf 80' lang='grc' dir='ltr'><strong>πέρας</strong></span> <span class='ocrx_word' id='word_1_84' title='bbox 1099 1337 1332 1402; x_wconf 81' lang='grc' dir='ltr'><strong>δέξεται,</strong></span> <span class='ocrx_word' id='word_1_85' title='bbox 1381 1336 1626 1406; x_wconf 75' lang='grc' dir='ltr'><strong>μείζονος</strong></span> <span class='ocrx_word' id='word_1_86' title='bbox 1681 1337 1828 1388; x_wconf 75' lang='grc' dir='ltr'><strong>ἐστιν</strong></span> 
     </span>
    </p>
   </div>
   <div class='ocr_carea' id='block_1_15' title="bbox 250 1426 1825 1502">
    <p class='ocr_par' dir='ltr' id='par_1_15' title="bbox 250 1426 1825 1502">
     <span class='ocr_line' id='line_1_15' title="bbox 250 1426 1825 1502; baseline -0.006 -15"><span class='ocrx_word' id='word_1_87' title='bbox 250 1430 585 1502; x_wconf 73' lang='grc' dir='ltr'><strong>οἰκονομίας,</strong></span> <span class='ocrx_word' id='word_1_88' title='bbox 626 1426 661 1500; x_wconf 79' lang='grc' dir='ltr'>ἦ</span> <span class='ocrx_word' id='word_1_89' title='bbox 715 1430 858 1484; x_wconf 66' lang='grc' dir='ltr'><strong>κατὰ</strong></span> <span class='ocrx_word' id='word_1_90' title='bbox 912 1431 995 1483; x_wconf 81' lang='grc' dir='ltr'><strong>σέ.</strong></span> <span class='ocrx_word' id='word_1_91' title='bbox 1059 1428 1439 1497; x_wconf 80' lang='grc' dir='ltr'><strong>Ἐξετάσωμεν</strong></span> <span class='ocrx_word' id='word_1_92' title='bbox 1485 1427 1542 1478; x_wconf 87' lang='grc' dir='ltr'><strong>δὲ</strong></span> <span class='ocrx_word' id='word_1_93' title='bbox 1568 1429 1616 1479; x_wconf 87' lang='grc' dir='ltr'><strong>εί</strong></span> <span class='ocrx_word' id='word_1_94' title='bbox 1658 1426 1825 1485; x_wconf 84' lang='grc' dir='ltr'><strong>δοκεῖ,</strong></span> 
     </span>
    </p>
   </div>
   <div class='ocr_carea' id='block_1_16' title="bbox 248 1517 1828 1591">
    <p class='ocr_par' dir='ltr' id='par_1_16' title="bbox 248 1517 1828 1591">
     <span class='ocr_line' id='line_1_16' title="bbox 248 1517 1828 1591; baseline -0.004 -14"><span class='ocrx_word' id='word_1_95' title='bbox 248 1527 397 1588; x_wconf 79' lang='grc' dir='ltr'><strong>ὅπως</strong></span> <span class='ocrx_word' id='word_1_96' title='bbox 418 1523 469 1577; x_wconf 79' lang='grc' dir='ltr'><strong>οι</strong></span> <span class='ocrx_word' id='word_1_97' title='bbox 497 1523 566 1576; x_wconf 75' lang='grc' dir='ltr'><strong>τὰ</strong></span> <span class='ocrx_word' id='word_1_98' title='bbox 610 1521 881 1590; x_wconf 82' lang='grc' dir='ltr'><strong>Ἐλλήνων</strong></span> <span class='ocrx_word' id='word_1_99' title='bbox 927 1520 1368 1591; x_wconf 73' lang='grc' dir='ltr'><strong>πρεσϐεύσαντες</strong></span> <span class='ocrx_word' id='word_1_100' title='bbox 1420 1519 1680 1588; x_wconf 80' lang='grc' dir='ltr'><strong>βασιλεῖς,</strong></span> <span class='ocrx_word' id='word_1_101' title='bbox 1733 1517 1828 1571; x_wconf 84' lang='grc' dir='ltr'><strong>καὶ</strong></span> 
     </span>
    </p>
   </div>
   <div class='ocr_carea' id='block_1_17' title="bbox 247 1615 1824 1687">
    <p class='ocr_par' dir='ltr' id='par_1_17' title="bbox 247 1615 1824 1687">
     <span class='ocr_line' id='line_1_17' title="bbox 247 1615 1824 1687; baseline -0.004 -14"><span class='ocrx_word' id='word_1_102' title='bbox 247 1621 396 1683; x_wconf 71' lang='grc' dir='ltr'><strong>ὅπως</strong></span> <span class='ocrx_word' id='word_1_103' title='bbox 451 1619 500 1672; x_wconf 81' lang='grc' dir='ltr'><strong>οἱ</strong></span> <span class='ocrx_word' id='word_1_104' title='bbox 538 1616 609 1670; x_wconf 73' lang='grc' dir='ltr'><strong>τὰ</strong></span> <span class='ocrx_word' id='word_1_105' title='bbox 655 1617 751 1669; x_wconf 77' lang='grc' dir='ltr'><strong>τοῦ</strong></span> <span class='ocrx_word' id='word_1_106' title='bbox 785 1616 1026 1687; x_wconf 77' lang='grc' dir='ltr'><strong>Χριστοῦ</strong></span> <span class='ocrx_word' id='word_1_107' title='bbox 1083 1615 1450 1680; x_wconf 74' lang='grc' dir='ltr'><strong>ζηλώσαντες,</strong></span> <span class='ocrx_word' id='word_1_108' title='bbox 1518 1616 1618 1684; x_wconf 73' lang='grc' dir='ltr'><strong>τὴν</strong></span> <span class='ocrx_word' id='word_1_109' title='bbox 1677 1615 1824 1684; x_wconf 79' lang='grc' dir='ltr'><strong>βασιο</strong></span> 
     </span>
    </p>
   </div>
   <div class='ocr_carea' id='block_1_18' title="bbox 246 1705 1825 1778">
    <p class='ocr_par' dir='ltr' id='par_1_18' title="bbox 246 1705 1825 1778">
     <span class='ocr_line' id='line_1_18' title="bbox 246 1705 1825 1778; baseline -0.004 -15"><span class='ocrx_word' id='word_1_110' title='bbox 246 1710 402 1765; x_wconf 78' lang='grc' dir='ltr'><strong>λείαν</strong></span> <span class='ocrx_word' id='word_1_111' title='bbox 438 1707 728 1762; x_wconf 77' lang='grc' dir='ltr'><strong>ἀπέθεντο.</strong></span> <span class='ocrx_word' id='word_1_112' title='bbox 756 1708 832 1760; x_wconf 81' lang='grc' dir='ltr'><strong>Οὐ</strong></span> <span class='ocrx_word' id='word_1_113' title='bbox 883 1708 1101 1778; x_wconf 84' lang='grc' dir='ltr'><strong>πρῶτος</strong></span> <span class='ocrx_word' id='word_1_114' title='bbox 1158 1708 1318 1768; x_wconf 87' lang='grc' dir='ltr'><strong>Γάϊος</strong></span> <span class='ocrx_word' id='word_1_115' title='bbox 1369 1705 1585 1768; x_wconf 85' lang='grc' dir='ltr'><strong>Ἰούλιος</strong></span> <span class='ocrx_word' id='word_1_116' title='bbox 1611 1707 1825 1774; x_wconf 86' lang='grc' dir='ltr'><strong>Καῖσαρ</strong></span> 
     </span>
    </p>
   </div>
   <div class='ocr_carea' id='block_1_19' title="bbox 253 1795 1827 1870">
    <p class='ocr_par' dir='ltr' id='par_1_19' title="bbox 253 1795 1827 1870">
     <span class='ocr_line' id='line_1_19' title="bbox 253 1795 1827 1870; baseline -0.006 -15"><span class='ocrx_word' id='word_1_117' title='bbox 253 1801 629 1870; x_wconf 86' lang='grc' dir='ltr'><strong>μοναρχήσας,</strong></span> <span class='ocrx_word' id='word_1_118' title='bbox 677 1796 1057 1868; x_wconf 68' lang='grc' dir='ltr'><strong>δολοφονηθεὶς</strong></span> <span class='ocrx_word' id='word_1_119' title='bbox 1109 1796 1200 1850; x_wconf 84' lang='grc' dir='ltr'><strong>τὸν</strong></span> <span class='ocrx_word' id='word_1_120' title='bbox 1243 1797 1357 1866; x_wconf 81' lang='grc' dir='ltr'><strong>βίον</strong></span> <span class='ocrx_word' id='word_1_121' title='bbox 1418 1795 1827 1864; x_wconf 57' lang='grc' dir='ltr'><strong>κατέστρεψεη</strong></span> 
     </span>
    </p>
   </div>
   <div class='ocr_carea' id='block_1_20' title="bbox 1941 600 3519 677">
    <p class='ocr_par' dir='ltr' id='par_1_20' title="bbox 1941 600 3519 677">
     <span class='ocr_line' id='line_1_20' title="bbox 1941 600 3519 677; baseline 0.006 -23"><span class='ocrx_word' id='word_1_122' title='bbox 1941 600 2207 654; x_wconf 88' lang='lat' dir='ltr'><strong>traditum</strong></span> <span class='ocrx_word' id='word_1_123' title='bbox 2244 609 2348 659; x_wconf 89' lang='lat' dir='ltr'><strong>est.</strong></span> <span class='ocrx_word' id='word_1_124' title='bbox 2377 600 2494 656; x_wconf 81' lang='lat' dir='ltr'><strong>Jam</strong></span> <span class='ocrx_word' id='word_1_125' title='bbox 2515 618 2650 658; x_wconf 91' lang='lat' dir='ltr'><strong>vero</strong></span> <span class='ocrx_word' id='word_1_126' title='bbox 2673 614 2808 675; x_wconf 90' lang='lat' dir='ltr'><strong>quot</strong></span> <span class='ocrx_word' id='word_1_127' title='bbox 2840 605 3094 677; x_wconf 79' lang='lat' dir='ltr'><strong>regiones</strong></span> <span class='ocrx_word' id='word_1_128' title='bbox 3113 605 3381 676; x_wconf 67' lang='lat' dir='ltr'><strong>adempta:</strong></span> <span class='ocrx_word' id='word_1_129' title='bbox 3409 606 3519 664; x_wconf 85' lang='lat' dir='ltr'><strong>sint</strong></span> 
     </span>
    </p>
   </div>
   <div class='ocr_carea' id='block_1_21' title="bbox 1938 689 3518 753">
    <p class='ocr_par' dir='ltr' id='par_1_21' title="bbox 1938 689 3518 753">
     <span class='ocr_line' id='line_1_21' title="bbox 1938 689 3518 753; baseline 0.004 -7"><span class='ocrx_word' id='word_1_130' title='bbox 1938 689 2123 746; x_wconf 87' lang='lat' dir='ltr'><strong>Persis</strong></span> <span class='ocrx_word' id='word_1_131' title='bbox 2155 706 2185 745; x_wconf 91' lang='lat' dir='ltr'><strong>a</strong></span> <span class='ocrx_word' id='word_1_132' title='bbox 2211 691 2471 747; x_wconf 76' lang='lat' dir='ltr'><strong>Ventidio</strong></span> <span class='ocrx_word' id='word_1_133' title='bbox 2500 702 2556 749; x_wconf 90' lang='lat' dir='ltr'><strong>et</strong></span> <span class='ocrx_word' id='word_1_134' title='bbox 2582 710 2612 748; x_wconf 90' lang='lat' dir='ltr'><strong>a</strong></span> <span class='ocrx_word' id='word_1_135' title='bbox 2639 693 2959 751; x_wconf 77' lang='lat' dir='ltr'><strong>Corbulone</strong></span> <span class='ocrx_word' id='word_1_136' title='bbox 3007 695 3243 752; x_wconf 81' lang='lat' dir='ltr'><strong>Neronis</strong></span> <span class='ocrx_word' id='word_1_137' title='bbox 3271 698 3445 752; x_wconf 90' lang='lat' dir='ltr'><strong>duce:</strong></span> <span class='ocrx_word' id='word_1_138' title='bbox 3486 711 3518 753; x_wconf 70' lang='grc' dir='ltr'><strong>ο</strong></span> 
     </span>
    </p>
   </div>
   <div class='ocr_carea' id='block_1_22' title="bbox 1939 781 3519 858">
    <p class='ocr_par' dir='ltr' id='par_1_22' title="bbox 1939 781 3519 858">
     <span class='ocr_line' id='line_1_22' title="bbox 1939 781 3519 858; baseline 0.005 -22"><span class='ocrx_word' id='word_1_139' title='bbox 1939 781 2147 837; x_wconf 82' lang='lat' dir='ltr'><strong>Severo</strong></span> <span class='ocrx_word' id='word_1_140' title='bbox 2184 783 2316 838; x_wconf 91' lang='lat' dir='ltr'><strong>item</strong></span> <span class='ocrx_word' id='word_1_141' title='bbox 2347 799 2412 838; x_wconf 86' lang='lat' dir='ltr'><strong>ae</strong></span> <span class='ocrx_word' id='word_1_142' title='bbox 2439 785 2676 854; x_wconf 75' lang='lat' dir='ltr'><strong>Traiano</strong></span> <span class='ocrx_word' id='word_1_143' title='bbox 2700 797 2757 841; x_wconf 91' lang='lat' dir='ltr'><strong>et</strong></span> <span class='ocrx_word' id='word_1_144' title='bbox 2785 786 2961 850; x_wconf 84' lang='lat' dir='ltr'><strong>Caro;</strong></span> <span class='ocrx_word' id='word_1_145' title='bbox 2993 802 3022 840; x_wconf 91' lang='lat' dir='ltr'><strong>a</strong></span> <span class='ocrx_word' id='word_1_146' title='bbox 3056 786 3247 843; x_wconf 89' lang='lat' dir='ltr'><strong>Cassio</strong></span> <span class='ocrx_word' id='word_1_147' title='bbox 3297 803 3519 858; x_wconf 83' lang='lat' dir='ltr'><strong>quoque</strong></span> 
     </span>
    </p>
   </div>
   <div class='ocr_carea' id='block_1_23' title="bbox 1937 873 3516 950">
    <p class='ocr_par' dir='ltr' id='par_1_23' title="bbox 1937 873 3516 950">
     <span class='ocr_line' id='line_1_23' title="bbox 1937 873 3516 950; baseline 0.003 -22"><span class='ocrx_word' id='word_1_148' title='bbox 1937 883 1994 928; x_wconf 89' lang='lat' dir='ltr'><strong>et</strong></span> <span class='ocrx_word' id='word_1_149' title='bbox 2019 873 2322 929; x_wconf 64' lang='lat' dir='ltr'><strong>Odaanatho</strong></span> <span class='ocrx_word' id='word_1_150' title='bbox 2351 875 2678 948; x_wconf 80' lang='lat' dir='ltr'><strong>Palmyreno</strong></span> <span class='ocrx_word' id='word_1_151' title='bbox 2710 887 2766 933; x_wconf 91' lang='lat' dir='ltr'><strong>et</strong></span> <span class='ocrx_word' id='word_1_152' title='bbox 2812 879 3108 950; x_wconf 87' lang='lat' dir='ltr'><strong>Apollonio</strong></span> <span class='ocrx_word' id='word_1_153' title='bbox 3154 888 3212 935; x_wconf 90' lang='lat' dir='ltr'><strong>et</strong></span> <span class='ocrx_word' id='word_1_154' title='bbox 3261 879 3331 933; x_wconf 87' lang='lat' dir='ltr'><strong>ah</strong></span> <span class='ocrx_word' id='word_1_155' title='bbox 3362 880 3516 934; x_wconf 90' lang='lat' dir='ltr'><strong>aliis:</strong></span> 
     </span>
    </p>
   </div>
   <div class='ocr_carea' id='block_1_24' title="bbox 1942 966 3518 1042">
    <p class='ocr_par' dir='ltr' id='par_1_24' title="bbox 1942 966 3518 1042">
     <span class='ocr_line' id='line_1_24' title="bbox 1942 966 3518 1042; baseline 0.004 -23"><span class='ocrx_word' id='word_1_156' title='bbox 1942 966 2162 1036; x_wconf 91' lang='lat' dir='ltr'><strong>quoties</strong></span> <span class='ocrx_word' id='word_1_157' title='bbox 2195 977 2463 1037; x_wconf 66' lang='lat' dir='ltr'><strong>praeterea</strong></span> <span class='ocrx_word' id='word_1_158' title='bbox 2483 969 2736 1025; x_wconf 78' lang='lat' dir='ltr'><strong>Seleucia</strong></span> <span class='ocrx_word' id='word_1_159' title='bbox 2765 980 2822 1026; x_wconf 91' lang='lat' dir='ltr'><strong>ct</strong></span> <span class='ocrx_word' id='word_1_160' title='bbox 2842 971 3143 1042; x_wconf 85' lang='lat' dir='ltr'><strong>Ctesiphon</strong></span> <span class='ocrx_word' id='word_1_161' title='bbox 3165 971 3518 1040; x_wconf 69' lang='lat' dir='ltr'><strong>urbcscaptaa</strong></span> 
     </span>
    </p>
   </div>
   <div class='ocr_carea' id='block_1_25' title="bbox 1935 1058 3516 1128">
    <p class='ocr_par' dir='ltr' id='par_1_25' title="bbox 1935 1058 3516 1128">
     <span class='ocr_line' id='line_1_25' title="bbox 1935 1058 3516 1128; baseline 0.004 -17"><span class='ocrx_word' id='word_1_162' title='bbox 1935 1058 2082 1123; x_wconf 86' lang='lat' dir='ltr'><strong>sint;</strong></span> <span class='ocrx_word' id='word_1_163' title='bbox 2114 1061 2334 1128; x_wconf 88' lang='lat' dir='ltr'><strong>quoties</strong></span> <span class='ocrx_word' id='word_1_164' title='bbox 2364 1060 2594 1125; x_wconf 79' lang='lat' dir='ltr'><strong>Nisibis,</strong></span> <span class='ocrx_word' id='word_1_165' title='bbox 2627 1078 2776 1117; x_wconf 91' lang='lat' dir='ltr'><strong>nunc</strong></span> <span class='ocrx_word' id='word_1_166' title='bbox 2805 1063 2872 1117; x_wconf 90' lang='lat' dir='ltr'><strong>ad</strong></span> <span class='ocrx_word' id='word_1_167' title='bbox 2911 1063 3211 1127; x_wconf 74' lang='lat' dir='ltr'><strong>Romanos,</strong></span> <span class='ocrx_word' id='word_1_168' title='bbox 3269 1078 3418 1117; x_wconf 89' lang='lat' dir='ltr'><strong>nunc</strong></span> <span class='ocrx_word' id='word_1_169' title='bbox 3449 1061 3516 1117; x_wconf 87' lang='lat' dir='ltr'><strong>ad</strong></span> 
     </span>
    </p>
   </div>
   <div class='ocr_carea' id='block_1_26' title="bbox 1935 1150 3518 1223">
    <p class='ocr_par' dir='ltr' id='par_1_26' title="bbox 1935 1150 3518 1223">
     <span class='ocr_line' id='line_1_26' title="bbox 1935 1150 3518 1223; baseline 0.003 -20"><span class='ocrx_word' id='word_1_170' title='bbox 1935 1150 2131 1205; x_wconf 82' lang='lat' dir='ltr'><strong>Persas</strong></span> <span class='ocrx_word' id='word_1_171' title='bbox 2191 1152 2500 1215; x_wconf 90' lang='lat' dir='ltr'><strong>transiens;</strong></span> <span class='ocrx_word' id='word_1_172' title='bbox 2553 1153 2808 1208; x_wconf 84' lang='lat' dir='ltr'><strong>Armenia</strong></span> <span class='ocrx_word' id='word_1_173' title='bbox 2869 1153 3109 1223; x_wconf 84' lang='lat' dir='ltr'><strong>denique</strong></span> <span class='ocrx_word' id='word_1_174' title='bbox 3154 1170 3220 1210; x_wconf 82' lang='lat' dir='ltr'><strong>ae</strong></span> <span class='ocrx_word' id='word_1_175' title='bbox 3273 1153 3518 1208; x_wconf 68' lang='lat' dir='ltr'><strong>finitima:</strong></span> 
     </span>
    </p>
   </div>
   <div class='ocr_carea' id='block_1_27' title="bbox 1935 1243 3517 1314">
    <p class='ocr_par' dir='ltr' id='par_1_27' title="bbox 1935 1243 3517 1314">
     <span class='ocr_line' id='line_1_27' title="bbox 1935 1243 3517 1314; baseline 0.005 -20"><span class='ocrx_word' id='word_1_176' title='bbox 1935 1251 2128 1309; x_wconf 90' lang='lat' dir='ltr'><strong>gentes</strong></span> <span class='ocrx_word' id='word_1_177' title='bbox 2162 1243 2412 1298; x_wconf 79' lang='lat' dir='ltr'><strong>Romano</strong></span> <span class='ocrx_word' id='word_1_178' title='bbox 2443 1244 2676 1314; x_wconf 89' lang='lat' dir='ltr'><strong>imperio</strong></span> <span class='ocrx_word' id='word_1_179' title='bbox 2717 1245 2993 1314; x_wconf 61' lang='lat' dir='ltr'><strong>adjunctus</strong></span> <span class='ocrx_word' id='word_1_180' title='bbox 3019 1245 3252 1311; x_wconf 78' lang='lat' dir='ltr'><strong>fuerint;</strong></span> <span class='ocrx_word' id='word_1_181' title='bbox 3287 1256 3344 1300; x_wconf 84' lang='lat' dir='ltr'><strong>tu</strong></span> <span class='ocrx_word' id='word_1_182' title='bbox 3409 1261 3517 1302; x_wconf 86' lang='lat' dir='ltr'><strong>una</strong></span> 
     </span>
    </p>
   </div>
   <div class='ocr_carea' id='block_1_28' title="bbox 1935 1333 3518 1404">
    <p class='ocr_par' dir='ltr' id='par_1_28' title="bbox 1935 1333 3518 1404">
     <span class='ocr_line' id='line_1_28' title="bbox 1935 1333 3518 1404; baseline 0.004 -18"><span class='ocrx_word' id='word_1_183' title='bbox 1935 1348 2061 1386; x_wconf 92' lang='lat' dir='ltr'><strong>cum</strong></span> <span class='ocrx_word' id='word_1_184' title='bbox 2103 1333 2335 1403; x_wconf 88' lang='lat' dir='ltr'><strong>reliquis</strong></span> <span class='ocrx_word' id='word_1_185' title='bbox 2364 1335 2732 1404; x_wconf 73' lang='lat' dir='ltr'><strong>scriptoribus</strong></span> <span class='ocrx_word' id='word_1_186' title='bbox 2764 1335 2960 1390; x_wconf 87' lang='lat' dir='ltr'><strong>refers.</strong></span> <span class='ocrx_word' id='word_1_187' title='bbox 2998 1335 3103 1390; x_wconf 92' lang='lat' dir='ltr'><strong>Sed</strong></span> <span class='ocrx_word' id='word_1_188' title='bbox 3163 1350 3302 1404; x_wconf 80' lang='lat' dir='ltr'><strong>pene</strong></span> <span class='ocrx_word' id='word_1_189' title='bbox 3322 1337 3518 1392; x_wconf 50' lang='lat' dir='ltr'><strong>omisc.</strong></span> 
     </span>
    </p>
   </div>
   <div class='ocr_carea' id='block_1_29' title="bbox 1938 1423 3514 1494">
    <p class='ocr_par' dir='ltr' id='par_1_29' title="bbox 1938 1423 3514 1494">
     <span class='ocr_line' id='line_1_29' title="bbox 1938 1423 3514 1494; baseline 0.002 -18"><span class='ocrx_word' id='word_1_190' title='bbox 1938 1439 2054 1477; x_wconf 88' lang='lat' dir='ltr'><strong>ram</strong></span> <span class='ocrx_word' id='word_1_191' title='bbox 2086 1440 2149 1477; x_wconf 89' lang='lat' dir='ltr'><strong>ea</strong></span> <span class='ocrx_word' id='word_1_192' title='bbox 2183 1439 2306 1494; x_wconf 63' lang='lat' dir='ltr'><strong>qum</strong></span> <span class='ocrx_word' id='word_1_193' title='bbox 2328 1432 2382 1478; x_wconf 89' lang='lat' dir='ltr'><strong>tu</strong></span> <span class='ocrx_word' id='word_1_194' title='bbox 2421 1426 2620 1479; x_wconf 86' lang='lat' dir='ltr'><strong>scribis</strong></span> <span class='ocrx_word' id='word_1_195' title='bbox 2652 1425 2901 1480; x_wconf 89' lang='lat' dir='ltr'><strong>confecta</strong></span> <span class='ocrx_word' id='word_1_196' title='bbox 2922 1441 3044 1479; x_wconf 91' lang='lat' dir='ltr'><strong>esse</strong></span> <span class='ocrx_word' id='word_1_197' title='bbox 3067 1441 3096 1478; x_wconf 90' lang='lat' dir='ltr'><strong>a</strong></span> <span class='ocrx_word' id='word_1_198' title='bbox 3129 1423 3514 1486; x_wconf 74' lang='lat' dir='ltr'><strong>Constantino,</strong></span> 
     </span>
    </p>
   </div>
   <div class='ocr_carea' id='block_1_30' title="bbox 1935 1515 3520 1586">
    <p class='ocr_par' dir='ltr' id='par_1_30' title="bbox 1935 1515 3520 1586">
     <span class='ocr_line' id='line_1_30' title="bbox 1935 1515 3520 1586; baseline 0.002 -19"><span class='ocrx_word' id='word_1_199' title='bbox 1935 1515 2030 1584; x_wconf 85' lang='lat' dir='ltr'><strong>qui</strong></span> <span class='ocrx_word' id='word_1_200' title='bbox 2056 1530 2181 1568; x_wconf 88' lang='lat' dir='ltr'><strong>cum</strong></span> <span class='ocrx_word' id='word_1_201' title='bbox 2207 1525 2448 1569; x_wconf 85' lang='lat' dir='ltr'><strong>nostram</strong></span> <span class='ocrx_word' id='word_1_202' title='bbox 2476 1517 2798 1586; x_wconf 78' lang='lat' dir='ltr'><strong>religionem</strong></span> <span class='ocrx_word' id='word_1_203' title='bbox 2823 1517 3200 1585; x_wconf 82' lang='lat' dir='ltr'><strong>profiteretur,</strong></span> <span class='ocrx_word' id='word_1_204' title='bbox 3224 1516 3520 1584; x_wconf 77' lang='lat' dir='ltr'><strong>imperium-</strong></span> 
     </span>
    </p>
   </div>
   <div class='ocr_carea' id='block_1_31' title="bbox 1935 1602 3516 1660">
    <p class='ocr_par' dir='ltr' id='par_1_31' title="bbox 1935 1602 3516 1660">
     <span class='ocr_line' id='line_1_31' title="bbox 1935 1602 3516 1660; baseline 0.001 -4"><span class='ocrx_word' id='word_1_205' title='bbox 1935 1602 2244 1656; x_wconf 84' lang='lat' dir='ltr'><strong>Romanum</strong></span> <span class='ocrx_word' id='word_1_206' title='bbox 2291 1613 2516 1658; x_wconf 84' lang='lat' dir='ltr'><strong>strenue</strong></span> <span class='ocrx_word' id='word_1_207' title='bbox 2573 1621 2637 1659; x_wconf 89' lang='lat' dir='ltr'><strong>ac</strong></span> <span class='ocrx_word' id='word_1_208' title='bbox 2691 1604 2912 1658; x_wconf 85' lang='lat' dir='ltr'><strong>fortiter</strong></span> <span class='ocrx_word' id='word_1_209' title='bbox 2953 1605 3414 1658; x_wconf 84' lang='lat' dir='ltr'><strong>administravit:</strong></span> <span class='ocrx_word' id='word_1_210' title='bbox 3459 1612 3516 1660; x_wconf 86' lang='lat' dir='ltr'><strong>et</strong></span> 
     </span>
    </p>
   </div>
   <div class='ocr_carea' id='block_1_32' title="bbox 1932 1695 3512 1764">
    <p class='ocr_par' dir='ltr' id='par_1_32' title="bbox 1932 1695 3512 1764">
     <span class='ocr_line' id='line_1_32' title="bbox 1932 1695 3512 1764; baseline 0.003 -19"><span class='ocrx_word' id='word_1_211' title='bbox 1932 1703 2136 1764; x_wconf 87' lang='lat' dir='ltr'><strong>quanta</strong></span> <span class='ocrx_word' id='word_1_212' title='bbox 2185 1709 2482 1764; x_wconf 87' lang='lat' dir='ltr'><strong>perpessus</strong></span> <span class='ocrx_word' id='word_1_213' title='bbox 2531 1695 2602 1749; x_wconf 87' lang='lat' dir='ltr'><strong>sit</strong></span> <span class='ocrx_word' id='word_1_214' title='bbox 2652 1695 2906 1750; x_wconf 82' lang='lat' dir='ltr'><strong>Julianus</strong></span> <span class='ocrx_word' id='word_1_215' title='bbox 2953 1704 3115 1760; x_wconf 90' lang='lat' dir='ltr'><strong>tuus,</strong></span> <span class='ocrx_word' id='word_1_216' title='bbox 3190 1695 3512 1750; x_wconf 86' lang='lat' dir='ltr'><strong>corumdem</strong></span> 
     </span>
    </p>
   </div>
   <div class='ocr_carea' id='block_1_33' title="bbox 1935 1783 3517 1855">
    <p class='ocr_par' dir='ltr' id='par_1_33' title="bbox 1935 1783 3517 1855">
     <span class='ocr_line' id='line_1_33' title="bbox 1935 1783 3517 1855; baseline 0.002 -16"><span class='ocrx_word' id='word_1_217' title='bbox 1935 1793 2116 1839; x_wconf 89' lang='lat' dir='ltr'><strong>tecum</strong></span> <span class='ocrx_word' id='word_1_218' title='bbox 2150 1783 2539 1853; x_wconf 86' lang='lat' dir='ltr'><strong>mysteriorum</strong></span> <span class='ocrx_word' id='word_1_219' title='bbox 2587 1785 2884 1854; x_wconf 85' lang='lat' dir='ltr'><strong>particeps,</strong></span> <span class='ocrx_word' id='word_1_220' title='bbox 2929 1785 3024 1855; x_wconf 90' lang='lat' dir='ltr'><strong>qui</strong></span> <span class='ocrx_word' id='word_1_221' title='bbox 3086 1793 3165 1840; x_wconf 86' lang='lat' dir='ltr'><strong>tot</strong></span> <span class='ocrx_word' id='word_1_222' title='bbox 3213 1801 3277 1839; x_wconf 88' lang='lat' dir='ltr'><strong>ac</strong></span> <span class='ocrx_word' id='word_1_223' title='bbox 3334 1794 3517 1842; x_wconf 83' lang='lat' dir='ltr'><strong>tantas</strong></span> 
     </span>
    </p>
   </div>
   <div class='ocr_carea' id='block_1_34' title="bbox 245 1862 1822 1959">
    <p class='ocr_par' dir='ltr' id='par_1_34' title="bbox 245 1862 1822 1959">
     <span class='ocr_line' id='line_1_34' title="bbox 245 1862 1822 1959; baseline -0.004 -15"><span class='ocrx_word' id='word_1_224' title='bbox 245 1862 309 1946; x_wconf 75' lang='grc' dir='ltr'><strong>οὐ</strong></span> <span class='ocrx_word' id='word_1_225' title='bbox 341 1862 596 1959; x_wconf 65' lang='grc' dir='ltr'><strong>δεύτερον</strong></span> <span class='ocrx_word' id='word_1_226' title='bbox 631 1889 728 1942; x_wconf 79' lang='grc' dir='ltr'><strong>τὸν</strong></span> <span class='ocrx_word' id='word_1_227' title='bbox 757 1862 982 1957; x_wconf 75' lang='grc' dir='ltr'><strong>ἔκγονον</strong></span> <span class='ocrx_word' id='word_1_228' title='bbox 1005 1862 1256 1957; x_wconf 79' lang='grc' dir='ltr'><strong>Τιϐερίου</strong></span> <span class='ocrx_word' id='word_1_229' title='bbox 1293 1888 1452 1940; x_wconf 81' lang='grc' dir='ltr'><strong>Γάϊον</strong></span> <span class='ocrx_word' id='word_1_230' title='bbox 1477 1886 1585 1938; x_wconf 83' lang='grc' dir='ltr'><strong>τῶν</strong></span> <span class='ocrx_word' id='word_1_231' title='bbox 1616 1862 1672 1938; x_wconf 72' lang='grc' dir='ltr'><strong>έν</strong></span> <span class='ocrx_word' id='word_1_232' title='bbox 1704 1862 1822 1948; x_wconf 81' lang='grc' dir='ltr'><strong>τοῖς</strong></span> 
     </span>
    </p>
   </div>
   <div class='ocr_carea' id='block_1_35' title="bbox 1924 1862 3517 1959">
    <p class='ocr_par' dir='ltr' id='par_1_35' title="bbox 1931 1876 3517 1948">
     <span class='ocr_line' id='line_1_35' title="bbox 1931 1876 3517 1948; baseline 0.001 -18"><span class='ocrx_word' id='word_1_233' title='bbox 1931 1877 2327 1931; x_wconf 87' lang='lat' dir='ltr'><strong>cladcsintulit</strong></span> <span class='ocrx_word' id='word_1_234' title='bbox 2358 1876 2695 1946; x_wconf 68' lang='lat' dir='ltr'><strong>reipublicae.</strong></span> <span class='ocrx_word' id='word_1_235' title='bbox 2731 1877 2926 1932; x_wconf 85' lang='lat' dir='ltr'><strong>Utrum</strong></span> <span class='ocrx_word' id='word_1_236' title='bbox 2966 1892 3098 1932; x_wconf 84' lang='lat' dir='ltr'><strong>vero</strong></span> <span class='ocrx_word' id='word_1_237' title='bbox 3145 1893 3338 1932; x_wconf 80' lang='lat' dir='ltr'><strong>eorum</strong></span> <span class='ocrx_word' id='word_1_238' title='bbox 3389 1893 3517 1948; x_wconf 69' lang='lat' dir='ltr'><strong>qua!</strong></span> 
     </span>
    </p>
   </div>
   <div class='ocr_carea' id='block_1_36' title="bbox 249 1976 1825 2054">
    <p class='ocr_par' dir='ltr' id='par_1_36' title="bbox 249 1976 1825 2054">
     <span class='ocr_line' id='line_1_36' title="bbox 249 1976 1825 2054; baseline -0.004 -20"><span class='ocrx_word' id='word_1_239' title='bbox 249 1982 660 2054; x_wconf 83' lang='grc' dir='ltr'><strong>στρατεύμασιν</strong></span> <span class='ocrx_word' id='word_1_240' title='bbox 694 1979 825 2033; x_wconf 76' lang='grc' dir='ltr'><strong>ἔνιοι</strong></span> <span class='ocrx_word' id='word_1_241' title='bbox 884 1978 1062 2048; x_wconf 72' lang='grc' dir='ltr'><strong>ξίφεσι</strong></span> <span class='ocrx_word' id='word_1_242' title='bbox 1101 1979 1493 2048; x_wconf 80' lang='grc' dir='ltr'><strong>διεχρήσαντο;</strong></span> <span class='ocrx_word' id='word_1_243' title='bbox 1539 1977 1598 2030; x_wconf 84' lang='grc' dir='ltr'><strong>ού</strong></span> <span class='ocrx_word' id='word_1_244' title='bbox 1634 1976 1825 2042; x_wconf 82' lang='grc' dir='ltr'><strong>Νέρων</strong></span> 
     </span>
    </p>
   </div>
   <div class='ocr_carea' id='block_1_37' title="bbox 247 2067 1828 2142">
    <p class='ocr_par' dir='ltr' id='par_1_37' title="bbox 247 2067 1828 2142">
     <span class='ocr_line' id='line_1_37' title="bbox 247 2067 1828 2142; baseline -0.004 -18"><span class='ocrx_word' id='word_1_245' title='bbox 247 2074 385 2142; x_wconf 79' lang='grc' dir='ltr'><strong>πρός</strong></span> <span class='ocrx_word' id='word_1_246' title='bbox 417 2087 565 2134; x_wconf 89' lang='grc' dir='ltr'><strong>τινος</strong></span> <span class='ocrx_word' id='word_1_247' title='bbox 602 2071 714 2122; x_wconf 86' lang='grc' dir='ltr'><strong>τῶν</strong></span> <span class='ocrx_word' id='word_1_248' title='bbox 751 2071 970 2122; x_wconf 82' lang='grc' dir='ltr'><strong>οἰκείων</strong></span> <span class='ocrx_word' id='word_1_249' title='bbox 1031 2069 1313 2140; x_wconf 75' lang='grc' dir='ltr'><strong>ἀνῃρέθη;</strong></span> <span class='ocrx_word' id='word_1_250' title='bbox 1363 2069 1424 2122; x_wconf 82' lang='grc' dir='ltr'><strong>ού</strong></span> <span class='ocrx_word' id='word_1_251' title='bbox 1493 2067 1702 2130; x_wconf 72' lang='grc' dir='ltr'><strong>Γάλϐας</strong></span> <span class='ocrx_word' id='word_1_252' title='bbox 1759 2069 1828 2118; x_wconf 75' lang='grc' dir='ltr'><strong>τα</strong></span> 
     </span>
    </p>
   </div>
   <div class='ocr_carea' id='block_1_38' title="bbox 253 2159 1820 2235">
    <p class='ocr_par' dir='ltr' id='par_1_38' title="bbox 253 2159 1820 2235">
     <span class='ocr_line' id='line_1_38' title="bbox 253 2159 1820 2235; baseline -0.004 -18"><span class='ocrx_word' id='word_1_253' title='bbox 253 2164 604 2235; x_wconf 78' lang='grc' dir='ltr'><strong>παραπλήσια</strong></span> <span class='ocrx_word' id='word_1_254' title='bbox 663 2164 966 2226; x_wconf 87' lang='grc' dir='ltr'><strong>πέπονθεν;</strong></span> <span class='ocrx_word' id='word_1_255' title='bbox 1015 2162 1196 2215; x_wconf 86' lang='grc' dir='ltr'><strong>Ὄθων</strong></span> <span class='ocrx_word' id='word_1_256' title='bbox 1225 2179 1284 2214; x_wconf 89' lang='grc' dir='ltr'><strong>τε</strong></span> <span class='ocrx_word' id='word_1_257' title='bbox 1320 2161 1414 2213; x_wconf 71' lang='grc' dir='ltr'><strong>καὶ</strong></span> <span class='ocrx_word' id='word_1_258' title='bbox 1466 2159 1737 2222; x_wconf 84' lang='grc' dir='ltr'><strong>Βιτέλλιος</strong></span> <span class='ocrx_word' id='word_1_259' title='bbox 1771 2159 1820 2211; x_wconf 86' lang='grc' dir='ltr'><strong>οἱ</strong></span> 
     </span>
    </p>
   </div>
   <div class='ocr_carea' id='block_1_39' title="bbox 247 2249 1823 2326">
    <p class='ocr_par' dir='ltr' id='par_1_39' title="bbox 247 2249 1823 2326">
     <span class='ocr_line' id='line_1_39' title="bbox 247 2249 1823 2326; baseline -0.004 -20"><span class='ocrx_word' id='word_1_260' title='bbox 247 2259 396 2326; x_wconf 80' lang='grc' dir='ltr'><strong>τρεῖς</strong></span> <span class='ocrx_word' id='word_1_261' title='bbox 425 2252 848 2324; x_wconf 86' lang='grc' dir='ltr'><strong>βασιλεύσαντες</strong></span> <span class='ocrx_word' id='word_1_262' title='bbox 877 2251 1071 2322; x_wconf 79' lang='grc' dir='ltr'><strong>μόνους</strong></span> <span class='ocrx_word' id='word_1_263' title='bbox 1099 2250 1396 2304; x_wconf 78' lang='grc' dir='ltr'><strong>ἑκκαίδεκα</strong></span> <span class='ocrx_word' id='word_1_264' title='bbox 1434 2251 1630 2320; x_wconf 82' lang='grc' dir='ltr'><strong>μῆνας.</strong></span> <span class='ocrx_word' id='word_1_265' title='bbox 1665 2249 1823 2302; x_wconf 83' lang='grc' dir='ltr'><strong>Τῖτον</strong></span> 
     </span>
    </p>
   </div>
   <div class='ocr_carea' id='block_1_40' title="bbox 248 2340 1827 2416">
    <p class='ocr_par' dir='ltr' id='par_1_40' title="bbox 248 2340 1827 2416">
     <span class='ocr_line' id='line_1_40' title="bbox 248 2340 1827 2416; baseline -0.004 -19"><span class='ocrx_word' id='word_1_266' title='bbox 248 2346 306 2399; x_wconf 79' lang='grc' dir='ltr'><strong>δὲ</strong></span> <span class='ocrx_word' id='word_1_267' title='bbox 347 2345 770 2416; x_wconf 76' lang='grc' dir='ltr'><strong>βασιλεύσαντα,</strong></span> <span class='ocrx_word' id='word_1_268' title='bbox 790 2344 851 2398; x_wconf 86' lang='grc' dir='ltr'><strong>ού</strong></span> <span class='ocrx_word' id='word_1_269' title='bbox 883 2342 1209 2414; x_wconf 77' lang='grc' dir='ltr'><strong>Δομετιανὸς</strong></span> <span class='ocrx_word' id='word_1_270' title='bbox 1261 2343 1574 2413; x_wconf 77' lang='grc' dir='ltr'><strong>φαρμάκοις</strong></span> <span class='ocrx_word' id='word_1_271' title='bbox 1599 2340 1827 2410; x_wconf 70' lang='grc' dir='ltr'><strong>ἀδελφὸν</strong></span> 
     </span>
    </p>
   </div>
   <div class='ocr_carea' id='block_1_41' title="bbox 245 2431 1824 2505">
    <p class='ocr_par' dir='ltr' id='par_1_41' title="bbox 245 2431 1824 2505">
     <span class='ocr_line' id='line_1_41' title="bbox 245 2431 1824 2505; baseline -0.003 -17"><span class='ocrx_word' id='word_1_272' title='bbox 245 2437 377 2490; x_wconf 70' lang='grc' dir='ltr'><strong>ὄντα</strong></span> <span class='ocrx_word' id='word_1_273' title='bbox 424 2453 488 2505; x_wconf 86' lang='grc' dir='ltr'><strong>γε</strong></span> <span class='ocrx_word' id='word_1_274' title='bbox 545 2435 735 2500; x_wconf 81' lang='grc' dir='ltr'><strong>αὑτοῦ,</strong></span> <span class='ocrx_word' id='word_1_275' title='bbox 782 2434 1032 2499; x_wconf 76' lang='grc' dir='ltr'><strong>ἀνεῖλενς</strong></span> <span class='ocrx_word' id='word_1_276' title='bbox 1069 2435 1128 2487; x_wconf 81' lang='grc' dir='ltr'><strong>ού</strong></span> <span class='ocrx_word' id='word_1_277' title='bbox 1179 2434 1506 2503; x_wconf 85' lang='grc' dir='ltr'><strong>Δομετιανὸς</strong></span> <span class='ocrx_word' id='word_1_278' title='bbox 1564 2432 1701 2501; x_wconf 75' lang='grc' dir='ltr'><strong>πρὸς</strong></span> <span class='ocrx_word' id='word_1_279' title='bbox 1732 2431 1824 2484; x_wconf 76' lang='grc' dir='ltr'><strong>τοῦ</strong></span> 
     </span>
    </p>
   </div>
   <div class='ocr_carea' id='block_1_42' title="bbox 244 2523 1826 2596">
    <p class='ocr_par' dir='ltr' id='par_1_42' title="bbox 244 2523 1826 2596">
     <span class='ocr_line' id='line_1_42' title="bbox 244 2523 1826 2596; baseline -0.003 -17"><span class='ocrx_word' id='word_1_280' title='bbox 244 2523 518 2596; x_wconf 75' lang='grc' dir='ltr'><strong>Στεφάνου</strong></span> <span class='ocrx_word' id='word_1_281' title='bbox 551 2526 800 2590; x_wconf 88' lang='grc' dir='ltr'><strong>δειλαίως</strong></span> <span class='ocrx_word' id='word_1_282' title='bbox 817 2528 924 2578; x_wconf 87' lang='grc' dir='ltr'><strong>τῶν</strong></span> <span class='ocrx_word' id='word_1_283' title='bbox 955 2525 1208 2579; x_wconf 79' lang='grc' dir='ltr'><strong>ἐντεῦθεν</strong></span> <span class='ocrx_word' id='word_1_284' title='bbox 1239 2525 1475 2595; x_wconf 82' lang='grc' dir='ltr'><strong>μετέστη</strong></span> <span class='ocrx_word' id='word_1_285' title='bbox 1500 2541 1517 2590; x_wconf 86' lang='grc'><strong>;</strong></span> <span class='ocrx_word' id='word_1_286' title='bbox 1560 2525 1625 2577; x_wconf 82' lang='grc' dir='ltr'><strong>Τί</strong></span> <span class='ocrx_word' id='word_1_287' title='bbox 1651 2523 1707 2576; x_wconf 77' lang='grc' dir='ltr'>δὲ</span> <span class='ocrx_word' id='word_1_288' title='bbox 1730 2523 1826 2576; x_wconf 74' lang='grc' dir='ltr'><strong>καὶ</strong></span> 
     </span>
    </p>
   </div>
   <div class='ocr_carea' id='block_1_43' title="bbox 243 2609 1826 2684">
    <p class='ocr_par' dir='ltr' id='par_1_43' title="bbox 243 2609 1826 2684">
     <span class='ocr_line' id='line_1_43' title="bbox 243 2609 1826 2684; baseline 0 -20"><span class='ocrx_word' id='word_1_289' title='bbox 243 2614 373 2682; x_wconf 75' lang='grc' dir='ltr'><strong>περὶ</strong></span> <span class='ocrx_word' id='word_1_290' title='bbox 401 2613 646 2682; x_wconf 83' lang='grc' dir='ltr'><strong>Κομόδου</strong></span> <span class='ocrx_word' id='word_1_291' title='bbox 663 2615 771 2683; x_wconf 84' lang='grc' dir='ltr'><strong>φής</strong></span> <span class='ocrx_word' id='word_1_292' title='bbox 800 2629 814 2678; x_wconf 90' lang='grc'>;</span> <span class='ocrx_word' id='word_1_293' title='bbox 839 2614 951 2682; x_wconf 72' lang='grc' dir='ltr'><strong>Οὐχ</strong></span> <span class='ocrx_word' id='word_1_294' title='bbox 980 2609 1133 2676; x_wconf 72' lang='grc' dir='ltr'><strong>οὗτος</strong></span> <span class='ocrx_word' id='word_1_295' title='bbox 1159 2613 1264 2665; x_wconf 79' lang='grc' dir='ltr'><strong>ὑπὸ</strong></span> <span class='ocrx_word' id='word_1_296' title='bbox 1285 2613 1598 2684; x_wconf 76' lang='grc' dir='ltr'><strong>Ναρκίσσου</strong></span> <span class='ocrx_word' id='word_1_297' title='bbox 1611 2611 1826 2682; x_wconf 74' lang='grc' dir='ltr'><strong>τὸνβίον</strong></span> 
     </span>
    </p>
   </div>
   <div class='ocr_carea' id='block_1_44' title="bbox 243 2703 1826 2774">
    <p class='ocr_par' dir='ltr' id='par_1_44' title="bbox 243 2703 1826 2774">
     <span class='ocr_line' id='line_1_44' title="bbox 243 2703 1826 2774; baseline 0.001 -20"><span class='ocrx_word' id='word_1_298' title='bbox 243 2704 546 2768; x_wconf 86' lang='grc' dir='ltr'><strong>άπέλιπεν;</strong></span> <span class='ocrx_word' id='word_1_299' title='bbox 611 2703 882 2774; x_wconf 81' lang='grc' dir='ltr'><strong>Περτίναξ</strong></span> <span class='ocrx_word' id='word_1_300' title='bbox 904 2705 973 2770; x_wconf 83' lang='grc'><strong>⁸⁸,</strong></span> <span class='ocrx_word' id='word_1_301' title='bbox 996 2705 1091 2756; x_wconf 70' lang='grc' dir='ltr'><strong>καὶ</strong></span> <span class='ocrx_word' id='word_1_302' title='bbox 1109 2705 1412 2771; x_wconf 78' lang='grc' dir='ltr'><strong>Ἰουλιανὸς,</strong></span> <span class='ocrx_word' id='word_1_303' title='bbox 1431 2706 1492 2757; x_wconf 81' lang='grc' dir='ltr'><strong>ού</strong></span> <span class='ocrx_word' id='word_1_304' title='bbox 1519 2704 1626 2756; x_wconf 83' lang='grc' dir='ltr'><strong>τῶν</strong></span> <span class='ocrx_word' id='word_1_305' title='bbox 1646 2706 1826 2756; x_wconf 81' lang='grc' dir='ltr'><strong>αὐτῶν</strong></span> 
     </span>
    </p>
   </div>
   <div class='ocr_carea' id='block_1_45' title="bbox 240 2791 1823 2864">
    <p class='ocr_par' dir='ltr' id='par_1_45' title="bbox 240 2791 1823 2864">
     <span class='ocr_line' id='line_1_45' title="bbox 240 2791 1823 2864; baseline 0.003 -20"><span class='ocrx_word' id='word_1_306' title='bbox 240 2791 459 2862; x_wconf 74' lang='grc' dir='ltr'><strong>ἔτυχονς</strong></span> <span class='ocrx_word' id='word_1_307' title='bbox 503 2794 818 2858; x_wconf 83' lang='grc' dir='ltr'><strong>Ἀντωνῖνος</strong></span> <span class='ocrx_word' id='word_1_308' title='bbox 852 2795 908 2846; x_wconf 76' lang='grc' dir='ltr'><strong>δὲ</strong></span> <span class='ocrx_word' id='word_1_309' title='bbox 938 2797 966 2847; x_wconf 86' lang='grc' dir='ltr'>ὁ</span> <span class='ocrx_word' id='word_1_310' title='bbox 997 2797 1262 2864; x_wconf 78' lang='grc' dir='ltr'><strong>Σευήρου,</strong></span> <span class='ocrx_word' id='word_1_311' title='bbox 1283 2797 1343 2848; x_wconf 83' lang='grc' dir='ltr'><strong>ού</strong></span> <span class='ocrx_word' id='word_1_312' title='bbox 1377 2797 1544 2848; x_wconf 82' lang='grc' dir='ltr'><strong>Γέταν</strong></span> <span class='ocrx_word' id='word_1_313' title='bbox 1558 2797 1651 2850; x_wconf 76' lang='grc' dir='ltr'><strong>τὸν</strong></span> <span class='ocrx_word' id='word_1_314' title='bbox 1670 2796 1823 2851; x_wconf 80' lang='grc' dir='ltr'><strong>ἁδελ-</strong></span> 
     </span>
    </p>
   </div>
   <div class='ocr_carea' id='block_1_46' title="bbox 239 2883 1823 2956">
    <p class='ocr_par' dir='ltr' id='par_1_46' title="bbox 239 2883 1823 2956">
     <span class='ocr_line' id='line_1_46' title="bbox 239 2883 1823 2956; baseline 0.001 -21"><span class='ocrx_word' id='word_1_315' title='bbox 239 2883 340 2949; x_wconf 76' lang='grc' dir='ltr'>φὸν</span> <span class='ocrx_word' id='word_1_316' title='bbox 392 2883 703 2954; x_wconf 81' lang='grc' dir='ltr'><strong>διέφθειρε,</strong></span> <span class='ocrx_word' id='word_1_317' title='bbox 766 2884 835 2937; x_wconf 83' lang='grc' dir='ltr'><strong>τά</strong></span> <span class='ocrx_word' id='word_1_318' title='bbox 886 2885 1245 2956; x_wconf 82' lang='grc' dir='ltr'><strong>παραπλήσια</strong></span> <span class='ocrx_word' id='word_1_319' title='bbox 1282 2887 1378 2940; x_wconf 73' lang='grc' dir='ltr'><strong>καὶ</strong></span> <span class='ocrx_word' id='word_1_320' title='bbox 1425 2886 1587 2949; x_wconf 76' lang='grc' dir='ltr'><strong>αὐτὸς</strong></span> <span class='ocrx_word' id='word_1_321' title='bbox 1635 2887 1823 2940; x_wconf 82' lang='grc' dir='ltr'><strong>παθὼν</strong></span> 
     </span>
    </p>
   </div>
   <div class='ocr_carea' id='block_1_47' title="bbox 241 2970 1820 3046">
    <p class='ocr_par' dir='ltr' id='par_1_47' title="bbox 241 2970 1820 3046">
     <span class='ocr_line' id='line_1_47' title="bbox 241 2970 1820 3046; baseline 0.006 -26"><span class='ocrx_word' id='word_1_322' title='bbox 241 2970 346 3024; x_wconf 70' lang='grc' dir='ltr'><strong>ὑπὸ</strong></span> <span class='ocrx_word' id='word_1_323' title='bbox 374 2971 713 3043; x_wconf 87' lang='grc' dir='ltr'><strong>Μαρτιαλίου</strong></span> <span class='ocrx_word' id='word_1_324' title='bbox 739 2989 755 3038; x_wconf 87' lang='grc'><strong>;</strong></span> <span class='ocrx_word' id='word_1_325' title='bbox 783 2973 849 3026; x_wconf 89' lang='grc' dir='ltr'><strong>Τί</strong></span> <span class='ocrx_word' id='word_1_326' title='bbox 882 2973 939 3026; x_wconf 80' lang='grc' dir='ltr'><strong>δὲ</strong></span> <span class='ocrx_word' id='word_1_327' title='bbox 969 2972 1065 3027; x_wconf 77' lang='grc' dir='ltr'><strong>καὶ</strong></span> <span class='ocrx_word' id='word_1_328' title='bbox 1107 2975 1409 3044; x_wconf 79' lang='grc' dir='ltr'><strong>Μακρῖνος,</strong></span> <span class='ocrx_word' id='word_1_329' title='bbox 1453 2977 1514 3029; x_wconf 85' lang='grc' dir='ltr'><strong>οὐ</strong></span> <span class='ocrx_word' id='word_1_330' title='bbox 1546 2977 1672 3046; x_wconf 72' lang='grc' dir='ltr'><strong>περὶ</strong></span> <span class='ocrx_word' id='word_1_331' title='bbox 1713 2977 1820 3030; x_wconf 82' lang='grc' dir='ltr'><strong>Βυ-</strong></span> 
     </span>
    </p>
   </div>
   <div class='ocr_carea' id='block_1_48' title="bbox 239 3059 1819 3136">
    <p class='ocr_par' dir='ltr' id='par_1_48' title="bbox 239 3059 1819 3136">
     <span class='ocr_line' id='line_1_48' title="bbox 239 3059 1819 3136; baseline 0.003 -22"><span class='ocrx_word' id='word_1_332' title='bbox 239 3059 456 3121; x_wconf 74' lang='grc' dir='ltr'><strong>ζάντιον</strong></span> <span class='ocrx_word' id='word_1_333' title='bbox 504 3061 859 3132; x_wconf 79' lang='grc' dir='ltr'><strong>αἰχμαλώτου</strong></span> <span class='ocrx_word' id='word_1_334' title='bbox 918 3062 1075 3133; x_wconf 87' lang='grc' dir='ltr'><strong>δίκην</strong></span> <span class='ocrx_word' id='word_1_335' title='bbox 1129 3065 1468 3135; x_wconf 73' lang='grc' dir='ltr'><strong>περιαχθεὶς,</strong></span> <span class='ocrx_word' id='word_1_336' title='bbox 1533 3068 1671 3136; x_wconf 74' lang='grc' dir='ltr'><strong>πρὸς</strong></span> <span class='ocrx_word' id='word_1_337' title='bbox 1712 3068 1819 3119; x_wconf 73' lang='grc' dir='ltr'><strong>τςῖν</strong></span> 
     </span>
    </p>
   </div>
   <div class='ocr_carea' id='block_1_49' title="bbox 240 3152 1887 3260">
    <p class='ocr_par' dir='ltr' id='par_1_49' title="bbox 240 3152 1887 3260">
     <span class='ocr_line' id='line_1_49' title="bbox 240 3152 1887 3260; baseline 0.007 -59"><span class='ocrx_word' id='word_1_338' title='bbox 240 3152 523 3222; x_wconf 77' lang='grc' dir='ltr'><strong>σφετέρων</strong></span> <span class='ocrx_word' id='word_1_339' title='bbox 564 3154 916 3224; x_wconf 81' lang='grc' dir='ltr'><strong>στρατιωτῶν</strong></span> <span class='ocrx_word' id='word_1_340' title='bbox 973 3157 1373 3228; x_wconf 76' lang='grc' dir='ltr'><strong>ὲμιαιφονήθη;</strong></span> <span class='ocrx_word' id='word_1_341' title='bbox 1414 3159 1522 3212; x_wconf 69' lang='grc' dir='ltr'><strong>Καὶ</strong></span> <span class='ocrx_word' id='word_1_342' title='bbox 1549 3159 1818 3228; x_wconf 74' lang='grc' dir='ltr'><strong>Αὐρήλιος</strong></span> <span class='ocrx_word' id='word_1_343' title='bbox 1845 3203 1887 3260; x_wconf 76' lang='lat' dir='ltr'><strong><em>C</em></strong></span> 
     </span>
    </p>
   </div>
   <div class='ocr_carea' id='block_1_50' title="bbox 235 3242 1817 3322">
    <p class='ocr_par' dir='ltr' id='par_1_50' title="bbox 235 3242 1817 3322">
     <span class='ocr_line' id='line_1_50' title="bbox 235 3242 1817 3322; baseline 0.006 -29"><span class='ocrx_word' id='word_1_344' title='bbox 235 3242 294 3295; x_wconf 69' lang='grc' dir='ltr'><strong>δὲ</strong></span> <span class='ocrx_word' id='word_1_345' title='bbox 333 3243 651 3308; x_wconf 83' lang='grc' dir='ltr'><strong>Ἀντωνῖνος</strong></span> <span class='ocrx_word' id='word_1_346' title='bbox 681 3248 710 3299; x_wconf 82' lang='grc' dir='ltr'><strong>ὁ</strong></span> <span class='ocrx_word' id='word_1_347' title='bbox 757 3245 818 3310; x_wconf 75' lang='grc' dir='ltr'><strong>ἐξ</strong></span> <span class='ocrx_word' id='word_1_348' title='bbox 883 3247 1138 3318; x_wconf 83' lang='grc' dir='ltr'><strong>Ἐμέσης,</strong></span> <span class='ocrx_word' id='word_1_349' title='bbox 1169 3249 1230 3301; x_wconf 80' lang='grc' dir='ltr'><strong>οὐ</strong></span> <span class='ocrx_word' id='word_1_350' title='bbox 1278 3249 1414 3318; x_wconf 79' lang='grc' dir='ltr'><strong>μετὰ</strong></span> <span class='ocrx_word' id='word_1_351' title='bbox 1457 3251 1555 3319; x_wconf 79' lang='grc' dir='ltr'><strong>τῆς</strong></span> <span class='ocrx_word' id='word_1_352' title='bbox 1610 3252 1817 3322; x_wconf 86' lang='grc' dir='ltr'><strong>μητρὸς</strong></span> 
     </span>
    </p>
   </div>
   <div class='ocr_carea' id='block_1_51' title="bbox 233 3332 1816 3407">
    <p class='ocr_par' dir='ltr' id='par_1_51' title="bbox 233 3332 1816 3407">
     <span class='ocr_line' id='line_1_51' title="bbox 233 3332 1816 3407; baseline 0.004 -25"><span class='ocrx_word' id='word_1_353' title='bbox 233 3332 594 3402; x_wconf 62' lang='grc' dir='ltr'><strong>κατεσφάγη;</strong></span> <span class='ocrx_word' id='word_1_354' title='bbox 628 3333 688 3386; x_wconf 87' lang='lat'><strong>&#39;0</strong></span> <span class='ocrx_word' id='word_1_355' title='bbox 717 3332 774 3385; x_wconf 83' lang='grc' dir='ltr'><strong>δέ</strong></span> <span class='ocrx_word' id='word_1_356' title='bbox 801 3350 864 3400; x_wconf 87' lang='grc' dir='ltr'><strong>γε</strong></span> <span class='ocrx_word' id='word_1_357' title='bbox 899 3335 1016 3404; x_wconf 84' lang='grc' dir='ltr'><strong>μετ’</strong></span> <span class='ocrx_word' id='word_1_358' title='bbox 1035 3335 1196 3387; x_wconf 75' lang='grc' dir='ltr'><strong>αὐτὸν</strong></span> <span class='ocrx_word' id='word_1_359' title='bbox 1237 3336 1609 3405; x_wconf 79' lang='grc' dir='ltr'><strong>Ἀλέξανδρος,</strong></span> <span class='ocrx_word' id='word_1_360' title='bbox 1643 3339 1706 3389; x_wconf 85' lang='grc' dir='ltr'><strong>ού</strong></span> <span class='ocrx_word' id='word_1_361' title='bbox 1739 3336 1816 3407; x_wconf 84' lang='grc' dir='ltr'><strong>τῷ</strong></span> 
     </span>
    </p>
   </div>
   <div class='ocr_carea' id='block_1_52' title="bbox 235 3419 1817 3496">
    <p class='ocr_par' dir='ltr' id='par_1_52' title="bbox 235 3419 1817 3496">
     <span class='ocr_line' id='line_1_52' title="bbox 235 3419 1817 3496; baseline 0.006 -25"><span class='ocrx_word' id='word_1_362' title='bbox 235 3419 390 3488; x_wconf 86' lang='grc' dir='ltr'><strong>αύτῷ</strong></span> <span class='ocrx_word' id='word_1_363' title='bbox 425 3421 522 3474; x_wconf 79' lang='grc' dir='ltr'><strong>σὺν</strong></span> <span class='ocrx_word' id='word_1_364' title='bbox 562 3425 628 3493; x_wconf 76' lang='grc' dir='ltr'><strong>τῇ</strong></span> <span class='ocrx_word' id='word_1_365' title='bbox 683 3423 855 3493; x_wconf 74' lang='grc' dir='ltr'><strong>μητρὶ</strong></span> <span class='ocrx_word' id='word_1_366' title='bbox 904 3425 1294 3492; x_wconf 86' lang='grc' dir='ltr'><strong>περιπέπτωκε</strong></span> <span class='ocrx_word' id='word_1_367' title='bbox 1326 3427 1601 3496; x_wconf 75' lang='grc' dir='ltr'><strong>δράματις</strong></span> <span class='ocrx_word' id='word_1_368' title='bbox 1645 3429 1709 3480; x_wconf 85' lang='grc' dir='ltr'><strong>Τί</strong></span> <span class='ocrx_word' id='word_1_369' title='bbox 1747 3427 1817 3481; x_wconf 84' lang='grc' dir='ltr'><strong>ἂν</strong></span> 
     </span>
    </p>
   </div>
   <div class='ocr_carea' id='block_1_53' title="bbox 232 3510 1813 3588">
    <p class='ocr_par' dir='ltr' id='par_1_53' title="bbox 232 3510 1813 3588">
     <span class='ocr_line' id='line_1_53' title="bbox 232 3510 1813 3588; baseline 0.008 -28"><span class='ocrx_word' id='word_1_370' title='bbox 232 3510 484 3580; x_wconf 82' lang='grc' dir='ltr'><strong>είποιμεν</strong></span> <span class='ocrx_word' id='word_1_371' title='bbox 507 3512 603 3564; x_wconf 63' lang='grc' dir='ltr'><strong>κα)⁸</strong></span> <span class='ocrx_word' id='word_1_372' title='bbox 627 3515 756 3582; x_wconf 66' lang='grc' dir='ltr'><strong>περ)⁹</strong></span> <span class='ocrx_word' id='word_1_373' title='bbox 774 3514 1104 3583; x_wconf 76' lang='grc' dir='ltr'><strong>Μαξιμίνου,</strong></span> <span class='ocrx_word' id='word_1_374' title='bbox 1132 3517 1267 3584; x_wconf 81' lang='grc' dir='ltr'><strong>πρὸς</strong></span> <span class='ocrx_word' id='word_1_375' title='bbox 1296 3518 1393 3586; x_wconf 83' lang='grc' dir='ltr'><strong>τῆς</strong></span> <span class='ocrx_word' id='word_1_376' title='bbox 1409 3518 1614 3580; x_wconf 78' lang='grc' dir='ltr'><strong>οἰκείας</strong></span> <span class='ocrx_word' id='word_1_377' title='bbox 1645 3535 1813 3588; x_wconf 76' lang='grc' dir='ltr'><strong>στρασ-</strong></span> 
     </span>
    </p>
   </div>
   <div class='ocr_carea' id='block_1_54' title="bbox 234 3603 1811 3679">
    <p class='ocr_par' dir='ltr' id='par_1_54' title="bbox 234 3603 1811 3679">
     <span class='ocr_line' id='line_1_54' title="bbox 234 3603 1811 3679; baseline 0.008 -27"><span class='ocrx_word' id='word_1_378' title='bbox 234 3603 358 3663; x_wconf 62' lang='lat' dir='ltr'><strong>nd;</strong></span> <span class='ocrx_word' id='word_1_379' title='bbox 412 3603 887 3674; x_wconf 78' lang='grc' dir='ltr'><strong>άναιρεθέντος,ἣ</strong></span> <span class='ocrx_word' id='word_1_380' title='bbox 956 3605 1246 3675; x_wconf 82' lang='grc' dir='ltr'><strong>Γορδιανοῦ</strong></span> <span class='ocrx_word' id='word_1_381' title='bbox 1312 3608 1811 3679; x_wconf 67' lang='grc' dir='ltr'><strong>ἐπιϐουλεύμασιθί</strong></span> 
     </span>
    </p>
   </div>
   <div class='ocr_carea' id='block_1_55' title="bbox 231 3692 1812 3770">
    <p class='ocr_par' dir='ltr' id='par_1_55' title="bbox 231 3692 1812 3770">
     <span class='ocr_line' id='line_1_55' title="bbox 231 3692 1812 3770; baseline 0.008 -26"><span class='ocrx_word' id='word_1_382' title='bbox 231 3692 502 3746; x_wconf 69' lang='grc' dir='ltr'><strong>Φιλίππου</strong></span> <span class='ocrx_word' id='word_1_383' title='bbox 542 3695 796 3748; x_wconf 64' lang='grc' dir='ltr'><strong>ὑποσπᾶν)</strong></span> <span class='ocrx_word' id='word_1_384' title='bbox 836 3698 1054 3750; x_wconf 77' lang='grc' dir='ltr'><strong>οἰκείων</strong></span> <span class='ocrx_word' id='word_1_385' title='bbox 1093 3702 1444 3768; x_wconf 79' lang='grc' dir='ltr'><strong>στρατιωτῶν</strong></span> <span class='ocrx_word' id='word_1_386' title='bbox 1480 3703 1578 3770; x_wconf 69' lang='grc' dir='ltr'><strong>τὴν</strong></span> <span class='ocrx_word' id='word_1_387' title='bbox 1609 3704 1812 3756; x_wconf 85' lang='grc' dir='ltr'><strong>τέλειον</strong></span> 
     </span>
    </p>
   </div>
   <div class='ocr_carea' id='block_1_56' title="bbox 235 3784 1808 3857">
    <p class='ocr_par' dir='ltr' id='par_1_56' title="bbox 235 3784 1808 3857">
     <span class='ocr_line' id='line_1_56' title="bbox 235 3784 1808 3857; baseline 0.007 -22"><span class='ocrx_word' id='word_1_388' title='bbox 235 3784 556 3847; x_wconf 74' lang='grc' dir='ltr'><strong>ὑπελθόντος</strong></span> <span class='ocrx_word' id='word_1_389' title='bbox 587 3787 835 3856; x_wconf 82' lang='grc' dir='ltr'><strong>ήμέραν;</strong></span> <span class='ocrx_word' id='word_1_390' title='bbox 859 3788 999 3856; x_wconf 85' lang='grc' dir='ltr'><strong>Λέγε</strong></span> <span class='ocrx_word' id='word_1_391' title='bbox 1022 3789 1079 3840; x_wconf 83' lang='grc' dir='ltr'><strong>δὲ</strong></span> <span class='ocrx_word' id='word_1_392' title='bbox 1127 3789 1214 3851; x_wconf 82' lang='grc' dir='ltr'><strong>σὺ,</strong></span> <span class='ocrx_word' id='word_1_393' title='bbox 1248 3791 1392 3853; x_wconf 78' lang='grc' dir='ltr'><strong>ὅπως</strong></span> <span class='ocrx_word' id='word_1_394' title='bbox 1438 3808 1497 3842; x_wconf 89' lang='grc' dir='ltr'><strong>τε</strong></span> <span class='ocrx_word' id='word_1_395' title='bbox 1526 3791 1808 3857; x_wconf 71' lang='grc' dir='ltr'><strong>Φίλιππος,</strong></span> 
     </span>
    </p>
   </div>
   <div class='ocr_carea' id='block_1_57' title="bbox 233 3874 1812 3952">
    <p class='ocr_par' dir='ltr' id='par_1_57' title="bbox 233 3874 1812 3952">
     <span class='ocr_line' id='line_1_57' title="bbox 233 3874 1812 3952; baseline 0.007 -27"><span class='ocrx_word' id='word_1_396' title='bbox 233 3874 328 3926; x_wconf 75' lang='grc' dir='ltr'><strong>καὶ</strong></span> <span class='ocrx_word' id='word_1_397' title='bbox 357 3877 384 3928; x_wconf 84' lang='grc' dir='ltr'>ὁ</span> <span class='ocrx_word' id='word_1_398' title='bbox 421 3879 538 3944; x_wconf 81' lang='grc' dir='ltr'><strong>μετ’</strong></span> <span class='ocrx_word' id='word_1_399' title='bbox 590 3878 752 3930; x_wconf 74' lang='grc' dir='ltr'><strong>αὑτὸν</strong></span> <span class='ocrx_word' id='word_1_400' title='bbox 810 3879 1021 3942; x_wconf 83' lang='grc' dir='ltr'><strong>Δέκιος,</strong></span> <span class='ocrx_word' id='word_1_401' title='bbox 1079 3882 1176 3952; x_wconf 78' lang='grc' dir='ltr'><strong>οὐχ</strong></span> <span class='ocrx_word' id='word_1_402' title='bbox 1231 3881 1338 3934; x_wconf 71' lang='grc' dir='ltr'><strong>ὑπὸ</strong></span> <span class='ocrx_word' id='word_1_403' title='bbox 1387 3883 1496 3934; x_wconf 86' lang='grc' dir='ltr'><strong>τῶν</strong></span> <span class='ocrx_word' id='word_1_404' title='bbox 1536 3885 1812 3952; x_wconf 85' lang='grc' dir='ltr'><strong>πολεμίων</strong></span> 
     </span>
    </p>
   </div>
   <div class='ocr_carea' id='block_1_58' title="bbox 230 3957 1809 4044">
    <p class='ocr_par' dir='ltr' id='par_1_58' title="bbox 230 3957 1809 4044">
     <span class='ocr_line' id='line_1_58' title="bbox 230 3957 1809 4044; baseline 0.007 -29"><span class='ocrx_word' id='word_1_405' title='bbox 230 3966 603 4036; x_wconf 61' lang='grc' dir='ltr'><strong>διεφθάρησαν</strong></span> <span class='ocrx_word' id='word_1_406' title='bbox 631 3985 644 4033; x_wconf 93' lang='grc'>;</span> <span class='ocrx_word' id='word_1_407' title='bbox 683 3968 778 4021; x_wconf 71' lang='grc' dir='ltr'><strong>καὶ</strong></span> <span class='ocrx_word' id='word_1_408' title='bbox 817 3969 1015 4033; x_wconf 79' lang='grc' dir='ltr'><strong>Γάλλος</strong></span> <span class='ocrx_word' id='word_1_409' title='bbox 1059 3971 1115 4023; x_wconf 84' lang='grc' dir='ltr'><strong>δὲ</strong></span> <span class='ocrx_word' id='word_1_410' title='bbox 1146 3957 1239 4024; x_wconf 81' lang='grc' dir='ltr'><strong>καὶ</strong></span> <span class='ocrx_word' id='word_1_411' title='bbox 1269 3971 1680 4037; x_wconf 70' lang='grc' dir='ltr'><strong>Βουλουσιανὸς,</strong></span> <span class='ocrx_word' id='word_1_412' title='bbox 1711 3976 1809 4044; x_wconf 70' lang='grc' dir='ltr'><strong>οὐχ</strong></span> 
     </span>
    </p>
   </div>
   <div class='ocr_carea' id='block_1_59' title="bbox 231 4057 1808 4135">
    <p class='ocr_par' dir='ltr' id='par_1_59' title="bbox 231 4057 1808 4135">
     <span class='ocr_line' id='line_1_59' title="bbox 231 4057 1808 4135; baseline 0.006 -28"><span class='ocrx_word' id='word_1_413' title='bbox 231 4057 334 4109; x_wconf 75' lang='grc' dir='ltr'><strong>ὑπὸ</strong></span> <span class='ocrx_word' id='word_1_414' title='bbox 363 4057 473 4108; x_wconf 82' lang='grc' dir='ltr'><strong>τῶν</strong></span> <span class='ocrx_word' id='word_1_415' title='bbox 512 4059 728 4112; x_wconf 83' lang='grc' dir='ltr'><strong>οἰκείων</strong></span> <span class='ocrx_word' id='word_1_416' title='bbox 771 4060 1054 4130; x_wconf 85' lang='grc' dir='ltr'><strong>δυνάμεων</strong></span> <span class='ocrx_word' id='word_1_417' title='bbox 1100 4062 1202 4132; x_wconf 76' lang='grc' dir='ltr'><strong>τῆς</strong></span> <span class='ocrx_word' id='word_1_418' title='bbox 1228 4064 1379 4132; x_wconf 84' lang='grc' dir='ltr'><strong>σφῶν</strong></span> <span class='ocrx_word' id='word_1_419' title='bbox 1402 4065 1546 4132; x_wconf 75' lang='grc' dir='ltr'><strong>ζωῆς</strong></span> <span class='ocrx_word' id='word_1_420' title='bbox 1571 4065 1808 4135; x_wconf 77' lang='grc' dir='ltr'><strong>ἐξώσθη-</strong></span> 
     </span>
    </p>
   </div>
   <div class='ocr_carea' id='block_1_60' title="bbox 233 4148 1812 4225">
    <p class='ocr_par' dir='ltr' id='par_1_60' title="bbox 233 4148 1812 4225">
     <span class='ocr_line' id='line_1_60' title="bbox 233 4148 1812 4225; baseline 0.008 -28"><span class='ocrx_word' id='word_1_421' title='bbox 233 4164 330 4199; x_wconf 85' lang='grc' dir='ltr'><strong>σαν</strong></span> <span class='ocrx_word' id='word_1_422' title='bbox 356 4164 370 4209; x_wconf 85' lang='lat'><strong>;</strong></span> <span class='ocrx_word' id='word_1_423' title='bbox 395 4149 459 4200; x_wconf 87' lang='grc' dir='ltr'><strong>Τί</strong></span> <span class='ocrx_word' id='word_1_424' title='bbox 479 4148 593 4210; x_wconf 73' lang='grc' dir='ltr'><strong>δαὶ,</strong></span> <span class='ocrx_word' id='word_1_425' title='bbox 618 4150 710 4202; x_wconf 78' lang='grc' dir='ltr'><strong>καὶ</strong></span> <span class='ocrx_word' id='word_1_426' title='bbox 741 4153 1079 4220; x_wconf 81' lang='grc' dir='ltr'><strong>Αἰμιλιανὸς,</strong></span> <span class='ocrx_word' id='word_1_427' title='bbox 1113 4155 1172 4205; x_wconf 84' lang='grc' dir='ltr'><strong>ού</strong></span> <span class='ocrx_word' id='word_1_428' title='bbox 1209 4158 1322 4218; x_wconf 85' lang='grc' dir='ltr'><strong>τοῖς</strong></span> <span class='ocrx_word' id='word_1_429' title='bbox 1363 4157 1549 4218; x_wconf 84' lang='grc' dir='ltr'><strong>αὐτοῖς</strong></span> <span class='ocrx_word' id='word_1_430' title='bbox 1582 4160 1812 4225; x_wconf 78' lang='grc' dir='ltr'><strong>περιπέ-</strong></span> 
     </span>
    </p>
   </div>
   <div class='ocr_carea' id='block_1_61' title="bbox 231 4239 1806 4314">
    <p class='ocr_par' dir='ltr' id='par_1_61' title="bbox 231 4239 1806 4314">
     <span class='ocr_line' id='line_1_61' title="bbox 231 4239 1806 4314; baseline 0.006 -27"><span class='ocrx_word' id='word_1_431' title='bbox 231 4253 480 4304; x_wconf 85' lang='grc' dir='ltr'><strong>πτωκεν;</strong></span> <span class='ocrx_word' id='word_1_432' title='bbox 517 4239 885 4309; x_wconf 78' lang='grc' dir='ltr'><strong>Οὐαλεριανὸς</strong></span> <span class='ocrx_word' id='word_1_433' title='bbox 915 4241 997 4307; x_wconf 82' lang='grc' dir='ltr'><strong>δὲ,</strong></span> <span class='ocrx_word' id='word_1_434' title='bbox 1029 4242 1089 4294; x_wconf 79' lang='grc' dir='ltr'><strong>ού</strong></span> <span class='ocrx_word' id='word_1_435' title='bbox 1125 4243 1460 4313; x_wconf 82' lang='grc' dir='ltr'><strong>δορυά).ωτος</strong></span> <span class='ocrx_word' id='word_1_436' title='bbox 1496 4245 1806 4314; x_wconf 84' lang='grc' dir='ltr'><strong>γενόμενος,</strong></span> 
     </span>
    </p>
   </div>
   <div class='ocr_carea' id='block_1_62' title="bbox 229 4327 1808 4404">
    <p class='ocr_par' dir='ltr' id='par_1_62' title="bbox 229 4327 1808 4404">
     <span class='ocr_line' id='line_1_62' title="bbox 229 4327 1808 4404; baseline 0.006 -27"><span class='ocrx_word' id='word_1_437' title='bbox 229 4327 333 4379; x_wconf 79' lang='grc' dir='ltr'><strong>ὑπὸ</strong></span> <span class='ocrx_word' id='word_1_438' title='bbox 373 4327 602 4398; x_wconf 74' lang='grc' dir='ltr'><strong>Περσῶν</strong></span> <span class='ocrx_word' id='word_1_439' title='bbox 635 4331 966 4402; x_wconf 83' lang='grc' dir='ltr'><strong>περιήγετο;</strong></span> <span class='ocrx_word' id='word_1_440' title='bbox 1000 4332 1293 4403; x_wconf 82' lang='grc' dir='ltr'><strong>Γαλλιήνου</strong></span> <span class='ocrx_word' id='word_1_441' title='bbox 1320 4333 1374 4386; x_wconf 82' lang='grc' dir='ltr'><strong>δὲ</strong></span> <span class='ocrx_word' id='word_1_442' title='bbox 1424 4334 1808 4404; x_wconf 61' lang='grc' dir='ltr'><strong>δολοφονηθέν-</strong></span> 
     </span>
    </p>
   </div>
   <div class='ocr_carea' id='block_1_63' title="bbox 224 4417 1805 4493">
    <p class='ocr_par' dir='ltr' id='par_1_63' title="bbox 224 4417 1805 4493">
     <span class='ocr_line' id='line_1_63' title="bbox 224 4417 1805 4493; baseline 0.005 -25"><span class='ocrx_word' id='word_1_443' title='bbox 224 4433 338 4480; x_wconf 82' lang='grc' dir='ltr'><strong>τος,</strong></span> <span class='ocrx_word' id='word_1_444' title='bbox 371 4417 468 4470; x_wconf 70' lang='grc' dir='ltr'><strong>καὶ</strong></span> <span class='ocrx_word' id='word_1_445' title='bbox 501 4419 744 4488; x_wconf 85' lang='grc' dir='ltr'><strong>Καρίνου</strong></span> <span class='ocrx_word' id='word_1_446' title='bbox 771 4422 1227 4490; x_wconf 78' lang='grc' dir='ltr'><strong>σφαγιασθέντος,</strong></span> <span class='ocrx_word' id='word_1_447' title='bbox 1253 4425 1311 4485; x_wconf 83' lang='grc' dir='ltr'><strong>ἐς</strong></span> <span class='ocrx_word' id='word_1_448' title='bbox 1331 4425 1711 4493; x_wconf 72' lang='grc' dir='ltr'><strong>Διοκλητιανὸν</strong></span> <span class='ocrx_word' id='word_1_449' title='bbox 1741 4425 1805 4477; x_wconf 85' lang='grc' dir='ltr'><strong>τά</strong></span> 
     </span>
    </p>
   </div>
   <div class='ocr_carea' id='block_1_64' title="bbox 1927 1958 3511 2039">
    <p class='ocr_par' dir='ltr' id='par_1_64' title="bbox 1927 1958 3511 2039">
     <span class='ocr_line' id='line_1_64' title="bbox 1927 1958 3511 2039; baseline 0 -16"><span class='ocrx_word' id='word_1_450' title='bbox 1927 1969 1994 2023; x_wconf 90' lang='lat' dir='ltr'><strong>de</strong></span> <span class='ocrx_word' id='word_1_451' title='bbox 2029 1968 2221 2022; x_wconf 87' lang='lat' dir='ltr'><strong>mundi</strong></span> <span class='ocrx_word' id='word_1_452' title='bbox 2242 1967 2396 2021; x_wconf 85' lang='lat' dir='ltr'><strong>exitu</strong></span> <span class='ocrx_word' id='word_1_453' title='bbox 2419 1968 2679 2037; x_wconf 68' lang='lat' dir='ltr'><strong>praedicta</strong></span> <span class='ocrx_word' id='word_1_454' title='bbox 2705 1977 2856 2032; x_wconf 88' lang='lat' dir='ltr'><strong>sunt,</strong></span> <span class='ocrx_word' id='word_1_455' title='bbox 2891 1958 2987 2022; x_wconf 84' lang='lat' dir='ltr'><strong>aut</strong></span> <span class='ocrx_word' id='word_1_456' title='bbox 3006 1969 3354 2039; x_wconf 88' lang='lat' dir='ltr'><strong>aliquodjam</strong></span> <span class='ocrx_word' id='word_1_457' title='bbox 3382 1984 3511 2038; x_wconf 73' lang='lat' dir='ltr'><strong>pro-</strong></span> 
     </span>
    </p>
   </div>
   <div class='ocr_carea' id='block_1_65' title="bbox 1931 2059 3512 2129">
    <p class='ocr_par' dir='ltr' id='par_1_65' title="bbox 1931 2059 3512 2129">
     <span class='ocr_line' id='line_1_65' title="bbox 1931 2059 3512 2129; baseline 0.002 -16"><span class='ocrx_word' id='word_1_458' title='bbox 1931 2059 2146 2113; x_wconf 90' lang='lat' dir='ltr'><strong>ludium</strong></span> <span class='ocrx_word' id='word_1_459' title='bbox 2173 2059 2472 2129; x_wconf 86' lang='lat' dir='ltr'><strong>acceperit,</strong></span> <span class='ocrx_word' id='word_1_460' title='bbox 2505 2068 2601 2112; x_wconf 87' lang='lat' dir='ltr'><strong>aut</strong></span> <span class='ocrx_word' id='word_1_461' title='bbox 2633 2060 2798 2114; x_wconf 77' lang='lat' dir='ltr'><strong>finem</strong></span> <span class='ocrx_word' id='word_1_462' title='bbox 2829 2060 3129 2114; x_wconf 89' lang='lat' dir='ltr'><strong>sortiturus</strong></span> <span class='ocrx_word' id='word_1_463' title='bbox 3172 2061 3264 2124; x_wconf 89' lang='lat' dir='ltr'><strong>sit,</strong></span> <span class='ocrx_word' id='word_1_464' title='bbox 3297 2060 3512 2116; x_wconf 77' lang='lat' dir='ltr'><strong>altioris</strong></span> 
     </span>
    </p>
   </div>
   <div class='ocr_carea' id='block_1_66' title="bbox 1927 2150 3514 2223">
    <p class='ocr_par' dir='ltr' id='par_1_66' title="bbox 1927 2150 3514 2223">
     <span class='ocr_line' id='line_1_66' title="bbox 1927 2150 3514 2223; baseline 0.002 -20"><span class='ocrx_word' id='word_1_465' title='bbox 1927 2160 2013 2203; x_wconf 83' lang='lat' dir='ltr'><strong>est</strong></span> <span class='ocrx_word' id='word_1_466' title='bbox 2052 2150 2506 2218; x_wconf 82' lang='lat' dir='ltr'><strong>dispensationis,</strong></span> <span class='ocrx_word' id='word_1_467' title='bbox 2538 2168 2700 2220; x_wconf 88' lang='lat' dir='ltr'><strong>quam</strong></span> <span class='ocrx_word' id='word_1_468' title='bbox 2729 2161 2788 2206; x_wconf 92' lang='lat' dir='ltr'><strong>ut</strong></span> <span class='ocrx_word' id='word_1_469' title='bbox 2839 2166 2899 2206; x_wconf 91' lang='lat' dir='ltr'><strong>tu</strong></span> <span class='ocrx_word' id='word_1_470' title='bbox 2935 2168 3130 2223; x_wconf 78' lang='lat' dir='ltr'><strong>capere</strong></span> <span class='ocrx_word' id='word_1_471' title='bbox 3163 2153 3361 2223; x_wconf 88' lang='lat' dir='ltr'><strong>possis.</strong></span> <span class='ocrx_word' id='word_1_472' title='bbox 3403 2153 3514 2209; x_wconf 60' lang='lat' dir='ltr'><strong>Ex-</strong></span> 
     </span>
    </p>
   </div>
   <div class='ocr_carea' id='block_1_67' title="bbox 1927 2240 3509 2313">
    <p class='ocr_par' dir='ltr' id='par_1_67' title="bbox 1927 2240 3509 2313">
     <span class='ocr_line' id='line_1_67' title="bbox 1927 2240 3509 2313; baseline 0.003 -19"><span class='ocrx_word' id='word_1_473' title='bbox 1927 2240 2236 2311; x_wconf 79' lang='lat' dir='ltr'><strong>pendamus</strong></span> <span class='ocrx_word' id='word_1_474' title='bbox 2264 2250 2472 2305; x_wconf 89' lang='lat' dir='ltr'><strong>autem,</strong></span> <span class='ocrx_word' id='word_1_475' title='bbox 2501 2246 2544 2294; x_wconf 90' lang='lat' dir='ltr'><strong>si</strong></span> <span class='ocrx_word' id='word_1_476' title='bbox 2578 2243 2780 2311; x_wconf 82' lang='lat' dir='ltr'><strong>placet,</strong></span> <span class='ocrx_word' id='word_1_477' title='bbox 2804 2259 3042 2313; x_wconf 87' lang='lat' dir='ltr'><strong>quonam</strong></span> <span class='ocrx_word' id='word_1_478' title='bbox 3070 2243 3235 2297; x_wconf 90' lang='lat' dir='ltr'><strong>modo</strong></span> <span class='ocrx_word' id='word_1_479' title='bbox 3269 2243 3509 2312; x_wconf 83' lang='lat' dir='ltr'><strong>impera-</strong></span> 
     </span>
    </p>
   </div>
   <div class='ocr_carea' id='block_1_68' title="bbox 1926 2332 3506 2404">
    <p class='ocr_par' dir='ltr' id='par_1_68' title="bbox 1926 2332 3506 2404">
     <span class='ocr_line' id='line_1_68' title="bbox 1926 2332 3506 2404; baseline 0.001 -20"><span class='ocrx_word' id='word_1_480' title='bbox 1926 2340 2080 2386; x_wconf 87' lang='lat' dir='ltr'><strong>tores</strong></span> <span class='ocrx_word' id='word_1_481' title='bbox 2109 2332 2205 2400; x_wconf 89' lang='lat' dir='ltr'><strong>qui</strong></span> <span class='ocrx_word' id='word_1_482' title='bbox 2251 2333 2542 2402; x_wconf 78' lang='lat' dir='ltr'><strong>gentilium</strong></span> <span class='ocrx_word' id='word_1_483' title='bbox 2595 2335 3048 2404; x_wconf 86' lang='lat' dir='ltr'><strong>superstitionem</strong></span> <span class='ocrx_word' id='word_1_484' title='bbox 3084 2333 3506 2402; x_wconf 85' lang='lat' dir='ltr'><strong>profitebantur,</strong></span> 
     </span>
    </p>
   </div>
   <div class='ocr_carea' id='block_1_69' title="bbox 1925 2425 3507 2496">
    <p class='ocr_par' dir='ltr' id='par_1_69' title="bbox 1925 2425 3507 2496">
     <span class='ocr_line' id='line_1_69' title="bbox 1925 2425 3507 2496; baseline 0.002 -18"><span class='ocrx_word' id='word_1_485' title='bbox 1925 2433 1982 2478; x_wconf 83' lang='lat' dir='ltr'><strong>et</strong></span> <span class='ocrx_word' id='word_1_486' title='bbox 2013 2439 2254 2492; x_wconf 91' lang='lat' dir='ltr'><strong>quonam</strong></span> <span class='ocrx_word' id='word_1_487' title='bbox 2309 2425 2474 2478; x_wconf 88' lang='lat' dir='ltr'><strong>modo</strong></span> <span class='ocrx_word' id='word_1_488' title='bbox 2494 2427 2586 2494; x_wconf 89' lang='lat' dir='ltr'><strong>qui</strong></span> <span class='ocrx_word' id='word_1_489' title='bbox 2633 2427 2961 2490; x_wconf 75' lang='lat' dir='ltr'><strong>religionem</strong></span> <span class='ocrx_word' id='word_1_490' title='bbox 3013 2425 3224 2481; x_wconf 86' lang='lat' dir='ltr'><strong>Christi</strong></span> <span class='ocrx_word' id='word_1_491' title='bbox 3269 2425 3507 2496; x_wconf 78' lang='lat' dir='ltr'><strong>amplexi</strong></span> 
     </span>
    </p>
   </div>
   <div class='ocr_carea' id='block_1_70' title="bbox 1925 2517 3502 2586">
    <p class='ocr_par' dir='ltr' id='par_1_70' title="bbox 1925 2517 3502 2586">
     <span class='ocr_line' id='line_1_70' title="bbox 1925 2517 3502 2586; baseline 0.001 -16"><span class='ocrx_word' id='word_1_492' title='bbox 1925 2523 2078 2581; x_wconf 89' lang='lat' dir='ltr'><strong>sunt,</strong></span> <span class='ocrx_word' id='word_1_493' title='bbox 2117 2517 2384 2586; x_wconf 79' lang='lat' dir='ltr'><strong>regnandi</strong></span> <span class='ocrx_word' id='word_1_494' title='bbox 2443 2519 2609 2572; x_wconf 88' lang='lat' dir='ltr'><strong>simul</strong></span> <span class='ocrx_word' id='word_1_495' title='bbox 2664 2534 2730 2573; x_wconf 90' lang='lat' dir='ltr'><strong>ac</strong></span> <span class='ocrx_word' id='word_1_496' title='bbox 2765 2519 2988 2573; x_wconf 87' lang='lat' dir='ltr'><strong>vivendi</strong></span> <span class='ocrx_word' id='word_1_497' title='bbox 3037 2519 3202 2573; x_wconf 81' lang='lat' dir='ltr'><strong>finem</strong></span> <span class='ocrx_word' id='word_1_498' title='bbox 3245 2518 3502 2574; x_wconf 82' lang='lat' dir='ltr'><strong>fecerint.</strong></span> 
     </span>
    </p>
   </div>
   <div class='ocr_carea' id='block_1_71' title="bbox 1928 2607 3505 2680">
    <p class='ocr_par' dir='ltr' id='par_1_71' title="bbox 1928 2607 3505 2680">
     <span class='ocr_line' id='line_1_71' title="bbox 1928 2607 3505 2680; baseline 0.002 -19"><span class='ocrx_word' id='word_1_499' title='bbox 1928 2607 2125 2661; x_wconf 86' lang='lat' dir='ltr'><strong>Annon</strong></span> <span class='ocrx_word' id='word_1_500' title='bbox 2155 2607 2322 2663; x_wconf 88' lang='lat' dir='ltr'><strong>Caius</strong></span> <span class='ocrx_word' id='word_1_501' title='bbox 2362 2609 2544 2663; x_wconf 85' lang='lat' dir='ltr'><strong>Julius</strong></span> <span class='ocrx_word' id='word_1_502' title='bbox 2587 2609 2790 2674; x_wconf 65' lang='lat' dir='ltr'><strong>Caesar,</strong></span> <span class='ocrx_word' id='word_1_503' title='bbox 2824 2611 2919 2680; x_wconf 88' lang='lat' dir='ltr'><strong>qui</strong></span> <span class='ocrx_word' id='word_1_504' title='bbox 2965 2610 3180 2680; x_wconf 89' lang='lat' dir='ltr'><strong>primus</strong></span> <span class='ocrx_word' id='word_1_505' title='bbox 3230 2610 3505 2680; x_wconf 81' lang='lat' dir='ltr'><strong>singulare</strong></span> 
     </span>
    </p>
   </div>
   <div class='ocr_carea' id='block_1_72' title="bbox 1923 2696 3510 2770">
    <p class='ocr_par' dir='ltr' id='par_1_72' title="bbox 1923 2696 3510 2770">
     <span class='ocr_line' id='line_1_72' title="bbox 1923 2696 3510 2770; baseline 0.002 -20"><span class='ocrx_word' id='word_1_506' title='bbox 1923 2696 2218 2766; x_wconf 88' lang='lat' dir='ltr'><strong>imperium</strong></span> <span class='ocrx_word' id='word_1_507' title='bbox 2275 2699 2538 2762; x_wconf 86' lang='lat' dir='ltr'><strong>obtinuit,</strong></span> <span class='ocrx_word' id='word_1_508' title='bbox 2600 2716 2699 2770; x_wconf 89' lang='lat' dir='ltr'><strong>per</strong></span> <span class='ocrx_word' id='word_1_509' title='bbox 2746 2700 2998 2754; x_wconf 87' lang='lat' dir='ltr'><strong>fraudem</strong></span> <span class='ocrx_word' id='word_1_510' title='bbox 3071 2711 3240 2770; x_wconf 89' lang='lat' dir='ltr'><strong>atque</strong></span> <span class='ocrx_word' id='word_1_511' title='bbox 3279 2700 3510 2754; x_wconf 80' lang='lat' dir='ltr'><strong>insidias</strong></span> 
     </span>
    </p>
   </div>
   <div class='ocr_carea' id='block_1_73' title="bbox 1924 2785 3505 2860">
    <p class='ocr_par' dir='ltr' id='par_1_73' title="bbox 1924 2785 3505 2860">
     <span class='ocr_line' id='line_1_73' title="bbox 1924 2785 3505 2860; baseline 0.003 -22"><span class='ocrx_word' id='word_1_512' title='bbox 1924 2785 2278 2852; x_wconf 80' lang='lat' dir='ltr'><strong>interfectus,</strong></span> <span class='ocrx_word' id='word_1_513' title='bbox 2309 2804 2376 2842; x_wconf 79' lang='lat' dir='ltr'><strong>ex</strong></span> <span class='ocrx_word' id='word_1_514' title='bbox 2404 2789 2508 2844; x_wconf 88' lang='lat' dir='ltr'><strong>hac</strong></span> <span class='ocrx_word' id='word_1_515' title='bbox 2541 2789 2661 2844; x_wconf 89' lang='lat' dir='ltr'><strong>luce</strong></span> <span class='ocrx_word' id='word_1_516' title='bbox 2694 2790 2984 2860; x_wconf 85' lang='lat' dir='ltr'><strong>migravit?</strong></span> <span class='ocrx_word' id='word_1_517' title='bbox 3030 2791 3229 2844; x_wconf 83' lang='lat' dir='ltr'><strong>Annon</strong></span> <span class='ocrx_word' id='word_1_518' title='bbox 3263 2790 3505 2844; x_wconf 89' lang='lat' dir='ltr'><strong>alterum</strong></span> 
     </span>
    </p>
   </div>
   <div class='ocr_carea' id='block_1_74' title="bbox 1921 2877 3508 2949">
    <p class='ocr_par' dir='ltr' id='par_1_74' title="bbox 1921 2877 3508 2949">
     <span class='ocr_line' id='line_1_74' title="bbox 1921 2877 3508 2949; baseline 0.001 -16"><span class='ocrx_word' id='word_1_519' title='bbox 1921 2877 2116 2933; x_wconf 89' lang='lat' dir='ltr'><strong>Caium</strong></span> <span class='ocrx_word' id='word_1_520' title='bbox 2183 2878 2391 2934; x_wconf 82' lang='lat' dir='ltr'><strong>Tiberii</strong></span> <span class='ocrx_word' id='word_1_521' title='bbox 2445 2888 2724 2949; x_wconf 87' lang='lat' dir='ltr'><strong>nepotem,</strong></span> <span class='ocrx_word' id='word_1_522' title='bbox 2772 2881 2997 2949; x_wconf 90' lang='lat' dir='ltr'><strong>quidam</strong></span> <span class='ocrx_word' id='word_1_523' title='bbox 3062 2879 3268 2935; x_wconf 89' lang='lat' dir='ltr'><strong>milites</strong></span> <span class='ocrx_word' id='word_1_524' title='bbox 3310 2879 3508 2948; x_wconf 83' lang='lat' dir='ltr'><strong>gladiis</strong></span> 
     </span>
    </p>
   </div>
   <div class='ocr_carea' id='block_1_75' title="bbox 1922 2971 3508 3041">
    <p class='ocr_par' dir='ltr' id='par_1_75' title="bbox 1922 2971 3508 3041">
     <span class='ocr_line' id='line_1_75' title="bbox 1922 2971 3508 3041; baseline 0.001 -17"><span class='ocrx_word' id='word_1_525' title='bbox 1922 2971 2382 3025; x_wconf 89' lang='lat' dir='ltr'><strong>obtruncarunt?</strong></span> <span class='ocrx_word' id='word_1_526' title='bbox 2405 2972 2664 3041; x_wconf 79' lang='lat' dir='ltr'><strong>Nunquid</strong></span> <span class='ocrx_word' id='word_1_527' title='bbox 2689 2973 2836 3026; x_wconf 83' lang='lat' dir='ltr'><strong>Nero</strong></span> <span class='ocrx_word' id='word_1_528' title='bbox 2873 2989 2902 3026; x_wconf 92' lang='lat' dir='ltr'><strong>a</strong></span> <span class='ocrx_word' id='word_1_529' title='bbox 2933 2971 3170 3041; x_wconf 88' lang='lat' dir='ltr'><strong>quodam</strong></span> <span class='ocrx_word' id='word_1_530' title='bbox 3199 2987 3267 3026; x_wconf 89' lang='lat' dir='ltr'><strong>ex</strong></span> <span class='ocrx_word' id='word_1_531' title='bbox 3319 2971 3508 3026; x_wconf 89' lang='lat' dir='ltr'><strong>dome-</strong></span> 
     </span>
    </p>
   </div>
   <div class='ocr_carea' id='block_1_76' title="bbox 1923 3060 3508 3118">
    <p class='ocr_par' dir='ltr' id='par_1_76' title="bbox 1923 3060 3508 3118">
     <span class='ocr_line' id='line_1_76' title="bbox 1923 3060 3508 3118; baseline -0.003 -1"><span class='ocrx_word' id='word_1_532' title='bbox 1923 3064 2086 3118; x_wconf 84' lang='lat' dir='ltr'><strong>sticis</strong></span> <span class='ocrx_word' id='word_1_533' title='bbox 2115 3063 2426 3117; x_wconf 90' lang='lat' dir='ltr'><strong>trucidatus</strong></span> <span class='ocrx_word' id='word_1_534' title='bbox 2445 3063 2563 3116; x_wconf 89' lang='lat' dir='ltr'><strong>est?</strong></span> <span class='ocrx_word' id='word_1_535' title='bbox 2602 3062 2798 3117; x_wconf 82' lang='lat' dir='ltr'><strong>Annon</strong></span> <span class='ocrx_word' id='word_1_536' title='bbox 2820 3062 2990 3116; x_wconf 87' lang='lat' dir='ltr'><strong>Galba</strong></span> <span class='ocrx_word' id='word_1_537' title='bbox 3021 3061 3256 3114; x_wconf 88' lang='lat' dir='ltr'><strong>similem</strong></span> <span class='ocrx_word' id='word_1_538' title='bbox 3291 3060 3508 3114; x_wconf 79' lang='lat' dir='ltr'><strong>exitum</strong></span> 
     </span>
    </p>
   </div>
   <div class='ocr_carea' id='block_1_77' title="bbox 1921 3151 3506 3222">
    <p class='ocr_par' dir='ltr' id='par_1_77' title="bbox 1921 3151 3506 3222">
     <span class='ocr_line' id='line_1_77' title="bbox 1921 3151 3506 3222; baseline -0.003 -12"><span class='ocrx_word' id='word_1_539' title='bbox 1921 3154 2059 3210; x_wconf 62' lang='lat' dir='ltr'><strong>vitai</strong></span> <span class='ocrx_word' id='word_1_540' title='bbox 2092 3156 2289 3210; x_wconf 83' lang='lat' dir='ltr'><strong>habuit</strong></span> <span class='ocrx_word' id='word_1_541' title='bbox 2326 3173 2338 3209; x_wconf 89' lang='lat'><strong>:</strong></span> <span class='ocrx_word' id='word_1_542' title='bbox 2380 3153 2525 3210; x_wconf 90' lang='lat' dir='ltr'><strong>Otho</strong></span> <span class='ocrx_word' id='word_1_543' title='bbox 2579 3155 2710 3207; x_wconf 89' lang='lat' dir='ltr'><strong>item</strong></span> <span class='ocrx_word' id='word_1_544' title='bbox 2756 3170 2822 3208; x_wconf 91' lang='lat' dir='ltr'><strong>ac</strong></span> <span class='ocrx_word' id='word_1_545' title='bbox 2846 3153 3104 3208; x_wconf 77' lang='lat' dir='ltr'><strong>Vitellius</strong></span> <span class='ocrx_word' id='word_1_546' title='bbox 3142 3169 3156 3206; x_wconf 89' lang='lat'>:</span> <span class='ocrx_word' id='word_1_547' title='bbox 3217 3151 3311 3222; x_wconf 87' lang='lat' dir='ltr'><strong>qui</strong></span> <span class='ocrx_word' id='word_1_548' title='bbox 3368 3161 3506 3216; x_wconf 80' lang='lat' dir='ltr'><strong>tres.</strong></span> 
     </span>
    </p>
   </div>
   <div class='ocr_carea' id='block_1_78' title="bbox 1919 3243 3502 3314">
    <p class='ocr_par' dir='ltr' id='par_1_78' title="bbox 1919 3243 3502 3314">
     <span class='ocr_line' id='line_1_78' title="bbox 1919 3243 3502 3314; baseline -0.003 -13"><span class='ocrx_word' id='word_1_549' title='bbox 1919 3247 2160 3301; x_wconf 88' lang='lat' dir='ltr'><strong>sedecim</strong></span> <span class='ocrx_word' id='word_1_550' title='bbox 2225 3245 2494 3300; x_wconf 81' lang='lat' dir='ltr'><strong>duntaxat</strong></span> <span class='ocrx_word' id='word_1_551' title='bbox 2557 3246 2831 3299; x_wconf 90' lang='lat' dir='ltr'><strong>mensium</strong></span> <span class='ocrx_word' id='word_1_552' title='bbox 2904 3245 3084 3314; x_wconf 89' lang='lat' dir='ltr'><strong>spatio</strong></span> <span class='ocrx_word' id='word_1_553' title='bbox 3142 3243 3502 3312; x_wconf 83' lang='lat' dir='ltr'><strong>imperarunt.</strong></span> 
     </span>
    </p>
   </div>
   <div class='ocr_carea' id='block_1_79' title="bbox 1918 3334 3508 3406">
    <p class='ocr_par' dir='ltr' id='par_1_79' title="bbox 1918 3334 3508 3406">
     <span class='ocr_line' id='line_1_79' title="bbox 1918 3334 3508 3406; baseline -0.002 -15"><span class='ocrx_word' id='word_1_554' title='bbox 1918 3338 2104 3392; x_wconf 88' lang='lat' dir='ltr'><strong>Titum</strong></span> <span class='ocrx_word' id='word_1_555' title='bbox 2131 3353 2356 3406; x_wconf 82' lang='lat' dir='ltr'><strong>quoque</strong></span> <span class='ocrx_word' id='word_1_556' title='bbox 2401 3337 2795 3406; x_wconf 86' lang='lat' dir='ltr'><strong>imperatorem</strong></span> <span class='ocrx_word' id='word_1_557' title='bbox 2851 3335 3104 3405; x_wconf 88' lang='lat' dir='ltr'><strong>nunquid</strong></span> <span class='ocrx_word' id='word_1_558' title='bbox 3159 3334 3508 3388; x_wconf 83' lang='lat' dir='ltr'><strong>Domitianus</strong></span> 
     </span>
    </p>
   </div>
   <div class='ocr_carea' id='block_1_80' title="bbox 1914 3425 3506 3500">
    <p class='ocr_par' dir='ltr' id='par_1_80' title="bbox 1914 3425 3506 3500">
     <span class='ocr_line' id='line_1_80' title="bbox 1914 3425 3506 3500; baseline -0.005 -14"><span class='ocrx_word' id='word_1_559' title='bbox 1914 3431 2035 3500; x_wconf 86' lang='lat' dir='ltr'><strong>ejus</strong></span> <span class='ocrx_word' id='word_1_560' title='bbox 2065 3429 2237 3483; x_wconf 86' lang='lat' dir='ltr'><strong>frater</strong></span> <span class='ocrx_word' id='word_1_561' title='bbox 2266 3445 2480 3484; x_wconf 81' lang='lat' dir='ltr'><strong>veneno</strong></span> <span class='ocrx_word' id='word_1_562' title='bbox 2500 3427 2816 3484; x_wconf 88' lang='lat' dir='ltr'><strong>interfecit?</strong></span> <span class='ocrx_word' id='word_1_563' title='bbox 2847 3427 2966 3496; x_wconf 77' lang='lat' dir='ltr'><strong>Ipse</strong></span> <span class='ocrx_word' id='word_1_564' title='bbox 2989 3441 3122 3479; x_wconf 89' lang='lat' dir='ltr'><strong>vero</strong></span> <span class='ocrx_word' id='word_1_565' title='bbox 3158 3425 3506 3479; x_wconf 84' lang='lat' dir='ltr'><strong>Domitianus</strong></span> 
     </span>
    </p>
   </div>
   <div class='ocr_carea' id='block_1_81' title="bbox 1915 3514 3503 3590">
    <p class='ocr_par' dir='ltr' id='par_1_81' title="bbox 1915 3514 3503 3590">
     <span class='ocr_line' id='line_1_81' title="bbox 1915 3514 3503 3590; baseline -0.006 -15"><span class='ocrx_word' id='word_1_566' title='bbox 1915 3520 2166 3590; x_wconf 85' lang='lat' dir='ltr'><strong>nunquid</strong></span> <span class='ocrx_word' id='word_1_567' title='bbox 2187 3537 2216 3573; x_wconf 90' lang='lat' dir='ltr'><strong>a</strong></span> <span class='ocrx_word' id='word_1_568' title='bbox 2237 3520 2523 3588; x_wconf 85' lang='lat' dir='ltr'><strong>Stephano</strong></span> <span class='ocrx_word' id='word_1_569' title='bbox 2539 3527 2786 3579; x_wconf 84' lang='lat' dir='ltr'><strong>necatus,</strong></span> <span class='ocrx_word' id='word_1_570' title='bbox 2814 3516 3116 3571; x_wconf 86' lang='lat' dir='ltr'><strong>miserabili</strong></span> <span class='ocrx_word' id='word_1_571' title='bbox 3136 3517 3286 3569; x_wconf 84' lang='lat' dir='ltr'><strong>exitu</strong></span> <span class='ocrx_word' id='word_1_572' title='bbox 3313 3514 3503 3584; x_wconf 88' lang='lat' dir='ltr'><strong>periit?</strong></span> 
     </span>
    </p>
   </div>
   <div class='ocr_carea' id='block_1_82' title="bbox 1915 3603 3498 3678">
    <p class='ocr_par' dir='ltr' id='par_1_82' title="bbox 1915 3603 3498 3678">
     <span class='ocr_line' id='line_1_82' title="bbox 1915 3603 3498 3678; baseline -0.006 -12"><span class='ocrx_word' id='word_1_573' title='bbox 1915 3611 2057 3678; x_wconf 83' lang='lat' dir='ltr'><strong>Quid</strong></span> <span class='ocrx_word' id='word_1_574' title='bbox 2083 3611 2150 3666; x_wconf 88' lang='lat' dir='ltr'><strong>de</strong></span> <span class='ocrx_word' id='word_1_575' title='bbox 2182 3609 2487 3666; x_wconf 90' lang='lat' dir='ltr'><strong>Commodo</strong></span> <span class='ocrx_word' id='word_1_576' title='bbox 2516 3607 2708 3662; x_wconf 80' lang='lat' dir='ltr'><strong>dices?</strong></span> <span class='ocrx_word' id='word_1_577' title='bbox 2741 3607 2936 3660; x_wconf 86' lang='lat' dir='ltr'><strong>Annon</strong></span> <span class='ocrx_word' id='word_1_578' title='bbox 2962 3606 3040 3658; x_wconf 91' lang='lat' dir='ltr'><strong>illi</strong></span> <span class='ocrx_word' id='word_1_579' title='bbox 3083 3605 3246 3674; x_wconf 81' lang='lat'><strong>377</strong></span> <span class='ocrx_word' id='word_1_580' title='bbox 3275 3603 3498 3657; x_wconf 73' lang='lat' dir='ltr'><strong>Narcis-</strong></span> 
     </span>
    </p>
   </div>
   <div class='ocr_carea' id='block_1_83' title="bbox 1916 3698 3500 3765">
    <p class='ocr_par' dir='ltr' id='par_1_83' title="bbox 1916 3698 3500 3765">
     <span class='ocr_line' id='line_1_83' title="bbox 1916 3698 3500 3765; baseline -0.008 -8"><span class='ocrx_word' id='word_1_581' title='bbox 1916 3719 2012 3758; x_wconf 86' lang='lat' dir='ltr'><strong>sus</strong></span> <span class='ocrx_word' id='word_1_582' title='bbox 2043 3702 2318 3756; x_wconf 86' lang='lat' dir='ltr'><strong>violentas</strong></span> <span class='ocrx_word' id='word_1_583' title='bbox 2347 3717 2544 3756; x_wconf 89' lang='lat' dir='ltr'><strong>manus</strong></span> <span class='ocrx_word' id='word_1_584' title='bbox 2590 3699 2808 3753; x_wconf 88' lang='lat' dir='ltr'><strong>intulit?</strong></span> <span class='ocrx_word' id='word_1_585' title='bbox 2867 3698 3125 3752; x_wconf 82' lang='lat' dir='ltr'><strong>Pertinax</strong></span> <span class='ocrx_word' id='word_1_586' title='bbox 3175 3710 3392 3765; x_wconf 90' lang='lat' dir='ltr'><strong>quoque</strong></span> <span class='ocrx_word' id='word_1_587' title='bbox 3443 3701 3500 3748; x_wconf 89' lang='lat' dir='ltr'><strong>et</strong></span> 
     </span>
    </p>
   </div>
   <div class='ocr_carea' id='block_1_84' title="bbox 1911 3787 3497 3861">
    <p class='ocr_par' dir='ltr' id='par_1_84' title="bbox 1911 3787 3497 3861">
     <span class='ocr_line' id='line_1_84' title="bbox 1911 3787 3497 3861; baseline -0.009 -11"><span class='ocrx_word' id='word_1_588' title='bbox 1911 3796 2190 3857; x_wconf 84' lang='lat' dir='ltr'><strong>Julianus,</strong></span> <span class='ocrx_word' id='word_1_589' title='bbox 2237 3793 2488 3861; x_wconf 88' lang='lat' dir='ltr'><strong>nunquid</strong></span> <span class='ocrx_word' id='word_1_590' title='bbox 2524 3792 2724 3846; x_wconf 88' lang='lat' dir='ltr'><strong>similia</strong></span> <span class='ocrx_word' id='word_1_591' title='bbox 2776 3790 2919 3860; x_wconf 87' lang='lat' dir='ltr'><strong>passi</strong></span> <span class='ocrx_word' id='word_1_592' title='bbox 2963 3788 3132 3842; x_wconf 90' lang='lat' dir='ltr'><strong>sunt?</strong></span> <span class='ocrx_word' id='word_1_593' title='bbox 3186 3787 3304 3842; x_wconf 90' lang='lat' dir='ltr'><strong>Jam</strong></span> <span class='ocrx_word' id='word_1_594' title='bbox 3364 3800 3497 3840; x_wconf 77' lang='lat' dir='ltr'><strong>vero</strong></span> 
     </span>
    </p>
   </div>
   <div class='ocr_carea' id='block_1_85' title="bbox 1911 3877 3501 3941">
    <p class='ocr_par' dir='ltr' id='par_1_85' title="bbox 1911 3877 3501 3941">
     <span class='ocr_line' id='line_1_85' title="bbox 1911 3877 3501 3941; baseline -0.008 0"><span class='ocrx_word' id='word_1_595' title='bbox 1911 3887 2222 3941; x_wconf 81' lang='lat' dir='ltr'><strong>Antoninus</strong></span> <span class='ocrx_word' id='word_1_596' title='bbox 2247 3884 2433 3940; x_wconf 74' lang='lat' dir='ltr'><strong>Severi</strong></span> <span class='ocrx_word' id='word_1_597' title='bbox 2467 3884 2633 3941; x_wconf 83' lang='lat' dir='ltr'><strong>ﬁlius.</strong></span> <span class='ocrx_word' id='word_1_598' title='bbox 2659 3897 2842 3936; x_wconf 89' lang='lat' dir='ltr'><strong>nonne</strong></span> <span class='ocrx_word' id='word_1_599' title='bbox 2865 3880 3054 3936; x_wconf 83' lang='lat' dir='ltr'><strong>Getam</strong></span> <span class='ocrx_word' id='word_1_600' title='bbox 3077 3879 3302 3932; x_wconf 86' lang='lat' dir='ltr'><strong>fratrem</strong></span> <span class='ocrx_word' id='word_1_601' title='bbox 3321 3877 3501 3930; x_wconf 83' lang='lat' dir='ltr'><strong>inter-</strong></span> 
     </span>
    </p>
   </div>
   <div class='ocr_carea' id='block_1_86' title="bbox 1911 3967 3502 4043">
    <p class='ocr_par' dir='ltr' id='par_1_86' title="bbox 1911 3967 3502 4043">
     <span class='ocr_line' id='line_1_86' title="bbox 1911 3967 3502 4043; baseline -0.005 -15"><span class='ocrx_word' id='word_1_602' title='bbox 1911 3975 2063 4036; x_wconf 84' lang='lat' dir='ltr'><strong>fecit,</strong></span> <span class='ocrx_word' id='word_1_603' title='bbox 2088 3984 2145 4029; x_wconf 91' lang='lat' dir='ltr'><strong>et</strong></span> <span class='ocrx_word' id='word_1_604' title='bbox 2176 3976 2292 4043; x_wconf 88' lang='lat' dir='ltr'><strong>ipse</strong></span> <span class='ocrx_word' id='word_1_605' title='bbox 2327 3982 2516 4043; x_wconf 83' lang='lat' dir='ltr'><strong>postea</strong></span> <span class='ocrx_word' id='word_1_606' title='bbox 2554 3972 2720 4026; x_wconf 79' lang='lat' dir='ltr'><strong>simili</strong></span> <span class='ocrx_word' id='word_1_607' title='bbox 2765 3971 2958 4024; x_wconf 83' lang='lat' dir='ltr'><strong>mortis</strong></span> <span class='ocrx_word' id='word_1_608' title='bbox 2989 3985 3188 4040; x_wconf 85' lang='lat' dir='ltr'><strong>genere</strong></span> <span class='ocrx_word' id='word_1_609' title='bbox 3245 3967 3502 4022; x_wconf 80' lang='lat' dir='ltr'><strong>sublatus</strong></span> 
     </span>
    </p>
   </div>
   <div class='ocr_carea' id='block_1_87' title="bbox 1909 4057 3491 4127">
    <p class='ocr_par' dir='ltr' id='par_1_87' title="bbox 1909 4057 3491 4127">
     <span class='ocr_line' id='line_1_87' title="bbox 1909 4057 3491 4127; baseline -0.006 -9"><span class='ocrx_word' id='word_1_610' title='bbox 1909 4075 1995 4119; x_wconf 85' lang='lat' dir='ltr'><strong>est</strong></span> <span class='ocrx_word' id='word_1_611' title='bbox 2025 4083 2054 4117; x_wconf 86' lang='lat' dir='ltr'><strong>a</strong></span> <span class='ocrx_word' id='word_1_612' title='bbox 2083 4063 2373 4117; x_wconf 81' lang='lat' dir='ltr'><strong>Martiale?</strong></span> <span class='ocrx_word' id='word_1_613' title='bbox 2409 4061 2548 4125; x_wconf 69' lang='lat' dir='ltr'><strong>Quid</strong></span> <span class='ocrx_word' id='word_1_614' title='bbox 2573 4060 2870 4123; x_wconf 86' lang='lat' dir='ltr'><strong>Macrinus,</strong></span> <span class='ocrx_word' id='word_1_615' title='bbox 2899 4074 3082 4112; x_wconf 90' lang='lat' dir='ltr'><strong>nonne</strong></span> <span class='ocrx_word' id='word_1_616' title='bbox 3113 4060 3258 4112; x_wconf 88' lang='lat' dir='ltr'><strong>circa</strong></span> <span class='ocrx_word' id='word_1_617' title='bbox 3283 4057 3491 4127; x_wconf 76' lang='lat' dir='ltr'><strong>Byzan-</strong></span> 
     </span>
    </p>
   </div>
   <div class='ocr_carea' id='block_1_88' title="bbox 1914 4145 3495 4220">
    <p class='ocr_par' dir='ltr' id='par_1_88' title="bbox 1914 4145 3495 4220">
     <span class='ocr_line' id='line_1_88' title="bbox 1914 4145 3495 4220; baseline -0.004 -13"><span class='ocrx_word' id='word_1_618' title='bbox 1914 4153 2050 4207; x_wconf 74' lang='lat' dir='ltr'><strong>tium</strong></span> <span class='ocrx_word' id='word_1_619' title='bbox 2085 4152 2289 4220; x_wconf 83' lang='lat' dir='ltr'><strong>captivi</strong></span> <span class='ocrx_word' id='word_1_620' title='bbox 2323 4151 2496 4203; x_wconf 88' lang='lat' dir='ltr'><strong>instar</strong></span> <span class='ocrx_word' id='word_1_621' title='bbox 2513 4148 2952 4211; x_wconf 88' lang='lat' dir='ltr'><strong>circumductus,</strong></span> <span class='ocrx_word' id='word_1_622' title='bbox 2978 4163 3007 4200; x_wconf 89' lang='lat' dir='ltr'><strong>a</strong></span> <span class='ocrx_word' id='word_1_623' title='bbox 3061 4148 3176 4202; x_wconf 88' lang='lat' dir='ltr'><strong>suis</strong></span> <span class='ocrx_word' id='word_1_624' title='bbox 3227 4145 3495 4200; x_wconf 82' lang='lat' dir='ltr'><strong>militibus</strong></span> 
     </span>
    </p>
   </div>
   <div class='ocr_carea' id='block_1_89' title="bbox 1911 4237 3502 4299">
    <p class='ocr_par' dir='ltr' id='par_1_89' title="bbox 1911 4237 3502 4299">
     <span class='ocr_line' id='line_1_89' title="bbox 1911 4237 3502 4299; baseline -0.006 -1"><span class='ocrx_word' id='word_1_625' title='bbox 1911 4242 2460 4299; x_wconf 86' lang='lat' dir='ltr'><strong>nefarictrucidatus</strong></span> <span class='ocrx_word' id='word_1_626' title='bbox 2515 4242 2634 4295; x_wconf 86' lang='lat' dir='ltr'><strong>est?</strong></span> <span class='ocrx_word' id='word_1_627' title='bbox 2688 4239 2946 4294; x_wconf 85' lang='lat' dir='ltr'><strong>Aurelius</strong></span> <span class='ocrx_word' id='word_1_628' title='bbox 3001 4238 3131 4292; x_wconf 87' lang='lat' dir='ltr'><strong>item</strong></span> <span class='ocrx_word' id='word_1_629' title='bbox 3180 4237 3502 4292; x_wconf 76' lang='lat' dir='ltr'><strong>Antoninus</strong></span> 
     </span>
    </p>
   </div>
   <div class='ocr_carea' id='block_1_90' title="bbox 1908 4334 3490 4397">
    <p class='ocr_par' dir='ltr' id='par_1_90' title="bbox 1908 4334 3490 4397">
     <span class='ocr_line' id='line_1_90' title="bbox 1908 4334 3490 4397; baseline -0.005 -7"><span class='ocrx_word' id='word_1_630' title='bbox 1908 4345 2070 4390; x_wconf 72' lang='lat' dir='ltr'><strong>ortus</strong></span> <span class='ocrx_word' id='word_1_631' title='bbox 2095 4351 2162 4389; x_wconf 74' lang='lat' dir='ltr'><strong>ex</strong></span> <span class='ocrx_word' id='word_1_632' title='bbox 2187 4334 2326 4388; x_wconf 90' lang='lat' dir='ltr'><strong>urbe</strong></span> <span class='ocrx_word' id='word_1_633' title='bbox 2357 4335 2574 4397; x_wconf 83' lang='lat' dir='ltr'><strong>Emesa,</strong></span> <span class='ocrx_word' id='word_1_634' title='bbox 2600 4347 2785 4386; x_wconf 87' lang='lat' dir='ltr'><strong>nonne</strong></span> <span class='ocrx_word' id='word_1_635' title='bbox 2817 4347 2923 4385; x_wconf 90' lang='lat' dir='ltr'><strong>una</strong></span> <span class='ocrx_word' id='word_1_636' title='bbox 2969 4346 3091 4386; x_wconf 89' lang='lat' dir='ltr'><strong>cum</strong></span> <span class='ocrx_word' id='word_1_637' title='bbox 3135 4339 3312 4384; x_wconf 91' lang='lat' dir='ltr'><strong>matre</strong></span> <span class='ocrx_word' id='word_1_638' title='bbox 3356 4343 3490 4382; x_wconf 92' lang='lat' dir='ltr'><strong>con-</strong></span> 
     </span>
    </p>
   </div>
   <div class='ocr_carea' id='block_1_91' title="bbox 1908 4421 3485 4494">
    <p class='ocr_par' dir='ltr' id='par_1_91' title="bbox 1908 4421 3485 4494">
     <span class='ocr_line' id='line_1_91' title="bbox 1908 4421 3485 4494; baseline -0.005 -12"><span class='ocrx_word' id='word_1_639' title='bbox 1908 4429 2092 4482; x_wconf 85' lang='lat' dir='ltr'><strong>fossos</strong></span> <span class='ocrx_word' id='word_1_640' title='bbox 2143 4425 2392 4480; x_wconf 90' lang='lat' dir='ltr'><strong>interiit?</strong></span> <span class='ocrx_word' id='word_1_641' title='bbox 2446 4426 2509 4478; x_wconf 81' lang='lat' dir='ltr'><strong>Et</strong></span> <span class='ocrx_word' id='word_1_642' title='bbox 2561 4424 2655 4494; x_wconf 87' lang='lat' dir='ltr'><strong>qui</strong></span> <span class='ocrx_word' id='word_1_643' title='bbox 2709 4423 2786 4476; x_wconf 93' lang='lat' dir='ltr'><strong>illi</strong></span> <span class='ocrx_word' id='word_1_644' title='bbox 2834 4421 3102 4477; x_wconf 88' lang='lat' dir='ltr'><strong>successit</strong></span> <span class='ocrx_word' id='word_1_645' title='bbox 3149 4421 3485 4479; x_wconf 64' lang='lat' dir='ltr'><strong>Alexander,</strong></span> 
     </span>
    </p>
   </div>
   <div class='ocr_carea' id='block_1_92' title="bbox 228 4505 1822 4588">
    <p class='ocr_par' dir='ltr' id='par_1_92' title="bbox 228 4505 1805 4585">
     <span class='ocr_line' id='line_1_92' title="bbox 228 4505 1805 4585; baseline 0.005 -29"><span class='ocrx_word' id='word_1_646' title='bbox 228 4505 532 4576; x_wconf 80' lang='grc' dir='ltr'><strong>πράγματα</strong></span> <span class='ocrx_word' id='word_1_647' title='bbox 567 4510 856 4580; x_wconf 83' lang='grc' dir='ltr'><strong>περιέστη,</strong></span> <span class='ocrx_word' id='word_1_648' title='bbox 884 4512 978 4565; x_wconf 82' lang='grc' dir='ltr'><strong>καὶ</strong></span> <span class='ocrx_word' id='word_1_649' title='bbox 1003 4512 1098 4576; x_wconf 81' lang='grc' dir='ltr'><strong>οὓς</strong></span> <span class='ocrx_word' id='word_1_650' title='bbox 1128 4512 1288 4576; x_wconf 79' lang='grc' dir='ltr'><strong>αὐτὸς</strong></span> <span class='ocrx_word' id='word_1_651' title='bbox 1319 4514 1492 4566; x_wconf 85' lang='grc' dir='ltr'><strong>εῖλετο</strong></span> <span class='ocrx_word' id='word_1_652' title='bbox 1520 4515 1805 4585; x_wconf 80' lang='grc' dir='ltr'><strong>συνάρχειν</strong></span> 
     </span>
    </p>
   </div>
   <div class='ocr_carea' id='block_1_93' title="bbox 1924 4505 3473 4588">
    <p class='ocr_par' dir='ltr' id='par_1_93' title="bbox 1924 4513 3473 4581">
     <span class='ocr_line' id='line_1_93' title="bbox 1924 4513 3473 4581; baseline -0.003 -11"><span class='ocrx_word' id='word_1_653' title='bbox 1924 4532 2093 4571; x_wconf 78' lang='grc' dir='ltr'><strong>ιοιιηε</strong></span> <span class='ocrx_word' id='word_1_654' title='bbox 2125 4516 2291 4570; x_wconf 89' lang='lat' dir='ltr'><strong>simili</strong></span> <span class='ocrx_word' id='word_1_655' title='bbox 2323 4516 2475 4569; x_wconf 88' lang='lat' dir='ltr'><strong>exitu</strong></span> <span class='ocrx_word' id='word_1_656' title='bbox 2505 4531 2609 4568; x_wconf 91' lang='lat' dir='ltr'><strong>una</strong></span> <span class='ocrx_word' id='word_1_657' title='bbox 2646 4529 2768 4568; x_wconf 85' lang='lat' dir='ltr'><strong>cum</strong></span> <span class='ocrx_word' id='word_1_658' title='bbox 2804 4524 2976 4570; x_wconf 88' lang='lat' dir='ltr'><strong>matre</strong></span> <span class='ocrx_word' id='word_1_659' title='bbox 3033 4513 3277 4568; x_wconf 86' lang='lat' dir='ltr'><strong>interiit?</strong></span> <span class='ocrx_word' id='word_1_660' title='bbox 3331 4513 3473 4581; x_wconf 77' lang='lat' dir='ltr'><strong>Quil</strong></span> 
     </span>
    </p>
   </div>
   <div class='ocr_carea' id='block_1_94' title="bbox 226 4594 1822 4678">
    <p class='ocr_par' dir='ltr' id='par_1_94' title="bbox 226 4594 1802 4674">
     <span class='ocr_line' id='line_1_94' title="bbox 226 4594 1802 4674; baseline 0.004 -23"><span class='ocrx_word' id='word_1_661' title='bbox 226 4600 376 4668; x_wconf 73' lang='grc' dir='ltr'><strong>αὐτῷ</strong></span> <span class='ocrx_word' id='word_1_662' title='bbox 395 4614 410 4628; x_wconf 86' lang='grc'><strong>·</strong></span> <span class='ocrx_word' id='word_1_663' title='bbox 441 4600 502 4663; x_wconf 78' lang='grc' dir='ltr'><strong>ἐξ</strong></span> <span class='ocrx_word' id='word_1_664' title='bbox 526 4594 602 4653; x_wconf 82' lang='grc' dir='ltr'>ὧν</span> <span class='ocrx_word' id='word_1_665' title='bbox 649 4601 964 4673; x_wconf 86' lang='grc' dir='ltr'><strong>Ἐρκούλιος</strong></span> <span class='ocrx_word' id='word_1_666' title='bbox 989 4603 1335 4674; x_wconf 79' lang='grc' dir='ltr'><strong>Μαξιμιανὸς</strong></span> <span class='ocrx_word' id='word_1_667' title='bbox 1381 4605 1472 4657; x_wconf 77' lang='grc' dir='ltr'><strong>καὶ</strong></span> <span class='ocrx_word' id='word_1_668' title='bbox 1504 4605 1802 4671; x_wconf 84' lang='grc' dir='ltr'><strong>Μαξέντιος</strong></span> 
     </span>
    </p>
   </div>
   <div class='ocr_carea' id='block_1_95' title="bbox 1924 4594 3472 4678">
    <p class='ocr_par' dir='ltr' id='par_1_95' title="bbox 1924 4607 3472 4678">
     <span class='ocr_line' id='line_1_95' title="bbox 1924 4607 3472 4678; baseline -0.001 -16"><span class='ocrx_word' id='word_1_669' title='bbox 1924 4609 2082 4663; x_wconf 89' lang='lat' dir='ltr'><strong>licam</strong></span> <span class='ocrx_word' id='word_1_670' title='bbox 2117 4609 2184 4664; x_wconf 90' lang='lat' dir='ltr'><strong>de</strong></span> <span class='ocrx_word' id='word_1_671' title='bbox 2215 4607 2533 4672; x_wconf 85' lang='lat' dir='ltr'><strong>Maximino,</strong></span> <span class='ocrx_word' id='word_1_672' title='bbox 2569 4607 2720 4677; x_wconf 90' lang='lat' dir='ltr'><strong>quia</strong></span> <span class='ocrx_word' id='word_1_673' title='bbox 2743 4607 2982 4678; x_wconf 82' lang='lat' dir='ltr'><strong>prepriis</strong></span> <span class='ocrx_word' id='word_1_674' title='bbox 3019 4607 3288 4662; x_wconf 85' lang='lat' dir='ltr'><strong>militibus</strong></span> <span class='ocrx_word' id='word_1_675' title='bbox 3335 4607 3472 4660; x_wconf 84' lang='lat' dir='ltr'><strong>inte-</strong></span> 
     </span>
    </p>
   </div>
   <div class='ocr_carea' id='block_1_96' title="bbox 221 4690 1822 4771">
    <p class='ocr_par' dir='ltr' id='par_1_96' title="bbox 221 4690 1802 4770">
     <span class='ocr_line' id='line_1_96' title="bbox 221 4690 1802 4770; baseline 0.005 -28"><span class='ocrx_word' id='word_1_676' title='bbox 221 4694 250 4740; x_wconf 80' lang='grc' dir='ltr'>ὁ</span> <span class='ocrx_word' id='word_1_677' title='bbox 274 4690 471 4745; x_wconf 85' lang='grc' dir='ltr'><strong>τούτου</strong></span> <span class='ocrx_word' id='word_1_678' title='bbox 503 4695 656 4759; x_wconf 86' lang='grc' dir='ltr'><strong>παῖς,</strong></span> <span class='ocrx_word' id='word_1_679' title='bbox 687 4696 783 4747; x_wconf 79' lang='grc' dir='ltr'><strong>καὶ</strong></span> <span class='ocrx_word' id='word_1_680' title='bbox 805 4695 1078 4760; x_wconf 81' lang='grc' dir='ltr'><strong>Λικίννιος</strong></span> <span class='ocrx_word' id='word_1_681' title='bbox 1106 4697 1186 4760; x_wconf 79' lang='grc' dir='ltr'><strong>δὲ,</strong></span> <span class='ocrx_word' id='word_1_682' title='bbox 1213 4698 1268 4760; x_wconf 76' lang='grc' dir='ltr'><strong>ἐς</strong></span> <span class='ocrx_word' id='word_1_683' title='bbox 1289 4697 1491 4767; x_wconf 77' lang='grc' dir='ltr'><strong>ἔσχατα</strong></span> <span class='ocrx_word' id='word_1_684' title='bbox 1513 4697 1802 4770; x_wconf 75' lang='grc' dir='ltr'><strong>διεφθάρη-</strong></span> 
     </span>
    </p>
   </div>
   <div class='ocr_carea' id='block_1_97' title="bbox 1924 4690 3474 4771">
    <p class='ocr_par' dir='ltr' id='par_1_97' title="bbox 1924 4698 3474 4771">
     <span class='ocr_line' id='line_1_97' title="bbox 1924 4698 3474 4771; baseline -0.003 -15"><span class='ocrx_word' id='word_1_685' title='bbox 1924 4712 2151 4771; x_wconf 78' lang='lat' dir='ltr'><strong>emptus</strong></span> <span class='ocrx_word' id='word_1_686' title='bbox 2184 4701 2306 4754; x_wconf 85' lang='lat' dir='ltr'><strong>est?</strong></span> <span class='ocrx_word' id='word_1_687' title='bbox 2335 4699 2476 4766; x_wconf 86' lang='lat' dir='ltr'><strong>Quid</strong></span> <span class='ocrx_word' id='word_1_688' title='bbox 2501 4700 2569 4755; x_wconf 90' lang='lat' dir='ltr'><strong>de</strong></span> <span class='ocrx_word' id='word_1_689' title='bbox 2599 4699 2900 4758; x_wconf 85' lang='lat' dir='ltr'><strong>Gordiano.</strong></span> <span class='ocrx_word' id='word_1_690' title='bbox 2943 4702 3044 4770; x_wconf 84' lang='lat' dir='ltr'><strong>qui</strong></span> <span class='ocrx_word' id='word_1_691' title='bbox 3076 4701 3295 4755; x_wconf 89' lang='lat' dir='ltr'><strong>insidiis</strong></span> <span class='ocrx_word' id='word_1_692' title='bbox 3347 4698 3474 4756; x_wconf 82' lang='lat' dir='ltr'><strong>Phi-</strong></span> 
     </span>
    </p>
   </div>
   <div class='ocr_carea' id='block_1_98' title="bbox 224 4780 1822 4867">
    <p class='ocr_par' dir='ltr' id='par_1_98' title="bbox 224 4780 1799 4860">
     <span class='ocr_line' id='line_1_98' title="bbox 224 4780 1799 4860; baseline 0.005 -26"><span class='ocrx_word' id='word_1_693' title='bbox 224 4780 570 4849; x_wconf 78' lang='grc' dir='ltr'><strong>σαν.Ἑξότου</strong></span> <span class='ocrx_word' id='word_1_694' title='bbox 598 4785 657 4838; x_wconf 68' lang='grc' dir='ltr'><strong>δὲ</strong></span> <span class='ocrx_word' id='word_1_695' title='bbox 690 4788 1099 4852; x_wconf 74' lang='grc' dir='ltr'><strong>Κωνσταντὶνος</strong></span> <span class='ocrx_word' id='word_1_696' title='bbox 1129 4790 1158 4842; x_wconf 87' lang='grc' dir='ltr'>ὁ</span> <span class='ocrx_word' id='word_1_697' title='bbox 1212 4789 1565 4860; x_wconf 70' lang='grc' dir='ltr'><strong>παναοίόιμος</strong></span> <span class='ocrx_word' id='word_1_698' title='bbox 1603 4807 1799 4860; x_wconf 88' lang='grc' dir='ltr'><strong>παρει-</strong></span> 
     </span>
    </p>
   </div>
   <div class='ocr_carea' id='block_1_99' title="bbox 1924 4780 3563 4867">
    <p class='ocr_par' dir='ltr' id='par_1_99' title="bbox 1924 4783 3563 4867">
     <span class='ocr_line' id='line_1_99' title="bbox 1924 4783 3563 4867; baseline -0.003 -18"><span class='ocrx_word' id='word_1_699' title='bbox 1924 4796 2039 4867; x_wconf 77' lang='grc' dir='ltr'><strong>ἰρρί-</strong></span> <span class='ocrx_word' id='word_1_700' title='bbox 2057 4811 2084 4849; x_wconf 88' lang='lat' dir='ltr'><strong>a</strong></span> <span class='ocrx_word' id='word_1_701' title='bbox 2116 4794 2390 4849; x_wconf 86' lang='lat' dir='ltr'><strong>militibus</strong></span> <span class='ocrx_word' id='word_1_702' title='bbox 2407 4795 2521 4849; x_wconf 90' lang='lat' dir='ltr'><strong>suis</strong></span> <span class='ocrx_word' id='word_1_703' title='bbox 2541 4804 2771 4848; x_wconf 90' lang='lat' dir='ltr'><strong>necatus</strong></span> <span class='ocrx_word' id='word_1_704' title='bbox 2795 4794 3051 4848; x_wconf 88' lang='lat' dir='ltr'><strong>ultimum</strong></span> <span class='ocrx_word' id='word_1_705' title='bbox 3075 4793 3222 4848; x_wconf 91' lang='lat' dir='ltr'><strong>diem</strong></span> <span class='ocrx_word' id='word_1_706' title='bbox 3246 4789 3486 4847; x_wconf 67' lang='lat' dir='ltr'><strong>clausit?</strong></span> <span class='ocrx_word' id='word_1_707' title='bbox 3561 4783 3563 4787; x_wconf 71' lang='grc'><strong>’</strong></span> 
     </span>
    </p>
   </div>
   <div class='ocr_carea' id='block_1_100' title="bbox 220 4875 1822 4958">
    <p class='ocr_par' dir='ltr' id='par_1_100' title="bbox 220 4875 1798 4952">
     <span class='ocr_line' id='line_1_100' title="bbox 220 4875 1798 4952; baseline 0.006 -26"><span class='ocrx_word' id='word_1_708' title='bbox 220 4875 380 4946; x_wconf 76' lang='grc' dir='ltr'><strong>ληφει</strong></span> <span class='ocrx_word' id='word_1_709' title='bbox 435 4877 536 4948; x_wconf 79' lang='grc' dir='ltr'><strong>τὴν</strong></span> <span class='ocrx_word' id='word_1_710' title='bbox 598 4877 794 4949; x_wconf 79' lang='grc' dir='ltr'><strong>ἀρχὴν,</strong></span> <span class='ocrx_word' id='word_1_711' title='bbox 849 4881 944 4934; x_wconf 77' lang='grc' dir='ltr'><strong>καὶ</strong></span> <span class='ocrx_word' id='word_1_712' title='bbox 990 4880 1090 4952; x_wconf 76' lang='grc' dir='ltr'><strong>τὴν</strong></span> <span class='ocrx_word' id='word_1_713' title='bbox 1125 4881 1415 4950; x_wconf 75' lang='grc' dir='ltr'><strong>ἐπώνυμον</strong></span> <span class='ocrx_word' id='word_1_714' title='bbox 1454 4881 1602 4952; x_wconf 85' lang='grc' dir='ltr'><strong>αύτῷ</strong></span> <span class='ocrx_word' id='word_1_715' title='bbox 1645 4882 1798 4936; x_wconf 84' lang='grc' dir='ltr'><strong>πόλιν</strong></span> 
     </span>
    </p>
   </div>
   <div class='ocr_carea' id='block_1_101' title="bbox 1924 4875 3480 4958">
    <p class='ocr_par' dir='ltr' id='par_1_101' title="bbox 1924 4883 3480 4958">
     <span class='ocr_line' id='line_1_101' title="bbox 1924 4883 3480 4958; baseline -0.006 -15"><span class='ocrx_word' id='word_1_716' title='bbox 1924 4904 2015 4943; x_wconf 86' lang='lat' dir='ltr'><strong>am</strong></span> <span class='ocrx_word' id='word_1_717' title='bbox 2043 4901 2178 4940; x_wconf 86' lang='lat' dir='ltr'><strong>vero</strong></span> <span class='ocrx_word' id='word_1_718' title='bbox 2235 4885 2526 4956; x_wconf 86' lang='lat' dir='ltr'><strong>Philippus</strong></span> <span class='ocrx_word' id='word_1_719' title='bbox 2565 4896 2623 4940; x_wconf 93' lang='lat' dir='ltr'><strong>ct</strong></span> <span class='ocrx_word' id='word_1_720' title='bbox 2669 4886 2889 4950; x_wconf 86' lang='lat' dir='ltr'><strong>Decius,</strong></span> <span class='ocrx_word' id='word_1_721' title='bbox 2945 4884 3037 4940; x_wconf 86' lang='lat' dir='ltr'><strong>die</strong></span> <span class='ocrx_word' id='word_1_722' title='bbox 3077 4883 3237 4946; x_wconf 89' lang='lat' dir='ltr'><strong>mihi,</strong></span> <span class='ocrx_word' id='word_1_723' title='bbox 3270 4899 3480 4958; x_wconf 65' lang='lat' dir='ltr'><strong>quaeso,</strong></span> 
     </span>
    </p>
   </div>
   <div class='ocr_carea' id='block_1_102' title="bbox 218 4967 1822 5044">
    <p class='ocr_par' dir='ltr' id='par_1_102' title="bbox 218 4967 1803 5044">
     <span class='ocr_line' id='line_1_102' title="bbox 218 4967 1803 5044; baseline 0.005 -26"><span class='ocrx_word' id='word_1_724' title='bbox 218 4967 551 5036; x_wconf 74' lang='grc' dir='ltr'><strong>δειμάμενος</strong></span> <span class='ocrx_word' id='word_1_725' title='bbox 580 4969 660 5040; x_wconf 81' lang='grc' dir='ltr'><strong>τῷ</strong></span> <span class='ocrx_word' id='word_1_726' title='bbox 691 4971 914 5041; x_wconf 82' lang='grc' dir='ltr'><strong>Χριστῷ</strong></span> <span class='ocrx_word' id='word_1_727' title='bbox 943 4971 1314 5037; x_wconf 81' lang='grc' dir='ltr'><strong>ἀνατέθεικεν,</strong></span> <span class='ocrx_word' id='word_1_728' title='bbox 1348 4973 1506 5042; x_wconf 75' lang='grc' dir='ltr'><strong>ἄθρει</strong></span> <span class='ocrx_word' id='word_1_729' title='bbox 1523 4973 1586 5044; x_wconf 87' lang='grc' dir='ltr'><strong>δή</strong></span> <span class='ocrx_word' id='word_1_730' title='bbox 1627 4991 1716 5042; x_wconf 89' lang='grc' dir='ltr'><strong>μοι</strong></span> <span class='ocrx_word' id='word_1_731' title='bbox 1749 4975 1803 5027; x_wconf 81' lang='grc' dir='ltr'><strong>εἴ</strong></span> 
     </span>
    </p>
   </div>
   <div class='ocr_carea' id='block_1_103' title="bbox 1924 4967 3486 5044">
    <p class='ocr_par' dir='ltr' id='par_1_103' title="bbox 1924 4973 3486 5032">
     <span class='ocr_line' id='line_1_103' title="bbox 1924 4973 3486 5032; baseline -0.002 -2"><span class='ocrx_word' id='word_1_732' title='bbox 1924 4991 2086 5032; x_wconf 81' lang='lat' dir='ltr'><strong>mnon</strong></span> <span class='ocrx_word' id='word_1_733' title='bbox 2124 4976 2193 5030; x_wconf 88' lang='lat' dir='ltr'><strong>ab</strong></span> <span class='ocrx_word' id='word_1_734' title='bbox 2223 4975 2480 5031; x_wconf 81' lang='lat' dir='ltr'><strong>hostibus</strong></span> <span class='ocrx_word' id='word_1_735' title='bbox 2506 4975 2974 5032; x_wconf 81' lang='lat' dir='ltr'><strong>interfectisunt?</strong></span> <span class='ocrx_word' id='word_1_736' title='bbox 3005 4973 3193 5029; x_wconf 78' lang='lat' dir='ltr'><strong>Gallus</strong></span> <span class='ocrx_word' id='word_1_737' title='bbox 3223 4983 3406 5029; x_wconf 88' lang='lat' dir='ltr'><strong>autem</strong></span> <span class='ocrx_word' id='word_1_738' title='bbox 3422 4982 3486 5030; x_wconf 65' lang='lat' dir='ltr'><strong>et</strong></span> 
     </span>
    </p>
   </div>
   <div class='ocr_carea' id='block_1_104' title="bbox 217 5058 1822 5136">
    <p class='ocr_par' dir='ltr' id='par_1_104' title="bbox 217 5058 1803 5136">
     <span class='ocr_line' id='line_1_104' title="bbox 217 5058 1803 5136; baseline 0.006 -27"><span class='ocrx_word' id='word_1_739' title='bbox 217 5075 299 5119; x_wconf 84' lang='grc' dir='ltr'><strong>τις</strong></span> <span class='ocrx_word' id='word_1_740' title='bbox 326 5058 437 5111; x_wconf 83' lang='grc' dir='ltr'><strong>τῶν</strong></span> <span class='ocrx_word' id='word_1_741' title='bbox 476 5061 536 5114; x_wconf 80' lang='grc' dir='ltr'><strong>ἐν</strong></span> <span class='ocrx_word' id='word_1_742' title='bbox 561 5060 701 5130; x_wconf 77' lang='grc' dir='ltr'><strong>αὐτῇ</strong></span> <span class='ocrx_word' id='word_1_743' title='bbox 732 5061 1019 5130; x_wconf 66' lang='grc' dir='ltr'><strong>βασιλέων,</strong></span> <span class='ocrx_word' id='word_1_744' title='bbox 1058 5063 1350 5117; x_wconf 82' lang='grc' dir='ltr'><strong>Ἰουλιανοῦ</strong></span> <span class='ocrx_word' id='word_1_745' title='bbox 1377 5065 1501 5136; x_wconf 79' lang='grc' dir='ltr'><strong>δίχα</strong></span> <span class='ocrx_word' id='word_1_746' title='bbox 1526 5065 1621 5118; x_wconf 82' lang='grc' dir='ltr'><strong>τοῦ</strong></span> <span class='ocrx_word' id='word_1_747' title='bbox 1662 5067 1803 5136; x_wconf 81' lang='grc' dir='ltr'><strong>ἱερο-</strong></span> 
     </span>
    </p>
   </div>
   <div class='ocr_carea' id='block_1_105' title="bbox 1924 5058 3491 5136">
    <p class='ocr_par' dir='ltr' id='par_1_105' title="bbox 1924 5064 3491 5124">
     <span class='ocr_line' id='line_1_105' title="bbox 1924 5064 3491 5124; baseline -0.002 -1"><span class='ocrx_word' id='word_1_748' title='bbox 1924 5068 2240 5124; x_wconf 70' lang='lat' dir='ltr'><strong>Volusianus</strong></span> <span class='ocrx_word' id='word_1_749' title='bbox 2291 5082 2478 5122; x_wconf 89' lang='lat' dir='ltr'><strong>nonne</strong></span> <span class='ocrx_word' id='word_1_750' title='bbox 2514 5083 2543 5122; x_wconf 90' lang='lat' dir='ltr'><strong>a</strong></span> <span class='ocrx_word' id='word_1_751' title='bbox 2577 5068 2694 5123; x_wconf 88' lang='lat' dir='ltr'><strong>suis</strong></span> <span class='ocrx_word' id='word_1_752' title='bbox 2721 5067 3062 5123; x_wconf 83' lang='lat' dir='ltr'><strong>exercitibus</strong></span> <span class='ocrx_word' id='word_1_753' title='bbox 3087 5074 3217 5122; x_wconf 89' lang='lat' dir='ltr'><strong>sunt</strong></span> <span class='ocrx_word' id='word_1_754' title='bbox 3257 5064 3491 5121; x_wconf 67' lang='lat' dir='ltr'><strong>necati!</strong></span> 
     </span>
    </p>
   </div>
   <div class='ocr_carea' id='block_1_106' title="bbox 218 5148 1822 5230">
    <p class='ocr_par' dir='ltr' id='par_1_106' title="bbox 218 5148 1804 5226">
     <span class='ocr_line' id='line_1_106' title="bbox 218 5148 1804 5226; baseline 0.003 -24"><span class='ocrx_word' id='word_1_755' title='bbox 218 5148 424 5215; x_wconf 67' lang='lat' dir='ltr'><strong>:pivtou</strong></span> <span class='ocrx_word' id='word_1_756' title='bbox 452 5167 548 5204; x_wconf 88' lang='grc' dir='ltr'><strong>σου</strong></span> <span class='ocrx_word' id='word_1_757' title='bbox 576 5152 673 5204; x_wconf 73' lang='grc' dir='ltr'><strong>καὶ</strong></span> <span class='ocrx_word' id='word_1_758' title='bbox 698 5151 991 5222; x_wconf 82' lang='grc' dir='ltr'><strong>βασιλέως,</strong></span> <span class='ocrx_word' id='word_1_759' title='bbox 1022 5151 1056 5225; x_wconf 73' lang='grc' dir='ltr'><strong>ἦ</strong></span> <span class='ocrx_word' id='word_1_760' title='bbox 1097 5153 1235 5224; x_wconf 75' lang='grc' dir='ltr'><strong>πρὸς</strong></span> <span class='ocrx_word' id='word_1_761' title='bbox 1256 5153 1365 5208; x_wconf 82' lang='grc' dir='ltr'><strong>τῶν</strong></span> <span class='ocrx_word' id='word_1_762' title='bbox 1393 5155 1664 5226; x_wconf 77' lang='grc' dir='ltr'><strong>οίκείωνῆ</strong></span> <span class='ocrx_word' id='word_1_763' title='bbox 1695 5155 1804 5208; x_wconf 78' lang='grc' dir='ltr'><strong>τῶν</strong></span> 
     </span>
    </p>
   </div>
   <div class='ocr_carea' id='block_1_107' title="bbox 1924 5148 3492 5230">
    <p class='ocr_par' dir='ltr' id='par_1_107' title="bbox 1924 5154 3492 5230">
     <span class='ocr_line' id='line_1_107' title="bbox 1924 5154 3492 5230; baseline -0.003 -15"><span class='ocrx_word' id='word_1_764' title='bbox 1924 5159 2232 5215; x_wconf 85' lang='lat' dir='ltr'><strong>Emilianus</strong></span> <span class='ocrx_word' id='word_1_765' title='bbox 2289 5174 2510 5230; x_wconf 81' lang='lat' dir='ltr'><strong>quoque</strong></span> <span class='ocrx_word' id='word_1_766' title='bbox 2562 5174 2750 5214; x_wconf 90' lang='lat' dir='ltr'><strong>nonne</strong></span> <span class='ocrx_word' id='word_1_767' title='bbox 2811 5159 2976 5214; x_wconf 91' lang='lat' dir='ltr'><strong>simili</strong></span> <span class='ocrx_word' id='word_1_768' title='bbox 3033 5159 3184 5214; x_wconf 82' lang='lat' dir='ltr'><strong>exitu</strong></span> <span class='ocrx_word' id='word_1_769' title='bbox 3242 5154 3492 5210; x_wconf 70' lang='lat' dir='ltr'><strong>interiit?</strong></span> 
     </span>
    </p>
   </div>
   <div class='ocr_carea' id='block_1_108' title="bbox 214 5241 1822 5321">
    <p class='ocr_par' dir='ltr' id='par_1_108' title="bbox 214 5241 1785 5316">
     <span class='ocr_line' id='line_1_108' title="bbox 214 5241 1785 5316; baseline 0.004 -24"><span class='ocrx_word' id='word_1_770' title='bbox 214 5241 478 5294; x_wconf 66' lang='grc' dir='ltr'><strong>ἐναντίων</strong></span> <span class='ocrx_word' id='word_1_771' title='bbox 505 5241 798 5314; x_wconf 80' lang='grc' dir='ltr'><strong>διεφθάρη,</strong></span> <span class='ocrx_word' id='word_1_772' title='bbox 823 5243 856 5313; x_wconf 78' lang='grc' dir='ltr'>ἢ</span> <span class='ocrx_word' id='word_1_773' title='bbox 884 5243 1024 5307; x_wconf 74' lang='grc' dir='ltr'><strong>ὅλως</strong></span> <span class='ocrx_word' id='word_1_774' title='bbox 1059 5243 1325 5314; x_wconf 88' lang='grc' dir='ltr'><strong>τύραννος</strong></span> <span class='ocrx_word' id='word_1_775' title='bbox 1365 5245 1632 5316; x_wconf 86' lang='grc' dir='ltr'><strong>βασιλέως</strong></span> <span class='ocrx_word' id='word_1_776' title='bbox 1664 5263 1785 5299; x_wconf 86' lang='grc' dir='ltr'><strong>κατ·</strong></span> 
     </span>
    </p>
   </div>
   <div class='ocr_carea' id='block_1_109' title="bbox 1924 5241 3490 5321">
    <p class='ocr_par' dir='ltr' id='par_1_109' title="bbox 1924 5245 3490 5321">
     <span class='ocr_line' id='line_1_109' title="bbox 1924 5245 3490 5321; baseline -0.002 -18"><span class='ocrx_word' id='word_1_777' title='bbox 1924 5249 2018 5303; x_wconf 58' lang='grc' dir='ltr'><strong>ἴοῐη</strong></span> <span class='ocrx_word' id='word_1_778' title='bbox 2056 5247 2402 5312; x_wconf 82' lang='lat' dir='ltr'><strong>Valerianus,</strong></span> <span class='ocrx_word' id='word_1_779' title='bbox 2439 5263 2625 5303; x_wconf 90' lang='lat' dir='ltr'><strong>nonne</strong></span> <span class='ocrx_word' id='word_1_780' title='bbox 2656 5249 2712 5303; x_wconf 92' lang='lat' dir='ltr'><strong>in</strong></span> <span class='ocrx_word' id='word_1_781' title='bbox 2751 5249 2938 5320; x_wconf 56' lang='lat' dir='ltr'><strong>pra’lio</strong></span> <span class='ocrx_word' id='word_1_782' title='bbox 2965 5259 3178 5321; x_wconf 84' lang='lat' dir='ltr'><strong>captus,</strong></span> <span class='ocrx_word' id='word_1_783' title='bbox 3206 5263 3236 5302; x_wconf 90' lang='lat' dir='ltr'><strong>a</strong></span> <span class='ocrx_word' id='word_1_784' title='bbox 3298 5245 3490 5302; x_wconf 67' lang='lat' dir='ltr'><strong>Persis</strong></span> 
     </span>
    </p>
   </div>
   <div class='ocr_carea' id='block_1_110' title="bbox 216 5329 1822 5412">
    <p class='ocr_par' dir='ltr' id='par_1_110' title="bbox 216 5329 1800 5412">
     <span class='ocr_line' id='line_1_110' title="bbox 216 5329 1800 5412; baseline 0.006 -30"><span class='ocrx_word' id='word_1_785' title='bbox 216 5329 636 5401; x_wconf 81' lang='grc' dir='ltr'><strong>εδυνάστευσεν,</strong></span> <span class='ocrx_word' id='word_1_786' title='bbox 683 5334 717 5404; x_wconf 76' lang='grc' dir='ltr'>ἢ</span> <span class='ocrx_word' id='word_1_787' title='bbox 767 5336 928 5404; x_wconf 84' lang='grc' dir='ltr'><strong>μόνον</strong></span> <span class='ocrx_word' id='word_1_788' title='bbox 991 5334 1317 5391; x_wconf 84' lang='grc' dir='ltr'><strong>Βασιλίσκου</strong></span> <span class='ocrx_word' id='word_1_789' title='bbox 1342 5338 1456 5412; x_wconf 81' lang='grc'><strong>(96)</strong></span> <span class='ocrx_word' id='word_1_790' title='bbox 1497 5337 1800 5405; x_wconf 71' lang='grc' dir='ltr'><strong>έξὼσαντος</strong></span> 
     </span>
    </p>
   </div>
   <div class='ocr_carea' id='block_1_111' title="bbox 1924 5329 3488 5412">
    <p class='ocr_par' dir='ltr' id='par_1_111' title="bbox 1924 5338 3488 5412">
     <span class='ocr_line' id='line_1_111' title="bbox 1924 5338 3488 5412; baseline 0.001 -22"><span class='ocrx_word' id='word_1_791' title='bbox 1924 5339 2317 5394; x_wconf 83' lang='lat' dir='ltr'><strong>:ireumductus</strong></span> <span class='ocrx_word' id='word_1_792' title='bbox 2353 5338 2753 5410; x_wconf 75' lang='lat' dir='ltr'><strong>estibenique</strong></span> <span class='ocrx_word' id='word_1_793' title='bbox 2791 5339 3042 5397; x_wconf 82' lang='lat' dir='ltr'><strong>Gallieno</strong></span> <span class='ocrx_word' id='word_1_794' title='bbox 3075 5357 3174 5412; x_wconf 90' lang='lat' dir='ltr'><strong>per</strong></span> <span class='ocrx_word' id='word_1_795' title='bbox 3225 5338 3488 5392; x_wconf 78' lang='lat' dir='ltr'><strong>fraudem</strong></span> 
     </span>
    </p>
   </div>
   <div class='ocr_carea' id='block_1_112' title="bbox 1491 5451 2162 5509">
    <p class='ocr_par' dir='ltr' id='par_1_112' title="bbox 1491 5451 2162 5509">
     <span class='ocr_line' id='line_1_112' title="bbox 1491 5451 2162 5509; baseline 0.003 -2"><span class='ocrx_word' id='word_1_796' title='bbox 1491 5451 1728 5508; x_wconf 65' lang='lat' dir='ltr'><strong>VARIIE</strong></span> <span class='ocrx_word' id='word_1_797' title='bbox 1763 5451 2162 5509; x_wconf 71' lang='lat' dir='ltr'><strong>LECTIONES.</strong></span> 
     </span>
    </p>
   </div>
   <div class='ocr_carea' id='block_1_113' title="bbox 278 5535 1694 5620">
    <p class='ocr_par' dir='ltr' id='par_1_113' title="bbox 278 5535 1694 5620">
     <span class='ocr_line' id='line_1_113' title="bbox 278 5535 1694 5620; baseline 0.003 -22"><span class='ocrx_word' id='word_1_798' title='bbox 278 5535 322 5568; x_wconf 83' lang='grc'><strong>⁹⁰</strong></span> <span class='ocrx_word' id='word_1_799' title='bbox 349 5543 412 5599; x_wconf 88' lang='lat' dir='ltr'><strong>C.</strong></span> <span class='ocrx_word' id='word_1_800' title='bbox 434 5541 499 5599; x_wconf 88' lang='lat' dir='ltr'><strong>C.</strong></span> <span class='ocrx_word' id='word_1_801' title='bbox 517 5543 789 5618; x_wconf 80' lang='grc' dir='ltr'><strong>Περτίναξ</strong></span> <span class='ocrx_word' id='word_1_802' title='bbox 817 5563 904 5600; x_wconf 79' lang='grc' dir='ltr'><strong>τε.</strong></span> <span class='ocrx_word' id='word_1_803' title='bbox 975 5545 1098 5604; x_wconf 78' lang='lat' dir='ltr'><strong>“C.</strong></span> <span class='ocrx_word' id='word_1_804' title='bbox 1125 5547 1188 5606; x_wconf 89' lang='lat' dir='ltr'><strong>C.</strong></span> <span class='ocrx_word' id='word_1_805' title='bbox 1243 5547 1694 5620; x_wconf 76' lang='grc' dir='ltr'><strong>ἐπιϐουλεύματι.</strong></span> 
     </span>
    </p>
   </div>
   <div class='ocr_carea' id='block_1_114' title="bbox 1417 5659 3432 5729">
    <p class='ocr_par' dir='ltr' id='par_1_114' title="bbox 1417 5659 3432 5729">
     <span class='ocr_line' id='line_1_114' title="bbox 1417 5659 3432 5729; baseline -0.009 -10"><span class='ocrx_word' id='word_1_806' title='bbox 1417 5661 1684 5718; x_wconf 72' lang='lat' dir='ltr'><strong>VALESII</strong></span> <span class='ocrx_word' id='word_1_807' title='bbox 1725 5659 2280 5729; x_wconf 78' lang='lat' dir='ltr'><strong>ANNOTATIONES.</strong></span> <span class='ocrx_word' id='word_1_808' title='bbox 3429 5699 3432 5701; x_wconf 66' lang='grc'>.</span> 
     </span>
    </p>
   </div>
   <div class='ocr_carea' id='block_1_115' title="bbox 285 5748 3486 5823">
    <p class='ocr_par' dir='ltr' id='par_1_115' title="bbox 285 5748 3486 5823">
     <span class='ocr_line' id='line_1_115' title="bbox 285 5748 3486 5823; baseline -0.001 -17"><span class='ocrx_word' id='word_1_809' title='bbox 285 5751 538 5823; x_wconf 48' lang='grc' dir='ltr'><strong>(θεὴ-Ἡ</strong></span> <span class='ocrx_word' id='word_1_810' title='bbox 608 5753 802 5821; x_wconf 71' lang='grc' dir='ltr'><strong>μόνον</strong></span> <span class='ocrx_word' id='word_1_811' title='bbox 855 5755 1252 5809; x_wconf 77' lang='grc' dir='ltr'><strong>Βασιλίσκου.</strong></span> <span class='ocrx_word' id='word_1_812' title='bbox 1309 5757 1368 5811; x_wconf 83' lang='grc' dir='ltr'><strong>ιη</strong></span> <span class='ocrx_word' id='word_1_813' title='bbox 1416 5754 1795 5823; x_wconf 87' lang='lat' dir='ltr'><strong>manuscripto</strong></span> <span class='ocrx_word' id='word_1_814' title='bbox 1835 5752 2026 5809; x_wconf 83' lang='lat' dir='ltr'><strong>codice</strong></span> <span class='ocrx_word' id='word_1_815' title='bbox 2059 5751 2368 5808; x_wconf 86' lang='lat' dir='ltr'><strong>Telleriano</strong></span> <span class='ocrx_word' id='word_1_816' title='bbox 2427 5754 2699 5822; x_wconf 80' lang='lat' dir='ltr'><strong>scriptum</strong></span> <span class='ocrx_word' id='word_1_817' title='bbox 2757 5749 3024 5823; x_wconf 61' lang='lat' dir='ltr'><strong>inveniJl</strong></span> <span class='ocrx_word' id='word_1_818' title='bbox 3062 5748 3226 5817; x_wconf 74' lang='grc' dir='ltr'><strong>μόνου</strong></span> <span class='ocrx_word' id='word_1_819' title='bbox 3259 5748 3486 5807; x_wconf 75' lang='grc' dir='ltr'><strong>Βασιλίσ.</strong></span> 
     </span>
    </p>
   </div>
   <div class='ocr_carea' id='block_1_116' title="bbox 215 5821 2152 5895">
    <p class='ocr_par' dir='ltr' id='par_1_116' title="bbox 215 5821 2152 5895">
     <span class='ocr_line' id='line_1_116' title="bbox 215 5821 2152 5895; baseline 0.004 -23"><span class='ocrx_word' id='word_1_820' title='bbox 215 5836 368 5878; x_wconf 74' lang='grc' dir='ltr'><strong>οκου.</strong></span> <span class='ocrx_word' id='word_1_821' title='bbox 398 5821 612 5875; x_wconf 75' lang='lat' dir='ltr'><strong>Mallem</strong></span> <span class='ocrx_word' id='word_1_822' title='bbox 645 5831 828 5876; x_wconf 89' lang='lat' dir='ltr'><strong>tamen</strong></span> <span class='ocrx_word' id='word_1_823' title='bbox 849 5823 1060 5890; x_wconf 85' lang='lat' dir='ltr'><strong>dicere,</strong></span> <span class='ocrx_word' id='word_1_824' title='bbox 1088 5825 1227 5895; x_wconf 82' lang='grc' dir='ltr'><strong>πλὴν</strong></span> <span class='ocrx_word' id='word_1_825' title='bbox 1260 5827 1422 5895; x_wconf 83' lang='grc' dir='ltr'><strong>μόνου</strong></span> <span class='ocrx_word' id='word_1_826' title='bbox 1450 5836 1561 5878; x_wconf 73' lang='lat' dir='ltr'><strong>etc.</strong></span> <span class='ocrx_word' id='word_1_827' title='bbox 1703 5821 1715 5823; x_wconf 50' lang='grc'><em>’</em></span> <span class='ocrx_word' id='word_1_828' title='bbox 2141 5843 2152 5866; x_wconf 82' lang='grc' dir='ltr'><strong>ι</strong></span> 
     </span>
    </p>
   </div>
  </div>
