  <div class='ocr_page' id='page_1' title='image "/cluster/home/n/w/nwhite01/storage/ocr_20150623/86 pt.2/mdp.39015008855424/478.png"; bbox 0 0 4054 6286; ppageno 0'>
   <div class='ocr_carea' id='block_1_1' title="bbox 357 416 494 483">
    <p class='ocr_par' dir='ltr' id='par_1_1' title="bbox 357 416 494 483">
     <span class='ocr_line' id='line_1_1' title="bbox 357 416 494 483; baseline 0 -1"><span class='ocrx_word' id='word_1_1' title='bbox 357 416 494 483; x_wconf 70' lang='lat'><strong>2701</strong></span> 
     </span>
    </p>
   </div>
   <div class='ocr_carea' id='block_1_2' title="bbox 433 523 1715 598">
    <p class='ocr_par' dir='ltr' id='par_1_2' title="bbox 433 523 1715 598">
     <span class='ocr_line' id='line_1_2' title="bbox 433 523 1715 598; baseline 0.015 -20"><span class='ocrx_word' id='word_1_2' title='bbox 433 528 524 595; x_wconf 70' lang='grc' dir='ltr'>ς’.</span> <span class='ocrx_word' id='word_1_3' title='bbox 567 527 700 598; x_wconf 78' lang='grc' dir='ltr'>Περὶ</span> <span class='ocrx_word' id='word_1_4' title='bbox 739 523 1065 595; x_wconf 72' lang='grc' dir='ltr'>Ἐφραιμὲου</span> <span class='ocrx_word' id='word_1_5' title='bbox 1091 524 1182 576; x_wconf 66' lang='grc' dir='ltr'>τοῦ</span> <span class='ocrx_word' id='word_1_6' title='bbox 1217 525 1355 592; x_wconf 81' lang='grc' dir='ltr'><strong>μετά</strong></span> <span class='ocrx_word' id='word_1_7' title='bbox 1385 523 1715 593; x_wconf 65' lang='grc' dir='ltr'><strong>ΕὖῬράπιον·</strong></span> 
     </span>
    </p>
   </div>
   <div class='ocr_carea' id='block_1_3' title="bbox 431 614 1933 691">
    <p class='ocr_par' dir='ltr' id='par_1_3' title="bbox 431 614 1933 691">
     <span class='ocr_line' id='line_1_3' title="bbox 431 614 1933 691; baseline -0.006 -16"><span class='ocrx_word' id='word_1_8' title='bbox 431 622 503 675; x_wconf 76' lang='lat' dir='ltr'><strong>Z&#39;.</strong></span> <span class='ocrx_word' id='word_1_9' title='bbox 550 621 684 691; x_wconf 74' lang='grc' dir='ltr'>Περὶ</span> <span class='ocrx_word' id='word_1_10' title='bbox 736 619 962 687; x_wconf 81' lang='grc' dir='ltr'>Ζωσιμᾶ</span> <span class='ocrx_word' id='word_1_11' title='bbox 1009 617 1102 671; x_wconf 83' lang='grc' dir='ltr'><strong>καί</strong></span> <span class='ocrx_word' id='word_1_12' title='bbox 1162 615 1407 669; x_wconf 81' lang='grc' dir='ltr'><strong>Ἰωάννου</strong></span> <span class='ocrx_word' id='word_1_13' title='bbox 1447 614 1553 668; x_wconf 82' lang='grc' dir='ltr'>τῶν</span> <span class='ocrx_word' id='word_1_14' title='bbox 1586 614 1933 684; x_wconf 82' lang='grc' dir='ltr'>θαυματουρ-</span> 
     </span>
    </p>
   </div>
   <div class='ocr_carea' id='block_1_4' title="bbox 358 710 492 779">
    <p class='ocr_par' dir='ltr' id='par_1_4' title="bbox 358 710 492 779">
     <span class='ocr_line' id='line_1_4' title="bbox 358 710 492 779; baseline -0.007 -15"><span class='ocrx_word' id='word_1_15' title='bbox 358 710 492 779; x_wconf 79' lang='grc' dir='ltr'>γῶν.</span> 
     </span>
    </p>
   </div>
   <div class='ocr_carea' id='block_1_5' title="bbox 431 798 1411 871">
    <p class='ocr_par' dir='ltr' id='par_1_5' title="bbox 431 798 1411 871">
     <span class='ocr_line' id='line_1_5' title="bbox 431 798 1411 871; baseline -0.003 -16"><span class='ocrx_word' id='word_1_16' title='bbox 431 804 512 856; x_wconf 80' lang='lat' dir='ltr'><strong>II&#39;.</strong></span> <span class='ocrx_word' id='word_1_17' title='bbox 554 802 687 871; x_wconf 77' lang='grc' dir='ltr'>Περὶ</span> <span class='ocrx_word' id='word_1_18' title='bbox 717 800 1018 855; x_wconf 72' lang='grc' dir='ltr'>καθολικῶν</span> <span class='ocrx_word' id='word_1_19' title='bbox 1050 798 1411 870; x_wconf 80' lang='grc' dir='ltr'><strong>παθημάτων.</strong></span> 
     </span>
    </p>
   </div>
   <div class='ocr_carea' id='block_1_6' title="bbox 426 884 1930 959">
    <p class='ocr_par' dir='ltr' id='par_1_6' title="bbox 426 884 1930 959">
     <span class='ocr_line' id='line_1_6' title="bbox 426 884 1930 959; baseline -0.003 -14"><span class='ocrx_word' id='word_1_20' title='bbox 426 892 504 945; x_wconf 87' lang='grc' dir='ltr'>Θ’.</span> <span class='ocrx_word' id='word_1_21' title='bbox 547 891 632 954; x_wconf 84' lang='grc' dir='ltr'>Ὠς</span> <span class='ocrx_word' id='word_1_22' title='bbox 669 892 952 953; x_wconf 82' lang='grc' dir='ltr'>Ἰουστίνος</span> <span class='ocrx_word' id='word_1_23' title='bbox 980 888 1061 943; x_wconf 79' lang='grc' dir='ltr'>ἔτι</span> <span class='ocrx_word' id='word_1_24' title='bbox 1080 888 1188 952; x_wconf 74' lang='grc' dir='ltr'><strong>ζῶν</strong></span> <span class='ocrx_word' id='word_1_25' title='bbox 1211 905 1275 940; x_wconf 89' lang='grc' dir='ltr'><strong>συ</strong></span> <span class='ocrx_word' id='word_1_26' title='bbox 1283 885 1636 959; x_wconf 75' lang='grc' dir='ltr'>μόασιλεύειν</span> <span class='ocrx_word' id='word_1_27' title='bbox 1660 885 1813 955; x_wconf 84' lang='grc' dir='ltr'>αὑτῷ</span> <span class='ocrx_word' id='word_1_28' title='bbox 1839 884 1930 941; x_wconf 79' lang='grc' dir='ltr'>τὸν</span> 
     </span>
    </p>
   </div>
   <div class='ocr_carea' id='block_1_7' title="bbox 369 981 964 1036">
    <p class='ocr_par' dir='ltr' id='par_1_7' title="bbox 369 981 964 1036">
     <span class='ocr_line' id='line_1_7' title="bbox 369 981 964 1036; baseline 0.002 -3"><span class='ocrx_word' id='word_1_29' title='bbox 369 981 739 1036; x_wconf 76' lang='grc' dir='ltr'>Ἰουσῖινιανὸν</span> <span class='ocrx_word' id='word_1_30' title='bbox 769 981 964 1034; x_wconf 80' lang='grc' dir='ltr'>εἵλετο.</span> 
     </span>
    </p>
   </div>
   <div class='ocr_carea' id='block_1_8' title="bbox 425 1066 1930 1141">
    <p class='ocr_par' dir='ltr' id='par_1_8' title="bbox 425 1066 1930 1141">
     <span class='ocr_line' id='line_1_8' title="bbox 425 1066 1930 1141; baseline -0.003 -17"><span class='ocrx_word' id='word_1_31' title='bbox 425 1074 481 1126; x_wconf 91' lang='lat' dir='ltr'><strong>l&#39;.</strong></span> <span class='ocrx_word' id='word_1_32' title='bbox 516 1073 638 1124; x_wconf 80' lang='grc' dir='ltr'>’Ὁτι</span> <span class='ocrx_word' id='word_1_33' title='bbox 676 1071 1055 1134; x_wconf 81' lang='grc' dir='ltr'>Ἰουστινιανδς</span> <span class='ocrx_word' id='word_1_34' title='bbox 1107 1071 1227 1141; x_wconf 80' lang='grc' dir='ltr'>μὲν,</span> <span class='ocrx_word' id='word_1_35' title='bbox 1271 1069 1399 1133; x_wconf 82' lang='grc' dir='ltr'>τοὺς</span> <span class='ocrx_word' id='word_1_36' title='bbox 1440 1069 1538 1136; x_wconf 80' lang='grc' dir='ltr'><strong>τὴν</strong></span> <span class='ocrx_word' id='word_1_37' title='bbox 1568 1066 1930 1138; x_wconf 77' lang='grc' dir='ltr'><strong>Χαλκηδόνιον</strong></span> 
     </span>
    </p>
   </div>
   <div class='ocr_carea' id='block_1_9' title="bbox 355 1158 1977 1233">
    <p class='ocr_par' dir='ltr' id='par_1_9' title="bbox 355 1158 1977 1233">
     <span class='ocr_line' id='line_1_9' title="bbox 355 1158 1977 1233; baseline -0.003 -18"><span class='ocrx_word' id='word_1_38' title='bbox 355 1164 573 1217; x_wconf 81' lang='grc' dir='ltr'>σύνοδον</span> <span class='ocrx_word' id='word_1_39' title='bbox 633 1163 1066 1233; x_wconf 79' lang='grc' dir='ltr'><strong>ἀποδεχομένους</strong></span> <span class='ocrx_word' id='word_1_40' title='bbox 1114 1162 1338 1231; x_wconf 76' lang='grc' dir='ltr'>ἠγάπα·</span> <span class='ocrx_word' id='word_1_41' title='bbox 1395 1159 1648 1229; x_wconf 84' lang='grc' dir='ltr'>Θεοδώρα</span> <span class='ocrx_word' id='word_1_42' title='bbox 1702 1158 1760 1211; x_wconf 88' lang='grc' dir='ltr'><strong>δὲ</strong></span> <span class='ocrx_word' id='word_1_43' title='bbox 1803 1158 1930 1222; x_wconf 81' lang='grc' dir='ltr'>τοὺς</span> <span class='ocrx_word' id='word_1_44' title='bbox 1972 1160 1977 1163; x_wconf 62' lang='grc'>⁷</span> 
     </span>
    </p>
   </div>
   <div class='ocr_carea' id='block_1_10' title="bbox 357 1256 944 1326">
    <p class='ocr_par' dir='ltr' id='par_1_10' title="bbox 357 1256 944 1326">
     <span class='ocr_line' id='line_1_10' title="bbox 357 1256 944 1326; baseline 0 -19"><span class='ocrx_word' id='word_1_45' title='bbox 357 1258 600 1310; x_wconf 77' lang='grc' dir='ltr'>ἐναντίου</span> <span class='ocrx_word' id='word_1_46' title='bbox 614 1275 633 1319; x_wconf 74' lang='grc' dir='ltr'><strong>ς</strong></span> <span class='ocrx_word' id='word_1_47' title='bbox 660 1256 781 1309; x_wconf 77' lang='grc' dir='ltr'>ἕστε</span> <span class='ocrx_word' id='word_1_48' title='bbox 792 1272 944 1326; x_wconf 85' lang='grc' dir='ltr'>ργεν.</span> 
     </span>
    </p>
   </div>
   <div class='ocr_carea' id='block_1_11' title="bbox 424 1339 1930 1416">
    <p class='ocr_par' dir='ltr' id='par_1_11' title="bbox 424 1339 1930 1416">
     <span class='ocr_line' id='line_1_11' title="bbox 424 1339 1930 1416; baseline -0.003 -16"><span class='ocrx_word' id='word_1_49' title='bbox 424 1349 525 1400; x_wconf 84' lang='lat' dir='ltr'><strong>lA&#39;.</strong></span> <span class='ocrx_word' id='word_1_50' title='bbox 596 1348 685 1411; x_wconf 85' lang='grc' dir='ltr'>Ὡς</span> <span class='ocrx_word' id='word_1_51' title='bbox 752 1347 1020 1416; x_wconf 80' lang='grc' dir='ltr'>Ἀνθιμον</span> <span class='ocrx_word' id='word_1_52' title='bbox 1068 1339 1165 1398; x_wconf 76' lang='grc' dir='ltr'>τὸν</span> <span class='ocrx_word' id='word_1_53' title='bbox 1218 1342 1848 1406; x_wconf 84' lang='grc' dir='ltr'>Κωνσταντινουπόλεως</span> <span class='ocrx_word' id='word_1_54' title='bbox 1899 1344 1930 1396; x_wconf 83' lang='grc' dir='ltr'><strong>ό</strong></span> 
     </span>
    </p>
   </div>
   <div class='ocr_carea' id='block_1_12' title="bbox 348 1433 1926 1511">
    <p class='ocr_par' dir='ltr' id='par_1_12' title="bbox 348 1433 1926 1511">
     <span class='ocr_line' id='line_1_12' title="bbox 348 1433 1926 1511; baseline -0.004 -17"><span class='ocrx_word' id='word_1_55' title='bbox 348 1441 590 1511; x_wconf 77' lang='grc' dir='ltr'>Σευῆρος</span> <span class='ocrx_word' id='word_1_56' title='bbox 642 1439 950 1510; x_wconf 69' lang='grc' dir='ltr'>διέστρεψε,</span> <span class='ocrx_word' id='word_1_57' title='bbox 1001 1437 1095 1491; x_wconf 80' lang='grc' dir='ltr'><strong>καὶ</strong></span> <span class='ocrx_word' id='word_1_58' title='bbox 1153 1435 1436 1488; x_wconf 78' lang='grc' dir='ltr'>Θεοδόσιον</span> <span class='ocrx_word' id='word_1_59' title='bbox 1499 1434 1593 1487; x_wconf 77' lang='grc' dir='ltr'>τὸν</span> <span class='ocrx_word' id='word_1_60' title='bbox 1669 1433 1926 1499; x_wconf 81' lang='grc' dir='ltr'>Ἀλεξαν-</span> 
     </span>
    </p>
   </div>
   <div class='ocr_carea' id='block_1_13' title="bbox 346 1524 1928 1601">
    <p class='ocr_par' dir='ltr' id='par_1_13' title="bbox 346 1524 1928 1601">
     <span class='ocr_line' id='line_1_13' title="bbox 346 1524 1928 1601; baseline -0.003 -18"><span class='ocrx_word' id='word_1_61' title='bbox 346 1532 537 1601; x_wconf 81' lang='grc' dir='ltr'>δρείας</span> <span class='ocrx_word' id='word_1_62' title='bbox 585 1529 678 1593; x_wconf 83' lang='grc' dir='ltr'><strong>οὓς</strong></span> <span class='ocrx_word' id='word_1_63' title='bbox 727 1530 757 1582; x_wconf 90' lang='grc' dir='ltr'><strong>ό</strong></span> <span class='ocrx_word' id='word_1_64' title='bbox 828 1528 1085 1599; x_wconf 79' lang='grc' dir='ltr'>βασιλεὺς</span> <span class='ocrx_word' id='word_1_65' title='bbox 1139 1524 1423 1592; x_wconf 75' lang='grc' dir='ltr'><strong>ἐξελάσας,</strong></span> <span class='ocrx_word' id='word_1_66' title='bbox 1487 1525 1709 1595; x_wconf 73' lang='grc' dir='ltr'>ἑτέρους</span> <span class='ocrx_word' id='word_1_67' title='bbox 1791 1542 1928 1579; x_wconf 86' lang='grc' dir='ltr'>κατ-</span> 
     </span>
    </p>
   </div>
   <div class='ocr_carea' id='block_1_14' title="bbox 349 1623 1595 1690">
    <p class='ocr_par' dir='ltr' id='par_1_14' title="bbox 349 1623 1595 1690">
     <span class='ocr_line' id='line_1_14' title="bbox 349 1623 1595 1690; baseline -0.009 -14"><span class='ocrx_word' id='word_1_68' title='bbox 349 1623 599 1690; x_wconf 80' lang='grc' dir='ltr'>έστησεν.</span> <span class='ocrx_word' id='word_1_69' title='bbox 1588 1658 1595 1665; x_wconf 92' lang='grc'><strong>.</strong></span> 
     </span>
    </p>
   </div>
   <div class='ocr_carea' id='block_1_15' title="bbox 420 1706 1923 1782">
    <p class='ocr_par' dir='ltr' id='par_1_15' title="bbox 420 1706 1923 1782">
     <span class='ocr_line' id='line_1_15' title="bbox 420 1706 1923 1782; baseline -0.005 -15"><span class='ocrx_word' id='word_1_70' title='bbox 420 1714 521 1770; x_wconf 90' lang='lat' dir='ltr'><strong>IB&#39;.</strong></span> <span class='ocrx_word' id='word_1_71' title='bbox 560 1713 655 1766; x_wconf 80' lang='grc' dir='ltr'>Ἐκ</span> <span class='ocrx_word' id='word_1_72' title='bbox 678 1712 776 1782; x_wconf 84' lang='grc' dir='ltr'>τῆς</span> <span class='ocrx_word' id='word_1_73' title='bbox 806 1711 1048 1781; x_wconf 78' lang='grc' dir='ltr'><strong>ἱστορίας</strong></span> <span class='ocrx_word' id='word_1_74' title='bbox 1077 1709 1386 1782; x_wconf 85' lang='grc' dir='ltr'>Προκοπίου</span> <span class='ocrx_word' id='word_1_75' title='bbox 1419 1707 1747 1776; x_wconf 82' lang='grc' dir='ltr'>Καισαρέως</span> <span class='ocrx_word' id='word_1_76' title='bbox 1796 1706 1923 1777; x_wconf 83' lang='grc' dir='ltr'>περὶ</span> 
     </span>
    </p>
   </div>
   <div class='ocr_carea' id='block_1_16' title="bbox 347 1797 1951 1875">
    <p class='ocr_par' dir='ltr' id='par_1_16' title="bbox 347 1797 1951 1875">
     <span class='ocr_line' id='line_1_16' title="bbox 347 1797 1951 1875; baseline -0.004 -17"><span class='ocrx_word' id='word_1_77' title='bbox 347 1804 604 1860; x_wconf 80' lang='grc' dir='ltr'>Καόάδου</span> <span class='ocrx_word' id='word_1_78' title='bbox 641 1804 733 1858; x_wconf 86' lang='grc' dir='ltr'><strong>τοῦ</strong></span> <span class='ocrx_word' id='word_1_79' title='bbox 765 1803 994 1875; x_wconf 84' lang='grc' dir='ltr'>Περσῶν</span> <span class='ocrx_word' id='word_1_80' title='bbox 1042 1802 1326 1872; x_wconf 69' lang='grc' dir='ltr'>βασιλέως,</span> <span class='ocrx_word' id='word_1_81' title='bbox 1366 1802 1459 1853; x_wconf 78' lang='grc' dir='ltr'>καὶ</span> <span class='ocrx_word' id='word_1_82' title='bbox 1512 1799 1756 1869; x_wconf 83' lang='grc' dir='ltr'>Χοσρόου</span> <span class='ocrx_word' id='word_1_83' title='bbox 1804 1797 1951 1859; x_wconf 15' lang='grc' dir='ltr'>υἱοῦ,</span> 
     </span>
    </p>
   </div>
   <div class='ocr_carea' id='block_1_17' title="bbox 346 1895 532 1949">
    <p class='ocr_par' dir='ltr' id='par_1_17' title="bbox 346 1895 532 1949">
     <span class='ocr_line' id='line_1_17' title="bbox 346 1895 532 1949; baseline -0.005 0"><span class='ocrx_word' id='word_1_84' title='bbox 346 1895 532 1949; x_wconf 81' lang='grc' dir='ltr'>αὐτοῦ.</span> 
     </span>
    </p>
   </div>
   <div class='ocr_carea' id='block_1_18' title="bbox 417 1981 1922 2056">
    <p class='ocr_par' dir='ltr' id='par_1_18' title="bbox 417 1981 1922 2056">
     <span class='ocr_line' id='line_1_18' title="bbox 417 1981 1922 2056; baseline -0.003 -16"><span class='ocrx_word' id='word_1_85' title='bbox 417 1986 514 2040; x_wconf 81' lang='lat' dir='ltr'><strong>II&quot;.</strong></span> <span class='ocrx_word' id='word_1_86' title='bbox 543 1986 679 2055; x_wconf 74' lang='grc' dir='ltr'>Περὶ</span> <span class='ocrx_word' id='word_1_87' title='bbox 723 1984 1185 2056; x_wconf 80' lang='grc' dir='ltr'>Ἀλαμουνδάρου,</span> <span class='ocrx_word' id='word_1_88' title='bbox 1211 1983 1307 2037; x_wconf 73' lang='grc' dir='ltr'><strong>καὶ</strong></span> <span class='ocrx_word' id='word_1_89' title='bbox 1348 1981 1667 2052; x_wconf 78' lang='grc' dir='ltr'>Ἀζαρὲτου.</span> <span class='ocrx_word' id='word_1_90' title='bbox 1695 1983 1792 2036; x_wconf 78' lang='grc' dir='ltr'><strong>καὶ</strong></span> <span class='ocrx_word' id='word_1_91' title='bbox 1820 1981 1922 2051; x_wconf 85' lang='grc' dir='ltr'>τῆς</span> 
     </span>
    </p>
   </div>
   <div class='ocr_carea' id='block_1_19' title="bbox 344 2074 1920 2148">
    <p class='ocr_par' dir='ltr' id='par_1_19' title="bbox 344 2074 1920 2148">
     <span class='ocr_line' id='line_1_19' title="bbox 344 2074 1920 2148; baseline -0.003 -16"><span class='ocrx_word' id='word_1_92' title='bbox 344 2082 405 2132; x_wconf 79' lang='grc' dir='ltr'><strong>ὲν</strong></span> <span class='ocrx_word' id='word_1_93' title='bbox 448 2076 730 2148; x_wconf 78' lang='grc' dir='ltr'><strong>Βυζαντίῳ</strong></span> <span class='ocrx_word' id='word_1_94' title='bbox 790 2076 1057 2142; x_wconf 85' lang='grc' dir='ltr'>στάσεως,</span> <span class='ocrx_word' id='word_1_95' title='bbox 1104 2075 1207 2146; x_wconf 85' lang='grc' dir='ltr'>τῆς</span> <span class='ocrx_word' id='word_1_96' title='bbox 1257 2077 1487 2146; x_wconf 80' lang='grc' dir='ltr'><strong>ἐπίκλην</strong></span> <span class='ocrx_word' id='word_1_97' title='bbox 1545 2074 1818 2146; x_wconf 78' lang='grc' dir='ltr'>λαϐούσης</span> <span class='ocrx_word' id='word_1_98' title='bbox 1858 2075 1920 2128; x_wconf 84' lang='grc' dir='ltr'><strong>τὸ</strong></span> 
     </span>
    </p>
   </div>
   <div class='ocr_carea' id='block_1_20' title="bbox 345 2169 948 2225">
    <p class='ocr_par' dir='ltr' id='par_1_20' title="bbox 345 2169 948 2225">
     <span class='ocr_line' id='line_1_20' title="bbox 345 2169 948 2225; baseline 0.007 -3"><span class='ocrx_word' id='word_1_99' title='bbox 345 2171 392 2222; x_wconf 84' lang='grc' dir='ltr'><strong>Ν</strong></span> <span class='ocrx_word' id='word_1_100' title='bbox 401 2171 515 2225; x_wconf 86' lang='grc' dir='ltr'>ίκα.</span> <span class='ocrx_word' id='word_1_101' title='bbox 939 2169 948 2179; x_wconf 90' lang='grc'><strong>’</strong></span> 
     </span>
    </p>
   </div>
   <div class='ocr_carea' id='block_1_21' title="bbox 416 2254 1921 2330">
    <p class='ocr_par' dir='ltr' id='par_1_21' title="bbox 416 2254 1921 2330">
     <span class='ocr_line' id='line_1_21' title="bbox 416 2254 1921 2330; baseline -0.001 -18"><span class='ocrx_word' id='word_1_102' title='bbox 416 2261 517 2313; x_wconf 71' lang='lat' dir='ltr'><strong>IA&#39;.</strong></span> <span class='ocrx_word' id='word_1_103' title='bbox 550 2259 690 2328; x_wconf 70' lang='grc' dir='ltr'>Περὶ</span> <span class='ocrx_word' id='word_1_104' title='bbox 734 2256 1035 2326; x_wconf 82' lang='grc' dir='ltr'>Ὀνωρίχου</span> <span class='ocrx_word' id='word_1_105' title='bbox 1060 2254 1155 2309; x_wconf 86' lang='grc' dir='ltr'><strong>τοῦ</strong></span> <span class='ocrx_word' id='word_1_106' title='bbox 1205 2255 1479 2312; x_wconf 81' lang='grc' dir='ltr'>Βανδίλων</span> <span class='ocrx_word' id='word_1_107' title='bbox 1508 2256 1789 2330; x_wconf 80' lang='grc' dir='ltr'>ἄρχοντος,</span> <span class='ocrx_word' id='word_1_108' title='bbox 1825 2258 1921 2311; x_wconf 68' lang='grc' dir='ltr'><strong>καὶ</strong></span> 
     </span>
    </p>
   </div>
   <div class='ocr_carea' id='block_1_22' title="bbox 346 2346 1813 2420">
    <p class='ocr_par' dir='ltr' id='par_1_22' title="bbox 346 2346 1813 2420">
     <span class='ocr_line' id='line_1_22' title="bbox 346 2346 1813 2420; baseline -0.001 -18"><span class='ocrx_word' id='word_1_109' title='bbox 346 2351 455 2404; x_wconf 78' lang='grc' dir='ltr'>τῶν</span> <span class='ocrx_word' id='word_1_110' title='bbox 487 2349 1047 2419; x_wconf 83' lang='grc' dir='ltr'>γλωσσοτομηθέντων</span> <span class='ocrx_word' id='word_1_111' title='bbox 1072 2346 1413 2416; x_wconf 80' lang='grc' dir='ltr'>Χριστιανῶν</span> <span class='ocrx_word' id='word_1_112' title='bbox 1448 2348 1576 2420; x_wconf 84' lang='grc' dir='ltr'>παρ’</span> <span class='ocrx_word' id='word_1_113' title='bbox 1627 2347 1813 2401; x_wconf 82' lang='grc' dir='ltr'>αὐτοῦ.</span> 
     </span>
    </p>
   </div>
   <div class='ocr_carea' id='block_1_23' title="bbox 417 2438 1555 2512">
    <p class='ocr_par' dir='ltr' id='par_1_23' title="bbox 417 2438 1555 2512">
     <span class='ocr_line' id='line_1_23' title="bbox 417 2438 1555 2512; baseline -0.002 -17"><span class='ocrx_word' id='word_1_114' title='bbox 417 2443 519 2496; x_wconf 86' lang='lat' dir='ltr'><strong>IE&#39;.</strong></span> <span class='ocrx_word' id='word_1_115' title='bbox 550 2441 684 2512; x_wconf 76' lang='grc' dir='ltr'>Περὶ</span> <span class='ocrx_word' id='word_1_116' title='bbox 708 2439 1030 2493; x_wconf 51' lang='grc' dir='ltr'>’Καὸαώνου</span> <span class='ocrx_word' id='word_1_117' title='bbox 1050 2438 1147 2492; x_wconf 88' lang='grc' dir='ltr'><strong>τοῦ</strong></span> <span class='ocrx_word' id='word_1_118' title='bbox 1182 2440 1555 2509; x_wconf 87' lang='grc' dir='ltr'>Μαυρουσίου.</span> 
     </span>
    </p>
   </div>
   <div class='ocr_carea' id='block_1_24' title="bbox 416 2530 1922 2605">
    <p class='ocr_par' dir='ltr' id='par_1_24' title="bbox 416 2530 1922 2605">
     <span class='ocr_line' id='line_1_24' title="bbox 416 2530 1922 2605; baseline 0.002 -20"><span class='ocrx_word' id='word_1_119' title='bbox 416 2534 532 2600; x_wconf 72' lang='grc' dir='ltr'>ις’.</span> <span class='ocrx_word' id='word_1_120' title='bbox 555 2533 689 2602; x_wconf 82' lang='grc' dir='ltr'><strong>Περὶ</strong></span> <span class='ocrx_word' id='word_1_121' title='bbox 705 2531 801 2600; x_wconf 84' lang='grc' dir='ltr'><strong>τῆς</strong></span> <span class='ocrx_word' id='word_1_122' title='bbox 828 2530 1188 2599; x_wconf 87' lang='grc' dir='ltr'>Βελισσαρίου</span> <span class='ocrx_word' id='word_1_123' title='bbox 1221 2531 1361 2583; x_wconf 81' lang='grc' dir='ltr'>κατὰ</span> <span class='ocrx_word' id='word_1_124' title='bbox 1389 2531 1661 2587; x_wconf 80' lang='grc' dir='ltr'>Βανδίλων</span> <span class='ocrx_word' id='word_1_125' title='bbox 1693 2533 1922 2605; x_wconf 72' lang='grc' dir='ltr'>ἐκστρα-</span> 
     </span>
    </p>
   </div>
   <div class='ocr_carea' id='block_1_25' title="bbox 333 2618 1491 2693">
    <p class='ocr_par' dir='ltr' id='par_1_25' title="bbox 333 2618 1491 2693">
     <span class='ocr_line' id='line_1_25' title="bbox 333 2618 1491 2693; baseline 0 -18"><span class='ocrx_word' id='word_1_126' title='bbox 333 2622 513 2687; x_wconf 65' lang='grc' dir='ltr'>τείας,</span> <span class='ocrx_word' id='word_1_127' title='bbox 543 2622 640 2674; x_wconf 74' lang='grc' dir='ltr'><strong>καὶ</strong></span> <span class='ocrx_word' id='word_1_128' title='bbox 670 2622 773 2693; x_wconf 76' lang='grc' dir='ltr'><strong>τῆς</strong></span> <span class='ocrx_word' id='word_1_129' title='bbox 796 2620 1003 2674; x_wconf 89' lang='grc' dir='ltr'>τούτων</span> <span class='ocrx_word' id='word_1_130' title='bbox 1040 2618 1491 2689; x_wconf 79' lang='grc' dir='ltr'>ὲξολοθρεύσεως.</span> 
     </span>
    </p>
   </div>
   <div class='ocr_carea' id='block_1_26' title="bbox 412 2710 1917 2789">
    <p class='ocr_par' dir='ltr' id='par_1_26' title="bbox 412 2710 1917 2789">
     <span class='ocr_line' id='line_1_26' title="bbox 412 2710 1917 2789; baseline 0.004 -23"><span class='ocrx_word' id='word_1_131' title='bbox 412 2712 514 2766; x_wconf 83' lang='grc' dir='ltr'>1Ζ’.</span> <span class='ocrx_word' id='word_1_132' title='bbox 552 2713 688 2783; x_wconf 74' lang='grc' dir='ltr'>Περὶ</span> <span class='ocrx_word' id='word_1_133' title='bbox 716 2712 825 2764; x_wconf 83' lang='grc' dir='ltr'><strong>τῶν</strong></span> <span class='ocrx_word' id='word_1_134' title='bbox 876 2710 984 2764; x_wconf 80' lang='grc' dir='ltr'><strong>ἀπὸ</strong></span> <span class='ocrx_word' id='word_1_135' title='bbox 1028 2711 1295 2781; x_wconf 82' lang='grc' dir='ltr'><strong>Ἀφρικῆς</strong></span> <span class='ocrx_word' id='word_1_136' title='bbox 1343 2712 1608 2767; x_wconf 79' lang='grc' dir='ltr'>ἐλθόντων</span> <span class='ocrx_word' id='word_1_137' title='bbox 1642 2715 1917 2789; x_wconf 80' lang='grc' dir='ltr'>λαφύρων.</span> 
     </span>
    </p>
   </div>
   <div class='ocr_carea' id='block_1_27' title="bbox 406 2803 1919 2882">
    <p class='ocr_par' dir='ltr' id='par_1_27' title="bbox 406 2803 1919 2882">
     <span class='ocr_line' id='line_1_27' title="bbox 406 2803 1919 2882; baseline 0.002 -24"><span class='ocrx_word' id='word_1_138' title='bbox 406 2807 519 2859; x_wconf 83' lang='lat' dir='ltr'><strong>III&#39;.</strong></span> <span class='ocrx_word' id='word_1_139' title='bbox 552 2805 690 2882; x_wconf 61' lang='grc' dir='ltr'>Περὶ.</span> <span class='ocrx_word' id='word_1_140' title='bbox 736 2804 847 2857; x_wconf 79' lang='grc' dir='ltr'>τῶν</span> <span class='ocrx_word' id='word_1_141' title='bbox 900 2803 1009 2856; x_wconf 79' lang='grc' dir='ltr'><strong>ἀπὸ</strong></span> <span class='ocrx_word' id='word_1_142' title='bbox 1060 2803 1358 2873; x_wconf 80' lang='grc' dir='ltr'>προσώπου</span> <span class='ocrx_word' id='word_1_143' title='bbox 1407 2804 1583 2876; x_wconf 86' lang='grc' dir='ltr'>Ἰησοῦ</span> <span class='ocrx_word' id='word_1_144' title='bbox 1615 2806 1732 2860; x_wconf 83' lang='grc' dir='ltr'>υίοῦ</span> <span class='ocrx_word' id='word_1_145' title='bbox 1763 2809 1919 2879; x_wconf 80' lang='grc' dir='ltr'>Ναυῆ</span> 
     </span>
    </p>
   </div>
   <div class='ocr_carea' id='block_1_28' title="bbox 339 2894 1044 2966">
    <p class='ocr_par' dir='ltr' id='par_1_28' title="bbox 339 2894 1044 2966">
     <span class='ocr_line' id='line_1_28' title="bbox 339 2894 1044 2966; baseline -0.003 -16"><span class='ocrx_word' id='word_1_146' title='bbox 339 2898 733 2966; x_wconf 70' lang='grc' dir='ltr'><strong>ἀποφυγόντων</strong></span> <span class='ocrx_word' id='word_1_147' title='bbox 761 2894 1044 2948; x_wconf 80' lang='grc' dir='ltr'>Φοινίκων.</span> 
     </span>
    </p>
   </div>
   <div class='ocr_carea' id='block_1_29' title="bbox 410 2987 1917 3060">
    <p class='ocr_par' dir='ltr' id='par_1_29' title="bbox 410 2987 1917 3060">
     <span class='ocr_line' id='line_1_29' title="bbox 410 2987 1917 3060; baseline 0.001 -18"><span class='ocrx_word' id='word_1_148' title='bbox 410 2989 511 3043; x_wconf 76' lang='grc' dir='ltr'>ιθι.</span> <span class='ocrx_word' id='word_1_149' title='bbox 583 2989 718 3060; x_wconf 80' lang='grc' dir='ltr'><strong>Περὶ</strong></span> <span class='ocrx_word' id='word_1_150' title='bbox 767 2987 1092 3058; x_wconf 86' lang='grc' dir='ltr'>Θευδερίχου</span> <span class='ocrx_word' id='word_1_151' title='bbox 1154 2991 1250 3045; x_wconf 83' lang='grc' dir='ltr'><strong>τοῦ</strong></span> <span class='ocrx_word' id='word_1_152' title='bbox 1297 2988 1498 3042; x_wconf 85' lang='grc' dir='ltr'>Γότθου</span> <span class='ocrx_word' id='word_1_153' title='bbox 1542 2990 1641 3043; x_wconf 71' lang='grc' dir='ltr'><strong>καὶ</strong></span> <span class='ocrx_word' id='word_1_154' title='bbox 1693 2990 1802 3044; x_wconf 80' lang='grc' dir='ltr'><strong>τῶν</strong></span> <span class='ocrx_word' id='word_1_155' title='bbox 1858 2992 1917 3045; x_wconf 81' lang='grc' dir='ltr'><strong>ὲν</strong></span> 
     </span>
    </p>
   </div>
   <div class='ocr_carea' id='block_1_30' title="bbox 351 3078 1918 3152">
    <p class='ocr_par' dir='ltr' id='par_1_30' title="bbox 351 3078 1918 3152">
     <span class='ocr_line' id='line_1_30' title="bbox 351 3078 1918 3152; baseline 0.003 -20"><span class='ocrx_word' id='word_1_156' title='bbox 351 3078 540 3151; x_wconf 87' lang='grc' dir='ltr'><strong>Ῥώμῃ</strong></span> <span class='ocrx_word' id='word_1_157' title='bbox 606 3078 929 3148; x_wconf 74' lang='grc' dir='ltr'>συμϐάντων</span> <span class='ocrx_word' id='word_1_158' title='bbox 981 3079 1073 3131; x_wconf 80' lang='grc' dir='ltr'><strong>ὑπ’</strong></span> <span class='ocrx_word' id='word_1_159' title='bbox 1130 3078 1299 3133; x_wconf 83' lang='grc' dir='ltr'>αὑτοῦ</span> <span class='ocrx_word' id='word_1_160' title='bbox 1353 3080 1482 3150; x_wconf 77' lang='grc' dir='ltr'>ἄχρι</span> <span class='ocrx_word' id='word_1_161' title='bbox 1546 3081 1655 3134; x_wconf 83' lang='grc' dir='ltr'>τῶν</span> <span class='ocrx_word' id='word_1_162' title='bbox 1708 3082 1918 3152; x_wconf 51' lang='grc' dir='ltr'>χρόνων</span> 
     </span>
    </p>
   </div>
   <div class='ocr_carea' id='block_1_31' title="bbox 351 3163 1920 3241">
    <p class='ocr_par' dir='ltr' id='par_1_31' title="bbox 351 3163 1920 3241">
     <span class='ocr_line' id='line_1_31' title="bbox 351 3163 1920 3241; baseline 0.004 -24"><span class='ocrx_word' id='word_1_163' title='bbox 351 3163 751 3229; x_wconf 78' lang='grc' dir='ltr'>Ἰουστινιανοῦ,</span> <span class='ocrx_word' id='word_1_164' title='bbox 779 3168 877 3221; x_wconf 76' lang='grc' dir='ltr'><strong>καὶ</strong></span> <span class='ocrx_word' id='word_1_165' title='bbox 905 3166 981 3230; x_wconf 89' lang='grc' dir='ltr'>ὡς</span> <span class='ocrx_word' id='word_1_166' title='bbox 1013 3166 1176 3221; x_wconf 79' lang='grc' dir='ltr'>πάλιν</span> <span class='ocrx_word' id='word_1_167' title='bbox 1205 3169 1237 3237; x_wconf 84' lang='grc' dir='ltr'>ή</span> <span class='ocrx_word' id='word_1_168' title='bbox 1275 3166 1461 3238; x_wconf 86' lang='grc' dir='ltr'><strong>Ῥώμη</strong></span> <span class='ocrx_word' id='word_1_169' title='bbox 1488 3169 1594 3221; x_wconf 76' lang='grc' dir='ltr'><strong>ὑπὸ</strong></span> <span class='ocrx_word' id='word_1_170' title='bbox 1629 3169 1920 3241; x_wconf 81' lang='grc' dir='ltr'>Ῥωμαίοις</span> 
     </span>
    </p>
   </div>
   <div class='ocr_carea' id='block_1_32' title="bbox 340 3254 1561 3326">
    <p class='ocr_par' dir='ltr' id='par_1_32' title="bbox 340 3254 1561 3326">
     <span class='ocr_line' id='line_1_32' title="bbox 340 3254 1561 3326; baseline 0.005 -19"><span class='ocrx_word' id='word_1_171' title='bbox 340 3256 589 3323; x_wconf 79' lang='grc' dir='ltr'>γέγονεν,</span> <span class='ocrx_word' id='word_1_172' title='bbox 620 3254 924 3322; x_wconf 79' lang='grc' dir='ltr'>Οὺῖτίγιδος</span> <span class='ocrx_word' id='word_1_173' title='bbox 957 3258 1219 3326; x_wconf 83' lang='grc' dir='ltr'>φυγόντος</span> <span class='ocrx_word' id='word_1_174' title='bbox 1240 3258 1344 3311; x_wconf 83' lang='grc' dir='ltr'>ύπδ</span> <span class='ocrx_word' id='word_1_175' title='bbox 1372 3259 1561 3314; x_wconf 83' lang='grc' dir='ltr'>αὐτοῦ.</span> 
     </span>
    </p>
   </div>
   <div class='ocr_carea' id='block_1_33' title="bbox 322 3346 1919 3426">
    <p class='ocr_par' dir='ltr' id='par_1_33' title="bbox 322 3346 1919 3426">
     <span class='ocr_line' id='line_1_33' title="bbox 322 3346 1919 3426; baseline 0.004 -25"><span class='ocrx_word' id='word_1_176' title='bbox 322 3392 329 3401; x_wconf 51' lang='grc' dir='ltr'><em>μ</em></span> <span class='ocrx_word' id='word_1_177' title='bbox 411 3346 497 3403; x_wconf 70' lang='grc' dir='ltr'>κ’.</span> <span class='ocrx_word' id='word_1_178' title='bbox 561 3348 649 3411; x_wconf 84' lang='grc' dir='ltr'>Ὠς</span> <span class='ocrx_word' id='word_1_179' title='bbox 680 3350 730 3401; x_wconf 78' lang='lat' dir='ltr'><strong>oi</strong></span> <span class='ocrx_word' id='word_1_180' title='bbox 786 3349 1073 3420; x_wconf 81' lang='grc' dir='ltr'>λεγόμενοι</span> <span class='ocrx_word' id='word_1_181' title='bbox 1110 3351 1382 3423; x_wconf 82' lang='grc' dir='ltr'>Ἔρουλοι,</span> <span class='ocrx_word' id='word_1_182' title='bbox 1440 3356 1653 3419; x_wconf 77' lang='grc' dir='ltr'>ἐντοῖς</span> <span class='ocrx_word' id='word_1_183' title='bbox 1707 3355 1919 3426; x_wconf 85' lang='grc' dir='ltr'>χρόνοις</span> 
     </span>
    </p>
   </div>
   <div class='ocr_carea' id='block_1_34' title="bbox 352 3436 1413 3510">
    <p class='ocr_par' dir='ltr' id='par_1_34' title="bbox 352 3436 1413 3510">
     <span class='ocr_line' id='line_1_34' title="bbox 352 3436 1413 3510; baseline 0.001 -18"><span class='ocrx_word' id='word_1_184' title='bbox 352 3437 730 3492; x_wconf 74' lang='grc' dir='ltr'>Ἶουστινιανοῦ</span> <span class='ocrx_word' id='word_1_185' title='bbox 766 3440 1196 3510; x_wconf 79' lang='grc' dir='ltr'>ὲχριστιάνισαν.</span> <span class='ocrx_word' id='word_1_186' title='bbox 1298 3436 1319 3449; x_wconf 65' lang='grc'><strong>“’</strong></span> <span class='ocrx_word' id='word_1_187' title='bbox 1412 3490 1413 3493; x_wconf 45' lang='grc' dir='ltr'><strong>η</strong></span> 
     </span>
    </p>
   </div>
   <div class='ocr_carea' id='block_1_35' title="bbox 411 3529 1919 3607">
    <p class='ocr_par' dir='ltr' id='par_1_35' title="bbox 411 3529 1919 3607">
     <span class='ocr_line' id='line_1_35' title="bbox 411 3529 1919 3607; baseline 0.005 -23"><span class='ocrx_word' id='word_1_188' title='bbox 411 3529 543 3585; x_wconf 82' lang='lat' dir='ltr'><strong>KA&#39;.</strong></span> <span class='ocrx_word' id='word_1_189' title='bbox 589 3531 675 3594; x_wconf 81' lang='grc' dir='ltr'>Ὠς</span> <span class='ocrx_word' id='word_1_190' title='bbox 699 3532 861 3593; x_wconf 81' lang='grc' dir='ltr'>πάλιν</span> <span class='ocrx_word' id='word_1_191' title='bbox 892 3531 997 3585; x_wconf 81' lang='grc' dir='ltr'>ὑπὸ</span> <span class='ocrx_word' id='word_1_192' title='bbox 1027 3531 1249 3596; x_wconf 86' lang='grc' dir='ltr'>Γότθοις</span> <span class='ocrx_word' id='word_1_193' title='bbox 1296 3536 1588 3602; x_wconf 79' lang='grc' dir='ltr'>γεγονυῖαν</span> <span class='ocrx_word' id='word_1_194' title='bbox 1639 3535 1739 3607; x_wconf 75' lang='grc' dir='ltr'>τὴν</span> <span class='ocrx_word' id='word_1_195' title='bbox 1780 3535 1919 3590; x_wconf 84' lang='grc' dir='ltr'><strong>Ῥώ-</strong></span> 
     </span>
    </p>
   </div>
   <div class='ocr_carea' id='block_1_36' title="bbox 340 3617 1422 3694">
    <p class='ocr_par' dir='ltr' id='par_1_36' title="bbox 340 3617 1422 3694">
     <span class='ocr_line' id='line_1_36' title="bbox 340 3617 1422 3694; baseline 0.004 -20"><span class='ocrx_word' id='word_1_196' title='bbox 340 3636 473 3693; x_wconf 80' lang='grc' dir='ltr'>μην,</span> <span class='ocrx_word' id='word_1_197' title='bbox 502 3617 656 3683; x_wconf 83' lang='grc' dir='ltr'>αὖθις</span> <span class='ocrx_word' id='word_1_198' title='bbox 684 3624 713 3675; x_wconf 89' lang='grc' dir='ltr'><strong>ό</strong></span> <span class='ocrx_word' id='word_1_199' title='bbox 746 3622 1062 3694; x_wconf 86' lang='grc' dir='ltr'>Βελισάριος</span> <span class='ocrx_word' id='word_1_200' title='bbox 1086 3624 1422 3678; x_wconf 83' lang='grc' dir='ltr'>ἀνεσώσατο.</span> 
     </span>
    </p>
   </div>
   <div class='ocr_carea' id='block_1_37' title="bbox 408 3713 1915 3789">
    <p class='ocr_par' dir='ltr' id='par_1_37' title="bbox 408 3713 1915 3789">
     <span class='ocr_line' id='line_1_37' title="bbox 408 3713 1915 3789; baseline 0.005 -21"><span class='ocrx_word' id='word_1_201' title='bbox 408 3714 542 3769; x_wconf 79' lang='grc' dir='ltr'>ΚΒ’.</span> <span class='ocrx_word' id='word_1_202' title='bbox 591 3713 680 3778; x_wconf 80' lang='grc' dir='ltr'>Ὠς</span> <span class='ocrx_word' id='word_1_203' title='bbox 708 3716 804 3768; x_wconf 81' lang='grc' dir='ltr'>καὶ</span> <span class='ocrx_word' id='word_1_204' title='bbox 849 3714 1107 3784; x_wconf 80' lang='grc' dir='ltr'>Ἀϐασγοὶ</span> <span class='ocrx_word' id='word_1_205' title='bbox 1131 3715 1439 3785; x_wconf 85' lang='grc' dir='ltr'>τηνικαῦτα</span> <span class='ocrx_word' id='word_1_206' title='bbox 1488 3719 1915 3789; x_wconf 76' lang='grc' dir='ltr'>ἑχριστιάνισαν.</span> 
     </span>
    </p>
   </div>
   <div class='ocr_carea' id='block_1_38' title="bbox 411 3892 1919 3965">
    <p class='ocr_par' dir='ltr' id='par_1_38' title="bbox 411 3892 1919 3965">
     <span class='ocr_line' id='line_1_38' title="bbox 411 3892 1919 3965; baseline 0.001 -17"><span class='ocrx_word' id='word_1_207' title='bbox 411 3892 541 3948; x_wconf 73' lang='grc' dir='ltr'>ΚΓ.</span> <span class='ocrx_word' id='word_1_208' title='bbox 585 3893 673 3958; x_wconf 80' lang='grc' dir='ltr'>Ὠς</span> <span class='ocrx_word' id='word_1_209' title='bbox 706 3894 802 3948; x_wconf 79' lang='grc' dir='ltr'>καὶ</span> <span class='ocrx_word' id='word_1_210' title='bbox 831 3894 881 3946; x_wconf 80' lang='lat' dir='ltr'><strong>oi</strong></span> <span class='ocrx_word' id='word_1_211' title='bbox 911 3894 1002 3947; x_wconf 65' lang='grc' dir='ltr'>τὸν</span> <span class='ocrx_word' id='word_1_212' title='bbox 1042 3893 1244 3947; x_wconf 78' lang='grc' dir='ltr'>Τάναϊν</span> <span class='ocrx_word' id='word_1_213' title='bbox 1276 3893 1579 3959; x_wconf 82' lang='grc' dir='ltr'>οἰκοῦντες,</span> <span class='ocrx_word' id='word_1_214' title='bbox 1615 3896 1919 3965; x_wconf 85' lang='grc' dir='ltr'>τηνικαῦτα</span> 
     </span>
    </p>
   </div>
   <div class='ocr_carea' id='block_1_39' title="bbox 337 3984 1920 4057">
    <p class='ocr_par' dir='ltr' id='par_1_39' title="bbox 337 3984 1920 4057">
     <span class='ocr_line' id='line_1_39' title="bbox 337 3984 1920 4057; baseline 0.002 -20"><span class='ocrx_word' id='word_1_215' title='bbox 337 3986 781 4057; x_wconf 70' lang='grc' dir='ltr'>ὶχριστιάνισαψ</span> <span class='ocrx_word' id='word_1_216' title='bbox 841 3989 937 4038; x_wconf 79' lang='grc' dir='ltr'>καὶ</span> <span class='ocrx_word' id='word_1_217' title='bbox 986 3984 1115 4054; x_wconf 77' lang='grc' dir='ltr'>περὶ</span> <span class='ocrx_word' id='word_1_218' title='bbox 1166 3984 1407 4053; x_wconf 83' lang='grc' dir='ltr'>σεισμῶν</span> <span class='ocrx_word' id='word_1_219' title='bbox 1457 3986 1516 4037; x_wconf 82' lang='grc' dir='ltr'><strong>ὲν</strong></span> <span class='ocrx_word' id='word_1_220' title='bbox 1557 3985 1766 4041; x_wconf 77' lang='grc' dir='ltr'>Ἑλλάδι.</span> <span class='ocrx_word' id='word_1_221' title='bbox 1823 3987 1920 4040; x_wconf 76' lang='grc' dir='ltr'>καὶ</span> 
     </span>
    </p>
   </div>
   <div class='ocr_carea' id='block_1_40' title="bbox 350 4078 1401 4151">
    <p class='ocr_par' dir='ltr' id='par_1_40' title="bbox 350 4078 1401 4151">
     <span class='ocr_line' id='line_1_40' title="bbox 350 4078 1401 4151; baseline -0.002 -18"><span class='ocrx_word' id='word_1_222' title='bbox 350 4078 545 4151; x_wconf 79' lang='grc' dir='ltr'>Ἀχαΐᾳ</span> <span class='ocrx_word' id='word_1_223' title='bbox 572 4078 899 4148; x_wconf 80' lang='grc' dir='ltr'>γεγονότων.</span> <span class='ocrx_word' id='word_1_224' title='bbox 1396 4090 1401 4093; x_wconf 87' lang='grc'>·</span> 
     </span>
    </p>
   </div>
   <div class='ocr_carea' id='block_1_41' title="bbox 412 4252 1918 4327">
    <p class='ocr_par' dir='ltr' id='par_1_41' title="bbox 412 4252 1918 4327">
     <span class='ocr_line' id='line_1_41' title="bbox 412 4252 1918 4327; baseline 0.003 -20"><span class='ocrx_word' id='word_1_225' title='bbox 412 4257 536 4310; x_wconf 84' lang='grc' dir='ltr'><strong>ΚΔ⁰.</strong></span> <span class='ocrx_word' id='word_1_226' title='bbox 571 4255 709 4327; x_wconf 70' lang='grc' dir='ltr'>Περὶ</span> <span class='ocrx_word' id='word_1_227' title='bbox 758 4252 982 4326; x_wconf 88' lang='grc' dir='ltr'>Ναρσοῦ</span> <span class='ocrx_word' id='word_1_228' title='bbox 1012 4254 1107 4308; x_wconf 86' lang='grc' dir='ltr'><strong>τοῦ</strong></span> <span class='ocrx_word' id='word_1_229' title='bbox 1138 4254 1450 4327; x_wconf 80' lang='grc' dir='ltr'>στρατηγοῦ</span> <span class='ocrx_word' id='word_1_230' title='bbox 1481 4255 1576 4309; x_wconf 74' lang='grc' dir='ltr'>καὶ</span> <span class='ocrx_word' id='word_1_231' title='bbox 1609 4254 1918 4325; x_wconf 85' lang='grc' dir='ltr'>θεοφιλείας</span> 
     </span>
    </p>
   </div>
   <div class='ocr_carea' id='block_1_42' title="bbox 334 4346 524 4401">
    <p class='ocr_par' dir='ltr' id='par_1_42' title="bbox 334 4346 524 4401">
     <span class='ocr_line' id='line_1_42' title="bbox 334 4346 524 4401; baseline 0 0"><span class='ocrx_word' id='word_1_232' title='bbox 334 4346 524 4401; x_wconf 64' lang='grc' dir='ltr'>αὑτοῦ.</span> 
     </span>
    </p>
   </div>
   <div class='ocr_carea' id='block_1_43' title="bbox 408 4452 1920 4524">
    <p class='ocr_par' dir='ltr' id='par_1_43' title="bbox 408 4452 1920 4524">
     <span class='ocr_line' id='line_1_43' title="bbox 408 4452 1920 4524; baseline 0.003 -17"><span class='ocrx_word' id='word_1_233' title='bbox 408 4452 540 4510; x_wconf 81' lang='lat' dir='ltr'><strong>KE’.</strong></span> <span class='ocrx_word' id='word_1_234' title='bbox 587 4453 677 4517; x_wconf 80' lang='grc' dir='ltr'>Ὠς</span> <span class='ocrx_word' id='word_1_235' title='bbox 705 4455 734 4508; x_wconf 89' lang='grc' dir='ltr'><strong>ό</strong></span> <span class='ocrx_word' id='word_1_236' title='bbox 777 4453 1025 4524; x_wconf 81' lang='grc' dir='ltr'>Χοσρόης</span> <span class='ocrx_word' id='word_1_237' title='bbox 1065 4452 1245 4524; x_wconf 82' lang='grc' dir='ltr'>φθόνῳ</span> <span class='ocrx_word' id='word_1_238' title='bbox 1288 4457 1480 4520; x_wconf 75' lang='grc' dir='ltr'>τακεὶς</span> <span class='ocrx_word' id='word_1_239' title='bbox 1508 4458 1603 4511; x_wconf 72' lang='grc' dir='ltr'><strong>ἐπὶ</strong></span> <span class='ocrx_word' id='word_1_240' title='bbox 1654 4460 1778 4522; x_wconf 83' lang='grc' dir='ltr'>ταῖς</span> <span class='ocrx_word' id='word_1_241' title='bbox 1828 4459 1920 4511; x_wconf 81' lang='grc' dir='ltr'>εὐ-</span> 
     </span>
    </p>
   </div>
   <div class='ocr_carea' id='block_1_44' title="bbox 338 4543 1913 4619">
    <p class='ocr_par' dir='ltr' id='par_1_44' title="bbox 338 4543 1913 4619">
     <span class='ocr_line' id='line_1_44' title="bbox 338 4543 1913 4619; baseline 0.004 -24"><span class='ocrx_word' id='word_1_242' title='bbox 338 4544 600 4613; x_wconf 81' lang='grc' dir='ltr'>ημερίαις</span> <span class='ocrx_word' id='word_1_243' title='bbox 647 4543 1046 4611; x_wconf 84' lang='grc' dir='ltr'>Ἰουστινιανοῦ,</span> <span class='ocrx_word' id='word_1_244' title='bbox 1074 4544 1218 4598; x_wconf 76' lang='grc' dir='ltr'>κατὰ</span> <span class='ocrx_word' id='word_1_245' title='bbox 1259 4544 1547 4616; x_wconf 86' lang='grc' dir='ltr'>Ῥωμαίων</span> <span class='ocrx_word' id='word_1_246' title='bbox 1564 4548 1913 4619; x_wconf 78' lang='grc' dir='ltr'>ἐστράτευσε,</span> 
     </span>
    </p>
   </div>
   <div class='ocr_carea' id='block_1_45' title="bbox 337 4628 1920 4705">
    <p class='ocr_par' dir='ltr' id='par_1_45' title="bbox 337 4628 1920 4705">
     <span class='ocr_line' id='line_1_45' title="bbox 337 4628 1920 4705; baseline 0.003 -19"><span class='ocrx_word' id='word_1_247' title='bbox 337 4634 434 4687; x_wconf 69' lang='grc' dir='ltr'><strong>καὶ</strong></span> <span class='ocrx_word' id='word_1_248' title='bbox 463 4633 724 4697; x_wconf 79' lang='grc' dir='ltr'>πλείστας</span> <span class='ocrx_word' id='word_1_249' title='bbox 758 4632 935 4694; x_wconf 83' lang='grc' dir='ltr'>πόλεις</span> <span class='ocrx_word' id='word_1_250' title='bbox 970 4633 1191 4687; x_wconf 60' lang='grc' dir='ltr'>καθεῖλε</span> <span class='ocrx_word' id='word_1_251' title='bbox 1234 4633 1570 4705; x_wconf 78' lang='grc' dir='ltr'>Ῥωμαϊκὰς,</span> <span class='ocrx_word' id='word_1_252' title='bbox 1600 4628 1669 4691; x_wconf 71' lang='grc' dir='ltr'>ἐν’</span> <span class='ocrx_word' id='word_1_253' title='bbox 1707 4633 1796 4700; x_wconf 82' lang='grc' dir='ltr'>αἷς</span> <span class='ocrx_word' id='word_1_254' title='bbox 1824 4636 1920 4690; x_wconf 73' lang='grc' dir='ltr'>καὶ</span> 
     </span>
    </p>
   </div>
   <div class='ocr_carea' id='block_1_46' title="bbox 335 4724 1394 4800">
    <p class='ocr_par' dir='ltr' id='par_1_46' title="bbox 335 4724 1394 4800">
     <span class='ocr_line' id='line_1_46' title="bbox 335 4724 1394 4800; baseline -0.003 -23"><span class='ocrx_word' id='word_1_255' title='bbox 335 4725 436 4796; x_wconf 81' lang='grc' dir='ltr'>τὴν</span> <span class='ocrx_word' id='word_1_256' title='bbox 467 4725 711 4796; x_wconf 87' lang='grc' dir='ltr'>μεγάλην</span> <span class='ocrx_word' id='word_1_257' title='bbox 746 4724 1099 4800; x_wconf 74' lang='grc' dir='ltr'>Ἀντιόχειαν,</span> <span class='ocrx_word' id='word_1_258' title='bbox 1387 4745 1394 4753; x_wconf 90' lang='grc'>·</span> 
     </span>
    </p>
   </div>
   <div class='ocr_carea' id='block_1_47' title="bbox 410 4815 1919 4891">
    <p class='ocr_par' dir='ltr' id='par_1_47' title="bbox 410 4815 1919 4891">
     <span class='ocr_line' id='line_1_47' title="bbox 410 4815 1919 4891; baseline 0.001 -20"><span class='ocrx_word' id='word_1_259' title='bbox 410 4819 557 4884; x_wconf 63' lang='grc' dir='ltr'>κε’.</span> <span class='ocrx_word' id='word_1_260' title='bbox 591 4817 728 4888; x_wconf 80' lang='grc' dir='ltr'>Περὶ</span> <span class='ocrx_word' id='word_1_261' title='bbox 757 4815 852 4870; x_wconf 90' lang='grc' dir='ltr'><strong>τοῦ</strong></span> <span class='ocrx_word' id='word_1_262' title='bbox 885 4816 1173 4885; x_wconf 80' lang='grc' dir='ltr'>γεγονότος</span> <span class='ocrx_word' id='word_1_263' title='bbox 1206 4815 1491 4887; x_wconf 84' lang='grc' dir='ltr'>θαύματος</span> <span class='ocrx_word' id='word_1_264' title='bbox 1535 4820 1594 4873; x_wconf 80' lang='grc' dir='ltr'><strong>ὲν</strong></span> <span class='ocrx_word' id='word_1_265' title='bbox 1644 4819 1919 4891; x_wconf 76' lang='grc' dir='ltr'>’Δπαμεία</span> 
     </span>
    </p>
   </div>
   <div class='ocr_carea' id='block_1_48' title="bbox 334 4898 1908 4983">
    <p class='ocr_par' dir='ltr' id='par_1_48' title="bbox 334 4898 1908 4983">
     <span class='ocr_line' id='line_1_48' title="bbox 334 4898 1908 4983; baseline 0.003 -21"><span class='ocrx_word' id='word_1_266' title='bbox 334 4907 431 4963; x_wconf 81' lang='grc' dir='ltr'><strong>τοῦ</strong></span> <span class='ocrx_word' id='word_1_267' title='bbox 464 4910 650 4979; x_wconf 86' lang='grc' dir='ltr'>τιμίου</span> <span class='ocrx_word' id='word_1_268' title='bbox 681 4907 774 4961; x_wconf 76' lang='grc' dir='ltr'>καὶ</span> <span class='ocrx_word' id='word_1_269' title='bbox 794 4906 1063 4972; x_wconf 79' lang='grc' dir='ltr'>ζωοποιοῦ</span> <span class='ocrx_word' id='word_1_270' title='bbox 1104 4906 1265 4974; x_wconf 79' lang='grc' dir='ltr'>ξύλου</span> <span class='ocrx_word' id='word_1_271' title='bbox 1291 4907 1387 4962; x_wconf 89' lang='grc' dir='ltr'><strong>τοῦ</strong></span> <span class='ocrx_word' id='word_1_272' title='bbox 1419 4910 1679 4983; x_wconf 88' lang='grc' dir='ltr'>σταυροῦ.</span> <span class='ocrx_word' id='word_1_273' title='bbox 1900 4898 1908 4909; x_wconf 66' lang='grc'><em>’</em></span> 
     </span>
    </p>
   </div>
   <div class='ocr_carea' id='block_1_49' title="bbox 408 4997 1889 5078">
    <p class='ocr_par' dir='ltr' id='par_1_49' title="bbox 408 4997 1889 5078">
     <span class='ocr_line' id='line_1_49' title="bbox 408 4997 1889 5078; baseline 0.004 -24"><span class='ocrx_word' id='word_1_274' title='bbox 408 4997 537 5054; x_wconf 78' lang='lat' dir='ltr'><strong>KZ&#39;.</strong></span> <span class='ocrx_word' id='word_1_275' title='bbox 565 5000 702 5070; x_wconf 70' lang='grc' dir='ltr'>Περὶ</span> <span class='ocrx_word' id='word_1_276' title='bbox 738 4998 833 5070; x_wconf 81' lang='grc' dir='ltr'>τῆς</span> <span class='ocrx_word' id='word_1_277' title='bbox 859 4999 938 5062; x_wconf 78' lang='grc' dir='ltr'><strong>είς</strong></span> <span class='ocrx_word' id='word_1_278' title='bbox 967 4998 1229 5054; x_wconf 80' lang='grc' dir='ltr'>Ἔδεσσαν</span> <span class='ocrx_word' id='word_1_279' title='bbox 1260 5002 1619 5074; x_wconf 75' lang='grc' dir='ltr'>ἐκστρατείας</span> <span class='ocrx_word' id='word_1_280' title='bbox 1646 5005 1889 5078; x_wconf 87' lang='grc' dir='ltr'>Χοσρόου</span> 
     </span>
    </p>
   </div>
   <div class='ocr_carea' id='block_1_50' title="bbox 405 5178 1912 5256">
    <p class='ocr_par' dir='ltr' id='par_1_50' title="bbox 405 5178 1912 5256">
     <span class='ocr_line' id='line_1_50' title="bbox 405 5178 1912 5256; baseline 0.003 -20"><span class='ocrx_word' id='word_1_281' title='bbox 405 5181 544 5236; x_wconf 74' lang='grc' dir='ltr'>κη’.</span> <span class='ocrx_word' id='word_1_282' title='bbox 563 5178 698 5251; x_wconf 81' lang='grc' dir='ltr'><strong>Περὶ</strong></span> <span class='ocrx_word' id='word_1_283' title='bbox 714 5179 807 5234; x_wconf 79' lang='grc' dir='ltr'><strong>τοῦ</strong></span> <span class='ocrx_word' id='word_1_284' title='bbox 822 5179 1109 5249; x_wconf 83' lang='grc' dir='ltr'>γεγονότος</span> <span class='ocrx_word' id='word_1_285' title='bbox 1129 5181 1186 5234; x_wconf 79' lang='grc' dir='ltr'>ὲν</span> <span class='ocrx_word' id='word_1_286' title='bbox 1198 5179 1423 5251; x_wconf 80' lang='grc' dir='ltr'>Σεργίου</span> <span class='ocrx_word' id='word_1_287' title='bbox 1444 5182 1597 5238; x_wconf 82' lang='grc' dir='ltr'>πόλει</span> <span class='ocrx_word' id='word_1_288' title='bbox 1615 5183 1912 5256; x_wconf 77' lang='grc' dir='ltr'>θαύματος.</span> 
     </span>
    </p>
   </div>
   <div class='ocr_carea' id='block_1_51' title="bbox 407 5261 1375 5343">
    <p class='ocr_par' dir='ltr' id='par_1_51' title="bbox 407 5261 1375 5343">
     <span class='ocr_line' id='line_1_51' title="bbox 407 5261 1375 5343; baseline 0.002 -17"><span class='ocrx_word' id='word_1_289' title='bbox 407 5274 539 5327; x_wconf 65' lang='grc' dir='ltr'>κθ.</span> <span class='ocrx_word' id='word_1_290' title='bbox 567 5272 704 5343; x_wconf 80' lang='grc' dir='ltr'>Περὶ</span> <span class='ocrx_word' id='word_1_291' title='bbox 733 5273 829 5325; x_wconf 87' lang='grc' dir='ltr'><strong>τοῦ</strong></span> <span class='ocrx_word' id='word_1_292' title='bbox 858 5272 1109 5343; x_wconf 87' lang='grc' dir='ltr'>λοιμικοῦ</span> <span class='ocrx_word' id='word_1_293' title='bbox 1140 5261 1375 5337; x_wconf 25' lang='grc' dir='ltr'>πάθους..</span> 
     </span>
    </p>
   </div>
   <div class='ocr_carea' id='block_1_52' title="bbox 405 5362 1914 5436">
    <p class='ocr_par' dir='ltr' id='par_1_52' title="bbox 405 5362 1914 5436">
     <span class='ocr_line' id='line_1_52' title="bbox 405 5362 1914 5436; baseline 0.003 -19"><span class='ocrx_word' id='word_1_294' title='bbox 405 5364 486 5417; x_wconf 80' lang='lat' dir='ltr'><strong>A&#39;.</strong></span> <span class='ocrx_word' id='word_1_295' title='bbox 556 5364 694 5434; x_wconf 75' lang='lat' dir='ltr'><strong>napi.</strong></span> <span class='ocrx_word' id='word_1_296' title='bbox 780 5362 878 5433; x_wconf 77' lang='grc' dir='ltr'>τῆς</span> <span class='ocrx_word' id='word_1_297' title='bbox 938 5362 1396 5434; x_wconf 82' lang='grc' dir='ltr'>φιλοχρηματίας,</span> <span class='ocrx_word' id='word_1_298' title='bbox 1445 5365 1539 5420; x_wconf 78' lang='grc' dir='ltr'>καὶ</span> <span class='ocrx_word' id='word_1_299' title='bbox 1606 5367 1914 5436; x_wconf 80' lang='grc' dir='ltr'>ἀπληστίας</span> 
     </span>
    </p>
   </div>
   <div class='ocr_carea' id='block_1_53' title="bbox 345 5455 745 5511">
    <p class='ocr_par' dir='ltr' id='par_1_53' title="bbox 345 5455 745 5511">
     <span class='ocr_line' id='line_1_53' title="bbox 345 5455 745 5511; baseline 0.008 -3"><span class='ocrx_word' id='word_1_300' title='bbox 345 5456 448 5509; x_wconf 84' lang='grc' dir='ltr'>Ἰου</span> <span class='ocrx_word' id='word_1_301' title='bbox 456 5455 745 5511; x_wconf 83' lang='grc' dir='ltr'>στινιανοῦ.</span> 
     </span>
    </p>
   </div>
   <div class='ocr_carea' id='block_1_54' title="bbox 402 5549 1909 5625">
    <p class='ocr_par' dir='ltr' id='par_1_54' title="bbox 402 5549 1909 5625">
     <span class='ocr_line' id='line_1_54' title="bbox 402 5549 1909 5625; baseline 0.003 -22"><span class='ocrx_word' id='word_1_302' title='bbox 402 5550 533 5605; x_wconf 83' lang='lat' dir='ltr'><strong>AA&#39;.</strong></span> <span class='ocrx_word' id='word_1_303' title='bbox 590 5551 724 5623; x_wconf 75' lang='grc' dir='ltr'>Περὶ</span> <span class='ocrx_word' id='word_1_304' title='bbox 772 5551 867 5603; x_wconf 90' lang='grc' dir='ltr'><strong>τοῦ</strong></span> <span class='ocrx_word' id='word_1_305' title='bbox 901 5550 1138 5619; x_wconf 83' lang='grc' dir='ltr'>μεγάλου</span> <span class='ocrx_word' id='word_1_306' title='bbox 1169 5549 1300 5605; x_wconf 85' lang='grc' dir='ltr'>ναοῦ</span> <span class='ocrx_word' id='word_1_307' title='bbox 1331 5553 1429 5624; x_wconf 79' lang='grc' dir='ltr'>τῆς</span> <span class='ocrx_word' id='word_1_308' title='bbox 1474 5553 1658 5620; x_wconf 83' lang='grc' dir='ltr'>’Δγίας</span> <span class='ocrx_word' id='word_1_309' title='bbox 1690 5554 1909 5625; x_wconf 77' lang='grc' dir='ltr'>Σοφίας,</span> 
     </span>
    </p>
   </div>
   <div class='ocr_carea' id='block_1_55' title="bbox 334 5641 1527 5723">
    <p class='ocr_par' dir='ltr' id='par_1_55' title="bbox 334 5641 1527 5723">
     <span class='ocr_line' id='line_1_55' title="bbox 334 5641 1527 5723; baseline 0.001 -27"><span class='ocrx_word' id='word_1_310' title='bbox 334 5642 430 5697; x_wconf 73' lang='grc' dir='ltr'><strong>καὶ</strong></span> <span class='ocrx_word' id='word_1_311' title='bbox 457 5641 568 5723; x_wconf 62' lang='grc' dir='ltr'>τῶν</span> <span class='ocrx_word' id='word_1_312' title='bbox 613 5643 813 5712; x_wconf 80' lang='grc' dir='ltr'>’Λγίων</span> <span class='ocrx_word' id='word_1_313' title='bbox 859 5642 1221 5697; x_wconf 81' lang='grc' dir='ltr'>Ἀποστόλων.</span> <span class='ocrx_word' id='word_1_314' title='bbox 1522 5694 1527 5709; x_wconf 23' lang='grc' dir='ltr'>ἢ</span> 
     </span>
    </p>
   </div>
   <div class='ocr_carea' id='block_1_56' title="bbox 403 5733 1914 5810">
    <p class='ocr_par' dir='ltr' id='par_1_56' title="bbox 403 5733 1914 5810">
     <span class='ocr_line' id='line_1_56' title="bbox 403 5733 1914 5810; baseline 0.002 -21"><span class='ocrx_word' id='word_1_315' title='bbox 403 5733 533 5789; x_wconf 81' lang='lat' dir='ltr'><strong>AB&#39;.</strong></span> <span class='ocrx_word' id='word_1_316' title='bbox 586 5736 719 5803; x_wconf 81' lang='grc' dir='ltr'>Περὶ</span> <span class='ocrx_word' id='word_1_317' title='bbox 769 5737 867 5802; x_wconf 88' lang='grc' dir='ltr'><strong>τῆς</strong></span> <span class='ocrx_word' id='word_1_318' title='bbox 915 5738 972 5787; x_wconf 77' lang='grc' dir='ltr'><strong>ὲν</strong></span> <span class='ocrx_word' id='word_1_319' title='bbox 1007 5734 1084 5803; x_wconf 84' lang='grc' dir='ltr'><strong>τῷ</strong></span> <span class='ocrx_word' id='word_1_320' title='bbox 1102 5736 1295 5805; x_wconf 84' lang='grc' dir='ltr'>Κυανῷ</span> <span class='ocrx_word' id='word_1_321' title='bbox 1341 5738 1593 5810; x_wconf 82' lang='grc' dir='ltr'>χρώματι</span> <span class='ocrx_word' id='word_1_322' title='bbox 1632 5741 1726 5793; x_wconf 84' lang='grc' dir='ltr'><strong>τοῦ</strong></span> <span class='ocrx_word' id='word_1_323' title='bbox 1760 5739 1914 5810; x_wconf 74' lang='grc' dir='ltr'>βασι·</span> 
     </span>
    </p>
   </div>
   <div class='ocr_carea' id='block_1_57' title="bbox 335 5814 1228 5896">
    <p class='ocr_par' dir='ltr' id='par_1_57' title="bbox 335 5814 1228 5896">
     <span class='ocr_line' id='line_1_57' title="bbox 335 5814 1228 5896; baseline 0.004 -19"><span class='ocrx_word' id='word_1_324' title='bbox 335 5814 473 5887; x_wconf 58' lang='lat' dir='ltr'><strong>Mos;</strong></span> <span class='ocrx_word' id='word_1_325' title='bbox 501 5825 698 5895; x_wconf 87' lang='grc' dir='ltr'>μανίας</span> <span class='ocrx_word' id='word_1_326' title='bbox 731 5826 934 5895; x_wconf 80' lang='grc' dir='ltr'>μᾶλλον</span> <span class='ocrx_word' id='word_1_327' title='bbox 960 5825 994 5896; x_wconf 80' lang='grc' dir='ltr'>ἣ</span> <span class='ocrx_word' id='word_1_328' title='bbox 1024 5826 1228 5894; x_wconf 78' lang='grc' dir='ltr'>φιλίας.</span> 
     </span>
    </p>
   </div>
   <div class='ocr_carea' id='block_1_58' title="bbox 1252 410 2687 473">
    <p class='ocr_par' dir='ltr' id='par_1_58' title="bbox 1252 410 2687 473">
     <span class='ocr_line' id='line_1_58' title="bbox 1252 410 2687 473; baseline 0 -2"><span class='ocrx_word' id='word_1_329' title='bbox 1252 411 1633 471; x_wconf 73' lang='grc' dir='ltr'><strong>ΙΙΙΞΤΟΒΙᾸΞ</strong></span> <span class='ocrx_word' id='word_1_330' title='bbox 1674 410 2268 473; x_wconf 67' lang='grc' dir='ltr'><strong>ΕΕΕΕΕΞΙΑΞΤΙΩΕ</strong></span> <span class='ocrx_word' id='word_1_331' title='bbox 2321 412 2550 473; x_wconf 75' lang='lat' dir='ltr'><strong>LIBER</strong></span> <span class='ocrx_word' id='word_1_332' title='bbox 2592 412 2687 471; x_wconf 87' lang='lat' dir='ltr'><strong>IV.</strong></span> 
     </span>
    </p>
   </div>
   <div class='ocr_carea' id='block_1_59' title="bbox 3455 417 3597 483">
    <p class='ocr_par' dir='ltr' id='par_1_59' title="bbox 3455 417 3597 483">
     <span class='ocr_line' id='line_1_59' title="bbox 3455 417 3597 483; baseline 0 -2"><span class='ocrx_word' id='word_1_333' title='bbox 3455 417 3597 483; x_wconf 75' lang='lat'><strong>2709.</strong></span> 
     </span>
    </p>
   </div>
   <div class='ocr_carea' id='block_1_60' title="bbox 2109 523 3348 593">
    <p class='ocr_par' dir='ltr' id='par_1_60' title="bbox 2109 523 3348 593">
     <span class='ocr_line' id='line_1_60' title="bbox 2109 523 3348 593; baseline 0.008 -20"><span class='ocrx_word' id='word_1_334' title='bbox 2109 524 2197 577; x_wconf 80' lang='lat' dir='ltr'><strong>Vl.</strong></span> <span class='ocrx_word' id='word_1_335' title='bbox 2227 524 2301 578; x_wconf 86' lang='lat' dir='ltr'><strong>De</strong></span> <span class='ocrx_word' id='word_1_336' title='bbox 2335 524 2651 592; x_wconf 71' lang='lat' dir='ltr'><strong>Ephrmmio</strong></span> <span class='ocrx_word' id='word_1_337' title='bbox 2679 524 2716 577; x_wconf 65' lang='lat' dir='ltr'><strong>fi</strong></span> <span class='ocrx_word' id='word_1_338' title='bbox 2762 523 2967 593; x_wconf 79' lang='lat' dir='ltr'><strong>phrasii</strong></span> <span class='ocrx_word' id='word_1_339' title='bbox 3007 540 3348 584; x_wconf 87' lang='lat' dir='ltr'><strong>successore.</strong></span> 
     </span>
    </p>
   </div>
   <div class='ocr_carea' id='block_1_61' title="bbox 2107 614 3611 687">
    <p class='ocr_par' dir='ltr' id='par_1_61' title="bbox 2107 614 3611 687">
     <span class='ocr_line' id='line_1_61' title="bbox 2107 614 3611 687; baseline 0.005 -21"><span class='ocrx_word' id='word_1_340' title='bbox 2107 614 2216 668; x_wconf 85' lang='lat' dir='ltr'><strong>VII.</strong></span> <span class='ocrx_word' id='word_1_341' title='bbox 2266 614 2342 669; x_wconf 88' lang='lat' dir='ltr'><strong>De</strong></span> <span class='ocrx_word' id='word_1_342' title='bbox 2372 614 2585 668; x_wconf 78' lang='lat' dir='ltr'><strong>Zosima</strong></span> <span class='ocrx_word' id='word_1_343' title='bbox 2617 623 2674 670; x_wconf 86' lang='lat' dir='ltr'><strong>et</strong></span> <span class='ocrx_word' id='word_1_344' title='bbox 2704 614 2913 671; x_wconf 85' lang='lat' dir='ltr'><strong>Joanne</strong></span> <span class='ocrx_word' id='word_1_345' title='bbox 2936 616 3052 687; x_wconf 72' lang='lat' dir='ltr'><strong>qui</strong></span> <span class='ocrx_word' id='word_1_346' title='bbox 3082 617 3362 673; x_wconf 84' lang='lat' dir='ltr'><strong>miraculis</strong></span> <span class='ocrx_word' id='word_1_347' title='bbox 3396 619 3611 674; x_wconf 65' lang='lat' dir='ltr'><strong>clarue~</strong></span> 
     </span>
    </p>
   </div>
   <div class='ocr_carea' id='block_1_62' title="bbox 2033 714 2181 759">
    <p class='ocr_par' dir='ltr' id='par_1_62' title="bbox 2033 714 2181 759">
     <span class='ocr_line' id='line_1_62' title="bbox 2033 714 2181 759; baseline 0.007 -2"><span class='ocrx_word' id='word_1_348' title='bbox 2033 714 2181 759; x_wconf 87' lang='lat' dir='ltr'><strong>runt.</strong></span> 
     </span>
    </p>
   </div>
   <div class='ocr_carea' id='block_1_63' title="bbox 2101 796 3167 857">
    <p class='ocr_par' dir='ltr' id='par_1_63' title="bbox 2101 796 3167 857">
     <span class='ocr_line' id='line_1_63' title="bbox 2101 796 3167 857; baseline 0.006 -9"><span class='ocrx_word' id='word_1_349' title='bbox 2101 796 2237 849; x_wconf 82' lang='lat' dir='ltr'><strong>VIII.</strong></span> <span class='ocrx_word' id='word_1_350' title='bbox 2265 797 2340 851; x_wconf 89' lang='lat' dir='ltr'><strong>De</strong></span> <span class='ocrx_word' id='word_1_351' title='bbox 2365 797 2533 853; x_wconf 88' lang='lat' dir='ltr'><strong>totius</strong></span> <span class='ocrx_word' id='word_1_352' title='bbox 2551 798 2703 853; x_wconf 81' lang='lat' dir='ltr'><strong>orbis</strong></span> <span class='ocrx_word' id='word_1_353' title='bbox 2741 799 3167 857; x_wconf 75' lang='lat' dir='ltr'><strong>calamitatibus.</strong></span> 
     </span>
    </p>
   </div>
   <div class='ocr_carea' id='block_1_64' title="bbox 2101 886 3608 962">
    <p class='ocr_par' dir='ltr' id='par_1_64' title="bbox 2101 886 3608 962">
     <span class='ocr_line' id='line_1_64' title="bbox 2101 886 3608 962; baseline 0.003 -22"><span class='ocrx_word' id='word_1_354' title='bbox 2101 886 2194 940; x_wconf 86' lang='lat' dir='ltr'><strong>IX.</strong></span> <span class='ocrx_word' id='word_1_355' title='bbox 2243 886 2531 953; x_wconf 82' lang='lat' dir='ltr'><strong>Quomodo</strong></span> <span class='ocrx_word' id='word_1_356' title='bbox 2576 889 2829 945; x_wconf 77' lang='lat' dir='ltr'><strong>Justinus</strong></span> <span class='ocrx_word' id='word_1_357' title='bbox 2864 891 3045 946; x_wconf 89' lang='lat' dir='ltr'><strong>adhuc</strong></span> <span class='ocrx_word' id='word_1_358' title='bbox 3085 891 3299 956; x_wconf 80' lang='lat' dir='ltr'><strong>vivens,</strong></span> <span class='ocrx_word' id='word_1_359' title='bbox 3344 891 3608 962; x_wconf 80' lang='lat' dir='ltr'><strong>collegam</strong></span> 
     </span>
    </p>
   </div>
   <div class='ocr_carea' id='block_1_65' title="bbox 2032 977 2980 1052">
    <p class='ocr_par' dir='ltr' id='par_1_65' title="bbox 2032 977 2980 1052">
     <span class='ocr_line' id='line_1_65' title="bbox 2032 977 2980 1052; baseline 0.004 -22"><span class='ocrx_word' id='word_1_360' title='bbox 2032 977 2247 1046; x_wconf 90' lang='lat' dir='ltr'><strong>imperii</strong></span> <span class='ocrx_word' id='word_1_361' title='bbox 2270 978 2641 1034; x_wconf 69' lang='lat' dir='ltr'><strong>Iustinianum</strong></span> <span class='ocrx_word' id='word_1_362' title='bbox 2668 983 2980 1052; x_wconf 76' lang='lat' dir='ltr'><strong>assumpsit.</strong></span> 
     </span>
    </p>
   </div>
   <div class='ocr_carea' id='block_1_66' title="bbox 2100 1067 3607 1142">
    <p class='ocr_par' dir='ltr' id='par_1_66' title="bbox 2100 1067 3607 1142">
     <span class='ocr_line' id='line_1_66' title="bbox 2100 1067 3607 1142; baseline 0.002 -21"><span class='ocrx_word' id='word_1_363' title='bbox 2100 1067 2168 1122; x_wconf 91' lang='lat' dir='ltr'><strong>X.</strong></span> <span class='ocrx_word' id='word_1_364' title='bbox 2201 1068 2451 1135; x_wconf 89' lang='lat' dir='ltr'><strong>Qualiter</strong></span> <span class='ocrx_word' id='word_1_365' title='bbox 2486 1070 2833 1126; x_wconf 85' lang='lat' dir='ltr'><strong>Justiniauus</strong></span> <span class='ocrx_word' id='word_1_366' title='bbox 2861 1073 3086 1142; x_wconf 84' lang='lat' dir='ltr'><strong>quidem</strong></span> <span class='ocrx_word' id='word_1_367' title='bbox 3118 1087 3214 1127; x_wconf 89' lang='lat' dir='ltr'><strong>eos</strong></span> <span class='ocrx_word' id='word_1_368' title='bbox 3259 1072 3479 1127; x_wconf 87' lang='lat' dir='ltr'><strong>amabat</strong></span> <span class='ocrx_word' id='word_1_369' title='bbox 3513 1072 3607 1140; x_wconf 91' lang='lat' dir='ltr'><strong>qui</strong></span> 
     </span>
    </p>
   </div>
   <div class='ocr_carea' id='block_1_67' title="bbox 2028 1157 3609 1233">
    <p class='ocr_par' dir='ltr' id='par_1_67' title="bbox 2028 1157 3609 1233">
     <span class='ocr_line' id='line_1_67' title="bbox 2028 1157 3609 1233; baseline 0.001 -19"><span class='ocrx_word' id='word_1_370' title='bbox 2028 1157 2531 1216; x_wconf 79' lang='lat' dir='ltr'><strong>Chalcedonensem</strong></span> <span class='ocrx_word' id='word_1_371' title='bbox 2563 1161 2831 1233; x_wconf 81' lang='lat' dir='ltr'><strong>synodum</strong></span> <span class='ocrx_word' id='word_1_372' title='bbox 2873 1163 3342 1233; x_wconf 74' lang='lat' dir='ltr'><strong>amplecterentur</strong></span> <span class='ocrx_word' id='word_1_373' title='bbox 3372 1181 3387 1217; x_wconf 92' lang='lat'><strong>:</strong></span> <span class='ocrx_word' id='word_1_374' title='bbox 3426 1163 3609 1217; x_wconf 87' lang='lat' dir='ltr'><strong>Theo-</strong></span> 
     </span>
    </p>
   </div>
   <div class='ocr_carea' id='block_1_68' title="bbox 2029 1251 3482 1325">
    <p class='ocr_par' dir='ltr' id='par_1_68' title="bbox 2029 1251 3482 1325">
     <span class='ocr_line' id='line_1_68' title="bbox 2029 1251 3482 1325; baseline 0.003 -19"><span class='ocrx_word' id='word_1_375' title='bbox 2029 1251 2165 1306; x_wconf 85' lang='lat' dir='ltr'><strong>dora</strong></span> <span class='ocrx_word' id='word_1_376' title='bbox 2191 1267 2322 1307; x_wconf 86' lang='lat' dir='ltr'><strong>vero</strong></span> <span class='ocrx_word' id='word_1_377' title='bbox 2357 1268 2453 1308; x_wconf 89' lang='lat' dir='ltr'><strong>eos</strong></span> <span class='ocrx_word' id='word_1_378' title='bbox 2479 1258 2574 1322; x_wconf 86' lang='lat' dir='ltr'><strong>qui</strong></span> <span class='ocrx_word' id='word_1_379' title='bbox 2603 1254 2872 1325; x_wconf 89' lang='lat' dir='ltr'><strong>synodum</strong></span> <span class='ocrx_word' id='word_1_380' title='bbox 2902 1254 3049 1309; x_wconf 85' lang='lat' dir='ltr'><strong>illam</strong></span> <span class='ocrx_word' id='word_1_381' title='bbox 3085 1255 3482 1325; x_wconf 83' lang='lat' dir='ltr'><strong>improbarent.</strong></span> 
     </span>
    </p>
   </div>
   <div class='ocr_carea' id='block_1_69' title="bbox 2099 1344 3610 1417">
    <p class='ocr_par' dir='ltr' id='par_1_69' title="bbox 2099 1344 3610 1417">
     <span class='ocr_line' id='line_1_69' title="bbox 2099 1344 3610 1417; baseline 0.002 -19"><span class='ocrx_word' id='word_1_382' title='bbox 2099 1344 2190 1399; x_wconf 88' lang='lat' dir='ltr'><strong>XI.</strong></span> <span class='ocrx_word' id='word_1_383' title='bbox 2223 1345 2511 1411; x_wconf 89' lang='lat' dir='ltr'><strong>Quomodo</strong></span> <span class='ocrx_word' id='word_1_384' title='bbox 2541 1346 2779 1401; x_wconf 80' lang='lat' dir='ltr'><strong>Severus</strong></span> <span class='ocrx_word' id='word_1_385' title='bbox 2796 1346 3115 1401; x_wconf 83' lang='lat' dir='ltr'><strong>Anthimum</strong></span> <span class='ocrx_word' id='word_1_386' title='bbox 3147 1347 3610 1417; x_wconf 87' lang='lat' dir='ltr'><strong>Constantinopo-</strong></span> 
     </span>
    </p>
   </div>
   <div class='ocr_carea' id='block_1_70' title="bbox 2027 1436 3609 1507">
    <p class='ocr_par' dir='ltr' id='par_1_70' title="bbox 2027 1436 3609 1507">
     <span class='ocr_line' id='line_1_70' title="bbox 2027 1436 3609 1507; baseline 0.001 -18"><span class='ocrx_word' id='word_1_387' title='bbox 2027 1436 2096 1495; x_wconf 87' lang='lat' dir='ltr'><strong>lis</strong></span> <span class='ocrx_word' id='word_1_388' title='bbox 2108 1436 2427 1507; x_wconf 84' lang='lat' dir='ltr'><strong>episcopum</strong></span> <span class='ocrx_word' id='word_1_389' title='bbox 2447 1446 2503 1492; x_wconf 90' lang='lat' dir='ltr'><strong>et</strong></span> <span class='ocrx_word' id='word_1_390' title='bbox 2524 1437 2898 1493; x_wconf 86' lang='lat' dir='ltr'><strong>Theodosium</strong></span> <span class='ocrx_word' id='word_1_391' title='bbox 2918 1437 3237 1507; x_wconf 85' lang='lat' dir='ltr'><strong>episcopum</strong></span> <span class='ocrx_word' id='word_1_392' title='bbox 3266 1436 3609 1492; x_wconf 64' lang='lat' dir='ltr'><strong>Alexandriae</strong></span> 
     </span>
    </p>
   </div>
   <div class='ocr_carea' id='block_1_71' title="bbox 2026 1530 3609 1601">
    <p class='ocr_par' dir='ltr' id='par_1_71' title="bbox 2026 1530 3609 1601">
     <span class='ocr_line' id='line_1_71' title="bbox 2026 1530 3609 1601; baseline 0.001 -19"><span class='ocrx_word' id='word_1_393' title='bbox 2026 1530 2376 1598; x_wconf 83' lang='lat' dir='ltr'><strong>pervcrterit,</strong></span> <span class='ocrx_word' id='word_1_394' title='bbox 2412 1530 2616 1599; x_wconf 82' lang='lat' dir='ltr'><strong>quibus</strong></span> <span class='ocrx_word' id='word_1_395' title='bbox 2647 1530 2917 1587; x_wconf 72' lang='lat' dir='ltr'><strong>sedesua</strong></span> <span class='ocrx_word' id='word_1_396' title='bbox 2957 1531 3235 1601; x_wconf 80' lang='lat' dir='ltr'><strong>expulsis,</strong></span> <span class='ocrx_word' id='word_1_397' title='bbox 3262 1530 3609 1586; x_wconf 85' lang='lat' dir='ltr'><strong>Justinianus</strong></span> 
     </span>
    </p>
   </div>
   <div class='ocr_carea' id='block_1_72' title="bbox 2025 1621 2496 1678">
    <p class='ocr_par' dir='ltr' id='par_1_72' title="bbox 2025 1621 2496 1678">
     <span class='ocr_line' id='line_1_72' title="bbox 2025 1621 2496 1678; baseline 0.008 -4"><span class='ocrx_word' id='word_1_398' title='bbox 2025 1621 2164 1676; x_wconf 82' lang='lat' dir='ltr'><strong>alios</strong></span> <span class='ocrx_word' id='word_1_399' title='bbox 2186 1622 2496 1678; x_wconf 85' lang='lat' dir='ltr'><strong>substituit.</strong></span> 
     </span>
    </p>
   </div>
   <div class='ocr_carea' id='block_1_73' title="bbox 2095 1706 3608 1784">
    <p class='ocr_par' dir='ltr' id='par_1_73' title="bbox 2095 1706 3608 1784">
     <span class='ocr_line' id='line_1_73' title="bbox 2095 1706 3608 1784; baseline 0.002 -18"><span class='ocrx_word' id='word_1_400' title='bbox 2095 1710 2212 1767; x_wconf 90' lang='lat' dir='ltr'><strong>XII.</strong></span> <span class='ocrx_word' id='word_1_401' title='bbox 2240 1714 2316 1768; x_wconf 92' lang='lat' dir='ltr'><strong>De</strong></span> <span class='ocrx_word' id='word_1_402' title='bbox 2362 1706 2579 1769; x_wconf 86' lang='lat' dir='ltr'><strong>Cavade</strong></span> <span class='ocrx_word' id='word_1_403' title='bbox 2612 1714 2902 1769; x_wconf 87' lang='lat' dir='ltr'><strong>Persarum</strong></span> <span class='ocrx_word' id='word_1_404' title='bbox 2933 1730 3082 1784; x_wconf 85' lang='lat' dir='ltr'><strong>rege,</strong></span> <span class='ocrx_word' id='word_1_405' title='bbox 3130 1723 3186 1768; x_wconf 86' lang='lat' dir='ltr'><strong>et</strong></span> <span class='ocrx_word' id='word_1_406' title='bbox 3233 1715 3302 1770; x_wconf 89' lang='lat' dir='ltr'><strong>de</strong></span> <span class='ocrx_word' id='word_1_407' title='bbox 3345 1714 3458 1769; x_wconf 86' lang='lat' dir='ltr'><strong>filio</strong></span> <span class='ocrx_word' id='word_1_408' title='bbox 3485 1714 3608 1783; x_wconf 75' lang='lat' dir='ltr'><strong>ejus</strong></span> 
     </span>
    </p>
   </div>
   <div class='ocr_carea' id='block_1_74' title="bbox 2023 1802 3609 1874">
    <p class='ocr_par' dir='ltr' id='par_1_74' title="bbox 2023 1802 3609 1874">
     <span class='ocr_line' id='line_1_74' title="bbox 2023 1802 3609 1874; baseline 0 -15"><span class='ocrx_word' id='word_1_409' title='bbox 2023 1802 2305 1870; x_wconf 88' lang='lat' dir='ltr'><strong>Chosroe,</strong></span> <span class='ocrx_word' id='word_1_410' title='bbox 2361 1820 2431 1859; x_wconf 81' lang='lat' dir='ltr'><strong>ex</strong></span> <span class='ocrx_word' id='word_1_411' title='bbox 2487 1804 2647 1859; x_wconf 85' lang='lat' dir='ltr'><strong>libris</strong></span> <span class='ocrx_word' id='word_1_412' title='bbox 2709 1805 3077 1860; x_wconf 88' lang='lat' dir='ltr'><strong>historiarum</strong></span> <span class='ocrx_word' id='word_1_413' title='bbox 3121 1807 3376 1874; x_wconf 82' lang='lat' dir='ltr'><strong>Procopii</strong></span> <span class='ocrx_word' id='word_1_414' title='bbox 3425 1805 3609 1860; x_wconf 83' lang='lat' dir='ltr'><strong>Caesa-</strong></span> 
     </span>
    </p>
   </div>
   <div class='ocr_carea' id='block_1_75' title="bbox 2024 1896 2244 1951">
    <p class='ocr_par' dir='ltr' id='par_1_75' title="bbox 2024 1896 2244 1951">
     <span class='ocr_line' id='line_1_75' title="bbox 2024 1896 2244 1951; baseline 0 -2"><span class='ocrx_word' id='word_1_415' title='bbox 2024 1896 2244 1951; x_wconf 84' lang='lat' dir='ltr'><strong>riensis.</strong></span> 
     </span>
    </p>
   </div>
   <div class='ocr_carea' id='block_1_76' title="bbox 2090 1988 3663 2047">
    <p class='ocr_par' dir='ltr' id='par_1_76' title="bbox 2090 1988 3663 2047">
     <span class='ocr_line' id='line_1_76' title="bbox 2090 1988 3663 2047; baseline 0.001 -4"><span class='ocrx_word' id='word_1_416' title='bbox 2090 1988 2230 2043; x_wconf 91' lang='lat' dir='ltr'><strong>XIII.</strong></span> <span class='ocrx_word' id='word_1_417' title='bbox 2261 1989 2337 2044; x_wconf 89' lang='lat' dir='ltr'><strong>De</strong></span> <span class='ocrx_word' id='word_1_418' title='bbox 2359 1988 2735 2044; x_wconf 88' lang='lat' dir='ltr'><strong>Alamundaro</strong></span> <span class='ocrx_word' id='word_1_419' title='bbox 2763 1998 2818 2045; x_wconf 89' lang='lat' dir='ltr'><strong>et</strong></span> <span class='ocrx_word' id='word_1_420' title='bbox 2850 1990 3080 2045; x_wconf 84' lang='lat' dir='ltr'><strong>Azareto</strong></span> <span class='ocrx_word' id='word_1_421' title='bbox 3115 2008 3130 2044; x_wconf 89' lang='lat'><strong>:</strong></span> <span class='ocrx_word' id='word_1_422' title='bbox 3162 1999 3219 2046; x_wconf 90' lang='lat' dir='ltr'><strong>et</strong></span> <span class='ocrx_word' id='word_1_423' title='bbox 3241 1990 3310 2046; x_wconf 91' lang='lat' dir='ltr'><strong>de</strong></span> <span class='ocrx_word' id='word_1_424' title='bbox 3329 1991 3605 2047; x_wconf 81' lang='lat' dir='ltr'><strong>seditione</strong></span> <span class='ocrx_word' id='word_1_425' title='bbox 3657 2003 3663 2009; x_wconf 87' lang='lat'>&#39;</span> 
     </span>
    </p>
   </div>
   <div class='ocr_carea' id='block_1_77' title="bbox 2023 2078 3601 2153">
    <p class='ocr_par' dir='ltr' id='par_1_77' title="bbox 2023 2078 3601 2153">
     <span class='ocr_line' id='line_1_77' title="bbox 2023 2078 3601 2153; baseline 0.002 -19"><span class='ocrx_word' id='word_1_426' title='bbox 2023 2084 2145 2148; x_wconf 73' lang='lat' dir='ltr'><strong>qna:</strong></span> <span class='ocrx_word' id='word_1_427' title='bbox 2165 2088 2286 2134; x_wconf 86' lang='lat' dir='ltr'><strong>orta</strong></span> <span class='ocrx_word' id='word_1_428' title='bbox 2305 2078 2901 2151; x_wconf 88' lang='lat' dir='ltr'><strong>estConstantinopoli,</strong></span> <span class='ocrx_word' id='word_1_429' title='bbox 2928 2082 3016 2137; x_wconf 92' lang='lat' dir='ltr'><strong>cui</strong></span> <span class='ocrx_word' id='word_1_430' title='bbox 3038 2097 3339 2153; x_wconf 80' lang='lat' dir='ltr'><strong>cognomen</strong></span> <span class='ocrx_word' id='word_1_431' title='bbox 3364 2083 3601 2138; x_wconf 91' lang='lat' dir='ltr'><strong>inditum</strong></span> 
     </span>
    </p>
   </div>
   <div class='ocr_carea' id='block_1_78' title="bbox 2018 2170 2309 2224">
    <p class='ocr_par' dir='ltr' id='par_1_78' title="bbox 2018 2170 2309 2224">
     <span class='ocr_line' id='line_1_78' title="bbox 2018 2170 2309 2224; baseline 0 0"><span class='ocrx_word' id='word_1_432' title='bbox 2018 2170 2128 2224; x_wconf 72' lang='lat' dir='ltr'><strong>fuit</strong></span> <span class='ocrx_word' id='word_1_433' title='bbox 2148 2171 2309 2224; x_wconf 86' lang='grc' dir='ltr'>Νίκα.</span> 
     </span>
    </p>
   </div>
   <div class='ocr_carea' id='block_1_79' title="bbox 2092 2245 3721 2337">
    <p class='ocr_par' dir='ltr' id='par_1_79' title="bbox 2092 2245 3721 2337">
     <span class='ocr_line' id='line_1_79' title="bbox 2092 2245 3721 2337; baseline 0 -19"><span class='ocrx_word' id='word_1_434' title='bbox 2092 2263 2231 2320; x_wconf 88' lang='lat' dir='ltr'><strong>XIV.</strong></span> <span class='ocrx_word' id='word_1_435' title='bbox 2258 2263 2334 2318; x_wconf 89' lang='lat' dir='ltr'><strong>De</strong></span> <span class='ocrx_word' id='word_1_436' title='bbox 2358 2264 2637 2319; x_wconf 82' lang='lat' dir='ltr'><strong>Hunerico</strong></span> <span class='ocrx_word' id='word_1_437' title='bbox 2685 2265 3051 2320; x_wconf 83' lang='lat' dir='ltr'><strong>Vandalorum</strong></span> <span class='ocrx_word' id='word_1_438' title='bbox 3078 2282 3225 2337; x_wconf 84' lang='lat' dir='ltr'><strong>rege,</strong></span> <span class='ocrx_word' id='word_1_439' title='bbox 3255 2275 3311 2322; x_wconf 91' lang='lat' dir='ltr'><strong>et</strong></span> <span class='ocrx_word' id='word_1_440' title='bbox 3345 2245 3412 2321; x_wconf 88' lang='lat' dir='ltr'><strong>de</strong></span> <span class='ocrx_word' id='word_1_441' title='bbox 3434 2265 3601 2321; x_wconf 88' lang='lat' dir='ltr'><strong>Chri-</strong></span> <span class='ocrx_word' id='word_1_442' title='bbox 3715 2294 3721 2301; x_wconf 92' lang='lat'><strong>-</strong></span> 
     </span>
    </p>
   </div>
   <div class='ocr_carea' id='block_1_80' title="bbox 2023 2348 3159 2428">
    <p class='ocr_par' dir='ltr' id='par_1_80' title="bbox 2023 2348 3159 2428">
     <span class='ocr_line' id='line_1_80' title="bbox 2023 2348 3159 2428; baseline 0.002 -19"><span class='ocrx_word' id='word_1_443' title='bbox 2023 2348 2215 2409; x_wconf 88' lang='lat' dir='ltr'><strong>stiauis</strong></span> <span class='ocrx_word' id='word_1_444' title='bbox 2242 2355 2445 2425; x_wconf 91' lang='lat' dir='ltr'><strong>quibus</strong></span> <span class='ocrx_word' id='word_1_445' title='bbox 2476 2354 2716 2424; x_wconf 82' lang='lat' dir='ltr'><strong>linguam</strong></span> <span class='ocrx_word' id='word_1_446' title='bbox 2742 2356 3159 2428; x_wconf 77' lang='lat' dir='ltr'><strong>praecidijussit.</strong></span> 
     </span>
    </p>
   </div>
   <div class='ocr_carea' id='block_1_81' title="bbox 2092 2444 2831 2502">
    <p class='ocr_par' dir='ltr' id='par_1_81' title="bbox 2092 2444 2831 2502">
     <span class='ocr_line' id='line_1_81' title="bbox 2092 2444 2831 2502; baseline 0.004 -3"><span class='ocrx_word' id='word_1_447' title='bbox 2092 2446 2208 2500; x_wconf 94' lang='lat' dir='ltr'><strong>XV.</strong></span> <span class='ocrx_word' id='word_1_448' title='bbox 2239 2446 2315 2500; x_wconf 92' lang='lat' dir='ltr'><strong>De</strong></span> <span class='ocrx_word' id='word_1_449' title='bbox 2333 2444 2597 2501; x_wconf 85' lang='lat' dir='ltr'><strong>Cabaone</strong></span> <span class='ocrx_word' id='word_1_450' title='bbox 2622 2445 2831 2502; x_wconf 85' lang='lat' dir='ltr'><strong>Mauro.</strong></span> 
     </span>
    </p>
   </div>
   <div class='ocr_carea' id='block_1_82' title="bbox 2093 2534 3598 2607">
    <p class='ocr_par' dir='ltr' id='par_1_82' title="bbox 2093 2534 3598 2607">
     <span class='ocr_line' id='line_1_82' title="bbox 2093 2534 3598 2607; baseline 0 -14"><span class='ocrx_word' id='word_1_451' title='bbox 2093 2534 2231 2593; x_wconf 83' lang='lat' dir='ltr'><strong>XVI.</strong></span> <span class='ocrx_word' id='word_1_452' title='bbox 2257 2537 2332 2592; x_wconf 87' lang='lat' dir='ltr'><strong>De</strong></span> <span class='ocrx_word' id='word_1_453' title='bbox 2361 2535 2609 2592; x_wconf 83' lang='lat' dir='ltr'><strong>Belisarii</strong></span> <span class='ocrx_word' id='word_1_454' title='bbox 2643 2538 2992 2607; x_wconf 82' lang='lat' dir='ltr'><strong>expeditione</strong></span> <span class='ocrx_word' id='word_1_455' title='bbox 3021 2538 3288 2594; x_wconf 89' lang='lat' dir='ltr'><strong>adversus</strong></span> <span class='ocrx_word' id='word_1_456' title='bbox 3303 2538 3598 2603; x_wconf 87' lang='lat' dir='ltr'><strong>Vandalos.</strong></span> 
     </span>
    </p>
   </div>
   <div class='ocr_carea' id='block_1_83' title="bbox 2022 2628 2760 2697">
    <p class='ocr_par' dir='ltr' id='par_1_83' title="bbox 2022 2628 2760 2697">
     <span class='ocr_line' id='line_1_83' title="bbox 2022 2628 2760 2697; baseline 0.003 -15"><span class='ocrx_word' id='word_1_457' title='bbox 2022 2643 2328 2697; x_wconf 87' lang='lat' dir='ltr'><strong>eorumque</strong></span> <span class='ocrx_word' id='word_1_458' title='bbox 2361 2628 2760 2684; x_wconf 86' lang='lat' dir='ltr'><strong>internecione.</strong></span> 
     </span>
    </p>
   </div>
   <div class='ocr_carea' id='block_1_84' title="bbox 2093 2719 3419 2790">
    <p class='ocr_par' dir='ltr' id='par_1_84' title="bbox 2093 2719 3419 2790">
     <span class='ocr_line' id='line_1_84' title="bbox 2093 2719 3419 2790; baseline 0.002 -17"><span class='ocrx_word' id='word_1_459' title='bbox 2093 2719 2255 2774; x_wconf 89' lang='lat' dir='ltr'><strong>XVII.</strong></span> <span class='ocrx_word' id='word_1_460' title='bbox 2289 2720 2364 2774; x_wconf 90' lang='lat' dir='ltr'><strong>De</strong></span> <span class='ocrx_word' id='word_1_461' title='bbox 2394 2719 2584 2790; x_wconf 88' lang='lat' dir='ltr'><strong>spoliis</strong></span> <span class='ocrx_word' id='word_1_462' title='bbox 2615 2735 2738 2789; x_wconf 68' lang='lat' dir='ltr'><strong>quae</strong></span> <span class='ocrx_word' id='word_1_463' title='bbox 2764 2719 2938 2775; x_wconf 88' lang='lat' dir='ltr'><strong>relata</strong></span> <span class='ocrx_word' id='word_1_464' title='bbox 2961 2729 3091 2776; x_wconf 90' lang='lat' dir='ltr'><strong>sunt</strong></span> <span class='ocrx_word' id='word_1_465' title='bbox 3117 2737 3186 2776; x_wconf 82' lang='lat' dir='ltr'><strong>ex</strong></span> <span class='ocrx_word' id='word_1_466' title='bbox 3213 2721 3419 2777; x_wconf 80' lang='lat' dir='ltr'><strong>Alrica.</strong></span> 
     </span>
    </p>
   </div>
   <div class='ocr_carea' id='block_1_85' title="bbox 2092 2810 3602 2884">
    <p class='ocr_par' dir='ltr' id='par_1_85' title="bbox 2092 2810 3602 2884">
     <span class='ocr_line' id='line_1_85' title="bbox 2092 2810 3602 2884; baseline 0.003 -19"><span class='ocrx_word' id='word_1_467' title='bbox 2092 2810 2281 2866; x_wconf 88' lang='lat' dir='ltr'><strong>XVIII.</strong></span> <span class='ocrx_word' id='word_1_468' title='bbox 2312 2811 2387 2866; x_wconf 88' lang='lat' dir='ltr'><strong>De</strong></span> <span class='ocrx_word' id='word_1_469' title='bbox 2410 2810 2771 2867; x_wconf 88' lang='lat' dir='ltr'><strong>Phoenicibus</strong></span> <span class='ocrx_word' id='word_1_470' title='bbox 2793 2812 2886 2883; x_wconf 88' lang='lat' dir='ltr'><strong>qui</strong></span> <span class='ocrx_word' id='word_1_471' title='bbox 2911 2811 3084 2884; x_wconf 81' lang='lat' dir='ltr'><strong>fugati</strong></span> <span class='ocrx_word' id='word_1_472' title='bbox 3116 2823 3247 2868; x_wconf 87' lang='lat' dir='ltr'><strong>sunt</strong></span> <span class='ocrx_word' id='word_1_473' title='bbox 3275 2829 3307 2868; x_wconf 86' lang='lat' dir='ltr'><strong>a</strong></span> <span class='ocrx_word' id='word_1_474' title='bbox 3328 2814 3457 2870; x_wconf 86' lang='lat' dir='ltr'><strong>Jesu</strong></span> <span class='ocrx_word' id='word_1_475' title='bbox 3488 2812 3602 2869; x_wconf 83' lang='lat' dir='ltr'><strong>tilio</strong></span> 
     </span>
    </p>
   </div>
   <div class='ocr_carea' id='block_1_86' title="bbox 2024 2901 2353 2957">
    <p class='ocr_par' dir='ltr' id='par_1_86' title="bbox 2024 2901 2353 2957">
     <span class='ocr_line' id='line_1_86' title="bbox 2024 2901 2353 2957; baseline 0 0"><span class='ocrx_word' id='word_1_476' title='bbox 2024 2901 2194 2957; x_wconf 85' lang='lat' dir='ltr'><strong>Nave.</strong></span> <span class='ocrx_word' id='word_1_477' title='bbox 2350 2906 2353 2909; x_wconf 60' lang='lat'><em>‘</em></span> 
     </span>
    </p>
   </div>
   <div class='ocr_carea' id='block_1_87' title="bbox 2095 2992 3605 3069">
    <p class='ocr_par' dir='ltr' id='par_1_87' title="bbox 2095 2992 3605 3069">
     <span class='ocr_line' id='line_1_87' title="bbox 2095 2992 3605 3069; baseline 0.004 -21"><span class='ocrx_word' id='word_1_478' title='bbox 2095 2992 2240 3049; x_wconf 76' lang='lat' dir='ltr'><strong>XIX;</strong></span> <span class='ocrx_word' id='word_1_479' title='bbox 2275 2994 2351 3050; x_wconf 87' lang='lat' dir='ltr'><strong>De</strong></span> <span class='ocrx_word' id='word_1_480' title='bbox 2382 2995 2732 3051; x_wconf 83' lang='lat' dir='ltr'><strong>Theodorico</strong></span> <span class='ocrx_word' id='word_1_481' title='bbox 2765 2995 3073 3052; x_wconf 87' lang='lat' dir='ltr'><strong>Gothorum</strong></span> <span class='ocrx_word' id='word_1_482' title='bbox 3118 3013 3268 3069; x_wconf 83' lang='lat' dir='ltr'><strong>rege,</strong></span> <span class='ocrx_word' id='word_1_483' title='bbox 3309 3008 3366 3053; x_wconf 89' lang='lat' dir='ltr'><strong>et</strong></span> <span class='ocrx_word' id='word_1_484' title='bbox 3411 2997 3478 3053; x_wconf 91' lang='lat' dir='ltr'><strong>de</strong></span> <span class='ocrx_word' id='word_1_485' title='bbox 3514 2998 3605 3054; x_wconf 88' lang='lat' dir='ltr'><strong>his</strong></span> 
     </span>
    </p>
   </div>
   <div class='ocr_carea' id='block_1_88' title="bbox 2024 3088 3607 3160">
    <p class='ocr_par' dir='ltr' id='par_1_88' title="bbox 2024 3088 3607 3160">
     <span class='ocr_line' id='line_1_88' title="bbox 2024 3088 3607 3160; baseline 0.003 -20"><span class='ocrx_word' id='word_1_486' title='bbox 2024 3102 2147 3156; x_wconf 67' lang='lat' dir='ltr'><strong>qum</strong></span> <span class='ocrx_word' id='word_1_487' title='bbox 2177 3088 2269 3142; x_wconf 91' lang='lat' dir='ltr'><strong>illo</strong></span> <span class='ocrx_word' id='word_1_488' title='bbox 2298 3098 2559 3159; x_wconf 76' lang='lat' dir='ltr'><strong>regnante</strong></span> <span class='ocrx_word' id='word_1_489' title='bbox 2587 3104 2761 3159; x_wconf 88' lang='lat' dir='ltr'><strong>usque</strong></span> <span class='ocrx_word' id='word_1_490' title='bbox 2792 3089 2859 3144; x_wconf 89' lang='lat' dir='ltr'><strong>ad</strong></span> <span class='ocrx_word' id='word_1_491' title='bbox 2889 3090 3183 3144; x_wconf 75' lang='lat' dir='ltr'><strong>Iustiniani</strong></span> <span class='ocrx_word' id='word_1_492' title='bbox 3214 3101 3462 3160; x_wconf 89' lang='lat' dir='ltr'><strong>tempora</strong></span> <span class='ocrx_word' id='word_1_493' title='bbox 3494 3089 3607 3145; x_wconf 84' lang='lat' dir='ltr'><strong>Ro-</strong></span> 
     </span>
    </p>
   </div>
   <div class='ocr_carea' id='block_1_89' title="bbox 2026 3181 3604 3253">
    <p class='ocr_par' dir='ltr' id='par_1_89' title="bbox 2026 3181 3604 3253">
     <span class='ocr_line' id='line_1_89' title="bbox 2026 3181 3604 3253; baseline 0.002 -19"><span class='ocrx_word' id='word_1_494' title='bbox 2026 3195 2128 3235; x_wconf 70' lang='lat' dir='ltr'><strong>mae</strong></span> <span class='ocrx_word' id='word_1_495' title='bbox 2148 3181 2467 3235; x_wconf 81' lang='lat' dir='ltr'><strong>acciderunt</strong></span> <span class='ocrx_word' id='word_1_496' title='bbox 2490 3200 2504 3235; x_wconf 92' lang='lat'><strong>:</strong></span> <span class='ocrx_word' id='word_1_497' title='bbox 2538 3190 2707 3253; x_wconf 89' lang='lat' dir='ltr'><strong>utque</strong></span> <span class='ocrx_word' id='word_1_498' title='bbox 2729 3181 2900 3236; x_wconf 85' lang='lat' dir='ltr'><strong>Roma</strong></span> <span class='ocrx_word' id='word_1_499' title='bbox 2925 3182 3125 3237; x_wconf 88' lang='lat' dir='ltr'><strong>iterum</strong></span> <span class='ocrx_word' id='word_1_500' title='bbox 3153 3184 3208 3237; x_wconf 92' lang='lat' dir='ltr'><strong>in</strong></span> <span class='ocrx_word' id='word_1_501' title='bbox 3228 3184 3604 3245; x_wconf 81' lang='lat' dir='ltr'><strong>Romanorum</strong></span> 
     </span>
    </p>
   </div>
   <div class='ocr_carea' id='block_1_90' title="bbox 2026 3273 3517 3345">
    <p class='ocr_par' dir='ltr' id='par_1_90' title="bbox 2026 3273 3517 3345">
     <span class='ocr_line' id='line_1_90' title="bbox 2026 3273 3517 3345; baseline 0.003 -18"><span class='ocrx_word' id='word_1_502' title='bbox 2026 3281 2352 3341; x_wconf 85' lang='lat' dir='ltr'><strong>potestatem</strong></span> <span class='ocrx_word' id='word_1_503' title='bbox 2383 3274 2600 3328; x_wconf 86' lang='lat' dir='ltr'><strong>venerit</strong></span> <span class='ocrx_word' id='word_1_504' title='bbox 2625 3288 2749 3327; x_wconf 91' lang='lat' dir='ltr'><strong>cum</strong></span> <span class='ocrx_word' id='word_1_505' title='bbox 2780 3273 2985 3345; x_wconf 80' lang='lat' dir='ltr'><strong>Vitiges</strong></span> <span class='ocrx_word' id='word_1_506' title='bbox 3018 3274 3171 3330; x_wconf 91' lang='lat' dir='ltr'><strong>illinc</strong></span> <span class='ocrx_word' id='word_1_507' title='bbox 3194 3274 3517 3345; x_wconf 77' lang='lat' dir='ltr'><strong>aufugisset.</strong></span> 
     </span>
    </p>
   </div>
   <div class='ocr_carea' id='block_1_91' title="bbox 2094 3365 3604 3437">
    <p class='ocr_par' dir='ltr' id='par_1_91' title="bbox 2094 3365 3604 3437">
     <span class='ocr_line' id='line_1_91' title="bbox 2094 3365 3604 3437; baseline 0.003 -18"><span class='ocrx_word' id='word_1_508' title='bbox 2094 3365 2212 3421; x_wconf 84' lang='lat' dir='ltr'><strong>XX.</strong></span> <span class='ocrx_word' id='word_1_509' title='bbox 2232 3366 2533 3433; x_wconf 68' lang='lat' dir='ltr'><strong>Quomodo</strong></span> <span class='ocrx_word' id='word_1_510' title='bbox 2556 3365 2855 3422; x_wconf 70' lang='lat' dir='ltr'><strong>Iustiniani</strong></span> <span class='ocrx_word' id='word_1_511' title='bbox 2885 3369 3228 3437; x_wconf 80' lang='lat' dir='ltr'><strong>temporibus</strong></span> <span class='ocrx_word' id='word_1_512' title='bbox 3259 3369 3412 3425; x_wconf 86' lang='lat' dir='ltr'><strong>Eruli</strong></span> <span class='ocrx_word' id='word_1_513' title='bbox 3441 3368 3604 3426; x_wconf 46' lang='lat' dir='ltr'><strong>Chri‘</strong></span> 
     </span>
    </p>
   </div>
   <div class='ocr_carea' id='block_1_92' title="bbox 2025 3458 2858 3529">
    <p class='ocr_par' dir='ltr' id='par_1_92' title="bbox 2025 3458 2858 3529">
     <span class='ocr_line' id='line_1_92' title="bbox 2025 3458 2858 3529; baseline 0.005 -18"><span class='ocrx_word' id='word_1_514' title='bbox 2025 3458 2256 3512; x_wconf 89' lang='lat' dir='ltr'><strong>stianam</strong></span> <span class='ocrx_word' id='word_1_515' title='bbox 2284 3458 2446 3516; x_wconf 81' lang='lat' dir='ltr'><strong>fidem</strong></span> <span class='ocrx_word' id='word_1_516' title='bbox 2468 3459 2703 3529; x_wconf 84' lang='lat' dir='ltr'><strong>amplexi</strong></span> <span class='ocrx_word' id='word_1_517' title='bbox 2727 3460 2858 3515; x_wconf 77' lang='lat' dir='ltr'><strong>sint.</strong></span> 
     </span>
    </p>
   </div>
   <div class='ocr_carea' id='block_1_93' title="bbox 2096 3547 3605 3623">
    <p class='ocr_par' dir='ltr' id='par_1_93' title="bbox 2096 3547 3605 3623">
     <span class='ocr_line' id='line_1_93' title="bbox 2096 3547 3605 3623; baseline 0.003 -21"><span class='ocrx_word' id='word_1_518' title='bbox 2096 3547 2238 3604; x_wconf 88' lang='lat' dir='ltr'><strong>XXI.</strong></span> <span class='ocrx_word' id='word_1_519' title='bbox 2262 3549 2548 3617; x_wconf 82' lang='lat' dir='ltr'><strong>Quomodo</strong></span> <span class='ocrx_word' id='word_1_520' title='bbox 2588 3551 2886 3606; x_wconf 83' lang='lat' dir='ltr'><strong>Belisarius</strong></span> <span class='ocrx_word' id='word_1_521' title='bbox 2921 3552 3117 3608; x_wconf 83' lang='lat' dir='ltr'><strong>urbem</strong></span> <span class='ocrx_word' id='word_1_522' title='bbox 3164 3554 3396 3607; x_wconf 84' lang='lat' dir='ltr'><strong>Romam</strong></span> <span class='ocrx_word' id='word_1_523' title='bbox 3438 3567 3605 3623; x_wconf 88' lang='lat' dir='ltr'><strong>quam</strong></span> 
     </span>
    </p>
   </div>
   <div class='ocr_carea' id='block_1_94' title="bbox 2024 3637 3113 3710">
    <p class='ocr_par' dir='ltr' id='par_1_94' title="bbox 2024 3637 3113 3710">
     <span class='ocr_line' id='line_1_94' title="bbox 2024 3637 3113 3710; baseline 0.003 -18"><span class='ocrx_word' id='word_1_524' title='bbox 2024 3637 2188 3693; x_wconf 84' lang='lat' dir='ltr'><strong>Gothi</strong></span> <span class='ocrx_word' id='word_1_525' title='bbox 2222 3640 2422 3693; x_wconf 88' lang='lat' dir='ltr'><strong>iterum</strong></span> <span class='ocrx_word' id='word_1_526' title='bbox 2451 3649 2714 3708; x_wconf 85' lang='lat' dir='ltr'><strong>ceperant</strong></span> <span class='ocrx_word' id='word_1_527' title='bbox 2745 3642 3113 3710; x_wconf 82' lang='lat' dir='ltr'><strong>recuperavit.</strong></span> 
     </span>
    </p>
   </div>
   <div class='ocr_carea' id='block_1_95' title="bbox 2095 3728 3606 3806">
    <p class='ocr_par' dir='ltr' id='par_1_95' title="bbox 2095 3728 3606 3806">
     <span class='ocr_line' id='line_1_95' title="bbox 2095 3728 3606 3806; baseline 0.005 -24"><span class='ocrx_word' id='word_1_528' title='bbox 2095 3728 2260 3784; x_wconf 90' lang='lat' dir='ltr'><strong>XXII.</strong></span> <span class='ocrx_word' id='word_1_529' title='bbox 2290 3729 2577 3795; x_wconf 90' lang='lat' dir='ltr'><strong>Quomodo</strong></span> <span class='ocrx_word' id='word_1_530' title='bbox 2603 3730 2798 3785; x_wconf 87' lang='lat' dir='ltr'><strong>iisdem</strong></span> <span class='ocrx_word' id='word_1_531' title='bbox 2819 3733 3160 3801; x_wconf 81' lang='lat' dir='ltr'><strong>temporibus</strong></span> <span class='ocrx_word' id='word_1_532' title='bbox 3173 3733 3372 3806; x_wconf 78' lang='lat' dir='ltr'><strong>Abasgi</strong></span> <span class='ocrx_word' id='word_1_533' title='bbox 3386 3750 3606 3805; x_wconf 88' lang='lat' dir='ltr'><strong>quoque</strong></span> 
     </span>
    </p>
   </div>
   <div class='ocr_carea' id='block_1_96' title="bbox 2024 3815 3042 3888">
    <p class='ocr_par' dir='ltr' id='par_1_96' title="bbox 2024 3815 3042 3888">
     <span class='ocr_line' id='line_1_96' title="bbox 2024 3815 3042 3888; baseline 0.002 -16"><span class='ocrx_word' id='word_1_534' title='bbox 2024 3815 2395 3872; x_wconf 87' lang='lat' dir='ltr'><strong>Christianam</strong></span> <span class='ocrx_word' id='word_1_535' title='bbox 2439 3817 2601 3873; x_wconf 78' lang='lat' dir='ltr'><strong>fidem</strong></span> <span class='ocrx_word' id='word_1_536' title='bbox 2634 3819 2869 3888; x_wconf 75' lang='lat' dir='ltr'><strong>amplexi</strong></span> <span class='ocrx_word' id='word_1_537' title='bbox 2894 3827 3042 3874; x_wconf 81' lang='lat' dir='ltr'><strong>sunt.</strong></span> 
     </span>
    </p>
   </div>
   <div class='ocr_carea' id='block_1_97' title="bbox 2096 3908 3606 3982">
    <p class='ocr_par' dir='ltr' id='par_1_97' title="bbox 2096 3908 3606 3982">
     <span class='ocr_line' id='line_1_97' title="bbox 2096 3908 3606 3982; baseline 0.004 -20"><span class='ocrx_word' id='word_1_538' title='bbox 2096 3908 2288 3965; x_wconf 85' lang='lat' dir='ltr'><strong>XXIII.</strong></span> <span class='ocrx_word' id='word_1_539' title='bbox 2326 3909 2613 3976; x_wconf 86' lang='lat' dir='ltr'><strong>Quomodo</strong></span> <span class='ocrx_word' id='word_1_540' title='bbox 2650 3914 2817 3965; x_wconf 89' lang='lat' dir='ltr'><strong>etiam</strong></span> <span class='ocrx_word' id='word_1_541' title='bbox 2851 3911 3082 3967; x_wconf 85' lang='lat' dir='ltr'><strong>Barbari</strong></span> <span class='ocrx_word' id='word_1_542' title='bbox 3125 3913 3221 3982; x_wconf 90' lang='lat' dir='ltr'><strong>qui</strong></span> <span class='ocrx_word' id='word_1_543' title='bbox 3254 3912 3483 3967; x_wconf 84' lang='lat' dir='ltr'><strong>Tanaim</strong></span> <span class='ocrx_word' id='word_1_544' title='bbox 3514 3927 3606 3968; x_wconf 82' lang='lat' dir='ltr'><strong>ac-</strong></span> 
     </span>
    </p>
   </div>
   <div class='ocr_carea' id='block_1_98' title="bbox 2026 4000 3606 4072">
    <p class='ocr_par' dir='ltr' id='par_1_98' title="bbox 2026 4000 3606 4072">
     <span class='ocr_line' id='line_1_98' title="bbox 2026 4000 3606 4072; baseline 0.002 -15"><span class='ocrx_word' id='word_1_545' title='bbox 2026 4001 2237 4062; x_wconf 85' lang='lat' dir='ltr'><strong>colunt,</strong></span> <span class='ocrx_word' id='word_1_546' title='bbox 2280 4000 2650 4055; x_wconf 87' lang='lat' dir='ltr'><strong>Christianam</strong></span> <span class='ocrx_word' id='word_1_547' title='bbox 2686 4002 3005 4072; x_wconf 81' lang='lat' dir='ltr'><strong>religionem</strong></span> <span class='ocrx_word' id='word_1_548' title='bbox 3036 4004 3266 4072; x_wconf 80' lang='lat' dir='ltr'><strong>amplexi</strong></span> <span class='ocrx_word' id='word_1_549' title='bbox 3299 4006 3428 4060; x_wconf 88' lang='lat' dir='ltr'><strong>sint.</strong></span> <span class='ocrx_word' id='word_1_550' title='bbox 3466 4005 3606 4062; x_wconf 87' lang='lat' dir='ltr'><strong>Item</strong></span> 
     </span>
    </p>
   </div>
   <div class='ocr_carea' id='block_1_99' title="bbox 2028 4092 3608 4170">
    <p class='ocr_par' dir='ltr' id='par_1_99' title="bbox 2028 4092 3608 4170">
     <span class='ocr_line' id='line_1_99' title="bbox 2028 4092 3608 4170; baseline 0.004 -23"><span class='ocrx_word' id='word_1_551' title='bbox 2028 4094 2094 4148; x_wconf 85' lang='lat' dir='ltr'><strong>de</strong></span> <span class='ocrx_word' id='word_1_552' title='bbox 2132 4103 2295 4148; x_wconf 73' lang='lat' dir='ltr'><strong>terrae</strong></span> <span class='ocrx_word' id='word_1_553' title='bbox 2316 4092 2560 4149; x_wconf 86' lang='lat' dir='ltr'><strong>motibus</strong></span> <span class='ocrx_word' id='word_1_554' title='bbox 2591 4094 2688 4164; x_wconf 91' lang='lat' dir='ltr'><strong>qui</strong></span> <span class='ocrx_word' id='word_1_555' title='bbox 2714 4094 2772 4149; x_wconf 90' lang='lat' dir='ltr'><strong>in</strong></span> <span class='ocrx_word' id='word_1_556' title='bbox 2797 4092 3005 4149; x_wconf 79' lang='lat' dir='ltr'><strong>Graecia</strong></span> <span class='ocrx_word' id='word_1_557' title='bbox 3037 4105 3096 4151; x_wconf 88' lang='lat' dir='ltr'><strong>et</strong></span> <span class='ocrx_word' id='word_1_558' title='bbox 3124 4096 3325 4152; x_wconf 87' lang='lat' dir='ltr'><strong>Achaia</strong></span> <span class='ocrx_word' id='word_1_559' title='bbox 3363 4098 3608 4170; x_wconf 83' lang='lat' dir='ltr'><strong>contige-</strong></span> 
     </span>
    </p>
   </div>
   <div class='ocr_carea' id='block_1_100' title="bbox 2028 4195 2827 4247">
    <p class='ocr_par' dir='ltr' id='par_1_100' title="bbox 2028 4195 2827 4247">
     <span class='ocr_line' id='line_1_100' title="bbox 2028 4195 2827 4247; baseline 0.008 -6"><span class='ocrx_word' id='word_1_560' title='bbox 2028 4195 2208 4242; x_wconf 86' lang='lat' dir='ltr'><strong>runt.-</strong></span> <span class='ocrx_word' id='word_1_561' title='bbox 2826 4244 2827 4247; x_wconf 47' lang='grc' dir='ltr'><strong>η</strong></span> 
     </span>
    </p>
   </div>
   <div class='ocr_carea' id='block_1_101' title="bbox 2098 4260 3605 4350">
    <p class='ocr_par' dir='ltr' id='par_1_101' title="bbox 2098 4260 3605 4350">
     <span class='ocr_line' id='line_1_101' title="bbox 2098 4260 3605 4350; baseline 0 -14"><span class='ocrx_word' id='word_1_562' title='bbox 2098 4260 2267 4349; x_wconf 61' lang='lat'><strong>383</strong></span> <span class='ocrx_word' id='word_1_563' title='bbox 2295 4277 2488 4334; x_wconf 83' lang='lat' dir='ltr'><strong>XXIV.</strong></span> <span class='ocrx_word' id='word_1_564' title='bbox 2520 4276 2598 4333; x_wconf 90' lang='lat' dir='ltr'><strong>De</strong></span> <span class='ocrx_word' id='word_1_565' title='bbox 2634 4277 2807 4334; x_wconf 72' lang='lat' dir='ltr'><strong>Narse’</strong></span> <span class='ocrx_word' id='word_1_566' title='bbox 2843 4278 3108 4350; x_wconf 81' lang='lat' dir='ltr'><strong>magistro</strong></span> <span class='ocrx_word' id='word_1_567' title='bbox 3147 4280 3407 4348; x_wconf 89' lang='lat' dir='ltr'><strong>militum,</strong></span> <span class='ocrx_word' id='word_1_568' title='bbox 3438 4290 3495 4338; x_wconf 88' lang='lat' dir='ltr'><strong>et</strong></span> <span class='ocrx_word' id='word_1_569' title='bbox 3536 4281 3605 4336; x_wconf 90' lang='lat' dir='ltr'><strong>de</strong></span> 
     </span>
    </p>
   </div>
   <div class='ocr_carea' id='block_1_102' title="bbox 2028 4372 2520 4443">
    <p class='ocr_par' dir='ltr' id='par_1_102' title="bbox 2028 4372 2520 4443">
     <span class='ocr_line' id='line_1_102' title="bbox 2028 4372 2520 4443; baseline 0 -17"><span class='ocrx_word' id='word_1_570' title='bbox 2028 4372 2273 4443; x_wconf 85' lang='lat' dir='ltr'><strong>ejusdem</strong></span> <span class='ocrx_word' id='word_1_571' title='bbox 2298 4372 2520 4442; x_wconf 89' lang='lat' dir='ltr'><strong>pietate.</strong></span> 
     </span>
    </p>
   </div>
   <div class='ocr_carea' id='block_1_103' title="bbox 2095 4461 3611 4537">
    <p class='ocr_par' dir='ltr' id='par_1_103' title="bbox 2095 4461 3611 4537">
     <span class='ocr_line' id='line_1_103' title="bbox 2095 4461 3611 4537; baseline 0.002 -19"><span class='ocrx_word' id='word_1_572' title='bbox 2095 4461 2258 4518; x_wconf 85' lang='lat' dir='ltr'><strong>XXV.</strong></span> <span class='ocrx_word' id='word_1_573' title='bbox 2290 4462 2577 4531; x_wconf 91' lang='lat' dir='ltr'><strong>Quomodo</strong></span> <span class='ocrx_word' id='word_1_574' title='bbox 2614 4461 2912 4519; x_wconf 86' lang='lat' dir='ltr'><strong>Chrosroes</strong></span> <span class='ocrx_word' id='word_1_575' title='bbox 2936 4465 3009 4520; x_wconf 92' lang='lat' dir='ltr'><strong>ob</strong></span> <span class='ocrx_word' id='word_1_576' title='bbox 3048 4480 3138 4521; x_wconf 89' lang='lat' dir='ltr'><strong>res</strong></span> <span class='ocrx_word' id='word_1_577' title='bbox 3168 4481 3427 4537; x_wconf 86' lang='lat' dir='ltr'><strong>prospere</strong></span> <span class='ocrx_word' id='word_1_578' title='bbox 3456 4482 3485 4521; x_wconf 88' lang='lat' dir='ltr'><strong>a</strong></span> <span class='ocrx_word' id='word_1_579' title='bbox 3509 4466 3611 4524; x_wconf 80' lang='lat' dir='ltr'><strong>Ju-</strong></span> 
     </span>
    </p>
   </div>
   <div class='ocr_carea' id='block_1_104' title="bbox 2025 4553 3609 4626">
    <p class='ocr_par' dir='ltr' id='par_1_104' title="bbox 2025 4553 3609 4626">
     <span class='ocr_line' id='line_1_104' title="bbox 2025 4553 3609 4626; baseline 0.003 -17"><span class='ocrx_word' id='word_1_580' title='bbox 2025 4553 2264 4610; x_wconf 85' lang='lat' dir='ltr'><strong>stiniano</strong></span> <span class='ocrx_word' id='word_1_581' title='bbox 2286 4563 2469 4626; x_wconf 79' lang='lat' dir='ltr'><strong>gestas</strong></span> <span class='ocrx_word' id='word_1_582' title='bbox 2499 4554 2705 4610; x_wconf 86' lang='lat' dir='ltr'><strong>invidia</strong></span> <span class='ocrx_word' id='word_1_583' title='bbox 2726 4555 3041 4612; x_wconf 89' lang='lat' dir='ltr'><strong>stimulatus</strong></span> <span class='ocrx_word' id='word_1_584' title='bbox 3061 4558 3262 4613; x_wconf 87' lang='lat' dir='ltr'><strong>bellum</strong></span> <span class='ocrx_word' id='word_1_585' title='bbox 3290 4559 3476 4613; x_wconf 88' lang='lat' dir='ltr'><strong>intulit</strong></span> <span class='ocrx_word' id='word_1_586' title='bbox 3499 4559 3609 4613; x_wconf 85' lang='lat' dir='ltr'><strong>Ro-</strong></span> 
     </span>
    </p>
   </div>
   <div class='ocr_carea' id='block_1_105' title="bbox 2024 4644 3604 4720">
    <p class='ocr_par' dir='ltr' id='par_1_105' title="bbox 2024 4644 3604 4720">
     <span class='ocr_line' id='line_1_105' title="bbox 2024 4644 3604 4720; baseline 0.004 -22"><span class='ocrx_word' id='word_1_587' title='bbox 2024 4644 2225 4710; x_wconf 88' lang='lat' dir='ltr'><strong>manis,</strong></span> <span class='ocrx_word' id='word_1_588' title='bbox 2262 4646 2571 4715; x_wconf 85' lang='lat' dir='ltr'><strong>multasque</strong></span> <span class='ocrx_word' id='word_1_589' title='bbox 2598 4646 2765 4702; x_wconf 88' lang='lat' dir='ltr'><strong>urbes</strong></span> <span class='ocrx_word' id='word_1_590' title='bbox 2795 4648 3010 4717; x_wconf 90' lang='lat' dir='ltr'><strong>imperii</strong></span> <span class='ocrx_word' id='word_1_591' title='bbox 3051 4650 3315 4714; x_wconf 82' lang='lat' dir='ltr'><strong>Romani,</strong></span> <span class='ocrx_word' id='word_1_592' title='bbox 3355 4657 3518 4720; x_wconf 80' lang='lat' dir='ltr'><strong>atque</strong></span> <span class='ocrx_word' id='word_1_593' title='bbox 3548 4650 3604 4704; x_wconf 88' lang='lat' dir='ltr'><strong>in</strong></span> 
     </span>
    </p>
   </div>
   <div class='ocr_carea' id='block_1_106' title="bbox 2025 4735 3086 4808">
    <p class='ocr_par' dir='ltr' id='par_1_106' title="bbox 2025 4735 3086 4808">
     <span class='ocr_line' id='line_1_106' title="bbox 2025 4735 3086 4808; baseline 0.005 -18"><span class='ocrx_word' id='word_1_594' title='bbox 2025 4735 2112 4792; x_wconf 90' lang='lat' dir='ltr'><strong>his</strong></span> <span class='ocrx_word' id='word_1_595' title='bbox 2136 4752 2386 4808; x_wconf 73' lang='lat' dir='ltr'><strong>magnam</strong></span> <span class='ocrx_word' id='word_1_596' title='bbox 2417 4738 2766 4793; x_wconf 81' lang='lat' dir='ltr'><strong>Antiochiam</strong></span> <span class='ocrx_word' id='word_1_597' title='bbox 2798 4740 3086 4795; x_wconf 79' lang='lat' dir='ltr'><strong>destruxit.</strong></span> 
     </span>
    </p>
   </div>
   <div class='ocr_carea' id='block_1_107' title="bbox 2092 4828 3706 4904">
    <p class='ocr_par' dir='ltr' id='par_1_107' title="bbox 2092 4828 3706 4904">
     <span class='ocr_line' id='line_1_107' title="bbox 2092 4828 3706 4904; baseline 0.002 -17"><span class='ocrx_word' id='word_1_598' title='bbox 2092 4828 2282 4889; x_wconf 86' lang='lat' dir='ltr'><strong>XXVI.</strong></span> <span class='ocrx_word' id='word_1_599' title='bbox 2324 4833 2396 4887; x_wconf 92' lang='lat' dir='ltr'><strong>De</strong></span> <span class='ocrx_word' id='word_1_600' title='bbox 2422 4833 2646 4902; x_wconf 86' lang='lat' dir='ltr'><strong>pretiosi</strong></span> <span class='ocrx_word' id='word_1_601' title='bbox 2679 4849 2742 4888; x_wconf 91' lang='lat' dir='ltr'><strong>ac</strong></span> <span class='ocrx_word' id='word_1_602' title='bbox 2766 4833 2968 4888; x_wconf 87' lang='lat' dir='ltr'><strong>vivifici</strong></span> <span class='ocrx_word' id='word_1_603' title='bbox 3000 4834 3133 4904; x_wconf 91' lang='lat' dir='ltr'><strong>ligni</strong></span> <span class='ocrx_word' id='word_1_604' title='bbox 3180 4843 3381 4890; x_wconf 83' lang='lat' dir='ltr'><strong>sanctae</strong></span> <span class='ocrx_word' id='word_1_605' title='bbox 3422 4834 3605 4890; x_wconf 87' lang='lat' dir='ltr'><strong>crucis</strong></span> <span class='ocrx_word' id='word_1_606' title='bbox 3697 4828 3706 4837; x_wconf 81' lang='grc'><strong>’</strong></span> 
     </span>
    </p>
   </div>
   <div class='ocr_carea' id='block_1_108' title="bbox 2024 4922 3097 4993">
    <p class='ocr_par' dir='ltr' id='par_1_108' title="bbox 2024 4922 3097 4993">
     <span class='ocr_line' id='line_1_108' title="bbox 2024 4922 3097 4993; baseline 0.004 -17"><span class='ocrx_word' id='word_1_607' title='bbox 2024 4922 2294 4977; x_wconf 90' lang='lat' dir='ltr'><strong>miraculo</strong></span> <span class='ocrx_word' id='word_1_608' title='bbox 2321 4922 2467 4992; x_wconf 89' lang='lat' dir='ltr'><strong>quod</strong></span> <span class='ocrx_word' id='word_1_609' title='bbox 2487 4922 2731 4993; x_wconf 60' lang='lat' dir='ltr'><strong>Apamia</strong></span> <span class='ocrx_word' id='word_1_610' title='bbox 2758 4923 2963 4980; x_wconf 84' lang='lat' dir='ltr'><strong>factum</strong></span> <span class='ocrx_word' id='word_1_611' title='bbox 2994 4935 3097 4981; x_wconf 89' lang='lat' dir='ltr'><strong>est.</strong></span> 
     </span>
    </p>
   </div>
   <div class='ocr_carea' id='block_1_109' title="bbox 2094 5012 3600 5087">
    <p class='ocr_par' dir='ltr' id='par_1_109' title="bbox 2094 5012 3600 5087">
     <span class='ocr_line' id='line_1_109' title="bbox 2094 5012 3600 5087; baseline 0.003 -18"><span class='ocrx_word' id='word_1_612' title='bbox 2094 5012 2308 5070; x_wconf 86' lang='lat' dir='ltr'><strong>XXVII.</strong></span> <span class='ocrx_word' id='word_1_613' title='bbox 2344 5015 2421 5070; x_wconf 91' lang='lat' dir='ltr'><strong>De</strong></span> <span class='ocrx_word' id='word_1_614' title='bbox 2450 5014 2714 5072; x_wconf 86' lang='lat' dir='ltr'><strong>Chosrois</strong></span> <span class='ocrx_word' id='word_1_615' title='bbox 2754 5018 3104 5087; x_wconf 80' lang='lat' dir='ltr'><strong>expeditione</strong></span> <span class='ocrx_word' id='word_1_616' title='bbox 3139 5019 3403 5075; x_wconf 84' lang='lat' dir='ltr'><strong>adversus</strong></span> <span class='ocrx_word' id='word_1_617' title='bbox 3429 5019 3600 5075; x_wconf 72' lang='lat' dir='ltr'><strong>Edes-</strong></span> 
     </span>
    </p>
   </div>
   <div class='ocr_carea' id='block_1_110' title="bbox 2089 5185 3599 5274">
    <p class='ocr_par' dir='ltr' id='par_1_110' title="bbox 2089 5185 3599 5274">
     <span class='ocr_line' id='line_1_110' title="bbox 2089 5185 3599 5274; baseline 0.004 -23"><span class='ocrx_word' id='word_1_618' title='bbox 2089 5196 2326 5252; x_wconf 87' lang='lat' dir='ltr'><strong>XXVIII.</strong></span> <span class='ocrx_word' id='word_1_619' title='bbox 2358 5197 2435 5253; x_wconf 86' lang='lat' dir='ltr'><strong>De</strong></span> <span class='ocrx_word' id='word_1_620' title='bbox 2465 5185 2734 5255; x_wconf 79' lang='lat' dir='ltr'><strong>miraculo</strong></span> <span class='ocrx_word' id='word_1_621' title='bbox 2759 5200 2905 5270; x_wconf 91' lang='lat' dir='ltr'><strong>quod</strong></span> <span class='ocrx_word' id='word_1_622' title='bbox 2929 5199 3133 5256; x_wconf 87' lang='lat' dir='ltr'><strong>factum</strong></span> <span class='ocrx_word' id='word_1_623' title='bbox 3161 5210 3245 5256; x_wconf 88' lang='lat' dir='ltr'><strong>est</strong></span> <span class='ocrx_word' id='word_1_624' title='bbox 3270 5200 3599 5274; x_wconf 80' lang='lat' dir='ltr'><strong>Sergiopoli.</strong></span> 
     </span>
    </p>
   </div>
   <div class='ocr_carea' id='block_1_111' title="bbox 2090 5286 3169 5360">
    <p class='ocr_par' dir='ltr' id='par_1_111' title="bbox 2090 5286 3169 5360">
     <span class='ocr_line' id='line_1_111' title="bbox 2090 5286 3169 5360; baseline 0.005 -18"><span class='ocrx_word' id='word_1_625' title='bbox 2090 5286 2282 5344; x_wconf 84' lang='lat' dir='ltr'><strong>XXIX.</strong></span> <span class='ocrx_word' id='word_1_626' title='bbox 2316 5290 2393 5346; x_wconf 87' lang='lat' dir='ltr'><strong>De</strong></span> <span class='ocrx_word' id='word_1_627' title='bbox 2419 5291 2701 5360; x_wconf 78' lang='lat' dir='ltr'><strong>pestilenti</strong></span> <span class='ocrx_word' id='word_1_628' title='bbox 2729 5292 2944 5347; x_wconf 89' lang='lat' dir='ltr'><strong>morbo.</strong></span> <span class='ocrx_word' id='word_1_629' title='bbox 3165 5314 3169 5319; x_wconf 60' lang='grc' dir='ltr'><strong>τ</strong></span> 
     </span>
    </p>
   </div>
   <div class='ocr_carea' id='block_1_112' title="bbox 2089 5375 3326 5449">
    <p class='ocr_par' dir='ltr' id='par_1_112' title="bbox 2089 5375 3326 5449">
     <span class='ocr_line' id='line_1_112' title="bbox 2089 5375 3326 5449; baseline 0.003 -18"><span class='ocrx_word' id='word_1_630' title='bbox 2089 5375 2257 5432; x_wconf 85' lang='lat' dir='ltr'><strong>XXX.</strong></span> <span class='ocrx_word' id='word_1_631' title='bbox 2289 5378 2366 5432; x_wconf 90' lang='lat' dir='ltr'><strong>De</strong></span> <span class='ocrx_word' id='word_1_632' title='bbox 2393 5378 2712 5449; x_wconf 76' lang='lat' dir='ltr'><strong>inexplebili</strong></span> <span class='ocrx_word' id='word_1_633' title='bbox 2747 5381 2977 5436; x_wconf 87' lang='lat' dir='ltr'><strong>avaritia</strong></span> <span class='ocrx_word' id='word_1_634' title='bbox 3004 5382 3326 5438; x_wconf 75' lang='lat' dir='ltr'><strong>Iustiniani.</strong></span> 
     </span>
    </p>
   </div>
   <div class='ocr_carea' id='block_1_113' title="bbox 2086 5555 3598 5637">
    <p class='ocr_par' dir='ltr' id='par_1_113' title="bbox 2086 5555 3598 5637">
     <span class='ocr_line' id='line_1_113' title="bbox 2086 5555 3598 5637; baseline 0.007 -28"><span class='ocrx_word' id='word_1_635' title='bbox 2086 5555 2277 5610; x_wconf 85' lang='lat' dir='ltr'><strong>XXXI.</strong></span> <span class='ocrx_word' id='word_1_636' title='bbox 2307 5558 2383 5613; x_wconf 89' lang='lat' dir='ltr'><strong>De</strong></span> <span class='ocrx_word' id='word_1_637' title='bbox 2409 5574 2604 5630; x_wconf 82' lang='lat' dir='ltr'><strong>magna</strong></span> <span class='ocrx_word' id='word_1_638' title='bbox 2630 5562 2863 5617; x_wconf 89' lang='lat' dir='ltr'><strong>ecclesia</strong></span> <span class='ocrx_word' id='word_1_639' title='bbox 2894 5562 3107 5620; x_wconf 59' lang='lat' dir='ltr'><strong>Sancta</strong></span> <span class='ocrx_word' id='word_1_640' title='bbox 3136 5564 3353 5637; x_wconf 73' lang='lat' dir='ltr'><strong>Sophia:</strong></span> <span class='ocrx_word' id='word_1_641' title='bbox 3384 5573 3439 5619; x_wconf 88' lang='lat' dir='ltr'><strong>et</strong></span> <span class='ocrx_word' id='word_1_642' title='bbox 3458 5565 3598 5620; x_wconf 65' lang='lat' dir='ltr'><strong>Sanc</strong></span> 
     </span>
    </p>
   </div>
   <div class='ocr_carea' id='block_1_114' title="bbox 2017 5648 2671 5719">
    <p class='ocr_par' dir='ltr' id='par_1_114' title="bbox 2017 5648 2671 5719">
     <span class='ocr_line' id='line_1_114' title="bbox 2017 5648 2671 5719; baseline 0.011 -19"><span class='ocrx_word' id='word_1_643' title='bbox 2017 5648 2233 5702; x_wconf 81' lang='lat' dir='ltr'><strong>ctorum</strong></span> <span class='ocrx_word' id='word_1_644' title='bbox 2260 5649 2671 5719; x_wconf 83' lang='lat' dir='ltr'><strong>Apostolorum.</strong></span> 
     </span>
    </p>
   </div>
   <div class='ocr_carea' id='block_1_115' title="bbox 2084 5738 3597 5820">
    <p class='ocr_par' dir='ltr' id='par_1_115' title="bbox 2084 5738 3597 5820">
     <span class='ocr_line' id='line_1_115' title="bbox 2084 5738 3597 5820; baseline 0.009 -28"><span class='ocrx_word' id='word_1_645' title='bbox 2084 5738 2299 5793; x_wconf 86' lang='lat' dir='ltr'><strong>XXXII.</strong></span> <span class='ocrx_word' id='word_1_646' title='bbox 2335 5742 2408 5796; x_wconf 89' lang='lat' dir='ltr'><strong>De</strong></span> <span class='ocrx_word' id='word_1_647' title='bbox 2436 5743 2930 5803; x_wconf 75' lang='lat' dir='ltr'><strong>Iustinianifurore</strong></span> <span class='ocrx_word' id='word_1_648' title='bbox 2960 5749 3143 5817; x_wconf 83' lang='lat' dir='ltr'><strong>potius</strong></span> <span class='ocrx_word' id='word_1_649' title='bbox 3174 5765 3335 5820; x_wconf 86' lang='lat' dir='ltr'><strong>quam</strong></span> <span class='ocrx_word' id='word_1_650' title='bbox 3361 5751 3597 5805; x_wconf 82' lang='lat' dir='ltr'><strong>benevo-</strong></span> 
     </span>
    </p>
   </div>
   <div class='ocr_carea' id='block_1_116' title="bbox 2016 5828 3065 5904">
    <p class='ocr_par' dir='ltr' id='par_1_116' title="bbox 2016 5828 3065 5904">
     <span class='ocr_line' id='line_1_116' title="bbox 2016 5828 3065 5904; baseline 0.012 -21"><span class='ocrx_word' id='word_1_651' title='bbox 2016 5828 2182 5885; x_wconf 87' lang='lat' dir='ltr'><strong>lentia</strong></span> <span class='ocrx_word' id='word_1_652' title='bbox 2219 5846 2343 5904; x_wconf 85' lang='lat' dir='ltr'><strong>erga</strong></span> <span class='ocrx_word' id='word_1_653' title='bbox 2386 5833 2681 5891; x_wconf 81' lang='lat' dir='ltr'><strong>factionem</strong></span> <span class='ocrx_word' id='word_1_654' title='bbox 2710 5837 3065 5896; x_wconf 84' lang='lat' dir='ltr'><strong>Venetorum.</strong></span> 
     </span>
    </p>
   </div>
  </div>
