4054 6286
473 257 607 356 ain

1681 310 2001 372 EVAGRII
2038 309 2529 377 SCHOLASTICI

3590 318 3746 383 271!

470 409 530 454 et
570 401 724 468 quasi
775 403 1066 461 exordium
1110 415 1471 464 venturarum
1518 412 1916 471 calamitatum.
1962 416 2061 473 Et-

2166 419 2342 474 τάτων
2375 420 2600 485 κλόνων,
2627 421 2723 476 καὶ
2753 421 3042 493 προοίμιον
3093 426 3207 488 τοῖς
3245 425 3539 497 παθήμασι
3589 445 3735 499 παρ-

470 491 622 546 enim
656 489 811 546 brevi
844 503 968 563 post
1002 504 1271 565 tempore.
1309 514 1458 553 anno
1501 501 1713 571 imperii
1758 504 1929 576 388
1967 522 2057 561 se-

469 582 680 653 ptimo,
734 599 924 639 mense
972 584 1220 654 decimo;
1270 590 1479 645 mensis
1524 591 1838 658 Artemisii,
1891 612 2054 667 quem

470 673 674 730 Maium
725 676 958 733 Romani
1012 690 1229 746 vocant,
1279 681 1368 737 die
1417 698 1565 739 nono
1614 701 1677 741 ac
1725 688 1990 745 vicesimo
2038 709 2053 746 :

471 776 628 823 sexta
669 767 807 824 feria
855 769 1246 837 hebdomadis,
1291 784 1428 830 aestu
1476 777 1729 834 meridiei
1760 780 2056 839 ferventis-

474 863 638 929 simo,
681 867 969 922 succussio
1011 876 1069 923 et
1102 877 1264 924 terra:
1296 879 1479 927 motus
1503 873 1625 928 urbi
1656 878 2055 946 supervenien-

479 962 584 1019 tes,
612 970 753 1025 pene
797 957 1108 1011 universam
1143 967 1581 1031 prostraverunt.
1610 961 1859 1019 Posthtec
1894 979 2085 1020 seeu-'

478 1054 571 1101 tus
610 1054 694 1101 est
740 1047 900 1118 ignis,
930 1048 1087 1118 quasi
1120 1049 1489 1105 calamitatem
1518 1067 1645 1108 cum
1679 1054 1789 1110 illis
1824 1055 2059 1125 partitus

476 1146 644 1192 esset.
675 1137 1027 1210 Quzecunque
1051 1142 1196 1196 enim
1223 1143 1344 1199 loca
1371 1159 1402 1199 a
1426 1148 1782 1203 succussione
1810 1157 1868 1204 et
1896 1158 2058 1204 terra:

475 1240 629 1286 motu
657 1232 922 1288 subversa
951 1248 1062 1287 non
1088 1232 1328 1301 fuerant,
1370 1237 1514 1308 Ignis
1540 1238 1845 1310 depascens
1888 1242 1944 1295 in
1971 1242 2055 1296 ci-

474 1338 667 1378 nerem
717 1339 781 1379 ac
814 1322 1028 1380 favillas
1066 1326 1296 1397 redegit.
1345 1328 1523 1383 Porro
1569 1345 1692 1400 qua:
1736 1331 1891 1387 urbis
1937 1333 2058 1388 loca

474 1412 802 1469 labefactata
832 1413 1059 1480 fuerint,
1092 1423 1147 1470 et
1168 1426 1302 1486 quot
1334 1418 1621 1474 hominum
1654 1420 1828 1476 millia
1868 1423 2060 1479 incen-

476 1504 572 1561 dio
614 1520 680 1561 ac
710 1514 873 1561 terra;
917 1507 1197 1573 motibus,
1249 1510 1395 1565 sicut
1446 1511 1745 1567 verisimile
1787 1522 1893 1579 est,
1927 1529 2058 1585 per-

476 1596 646 1651 ierint
672 1613 688 1651 :
714 1613 837 1667 quae
868 1598 999 1652 item
1042 1599 1365 1656 admiranda
1388 1598 1726 1674 contigerint
1752 1610 1810 1659 et
1835 1619 2057 1661 omnem

476 1689 699 1745 dicendi
730 1690 841 1745 vim
876 1690 1036 1761 longe
1067 1693 1389 1761 superantia
1421 1709 1436 1746 :
1467 1692 1688 1763 lugubri
1718 1694 1865 1765 stylo
1889 1696 2058 1751 Joan-

2156 511 2423 581 εχόμενοι.
2450 512 2607 567 Μετᾶ
2620 512 2729 585 γὰρ
2747 514 2955 586 βραχύν
2971 532 3091 569 τινα
3111 516 3323 588 καιρὸν,
3341 520 3400 572 ἂν
3418 519 3500 590 τῷ
3524 520 3751 592 ἑϐδόμῳ

2156 603 2267 658 ἔτει
2293 605 2392 676 τῆς
2421 603 2588 657 αὑτοῦ
2613 604 2915 675 βασιλείας,
2942 608 3073 677 μηνὶ
3102 607 3315 678 δεκάτῳ
3349 609 3488 679 (25),
3520 610 3631 664 ἀνὰ
3651 614 3749 666 τὸν

2169 694 2515 765 Ἀρτεμίσιον
2547 696 2692 767 μῆνα
2723 696 2844 766 ἦτοι
2895 697 3092 763 Μάῑον,
3136 699 3331 771 ὲννάτῃ
3372 702 3481 765 καὶ
3502 702 3744 773 τίκοστῇ

2156 785 2323 840 αὑτοῦ
2354 787 2537 865 ἡμέρα
2559 788 2682 842 κατ’
2706 787 2842 841 αὐτὸ
2865 788 2967 859 τῆς
3001 790 3349 862 μεσημϐρίας
3373 792 3437 845 τὸ
3461 792 3750 860 σταθεριῦ-

2155 890 2340 940 τατον,
2360 876 2460 947 τῆς
2484 877 2649 948 ἕκτης
2666 876 2884 950 ἡμιρας
2908 880 3009 948 τῆς
3042 879 3387 952 καλουμένης
3415 881 3746 953 ἑϐδομάδος,

2158 965 2403 1039 βρασμὸς
2430 969 2525 1022 καὶ
2579 969 2806 1041 σεισμὸς
2850 969 3170 1035 ἐπελθόντες
3196 974 3265 1043 τῇ
3307 971 3485 1034 πόλει,
3535 972 3745 1043 μικροῦ

2157 1061 2338 1113 πᾶσαν
2364 1060 2771 1131 ἀνατρέψαντες
2798 1064 3116 1135 κατήγαγον
3134 1081 3151 1097 ·
3170 1059 3252 1129 οἷς
3273 1066 3369 1119 καὶ
3397 1065 3511 1134 πῦρ
3526 1067 3744 1130 εἵπετο,

2157 1147 2348 1221 ὥσπερ
2378 1150 2478 1220 τὴν
2503 1153 2790 1224 συμφορὰν
2836 1152 2955 1223 μετ’
2985 1153 3169 1207 αὐτῶν
3184 1152 3633 1225 διανειμάμενον.
3675 1157 3747 1209 Ἀ

2156 1241 2268 1311 γὰρ
2318 1242 2515 1296 ἐκεῖνοι
2550 1244 2613 1297 οὐ
2647 1244 2968 1310 κατέλαϐον,
3011 1246 3072 1298 τὸ
3115 1245 3227 1317 πῦρ
3291 1248 3748 1317 ἀμφινεμόμενον

2158 1329 2544 1403 ἑξηνθράκωσέ
2578 1350 2660 1400 τε,
2682 1336 2781 1389 καὶ
2807 1337 3187 1405 ἀπετέφρωσε.
3219 1338 3332 1391 Καὶ
3364 1339 3468 1391 ὃσα
3503 1338 3604 1409 μὲν
3639 1339 3746 1410 τῆς

2158 1423 2369 1488 πόλεως
2402 1423 2691 1491 πέπονθεν,
2714 1426 2829 1479 ὅσοι
2855 1442 2914 1479 τε
2940 1426 3034 1480 τοῦ
3055 1426 3229 1497 πυρὸς
3254 1427 3351 1481 καὶ
3368 1428 3480 1481 τῶν
3496 1430 3745 1498 σεισμῶν

2158 1515 2320 1584 ἔργον
2357 1515 2669 1584 γεγόνασιν,
2703 1516 2779 1581 ὼς
2799 1516 2861 1570 τὸ
2892 1516 3041 1581 εἰκὸς
3068 1518 3319 1582 ὑπέθετο,
3352 1519 3513 1572 ὀποῖά
3544 1537 3605 1572 τε
3631 1537 3743 1573 πα-

2160 1605 2358 1677 ράδοξα
2394 1607 2489 1661 καὶ
2536 1608 2699 1677 λόγου
2743 1610 2981 1677 κρείττω
3027 1611 3368 1680 συμϐέϐηκε,
3401 1613 3743 1684 ,περιπαθῶς

2160 1696 2445 1767 ἀφήγηται
2487 1696 2709 1770 Ἰωάννῃ
2738 1698 2819 1769 τῷ
2853 1700 3070 1771 ῥήτορι,
3097 1694 3201 1754 ὧδε
3236 1702 3339 1772 τῆς
3369 1703 3616 1772 ἱστορίας
3636 1719 3742 1756 κα-

477 1795 578 1835 nes
610 1781 801 1837 rhetor
830 1782 1105 1852 exposuit,
1135 1797 1199 1836 ea
1231 1783 1545 1864 narratione
1576 1783 1864 1841 historiam
1901 1802 2057 1843 suam

2166 1787 2473 1859 ταλήξαντι.
2511 1789 2833 1861 Τελευτᾷιε
2870 1787 2967 1845 οὖν
2999 1792 3114 1864 (26)
3144 1793 3592 1863 ἐγκαταληφθεὶς
3624 1797 3742 1857 τοῖς
3828 1772 3835 1785 ⁵

478 1872 764 1927 claudens.
833 1873 1118 1929 Postremo
1170 1858 1512 1945 Euphrasius
1569 1891 1790 1948 quoque
1864 1878 2056 1935 eadem

478 1963 640 2019 ruina
673 1979 990 2034 oppressus,
1018 1966 1173 2021 urbis
1200 1966 1566 2022 calamitatem
1597 1968 1770 2033 auxit,
1795 1985 1926 2026 cum
1955 1986 2058 2027 ne-

478 2072 572 2111 mo
605 2067 920 2127 superesset
944 2058 1039 2128 qui
1067 2073 1155 2113 res
1177 2058 1519 2115 necessarias
1540 2060 1879 2131 provideret.

1125 2171 1275 2228 CAP.
1321 2173 1409 2229 VI.

726 2262 804 2317 De
835 2262 1137 2333 Ephrwmio
1171 2264 1461 2335 Euphrasii
1493 2282 1810 2323 successore.

556 2352 758 2407 Verum
789 2352 1046 2407 salutaris
1074 2352 1559 2424 Deiprovidentia,
1587 2371 1731 2426 quae,
1764 2354 2059 2430 antequam

483 2443 664 2511 feriat,
696 2444 937 2500 remedia
982 2459 1179 2514 parare
1225 2445 1388 2512 solet,
1419 2454 1477 2501 et
1521 2446 1618 2501 ira;
1660 2462 1773 2503 suae
1818 2449 2058 2520 gladium

484 2537 777 2593 clementia
820 2537 990 2601 acuit,
1024 2546 1083 2592 et
1117 2530 1422 2607 desperatis
1450 2538 1636 2605 rebus,
1667 2540 2061 2597 misericordia

485 2642 597 2681 suae
627 2626 775 2682 fores
796 2627 998 2698 aperit,
1027 2627 1399 2699 prraemium
1430 2636 1563 2683 tunc
1591 2629 1849 2686 comitem
1872 2632 2060 2687 orien-

485 2721 559 2774 tis
589 2720 870 2787 excitavit,
897 2730 960 2775 ut
986 2721 1138 2775 omni
1177 2736 1311 2776 cura
1343 2735 1409 2775 ac
1439 2720 1814 2777 sollicitudine
1842 2725 2061 2794 prospi-

483 2820 656 2878 ceret,
687 2828 757 2867 ne
802 2827 870 2867 ex
918 2812 1085 2868 rebus
1131 2812 1461 2871 necessariis
1498 2814 1799 2884 quidquam
1850 2816 2060 2872 civitati

483 2903 725 2958 deesset.
767 2902 939 2970 Quem
985 2899 1242 2959 admirati
1290 2904 1431 2961 hanc
1476 2905 1547 2961 ob
1599 2920 1821 2962 causam
1863 2908 2061 2965 Antio-

482 2994 670 3058 eheni,
716 2995 1033 3064 episcopum
1081 2996 1234 3051 urbis
1265 2998 1543 3052 communi
1589 2999 1851 3070 sull'ragio
1880 3002 2062 3073 elege-

474 3096 639 3142 runt.
688 3088 858 3157 Igitur
901 3082 1245 3158 Ephmmius
1285 3089 1639 3160 apostolicam
1687 3091 1897 3158 sedem,
1937 3102 2060 3148 tan—

485 3192 651 3246 quam
680 3179 963 3247 praemium
987 3194 1052 3233 ac
1075 3179 1383 3235 mercedem
1406 3196 1519 3236 sua:
1541 3197 1670 3251 erga
1696 3183 1888 3239 urbem
1911 3183 2061 3238 illam

476 3268 850 3349 providentiae
895 3270 1122 3325 sortitus
1166 3278 1270 3326 est.
1325 3272 1537 3343 Elapsis
1594 3273 1793 3329 deinde
1837 3275 2063 3345 triginta

488 3360 804 3427 mensibus,
861 3362 1055 3418 eadem
1111 3364 1304 3421 civitas
1366 3374 1530 3437 terrae
1582 3366 1825 3421 motibus
1879 3366 2063 3423 denuo

2163 1878 2424 1949 πτώμασι
2452 1881 2548 1935 καὶ
2574 1883 2603 1935 ό
2633 1881 2966 1953 Εὑφράσιος,
3015 1885 3149 1956 ἄλλη
3204 1884 3303 1955 τῆς
3351 1885 3564 1949 πόλεως
3595 1902 3740 1955 σομ-

2161 1974 2325 2046 φορὰ,
2364 1975 2451 2030 ἵνα
2486 1975 2564 2048 μὴ
2593 1976 2703 2031 τῶν
2723 1978 3046 2050 ἐπιτηδείων
3074 1981 3105 2033 ὀ
3130 1978 3378 2050 προνοῶν
3406 1975 3462 2051 ᾖ.

2300 2220 2311 2230 .
2759 2174 3016 2230 κεφΑΑ.
3041 2173 3136 2243 cr.

2328 2265 2471 2334 Περὶ
2513 2265 2854 2335 Ἐφραιμίου
2886 2264 2994 2320 τοῦ
3019 2266 3169 2335 μετὰ
3202 2265 3576 2336 Εὑςρράσιον.

2240 2350 2386 2411 Ἀλλ’
2417 2359 2450 2429 ή
2479 2356 2590 2410 τῶν
2623 2350 2929 2427 ἀνθρώπων
2979 2355 3219 2428 σώτειρα
3268 2356 3364 2410 τοῦ
3398 2356 3537 2410 Θεοῦ
3571 2355 3732 2429 κηδε-

2164 2448 2343 2519 μονία,
2371 2450 2405 2517 ἡ
2435 2449 2543 2520 πρὸ
2569 2449 2668 2518 τῆς
2709 2448 2928 2519 πληγῆς
2965 2448 3035 2502 τὰ
3090 2449 3356 2519 φάρμακα
3401 2449 3732 2514 πλάττουσα,

2162 2539 2256 2593 καὶ
2275 2538 2658 2611 φιλανθρωπία
2676 2538 2735 2592 τὸ
2763 2538 2916 2607 ξίφος
2936 2539 3036 2609 τῆς
3059 2539 3231 2610 ὀργῆς
3251 2539 3517 2610 θήγουσα,
3550 2542 3586 2610 ή
3605 2539 3732 2609 παρ’

2162 2633 2330 2705 αὐτὴν
2359 2633 2460 2706 τὴν
2521 2633 2838 2700 ἀπόγνωσιν
2896 2634 2998 2701 τὴν
3028 2633 3238 2686 οἰκείαν
3271 2631 3571 2701 ἁνοιγνῦσα
3600 2650 3735 2701 συμ-

2163 2725 2415 2792 πάθειαν,
2450 2725 2777 2796 Ἐφραίμιον
2822 2724 3146 2795 διανέστησε
3194 2725 3295 2793 τῆς
3336 2724 3509 2796 Ἐᾠας
3561 2724 3733 2794 ἀρχῆς

2161 2814 2260 2879 τὰς
2290 2815 2449 2892 ἡνίας
2470 2815 2727 2869 διέποντα
2759 2816 2894 2886 (27),
2934 2817 3120 2869 πᾶσαν
3154 2814 3539 2881 ἀναζώσασθαι
3572 2832 3732 2885 φρον-

2162 2906 2306 2972 τίδα,
2358 2907 2526 2979 μηδὲν
2559 2908 2669 2964 τῶν
2721 2907 3046 2977 ἐπιτηδείων
3107 2908 3385 2962 ἐπιλιπεῖν
3432 2908 3526 2977 τὴν
3554 2906 3722 2960 πόλιν.

2169 3001 2266 3054 Ὃν
2308 3000 2609 3054 κάντεῦθεν
2654 2998 2997 3070 ἀγασάμενοι
3044 3001 3365 3071 Ἀντιοχέων
3406 3000 3608 3066 παῖδες,
3669 3000 3727 3062 ες

2166 3093 2316 3164 ίερέα
2358 3093 2719 3165 ψηφίζονται’
2768 3094 2868 3147 καὶ
2917 3093 3009 3147 τὸν
3067 3093 3430 3148 ἀποστολικδν
3479 3092 3735 3164 λαγχάνει

2167 3185 2354 3257 θρόνον
2385 3187 2487 3257 (u),
2531 3186 2721 3258 ὥσπερ
2756 3184 2947 3257 μισθὸν
2993 3186 3091 3239 καὶ
3124 3186 3296 3257 γέρας
3332 3187 3434 3256 τῆς
3471 3184 3737 3253 τοσαύτης
3786 3191 3793 3197 ’

2168 3278 2425 3349 προνοίας
2451 3277 2642 3331 τοῦτον
2685 3276 3133 3349 κληρωσάμενος.
3167 3276 3409 3331 Πέπονθε
3445 3277 3542 3330 καὶ
3586 3273 3739 3336 αὖθις

2170 3371 2276 3424 ὑπὸ
2308 3369 2552 3442 σεισμῶν
2581 3370 2719 3441 μετὰ
2752 3370 2927 3440 μῆνας
2954 3366 3021 3423 λ’.
3041 3369 3175 3423 Τότε
3202 3368 3296 3423 καὶ
3309 3368 3608 3431 Θεούπολις
3630 3365 3739 3437 (28)

1691 3481 1966 3539 VALESII
2000 3482 2559 3543 ANNOTATIONES.

562 3571 671 3641 (9.5)
704 3572 857 3641 Μηνὶ
888 3574 1133 3641 δεκάτῳ.
1190 3575 1348 3631 Hunc
1406 3577 1588 3631 locum
1635 3590 1746 3629 non
1794 3575 2069 3632 intellexit

488 3641 1043 3716 Christophorsonus,
1069 3656 1130 3699 ut
1158 3662 1224 3701 ex
1250 3645 1504 3701 versione
1532 3646 1652 3716 ejus
1691 3655 1939 3716 apparet.
1974 3646 2066 3702 Sic

488 3712 635 3765 enim
668 3712 851 3785 vertit.
900 3715 1054 3769 Anno
1102 3718 1323 3785 septimo
1355 3716 1502 3784 regni
1561 3712 1796 3784 ejusdem
1844 3714 2065 3784 Justini,

488 3798 668 3836 mense
697 3784 917 3846 decimo,
953 3786 1237 3839 Artemisio
1266 3785 1525 3848 videlicet,
1571 3786 1623 3838 id
1668 3793 1742 3838 est
1765 3785 1928 3849 Maio,
1957 3795 2065 3841 etc.

369 3886 375 3891 -
489 3852 710 3924 Putavit
732 3855 946 3910 scilicet
963 3854 1499 3924 Christophorsonus
1525 3870 1769 3909 mensem
1790 3855 2067 3911 decimum

490 3921 584 3976 hie
618 3926 804 3978 vocari
835 3921 1215 3980 Artemisium.
1241 3926 1349 3981 Sed
1381 3940 1490 3980 non
1529 3926 1603 3979 ila
1644 3941 1704 3980 se
1736 3934 1824 3980 res
1877 3926 2063 3981 habet.

489 3992 680 4061 Neque
712 3995 860 4048 enim
896 3996 1225 4051 Artemisius
1247 3995 1497 4051 decimus
1526 3995 1633 4050 fuit
1661 3996 1866 4049 mensis
1893 3995 2070 4051 Mace-

490 4062 719 4136 donum.
784 4064 899 4119 Hoc
956 4066 1394 4136 igitur-tantum
1452 4065 1588 4121 dicit
1640 4065 1906 4136 Evagrius
1962 4067 2070 4121 hoc

490 4131 635 4217 loco,
653 4142 816 4189 terra:
841 4131 1052 4189 motum
1068 4137 1227 4217 illum
1263 4136 1572 4217 Antiochia;
1590 4131 1901 4217 contigisse
1922 4150 2069 4217 anno

492 4204 788 4276 septitno,_
820 4220 1006 4276 mense
1048 4206 1266 4261 decimo
1319 4206 1537 4276 imperii
1583 4204 1810 4261 Justini.
1869 4206 1948 4260 Ac
1998 4206 2068 4261 de

491 4288 638 4327 almo
662 4274 883 4342 quidem
910 4274 1056 4330 infra
1087 4274 1421 4341 videbimus,
1456 4291 1524 4330 an
1559 4284 1707 4329 recte
1746 4283 2069 4330 numeretur

494 4345 785 4413 septimus.
820 4344 1021 4399 Mensis
1055 4361 1190 4399 vero
1229 4346 1479 4400 decimus
1526 4355 1679 4399 recte
1726 4345 1957 4413 ponitur
1994 4345 2065 4399 ab

492 4402 748 4483 Evagrio.
769 4414 905 4469 Nam
931 4423 1093 4470 terra:
1112 4424 1296 4469 motus
1322 4417 1415 4469 ille
1437 4414 1671 4483 contigit
1696 4402 1884 4483 mense
1904 4413 2065 4479 Maio,
2093 4402 2147 4462 D

391 4536 395 4540 ,
495 4492 556 4537 ut
618 4482 851 4554 testatur
900 4484 1168 4554 Evagrius
1212 4494 1271 4539 et
1324 4482 1712 4553 Theophanes.
1754 4482 1856 4537 Hie
1884 4491 2071 4540 autem

493 4553 701 4607 mensis
721 4553 970 4608 decimus
988 4553 1108 4608 erat
1147 4555 1363 4623 imperii
1389 4554 1613 4610 Justini.
1636 4554 2069 4623 Justinusenim

496 4623 794 4691 imperium
825 4623 1140 4691 auspicatus
1160 4621 1243 4678 esi.
1273 4624 1363 4678 die
1386 4639 1536 4677 nono
1563 4623 1769 4677 mensis
1803 4621 1956 4687 Julii,
2013 4633 2073 4679 ut

494 4700 652 4763 notat
682 4700 877 4747 auctor
902 4692 1150 4747 Chronici
1184 4692 1817 4763 Alexandrini._Proinde
1832 4708 2071 4763 sequen-

498 4762 570 4814 tis
598 4764 726 4815 anui
764 4766 970 4817 mensis
998 4763 1193 4827 Maius,
1221 4763 1472 4818 decimus
1493 4772 1577 4817 est
1597 4763 1813 4832 imperii
1838 4762 2067 4819 Justini.

496 4833 709 4887 Ethzec
730 4833 956 4902 quidem
1001 4836 1069 4887 de
1127 4850 1317 4888 mense
1400 4832 1802 4887 dubitationem
1863 4834 2070 4888 nullam

495 4902 818 4987 admittunt.
844 4903 925 4957 Ad
957 4918 1162 4957 annum
1181 4903 1330 4973 quod
1363 4910 1597 4987 spectat,
1631 4904 1769 4984 male
1802 4904 2070 4987 Evagrius

470 4981 691 5026 tuostcr
719 4974 867 5028 hunc
916 4983 1079 5028 terra:
1115 4983 1323 5028 motum
1351 4974 1519 5028 refert
1545 4989 1689 5027 anno
1720 4974 1938 5042 imperii
1968 4974 2071 5029 Ju-

497 5042 912 5113 stiuiseptimo,
943 5058 1066 5098 cum
1097 5054 1352 5099 octavum
1388 5044 1575 5113 potius
1629 5044 1814 5098 dicere
1842 5043 2072 5097 debuis-

497 5122 600 5184 set.
633 5112 735 5167 llie
772 5115 921 5168 enim
966 5124 1128 5169 terra:
1165 5122 1343 5170 motus
1371 5112 1604 5184 contigit
1650 5114 1955 5168 indictione
2012 5114 2076 5174 4,

497 5183 723 5252 Olybrio
744 5184 863 5237 solo
890 5195 1098 5245 cos.,ut
1122 5192 1357 5240 testatur
1389 5183 1739 5238 Marcellinus
1761 5198 1966 5245 comes,
2013 5193 2071 5236 et

498 5253 863 5323 Theophanes
894 5254 946 5307 in
974 5253 1260 5309 Chronica:
1294 5254 1385 5325 qui
1409 5253 1705 5325 fuitaunus
1725 5252 2067 5325 Christifi‘Zii.

498 5326 623 5390 Quo
662 5322 897 5393 quidem
941 5340 1087 5379 anno
1142 5322 1371 5380 octavus
1427 5324 1676 5395 ejusdem
1724 5322 1968 5395 imperii
2000 5322 2070 5376 ad

498 5409 746 5465 mensem
777 5410 951 5465 usque
975 5395 1181 5450 Julium
1218 5393 1493 5449 currebat.
1539 5395 1661 5465 Non
1705 5405 1853 5446 recte
1875 5393 2071 5465 _i_gi_tur

500 5462 772 5520 Barouies
805 5461 948 5521 hunc
990 5476 1147 5521 terra:
1190 5475 1390 5521 motum
1447 5464 1639 5519 retulit
1691 5477 1835 5516 anno
1863 5461 2068 5516 Christi

2172 3577 2296 3641 525,
2328 3578 2397 3632 ab
2423 3578 2659 3648 Evagrio
2688 3576 2742 3631 in
2767 3590 3012 3648 errorem
3038 3575 3320 3648 inductus.
3340 3575 3517 3648 Porro
3541 3577 3603 3648 in
3638 3590 3740 3648 ms.

2170 3648 2360 3702 codice
2391 3645 2714 3702 Florentino
2734 3687 2748 3706 .
2803 3646 2872 3700 ad
2908 3645 3023 3699 htee
3055 3646 3263 3716 Evagrii
3296 3645 3465 3699 verba
3502 3646 3555 3699 id
3583 3646 3741 3716 scho-

2171 3718 2306 3771 lium
2333 3717 2655 3785 adnotatum
2694 3724 2817 3772 erat
2850 3717 2903 3769 in
2936 3715 3204 3785 margine,
3228 3717 3351 3767 Ὀτι
3385 3718 3413 3767 ὸ
3447 3716 3623 3776 Maio;
3659 3715 3741 3767 δέο

2171 3804 2335 3850 κατος
2356 3784 2718 3858 μην-λέγεται.
2738 3786 2793 3839 Id
2810 3792 2895 3858 est
2929 3784 3278 3858 Notn'Maiunt
3290 3786 3472 3858 vocari
3486 3786 3743 3858 decimum
3840 3794 3852 3807 '

2174 3854 2428 3911 mensem.
2460 3856 2567 3911 Sed
2599 3856 2808 3911 fallitur
2840 3854 2932 3908 hic
2966 3855 3218 3924 quisquis
3256 3854 3363 3908 fuit
3396 3854 3741 3909 seliolisstes.

2171 3927 2363 3996 Neque
2396 3927 2542 3981 enim
2595 3926 2769 3996 Maius
2794 3923 3124 3996 simpliciter
3155 3932 3220 3996 et
3245 3923 3499 3979 absolute
3539 3925 3743 3996 mensis

2171 3993 2426 4053 decimus
2457 3996 2662 4051 dicitur
2708 3994 2777 4049 ab
2822 3994 3078 4065 Evagrio,
3128 3993 3224 4048 sed
3275 4001 3490 4065 tantum
3542 3995 3745 4050 mensis

2173 4067 2440 4143 decimus
2457 4066 2685 4143 imperii
2707 4063 3229 4143 Justinil'utsupra
3259 4063 3394 4143 dixi.
3441 4119 3449 4126 ,
3640 4131 3674 4143 η

2243 4137 2356 4209 (26)
2397 4129 2756 4209 Τελεύζᾳξον
2781 4133 2850 4187 δὲ
2866 4129 3027 4209 ρῦνζ
3042 4129 3267 4209 ἰξεοιίιιε
3311 4134 3366 4209 in
3396 4147 3503 4187 ms.
3553 4131 3743 4209 codice

2171 4202 2490 4262 Florentino
2511 4205 2775 4260 scribitur
2803 4203 3030 4273 τελευτᾷ
3055 4202 3133 4264 δέ,
3169 4210 3279 4256 etc.
3333 4203 3521 4273 Porro
3542 4202 3611 4272 de
3642 4202 3744 4257 hoc

2169 4284 2331 4332 terra}
2360 4284 2509 4329 metu
2550 4273 2976 4345 qquntiochia
2999 4286 3193 4345 eve_rsa
3220 4279 3304 4345 est
3327 4272 3530 4327 Justini
3571 4273 3741 4345 impe-

2177 4347 2382 4401 ratoris
2423 4340 2812 4415 temporibus,_
2845 4350 3046 4415 prayer
3089 4340 3484 4415 Theophanem
3529 4357 3594 4396 ac
3618 4342 3741 4415 ὐε-

2172 4415 2432 4478 drenum,
2463 4410 2709 4484 loquitur
2741 4410 2924 4484 etiam‘
2940 4410 3277 4484 Procopius,
3319 4412 3374 4464 in
3409 4412 3506 4484 lib.
3557 4411 3740 4484 Inper-

2174 4487 2427 4546 sicorum,
2479 4479 2603 4555 pag.
2659 4482 2728 4537 67
2768 4490 2825 4536 et
2862 4481 2953 4555 _68,
3010 4479 3105 4555 ubi
3161 4488 3410 4555 trecenta
3458 4482 3739 4535 hominum

2178 4556 2351 4610 millia
2398 4570 2465 4609 eo
2480 4550 2656 4607 'tei-rte
2687 4560 2839 4606 motu
2862 4550 3140 4604 interiisse
3174 4551 3390 4604 scribit.

2248 4626 2365 4689 (27)
2422 4624 2764 4691 Ἐφραίμιον
2810 4620 2922 4686 τῆς
2961 4617 3152 4691 ξΕῴαςγ
3190 4619 3387 4691 ἀρχῆς
3431 4620 3610 4685 ’ἡνίας
3660 4618 3739 4670 διο

2172 4687 2419 4749 diter-ra.
2444 4687 2501 4747 ld
2522 4687 2637 4753 est,
2670 4691 2926 4745 Comitem
2952 4687 3203 4761 Orientis,
3233 4687 3342 4743 sub'
3371 4692 3524 4761 cujus
3575 4691 3743 4761 dispo-

2171 4766 2365 4819 sitione
2394 4771 2547 4817 erant
2569 4761 2851 4829 provinciae
2873 4775 3053 4829 omnes
3071 4756 3322 4829 Orientis,
3348 4768 3408 4813 ut
3429 4756 3602 4814 'docet
3643 4756 3743 4812 Νο-

2175 4836 2295 4889 titia
2317 4833 2528 4903 imperii
2554 4828 2802 4903 Romani.
2831 4829 2941 4903 liae
2966 4828 3563 4903 dignitatepraaditum
3582 4829 3744 4882 fuisse

2174 4898 2572 4972 Ephrtemium,
2591 4901 2754 4972 docet
2778 4900 2947 4954 etiam
2971 4898 3211 4972 Joannes
3241 4898 3519 4972 Moschus,
3549 4899 3606 4951 in
3629 4912 3742 4966 cap.

2172 4963 2243 5029 '3“!
2276 4963 2615 5027 Limonarii‘:
2652 4970 2730 5023 Eo
2764 4977 3017 5037 tempore,
3045 4967 3244 5036 inquit,
3285 4970 3368 5021 vir
3429 4969 3675 5029 clemens,
3693 4963 3746 5018 ἐι

2174 5042 2544 5098 misericordiae
2594 5039 2834 5105 operibus
2872 5036 2880 5037 7
2911 5038 3115 5090 deditus
3154 5036 3519 5107 AEphrtemius
3586 5052 3745 5091 comes

2172 5112 2402 5169 Orientis
2433 5120 2569 5169 erat.
2607 5108 2669 5163 ac
2692 5124 2785 5178 per
2806 5109 2982 5176 ipsum
3030 5104 3255 5173 (edi/icit:
3280 5107 3490 5176 publica
3534 5124 3745 5178 repara-

2172 5184 2369 5237 bantur
2420 5198 2437 5235 :
2482 5182 2665 5234 civitas
2695 5177 2698 5178 ⁷
2726 5178 2864 5231 enim
2913 5186 3069 5229 terra:
3105 5187 3249 5229 mem
3281 5178 3562 5233 ceciderat.
3605 5177 3744 5232 Idem

2172 5268 2396 5323 quoque
2429 5258 2666 5323 testatur
2697 5246 3012 5323 i’hotiusiu
3045 5245 3388 5323 liibliotheca,
3420 5246 3690 5323 (ξιιμ-228.

2246 5314 2359 5391 ('28)
2406 5324 2543 5377 Τότε
2568 5318 2666 5373 καὶ
2690 5319 3042 5391 Θεούεφλις.
3071 5316 3287 5391 Mallem
3322 5314 3746 5391 legere-(ﬁnita!

2173 5384 2492 5456 Θεοότὲολις,
2524 5385 2995 5460 quemadmodum
3026 5385 3293 5460 scribitur
3319 5384 3604 5460 iu'codice
3631 5384 3749 5460 Tel-

2172 5461 2407 5526 lcriano,
2448 5470 2504 5516 et
2538 5456 2592 5514 in
2628 5456 2965 5527 Nieephoro,
2998 5456 3092 5526 qui
3125 5464 3392 5525 regnante
3440 5457 3747 5513 Iustiniano

1927 5576 2308 5634 \‘ARIORUM.

572 5671 655 5737 (ιι)
699 5671 1249 5752 [ὸν-,ἀποστολικρν
1275 5674 1562 5752 ,λαγχάνει
1595 5669 2070 5752 θρόνονεμριιειη-

508 5755 671 5811 quam
699 5741 1040 5809 Euphrasius
1072 5746 1237 5813 periit
1262 5750 1605 5797 terrae-motu
1644 5742 1770 5794 anni
1823 5740 1922 5793 39.6
1943 5777 1958 5804 ,
1990 5753 2075 5794 or-

2179 5670 2388 5725 dinatio
2418 5680 2601 5724 tamen
2628 5664 2925 5736 Ephrazmii
2955 5665 3007 5717 in
3048 5665 3176 5719 anni
3203 5668 3490 5736 sequentis
3536 5667 3747 5723 initium
3848 5692 3851 5697 λ

2187 5740 2514 5805 diﬂ'ereuda,
2558 5737 2736 5805 inquit
2765 5743 2875 5789 aut.
2907 5734 3056 5805 Pagi,
3088 5737 3154 5790 ad
3186 5734 3315 5791 ann.
3344 5737 3469 5804 526,
3497 5754 3553 5793 n.
3584 5738 3665 5793 12.
