4088 6300
303 341 444 408 27.3

1195 350 1608 425 .HISTORIE
1643 359 2240 427 ECCLESIASTIC/E
2277 369 2511 428 LIBER
2550 368 2646 429 1V.

3431 355 3572 436 am

302 450 339 524 ἦ
360 461 654 564 ,Ἀντιόχου
702 467 1122 564 προσηγορεύθη
1159 472 1337 538 πόλις,
1370 476 1466 531 καὶ
1519 478 1690 550 ἄλλης
1732 498 1870 551 προ-

1987 494 2226 556 ιιιιιεειιιιι
2256 495 2360 542 est.
2397 486 2518 553 Quo
2541 484 2767 556 quidem
2815 494 3066 564 tempore
3110 488 3408 559 Theopolis
3444 509 3570 548 mu-

290 553 444 618 νοίας
474 547 612 624 πρὸς
640 556 742 610 τοῦ·
766 557 1325 634 βασιλέως,τυχοῦσα.

913 763 1166 823 ΚΕΦΔΔ.
1190 768 1269 824 Ζ’.

333 848 471 920 Περὶ
499 848 744 919 Ζωσιμᾶ
769 853 866 907 καὶ
887 853 1172 912 Ἰωάννου
1200 857 1321 913 τῶν
1349 837 1839 936 θαυματουρτιῶν.

361 964 510 1018 Ἀλλ’
542 966 668 1019 ἐπεὶ
699 965 811 1019 τῶν
830 966 877 999 ⁸⁸
908 969 1216 1041 εἰρημένων
1231 971 1589 1045 ἐμνήσθημεν
1616 976 1880 1049 παθημά-
1920 997 1926 1005 ’

296 1074 425 1122 των,
461 1057 596 1127 φέρε
617 1058 713 1112 καὶ
740 1058 903 1130 ἔτερα
924 1060 1062 1115 ἄττα
1076 1061 1187 1118 τῶν
1202 1063 1498 1134 ἀξιολόγων
1553 1068 1633 1140 τῷ
1656 1071 1884 1141 παρόντι

303 1146 633 1220 προσθῶμεν
695 1148 865 1218 πόνῳ,
906 1151 1053 1224 ἅπερ
1104 1154 1164 1217 ἐς
1205 1155 1353 1225 ἡμᾶς
1392 1158 1457 1210 ὲκ
1507 1159 1618 1212 τῶν
1663 1163 1883 1233 ἱστορη-

296 1243 510 1296 σάντων
540 1242 846 1313 ἐνήνεκται.
873 1246 1133 1315 Ζωσιμᾶς
1164 1249 1326 1319 ἀνὴρ,
1370 1251 1525 1319 γένος
1556 1252 1758 1319 Φοίνιξ,
1784 1257 1884 1327 τῆς

291 1335 600 1407 λεγομένης
650 1337 922 1406 παραλίας
944 1377 960 1403 ,
994 1337 1186 1408 κώμην
1243 1341 1435 1411 Σίνδην
1476 1344 1711 1415 πατρίδα
1746 1345 1883 1417 κλη-

291 1428 637 1498 ρωσάμενος,
703 1429 992 1499 διέχουσαν
1033 1432 1133 1501 τῆς
1169 1431 1280 1484 τῶν
1326 1434 1543 1504 Τυρίων
1585 1435 1701 1489 οὔτι
1753 1453 1884 1491 στα-

292 1518 442 1581 δίους
485 1524 554 1582 κ’,
580 1519 674 1573 τὸν
710 1522 921 1591 μονήρη
958 1521 1256 1577 διαθλεύων
1284 1524 1332 1557 ’⁸
1379 1524 1516 1595 βίον.
1547 1521 1714 1590 Οὗτος
1760 1530 1883 1593 ταῖς

291 1624 355 1660 τε
405 1609 628 1677 ἀφέξεαι
673 1611 768 1664 καὶ
806 1611 1059 1680 μεθέξεσι
1090 1614 1201 1667 τῶν
1230 1613 1471 1684 τροφῶν,
1504 1617 1599 1669 καὶ
1637 1620 1757 1681 ταῖς
1786 1617 1882 1671 ἆλ-

293 1701 417 1761 ὶιαις
464 1703 691 1772 ἀρεταῖς
730 1700 826 1755 τοῦ
856 1702 996 1773 βίου,
1026 1703 1118 1756 τὸν
1148 1704 1280 1759 Θεὸν
1312 1706 1747 1778 ὲσοικισάμενος,
1806 1709 1882 1773 ὡς

1978 582 2093 634 tato
2134 579 2361 647 nomine
2401 578 2673 650 appellata
2699 585 2806 642 est,
2837 585 2890 632 et
2921 578 3220 648 imperator
3256 582 3409 636 omni
3438 598 3571 639 cura

1976 687 2043 727 ac
2072 671 2359 743 diligentia
2397 672 2449 727 ei
2479 671 2787 751 prospexit.

2504 779 2671 851 339
2716 779 2870 836 CAP.
2918 781 3036 837 vn.

2048 856 2128 928 De
2157 871 2371 927 Zosima
2401 881 2452 926 et
2471 871 2680 926 Joanne
2710 872 2800 941 qui
2839 872 3117 927 miraculis
3158 880 3497 930 claruerunt.

2051 984 2161 1041 Sed
2197 986 2457 1056 quoniam
2508 984 2861 1055 superiorum
2909 984 3282 1039 calamitatum
3330 986 3570 1042 mentio-

1984 1092 2110 1134 nem
2156 1078 2409 1146 fecimus,
2442 1095 2592 1135 nunc
2639 1079 2744 1133 alia
2786 1077 3033 1148 quaedam
3067 1078 3220 1147 operi
3250 1087 3441 1134 nostro
3482 1086 3568 1132 at-

1985 1178 2254 1236 texamus,
2284 1180 2589 1227 memoratu
2636 1171 2691 1225 in
2741 1170 2940 1238 primis
2968 1170 3154 1240 digna,
3190 1186 3314 1239 qua:
3355 1171 3423 1225 ab
3463 1170 3575 1225 illis

1985 1263 2121 1332 ipsis
2162 1263 2257 1333 qui
2289 1279 2352 1317 ea
2402 1263 2658 1317 viderant
2688 1262 3025 1331 accepimus.
3071 1261 3317 1316 Zosimas
3345 1262 3570 1331 quidem

1983 1355 2087 1411 fuit
2136 1357 2460 1421 monachus,
2503 1365 2660 1410 ortus
2706 1370 2774 1409 ex
2816 1354 3079 1409 Phoenice
3128 1370 3249 1423 quae
3294 1354 3603 1408 maritima'

1985 1447 2190 1501 dicitur
2217 1465 2230 1500 :
2259 1446 2497 1501 Patriam
2522 1446 2719 1500 habuit
2741 1444 2988 1510 Sindem,
3010 1444 3194 1499 vicum
3221 1443 3316 1513 qui
3342 1444 3410 1498 ab
3436 1444 3570 1498 urbe

1985 1538 2130 1609 Tyro
2171 1538 2362 1609 viginti
2415 1539 2529 1593 fere
2579 1536 2772 1592 stadiis
2817 1536 3006 1591 distat.
3056 1536 3107 1589 ls
3156 1544 3270 1589 tum
3320 1535 3573 1591 ciborum

1984 1631 2316 1696 abstinentia
2348 1640 2405 1686 et
2434 1645 2558 1694 usu,
2594 1638 2712 1683 tum
2756 1628 2879 1682 aliis
2913 1611 3233 1693 virtutibus,
3283 1629 3355 1682 ita
3396 1628 3573 1682 Deum

1985 1723 2091 1777 sibi
2114 1721 2530 1791 conciliaverat,
2561 1729 2624 1774 ut
2657 1736 2766 1774 non
2794 1720 2957 1774 modo
2976 1735 3038 1773 ea
3066 1735 3187 1788 quae
3209 1718 3389 1776 futura
3410 1727 3574 1772 erant

294 1793 371 1859 μὴ
394 1792 553 1861 μόνον
566 1791 748 1864 διορᾷν
759 1793 829 1847 τὰ
846 1794 1137 1864 μέλλοντα,
1147 1796 1282 1850 ἀλλὰ
1296 1798 1391 1850 καὶ
1403 1799 1585 1877 πάσης
1607 1800 1879 1866 ἀπαθείας

1987 1813 2343 1885 praevideret,
2386 1828 2579 1869 verum
2626 1812 2805 1875 etiam,
2832 1811 2902 1866 ab
2955 1811 3104 1866 omni
3152 1810 3573 1879 perturbatione

294 1881 460 1951 χάριν
484 1881 689 1943 λασείν,
706 1882 870 1949 συνῆν
893 1885 1002 1937 τῶν
1018 1902 1123 1938 τινι
1141 1887 1303 1957 ὲπισή
1315 1905 1429 1957 μων
1439 1887 1543 1943 ἀνὰ
1560 1888 1656 1960 τὴν
1672 1890 1882 1944 Καίσα-
1917 1881 1947 1918 ’Τ

240 2032 245 2036 _
292 1989 390 2041 po;
418 1972 575 2028 πόλιν
599 1974 734 2046 (29),
756 1976 790 2045 ἢ
816 1978 944 2045 μιᾶς
961 1977 1069 2030 τῶν
1087 1978 1462 2058 ῌαλαιστίνων
1481 1982 1717 2051 ἡγεῖταιο
1737 1977 1804 2053 ἦν
1826 1981 1884 2036 δὲ

290 2064 404 2132 ἄρα
420 2060 575 2130 οὗτος
589 2067 963 2138 Ἀρκεσίλαος,
978 2067 1117 2140 ἀνὴρ
1134 2070 1464 2142 εὐπατρίδης
1479 2089 1537 2125 τε
1562 2073 1658 2125 καὶ
1679 2072 1882 2142 λόγιος.

289 2151 355 2207 εὖ
379 2172 439 2208 τε
456 2155 785 2228 ἀξιωμάτων
807 2158 903 2212 καὶ
931 2160 1039 2213 τῶν
1055 2160 1259 2213 λοιπῶν
1291 2160 1401 2214 τῶν
1428 2161 1771 2231 κοσμούντων
1788 2164 1886 2218 ἀν·
1915 2149 1935 2172 ⁸

288 2246 423 2315 δρὸς
439 2246 551 2315 βίον
569 2243 918 2319 ἢκων.οὗτος
938 2250 1233 2321 ὁΖωσιμᾶς
1254 2254 1311 2305 ὲν
1332 2251 1409 2323 τῷ
1427 2253 1629 2324 ἂκαρεῖ
1650 2255 1748 2324 τῆς
1764 2254 1888 2307 Ἀν-

287 2337 478 2405 τεόχου
502 2337 764 2402 πτώσεως
786 2338 986 2409 ἀθρόον
1018 2342 1448 2416 ὲπιστυγνάσας,
1486 2342 1887 2415 ὀλοφυρόμενός

290 2432 480 2490 τε,καὶ
501 2429 692 2500 μύχιον
708 2431 1039 2503 ἀνοιμώξας,
1060 2433 1275 2504 δάκρυὰ
1293 2451 1353 2487 τε
1372 2417 1610 2490 τοσαῦτα
1634 2436 1884 2500 σπείσας,

291 2518 375 2586 ὡς
386 2522 482 2574 καὶ
502 2522 600 2594 τὴν
623 2524 729 2593 γῆν
750 2524 1058 2597 ὲπισρέξαι,
1077 2525 1779 2602 θυμιατήριονὲξῃτήσατο,
1794 2511 1887 2584 κάὶ

290 2613 481 2667 πάντα
506 2614 598 2668 τὸν
634 2615 811 2687 χῶρον
840 2618 898 2670 ὲν
927 2611 971 2685 ᾧ
1002 2618 1461 2689 καθειστήκεισαν
1497 2620 1884 2690 ἐπιθυμιάσας,

292 2704 393 2758 ἰπὶ
417 2706 524 2774 γῆς
552 2708 745 2762 ἑαυτὸν
783 2709 986 2780 ῥίπτει,
1026 2712 1359 2782 προσευχαῖς
1389 2728 1448 2765 τε
1481 2712 1576 2766 καὶ
1599 2713 1771 2778 λιταῖς
1798 2714 1887 2768 τὸν

291 2792 438 2846 Θεδν
484 2795 818 2866 ίλεούμενος.
873 2793 1007 2853 Εἶτα
1055 2800 1464 2870 πυνθανομένου
1507 2800 1601 2854 τοῦ
1633 2802 1888 2871 ’Δρκεσι-

222 2890 227 2895 ’
295 2887 456 2948 λάου,
497 2889 550 2940 τί
582 2890 773 2958 ἄρατὸ
812 2889 955 2945 οὕτω
985 2890 1320 2963 διαταράξαν
1352 2892 1461 2963 εἴη,
1492 2891 1790 2966 διαρρήδην
1812 2887 1888 2947 εῖ-

296 2997 396 3042 πε,
429 2979 528 3051 τὴν
558 2982 696 3053 ἠχὴν
721 2984 820 3054 τῆς
844 2984 1119 3055 Ἀντιόχου
1163 2984 1425 3049 πτώσεως
1462 2985 1661 3040 αὐτίκα
1686 2986 1755 3041 τὰ
1775 2980 1890 3041 ὦτά

292 3074 353 3126 oi
397 3074 827 3145 περιϐομόῆσαι.
886 3076 1049 3130 Ὥστε
1092 3077 1184 3131 τὸν
1241 3078 1595 3148 Ἀρκεσίλαον
1638 3079 1890 3143 καὶτοὺς

1986 1907 2155 1962 animi
2190 1923 2289 1977 per
2316 1906 2415 1961 Dei
2447 1905 2680 1977 gratiam
2723 1904 2867 1959 liber
2899 1912 3066 1959 esset.
3096 1901 3233 1957 Cum
3268 1902 3433 1971 igitur
3469 1902 3571 1955 ali-

1985 1998 2208 2069 quando
2246 2005 2389 2052 esset
2434 1998 2489 2051 in
2534 1995 2670 2051 urbe
2700 1994 2948 2049 Caesarea
2974 2009 3096 2063 qua:
3139 1992 3461 2060 metropolis
3487 1998 3573 2045 est

1987 2089 2153 2145 unius
2180 2105 2211 2144 e
2244 2088 2424 2144 tribus
2469 2086 2798 2150 Palaestinis,
2836 2086 2891 2140 in
2931 2085 3143 2140 aedibus
3189 2081 3575 2154 spectatissimi

1986 2179 2270 2250 cujusdam
2315 2177 2423 2233 viri
2455 2194 2470 2230 :
2507 2177 2554 2231 is
2591 2185 2711 2231 erat
2742 2174 3077 2238 Arcesilaus,
3121 2173 3208 2226 vir
3269 2172 3475 2226 nobilis
3516 2178 3574 2225 et

1985 2269 2261 2335 eruditus,
2301 2268 2396 2339 qui
2428 2278 2485 2323 et
2516 2267 2827 2322 honoribus
2867 2281 3008 2336 quos
3049 2272 3314 2336 gesserat,
3344 2271 3401 2317 et
3441 2263 3574 2317 reli-

1987 2361 2112 2431 quis
2153 2360 2280 2414 vita:
2323 2359 2663 2414 ornamentis
2718 2360 3053 2426 conspicuus
3111 2356 3464 2411 habebatur:
3506 2370 3574 2408 eo

1988 2453 2108 2523 ipso
2141 2451 2405 2521 temporis
2449 2450 2683 2505 articulo
2726 2464 2837 2519 quo
2879 2448 3173 2503 Antiochia
3219 2455 3381 2501 terrae
3421 2455 3614 2501 motu-

1987 2540 2256 2601 subversa
2302 2554 2408 2605 est.
2462 2552 2690 2613 repente
2742 2550 2953 2596 mutato
3002 2542 3157 2596 vultu
3209 2542 3576 2612 ingemiscens

1988 2645 2152 2705 atque
2192 2622 2364 2689 altum
2393 2634 2698 2703 suspirans,
2738 2640 2943 2685 tantam
2973 2631 3335 2701 laerymarnm
3361 2632 3574 2700 cepiam

1987 2725 2205 2788 effudit,
2240 2730 2299 2777 ut
2343 2724 2521 2777 solum
2565 2721 2954 2776 madefaceret.
3010 2710 3181 2775 Simul
3231 2719 3578 2774 thuribulum

1988 2811 2261 2881 poposcit,
2295 2825 2504 2880 perque
2534 2809 2855 2863 universum
2900 2810 3083 2865 locum
3114 2810 3169 2863 in
3203 2825 3312 2878 quo
3338 2810 3576 2872 stabant,

1990 2915 2115 2955 eum
2148 2901 2275 2955 thus
2308 2900 2659 2964 adolevisset,
2696 2901 2848 2954 humi
2879 2916 2938 2955 se
2968 2900 3287 2970 prostravit,
3321 2900 3579 2969 precibus

1990 3006 2054 3044 ac
2105 2989 2607 3059 supplicationibus
2650 2990 2822 3044 Deum
2875 2990 3216 3059 placaturus.
3264 2988 3580 3043 Sciscitanti

1991 3085 2192 3140 deinde
2222 3086 2524 3150 Arcesilae,
2562 3084 2825 3155 quidnam
2855 3094 3003 3139 esset
3034 3083 3181 3154 quod
3210 3084 3363 3138 illum
3396 3092 3578 3138 tanto-

296 3181 381 3217 πα
389 3162 752 3234 ρατετυχότας
769 3168 1256 3239 ἐκπεπληγμένους
1269 3169 1584 3240 ἀναγράψαι
1597 3169 1694 3240 τὴν
1710 3170 1880 3242 ὥραν,

1991 3191 2120 3245 pere
2193 3176 2613 3243 conturbasset,
2676 3176 2882 3231 diserte
2958 3175 3246 3245 respondit
3306 3175 3578 3245 fragorem

295 3256 485 3326 εὑρεῖν
512 3273 570 3311 τε
605 3260 662 3322 ἐς
694 3258 922 3330 ὕστερον
955 3261 1130 3335 ρῦτως
1161 3262 1238 3325 ὡς
1263 3265 1291 3316 ὁ
1319 3263 1575 3333 Ζωσιμᾶς
1601 3262 1887 3333 ἀπεφήνα-

296 3365 389 3403 το.
422 3349 522 3402 Διά
553 3349 744 3404 τούτου
780 3351 976 3405 πολλαί
1001 3369 1062 3405 τε
1100 3355 1194 3407 καὶ
1223 3353 1412 3424 ἕτεραι
1444 3353 1767 3425 θεοσημεϊαι
1792 3371 1888 3422 γε·

298 3441 550 3511 γόνασιν,
582 3436 659 3499 ὧν
687 3442 749 3496 τὸ
795 3437 999 3538 πλῆθος
1043 3447 1260 3514 παρεὶς,
1289 3444 1413 3499 ἐπεὶ
1444 3446 1539 3499 καὶ
1585 3446 1891 3516 κρείττονος

1996 3267 2208 3322 ruentis
2255 3268 2564 3323 Antiochia:
2600 3268 2827 3323 auribus
2866 3268 2982 3323 suis
3026 3266 3580 3322 modo'insonuisse.

1993 3359 2147 3414 Adeo
2182 3369 2245 3414 ut
2274 3361 2590 3416 Arcesilaus
2634 3369 2691 3414 et
2733 3360 2827 3430 qui
2879 3370 2993 3414 tum
3044 3360 3310 3424 aderant,
3356 3367 3581 3427 stupore

1996 3450 2262 3521 perculsi,
2284 3450 2478 3507 horam
2504 3450 2914 3517 adnotaverint,
2946 3459 3249 3521 posteaque
3271 3450 3582 3521 deprehen-

1588 3589 1822 3647 VAlllAE'
1854 3590 2263 3651 LECTIONES.

380 3683 429 3725 ⁸⁹
448 3678 511 3736 C.
544 3679 608 3736 C.
637 3681 855 3754 ἐπειδὴ.
933 3684 979 3715 ⁹⁰
995 3682 1465 3755 διαθριαμόεύων.

1512 3801 1782 3858 VALESII
1815 3761 2377 3862 ANNOTATIONES.

308 3899 369 3957 id
395 3903 824 3968 cognomentum
853 3894 1165 3953 Antiochiae
1217 3897 1460 3953 inditum
1500 3913 1622 3954 esse
1677 3899 1894 3954 scribit.

309 3970 467 4040 Idem
493 3967 659 4040 etiam
685 3974 920 4040 testatur
945 3968 1286 4040 _Stephanus
1335 3968 1632 4040 Byzantius
1666 3968 1721 4040 in
1743 3984 1898 4040 “voce

308 4038 629 4109 Θεούπολις,
658 4044 716 4090 et
748 4036 1118 4106 Theophanes
1144 4039 1199 4091 in
1233 4036 1509 4109 Clu-enica,
1539 4036 1782 4109 Contigit
1808 4040 1899 4094 hic

310 4107 593 4183 posterior
618 4115 779 4183 terrae
806 4117 996 4183 motus
1052 4109 1259 4183 mensis
1276 4107 1609 4183 Novembris
1630 4107 1727 4163 die
1749 4124 1899 4183 nono

310 4177 381 4237 ac
402 4177 689 4241 vicesimo,
729 4177 1033 4233 indictione
1054 4178 1310 4248 septima,
1349 4178 1577 4233 biennio
1600 4186 1725 4247 post
1748 4180 1901 4248 prio-

316 4268 439 4329 rem
467 4257 627 4302 terrae
657 4256 976 4329 m.otum._u_t
1002 4248 1197 4329 scribit
1259 4246 1406 4329 idem
1444 4246 1715 4329 _Th¢§(lph-
1748 4246 1896 4329 Ῥεεο

318 4323 448 4382 151,
480 4333 577 4374 seu
602 4316 791 4386 potius
831 4317 1058 4387 triginta
1101 4318 1387 4374 mensibus
1410 4316 1675 4387 elapsis’a
1707 4316 1898 4388 priore
1936 4362 1940 4367 .

317 4393 418 4448 illo
473 4398 632 4443 teme
664 4398 843 4447 motu,
891 4397 952 4442 ut
1002 4398 1155 4443 recte
1207 4388 1403 4443 scribit
1458 4388 1745 4458 Evagrius.
1795 4389 1901 4444 Tot

317 4463 473 4517 enim
504 4467 874 4511 numerantur
914 4473 1131 4513 menses
1197 4474 1228 4512 a
1270 4458 1359 4513 die
1401 4460 1472 4513 29
1505 4459 1711 4513 mensis
1748 4458 1894 4525 Maii,

322 4514 473 4586 anno
521 4526 725 4582 Christi
781 4526 905 4590 5‘25,
935 4527 1004 4581 ad
1066 4528 1212 4583 diem
1245 4528 1317 4583 ‘29
1367 4529 1718 4592 Novembris,
1764 4514 1895 4585 anni
1930 4514 1973 4570 D

319 4599 529 4658 Christi
555 4597 681 4673 i528.
712 4596 836 4663 Quo
864 4598 1087 4667 quidem
1134 4613 1282 4673 anno
1334 4599 1586 4673 indictio_
1601 4600 1835 4667 septima
1864 4617 1897 4673 ξι

323 4668 640 4741 Septembri
691 4683 885 4741 mense
917 4669 1198 4741 numerari
1222 4678 1491 4741 coeperat.
1546 4669 1628 4741 Eat
1653 4684 1764 4738 quo
1794 4668 1896 4739 apl-

322 4737 486 4813 paret
512 4737 860 4813 verissimum
885 4753 1007 4793 esse
1041 4739 1095 4793 id
1120 4740 1268 4808 quod
1295 4737 1553 4813 superius
1577 4737 1894 4813 observavi,
1921 4786 1933 4799 .

326 4808 573 4881 priorem
615 4808 788 4881 illum
812 4816 997 4881 terra:
1030 4819 1241 4863 motum
1278 4808 1590 4881 Antiochia;
1627 4810 1896 4881 accidisse

326 4878 475 4935 anno
495 4878 704 4935 Christi
730 4878 853 4940 5‘26,
887 4894 998 4932 non
1035 4888 1241 4945 autem,
1291 4889 1355 4934 ut
1388 4879 1659 4934 Baronius
1704 4880 1897 4934 existi-

328 4950 519 5010 mavit.
551 4948 676 5004 525.
713 4948 1085 5003 Posteriorem
1113 4958 1296 5004 tamen
1325 4959 1487 5006 terra:
1514 4959 1722 5003 motum
1749 4959 1897 5006 recte

328 5020 600 5076 Baronius
654 5019 848 5074 retulit
912 5035 1056 5074 anno
1080 5019 1285 5074 Christi
1339 5021 1462 5083 528,
1520 5020 1665 5090 quod
1702 5036 1895 5075 verum

327 5100 433 5145 est.
469 5090 603 5144 Nam
629 5104 755 5143 cum
784 5090 1000 5161 Evagrii
1020 5092 1262 5161 calculos
1289 5100 1575 5161 sequatur,
1603 5106 1730 5145 eum
1784 5098 1897 5145 ter-

330 5178 407 5216 rae
424 5170 630 5214 motum
651 5174 797 5214 anno
824 5160 927 5214 527
953 5159 1185 5222 ,rel‘erre
1235 5159 1505 5215 debuerat
1544 5178 1557 5213 :
1618 5161 1895 5230 siquidem

329 5231 485 5300 prior
508 5230 597 5285 ille
622 5238 783 5285 terra:
814 5238 997 5284 motus
1017 5231 1343 5297 Antiochiae,
1372 5246 1518 5285 anno
1539 5230 1642 5285 525
1694 5232 1896 5286 natalis

330 5300 606 5371 Dominici
638 5301 981 5371 contigisset.

402 5370 516 5440 (29)
568 5370 710 5440 Τῶν
767 5369 883 5424 τινι
915 5369 1228 5438 ἐπισήμων
1288 5372 1406 5425 ἀνὰ
1448 5369 1562 5437 τὴν
1595 5372 1897 5439 Καίσαρος

330 5439 846 5511 πόλινεΜιιεουιυδ
880 5441 981 5495 has
1031 5450 1339 5511 postremas
1389 5456 1553 5495 voces
1608 5442 1797 5511 retulit
1825 5443 1893 5497 ad

333 5510 667 5565 vocabulum
694 5511 1003 5581 ἐπισήμων.
1034 5510 1127 5568 Sic
1174 5511 1323 5566 enim
1356 5511 1558 5566 vertit:
1615 5510 1714 5565 llic
1762 5512 1896 5581 jun-

333 5587 447 5634 ctus
471 5588 587 5633 erat
614 5579 774 5635 nobili
822 5579 1035 5635 cuidam
1088 5581 1420 5636 Caesariensi.
1467 5581 1644 5635 Aliter
1715 5579 1897 5639 tamen

338 5665 454 5705 inec
484 5650 651 5705 verba
700 5652 1009 5721 construxit
1032 5651 1375 5721 Nicephorus
1407 5659 1464 5706 et
1505 5652 1910 5720 Christophor-.

335 5734 530 5792 smnus,
554 5727 610 5775 et
642 5736 705 5775 ea
731 5719 920 5792 retulit
939 5721 1006 5775 ad
1033 5719 1262 5776 verbum
1295 5725 1480 5791 συνῆν,
1522 5724 1666 5790 quod
1693 5719 1897 5792 prame-

340 5790 440 5845 dit.
471 5790 645 5859 Quam
668 5791 890 5862 quidem
915 5793 1246 5846 sententiam
1272 5793 1445 5864 magis
1475 5793 1670 5863 probo.
1693 5790 1893 5851 ’Dubi-

2005 3901 2477 3956 tationem-tamen
2508 3898 2673 3956 atl‘ert
2694 3898 2750 3953 id
2779 3896 2930 3967 quod
2956 3895 3211 3966 sequitur
3233 3893 3291 3950 in
3319 3895 3580 3965 Evagrio,

2002 3969 2277 4025 Zosimam
2310 3971 2524 4025 scilicet
2563 3969 2634 4023 ab
2662 3968 2981 4023 astantibus
3043 3967 3355 4036 postulasse
3407 3967 3587 4021 thuri-

2005 4039 2220 4094 bulum.
2254 4039 2392 4095 Nam
2446 4041 2492 4094 si
2520 4039 2770 4109 Zosimas
2815 4046 2960 4109 erat
3005 4036 3060 4090 in
3103 4036 3269 4109 domo
3315 4036 3584 4109 Arcesilai

2002 4109 2150 4171 laici,
2187 4110 2467 4175 quomodo
2497 4108 2846 4163 thuribulum
2885 4106 2999 4160 illic
3032 4106 3339 4175 quaerebat,
3374 4122 3499 4175 cum
3527 4108 3586 4162 in

2002 4178 2171 4234 domo
2200 4174 2326 4234 laici
2359 4180 2529 4235 moris
2552 4195 2662 4233 non
2693 4179 2765 4233 sit
2793 4176 2999 4231 habere
3025 4174 3308 4231 thuribula
3331 4180 3352 4230 ’ἐ
3373 4174 3588 4245 {Scien-

2005 4250 2135 4305 dum
2171 4259 2354 4304 tamen
2380 4258 2467 4304 est
2507 4250 2680 4303 moris
2705 4248 2863 4302 illum
2898 4246 3069 4302 fuisse
3101 4256 3160 4301 ut
3186 4247 3489 4300 Christiani
3527 4248 3582 4302 in

2007 4320 2242 4390 privatis
2274 4318 2489 4375 edibus
2514 4319 2803 4375 incensum
2830 4317 3122 4381 haberent,
3161 4328 3219 4370 et
3274 4326 3402 4390 ante
3452 4333 3585 4390 ora-

2007 4386 2213 4445 tionem
2269 4389 2682 4445 thurilicatione
2728 4395 3056 4451 uterentur;
3119 4386 3612 4455 quemadmodum'

2007 4461 2270 4514 observat
2287 4460 2537 4538 Joannes
2563 4460 2734 4524 Bona,
2760 4460 2815 4512 in
2834 4458 2932 4538 lib.
2972 4472 3009 4512 ιι
3042 4456 3256 4538 dierum
3304 4456 3587 4538 liturgican

2005 4547 2145 4595 rum,
2181 4546 2304 4601 cap.
2329 4531 2384 4594 9,
2416 4530 2579 4601 nullo
2608 4530 2939 4601 tamengcjus
2976 4528 3053 4581 rei
3081 4528 3298 4601 prolato
3312 4528 3585 4601 testimo-

1998 4603 2115 4655 nio.
2171 4596 2262 4655 De'
2303 4600 2457 4655 laicis
2505 4601 2569 4654 in-
2614 4596 2862 4654 ecclesia
2903 4602 3033 4652 thus
3058 4596 3415 4651 att-olentibus
3454 4607 3586 4651 ante

1999 4670 2311 4725 orationem
2336 4671 2598 4725 locusest
2623 4668 2856 4739 insignis
2893 4668 3037 4722 infra
3066 4668 3123 4739 in
3164 4667 3263 4721 lib.
3289 4667 3482 4739 v,_ubi
3503 4667 3583 4739 de

2000 4741 2173 4810 signis
2207 4740 2427 4811 imperii
2454 4755 2577 4810 quae
2618 4737 2905 4811 Mauricio
2931 4738 3306 4811 contigerunt.
3347 4737 3583 4808 Chorip-

1998 4809 2105 4881 ptis
2128 4812 2179 4864 in
2208 4809 2305 4865 lib;
2332 4827 2370 4865 ιι
2399 4809 2481 4863 ηε
2499 4810 2742 4865 laudibus
2765 4809 2967 4864 Justini
3014 4810 3272 4862 minoris:

2142 4901 2295 4957 Ilicet
2318 4903 2544 4973 angelici
2566 4918 2785 4973 pergens
2803 4901 2873 4954 ad
2901 4901 3089 4954 limina
3130 4898 3334 4973 templi,

2136 4970 2402 5100 (ampliauit
2434 4976 2524 5044 pia
2548 4970 2705 5027 thura
2728 4972 2875 5043 focis,
2908 4985 3160 5041 cerasque
3196 4970 3452 5023 micantes

2216 5052 2270 5097 tu
2298 5054 2359 5098 it.
2392 5084 2407 5098 .

1998 5162 2058 5217 In
2083 5162 2199 5217 Vita
2229 5162 2515 5233 Paphnutii
2543 5160 2745 5233 abbatis
2774 5175 2897 5233 quae
2924 5167 3105 5233 exstat
3131 5157 3282 5233 inter
3304 5155 3451 5233 Vitas
3474 5156 3586 5210 Pa-

1999 5242 2162 5304 trum,
2192 5228 2321 5304 pag.
2351 5232 2503 5304 7105,
2536 5228 2860 5304 Onuphrius
2905 5230 3081 5304 abbas
3131 5228 3249 5304 haec
3289 5228 3582 5304 mandasse

1997 5296 2210 5357 dicitur
2232 5296 2548 5372 Paphnutio
2575 5318 2588 5353 :
2626 5296 2682 5355 Si
2719 5302 2833 5371 quis
2858 5316 2952 5353 nec
2983 5299 3305 5353 oblationem
3318 5314 3419 5372 nec
3444 5296 3584 5350 elec-

1999 5390 2278 5444 mosynmn
2295 5370 2465 5444 potest
2496 5373 2701 5444 oﬁ'erre,
2729 5370 2825 5444 pro
2854 5371 3127 5444 charitate
3168 5384 3283 5444 mea
3310 5370 3582 5444 incensum

1997 5437 2225 5497 Domino
2252 5437 2360 5497 Deo
2395 5437 2576 5496 nostro
2624 5443 2679 5495 in
2718 5437 2933 5494 odorem
2977 5439 3259 5493 suavitatis
3306 5437 3580 5490 acamdat.

1998 5514 2067 5568 Et
2098 5514 2261 5582 paulo
2294 5523 2452 5577 post:
2494 5511 2551 5566 Si
2583 5514 2854 5582 incensum
2884 5526 2976 5582 nec
3009 5511 3123 5580 quis
3151 5508 3326 5569 habet,
3374 5523 3465 5560 nec
3493 5507 3581 5574 fa-

1999 5579 2209 5637 cultatis
2237 5582 2446 5653 aliquid
2508 5582 2645 5634 unde
2702 5581 2871 5633 Deum
2916 5579 3133 5653 placare
3176 5587 3367 5653 potest,
3394 5584 3582 5647 surgat

1999 5656 2069 5707 ad
2099 5647 2507 5711 immolandum,
2534 5661 2583 5705 et
2607 5667 2793 5704 manus
2810 5647 2937 5703 suas
2988 5649 3056 5701 ad
3084 5647 3366 5701 Dominum
3394 5659 3578 5700 cxten-

1999 5724 2112 5784 dat,
2147 5733 2226 5774 ter
2263 5723 2590 5776 ﬂaminicam
2615 5719 2922 5774 Orationem
2966 5735 3061 5789 pro
3110 5734 3188 5789 me
3217 5735 3336 5789 cum
3374 5720 3579 5774 intenta

2002 5801 2248 5848 mente-ct
2277 5793 2329 5845 in
2359 5793 2571 5846 nantiuc
2603 5789 2672 5846 S.-
2702 5788 2973 5845 Trinitatis
3017 5788 3263 5858 psallat]
