  <div class='ocr_page' id='page_1' title='image "/cluster/home/n/w/nwhite01/storage/ocr_20150623/86 pt.2/mdp.39015008855424/485.png"; bbox 0 0 4054 6286; ppageno 0'>
   <div class='ocr_carea' id='block_1_1' title="bbox 420 283 660 389">
    <p class='ocr_par' dir='ltr' id='par_1_1' title="bbox 420 283 660 389">
     <span class='ocr_line' id='line_1_1' title="bbox 420 283 660 389; baseline 0 -1"><span class='ocrx_word' id='word_1_1' title='bbox 420 283 428 289; x_wconf 67' lang='grc'><em>’</em></span> <span class='ocrx_word' id='word_1_2' title='bbox 521 326 660 389; x_wconf 72' lang='grc' dir='ltr'>εγιδ</span> 
     </span>
    </p>
   </div>
   <div class='ocr_carea' id='block_1_2' title="bbox 1741 322 2590 388">
    <p class='ocr_par' dir='ltr' id='par_1_2' title="bbox 1741 322 2590 388">
     <span class='ocr_line' id='line_1_2' title="bbox 1741 322 2590 388; baseline 0.004 -3"><span class='ocrx_word' id='word_1_3' title='bbox 1741 324 2060 388; x_wconf 80' lang='lat' dir='ltr'><strong>EVAGRII</strong></span> <span class='ocrx_word' id='word_1_4' title='bbox 2098 322 2590 388; x_wconf 81' lang='lat' dir='ltr'><strong>SCHOLASTICI</strong></span> 
     </span>
    </p>
   </div>
   <div class='ocr_carea' id='block_1_3' title="bbox 3657 328 3811 397">
    <p class='ocr_par' dir='ltr' id='par_1_3' title="bbox 3657 328 3811 397">
     <span class='ocr_line' id='line_1_3' title="bbox 3657 328 3811 397; baseline 0.013 -2"><span class='ocrx_word' id='word_1_5' title='bbox 3657 328 3811 397; x_wconf 77' lang='lat'><strong>2716</strong></span> 
     </span>
    </p>
   </div>
   <div class='ocr_carea' id='block_1_4' title="bbox 521 432 2128 514">
    <p class='ocr_par' dir='ltr' id='par_1_4' title="bbox 521 432 2109 506">
     <span class='ocr_line' id='line_1_4' title="bbox 521 432 2109 506; baseline -0.001 -16"><span class='ocrx_word' id='word_1_6' title='bbox 521 436 706 490; x_wconf 99' lang='lat' dir='ltr'><strong>derint</strong></span> <span class='ocrx_word' id='word_1_7' title='bbox 756 450 869 489; x_wconf 90' lang='lat' dir='ltr'><strong>rem</strong></span> <span class='ocrx_word' id='word_1_8' title='bbox 922 433 995 487; x_wconf 92' lang='lat' dir='ltr'><strong>ita</strong></span> <span class='ocrx_word' id='word_1_9' title='bbox 1048 432 1313 489; x_wconf 83' lang='lat' dir='ltr'><strong>accidisse</strong></span> <span class='ocrx_word' id='word_1_10' title='bbox 1350 444 1411 489; x_wconf 92' lang='lat' dir='ltr'><strong>ut</strong></span> <span class='ocrx_word' id='word_1_11' title='bbox 1464 435 1711 491; x_wconf 85' lang='lat' dir='ltr'><strong>Zusimas</strong></span> <span class='ocrx_word' id='word_1_12' title='bbox 1760 436 2109 506; x_wconf 65' lang='lat' dir='ltr'><strong>praedixerat.</strong></span> 
     </span>
    </p>
   </div>
   <div class='ocr_carea' id='block_1_5' title="bbox 2230 432 3816 514">
    <p class='ocr_par' dir='ltr' id='par_1_5' title="bbox 2230 435 3816 514">
     <span class='ocr_line' id='line_1_5' title="bbox 2230 435 3816 514; baseline 0.004 -24"><span class='ocrx_word' id='word_1_13' title='bbox 2230 440 2390 492; x_wconf 75' lang='grc' dir='ltr'>εἰπεῖν</span> <span class='ocrx_word' id='word_1_14' title='bbox 2443 435 2680 509; x_wconf 82' lang='grc' dir='ltr'>ἀριθμοῦ</span> <span class='ocrx_word' id='word_1_15' title='bbox 2707 441 3071 511; x_wconf 71' lang='grc' dir='ltr'><strong>’τυγχάνουσιν</strong></span> <span class='ocrx_word' id='word_1_16' title='bbox 3121 436 3297 508; x_wconf 84' lang='grc' dir='ltr'>οὖσαι,</span> <span class='ocrx_word' id='word_1_17' title='bbox 3333 443 3452 496; x_wconf 79' lang='grc' dir='ltr'>ἔνια</span> <span class='ocrx_word' id='word_1_18' title='bbox 3479 442 3649 514; x_wconf 59' lang='grc' dir='ltr'>λέξω,</span> <span class='ocrx_word' id='word_1_19' title='bbox 3676 444 3816 497; x_wconf 85' lang='grc' dir='ltr'>Συν-</span> 
     </span>
    </p>
   </div>
   <div class='ocr_carea' id='block_1_6' title="bbox 518 525 2112 596">
    <p class='ocr_par' dir='ltr' id='par_1_6' title="bbox 518 525 2112 596">
     <span class='ocr_line' id='line_1_6' title="bbox 518 525 2112 596; baseline -0.003 -13"><span class='ocrx_word' id='word_1_20' title='bbox 518 525 639 584; x_wconf 85' lang='lat' dir='ltr'><strong>Alia</strong></span> <span class='ocrx_word' id='word_1_21' title='bbox 661 541 881 596; x_wconf 88' lang='lat' dir='ltr'><strong>quoque</strong></span> <span class='ocrx_word' id='word_1_22' title='bbox 905 525 1178 595; x_wconf 85' lang='lat' dir='ltr'><strong>permulta</strong></span> <span class='ocrx_word' id='word_1_23' title='bbox 1206 525 1357 596; x_wconf 85' lang='lat' dir='ltr'><strong>signa</strong></span> <span class='ocrx_word' id='word_1_24' title='bbox 1380 526 1449 592; x_wconf 85' lang='lat' dir='ltr'><strong>ab</strong></span> <span class='ocrx_word' id='word_1_25' title='bbox 1472 526 1665 580; x_wconf 90' lang='lat' dir='ltr'><strong>eodem</strong></span> <span class='ocrx_word' id='word_1_26' title='bbox 1693 526 1960 581; x_wconf 85' lang='lat' dir='ltr'><strong>divinitus</strong></span> <span class='ocrx_word' id='word_1_27' title='bbox 1984 540 2112 595; x_wconf 89' lang='lat' dir='ltr'><strong>per-</strong></span> 
     </span>
    </p>
   </div>
   <div class='ocr_carea' id='block_1_7' title="bbox 519 617 2108 688">
    <p class='ocr_par' dir='ltr' id='par_1_7' title="bbox 519 617 2108 688">
     <span class='ocr_line' id='line_1_7' title="bbox 519 617 2108 688; baseline 0.001 -18"><span class='ocrx_word' id='word_1_28' title='bbox 519 626 732 688; x_wconf 81' lang='lat' dir='ltr'><strong>petrata</strong></span> <span class='ocrx_word' id='word_1_29' title='bbox 759 626 908 672; x_wconf 90' lang='lat' dir='ltr'><strong>sunt.</strong></span> <span class='ocrx_word' id='word_1_30' title='bbox 933 617 1180 683; x_wconf 85' lang='lat' dir='ltr'><strong>Quorum</strong></span> <span class='ocrx_word' id='word_1_31' title='bbox 1213 617 1627 675; x_wconf 77' lang='lat' dir='ltr'><strong>multitudinem</strong></span> <span class='ocrx_word' id='word_1_32' title='bbox 1659 618 2108 687; x_wconf 67' lang='lat' dir='ltr'><strong>praetermittens,</strong></span> 
     </span>
    </p>
   </div>
   <div class='ocr_carea' id='block_1_8' title="bbox 521 708 2109 780">
    <p class='ocr_par' dir='ltr' id='par_1_8' title="bbox 521 708 2109 780">
     <span class='ocr_line' id='line_1_8' title="bbox 521 708 2109 780; baseline -0.001 -17"><span class='ocrx_word' id='word_1_33' title='bbox 521 709 743 780; x_wconf 84' lang='lat' dir='ltr'><strong>quando</strong></span> <span class='ocrx_word' id='word_1_34' title='bbox 775 708 1002 779; x_wconf 88' lang='lat' dir='ltr'><strong>quidem</strong></span> <span class='ocrx_word' id='word_1_35' title='bbox 1050 718 1318 764; x_wconf 90' lang='lat' dir='ltr'><strong>numerus</strong></span> <span class='ocrx_word' id='word_1_36' title='bbox 1350 724 1543 764; x_wconf 90' lang='lat' dir='ltr'><strong>eorum</strong></span> <span class='ocrx_word' id='word_1_37' title='bbox 1582 709 1712 763; x_wconf 90' lang='lat' dir='ltr'><strong>iniri</strong></span> <span class='ocrx_word' id='word_1_38' title='bbox 1751 725 1863 763; x_wconf 92' lang='lat' dir='ltr'><strong>non</strong></span> <span class='ocrx_word' id='word_1_39' title='bbox 1907 717 2109 779; x_wconf 84' lang='lat' dir='ltr'><strong>potest,</strong></span> 
     </span>
    </p>
   </div>
   <div class='ocr_carea' id='block_1_9' title="bbox 523 801 2115 873">
    <p class='ocr_par' dir='ltr' id='par_1_9' title="bbox 523 801 2115 873">
     <span class='ocr_line' id='line_1_9' title="bbox 523 801 2115 873; baseline -0.001 -17"><span class='ocrx_word' id='word_1_40' title='bbox 523 817 697 873; x_wconf 86' lang='lat' dir='ltr'><strong>pauca</strong></span> <span class='ocrx_word' id='word_1_41' title='bbox 720 816 789 855; x_wconf 79' lang='lat' dir='ltr'><strong>ex</strong></span> <span class='ocrx_word' id='word_1_42' title='bbox 813 801 878 855; x_wconf 89' lang='lat' dir='ltr'><strong>iis</strong></span> <span class='ocrx_word' id='word_1_43' title='bbox 904 802 1374 856; x_wconf 87' lang='lat' dir='ltr'><strong>commemorabo.</strong></span> <span class='ocrx_word' id='word_1_44' title='bbox 1402 801 1602 857; x_wconf 87' lang='lat' dir='ltr'><strong>Iisdem</strong></span> <span class='ocrx_word' id='word_1_45' title='bbox 1631 801 1973 872; x_wconf 87' lang='lat' dir='ltr'><strong>temporibus</strong></span> <span class='ocrx_word' id='word_1_46' title='bbox 1993 803 2115 870; x_wconf 86' lang='lat' dir='ltr'><strong>qui-</strong></span> 
     </span>
    </p>
   </div>
   <div class='ocr_carea' id='block_1_10' title="bbox 523 890 2110 963">
    <p class='ocr_par' dir='ltr' id='par_1_10' title="bbox 523 890 2110 963">
     <span class='ocr_line' id='line_1_10' title="bbox 523 890 2110 963; baseline -0.001 -17"><span class='ocrx_word' id='word_1_47' title='bbox 523 892 630 946; x_wconf 87' lang='lat' dir='ltr'><strong>bus</strong></span> <span class='ocrx_word' id='word_1_48' title='bbox 662 890 929 949; x_wconf 85' lang='lat' dir='ltr'><strong>Zosimas.</strong></span> <span class='ocrx_word' id='word_1_49' title='bbox 960 892 1149 947; x_wconf 89' lang='lat' dir='ltr'><strong>ﬂoruit</strong></span> <span class='ocrx_word' id='word_1_50' title='bbox 1188 895 1274 947; x_wconf 90' lang='lat' dir='ltr'><strong>vir</strong></span> <span class='ocrx_word' id='word_1_51' title='bbox 1307 894 1551 963; x_wconf 87' lang='lat' dir='ltr'><strong>quidam,</strong></span> <span class='ocrx_word' id='word_1_52' title='bbox 1584 893 1826 949; x_wconf 85' lang='lat' dir='ltr'><strong>Joannes</strong></span> <span class='ocrx_word' id='word_1_53' title='bbox 1865 893 2110 956; x_wconf 89' lang='lat' dir='ltr'><strong>nomine,</strong></span> 
     </span>
    </p>
   </div>
   <div class='ocr_carea' id='block_1_11' title="bbox 526 984 2110 1055">
    <p class='ocr_par' dir='ltr' id='par_1_11' title="bbox 526 984 2110 1055">
     <span class='ocr_line' id='line_1_11' title="bbox 526 984 2110 1055; baseline 0 -18"><span class='ocrx_word' id='word_1_54' title='bbox 526 984 907 1053; x_wconf 80' lang='lat' dir='ltr'><strong>paribus,eum</strong></span> <span class='ocrx_word' id='word_1_55' title='bbox 933 984 1150 1038; x_wconf 88' lang='lat' dir='ltr'><strong>Zosima</strong></span> <span class='ocrx_word' id='word_1_56' title='bbox 1178 985 1445 1039; x_wconf 79' lang='lat' dir='ltr'><strong>virtutum</strong></span> <span class='ocrx_word' id='word_1_57' title='bbox 1473 987 1814 1040; x_wconf 83' lang='lat' dir='ltr'><strong>ornamentis</strong></span> <span class='ocrx_word' id='word_1_58' title='bbox 1839 985 2071 1055; x_wconf 78' lang='lat' dir='ltr'><strong>insignis</strong></span> <span class='ocrx_word' id='word_1_59' title='bbox 2097 1001 2110 1037; x_wconf 92' lang='lat'>:</span> 
     </span>
    </p>
   </div>
   <div class='ocr_carea' id='block_1_12' title="bbox 526 1068 2112 1144">
    <p class='ocr_par' dir='ltr' id='par_1_12' title="bbox 526 1068 2112 1144">
     <span class='ocr_line' id='line_1_12' title="bbox 526 1068 2112 1144; baseline 0.001 -17"><span class='ocrx_word' id='word_1_60' title='bbox 526 1075 620 1143; x_wconf 89' lang='lat' dir='ltr'><strong>qui</strong></span> <span class='ocrx_word' id='word_1_61' title='bbox 672 1075 726 1128; x_wconf 92' lang='lat' dir='ltr'><strong>in</strong></span> <span class='ocrx_word' id='word_1_62' title='bbox 769 1073 1015 1129; x_wconf 88' lang='lat' dir='ltr'><strong>Chuziha</strong></span> <span class='ocrx_word' id='word_1_63' title='bbox 1049 1068 1222 1138; x_wconf 86' lang='lat' dir='ltr'><strong>laura,</strong></span> <span class='ocrx_word' id='word_1_64' title='bbox 1254 1091 1387 1144; x_wconf 57' lang='lat' dir='ltr'><strong>qua:</strong></span> <span class='ocrx_word' id='word_1_65' title='bbox 1412 1076 1516 1129; x_wconf 82' lang='lat' dir='ltr'><strong>sita</strong></span> <span class='ocrx_word' id='word_1_66' title='bbox 1550 1085 1636 1130; x_wconf 90' lang='lat' dir='ltr'><strong>est</strong></span> <span class='ocrx_word' id='word_1_67' title='bbox 1676 1076 1728 1130; x_wconf 92' lang='lat' dir='ltr'><strong>in</strong></span> <span class='ocrx_word' id='word_1_68' title='bbox 1766 1075 2112 1131; x_wconf 83' lang='lat' dir='ltr'><strong>extremitate</strong></span> 
     </span>
    </p>
   </div>
   <div class='ocr_carea' id='block_1_13' title="bbox 525 1164 2116 1241">
    <p class='ocr_par' dir='ltr' id='par_1_13' title="bbox 525 1164 2116 1241">
     <span class='ocr_line' id='line_1_13' title="bbox 525 1164 2116 1241; baseline 0.003 -25"><span class='ocrx_word' id='word_1_69' title='bbox 525 1165 691 1241; x_wconf 73' lang='lat'><strong>390</strong></span> <span class='ocrx_word' id='word_1_70' title='bbox 718 1165 874 1218; x_wconf 78' lang='lat' dir='ltr'><strong>vallis</strong></span> <span class='ocrx_word' id='word_1_71' title='bbox 898 1164 966 1218; x_wconf 84' lang='lat' dir='ltr'><strong>ad</strong></span> <span class='ocrx_word' id='word_1_72' title='bbox 996 1165 1480 1234; x_wconf 83' lang='lat' dir='ltr'><strong>septentrionalem</strong></span> <span class='ocrx_word' id='word_1_73' title='bbox 1515 1173 1721 1235; x_wconf 86' lang='lat' dir='ltr'><strong>partem</strong></span> <span class='ocrx_word' id='word_1_74' title='bbox 1754 1166 1855 1221; x_wconf 65' lang='lat' dir='ltr'><strong>vim</strong></span> <span class='ocrx_word' id='word_1_75' title='bbox 1882 1165 2116 1236; x_wconf 65' lang='lat' dir='ltr'><strong>publica:</strong></span> 
     </span>
    </p>
   </div>
   <div class='ocr_carea' id='block_1_14' title="bbox 526 1254 2114 1326">
    <p class='ocr_par' dir='ltr' id='par_1_14' title="bbox 526 1254 2114 1326">
     <span class='ocr_line' id='line_1_14' title="bbox 526 1254 2114 1326; baseline 0 -16"><span class='ocrx_word' id='word_1_76' title='bbox 526 1272 649 1325; x_wconf 59' lang='lat' dir='ltr'><strong>quae</strong></span> <span class='ocrx_word' id='word_1_77' title='bbox 692 1255 761 1310; x_wconf 90' lang='lat' dir='ltr'><strong>ab</strong></span> <span class='ocrx_word' id='word_1_78' title='bbox 812 1254 1206 1326; x_wconf 84' lang='lat' dir='ltr'><strong>Hierosolymis</strong></span> <span class='ocrx_word' id='word_1_79' title='bbox 1253 1254 1407 1309; x_wconf 89' lang='lat' dir='ltr'><strong>ducit</strong></span> <span class='ocrx_word' id='word_1_80' title='bbox 1457 1256 1900 1320; x_wconf 89' lang='lat' dir='ltr'><strong>Hierichuntem,</strong></span> <span class='ocrx_word' id='word_1_81' title='bbox 1947 1256 2114 1310; x_wconf 91' lang='lat' dir='ltr'><strong>vitam</strong></span> 
     </span>
    </p>
   </div>
   <div class='ocr_carea' id='block_1_15' title="bbox 524 1346 2116 1403">
    <p class='ocr_par' dir='ltr' id='par_1_15' title="bbox 524 1346 2116 1403">
     <span class='ocr_line' id='line_1_15' title="bbox 524 1346 2116 1403; baseline 0.001 -2"><span class='ocrx_word' id='word_1_82' title='bbox 524 1348 883 1401; x_wconf 87' lang='lat' dir='ltr'><strong>monasticam</strong></span> <span class='ocrx_word' id='word_1_83' title='bbox 923 1354 979 1401; x_wconf 91' lang='lat' dir='ltr'><strong>et</strong></span> <span class='ocrx_word' id='word_1_84' title='bbox 1012 1346 1080 1400; x_wconf 91' lang='lat' dir='ltr'><strong>ah</strong></span> <span class='ocrx_word' id='word_1_85' title='bbox 1114 1346 1263 1400; x_wconf 91' lang='lat' dir='ltr'><strong>omni</strong></span> <span class='ocrx_word' id='word_1_86' title='bbox 1298 1347 1525 1401; x_wconf 89' lang='lat' dir='ltr'><strong>materia</strong></span> <span class='ocrx_word' id='word_1_87' title='bbox 1552 1356 1820 1402; x_wconf 84' lang='lat' dir='ltr'><strong>secretam</strong></span> <span class='ocrx_word' id='word_1_88' title='bbox 1847 1363 2116 1403; x_wconf 81' lang='lat' dir='ltr'><strong>exercue-</strong></span> 
     </span>
    </p>
   </div>
   <div class='ocr_carea' id='block_1_16' title="bbox 526 1437 2113 1510">
    <p class='ocr_par' dir='ltr' id='par_1_16' title="bbox 526 1437 2113 1510">
     <span class='ocr_line' id='line_1_16' title="bbox 526 1437 2113 1510; baseline 0.001 -17"><span class='ocrx_word' id='word_1_89' title='bbox 526 1447 629 1505; x_wconf 87' lang='lat' dir='ltr'><strong>rat,</strong></span> <span class='ocrx_word' id='word_1_90' title='bbox 664 1446 721 1492; x_wconf 88' lang='lat' dir='ltr'><strong>ct</strong></span> <span class='ocrx_word' id='word_1_91' title='bbox 754 1439 847 1508; x_wconf 89' lang='lat' dir='ltr'><strong>qui</strong></span> <span class='ocrx_word' id='word_1_92' title='bbox 876 1453 1042 1507; x_wconf 88' lang='lat' dir='ltr'><strong>supra</strong></span> <span class='ocrx_word' id='word_1_93' title='bbox 1080 1446 1394 1493; x_wconf 75' lang='lat' dir='ltr'><strong>memorata:</strong></span> <span class='ocrx_word' id='word_1_94' title='bbox 1422 1439 1578 1494; x_wconf 85' lang='lat' dir='ltr'><strong>urbis</strong></span> <span class='ocrx_word' id='word_1_95' title='bbox 1601 1437 1867 1495; x_wconf 69' lang='lat' dir='ltr'><strong>Caesarem</strong></span> <span class='ocrx_word' id='word_1_96' title='bbox 1894 1440 2113 1510; x_wconf 91' lang='lat' dir='ltr'><strong>episco-</strong></span> 
     </span>
    </p>
   </div>
   <div class='ocr_carea' id='block_1_17' title="bbox 527 1528 2115 1603">
    <p class='ocr_par' dir='ltr' id='par_1_17' title="bbox 527 1528 2115 1603">
     <span class='ocr_line' id='line_1_17' title="bbox 527 1528 2115 1603; baseline 0.001 -20"><span class='ocrx_word' id='word_1_97' title='bbox 527 1541 713 1603; x_wconf 82' lang='lat' dir='ltr'><strong>patum</strong></span> <span class='ocrx_word' id='word_1_98' title='bbox 748 1531 1010 1585; x_wconf 91' lang='lat' dir='ltr'><strong>obtinuit.</strong></span> <span class='ocrx_word' id='word_1_99' title='bbox 1045 1531 1144 1585; x_wconf 87' lang='lat' dir='ltr'><strong>Hic</strong></span> <span class='ocrx_word' id='word_1_100' title='bbox 1180 1532 1346 1600; x_wconf 82' lang='lat' dir='ltr'><strong>igitur</strong></span> <span class='ocrx_word' id='word_1_101' title='bbox 1374 1528 1614 1584; x_wconf 80' lang='lat' dir='ltr'><strong>Joannes</strong></span> <span class='ocrx_word' id='word_1_102' title='bbox 1641 1529 1953 1596; x_wconf 87' lang='lat' dir='ltr'><strong>Chuzibita,</strong></span> <span class='ocrx_word' id='word_1_103' title='bbox 1988 1546 2115 1585; x_wconf 90' lang='lat' dir='ltr'><strong>cum</strong></span> 
     </span>
    </p>
   </div>
   <div class='ocr_carea' id='block_1_18' title="bbox 528 1621 2115 1692">
    <p class='ocr_par' dir='ltr' id='par_1_18' title="bbox 528 1621 2115 1692">
     <span class='ocr_line' id='line_1_18' title="bbox 528 1621 2115 1692; baseline 0 -14"><span class='ocrx_word' id='word_1_104' title='bbox 528 1624 830 1692; x_wconf 84' lang='lat' dir='ltr'><strong>supradicti</strong></span> <span class='ocrx_word' id='word_1_105' title='bbox 860 1621 1122 1677; x_wconf 79' lang='lat' dir='ltr'><strong>Arcesilai</strong></span> <span class='ocrx_word' id='word_1_106' title='bbox 1160 1638 1386 1677; x_wconf 81' lang='lat' dir='ltr'><strong>uxorem</strong></span> <span class='ocrx_word' id='word_1_107' title='bbox 1417 1622 1572 1677; x_wconf 90' lang='lat' dir='ltr'><strong>radio</strong></span> <span class='ocrx_word' id='word_1_108' title='bbox 1616 1624 1855 1677; x_wconf 57' lang='lat' dir='ltr'><strong>textorio</strong></span> <span class='ocrx_word' id='word_1_109' title='bbox 1882 1623 2115 1679; x_wconf 87' lang='lat' dir='ltr'><strong>alterum</strong></span> 
     </span>
    </p>
   </div>
   <div class='ocr_carea' id='block_1_19' title="bbox 529 1715 2116 1788">
    <p class='ocr_par' dir='ltr' id='par_1_19' title="bbox 529 1715 2116 1788">
     <span class='ocr_line' id='line_1_19' title="bbox 529 1715 2116 1788; baseline 0 -16"><span class='ocrx_word' id='word_1_110' title='bbox 529 1717 632 1773; x_wconf 79' lang='lat' dir='ltr'><strong>sibi</strong></span> <span class='ocrx_word' id='word_1_111' title='bbox 668 1717 887 1771; x_wconf 90' lang='lat' dir='ltr'><strong>oculum</strong></span> <span class='ocrx_word' id='word_1_112' title='bbox 928 1715 1188 1769; x_wconf 86' lang='lat' dir='ltr'><strong>etl&#39;odisse</strong></span> <span class='ocrx_word' id='word_1_113' title='bbox 1220 1715 1526 1780; x_wconf 86' lang='lat' dir='ltr'><strong>didicisset,</strong></span> <span class='ocrx_word' id='word_1_114' title='bbox 1559 1731 1724 1771; x_wconf 83' lang='lat' dir='ltr'><strong>cursu</strong></span> <span class='ocrx_word' id='word_1_115' title='bbox 1758 1716 1826 1771; x_wconf 91' lang='lat' dir='ltr'><strong>ad</strong></span> <span class='ocrx_word' id='word_1_116' title='bbox 1868 1717 1988 1788; x_wconf 90' lang='lat' dir='ltr'><strong>ejus</strong></span> <span class='ocrx_word' id='word_1_117' title='bbox 2013 1717 2116 1772; x_wconf 91' lang='lat' dir='ltr'><strong>do-</strong></span> 
     </span>
    </p>
   </div>
   <div class='ocr_carea' id='block_1_20' title="bbox 528 1805 2115 1882">
    <p class='ocr_par' dir='ltr' id='par_1_20' title="bbox 528 1805 2115 1882">
     <span class='ocr_line' id='line_1_20' title="bbox 528 1805 2115 1882; baseline 0 -19"><span class='ocrx_word' id='word_1_118' title='bbox 528 1825 680 1863; x_wconf 89' lang='lat' dir='ltr'><strong>mum</strong></span> <span class='ocrx_word' id='word_1_119' title='bbox 729 1808 1048 1871; x_wconf 86' lang='lat' dir='ltr'><strong>contendit,</strong></span> <span class='ocrx_word' id='word_1_120' title='bbox 1091 1807 1338 1861; x_wconf 82' lang='lat' dir='ltr'><strong>vulneris</strong></span> <span class='ocrx_word' id='word_1_121' title='bbox 1389 1805 1717 1876; x_wconf 81' lang='lat' dir='ltr'><strong>inspiciendi</strong></span> <span class='ocrx_word' id='word_1_122' title='bbox 1775 1823 1960 1863; x_wconf 86' lang='lat' dir='ltr'><strong>causa.</strong></span> <span class='ocrx_word' id='word_1_123' title='bbox 2013 1805 2115 1882; x_wconf 86' lang='lat' dir='ltr'><strong>Ubi</strong></span> 
     </span>
    </p>
   </div>
   <div class='ocr_carea' id='block_1_21' title="bbox 529 1896 2116 1967">
    <p class='ocr_par' dir='ltr' id='par_1_21' title="bbox 529 1896 2116 1967">
     <span class='ocr_line' id='line_1_21' title="bbox 529 1896 2116 1967; baseline 0.002 -17"><span class='ocrx_word' id='word_1_124' title='bbox 529 1913 662 1953; x_wconf 84' lang='lat' dir='ltr'><strong>vero</strong></span> <span class='ocrx_word' id='word_1_125' title='bbox 694 1897 1080 1952; x_wconf 78' lang='lat' dir='ltr'><strong>animadvertit</strong></span> <span class='ocrx_word' id='word_1_126' title='bbox 1130 1897 1391 1967; x_wconf 91' lang='lat' dir='ltr'><strong>pupillam</strong></span> <span class='ocrx_word' id='word_1_127' title='bbox 1446 1896 1747 1963; x_wconf 80' lang='lat' dir='ltr'><strong>excidisse,</strong></span> <span class='ocrx_word' id='word_1_128' title='bbox 1791 1907 1846 1952; x_wconf 92' lang='lat' dir='ltr'><strong>et</strong></span> <span class='ocrx_word' id='word_1_129' title='bbox 1894 1898 2116 1953; x_wconf 92' lang='lat' dir='ltr'><strong>oculum</strong></span> 
     </span>
    </p>
   </div>
   <div class='ocr_carea' id='block_1_22' title="bbox 531 1987 2117 2060">
    <p class='ocr_par' dir='ltr' id='par_1_22' title="bbox 531 1987 2117 2060">
     <span class='ocr_line' id='line_1_22' title="bbox 531 1987 2117 2060; baseline 0.002 -17"><span class='ocrx_word' id='word_1_130' title='bbox 531 1991 755 2060; x_wconf 87' lang='lat' dir='ltr'><strong>penitus</strong></span> <span class='ocrx_word' id='word_1_131' title='bbox 781 1987 1101 2053; x_wconf 76' lang='lat' dir='ltr'><strong>difﬂuxisse,</strong></span> <span class='ocrx_word' id='word_1_132' title='bbox 1140 1988 1353 2044; x_wconf 90' lang='lat' dir='ltr'><strong>medico</strong></span> <span class='ocrx_word' id='word_1_133' title='bbox 1396 1988 1614 2043; x_wconf 91' lang='lat' dir='ltr'><strong>cuidam</strong></span> <span class='ocrx_word' id='word_1_134' title='bbox 1651 1990 1745 2060; x_wconf 89' lang='lat' dir='ltr'><strong>qui</strong></span> <span class='ocrx_word' id='word_1_135' title='bbox 1792 1990 1924 2045; x_wconf 89' lang='lat' dir='ltr'><strong>illuc</strong></span> <span class='ocrx_word' id='word_1_136' title='bbox 1948 1990 2117 2046; x_wconf 86' lang='lat' dir='ltr'><strong>adve-</strong></span> 
     </span>
    </p>
   </div>
   <div class='ocr_carea' id='block_1_23' title="bbox 535 2081 2171 2152">
    <p class='ocr_par' dir='ltr' id='par_1_23' title="bbox 535 2081 2171 2152">
     <span class='ocr_line' id='line_1_23' title="bbox 535 2081 2171 2152; baseline 0.001 -16"><span class='ocrx_word' id='word_1_137' title='bbox 535 2090 713 2146; x_wconf 88' lang='lat' dir='ltr'><strong>nerat,</strong></span> <span class='ocrx_word' id='word_1_138' title='bbox 756 2083 1018 2151; x_wconf 70' lang='lat' dir='ltr'><strong>praecepit</strong></span> <span class='ocrx_word' id='word_1_139' title='bbox 1074 2091 1134 2136; x_wconf 90' lang='lat' dir='ltr'><strong>ut</strong></span> <span class='ocrx_word' id='word_1_140' title='bbox 1178 2081 1462 2152; x_wconf 82' lang='lat' dir='ltr'><strong>spongiam</strong></span> <span class='ocrx_word' id='word_1_141' title='bbox 1508 2081 1753 2147; x_wconf 79' lang='lat' dir='ltr'><strong>aﬂ‘errct,</strong></span> <span class='ocrx_word' id='word_1_142' title='bbox 1797 2091 1854 2138; x_wconf 89' lang='lat' dir='ltr'><strong>et</strong></span> <span class='ocrx_word' id='word_1_143' title='bbox 1894 2084 2114 2138; x_wconf 91' lang='lat' dir='ltr'><strong>oculum</strong></span> <span class='ocrx_word' id='word_1_144' title='bbox 2159 2107 2171 2119; x_wconf 90' lang='lat'><strong>-</strong></span> 
     </span>
    </p>
   </div>
   <div class='ocr_carea' id='block_1_24' title="bbox 534 2173 2115 2246">
    <p class='ocr_par' dir='ltr' id='par_1_24' title="bbox 534 2173 2115 2246">
     <span class='ocr_line' id='line_1_24' title="bbox 534 2173 2115 2246; baseline 0.002 -18"><span class='ocrx_word' id='word_1_145' title='bbox 534 2175 828 2244; x_wconf 86' lang='lat' dir='ltr'><strong>dilapsum,</strong></span> <span class='ocrx_word' id='word_1_146' title='bbox 862 2173 1044 2243; x_wconf 89' lang='lat' dir='ltr'><strong>quoad</strong></span> <span class='ocrx_word' id='word_1_147' title='bbox 1078 2174 1198 2228; x_wconf 83' lang='lat' dir='ltr'><strong>ﬁeri</strong></span> <span class='ocrx_word' id='word_1_148' title='bbox 1225 2183 1428 2242; x_wconf 86' lang='lat' dir='ltr'><strong>posset,</strong></span> <span class='ocrx_word' id='word_1_149' title='bbox 1459 2173 1515 2228; x_wconf 90' lang='lat' dir='ltr'><strong>in</strong></span> <span class='ocrx_word' id='word_1_150' title='bbox 1548 2175 1735 2229; x_wconf 90' lang='lat' dir='ltr'><strong>sedem</strong></span> <span class='ocrx_word' id='word_1_151' title='bbox 1766 2190 1919 2230; x_wconf 90' lang='lat' dir='ltr'><strong>suam</strong></span> <span class='ocrx_word' id='word_1_152' title='bbox 1953 2192 2115 2246; x_wconf 85' lang='lat' dir='ltr'><strong>repo-</strong></span> 
     </span>
    </p>
   </div>
   <div class='ocr_carea' id='block_1_25' title="bbox 535 2251 2117 2337">
    <p class='ocr_par' dir='ltr' id='par_1_25' title="bbox 535 2251 2117 2337">
     <span class='ocr_line' id='line_1_25' title="bbox 535 2251 2117 2337; baseline 0.001 -16"><span class='ocrx_word' id='word_1_153' title='bbox 535 2278 695 2323; x_wconf 87' lang='lat' dir='ltr'><strong>neret</strong></span> <span class='ocrx_word' id='word_1_154' title='bbox 740 2285 754 2321; x_wconf 89' lang='lat'><strong>:</strong></span> <span class='ocrx_word' id='word_1_155' title='bbox 805 2268 1086 2337; x_wconf 77' lang='lat' dir='ltr'><strong>spongiam</strong></span> <span class='ocrx_word' id='word_1_156' title='bbox 1135 2251 1400 2336; x_wconf 35' lang='lat' dir='ltr'><strong>denique.</strong></span> <span class='ocrx_word' id='word_1_157' title='bbox 1429 2266 1875 2336; x_wconf 89' lang='lat' dir='ltr'><strong>circumpositam</strong></span> <span class='ocrx_word' id='word_1_158' title='bbox 1933 2267 2117 2323; x_wconf 81' lang='lat' dir='ltr'><strong>fasciis</strong></span> 
     </span>
    </p>
   </div>
   <div class='ocr_carea' id='block_1_26' title="bbox 508 2358 2119 2428">
    <p class='ocr_par' dir='ltr' id='par_1_26' title="bbox 508 2358 2119 2428">
     <span class='ocr_line' id='line_1_26' title="bbox 508 2358 2119 2428; baseline 0 -16"><span class='ocrx_word' id='word_1_159' title='bbox 508 2358 804 2428; x_wconf 69' lang='lat' dir='ltr'><strong>‘alligaret.</strong></span> <span class='ocrx_word' id='word_1_160' title='bbox 841 2358 1047 2412; x_wconf 83' lang='lat' dir='ltr'><strong>Aberat</strong></span> <span class='ocrx_word' id='word_1_161' title='bbox 1077 2366 1208 2412; x_wconf 91' lang='lat' dir='ltr'><strong>tunc</strong></span> <span class='ocrx_word' id='word_1_162' title='bbox 1251 2358 1388 2412; x_wconf 82' lang='lat' dir='ltr'><strong>forte</strong></span> <span class='ocrx_word' id='word_1_163' title='bbox 1422 2358 1752 2413; x_wconf 89' lang='lat' dir='ltr'><strong>Arcesilaus.</strong></span> <span class='ocrx_word' id='word_1_164' title='bbox 1784 2358 2119 2414; x_wconf 83' lang='lat' dir='ltr'><strong>Versabatur</strong></span> 
     </span>
    </p>
   </div>
   <div class='ocr_carea' id='block_1_27' title="bbox 537 2448 2116 2519">
    <p class='ocr_par' dir='ltr' id='par_1_27' title="bbox 537 2448 2116 2519">
     <span class='ocr_line' id='line_1_27' title="bbox 537 2448 2116 2519; baseline 0.001 -18"><span class='ocrx_word' id='word_1_165' title='bbox 537 2449 685 2502; x_wconf 88' lang='lat' dir='ltr'><strong>enim</strong></span> <span class='ocrx_word' id='word_1_166' title='bbox 718 2463 784 2503; x_wconf 92' lang='lat' dir='ltr'><strong>eo</strong></span> <span class='ocrx_word' id='word_1_167' title='bbox 820 2458 1065 2517; x_wconf 90' lang='lat' dir='ltr'><strong>tempore</strong></span> <span class='ocrx_word' id='word_1_168' title='bbox 1095 2464 1219 2503; x_wconf 89' lang='lat' dir='ltr'><strong>cum</strong></span> <span class='ocrx_word' id='word_1_169' title='bbox 1251 2448 1486 2511; x_wconf 87' lang='lat' dir='ltr'><strong>Zosima,</strong></span> <span class='ocrx_word' id='word_1_170' title='bbox 1516 2449 1573 2502; x_wconf 85' lang='lat' dir='ltr'><strong>in</strong></span> <span class='ocrx_word' id='word_1_171' title='bbox 1607 2450 1728 2519; x_wconf 86' lang='lat' dir='ltr'><strong>ejus</strong></span> <span class='ocrx_word' id='word_1_172' title='bbox 1764 2450 2116 2516; x_wconf 90' lang='lat' dir='ltr'><strong>monasterio,</strong></span> 
     </span>
    </p>
   </div>
   <div class='ocr_carea' id='block_1_28' title="bbox 538 2539 2119 2611">
    <p class='ocr_par' dir='ltr' id='par_1_28' title="bbox 538 2539 2119 2611">
     <span class='ocr_line' id='line_1_28' title="bbox 538 2539 2119 2611; baseline 0.002 -18"><span class='ocrx_word' id='word_1_173' title='bbox 538 2540 685 2608; x_wconf 86' lang='lat' dir='ltr'><strong>quod</strong></span> <span class='ocrx_word' id='word_1_174' title='bbox 721 2541 883 2595; x_wconf 89' lang='lat' dir='ltr'><strong>situm</strong></span> <span class='ocrx_word' id='word_1_175' title='bbox 911 2548 1030 2595; x_wconf 90' lang='lat' dir='ltr'><strong>erat</strong></span> <span class='ocrx_word' id='word_1_176' title='bbox 1066 2540 1120 2595; x_wconf 90' lang='lat' dir='ltr'><strong>in</strong></span> <span class='ocrx_word' id='word_1_177' title='bbox 1151 2542 1272 2596; x_wconf 88' lang='lat' dir='ltr'><strong>vico</strong></span> <span class='ocrx_word' id='word_1_178' title='bbox 1314 2539 1708 2608; x_wconf 91' lang='lat' dir='ltr'><strong>Sindenorum,</strong></span> <span class='ocrx_word' id='word_1_179' title='bbox 1750 2541 1845 2611; x_wconf 90' lang='lat' dir='ltr'><strong>qui</strong></span> <span class='ocrx_word' id='word_1_180' title='bbox 1888 2542 1956 2596; x_wconf 91' lang='lat' dir='ltr'><strong>ab</strong></span> <span class='ocrx_word' id='word_1_181' title='bbox 1984 2542 2119 2596; x_wconf 88' lang='lat' dir='ltr'><strong>urbe</strong></span> 
     </span>
    </p>
   </div>
   <div class='ocr_carea' id='block_1_29' title="bbox 538 2630 2121 2703">
    <p class='ocr_par' dir='ltr' id='par_1_29' title="bbox 538 2630 2121 2703">
     <span class='ocr_line' id='line_1_29' title="bbox 538 2630 2121 2703; baseline 0 -15"><span class='ocrx_word' id='word_1_182' title='bbox 538 2633 784 2688; x_wconf 65' lang='lat' dir='ltr'><strong>Caesarea</strong></span> <span class='ocrx_word' id='word_1_183' title='bbox 835 2630 1172 2703; x_wconf 77' lang='lat' dir='ltr'><strong>quingentis</strong></span> <span class='ocrx_word' id='word_1_184' title='bbox 1201 2633 1427 2688; x_wconf 89' lang='lat' dir='ltr'><strong>circiter</strong></span> <span class='ocrx_word' id='word_1_185' title='bbox 1476 2633 1668 2689; x_wconf 90' lang='lat' dir='ltr'><strong>stadiis</strong></span> <span class='ocrx_word' id='word_1_186' title='bbox 1704 2634 1890 2689; x_wconf 88' lang='lat' dir='ltr'><strong>distat.</strong></span> <span class='ocrx_word' id='word_1_187' title='bbox 1925 2635 2121 2690; x_wconf 89' lang='lat' dir='ltr'><strong>Statim</strong></span> 
     </span>
    </p>
   </div>
   <div class='ocr_carea' id='block_1_30' title="bbox 543 2725 2122 2796">
    <p class='ocr_par' dir='ltr' id='par_1_30' title="bbox 543 2725 2122 2796">
     <span class='ocr_line' id='line_1_30' title="bbox 543 2725 2122 2796; baseline 0.001 -18"><span class='ocrx_word' id='word_1_188' title='bbox 543 2725 709 2794; x_wconf 83' lang='lat' dir='ltr'><strong>igitur</strong></span> <span class='ocrx_word' id='word_1_189' title='bbox 748 2725 1164 2780; x_wconf 82' lang='lat' dir='ltr'><strong>contentissimo</strong></span> <span class='ocrx_word' id='word_1_190' title='bbox 1197 2740 1362 2779; x_wconf 89' lang='lat' dir='ltr'><strong>cursu</strong></span> <span class='ocrx_word' id='word_1_191' title='bbox 1394 2734 1697 2796; x_wconf 89' lang='lat' dir='ltr'><strong>properant</strong></span> <span class='ocrx_word' id='word_1_192' title='bbox 1728 2727 1823 2796; x_wconf 89' lang='lat' dir='ltr'><strong>qui</strong></span> <span class='ocrx_word' id='word_1_193' title='bbox 1869 2726 1986 2782; x_wconf 58' lang='lat' dir='ltr'><strong>haec</strong></span> <span class='ocrx_word' id='word_1_194' title='bbox 2016 2727 2122 2781; x_wconf 82' lang='lat' dir='ltr'><strong>Ar-</strong></span> 
     </span>
    </p>
   </div>
   <div class='ocr_carea' id='block_1_31' title="bbox 542 2817 2125 2890">
    <p class='ocr_par' dir='ltr' id='par_1_31' title="bbox 542 2817 2125 2890">
     <span class='ocr_line' id='line_1_31' title="bbox 542 2817 2125 2890; baseline 0.001 -19"><span class='ocrx_word' id='word_1_195' title='bbox 542 2817 747 2871; x_wconf 87' lang='lat' dir='ltr'><strong>cesilao</strong></span> <span class='ocrx_word' id='word_1_196' title='bbox 787 2817 1128 2872; x_wconf 89' lang='lat' dir='ltr'><strong>nuntiarent.</strong></span> <span class='ocrx_word' id='word_1_197' title='bbox 1158 2817 1394 2873; x_wconf 88' lang='lat' dir='ltr'><strong>Sedchat</strong></span> <span class='ocrx_word' id='word_1_198' title='bbox 1426 2820 1470 2873; x_wconf 91' lang='lat' dir='ltr'><strong>is</strong></span> <span class='ocrx_word' id='word_1_199' title='bbox 1495 2820 1651 2890; x_wconf 81' lang='lat' dir='ltr'><strong>juxta</strong></span> <span class='ocrx_word' id='word_1_200' title='bbox 1684 2819 1980 2883; x_wconf 89' lang='lat' dir='ltr'><strong>Zosimam,</strong></span> <span class='ocrx_word' id='word_1_201' title='bbox 2006 2835 2125 2874; x_wconf 89' lang='lat' dir='ltr'><strong>ser-</strong></span> 
     </span>
    </p>
   </div>
   <div class='ocr_carea' id='block_1_32' title="bbox 543 2909 2122 2977">
    <p class='ocr_par' dir='ltr' id='par_1_32' title="bbox 543 2909 2122 2977">
     <span class='ocr_line' id='line_1_32' title="bbox 543 2909 2122 2977; baseline 0.003 -15"><span class='ocrx_word' id='word_1_202' title='bbox 543 2924 764 2962; x_wconf 90' lang='lat' dir='ltr'><strong>monem</strong></span> <span class='ocrx_word' id='word_1_203' title='bbox 808 2924 932 2963; x_wconf 92' lang='lat' dir='ltr'><strong>cum</strong></span> <span class='ocrx_word' id='word_1_204' title='bbox 982 2925 1050 2963; x_wconf 89' lang='lat' dir='ltr'><strong>eo</strong></span> <span class='ocrx_word' id='word_1_205' title='bbox 1099 2909 1409 2965; x_wconf 79' lang='lat' dir='ltr'><strong>conferens.</strong></span> <span class='ocrx_word' id='word_1_206' title='bbox 1464 2910 1568 2977; x_wconf 88' lang='lat' dir='ltr'><strong>Qui</strong></span> <span class='ocrx_word' id='word_1_207' title='bbox 1619 2910 1781 2966; x_wconf 91' lang='lat' dir='ltr'><strong>simul</strong></span> <span class='ocrx_word' id='word_1_208' title='bbox 1829 2926 1893 2967; x_wconf 90' lang='lat' dir='ltr'><strong>ac</strong></span> <span class='ocrx_word' id='word_1_209' title='bbox 1934 2926 2122 2966; x_wconf 90' lang='lat' dir='ltr'><strong>casum</strong></span> 
     </span>
    </p>
   </div>
   <div class='ocr_carea' id='block_1_33' title="bbox 2118 1244 2152 1264">
    <p class='ocr_par' dir='ltr' id='par_1_33' title="bbox 2118 1244 2152 1264">
     <span class='ocr_line' id='line_1_33' title="bbox 2118 1244 2152 1264; baseline 0 -2"><span class='ocrx_word' id='word_1_210' title='bbox 2118 1244 2152 1264; x_wconf 48' lang='grc' dir='ltr'><strong><em>ἡ</em></strong></span> 
     </span>
    </p>
   </div>
   <div class='ocr_carea' id='block_1_34' title="bbox 2213 529 3817 605">
    <p class='ocr_par' dir='ltr' id='par_1_34' title="bbox 2213 529 3817 605">
     <span class='ocr_line' id='line_1_34' title="bbox 2213 529 3817 605; baseline 0.003 -22"><span class='ocrx_word' id='word_1_211' title='bbox 2213 532 2431 602; x_wconf 74' lang='grc' dir='ltr'>ήκμαιζε</span> <span class='ocrx_word' id='word_1_212' title='bbox 2455 529 2534 600; x_wconf 82' lang='grc' dir='ltr'>τῷ</span> <span class='ocrx_word' id='word_1_213' title='bbox 2558 532 2783 602; x_wconf 78' lang='grc' dir='ltr'>Ζωσιμᾷ</span> <span class='ocrx_word' id='word_1_214' title='bbox 2806 532 3229 603; x_wconf 72' lang='grc' dir='ltr'>άνὴρ,ἰωάννης</span> <span class='ocrx_word' id='word_1_215' title='bbox 3253 533 3516 604; x_wconf 74' lang='grc' dir='ltr'>τοῦνομα,</span> <span class='ocrx_word' id='word_1_216' title='bbox 3534 536 3662 596; x_wconf 86' lang='grc' dir='ltr'>ταῖς</span> <span class='ocrx_word' id='word_1_217' title='bbox 3685 535 3817 605; x_wconf 74' lang='grc' dir='ltr'><strong>ἀρι-</strong></span> 
     </span>
    </p>
   </div>
   <div class='ocr_carea' id='block_1_35' title="bbox 2212 620 3816 696">
    <p class='ocr_par' dir='ltr' id='par_1_35' title="bbox 2212 620 3816 696">
     <span class='ocr_line' id='line_1_35' title="bbox 2212 620 3816 696; baseline 0.003 -22"><span class='ocrx_word' id='word_1_218' title='bbox 2212 624 2334 685; x_wconf 87' lang='grc' dir='ltr'>ταῖς</span> <span class='ocrx_word' id='word_1_219' title='bbox 2363 620 2745 692; x_wconf 86' lang='grc' dir='ltr'>παραπλήσιος</span> <span class='ocrx_word' id='word_1_220' title='bbox 2770 624 2832 675; x_wconf 83' lang='grc' dir='ltr'><strong>ἐν</strong></span> <span class='ocrx_word' id='word_1_221' title='bbox 2848 622 3091 695; x_wconf 79' lang='grc' dir='ltr'>Χουζιδᾷ</span> <span class='ocrx_word' id='word_1_222' title='bbox 3121 625 3233 696; x_wconf 77' lang='grc'><strong>(50)</strong></span> <span class='ocrx_word' id='word_1_223' title='bbox 3267 627 3334 696; x_wconf 77' lang='grc' dir='ltr'>τῇ</span> <span class='ocrx_word' id='word_1_224' title='bbox 3366 626 3590 696; x_wconf 76' lang='grc' dir='ltr'>Δαύρα.</span> <span class='ocrx_word' id='word_1_225' title='bbox 3615 626 3816 679; x_wconf 74' lang='grc' dir='ltr'>Κεῖται</span> 
     </span>
    </p>
   </div>
   <div class='ocr_carea' id='block_1_36' title="bbox 2213 712 3814 789">
    <p class='ocr_par' dir='ltr' id='par_1_36' title="bbox 2213 712 3814 789">
     <span class='ocr_line' id='line_1_36' title="bbox 2213 712 3814 789; baseline 0.001 -21"><span class='ocrx_word' id='word_1_226' title='bbox 2213 715 2269 768; x_wconf 88' lang='grc' dir='ltr'><strong>δέ</strong></span> <span class='ocrx_word' id='word_1_227' title='bbox 2306 712 2444 783; x_wconf 82' lang='grc' dir='ltr'>πρὸς</span> <span class='ocrx_word' id='word_1_228' title='bbox 2470 715 2538 784; x_wconf 82' lang='grc' dir='ltr'>τῇ</span> <span class='ocrx_word' id='word_1_229' title='bbox 2570 714 2799 785; x_wconf 82' lang='grc' dir='ltr'>ἐσχατιᾷ</span> <span class='ocrx_word' id='word_1_230' title='bbox 2826 715 2923 783; x_wconf 85' lang='grc' dir='ltr'>τῆς</span> <span class='ocrx_word' id='word_1_231' title='bbox 2964 716 3265 786; x_wconf 79' lang='grc' dir='ltr'><strong>χαράδρας,</strong></span> <span class='ocrx_word' id='word_1_232' title='bbox 3316 715 3421 769; x_wconf 81' lang='grc' dir='ltr'><strong>ἀνὰ</strong></span> <span class='ocrx_word' id='word_1_233' title='bbox 3468 716 3534 769; x_wconf 78' lang='grc' dir='ltr'>τὸ</span> <span class='ocrx_word' id='word_1_234' title='bbox 3556 716 3814 789; x_wconf 79' lang='grc' dir='ltr'>ἀρκτῷον</span> 
     </span>
    </p>
   </div>
   <div class='ocr_carea' id='block_1_37' title="bbox 2217 790 3813 880">
    <p class='ocr_par' dir='ltr' id='par_1_37' title="bbox 2217 790 3813 880">
     <span class='ocr_line' id='line_1_37' title="bbox 2217 790 3813 880; baseline 0.002 -21"><span class='ocrx_word' id='word_1_235' title='bbox 2217 790 2384 875; x_wconf 88' lang='grc' dir='ltr'>μέρος</span> <span class='ocrx_word' id='word_1_236' title='bbox 2409 807 2508 877; x_wconf 82' lang='grc' dir='ltr'>τῆς</span> <span class='ocrx_word' id='word_1_237' title='bbox 2536 806 2839 878; x_wconf 81' lang='grc' dir='ltr'><strong>λεωφόρου,</strong></span> <span class='ocrx_word' id='word_1_238' title='bbox 2874 808 2974 877; x_wconf 82' lang='grc' dir='ltr'>τῆς</span> <span class='ocrx_word' id='word_1_239' title='bbox 3011 810 3289 880; x_wconf 78' lang='grc' dir='ltr'><strong>φερούσης</strong></span> <span class='ocrx_word' id='word_1_240' title='bbox 3319 810 3452 871; x_wconf 80' lang='grc' dir='ltr'>τοὺς</span> <span class='ocrx_word' id='word_1_241' title='bbox 3480 809 3813 880; x_wconf 87' lang='grc' dir='ltr'>διαπορευο-</span> 
     </span>
    </p>
   </div>
   <div class='ocr_carea' id='block_1_38' title="bbox 2217 897 3812 969">
    <p class='ocr_par' dir='ltr' id='par_1_38' title="bbox 2217 897 3812 969">
     <span class='ocr_line' id='line_1_38' title="bbox 2217 897 3812 969; baseline 0.001 -19"><span class='ocrx_word' id='word_1_242' title='bbox 2217 898 2413 965; x_wconf 85' lang='grc' dir='ltr'>μένους</span> <span class='ocrx_word' id='word_1_243' title='bbox 2444 897 2503 965; x_wconf 81' lang='grc' dir='ltr'><strong>ἐξ</strong></span> <span class='ocrx_word' id='word_1_244' title='bbox 2554 898 2947 969; x_wconf 84' lang='grc' dir='ltr'>Ἱεροσολύμων</span> <span class='ocrx_word' id='word_1_245' title='bbox 2972 900 3065 951; x_wconf 85' lang='grc' dir='ltr'>ἐπὶ</span> <span class='ocrx_word' id='word_1_246' title='bbox 3103 899 3200 968; x_wconf 65' lang='grc' dir='ltr'>τήν</span> <span class='ocrx_word' id='word_1_247' title='bbox 3238 898 3599 968; x_wconf 83' lang='grc' dir='ltr'>Ἱεριχονοίων</span> <span class='ocrx_word' id='word_1_248' title='bbox 3635 899 3812 966; x_wconf 82' lang='grc' dir='ltr'>πόλιν,</span> 
     </span>
    </p>
   </div>
   <div class='ocr_carea' id='block_1_39' title="bbox 2213 986 3815 1058">
    <p class='ocr_par' dir='ltr' id='par_1_39' title="bbox 2213 986 3815 1058">
     <span class='ocr_line' id='line_1_39' title="bbox 2213 986 3815 1058; baseline 0.001 -19"><span class='ocrx_word' id='word_1_249' title='bbox 2213 987 2306 1039; x_wconf 73' lang='grc' dir='ltr'><strong>τὸν</strong></span> <span class='ocrx_word' id='word_1_250' title='bbox 2341 989 2548 1058; x_wconf 80' lang='grc' dir='ltr'>μονήρη</span> <span class='ocrx_word' id='word_1_251' title='bbox 2581 1004 2643 1040; x_wconf 84' lang='grc' dir='ltr'><strong>τε</strong></span> <span class='ocrx_word' id='word_1_252' title='bbox 2689 987 2783 1040; x_wconf 82' lang='grc' dir='ltr'>καὶ</span> <span class='ocrx_word' id='word_1_253' title='bbox 2830 987 2993 1041; x_wconf 77' lang='grc' dir='ltr'>άῦλον</span> <span class='ocrx_word' id='word_1_254' title='bbox 3028 988 3394 1050; x_wconf 76' lang='grc' dir='ltr'><strong>διαπαλαίσας</strong></span> <span class='ocrx_word' id='word_1_255' title='bbox 3423 986 3562 1058; x_wconf 86' lang='grc' dir='ltr'>βίον,</span> <span class='ocrx_word' id='word_1_256' title='bbox 3584 988 3815 1041; x_wconf 69' lang='grc' dir='ltr'>ἐπισκο-</span> 
     </span>
    </p>
   </div>
   <div class='ocr_carea' id='block_1_40' title="bbox 2216 1077 3810 1149">
    <p class='ocr_par' dir='ltr' id='par_1_40' title="bbox 2216 1077 3810 1149">
     <span class='ocr_line' id='line_1_40' title="bbox 2216 1077 3810 1149; baseline 0.001 -18"><span class='ocrx_word' id='word_1_257' title='bbox 2216 1078 2400 1147; x_wconf 83' lang='grc' dir='ltr'>πήσας</span> <span class='ocrx_word' id='word_1_258' title='bbox 2432 1077 2490 1130; x_wconf 84' lang='grc' dir='ltr'>δὲ</span> <span class='ocrx_word' id='word_1_259' title='bbox 2536 1077 2635 1148; x_wconf 85' lang='grc' dir='ltr'><strong>τὴν</strong></span> <span class='ocrx_word' id='word_1_260' title='bbox 2683 1079 2983 1149; x_wconf 78' lang='grc' dir='ltr'>εἰρημένην</span> <span class='ocrx_word' id='word_1_261' title='bbox 3029 1095 3121 1147; x_wconf 89' lang='grc' dir='ltr'><strong>μοι</strong></span> <span class='ocrx_word' id='word_1_262' title='bbox 3159 1079 3443 1149; x_wconf 85' lang='grc' dir='ltr'>Καίσαρος</span> <span class='ocrx_word' id='word_1_263' title='bbox 3480 1079 3642 1132; x_wconf 80' lang='grc' dir='ltr'>πόλιν</span> <span class='ocrx_word' id='word_1_264' title='bbox 3676 1079 3810 1147; x_wconf 77' lang='lat'><strong>(3|).</strong></span> 
     </span>
    </p>
   </div>
   <div class='ocr_carea' id='block_1_41' title="bbox 2218 1162 3813 1239">
    <p class='ocr_par' dir='ltr' id='par_1_41' title="bbox 2218 1162 3813 1239">
     <span class='ocr_line' id='line_1_41' title="bbox 2218 1162 3813 1239; baseline 0.001 -17"><span class='ocrx_word' id='word_1_265' title='bbox 2218 1162 2385 1231; x_wconf 75' lang='grc' dir='ltr'>Οὗτος</span> <span class='ocrx_word' id='word_1_266' title='bbox 2415 1170 2443 1221; x_wconf 86' lang='grc' dir='ltr'>ὁ</span> <span class='ocrx_word' id='word_1_267' title='bbox 2465 1169 2766 1239; x_wconf 82' lang='grc' dir='ltr'>Ἰωάννηςό</span> <span class='ocrx_word' id='word_1_268' title='bbox 2796 1168 3147 1239; x_wconf 76' lang='grc' dir='ltr'>Χουζιόίτης,</span> <span class='ocrx_word' id='word_1_269' title='bbox 3175 1170 3298 1221; x_wconf 84' lang='grc' dir='ltr'>ἐπεὶ</span> <span class='ocrx_word' id='word_1_270' title='bbox 3320 1169 3418 1239; x_wconf 76' lang='grc' dir='ltr'><strong>τὴν</strong></span> <span class='ocrx_word' id='word_1_271' title='bbox 3451 1170 3813 1239; x_wconf 75' lang='grc' dir='ltr'>’Δρκεσιλάου</span> 
     </span>
    </p>
   </div>
   <div class='ocr_carea' id='block_1_42' title="bbox 2215 1259 3812 1331">
    <p class='ocr_par' dir='ltr' id='par_1_42' title="bbox 2215 1259 3812 1331">
     <span class='ocr_line' id='line_1_42' title="bbox 2215 1259 3812 1331; baseline 0.001 -16"><span class='ocrx_word' id='word_1_272' title='bbox 2215 1261 2311 1315; x_wconf 84' lang='grc' dir='ltr'>τοῦ</span> <span class='ocrx_word' id='word_1_273' title='bbox 2355 1260 2686 1331; x_wconf 81' lang='grc' dir='ltr'><strong>λελεγμένου</strong></span> <span class='ocrx_word' id='word_1_274' title='bbox 2736 1277 2827 1330; x_wconf 88' lang='grc' dir='ltr'><strong>μοι</strong></span> <span class='ocrx_word' id='word_1_275' title='bbox 2867 1263 3105 1328; x_wconf 86' lang='grc' dir='ltr'>γυναῖκα</span> <span class='ocrx_word' id='word_1_276' title='bbox 3144 1264 3375 1331; x_wconf 65' lang='grc' dir='ltr'>ἠκηκόει</span> <span class='ocrx_word' id='word_1_277' title='bbox 3424 1259 3663 1331; x_wconf 79' lang='grc' dir='ltr'>θάτερον</span> <span class='ocrx_word' id='word_1_278' title='bbox 3705 1264 3812 1316; x_wconf 81' lang='grc' dir='ltr'>τοῖν</span> 
     </span>
    </p>
   </div>
   <div class='ocr_carea' id='block_1_43' title="bbox 2217 1352 3812 1425">
    <p class='ocr_par' dir='ltr' id='par_1_43' title="bbox 2217 1352 3812 1425">
     <span class='ocr_line' id='line_1_43' title="bbox 2217 1352 3812 1425; baseline 0 -18"><span class='ocrx_word' id='word_1_279' title='bbox 2217 1352 2517 1423; x_wconf 73' lang='grc' dir='ltr'>ὀφθαλμοῖν</span> <span class='ocrx_word' id='word_1_280' title='bbox 2546 1353 2650 1405; x_wconf 73' lang='grc' dir='ltr'>ὑπὸ</span> <span class='ocrx_word' id='word_1_281' title='bbox 2673 1352 2922 1424; x_wconf 80' lang='grc' dir='ltr'><strong>κερκίδος</strong></span> <span class='ocrx_word' id='word_1_282' title='bbox 2938 1352 3264 1416; x_wconf 73' lang='grc' dir='ltr'>ἐκκοπέντα,</span> <span class='ocrx_word' id='word_1_283' title='bbox 3286 1352 3543 1423; x_wconf 85' lang='grc' dir='ltr'>δρομαῖος</span> <span class='ocrx_word' id='word_1_284' title='bbox 3556 1354 3651 1424; x_wconf 73' lang='grc' dir='ltr'>ᾔει</span> <span class='ocrx_word' id='word_1_285' title='bbox 3677 1355 3812 1425; x_wconf 74' lang='grc' dir='ltr'>πρὸς</span> 
     </span>
    </p>
   </div>
   <div class='ocr_carea' id='block_1_44' title="bbox 2218 1442 3809 1516">
    <p class='ocr_par' dir='ltr' id='par_1_44' title="bbox 2218 1442 3809 1516">
     <span class='ocr_line' id='line_1_44' title="bbox 2218 1442 3809 1516; baseline 0.001 -18"><span class='ocrx_word' id='word_1_286' title='bbox 2218 1444 2389 1516; x_wconf 80' lang='grc' dir='ltr'>αὐτὴν</span> <span class='ocrx_word' id='word_1_287' title='bbox 2411 1444 2470 1498; x_wconf 84' lang='grc' dir='ltr'>τὺ</span> <span class='ocrx_word' id='word_1_288' title='bbox 2499 1444 2669 1509; x_wconf 87' lang='grc' dir='ltr'>πάθος</span> <span class='ocrx_word' id='word_1_289' title='bbox 2695 1444 3148 1515; x_wconf 76' lang='grc' dir='ltr'>ἐπισκεψόμενος.</span> <span class='ocrx_word' id='word_1_290' title='bbox 3194 1445 3281 1508; x_wconf 82' lang='grc' dir='ltr'>Ὠς</span> <span class='ocrx_word' id='word_1_291' title='bbox 3321 1444 3371 1499; x_wconf 87' lang='grc' dir='ltr'>δ’</span> <span class='ocrx_word' id='word_1_292' title='bbox 3414 1442 3511 1499; x_wconf 78' lang='grc' dir='ltr'><strong>οὖν</strong></span> <span class='ocrx_word' id='word_1_293' title='bbox 3547 1447 3809 1500; x_wconf 77' lang='grc' dir='ltr'>ἐθεάσατο</span> 
     </span>
    </p>
   </div>
   <div class='ocr_carea' id='block_1_45' title="bbox 2218 1531 3808 1607">
    <p class='ocr_par' dir='ltr' id='par_1_45' title="bbox 2218 1531 3808 1607">
     <span class='ocr_line' id='line_1_45' title="bbox 2218 1531 3808 1607; baseline 0.004 -23"><span class='ocrx_word' id='word_1_294' title='bbox 2218 1531 2318 1603; x_wconf 76' lang='grc' dir='ltr'>τήν</span> <span class='ocrx_word' id='word_1_295' title='bbox 2350 1550 2410 1585; x_wconf 89' lang='grc' dir='ltr'><strong>τε</strong></span> <span class='ocrx_word' id='word_1_296' title='bbox 2447 1533 2615 1605; x_wconf 85' lang='grc' dir='ltr'>κόρην</span> <span class='ocrx_word' id='word_1_297' title='bbox 2646 1535 3011 1596; x_wconf 79' lang='grc' dir='ltr'>ἐκπεσοῦσαν,</span> <span class='ocrx_word' id='word_1_298' title='bbox 3058 1534 3239 1587; x_wconf 76' lang='grc' dir='ltr'>τέλεόν</span> <span class='ocrx_word' id='word_1_299' title='bbox 3271 1552 3330 1588; x_wconf 89' lang='grc' dir='ltr'><strong>τε</strong></span> <span class='ocrx_word' id='word_1_300' title='bbox 3385 1535 3477 1589; x_wconf 81' lang='grc' dir='ltr'><strong>τὸν</strong></span> <span class='ocrx_word' id='word_1_301' title='bbox 3528 1535 3808 1607; x_wconf 75' lang='grc' dir='ltr'>ὀφθαλμὸν</span> 
     </span>
    </p>
   </div>
   <div class='ocr_carea' id='block_1_46' title="bbox 2218 1624 3803 1700">
    <p class='ocr_par' dir='ltr' id='par_1_46' title="bbox 2218 1624 3803 1700">
     <span class='ocr_line' id='line_1_46' title="bbox 2218 1624 3803 1700; baseline 0.002 -23"><span class='ocrx_word' id='word_1_302' title='bbox 2218 1624 2568 1697; x_wconf 78' lang='grc' dir='ltr'>διαῤῥυέντα,</span> <span class='ocrx_word' id='word_1_303' title='bbox 2598 1626 2838 1693; x_wconf 81' lang='grc' dir='ltr'>σπόγγον</span> <span class='ocrx_word' id='word_1_304' title='bbox 2873 1626 3152 1679; x_wconf 75' lang='grc' dir='ltr'><strong>ἐπιτάττει</strong></span> <span class='ocrx_word' id='word_1_305' title='bbox 3175 1629 3269 1680; x_wconf 74' lang='grc' dir='ltr'><strong>τὸν</strong></span> <span class='ocrx_word' id='word_1_306' title='bbox 3302 1628 3409 1679; x_wconf 75' lang='grc' dir='ltr'>τινὶ</span> <span class='ocrx_word' id='word_1_307' title='bbox 3439 1645 3803 1700; x_wconf 79' lang='grc' dir='ltr'>παρεφομαρ-</span> 
     </span>
    </p>
   </div>
   <div class='ocr_carea' id='block_1_47' title="bbox 2221 1715 3808 1789">
    <p class='ocr_par' dir='ltr' id='par_1_47' title="bbox 2221 1715 3808 1789">
     <span class='ocr_line' id='line_1_47' title="bbox 2221 1715 3808 1789; baseline 0.002 -19"><span class='ocrx_word' id='word_1_308' title='bbox 2221 1715 2456 1771; x_wconf 83' lang='grc' dir='ltr'>τούντων</span> <span class='ocrx_word' id='word_1_309' title='bbox 2503 1715 2573 1786; x_wconf 81' lang='grc' dir='ltr'><strong>(υ)</strong></span> <span class='ocrx_word' id='word_1_310' title='bbox 2612 1717 2813 1787; x_wconf 78' lang='grc' dir='ltr'>ἰατρῶν</span> <span class='ocrx_word' id='word_1_311' title='bbox 2839 1718 3103 1785; x_wconf 79' lang='grc' dir='ltr'>ἐνεγκεῖν,</span> <span class='ocrx_word' id='word_1_312' title='bbox 3131 1721 3425 1787; x_wconf 83' lang='grc' dir='ltr'>ἐσαγαγεῖν</span> <span class='ocrx_word' id='word_1_313' title='bbox 3447 1736 3509 1772; x_wconf 91' lang='grc' dir='ltr'><strong>τε</strong></span> <span class='ocrx_word' id='word_1_314' title='bbox 3553 1720 3617 1772; x_wconf 81' lang='grc' dir='ltr'>τὸ</span> <span class='ocrx_word' id='word_1_315' title='bbox 3660 1720 3808 1789; x_wconf 70' lang='grc' dir='ltr'>διαρ-</span> 
     </span>
    </p>
   </div>
   <div class='ocr_carea' id='block_1_48' title="bbox 2148 1775 3807 1880">
    <p class='ocr_par' dir='ltr' id='par_1_48' title="bbox 2148 1775 3807 1880">
     <span class='ocr_line' id='line_1_48' title="bbox 2148 1775 3807 1880; baseline 0.004 -22"><span class='ocrx_word' id='word_1_316' title='bbox 2148 1775 2193 1835; x_wconf 75' lang='lat' dir='ltr'><strong>B</strong></span> <span class='ocrx_word' id='word_1_317' title='bbox 2225 1806 2353 1879; x_wconf 75' lang='grc' dir='ltr'>ῥυὲν</span> <span class='ocrx_word' id='word_1_318' title='bbox 2407 1805 2484 1869; x_wconf 80' lang='grc' dir='ltr'>ὠς</span> <span class='ocrx_word' id='word_1_319' title='bbox 2541 1806 2608 1862; x_wconf 84' lang='grc' dir='ltr'><strong>ἂν</strong></span> <span class='ocrx_word' id='word_1_320' title='bbox 2656 1807 2894 1874; x_wconf 89' lang='grc' dir='ltr'>δύναιτο,</span> <span class='ocrx_word' id='word_1_321' title='bbox 2937 1809 3161 1862; x_wconf 72' lang='grc' dir='ltr'>καὶτὸν</span> <span class='ocrx_word' id='word_1_322' title='bbox 3213 1811 3455 1878; x_wconf 79' lang='grc' dir='ltr'>σπόγγον</span> <span class='ocrx_word' id='word_1_323' title='bbox 3512 1811 3807 1880; x_wconf 85' lang='grc' dir='ltr'>περιθέντσ.</span> 
     </span>
    </p>
   </div>
   <div class='ocr_carea' id='block_1_49' title="bbox 2223 1896 3803 1971">
    <p class='ocr_par' dir='ltr' id='par_1_49' title="bbox 2223 1896 3803 1971">
     <span class='ocr_line' id='line_1_49' title="bbox 2223 1896 3803 1971; baseline 0.003 -17"><span class='ocrx_word' id='word_1_324' title='bbox 2223 1900 2532 1970; x_wconf 81' lang='grc' dir='ltr'>τελαμῶσιν</span> <span class='ocrx_word' id='word_1_325' title='bbox 2597 1900 2887 1968; x_wconf 83' lang='grc' dir='ltr'>ἀναδῆσαι,</span> <span class='ocrx_word' id='word_1_326' title='bbox 2938 1901 3053 1955; x_wconf 78' lang='grc' dir='ltr'>οὔτι</span> <span class='ocrx_word' id='word_1_327' title='bbox 3104 1901 3369 1971; x_wconf 81' lang='grc' dir='ltr'>παρόντος</span> <span class='ocrx_word' id='word_1_328' title='bbox 3419 1896 3803 1971; x_wconf 71' lang='grc' dir='ltr'>Ἅρκεσιλὰον.</span> 
     </span>
    </p>
   </div>
   <div class='ocr_carea' id='block_1_50' title="bbox 2228 1992 3800 2065">
    <p class='ocr_par' dir='ltr' id='par_1_50' title="bbox 2228 1992 3800 2065">
     <span class='ocr_line' id='line_1_50' title="bbox 2228 1992 3800 2065; baseline 0 -20"><span class='ocrx_word' id='word_1_329' title='bbox 2228 1992 2426 2064; x_wconf 84' lang='grc' dir='ltr'>Ἔτυχε</span> <span class='ocrx_word' id='word_1_330' title='bbox 2477 1992 2588 2065; x_wconf 85' lang='grc' dir='ltr'>γὰρ</span> <span class='ocrx_word' id='word_1_331' title='bbox 2649 1993 2727 2064; x_wconf 83' lang='grc' dir='ltr'>τῷ</span> <span class='ocrx_word' id='word_1_332' title='bbox 2780 1995 3007 2065; x_wconf 76' lang='grc' dir='ltr'>Ζωσιμᾷ</span> <span class='ocrx_word' id='word_1_333' title='bbox 3068 1993 3256 2064; x_wconf 86' lang='grc' dir='ltr'>παρὼν</span> <span class='ocrx_word' id='word_1_334' title='bbox 3305 1996 3364 2046; x_wconf 87' lang='grc' dir='ltr'><strong>ἐν</strong></span> <span class='ocrx_word' id='word_1_335' title='bbox 3391 1993 3468 2065; x_wconf 84' lang='grc' dir='ltr'>τῷ</span> <span class='ocrx_word' id='word_1_336' title='bbox 3494 1995 3617 2046; x_wconf 84' lang='grc' dir='ltr'>κατ’</span> <span class='ocrx_word' id='word_1_337' title='bbox 3645 1994 3800 2048; x_wconf 72' lang='grc' dir='ltr'>αὑτὸν</span> 
     </span>
    </p>
   </div>
   <div class='ocr_carea' id='block_1_51' title="bbox 2226 2089 3803 2161">
    <p class='ocr_par' dir='ltr' id='par_1_51' title="bbox 2226 2089 3803 2161">
     <span class='ocr_line' id='line_1_51' title="bbox 2226 2089 3803 2161; baseline 0.002 -20"><span class='ocrx_word' id='word_1_338' title='bbox 2226 2089 2650 2159; x_wconf 80' lang='grc' dir='ltr'>φροντιστηρίῳ,</span> <span class='ocrx_word' id='word_1_339' title='bbox 2681 2089 2816 2159; x_wconf 83' lang='grc' dir='ltr'>ὅπερ</span> <span class='ocrx_word' id='word_1_340' title='bbox 2845 2090 2938 2143; x_wconf 74' lang='grc' dir='ltr'><strong>ἐπὶ</strong></span> <span class='ocrx_word' id='word_1_341' title='bbox 2954 2090 3054 2159; x_wconf 80' lang='grc' dir='ltr'><strong>τῆς</strong></span> <span class='ocrx_word' id='word_1_342' title='bbox 3082 2089 3353 2159; x_wconf 83' lang='grc' dir='ltr'>Σινδηνῶν</span> <span class='ocrx_word' id='word_1_343' title='bbox 3382 2089 3566 2144; x_wconf 78' lang='grc' dir='ltr'>ἔκειτο</span> <span class='ocrx_word' id='word_1_344' title='bbox 3593 2090 3803 2161; x_wconf 78' lang='grc' dir='ltr'>κώμης.</span> 
     </span>
    </p>
   </div>
   <div class='ocr_carea' id='block_1_52' title="bbox 2224 2180 3806 2253">
    <p class='ocr_par' dir='ltr' id='par_1_52' title="bbox 2224 2180 3806 2253">
     <span class='ocr_line' id='line_1_52' title="bbox 2224 2180 3806 2253; baseline -0.001 -19"><span class='ocrx_word' id='word_1_345' title='bbox 2224 2180 2521 2251; x_wconf 78' lang='grc' dir='ltr'>διεστώσης</span> <span class='ocrx_word' id='word_1_346' title='bbox 2553 2182 2661 2252; x_wconf 78' lang='grc' dir='ltr'>τῆς</span> <span class='ocrx_word' id='word_1_347' title='bbox 2685 2180 2966 2252; x_wconf 76' lang='grc' dir='ltr'>Καίσαρος</span> <span class='ocrx_word' id='word_1_348' title='bbox 2995 2182 3245 2244; x_wconf 78' lang='grc' dir='ltr'>σταδίους</span> <span class='ocrx_word' id='word_1_349' title='bbox 3284 2182 3522 2253; x_wconf 83' lang='grc' dir='ltr'>μάλιστα</span> <span class='ocrx_word' id='word_1_350' title='bbox 3542 2197 3806 2235; x_wconf 72' lang='grc' dir='ltr'>πεντακοο</span> 
     </span>
    </p>
   </div>
   <div class='ocr_carea' id='block_1_53' title="bbox 2229 2270 3805 2342">
    <p class='ocr_par' dir='ltr' id='par_1_53' title="bbox 2229 2270 3805 2342">
     <span class='ocr_line' id='line_1_53' title="bbox 2229 2270 3805 2342; baseline -0.001 -17"><span class='ocrx_word' id='word_1_351' title='bbox 2229 2271 2399 2336; x_wconf 85' lang='grc' dir='ltr'>σίους,</span> <span class='ocrx_word' id='word_1_352' title='bbox 2439 2270 2691 2342; x_wconf 84' lang='grc' dir='ltr'>δρομαῖοι</span> <span class='ocrx_word' id='word_1_353' title='bbox 2711 2272 2889 2325; x_wconf 82' lang='grc' dir='ltr'>τοίνυν</span> <span class='ocrx_word' id='word_1_354' title='bbox 2919 2272 3070 2336; x_wconf 74' lang='grc' dir='ltr'>παρὰ</span> <span class='ocrx_word' id='word_1_355' title='bbox 3114 2272 3207 2325; x_wconf 75' lang='grc' dir='ltr'><strong>τὸν</strong></span> <span class='ocrx_word' id='word_1_356' title='bbox 3232 2272 3590 2342; x_wconf 77' lang='grc' dir='ltr'>’Δρκεσίλαον</span> <span class='ocrx_word' id='word_1_357' title='bbox 3615 2271 3805 2340; x_wconf 78' lang='grc' dir='ltr'>ἐκτρέ-</span> 
     </span>
    </p>
   </div>
   <div class='ocr_carea' id='block_1_54' title="bbox 2229 2361 3805 2433">
    <p class='ocr_par' dir='ltr' id='par_1_54' title="bbox 2229 2361 3805 2433">
     <span class='ocr_line' id='line_1_54' title="bbox 2229 2361 3805 2433; baseline -0.001 -18"><span class='ocrx_word' id='word_1_358' title='bbox 2229 2379 2416 2433; x_wconf 86' lang='grc' dir='ltr'>χουσιν</span> <span class='ocrx_word' id='word_1_359' title='bbox 2470 2364 2519 2415; x_wconf 80' lang='grc' dir='ltr'>οἱ</span> <span class='ocrx_word' id='word_1_360' title='bbox 2565 2362 2742 2417; x_wconf 71' lang='grc' dir='ltr'>ταῦτα</span> <span class='ocrx_word' id='word_1_361' title='bbox 2785 2361 3218 2431; x_wconf 79' lang='grc' dir='ltr'>διαγγέλλοντες.</span> <span class='ocrx_word' id='word_1_362' title='bbox 3261 2362 3520 2431; x_wconf 76' lang='grc' dir='ltr'>Καθῆστο</span> <span class='ocrx_word' id='word_1_363' title='bbox 3567 2361 3627 2415; x_wconf 79' lang='grc' dir='ltr'>δὲ</span> <span class='ocrx_word' id='word_1_364' title='bbox 3672 2361 3805 2431; x_wconf 79' lang='grc' dir='ltr'>πρὸς</span> 
     </span>
    </p>
   </div>
   <div class='ocr_carea' id='block_1_55' title="bbox 2225 2454 3804 2524">
    <p class='ocr_par' dir='ltr' id='par_1_55' title="bbox 2225 2454 3804 2524">
     <span class='ocr_line' id='line_1_55' title="bbox 2225 2454 3804 2524; baseline 0.002 -16"><span class='ocrx_word' id='word_1_365' title='bbox 2225 2456 2482 2523; x_wconf 84' lang='grc' dir='ltr'>Ζωσιμᾶν</span> <span class='ocrx_word' id='word_1_366' title='bbox 2534 2456 2562 2507; x_wconf 87' lang='grc' dir='ltr'><strong>ό</strong></span> <span class='ocrx_word' id='word_1_367' title='bbox 2605 2454 2954 2524; x_wconf 79' lang='grc' dir='ltr'>Ἀρκεσίλαος</span> <span class='ocrx_word' id='word_1_368' title='bbox 3004 2455 3102 2518; x_wconf 75' lang='grc' dir='ltr'>τὰς</span> <span class='ocrx_word' id='word_1_369' title='bbox 3149 2455 3413 2518; x_wconf 74' lang='grc' dir='ltr'>διαλέξεις</span> <span class='ocrx_word' id='word_1_370' title='bbox 3461 2454 3804 2524; x_wconf 82' lang='grc' dir='ltr'>ποιούμενος·</span> 
     </span>
    </p>
   </div>
   <div class='ocr_carea' id='block_1_56' title="bbox 2226 2545 3805 2617">
    <p class='ocr_par' dir='ltr' id='par_1_56' title="bbox 2226 2545 3805 2617">
     <span class='ocr_line' id='line_1_56' title="bbox 2226 2545 3805 2617; baseline -0.001 -17"><span class='ocrx_word' id='word_1_371' title='bbox 2226 2547 2364 2617; x_wconf 76' lang='grc' dir='ltr'>ὅπερ</span> <span class='ocrx_word' id='word_1_372' title='bbox 2409 2545 2596 2617; x_wconf 80' lang='grc' dir='ltr'>ἐπειδὴ</span> <span class='ocrx_word' id='word_1_373' title='bbox 2639 2547 2855 2615; x_wconf 86' lang='grc' dir='ltr'>διέγνω.</span> <span class='ocrx_word' id='word_1_374' title='bbox 2881 2545 3163 2614; x_wconf 82' lang='grc' dir='ltr'>διωλύγιον</span> <span class='ocrx_word' id='word_1_375' title='bbox 3203 2545 3543 2610; x_wconf 82' lang='grc' dir='ltr'>ἀνεκὼκυσε,</span> <span class='ocrx_word' id='word_1_376' title='bbox 3584 2547 3679 2600; x_wconf 73' lang='grc' dir='ltr'><strong>καὶ</strong></span> <span class='ocrx_word' id='word_1_377' title='bbox 3710 2547 3805 2608; x_wconf 72' lang='grc' dir='ltr'>τὰς</span> 
     </span>
    </p>
   </div>
   <div class='ocr_carea' id='block_1_57' title="bbox 2227 2635 3802 2706">
    <p class='ocr_par' dir='ltr' id='par_1_57' title="bbox 2227 2635 3802 2706">
     <span class='ocr_line' id='line_1_57' title="bbox 2227 2635 3802 2706; baseline -0.001 -18"><span class='ocrx_word' id='word_1_378' title='bbox 2227 2635 2421 2706; x_wconf 80' lang='grc' dir='ltr'>τρίχας</span> <span class='ocrx_word' id='word_1_379' title='bbox 2450 2635 2713 2688; x_wconf 81' lang='grc' dir='ltr'>ἐκτίλλων</span> <span class='ocrx_word' id='word_1_380' title='bbox 2742 2637 2837 2688; x_wconf 77' lang='grc' dir='ltr'>καὶ</span> <span class='ocrx_word' id='word_1_381' title='bbox 2861 2635 3126 2701; x_wconf 84' lang='grc' dir='ltr'>διασπῶν,</span> <span class='ocrx_word' id='word_1_382' title='bbox 3159 2638 3216 2700; x_wconf 83' lang='grc' dir='ltr'><strong>ἐς</strong></span> <span class='ocrx_word' id='word_1_383' title='bbox 3243 2637 3474 2705; x_wconf 76' lang='grc' dir='ltr'>οὐρανὸν</span> <span class='ocrx_word' id='word_1_384' title='bbox 3498 2637 3802 2705; x_wconf 78' lang='grc' dir='ltr'>ἀνέπεμπε.</span> 
     </span>
    </p>
   </div>
   <div class='ocr_carea' id='block_1_58' title="bbox 2229 2726 3805 2797">
    <p class='ocr_par' dir='ltr' id='par_1_58' title="bbox 2229 2726 3805 2797">
     <span class='ocr_line' id='line_1_58' title="bbox 2229 2726 3805 2797; baseline 0 -18"><span class='ocrx_word' id='word_1_385' title='bbox 2229 2726 2336 2780; x_wconf 83' lang='grc' dir='ltr'><strong>Τοῦ</strong></span> <span class='ocrx_word' id='word_1_386' title='bbox 2366 2726 2423 2780; x_wconf 84' lang='grc' dir='ltr'><strong>δέ</strong></span> <span class='ocrx_word' id='word_1_387' title='bbox 2450 2728 2679 2796; x_wconf 74' lang='grc' dir='ltr'>Ζωσιμᾶ</span> <span class='ocrx_word' id='word_1_388' title='bbox 2709 2727 3121 2797; x_wconf 79' lang='grc' dir='ltr'>πυνθανομένου</span> <span class='ocrx_word' id='word_1_389' title='bbox 3157 2728 3254 2796; x_wconf 77' lang='grc' dir='ltr'><strong>τὴν</strong></span> <span class='ocrx_word' id='word_1_390' title='bbox 3275 2728 3475 2791; x_wconf 78' lang='grc' dir='ltr'>αἰτίαν,</span> <span class='ocrx_word' id='word_1_391' title='bbox 3499 2728 3559 2780; x_wconf 83' lang='grc' dir='ltr'><strong>τὸ</strong></span> <span class='ocrx_word' id='word_1_392' title='bbox 3596 2726 3805 2795; x_wconf 74' lang='grc' dir='ltr'>συμϐάν</span> 
     </span>
    </p>
   </div>
   <div class='ocr_carea' id='block_1_59' title="bbox 2231 2815 3806 2886">
    <p class='ocr_par' dir='ltr' id='par_1_59' title="bbox 2231 2815 3806 2886">
     <span class='ocr_line' id='line_1_59' title="bbox 2231 2815 3806 2886; baseline -0.004 -13"><span class='ocrx_word' id='word_1_393' title='bbox 2231 2822 2259 2873; x_wconf 86' lang='grc' dir='ltr'>ὁ</span> <span class='ocrx_word' id='word_1_394' title='bbox 2287 2819 2342 2878; x_wconf 77' lang='lat' dir='ltr'><strong>‘A</strong></span> <span class='ocrx_word' id='word_1_395' title='bbox 2354 2816 2635 2886; x_wconf 83' lang='grc' dir='ltr'>ρκεσίλαος</span> <span class='ocrx_word' id='word_1_396' title='bbox 2673 2816 2847 2885; x_wconf 73' lang='grc' dir='ltr'>ἔλεγε,</span> <span class='ocrx_word' id='word_1_397' title='bbox 2886 2819 3005 2880; x_wconf 83' lang='grc' dir='ltr'>ταῖς</span> <span class='ocrx_word' id='word_1_398' title='bbox 3036 2820 3303 2886; x_wconf 80' lang='grc' dir='ltr'>οἰμωγαῖς</span> <span class='ocrx_word' id='word_1_399' title='bbox 3332 2818 3550 2879; x_wconf 75' lang='grc' dir='ltr'>καὶτοῖς</span> <span class='ocrx_word' id='word_1_400' title='bbox 3576 2815 3806 2884; x_wconf 83' lang='grc' dir='ltr'>δάκρυσι</span> 
     </span>
    </p>
   </div>
   <div class='ocr_carea' id='block_1_60' title="bbox 2232 2895 3793 2980">
    <p class='ocr_par' dir='ltr' id='par_1_60' title="bbox 2232 2895 3793 2980">
     <span class='ocr_line' id='line_1_60' title="bbox 2232 2895 3793 2980; baseline -0.004 -16"><span class='ocrx_word' id='word_1_401' title='bbox 2232 2911 2404 2980; x_wconf 76' lang='grc' dir='ltr'>συχνά</span> <span class='ocrx_word' id='word_1_402' title='bbox 2433 2895 2884 2978; x_wconf 83' lang='grc' dir='ltr'>διακοπτόμενος.</span> <span class='ocrx_word' id='word_1_403' title='bbox 2919 2909 3107 2978; x_wconf 71' lang='grc' dir='ltr'>Ἀφεὶς</span> <span class='ocrx_word' id='word_1_404' title='bbox 3131 2905 3223 2962; x_wconf 81' lang='grc' dir='ltr'>οὖν</span> <span class='ocrx_word' id='word_1_405' title='bbox 3253 2907 3439 2962; x_wconf 85' lang='grc' dir='ltr'>τοῦτον</span> <span class='ocrx_word' id='word_1_406' title='bbox 3461 2908 3793 2975; x_wconf 53' lang='grc' dir='ltr'>όνΖωσιμᾶς.</span> 
     </span>
    </p>
   </div>
   <div class='ocr_carea' id='block_1_61' title="bbox 545 2993 2128 3073">
    <p class='ocr_par' dir='ltr' id='par_1_61' title="bbox 545 2999 2125 3073">
     <span class='ocr_line' id='line_1_61' title="bbox 545 2999 2125 3073; baseline 0.004 -20"><span class='ocrx_word' id='word_1_407' title='bbox 545 3000 736 3053; x_wconf 77' lang='lat' dir='ltr'><strong>uxoris</strong></span> <span class='ocrx_word' id='word_1_408' title='bbox 755 3015 866 3054; x_wconf 74' lang='lat' dir='ltr'><strong>sua:</strong></span> <span class='ocrx_word' id='word_1_409' title='bbox 889 2999 1103 3063; x_wconf 86' lang='lat' dir='ltr'><strong>didicit,</strong></span> <span class='ocrx_word' id='word_1_410' title='bbox 1125 3000 1365 3070; x_wconf 80' lang='lat' dir='ltr'><strong>graviter</strong></span> <span class='ocrx_word' id='word_1_411' title='bbox 1381 3002 1587 3073; x_wconf 90' lang='lat' dir='ltr'><strong>ejulare</strong></span> <span class='ocrx_word' id='word_1_412' title='bbox 1608 3003 1797 3073; x_wconf 76' lang='lat' dir='ltr'><strong>cmpit,</strong></span> <span class='ocrx_word' id='word_1_413' title='bbox 1820 3012 1876 3058; x_wconf 92' lang='lat' dir='ltr'><strong>et</strong></span> <span class='ocrx_word' id='word_1_414' title='bbox 1895 3004 2125 3073; x_wconf 90' lang='lat' dir='ltr'><strong>capillos</strong></span> 
     </span>
    </p>
   </div>
   <div class='ocr_carea' id='block_1_62' title="bbox 2230 2993 3806 3073">
    <p class='ocr_par' dir='ltr' id='par_1_62' title="bbox 2231 2993 3806 3070">
     <span class='ocr_line' id='line_1_62' title="bbox 2231 2993 3806 3070; baseline -0.005 -16"><span class='ocrx_word' id='word_1_415' title='bbox 2231 3002 2394 3063; x_wconf 77' lang='grc' dir='ltr'>αὐτὸς</span> <span class='ocrx_word' id='word_1_416' title='bbox 2427 3001 2547 3055; x_wconf 87' lang='grc' dir='ltr'>καθ’</span> <span class='ocrx_word' id='word_1_417' title='bbox 2577 3001 2769 3054; x_wconf 78' lang='grc' dir='ltr'>ἐαυτὸν</span> <span class='ocrx_word' id='word_1_418' title='bbox 2796 3000 2853 3064; x_wconf 78' lang='grc' dir='ltr'><strong>ἐς</strong></span> <span class='ocrx_word' id='word_1_419' title='bbox 2894 3017 2948 3054; x_wconf 87' lang='grc' dir='ltr'><strong>τι</strong></span> <span class='ocrx_word' id='word_1_420' title='bbox 2981 3001 3257 3070; x_wconf 87' lang='grc' dir='ltr'>δωμάτιον</span> <span class='ocrx_word' id='word_1_421' title='bbox 3286 2997 3525 3068; x_wconf 79' lang='grc' dir='ltr'>ἐστρέχει</span> <span class='ocrx_word' id='word_1_422' title='bbox 3566 2994 3700 3049; x_wconf 68' lang='grc' dir='ltr'>ἔνθα</span> <span class='ocrx_word' id='word_1_423' title='bbox 3724 2993 3806 3062; x_wconf 75' lang='grc' dir='ltr'>τῷ</span> 
     </span>
    </p>
   </div>
   <div class='ocr_carea' id='block_1_63' title="bbox 546 3086 2128 3192">
    <p class='ocr_par' dir='ltr' id='par_1_63' title="bbox 546 3091 2123 3165">
     <span class='ocr_line' id='line_1_63' title="bbox 546 3091 2123 3165; baseline 0.006 -24"><span class='ocrx_word' id='word_1_424' title='bbox 546 3092 756 3146; x_wconf 81' lang='lat' dir='ltr'><strong>vellens</strong></span> <span class='ocrx_word' id='word_1_425' title='bbox 798 3106 861 3145; x_wconf 90' lang='lat' dir='ltr'><strong>ac</strong></span> <span class='ocrx_word' id='word_1_426' title='bbox 906 3091 1249 3162; x_wconf 89' lang='lat' dir='ltr'><strong>discerpens,</strong></span> <span class='ocrx_word' id='word_1_427' title='bbox 1280 3092 1336 3147; x_wconf 90' lang='lat' dir='ltr'><strong>in</strong></span> <span class='ocrx_word' id='word_1_428' title='bbox 1379 3108 1561 3149; x_wconf 87' lang='lat' dir='ltr'><strong>aerem</strong></span> <span class='ocrx_word' id='word_1_429' title='bbox 1599 3095 1848 3165; x_wconf 91' lang='lat' dir='ltr'><strong>projecit.</strong></span> <span class='ocrx_word' id='word_1_430' title='bbox 1879 3096 2123 3150; x_wconf 85' lang='lat' dir='ltr'><strong>Interro-</strong></span> 
     </span>
    </p>
   </div>
   <div class='ocr_carea' id='block_1_64' title="bbox 2230 3086 3810 3192">
    <p class='ocr_par' dir='ltr' id='par_1_64' title="bbox 2231 3086 3810 3165">
     <span class='ocr_line' id='line_1_64' title="bbox 2231 3086 3810 3165; baseline -0.003 -18"><span class='ocrx_word' id='word_1_431' title='bbox 2231 3094 2369 3164; x_wconf 78' lang='grc' dir='ltr'>Θεῷ,</span> <span class='ocrx_word' id='word_1_432' title='bbox 2400 3094 2475 3157; x_wconf 82' lang='grc' dir='ltr'>ὼς</span> <span class='ocrx_word' id='word_1_433' title='bbox 2509 3092 2727 3165; x_wconf 86' lang='grc' dir='ltr'>θεμιτὸν</span> <span class='ocrx_word' id='word_1_434' title='bbox 2756 3096 2870 3156; x_wconf 80' lang='grc' dir='ltr'>τοῖς</span> <span class='ocrx_word' id='word_1_435' title='bbox 2896 3092 3180 3157; x_wconf 81' lang='grc' dir='ltr'>τοιούτοις,</span> <span class='ocrx_word' id='word_1_436' title='bbox 3217 3091 3559 3162; x_wconf 84' lang='grc' dir='ltr'>ἐνετύγχανε.</span> <span class='ocrx_word' id='word_1_437' title='bbox 3588 3086 3810 3144; x_wconf 68' lang='grc' dir='ltr'>Μετὰδ⁹</span> 
     </span>
    </p>
   </div>
   <div class='ocr_carea' id='block_1_65' title="bbox 547 3182 2128 3255">
    <p class='ocr_par' dir='ltr' id='par_1_65' title="bbox 547 3183 2128 3253">
     <span class='ocr_line' id='line_1_65' title="bbox 547 3183 2128 3253; baseline 0.002 -16"><span class='ocrx_word' id='word_1_438' title='bbox 547 3184 697 3253; x_wconf 74' lang='lat' dir='ltr'><strong>ganti</strong></span> <span class='ocrx_word' id='word_1_439' title='bbox 726 3192 907 3238; x_wconf 89' lang='lat' dir='ltr'><strong>autem</strong></span> <span class='ocrx_word' id='word_1_440' title='bbox 944 3183 1173 3239; x_wconf 64' lang='lat' dir='ltr'><strong>Zosimae</strong></span> <span class='ocrx_word' id='word_1_441' title='bbox 1213 3200 1432 3241; x_wconf 85' lang='lat' dir='ltr'><strong>causam</strong></span> <span class='ocrx_word' id='word_1_442' title='bbox 1477 3188 1614 3241; x_wconf 88' lang='lat' dir='ltr'><strong>tanti</strong></span> <span class='ocrx_word' id='word_1_443' title='bbox 1658 3190 1863 3250; x_wconf 88' lang='lat' dir='ltr'><strong>luctus,</strong></span> <span class='ocrx_word' id='word_1_444' title='bbox 1907 3187 2128 3243; x_wconf 83' lang='lat' dir='ltr'><strong>Arcesi—</strong></span> 
     </span>
    </p>
   </div>
   <div class='ocr_carea' id='block_1_66' title="bbox 2230 3182 3811 3255">
    <p class='ocr_par' dir='ltr' id='par_1_66' title="bbox 2232 3182 3811 3255">
     <span class='ocr_line' id='line_1_66' title="bbox 2232 3182 3811 3255; baseline -0.006 -15"><span class='ocrx_word' id='word_1_445' title='bbox 2232 3182 2301 3240; x_wconf 81' lang='grc' dir='ltr'>αὖ</span> <span class='ocrx_word' id='word_1_446' title='bbox 2332 3203 2455 3240; x_wconf 90' lang='grc' dir='ltr'>τινα</span> <span class='ocrx_word' id='word_1_447' title='bbox 2487 3185 2679 3255; x_wconf 83' lang='grc' dir='ltr'>καιρὸν</span> <span class='ocrx_word' id='word_1_448' title='bbox 2701 3182 3041 3252; x_wconf 82' lang='grc' dir='ltr'>προσελθὼν,</span> <span class='ocrx_word' id='word_1_449' title='bbox 3068 3183 3258 3255; x_wconf 78' lang='grc' dir='ltr'>ἔχαιρέ</span> <span class='ocrx_word' id='word_1_450' title='bbox 3287 3201 3347 3237; x_wconf 76' lang='grc' dir='ltr'><strong>τε</strong></span> <span class='ocrx_word' id='word_1_451' title='bbox 3369 3183 3467 3237; x_wconf 77' lang='grc' dir='ltr'>καὶ</span> <span class='ocrx_word' id='word_1_452' title='bbox 3490 3182 3669 3252; x_wconf 80' lang='grc' dir='ltr'>σεμνὰ</span> <span class='ocrx_word' id='word_1_453' title='bbox 3696 3197 3811 3250; x_wconf 88' lang='grc' dir='ltr'>μει-</span> 
     </span>
    </p>
   </div>
   <div class='ocr_carea' id='block_1_67' title="bbox 552 3275 2131 3349">
    <p class='ocr_par' dir='ltr' id='par_1_67' title="bbox 552 3275 2131 3349">
     <span class='ocr_line' id='line_1_67' title="bbox 552 3275 2131 3349; baseline 0.002 -19"><span class='ocrx_word' id='word_1_454' title='bbox 552 3278 671 3331; x_wconf 90' lang='lat' dir='ltr'><strong>laus</strong></span> <span class='ocrx_word' id='word_1_455' title='bbox 699 3275 751 3330; x_wconf 91' lang='lat' dir='ltr'><strong>id</strong></span> <span class='ocrx_word' id='word_1_456' title='bbox 782 3276 927 3346; x_wconf 83' lang='lat' dir='ltr'><strong>quod</strong></span> <span class='ocrx_word' id='word_1_457' title='bbox 972 3278 1250 3332; x_wconf 83' lang='lat' dir='ltr'><strong>acciderat</strong></span> <span class='ocrx_word' id='word_1_458' title='bbox 1278 3279 1553 3349; x_wconf 85' lang='lat' dir='ltr'><strong>exposuit,</strong></span> <span class='ocrx_word' id='word_1_459' title='bbox 1587 3280 1842 3335; x_wconf 89' lang='lat' dir='ltr'><strong>lamentis</strong></span> <span class='ocrx_word' id='word_1_460' title='bbox 1882 3294 1948 3334; x_wconf 88' lang='lat' dir='ltr'><strong>ac</strong></span> <span class='ocrx_word' id='word_1_461' title='bbox 1990 3279 2131 3334; x_wconf 82' lang='lat' dir='ltr'><strong>ﬂeti-</strong></span> 
     </span>
    </p>
   </div>
   <div class='ocr_carea' id='block_1_68' title="bbox 2231 3269 3810 3346">
    <p class='ocr_par' dir='ltr' id='par_1_68' title="bbox 2231 3269 3810 3346">
     <span class='ocr_line' id='line_1_68' title="bbox 2231 3269 3810 3346; baseline -0.005 -16"><span class='ocrx_word' id='word_1_462' title='bbox 2231 3277 2383 3342; x_wconf 86' lang='grc' dir='ltr'>διῶν,</span> <span class='ocrx_word' id='word_1_463' title='bbox 2418 3275 2556 3346; x_wconf 82' lang='grc' dir='ltr'>πρὸς</span> <span class='ocrx_word' id='word_1_464' title='bbox 2583 3275 2937 3345; x_wconf 81' lang='grc' dir='ltr'>Ἀρκεσίλαον</span> <span class='ocrx_word' id='word_1_465' title='bbox 2963 3273 3118 3342; x_wconf 79' lang='grc' dir='ltr'>ἔλεγε</span> <span class='ocrx_word' id='word_1_466' title='bbox 3140 3269 3250 3345; x_wconf 82' lang='grc' dir='ltr'>’τὴν</span> <span class='ocrx_word' id='word_1_467' title='bbox 3272 3275 3432 3344; x_wconf 87' lang='grc' dir='ltr'>χεῖρα</span> <span class='ocrx_word' id='word_1_468' title='bbox 3461 3270 3810 3340; x_wconf 75' lang='grc' dir='ltr'>καταψύχων,</span> 
     </span>
    </p>
   </div>
   <div class='ocr_carea' id='block_1_69' title="bbox 549 3366 2128 3441">
    <p class='ocr_par' dir='ltr' id='par_1_69' title="bbox 549 3369 2128 3441">
     <span class='ocr_line' id='line_1_69' title="bbox 549 3369 2128 3441; baseline 0.001 -19"><span class='ocrx_word' id='word_1_469' title='bbox 549 3369 657 3422; x_wconf 83' lang='lat' dir='ltr'><strong>bus</strong></span> <span class='ocrx_word' id='word_1_470' title='bbox 707 3383 1016 3423; x_wconf 78' lang='lat' dir='ltr'><strong>sermonem</strong></span> <span class='ocrx_word' id='word_1_471' title='bbox 1067 3369 1265 3425; x_wconf 87' lang='lat' dir='ltr'><strong>crebro</strong></span> <span class='ocrx_word' id='word_1_472' title='bbox 1320 3370 1752 3440; x_wconf 90' lang='lat' dir='ltr'><strong>interrumpens.</strong></span> <span class='ocrx_word' id='word_1_473' title='bbox 1800 3369 1923 3423; x_wconf 80' lang='lat' dir='ltr'><strong>Mox</strong></span> <span class='ocrx_word' id='word_1_474' title='bbox 1967 3370 2128 3441; x_wconf 73' lang='lat' dir='ltr'><strong>igitur</strong></span> 
     </span>
    </p>
   </div>
   <div class='ocr_carea' id='block_1_70' title="bbox 2230 3366 3808 3441">
    <p class='ocr_par' dir='ltr' id='par_1_70' title="bbox 2232 3366 3808 3441">
     <span class='ocr_line' id='line_1_70' title="bbox 2232 3366 3808 3441; baseline -0.004 -16"><span class='ocrx_word' id='word_1_475' title='bbox 2232 3370 2391 3425; x_wconf 78' lang='grc' dir='ltr'>ἄπιθι</span> <span class='ocrx_word' id='word_1_476' title='bbox 2420 3371 2631 3441; x_wconf 87' lang='grc' dir='ltr'>χαίρων</span> <span class='ocrx_word' id='word_1_477' title='bbox 2653 3367 2832 3423; x_wconf 78' lang='grc' dir='ltr'>ἄπιθι.</span> <span class='ocrx_word' id='word_1_478' title='bbox 2873 3368 2935 3422; x_wconf 86' lang='grc' dir='ltr'><em>Ἢ</em></span> <span class='ocrx_word' id='word_1_479' title='bbox 2956 3369 3116 3439; x_wconf 87' lang='grc' dir='ltr'>χάρις</span> <span class='ocrx_word' id='word_1_480' title='bbox 3149 3367 3226 3438; x_wconf 82' lang='grc' dir='ltr'>τῷ</span> <span class='ocrx_word' id='word_1_481' title='bbox 3259 3367 3560 3437; x_wconf 74' lang='grc' dir='ltr'>Χουζιϐίτῃ</span> <span class='ocrx_word' id='word_1_482' title='bbox 3590 3366 3808 3419; x_wconf 87' lang='grc' dir='ltr'>δέδοται.</span> 
     </span>
    </p>
   </div>
   <div class='ocr_carea' id='block_1_71' title="bbox 550 3453 2136 3531">
    <p class='ocr_par' dir='ltr' id='par_1_71' title="bbox 550 3453 2136 3531">
     <span class='ocr_line' id='line_1_71' title="bbox 550 3453 2136 3531; baseline 0 -17"><span class='ocrx_word' id='word_1_483' title='bbox 550 3453 817 3523; x_wconf 80' lang='lat' dir='ltr'><strong>Zosimas,</strong></span> <span class='ocrx_word' id='word_1_484' title='bbox 842 3460 1034 3515; x_wconf 88' lang='lat' dir='ltr'><strong>relicto</strong></span> <span class='ocrx_word' id='word_1_485' title='bbox 1063 3460 1172 3516; x_wconf 86' lang='lat' dir='ltr'><strong>illic</strong></span> <span class='ocrx_word' id='word_1_486' title='bbox 1197 3460 1500 3527; x_wconf 82' lang='lat' dir='ltr'><strong>Arcesilan,</strong></span> <span class='ocrx_word' id='word_1_487' title='bbox 1523 3461 1591 3516; x_wconf 90' lang='lat' dir='ltr'><strong>ad</strong></span> <span class='ocrx_word' id='word_1_488' title='bbox 1617 3461 1936 3517; x_wconf 89' lang='lat' dir='ltr'><strong>cubiculum</strong></span> <span class='ocrx_word' id='word_1_489' title='bbox 1961 3460 2136 3531; x_wconf 90' lang='lat' dir='ltr'><strong>quod-</strong></span> 
     </span>
    </p>
   </div>
   <div class='ocr_carea' id='block_1_72' title="bbox 550 3551 2134 3622">
    <p class='ocr_par' dir='ltr' id='par_1_72' title="bbox 550 3551 2134 3622">
     <span class='ocr_line' id='line_1_72' title="bbox 550 3551 2134 3622; baseline 0.002 -18"><span class='ocrx_word' id='word_1_490' title='bbox 550 3551 672 3604; x_wconf 80' lang='lat' dir='ltr'><strong>dam</strong></span> <span class='ocrx_word' id='word_1_491' title='bbox 704 3552 1010 3614; x_wconf 91' lang='lat' dir='ltr'><strong>contendit,</strong></span> <span class='ocrx_word' id='word_1_492' title='bbox 1043 3553 1098 3606; x_wconf 93' lang='lat' dir='ltr'><strong>in</strong></span> <span class='ocrx_word' id='word_1_493' title='bbox 1130 3568 1240 3622; x_wconf 90' lang='lat' dir='ltr'><strong>quo</strong></span> <span class='ocrx_word' id='word_1_494' title='bbox 1267 3554 1439 3617; x_wconf 87' lang='lat' dir='ltr'><strong>solus,</strong></span> <span class='ocrx_word' id='word_1_495' title='bbox 1471 3553 1549 3607; x_wconf 80' lang='lat' dir='ltr'><strong>iiti</strong></span> <span class='ocrx_word' id='word_1_496' title='bbox 1574 3568 1692 3607; x_wconf 90' lang='lat' dir='ltr'><strong>mos</strong></span> <span class='ocrx_word' id='word_1_497' title='bbox 1712 3552 2134 3622; x_wconf 88' lang='lat' dir='ltr'><strong>estbujusmodi</strong></span> 
     </span>
    </p>
   </div>
   <div class='ocr_carea' id='block_1_73' title="bbox 552 3643 2137 3715">
    <p class='ocr_par' dir='ltr' id='par_1_73' title="bbox 552 3643 2137 3715">
     <span class='ocr_line' id='line_1_73' title="bbox 552 3643 2137 3715; baseline 0.002 -19"><span class='ocrx_word' id='word_1_498' title='bbox 552 3644 709 3707; x_wconf 79' lang='lat' dir='ltr'><strong>viris,</strong></span> <span class='ocrx_word' id='word_1_499' title='bbox 756 3645 926 3698; x_wconf 91' lang='lat' dir='ltr'><strong>Deum</strong></span> <span class='ocrx_word' id='word_1_500' title='bbox 980 3646 1185 3715; x_wconf 89' lang='lat' dir='ltr'><strong>alloqui</strong></span> <span class='ocrx_word' id='word_1_501' title='bbox 1236 3652 1621 3700; x_wconf 85' lang='lat' dir='ltr'><strong>consueverat.</strong></span> <span class='ocrx_word' id='word_1_502' title='bbox 1671 3643 1967 3715; x_wconf 84' lang='lat' dir='ltr'><strong>Aliquanto</strong></span> <span class='ocrx_word' id='word_1_503' title='bbox 2010 3653 2137 3714; x_wconf 89' lang='lat' dir='ltr'><strong>post</strong></span> 
     </span>
    </p>
   </div>
   <div class='ocr_carea' id='block_1_74' title="bbox 551 3735 2134 3806">
    <p class='ocr_par' dir='ltr' id='par_1_74' title="bbox 551 3735 2134 3806">
     <span class='ocr_line' id='line_1_74' title="bbox 551 3735 2134 3806; baseline 0.001 -18"><span class='ocrx_word' id='word_1_504' title='bbox 551 3737 847 3806; x_wconf 82' lang='lat' dir='ltr'><strong>digressus,</strong></span> <span class='ocrx_word' id='word_1_505' title='bbox 884 3736 1045 3791; x_wconf 90' lang='lat' dir='ltr'><strong>hilari</strong></span> <span class='ocrx_word' id='word_1_506' title='bbox 1074 3737 1228 3791; x_wconf 88' lang='lat' dir='ltr'><strong>vultu</strong></span> <span class='ocrx_word' id='word_1_507' title='bbox 1272 3752 1337 3791; x_wconf 90' lang='lat' dir='ltr'><strong>ac</strong></span> <span class='ocrx_word' id='word_1_508' title='bbox 1378 3735 1624 3790; x_wconf 90' lang='lat' dir='ltr'><strong>modeste</strong></span> <span class='ocrx_word' id='word_1_509' title='bbox 1671 3735 1986 3800; x_wconf 87' lang='lat' dir='ltr'><strong>subridens,</strong></span> <span class='ocrx_word' id='word_1_510' title='bbox 2015 3750 2134 3789; x_wconf 85' lang='lat' dir='ltr'><strong>ma-</strong></span> 
     </span>
    </p>
   </div>
   <div class='ocr_carea' id='block_1_75' title="bbox 554 3814 2135 3902">
    <p class='ocr_par' dir='ltr' id='par_1_75' title="bbox 554 3814 2135 3902">
     <span class='ocr_line' id='line_1_75' title="bbox 554 3814 2135 3902; baseline -0.001 -21"><span class='ocrx_word' id='word_1_511' title='bbox 554 3843 799 3898; x_wconf 90' lang='lat' dir='ltr'><strong>numque</strong></span> <span class='ocrx_word' id='word_1_512' title='bbox 838 3828 1101 3884; x_wconf 82' lang='lat' dir='ltr'><strong>Arcesilai</strong></span> <span class='ocrx_word' id='word_1_513' title='bbox 1133 3829 1362 3898; x_wconf 87' lang='lat' dir='ltr'><strong>palpans</strong></span> <span class='ocrx_word' id='word_1_514' title='bbox 1391 3846 1401 3880; x_wconf 93' lang='lat'>:</span> <span class='ocrx_word' id='word_1_515' title='bbox 1432 3827 1554 3892; x_wconf 86' lang='lat' dir='ltr'><strong>Abi,</strong></span> <span class='ocrx_word' id='word_1_516' title='bbox 1582 3827 1781 3897; x_wconf 85' lang='lat' dir='ltr'><strong>inquit,</strong></span> <span class='ocrx_word' id='word_1_517' title='bbox 1814 3814 2135 3902; x_wconf 54' lang='lat' dir='ltr'><strong>.abiltetus.</strong></span> 
     </span>
    </p>
   </div>
   <div class='ocr_carea' id='block_1_76' title="bbox 554 3918 2136 3975">
    <p class='ocr_par' dir='ltr' id='par_1_76' title="bbox 554 3918 2136 3975">
     <span class='ocr_line' id='line_1_76' title="bbox 554 3918 2136 3975; baseline -0.001 -2"><span class='ocrx_word' id='word_1_518' title='bbox 554 3920 739 3974; x_wconf 84' lang='lat' dir='ltr'><strong>Gratia</strong></span> <span class='ocrx_word' id='word_1_519' title='bbox 788 3921 913 3975; x_wconf 88' lang='lat' dir='ltr'><strong>data</strong></span> <span class='ocrx_word' id='word_1_520' title='bbox 957 3928 1039 3975; x_wconf 90' lang='lat' dir='ltr'><strong>est</strong></span> <span class='ocrx_word' id='word_1_521' title='bbox 1085 3919 1415 3975; x_wconf 79' lang='lat' dir='ltr'><strong>Chuzibitae.</strong></span> <span class='ocrx_word' id='word_1_522' title='bbox 1456 3918 1656 3973; x_wconf 87' lang='lat' dir='ltr'><strong>Sanata</strong></span> <span class='ocrx_word' id='word_1_523' title='bbox 1704 3928 1790 3973; x_wconf 91' lang='lat' dir='ltr'><strong>est</strong></span> <span class='ocrx_word' id='word_1_524' title='bbox 1840 3934 1980 3973; x_wconf 83' lang='lat' dir='ltr'><strong>uxor</strong></span> <span class='ocrx_word' id='word_1_525' title='bbox 2023 3927 2136 3973; x_wconf 90' lang='lat' dir='ltr'><strong>tua.</strong></span> 
     </span>
    </p>
   </div>
   <div class='ocr_carea' id='block_1_77' title="bbox 557 4010 2141 4081">
    <p class='ocr_par' dir='ltr' id='par_1_77' title="bbox 557 4010 2141 4081">
     <span class='ocr_line' id='line_1_77' title="bbox 557 4010 2141 4081; baseline 0 -17"><span class='ocrx_word' id='word_1_526' title='bbox 557 4010 864 4081; x_wconf 68' lang='lat' dir='ltr'><strong>Utrumque</strong></span> <span class='ocrx_word' id='word_1_527' title='bbox 910 4013 1132 4067; x_wconf 91' lang='lat' dir='ltr'><strong>oculum</strong></span> <span class='ocrx_word' id='word_1_528' title='bbox 1180 4012 1347 4066; x_wconf 85' lang='lat' dir='ltr'><strong>habet</strong></span> <span class='ocrx_word' id='word_1_529' title='bbox 1390 4011 1757 4077; x_wconf 89' lang='lat' dir='ltr'><strong>incolumem,</strong></span> <span class='ocrx_word' id='word_1_530' title='bbox 1810 4011 2022 4065; x_wconf 91' lang='lat' dir='ltr'><strong>nullum</strong></span> <span class='ocrx_word' id='word_1_531' title='bbox 2072 4027 2141 4064; x_wconf 83' lang='lat' dir='ltr'><strong>ex</strong></span> 
     </span>
    </p>
   </div>
   <div class='ocr_carea' id='block_1_78' title="bbox 555 4104 2143 4177">
    <p class='ocr_par' dir='ltr' id='par_1_78' title="bbox 555 4104 2143 4177">
     <span class='ocr_line' id='line_1_78' title="bbox 555 4104 2143 4177; baseline 0.001 -20"><span class='ocrx_word' id='word_1_532' title='bbox 555 4119 684 4158; x_wconf 76' lang='lat' dir='ltr'><strong>casu</strong></span> <span class='ocrx_word' id='word_1_533' title='bbox 729 4106 821 4160; x_wconf 83' lang='lat' dir='ltr'><strong>illo</strong></span> <span class='ocrx_word' id='word_1_534' title='bbox 868 4105 1260 4162; x_wconf 89' lang='lat' dir='ltr'><strong>detrimentum</strong></span> <span class='ocrx_word' id='word_1_535' title='bbox 1309 4122 1498 4176; x_wconf 86' lang='lat' dir='ltr'><strong>passa,</strong></span> <span class='ocrx_word' id='word_1_536' title='bbox 1546 4105 1767 4177; x_wconf 88' lang='lat' dir='ltr'><strong>quando</strong></span> <span class='ocrx_word' id='word_1_537' title='bbox 1817 4106 1892 4160; x_wconf 80' lang='lat' dir='ltr'><strong>ita</strong></span> <span class='ocrx_word' id='word_1_538' title='bbox 1933 4104 2143 4176; x_wconf 85' lang='lat' dir='ltr'><strong>placuit</strong></span> 
     </span>
    </p>
   </div>
   <div class='ocr_carea' id='block_1_79' title="bbox 2233 3458 3811 3531">
    <p class='ocr_par' dir='ltr' id='par_1_79' title="bbox 2233 3458 3811 3531">
     <span class='ocr_line' id='line_1_79' title="bbox 2233 3458 3811 3531; baseline -0.004 -15"><span class='ocrx_word' id='word_1_539' title='bbox 2233 3461 2381 3531; x_wconf 72' lang='grc' dir='ltr'>’ἰάθη</span> <span class='ocrx_word' id='word_1_540' title='bbox 2418 3478 2513 3513; x_wconf 89' lang='grc' dir='ltr'><strong>σου</strong></span> <span class='ocrx_word' id='word_1_541' title='bbox 2535 3461 2597 3513; x_wconf 81' lang='grc' dir='ltr'><strong>τὸ</strong></span> <span class='ocrx_word' id='word_1_542' title='bbox 2626 3459 2869 3529; x_wconf 81' lang='grc' dir='ltr'>γύναιον,</span> <span class='ocrx_word' id='word_1_543' title='bbox 2894 3460 3065 3530; x_wconf 80' lang='grc' dir='ltr'>ἄμφω</span> <span class='ocrx_word' id='word_1_544' title='bbox 3087 3458 3168 3512; x_wconf 89' lang='grc' dir='ltr'><strong>τὼ</strong></span> <span class='ocrx_word' id='word_1_545' title='bbox 3196 3459 3464 3528; x_wconf 84' lang='grc' dir='ltr'>ὀφθαλμὼ</span> <span class='ocrx_word' id='word_1_546' title='bbox 3499 3459 3638 3528; x_wconf 72' lang='grc' dir='ltr'>ἔχει,</span> <span class='ocrx_word' id='word_1_547' title='bbox 3670 3458 3811 3511; x_wconf 77' lang='grc' dir='ltr'>οὐδὲν</span> 
     </span>
    </p>
   </div>
   <div class='ocr_carea' id='block_1_80' title="bbox 2241 3548 3814 3622">
    <p class='ocr_par' dir='ltr' id='par_1_80' title="bbox 2241 3548 3814 3622">
     <span class='ocr_line' id='line_1_80' title="bbox 2241 3548 3814 3622; baseline -0.003 -17"><span class='ocrx_word' id='word_1_548' title='bbox 2241 3552 2539 3622; x_wconf 85' lang='grc' dir='ltr'>ῑσχυσάσης</span> <span class='ocrx_word' id='word_1_549' title='bbox 2569 3551 2667 3617; x_wconf 83' lang='grc' dir='ltr'>τῆς</span> <span class='ocrx_word' id='word_1_550' title='bbox 2686 3552 2973 3621; x_wconf 81' lang='grc' dir='ltr'>συμφορᾶς</span> <span class='ocrx_word' id='word_1_551' title='bbox 3001 3549 3317 3618; x_wconf 78' lang='grc' dir='ltr'>ἀφελέσθαι,</span> <span class='ocrx_word' id='word_1_552' title='bbox 3343 3549 3490 3602; x_wconf 82' lang='grc' dir='ltr'>οὓτω</span> <span class='ocrx_word' id='word_1_553' title='bbox 3512 3548 3610 3602; x_wconf 78' lang='grc' dir='ltr'>τοῦ</span> <span class='ocrx_word' id='word_1_554' title='bbox 3630 3549 3814 3612; x_wconf 77' lang='grc' dir='ltr'>Χουζι-</span> 
     </span>
    </p>
   </div>
   <div class='ocr_carea' id='block_1_81' title="bbox 2241 3639 3816 3710">
    <p class='ocr_par' dir='ltr' id='par_1_81' title="bbox 2241 3639 3816 3710">
     <span class='ocr_line' id='line_1_81' title="bbox 2241 3639 3816 3710; baseline -0.001 -18"><span class='ocrx_word' id='word_1_555' title='bbox 2241 3641 2393 3693; x_wconf 86' lang='grc' dir='ltr'>6ίτου</span> <span class='ocrx_word' id='word_1_556' title='bbox 2442 3639 2819 3710; x_wconf 85' lang='grc' dir='ltr'>βουληθέντος.</span> <span class='ocrx_word' id='word_1_557' title='bbox 2856 3640 3035 3710; x_wconf 88' lang='grc' dir='ltr'>Ὅπερ</span> <span class='ocrx_word' id='word_1_558' title='bbox 3062 3640 3157 3693; x_wconf 76' lang='grc' dir='ltr'><strong>καὶ</strong></span> <span class='ocrx_word' id='word_1_559' title='bbox 3184 3639 3412 3707; x_wconf 89' lang='grc' dir='ltr'>γέγονεν</span> <span class='ocrx_word' id='word_1_560' title='bbox 3446 3640 3657 3710; x_wconf 73' lang='grc' dir='ltr'>ἀμφοῖν</span> <span class='ocrx_word' id='word_1_561' title='bbox 3711 3641 3816 3692; x_wconf 88' lang='grc' dir='ltr'>τοῖν</span> 
     </span>
    </p>
   </div>
   <div class='ocr_carea' id='block_1_82' title="bbox 2239 3730 3817 3802">
    <p class='ocr_par' dir='ltr' id='par_1_82' title="bbox 2239 3730 3817 3802">
     <span class='ocr_line' id='line_1_82' title="bbox 2239 3730 3817 3802; baseline -0.001 -16"><span class='ocrx_word' id='word_1_562' title='bbox 2239 3732 2470 3786; x_wconf 82' lang='grc' dir='ltr'>δικαίοιν</span> <span class='ocrx_word' id='word_1_563' title='bbox 2515 3731 2637 3784; x_wconf 86' lang='grc' dir='ltr'>κατ’</span> <span class='ocrx_word' id='word_1_564' title='bbox 2681 3732 2814 3785; x_wconf 79' lang='grc' dir='ltr'>αὐτὸ</span> <span class='ocrx_word' id='word_1_565' title='bbox 2846 3731 3485 3802; x_wconf 77' lang='grc' dir='ltr'>θαυματουργησάντοιν.</span> <span class='ocrx_word' id='word_1_566' title='bbox 3518 3730 3710 3801; x_wconf 86' lang='grc' dir='ltr'>Τούτῳ</span> <span class='ocrx_word' id='word_1_567' title='bbox 3744 3731 3817 3801; x_wconf 83' lang='grc' dir='ltr'>τῷ</span> 
     </span>
    </p>
   </div>
   <div class='ocr_carea' id='block_1_83' title="bbox 2234 3823 3814 3895">
    <p class='ocr_par' dir='ltr' id='par_1_83' title="bbox 2234 3823 3814 3895">
     <span class='ocr_line' id='line_1_83' title="bbox 2234 3823 3814 3895; baseline -0.004 -16"><span class='ocrx_word' id='word_1_568' title='bbox 2234 3825 2484 3893; x_wconf 80' lang='grc' dir='ltr'>Ζωσιμᾷ,</span> <span class='ocrx_word' id='word_1_569' title='bbox 2517 3823 2610 3876; x_wconf 83' lang='grc' dir='ltr'><strong>καί</strong></span> <span class='ocrx_word' id='word_1_570' title='bbox 2658 3841 2789 3877; x_wconf 88' lang='grc' dir='ltr'>ποτε</span> <span class='ocrx_word' id='word_1_571' title='bbox 2825 3823 2918 3875; x_wconf 74' lang='grc' dir='ltr'><strong>ἐπὶ</strong></span> <span class='ocrx_word' id='word_1_572' title='bbox 2951 3824 3052 3892; x_wconf 81' lang='grc' dir='ltr'>τὴν</span> <span class='ocrx_word' id='word_1_573' title='bbox 3093 3823 3374 3894; x_wconf 83' lang='grc' dir='ltr'>Καίσαρος</span> <span class='ocrx_word' id='word_1_574' title='bbox 3411 3825 3566 3893; x_wconf 82' lang='grc' dir='ltr'>ίόντι.</span> <span class='ocrx_word' id='word_1_575' title='bbox 3611 3824 3814 3895; x_wconf 74' lang='grc' dir='ltr'>ὀνάριον</span> 
     </span>
    </p>
   </div>
   <div class='ocr_carea' id='block_1_84' title="bbox 2234 3907 3814 3989">
    <p class='ocr_par' dir='ltr' id='par_1_84' title="bbox 2234 3907 3814 3989">
     <span class='ocr_line' id='line_1_84' title="bbox 2234 3907 3814 3989; baseline 0.001 -22"><span class='ocrx_word' id='word_1_576' title='bbox 2234 3933 2293 3967; x_wconf 84' lang='grc' dir='ltr'><strong>τε</strong></span> <span class='ocrx_word' id='word_1_577' title='bbox 2330 3916 2767 3989; x_wconf 84' lang='grc' dir='ltr'>παρασυρομένῳ</span> <span class='ocrx_word' id='word_1_578' title='bbox 2805 3917 2861 3966; x_wconf 81' lang='grc' dir='ltr'><strong>ἐν</strong></span> <span class='ocrx_word' id='word_1_579' title='bbox 2883 3909 3069 3982; x_wconf 73' lang='grc' dir='ltr'>ᾧτῶν</span> <span class='ocrx_word' id='word_1_580' title='bbox 3112 3917 3238 3969; x_wconf 86' lang='grc' dir='ltr'>τινά</span> <span class='ocrx_word' id='word_1_581' title='bbox 3269 3918 3319 3970; x_wconf 80' lang='grc' dir='ltr'><strong>οί</strong></span> <span class='ocrx_word' id='word_1_582' title='bbox 3359 3907 3689 3987; x_wconf 70' lang='grc' dir='ltr'>ἐπιτηδείων</span> <span class='ocrx_word' id='word_1_583' title='bbox 3725 3919 3814 3969; x_wconf 85' lang='grc' dir='ltr'>ἐπ-</span> 
     </span>
    </p>
   </div>
   <div class='ocr_carea' id='block_1_85' title="bbox 2238 4007 3812 4079">
    <p class='ocr_par' dir='ltr' id='par_1_85' title="bbox 2238 4007 3812 4079">
     <span class='ocr_line' id='line_1_85' title="bbox 2238 4007 3812 4079; baseline 0 -18"><span class='ocrx_word' id='word_1_584' title='bbox 2238 4008 2519 4077; x_wconf 70' lang='grc' dir='ltr'>εϐέϐλητο,</span> <span class='ocrx_word' id='word_1_585' title='bbox 2550 4007 2688 4060; x_wconf 86' lang='grc' dir='ltr'>λέων</span> <span class='ocrx_word' id='word_1_586' title='bbox 2716 4007 2916 4071; x_wconf 72' lang='grc' dir='ltr'>ἔπεισι,</span> <span class='ocrx_word' id='word_1_587' title='bbox 2948 4008 3041 4060; x_wconf 80' lang='grc' dir='ltr'>καὶ</span> <span class='ocrx_word' id='word_1_588' title='bbox 3063 4008 3156 4060; x_wconf 85' lang='grc' dir='ltr'><strong>τὸν</strong></span> <span class='ocrx_word' id='word_1_589' title='bbox 3187 4007 3310 4062; x_wconf 84' lang='grc' dir='ltr'>ὄνον</span> <span class='ocrx_word' id='word_1_590' title='bbox 3335 4007 3812 4079; x_wconf 72' lang='grc' dir='ltr'>άρπάσας,άπῄει.</span> 
     </span>
    </p>
   </div>
   <div class='ocr_carea' id='block_1_86' title="bbox 2253 4097 3814 4174">
    <p class='ocr_par' dir='ltr' id='par_1_86' title="bbox 2253 4097 3814 4174">
     <span class='ocr_line' id='line_1_86' title="bbox 2253 4097 3814 4174; baseline -0.001 -18"><span class='ocrx_word' id='word_1_591' title='bbox 2253 4102 2310 4156; x_wconf 84' lang='grc'><strong>’0</strong></span> <span class='ocrx_word' id='word_1_592' title='bbox 2331 4102 2388 4156; x_wconf 83' lang='grc' dir='ltr'><strong>δέ</strong></span> <span class='ocrx_word' id='word_1_593' title='bbox 2424 4103 2567 4156; x_wconf 77' lang='grc' dir='ltr'>Ζωσι</span> <span class='ocrx_word' id='word_1_594' title='bbox 2576 4101 2682 4172; x_wconf 81' lang='grc' dir='ltr'>μᾶς</span> <span class='ocrx_word' id='word_1_595' title='bbox 2715 4101 2819 4154; x_wconf 73' lang='grc' dir='ltr'><strong>ἀνὰ</strong></span> <span class='ocrx_word' id='word_1_596' title='bbox 2846 4101 2943 4171; x_wconf 74' lang='grc' dir='ltr'>τὴν</span> <span class='ocrx_word' id='word_1_597' title='bbox 2976 4099 3109 4171; x_wconf 76' lang='grc' dir='ltr'>ὕλην</span> <span class='ocrx_word' id='word_1_598' title='bbox 3138 4101 3323 4155; x_wconf 82' lang='grc' dir='ltr'>εἵπετο</span> <span class='ocrx_word' id='word_1_599' title='bbox 3349 4118 3364 4133; x_wconf 72' lang='grc' dir='ltr'><strong>ο</strong></span> <span class='ocrx_word' id='word_1_600' title='bbox 3401 4104 3598 4174; x_wconf 84' lang='grc' dir='ltr'>μέχρις</span> <span class='ocrx_word' id='word_1_601' title='bbox 3618 4097 3681 4157; x_wconf 66' lang='grc' dir='ltr'>οὗ</span> <span class='ocrx_word' id='word_1_602' title='bbox 3711 4101 3814 4155; x_wconf 85' lang='grc' dir='ltr'>δια-</span> 
     </span>
    </p>
   </div>
   <div class='ocr_carea' id='block_1_87' title="bbox 1760 4240 3837 4304">
    <p class='ocr_par' dir='ltr' id='par_1_87' title="bbox 1760 4240 3837 4304">
     <span class='ocr_line' id='line_1_87' title="bbox 1760 4240 3837 4304; baseline -0.005 -4"><span class='ocrx_word' id='word_1_603' title='bbox 1760 4245 2030 4300; x_wconf 76' lang='lat' dir='ltr'><strong>vALEsn</strong></span> <span class='ocrx_word' id='word_1_604' title='bbox 2071 4240 2638 4298; x_wconf 74' lang='lat' dir='ltr'><strong>ANNOTATIONES.</strong></span> <span class='ocrx_word' id='word_1_605' title='bbox 3828 4296 3837 4304; x_wconf 63' lang='grc'><strong>,</strong></span> 
     </span>
    </p>
   </div>
   <div class='ocr_carea' id='block_1_88' title="bbox 632 4333 3812 4411">
    <p class='ocr_par' dir='ltr' id='par_1_88' title="bbox 632 4333 3812 4411">
     <span class='ocr_line' id='line_1_88' title="bbox 632 4333 3812 4411; baseline -0.002 -16"><span class='ocrx_word' id='word_1_606' title='bbox 632 4340 742 4411; x_wconf 82' lang='grc'><strong>(50)</strong></span> <span class='ocrx_word' id='word_1_607' title='bbox 784 4337 1051 4407; x_wconf 64' lang='grc' dir='ltr'><strong>Χουζῧκᾷ.</strong></span> <span class='ocrx_word' id='word_1_608' title='bbox 1089 4340 1180 4394; x_wconf 89' lang='lat' dir='ltr'><strong>Sic</strong></span> <span class='ocrx_word' id='word_1_609' title='bbox 1220 4339 1403 4411; x_wconf 12' lang='lat' dir='ltr'><strong>etiam,</strong></span> <span class='ocrx_word' id='word_1_610' title='bbox 1440 4338 1647 4411; x_wconf 77' lang='lat' dir='ltr'><strong>legitur</strong></span> <span class='ocrx_word' id='word_1_611' title='bbox 1702 4338 2133 4411; x_wconf 58' lang='lat' dir='ltr'><strong>in_Nig:phoro.</strong></span> <span class='ocrx_word' id='word_1_612' title='bbox 2171 4339 2213 4393; x_wconf 83' lang='grc' dir='ltr'><strong>Ι)</strong></span> <span class='ocrx_word' id='word_1_613' title='bbox 2243 4333 2674 4411; x_wconf 82' lang='lat' dir='ltr'><strong>quunturinfra.</strong></span> <span class='ocrx_word' id='word_1_614' title='bbox 2703 4334 3058 4405; x_wconf 80' lang='lat' dir='ltr'><strong>Nicephorus</strong></span> <span class='ocrx_word' id='word_1_615' title='bbox 3090 4343 3275 4389; x_wconf 89' lang='lat' dir='ltr'><strong>tamen</strong></span> <span class='ocrx_word' id='word_1_616' title='bbox 3309 4335 3592 4406; x_wconf 83' lang='lat' dir='ltr'><strong>vulgatam</strong></span> <span class='ocrx_word' id='word_1_617' title='bbox 3631 4336 3812 4392; x_wconf 66' lang='lat' dir='ltr'><strong>distin-</strong></span> 
     </span>
    </p>
   </div>
   <div class='ocr_carea' id='block_1_89' title="bbox 558 4408 2134 4480">
    <p class='ocr_par' dir='ltr' id='par_1_89' title="bbox 558 4408 2134 4480">
     <span class='ocr_line' id='line_1_89' title="bbox 558 4408 2134 4480; baseline -0.004 -15"><span class='ocrx_word' id='word_1_618' title='bbox 558 4408 793 4480; x_wconf 78' lang='lat' dir='ltr'><strong>eamque</strong></span> <span class='ocrx_word' id='word_1_619' title='bbox 821 4411 1151 4478; x_wconf 80' lang='lat' dir='ltr'><strong>scripturam</strong></span> <span class='ocrx_word' id='word_1_620' title='bbox 1207 4410 1436 4464; x_wconf 87' lang='lat' dir='ltr'><strong>retinuit</strong></span> <span class='ocrx_word' id='word_1_621' title='bbox 1481 4409 1732 4480; x_wconf 78' lang='lat' dir='ltr'><strong>Ortelius</strong></span> <span class='ocrx_word' id='word_1_622' title='bbox 1774 4409 1830 4462; x_wconf 90' lang='lat' dir='ltr'><strong>in</strong></span> <span class='ocrx_word' id='word_1_623' title='bbox 1870 4408 2134 4480; x_wconf 68' lang='lat' dir='ltr'><strong>Thesauro</strong></span> 
     </span>
    </p>
   </div>
   <div class='ocr_carea' id='block_1_90' title="bbox 562 4478 2138 4552">
    <p class='ocr_par' dir='ltr' id='par_1_90' title="bbox 562 4478 2138 4552">
     <span class='ocr_line' id='line_1_90' title="bbox 562 4478 2138 4552; baseline 0.001 -22"><span class='ocrx_word' id='word_1_624' title='bbox 562 4478 940 4552; x_wconf 57' lang='lat' dir='ltr'><strong>geographica.</strong></span> <span class='ocrx_word' id='word_1_625' title='bbox 968 4480 1099 4552; x_wconf 74' lang='lat' dir='ltr'><strong>_Seil</strong></span> <span class='ocrx_word' id='word_1_626' title='bbox 1122 4480 1177 4552; x_wconf 89' lang='lat' dir='ltr'><strong>in</strong></span> <span class='ocrx_word' id='word_1_627' title='bbox 1212 4480 1423 4549; x_wconf 88' lang='lat' dir='ltr'><strong>optimo</strong></span> <span class='ocrx_word' id='word_1_628' title='bbox 1444 4479 1661 4552; x_wconf 71' lang='lat' dir='ltr'><strong>codice</strong></span> <span class='ocrx_word' id='word_1_629' title='bbox 1696 4478 2019 4552; x_wconf 82' lang='lat' dir='ltr'><strong>Florentino</strong></span> <span class='ocrx_word' id='word_1_630' title='bbox 2050 4478 2138 4531; x_wconf 86' lang='lat' dir='ltr'><strong>le-</strong></span> 
     </span>
    </p>
   </div>
   <div class='ocr_carea' id='block_1_91' title="bbox 559 4549 2137 4618">
    <p class='ocr_par' dir='ltr' id='par_1_91' title="bbox 559 4549 2137 4618">
     <span class='ocr_line' id='line_1_91' title="bbox 559 4549 2137 4618; baseline -0.001 -16"><span class='ocrx_word' id='word_1_631' title='bbox 559 4549 709 4617; x_wconf 57' lang='lat' dir='ltr'><strong>gitur</strong></span> <span class='ocrx_word' id='word_1_632' title='bbox 739 4549 1002 4617; x_wconf 71' lang='grc' dir='ltr'>Χουζιϐᾷ,</span> <span class='ocrx_word' id='word_1_633' title='bbox 1030 4551 1238 4604; x_wconf 87' lang='lat' dir='ltr'><strong>rectius</strong></span> <span class='ocrx_word' id='word_1_634' title='bbox 1270 4549 1459 4618; x_wconf 88' lang='lat' dir='ltr'><strong>procul</strong></span> <span class='ocrx_word' id='word_1_635' title='bbox 1492 4549 1700 4614; x_wconf 90' lang='lat' dir='ltr'><strong>dubio;</strong></span> <span class='ocrx_word' id='word_1_636' title='bbox 1729 4549 1810 4603; x_wconf 90' lang='lat' dir='ltr'><strong>sic</strong></span> <span class='ocrx_word' id='word_1_637' title='bbox 1833 4549 1982 4602; x_wconf 88' lang='lat' dir='ltr'><strong>enim</strong></span> <span class='ocrx_word' id='word_1_638' title='bbox 2015 4562 2137 4618; x_wconf 86' lang='lat' dir='ltr'><strong>eam</strong></span> 
     </span>
    </p>
   </div>
   <div class='ocr_carea' id='block_1_92' title="bbox 561 4617 2140 4687">
    <p class='ocr_par' dir='ltr' id='par_1_92' title="bbox 561 4617 2140 4687">
     <span class='ocr_line' id='line_1_92' title="bbox 561 4617 2140 4687; baseline -0.003 -11"><span class='ocrx_word' id='word_1_639' title='bbox 561 4625 774 4676; x_wconf 86' lang='lat' dir='ltr'><strong>lauram</strong></span> <span class='ocrx_word' id='word_1_640' title='bbox 800 4628 959 4672; x_wconf 83' lang='lat' dir='ltr'><strong>vocat</strong></span> <span class='ocrx_word' id='word_1_641' title='bbox 995 4618 1235 4687; x_wconf 73' lang='lat' dir='ltr'><strong>Joannes</strong></span> <span class='ocrx_word' id='word_1_642' title='bbox 1273 4617 1531 4675; x_wconf 81' lang='lat' dir='ltr'><strong>Moschus</strong></span> <span class='ocrx_word' id='word_1_643' title='bbox 1553 4660 1566 4681; x_wconf 87' lang='lat'><strong>.</strong></span> <span class='ocrx_word' id='word_1_644' title='bbox 1616 4620 1673 4673; x_wconf 92' lang='lat' dir='ltr'><strong>in</strong></span> <span class='ocrx_word' id='word_1_645' title='bbox 1705 4634 1826 4687; x_wconf 89' lang='lat' dir='ltr'><strong>cap.</strong></span> <span class='ocrx_word' id='word_1_646' title='bbox 1857 4618 1946 4672; x_wconf 71' lang='lat' dir='ltr'><strong>2L</strong></span> <span class='ocrx_word' id='word_1_647' title='bbox 2007 4617 2140 4687; x_wconf 68' lang='lat' dir='ltr'><strong>Cum</strong></span> 
     </span>
    </p>
   </div>
   <div class='ocr_carea' id='block_1_93' title="bbox 565 4686 2143 4752">
    <p class='ocr_par' dir='ltr' id='par_1_93' title="bbox 565 4686 2143 4752">
     <span class='ocr_line' id='line_1_93' title="bbox 565 4686 2143 4752; baseline -0.003 -8"><span class='ocrx_word' id='word_1_648' title='bbox 565 4700 743 4745; x_wconf 75' lang='lat' dir='ltr'><strong>mitem</strong></span> <span class='ocrx_word' id='word_1_649' title='bbox 772 4691 994 4743; x_wconf 77' lang='lat' dir='ltr'><strong>venisset</strong></span> <span class='ocrx_word' id='word_1_650' title='bbox 1053 4686 1132 4743; x_wconf 13' lang='lat' dir='ltr'><strong>in,</strong></span> <span class='ocrx_word' id='word_1_651' title='bbox 1168 4708 1422 4752; x_wconf 78' lang='lat' dir='ltr'><strong>eremum,</strong></span> <span class='ocrx_word' id='word_1_652' title='bbox 1456 4700 1502 4744; x_wconf 82' lang='lat' dir='ltr'><strong>et</strong></span> <span class='ocrx_word' id='word_1_653' title='bbox 1540 4686 1843 4744; x_wconf 84' lang='lat' dir='ltr'><strong>moraretur</strong></span> <span class='ocrx_word' id='word_1_654' title='bbox 1894 4689 1950 4740; x_wconf 80' lang='lat' dir='ltr'><strong>in</strong></span> <span class='ocrx_word' id='word_1_655' title='bbox 1995 4686 2143 4740; x_wconf 74' lang='lat' dir='ltr'><strong>cellis</strong></span> 
     </span>
    </p>
   </div>
   <div class='ocr_carea' id='block_1_94' title="bbox 565 4758 2143 4830">
    <p class='ocr_par' dir='ltr' id='par_1_94' title="bbox 565 4758 2143 4830">
     <span class='ocr_line' id='line_1_94' title="bbox 565 4758 2143 4830; baseline -0.004 -15"><span class='ocrx_word' id='word_1_656' title='bbox 565 4761 779 4824; x_wconf 69' lang='lat' dir='ltr'><strong>(Iusiba,</strong></span> <span class='ocrx_word' id='word_1_657' title='bbox 802 4761 983 4814; x_wconf 82' lang='lat' dir='ltr'><strong>eadem</strong></span> <span class='ocrx_word' id='word_1_658' title='bbox 1002 4763 1353 4816; x_wconf 78' lang='lat' dir='ltr'><strong>miserationis</strong></span> <span class='ocrx_word' id='word_1_659' title='bbox 1380 4761 1602 4830; x_wconf 75' lang='lat' dir='ltr'><strong>faciebat</strong></span> <span class='ocrx_word' id='word_1_660' title='bbox 1640 4776 1822 4827; x_wconf 87' lang='lat' dir='ltr'><strong>opera.</strong></span> <span class='ocrx_word' id='word_1_661' title='bbox 1853 4758 1970 4830; x_wconf 73' lang='lat' dir='ltr'><strong>Ibat</strong></span> <span class='ocrx_word' id='word_1_662' title='bbox 2003 4759 2143 4810; x_wconf 77' lang='lat' dir='ltr'><strong>enim</strong></span> 
     </span>
    </p>
   </div>
   <div class='ocr_carea' id='block_1_95' title="bbox 605 4829 2136 4902">
    <p class='ocr_par' dir='ltr' id='par_1_95' title="bbox 605 4829 2136 4902">
     <span class='ocr_line' id='line_1_95' title="bbox 605 4829 2136 4902; baseline -0.002 -20"><span class='ocrx_word' id='word_1_663' title='bbox 605 4850 660 4885; x_wconf 78' lang='lat' dir='ltr'><strong>cr</strong></span> <span class='ocrx_word' id='word_1_664' title='bbox 675 4834 816 4886; x_wconf 79' lang='lat' dir='ltr'><strong>viam</strong></span> <span class='ocrx_word' id='word_1_665' title='bbox 845 4848 961 4902; x_wconf 72' lang='lat' dir='ltr'><strong>qua?</strong></span> <span class='ocrx_word' id='word_1_666' title='bbox 986 4833 1128 4885; x_wconf 70' lang='lat' dir='ltr'><strong>duri!</strong></span> <span class='ocrx_word' id='word_1_667' title='bbox 1151 4850 1183 4886; x_wconf 81' lang='grc' dir='ltr'><strong>α</strong></span> <span class='ocrx_word' id='word_1_668' title='bbox 1209 4829 1448 4902; x_wconf 74' lang='lat' dir='ltr'><strong>Iordane</strong></span> <span class='ocrx_word' id='word_1_669' title='bbox 1478 4831 1556 4902; x_wconf 13' lang='lat' dir='ltr'><strong>ad,</strong></span> <span class='ocrx_word' id='word_1_670' title='bbox 1575 4840 1821 4902; x_wconf 64' lang='lat' dir='ltr'><strong>sanctam</strong></span> <span class='ocrx_word' id='word_1_671' title='bbox 1853 4829 2136 4902; x_wconf 73' lang='lat' dir='ltr'><strong>civitatem.</strong></span> 
     </span>
    </p>
   </div>
   <div class='ocr_carea' id='block_1_96' title="bbox 568 4852 2139 4967">
    <p class='ocr_par' dir='ltr' id='par_1_96' title="bbox 568 4852 2139 4967">
     <span class='ocr_line' id='line_1_96' title="bbox 605 4852 2136 4902; baseline -0.002 -20"><span class='ocrx_word' id='word_1_672' title='bbox 605 4852 660 4885; x_wconf 75' lang='lat' dir='ltr'><strong>cr</strong></span> <span class='ocrx_word' id='word_1_673' title='bbox 675 4852 816 4886; x_wconf 74' lang='lat' dir='ltr'><strong>viam</strong></span> <span class='ocrx_word' id='word_1_674' title='bbox 845 4852 961 4902; x_wconf 80' lang='lat' dir='ltr'><strong>qua:</strong></span> <span class='ocrx_word' id='word_1_675' title='bbox 986 4852 1128 4885; x_wconf 75' lang='grc' dir='ltr'>ωιτη</span> <span class='ocrx_word' id='word_1_676' title='bbox 1151 4852 1183 4886; x_wconf 87' lang='lat' dir='ltr'><strong>a</strong></span> <span class='ocrx_word' id='word_1_677' title='bbox 1209 4852 1448 4887; x_wconf 73' lang='lat' dir='ltr'><strong>Joraane</strong></span> <span class='ocrx_word' id='word_1_678' title='bbox 1478 4852 1546 4884; x_wconf 79' lang='lat' dir='ltr'><strong>au</strong></span> <span class='ocrx_word' id='word_1_679' title='bbox 1575 4852 1821 4885; x_wconf 75' lang='lat' dir='ltr'><strong>sancmm</strong></span> <span class='ocrx_word' id='word_1_680' title='bbox 1853 4852 2136 4882; x_wconf 81' lang='lat' dir='ltr'><strong>cwumem.</strong></span> 
     </span>
     <span class='ocr_line' id='line_1_97' title="bbox 568 4852 2139 4967; baseline -0.005 -10"><span class='ocrx_word' id='word_1_681' title='bbox 568 4852 671 4957; x_wconf 52' lang='lat' dir='ltr'><strong>filii</strong></span> <span class='ocrx_word' id='word_1_682' title='bbox 697 4904 997 4957; x_wconf 83' lang='lat' dir='ltr'><strong>notandum</strong></span> <span class='ocrx_word' id='word_1_683' title='bbox 1033 4914 1118 4958; x_wconf 86' lang='lat' dir='ltr'><strong>est</strong></span> <span class='ocrx_word' id='word_1_684' title='bbox 1142 4904 1308 4957; x_wconf 87' lang='lat' dir='ltr'><strong>cellas</strong></span> <span class='ocrx_word' id='word_1_685' title='bbox 1327 4920 1356 4956; x_wconf 89' lang='lat' dir='ltr'><strong>a</strong></span> <span class='ocrx_word' id='word_1_686' title='bbox 1397 4901 1616 4955; x_wconf 85' lang='lat' dir='ltr'><strong>Moscho</strong></span> <span class='ocrx_word' id='word_1_687' title='bbox 1640 4899 1774 4962; x_wconf 86' lang='lat' dir='ltr'><strong>dici,</strong></span> <span class='ocrx_word' id='word_1_688' title='bbox 1801 4914 1965 4967; x_wconf 86' lang='lat' dir='ltr'><strong>quam</strong></span> <span class='ocrx_word' id='word_1_689' title='bbox 2018 4898 2139 4951; x_wconf 84' lang='lat' dir='ltr'><strong>lau-</strong></span> 
     </span>
    </p>
   </div>
   <div class='ocr_carea' id='block_1_97' title="bbox 570 4969 2144 5042">
    <p class='ocr_par' dir='ltr' id='par_1_97' title="bbox 570 4969 2144 5042">
     <span class='ocr_line' id='line_1_98' title="bbox 570 4969 2144 5042; baseline -0.001 -18"><span class='ocrx_word' id='word_1_690' title='bbox 570 4987 684 5025; x_wconf 88' lang='lat' dir='ltr'><strong>ram</strong></span> <span class='ocrx_word' id='word_1_691' title='bbox 721 4982 880 5027; x_wconf 87' lang='lat' dir='ltr'><strong>vocat</strong></span> <span class='ocrx_word' id='word_1_692' title='bbox 917 4974 1201 5042; x_wconf 77' lang='lat' dir='ltr'><strong>Evagrius.</strong></span> <span class='ocrx_word' id='word_1_693' title='bbox 1245 4973 1408 5027; x_wconf 88' lang='lat' dir='ltr'><strong>Certe</strong></span> <span class='ocrx_word' id='word_1_694' title='bbox 1451 4972 1607 5025; x_wconf 88' lang='lat' dir='ltr'><strong>laura</strong></span> <span class='ocrx_word' id='word_1_695' title='bbox 1650 4969 1970 5042; x_wconf 71' lang='lat' dir='ltr'><strong>nihilaliud</strong></span> <span class='ocrx_word' id='word_1_696' title='bbox 2019 4976 2144 5022; x_wconf 89' lang='lat' dir='ltr'><strong>erat</strong></span> 
     </span>
    </p>
   </div>
   <div class='ocr_carea' id='block_1_98' title="bbox 566 5039 2146 5109">
    <p class='ocr_par' dir='ltr' id='par_1_98' title="bbox 566 5039 2146 5109">
     <span class='ocr_line' id='line_1_99' title="bbox 566 5039 2146 5109; baseline -0.003 -15"><span class='ocrx_word' id='word_1_697' title='bbox 566 5058 732 5109; x_wconf 83' lang='lat' dir='ltr'><strong>quam</strong></span> <span class='ocrx_word' id='word_1_698' title='bbox 783 5044 933 5098; x_wconf 69' lang='lat' dir='ltr'><strong>cellre</strong></span> <span class='ocrx_word' id='word_1_699' title='bbox 965 5039 1366 5097; x_wconf 83' lang='lat' dir='ltr'><strong>monachorum</strong></span> <span class='ocrx_word' id='word_1_700' title='bbox 1401 5042 1529 5094; x_wconf 92' lang='lat' dir='ltr'><strong>hinc</strong></span> <span class='ocrx_word' id='word_1_701' title='bbox 1588 5040 1717 5094; x_wconf 91' lang='lat' dir='ltr'><strong>inde</strong></span> <span class='ocrx_word' id='word_1_702' title='bbox 1753 5039 2040 5107; x_wconf 61' lang='lat' dir='ltr'><strong>dispersae,</strong></span> <span class='ocrx_word' id='word_1_703' title='bbox 2085 5046 2146 5091; x_wconf 94' lang='lat' dir='ltr'><strong>ut</strong></span> 
     </span>
    </p>
   </div>
   <div class='ocr_carea' id='block_1_99' title="bbox 569 5110 2148 5181">
    <p class='ocr_par' dir='ltr' id='par_1_99' title="bbox 569 5110 2148 5181">
     <span class='ocr_line' id='line_1_100' title="bbox 569 5110 2148 5181; baseline -0.003 -16"><span class='ocrx_word' id='word_1_704' title='bbox 569 5128 737 5181; x_wconf 85' lang='lat' dir='ltr'><strong>supra</strong></span> <span class='ocrx_word' id='word_1_705' title='bbox 784 5114 991 5168; x_wconf 83' lang='lat' dir='ltr'><strong>notavi.</strong></span> <span class='ocrx_word' id='word_1_706' title='bbox 1040 5114 1295 5167; x_wconf 82' lang='lat' dir='ltr'><strong>Moschus</strong></span> <span class='ocrx_word' id='word_1_707' title='bbox 1347 5112 1626 5181; x_wconf 67' lang='lat' dir='ltr'><strong>tamcr,‘n</strong></span> <span class='ocrx_word' id='word_1_708' title='bbox 1677 5124 1799 5178; x_wconf 85' lang='lat' dir='ltr'><strong>cap.</strong></span> <span class='ocrx_word' id='word_1_709' title='bbox 1852 5110 1942 5170; x_wconf 68' lang='grc'>24,</span> <span class='ocrx_word' id='word_1_710' title='bbox 1985 5119 2148 5181; x_wconf 79' lang='lat' dir='ltr'><strong>vocat</strong></span> 
     </span>
    </p>
   </div>
   <div class='ocr_carea' id='block_1_100' title="bbox 569 5178 2149 5250">
    <p class='ocr_par' dir='ltr' id='par_1_100' title="bbox 569 5178 2149 5250">
     <span class='ocr_line' id='line_1_101' title="bbox 569 5178 2149 5250; baseline -0.002 -17"><span class='ocrx_word' id='word_1_711' title='bbox 569 5178 881 5239; x_wconf 62' lang='lat' dir='ltr'><strong>coenobium</strong></span> <span class='ocrx_word' id='word_1_712' title='bbox 919 5184 1199 5238; x_wconf 83' lang='lat' dir='ltr'><strong>Chusiba:</strong></span> <span class='ocrx_word' id='word_1_713' title='bbox 1266 5182 1324 5234; x_wconf 76' lang='grc' dir='ltr'>ὐ</span> <span class='ocrx_word' id='word_1_714' title='bbox 1358 5180 1530 5250; x_wconf 69' lang='grc' dir='ltr'>άὸὅᾶις</span> <span class='ocrx_word' id='word_1_715' title='bbox 1594 5180 1889 5250; x_wconf 63' lang='grc' dir='ltr'>ι’ρηγόριος</span> <span class='ocrx_word' id='word_1_716' title='bbox 1943 5181 1970 5230; x_wconf 88' lang='grc' dir='ltr'>ὁ</span> <span class='ocrx_word' id='word_1_717' title='bbox 2040 5178 2149 5250; x_wconf 69' lang='grc' dir='ltr'><strong>ἀπρ</strong></span> 
     </span>
    </p>
   </div>
   <div class='ocr_carea' id='block_1_101' title="bbox 570 5245 2148 5321">
    <p class='ocr_par' dir='ltr' id='par_1_101' title="bbox 570 5245 2148 5321">
     <span class='ocr_line' id='line_1_102' title="bbox 570 5245 2148 5321; baseline 0.009 -18"><span class='ocrx_word' id='word_1_718' title='bbox 570 5253 881 5321; x_wconf 80' lang='grc' dir='ltr'>Σχολαρίων</span> <span class='ocrx_word' id='word_1_719' title='bbox 931 5254 1118 5318; x_wconf 79' lang='grc' dir='ltr'>ἔλεγεν</span> <span class='ocrx_word' id='word_1_720' title='bbox 1160 5255 1313 5318; x_wconf 78' lang='grc' dir='ltr'>ἡμῖν.</span> <span class='ocrx_word' id='word_1_721' title='bbox 1366 5251 1447 5302; x_wconf 82' lang='grc' dir='ltr'>ὅτι</span> <span class='ocrx_word' id='word_1_722' title='bbox 1478 5245 1571 5321; x_wconf 27' lang='grc' dir='ltr'>ἦν,</span> <span class='ocrx_word' id='word_1_723' title='bbox 1597 5245 1700 5311; x_wconf 72' lang='grc' dir='ltr'><strong>τίς’</strong></span> <span class='ocrx_word' id='word_1_724' title='bbox 1724 5245 1952 5321; x_wconf 63' lang='grc' dir='ltr'>ἀδελφὸς</span> <span class='ocrx_word' id='word_1_725' title='bbox 1984 5248 2148 5321; x_wconf 25' lang='grc' dir='ltr'>ἒνντῴ</span> 
     </span>
    </p>
   </div>
   <div class='ocr_carea' id='block_1_102' title="bbox 570 5319 2150 5393">
    <p class='ocr_par' dir='ltr' id='par_1_102' title="bbox 570 5319 2150 5393">
     <span class='ocr_line' id='line_1_103' title="bbox 570 5319 2150 5393; baseline -0.001 -20"><span class='ocrx_word' id='word_1_726' title='bbox 570 5319 819 5393; x_wconf 65' lang='grc' dir='ltr'>κοινοϐίῳ</span> <span class='ocrx_word' id='word_1_727' title='bbox 851 5324 942 5376; x_wconf 76' lang='grc' dir='ltr'>τυῦ</span> <span class='ocrx_word' id='word_1_728' title='bbox 975 5322 1235 5391; x_wconf 69' lang='grc' dir='ltr'>Χουζιϐᾷ.</span> <span class='ocrx_word' id='word_1_729' title='bbox 1261 5322 1533 5393; x_wconf 63' lang='lat' dir='ltr'><strong>Caeterum</strong></span> <span class='ocrx_word' id='word_1_730' title='bbox 1561 5319 1675 5374; x_wconf 70' lang='lat' dir='ltr'><strong>haec</strong></span> <span class='ocrx_word' id='word_1_731' title='bbox 1700 5320 1890 5393; x_wconf 81' lang='lat' dir='ltr'><strong>verba,</strong></span> <span class='ocrx_word' id='word_1_732' title='bbox 1925 5323 1982 5373; x_wconf 80' lang='grc' dir='ltr'><strong>ἐν</strong></span> <span class='ocrx_word' id='word_1_733' title='bbox 2012 5320 2150 5371; x_wconf 88' lang='grc' dir='ltr'>Χου-</span> 
     </span>
    </p>
   </div>
   <div class='ocr_carea' id='block_1_103' title="bbox 568 5390 2147 5465">
    <p class='ocr_par' dir='ltr' id='par_1_103' title="bbox 568 5390 2147 5465">
     <span class='ocr_line' id='line_1_104' title="bbox 568 5390 2147 5465; baseline 0 -21"><span class='ocrx_word' id='word_1_734' title='bbox 568 5393 695 5464; x_wconf 60' lang='grc' dir='ltr'><strong>ζιϐξῖ</strong></span> <span class='ocrx_word' id='word_1_735' title='bbox 725 5390 1024 5465; x_wconf 49' lang='lat' dir='ltr'><strong>efﬂat-3.92.1,</strong></span> <span class='ocrx_word' id='word_1_736' title='bbox 1080 5390 1363 5463; x_wconf 78' lang='lat' dir='ltr'><strong>jungenda</strong></span> <span class='ocrx_word' id='word_1_737' title='bbox 1427 5401 1557 5444; x_wconf 86' lang='lat' dir='ltr'><strong>sunt</strong></span> <span class='ocrx_word' id='word_1_738' title='bbox 1620 5406 1744 5453; x_wconf 81' lang='lat' dir='ltr'><strong>cum</strong></span> <span class='ocrx_word' id='word_1_739' title='bbox 1774 5390 1858 5444; x_wconf 85' lang='lat' dir='ltr'><strong>iis-</strong></span> <span class='ocrx_word' id='word_1_740' title='bbox 1898 5406 2026 5460; x_wconf 64' lang='lat' dir='ltr'><strong>quae</strong></span> <span class='ocrx_word' id='word_1_741' title='bbox 2057 5405 2147 5444; x_wconf 88' lang='lat' dir='ltr'><strong>sc-</strong></span> 
     </span>
    </p>
   </div>
   <div class='ocr_carea' id='block_1_104' title="bbox 2242 4408 2727 4464">
    <p class='ocr_par' dir='ltr' id='par_1_104' title="bbox 2242 4408 2727 4464">
     <span class='ocr_line' id='line_1_105' title="bbox 2242 4408 2727 4464; baseline -0.014 0"><span class='ocrx_word' id='word_1_742' title='bbox 2242 4408 2483 4464; x_wconf 91' lang='lat' dir='ltr'><strong>ctionem</strong></span> <span class='ocrx_word' id='word_1_743' title='bbox 2519 4412 2727 4458; x_wconf 91' lang='lat' dir='ltr'><strong>tuetur.</strong></span> 
     </span>
    </p>
   </div>
   <div class='ocr_carea' id='block_1_105' title="bbox 2317 4473 3805 4545">
    <p class='ocr_par' dir='ltr' id='par_1_105' title="bbox 2317 4473 3805 4545">
     <span class='ocr_line' id='line_1_106' title="bbox 2317 4473 3805 4545; baseline -0.003 -14"><span class='ocrx_word' id='word_1_744' title='bbox 2317 4476 2429 4545; x_wconf 71' lang='lat' dir='ltr'><strong>(3U</strong></span> <span class='ocrx_word' id='word_1_745' title='bbox 2489 4473 2939 4541; x_wconf 77' lang='grc' dir='ltr'>Ἑπισκοπήσας</span> <span class='ocrx_word' id='word_1_746' title='bbox 2991 4475 3059 4529; x_wconf 82' lang='grc' dir='ltr'>δὲ</span> <span class='ocrx_word' id='word_1_747' title='bbox 3110 4474 3228 4541; x_wconf 76' lang='grc' dir='ltr'><strong>τὴν</strong></span> <span class='ocrx_word' id='word_1_748' title='bbox 3289 4476 3596 4542; x_wconf 78' lang='grc' dir='ltr'>Καίσαρος</span> <span class='ocrx_word' id='word_1_749' title='bbox 3624 4478 3805 4531; x_wconf 73' lang='grc' dir='ltr'>πόλιν.</span> 
     </span>
    </p>
   </div>
   <div class='ocr_carea' id='block_1_106' title="bbox 2247 4544 3805 4615">
    <p class='ocr_par' dir='ltr' id='par_1_106' title="bbox 2247 4544 3805 4615">
     <span class='ocr_line' id='line_1_107' title="bbox 2247 4544 3805 4615; baseline -0.002 -12"><span class='ocrx_word' id='word_1_750' title='bbox 2247 4549 2349 4603; x_wconf 86' lang='lat' dir='ltr'><strong>Hic</strong></span> <span class='ocrx_word' id='word_1_751' title='bbox 2373 4544 2616 4615; x_wconf 81' lang='lat' dir='ltr'><strong>Joannes</strong></span> <span class='ocrx_word' id='word_1_752' title='bbox 2656 4545 2828 4615; x_wconf 87' lang='lat' dir='ltr'><strong>abbas</strong></span> <span class='ocrx_word' id='word_1_753' title='bbox 2876 4546 3118 4614; x_wconf 91' lang='lat' dir='ltr'><strong>primum</strong></span> <span class='ocrx_word' id='word_1_754' title='bbox 3147 4545 3251 4599; x_wconf 79' lang='lat' dir='ltr'><strong>fuit</strong></span> <span class='ocrx_word' id='word_1_755' title='bbox 3281 4560 3347 4615; x_wconf 81' lang='lat' dir='ltr'><strong>ac</strong></span> <span class='ocrx_word' id='word_1_756' title='bbox 3393 4548 3686 4615; x_wconf 73' lang='lat' dir='ltr'><strong>presbyter</strong></span> <span class='ocrx_word' id='word_1_757' title='bbox 3708 4562 3805 4601; x_wconf 90' lang='lat' dir='ltr'><strong>mo-</strong></span> 
     </span>
    </p>
   </div>
   <div class='ocr_carea' id='block_1_107' title="bbox 2247 4613 3808 4688">
    <p class='ocr_par' dir='ltr' id='par_1_107' title="bbox 2247 4613 3808 4688">
     <span class='ocr_line' id='line_1_108' title="bbox 2247 4613 3808 4688; baseline -0.001 -15"><span class='ocrx_word' id='word_1_758' title='bbox 2247 4616 2475 4673; x_wconf 88' lang='lat' dir='ltr'><strong>nasterii</strong></span> <span class='ocrx_word' id='word_1_759' title='bbox 2509 4614 2775 4688; x_wconf 65' lang='lat' dir='ltr'><strong>Chusilva,</strong></span> <span class='ocrx_word' id='word_1_760' title='bbox 2818 4613 2891 4669; x_wconf 55' lang='lat' dir='ltr'><strong>ei</strong></span> <span class='ocrx_word' id='word_1_761' title='bbox 2918 4631 3029 4685; x_wconf 90' lang='lat' dir='ltr'><strong>quo</strong></span> <span class='ocrx_word' id='word_1_762' title='bbox 3055 4617 3221 4688; x_wconf 62' lang='lat' dir='ltr'><strong>etiam</strong></span> <span class='ocrx_word' id='word_1_763' title='bbox 3271 4613 3600 4688; x_wconf 23' lang='lat' dir='ltr'><strong>Qhu&#39;zibite’s</strong></span> <span class='ocrx_word' id='word_1_764' title='bbox 3628 4631 3808 4687; x_wconf 79' lang='lat' dir='ltr'><strong>cogno-</strong></span> 
     </span>
    </p>
   </div>
   <div class='ocr_carea' id='block_1_108' title="bbox 2250 4684 3811 4757">
    <p class='ocr_par' dir='ltr' id='par_1_108' title="bbox 2250 4684 3811 4757">
     <span class='ocr_line' id='line_1_109' title="bbox 2250 4684 3811 4757; baseline -0.003 -15"><span class='ocrx_word' id='word_1_765' title='bbox 2250 4688 2493 4743; x_wconf 89' lang='lat' dir='ltr'><strong>minatus</strong></span> <span class='ocrx_word' id='word_1_766' title='bbox 2543 4684 2649 4738; x_wconf 78' lang='lat' dir='ltr'><strong>est.</strong></span> <span class='ocrx_word' id='word_1_767' title='bbox 2675 4685 2870 4740; x_wconf 85' lang='lat' dir='ltr'><strong>Postea</strong></span> <span class='ocrx_word' id='word_1_768' title='bbox 2921 4684 3053 4757; x_wconf 65' lang='lat' dir='ltr'><strong>Vero</strong></span> <span class='ocrx_word' id='word_1_769' title='bbox 3109 4684 3477 4757; x_wconf 65' lang='lat' dir='ltr'><strong>Caesariensis</strong></span> <span class='ocrx_word' id='word_1_770' title='bbox 3535 4684 3811 4757; x_wconf 79' lang='lat' dir='ltr'><strong>episcopus</strong></span> 
     </span>
    </p>
   </div>
   <div class='ocr_carea' id='block_1_109' title="bbox 2252 4756 3813 4825">
    <p class='ocr_par' dir='ltr' id='par_1_109' title="bbox 2252 4756 3813 4825">
     <span class='ocr_line' id='line_1_110' title="bbox 2252 4756 3813 4825; baseline -0.003 -13"><span class='ocrx_word' id='word_1_771' title='bbox 2252 4759 2430 4812; x_wconf 77' lang='lat' dir='ltr'><strong>factus</strong></span> <span class='ocrx_word' id='word_1_772' title='bbox 2470 4765 2574 4822; x_wconf 75' lang='lat' dir='ltr'><strong>est,</strong></span> <span class='ocrx_word' id='word_1_773' title='bbox 2636 4764 2700 4808; x_wconf 90' lang='lat' dir='ltr'><strong>ut</strong></span> <span class='ocrx_word' id='word_1_774' title='bbox 2749 4765 2948 4823; x_wconf 69' lang='lat' dir='ltr'><strong>pneter</strong></span> <span class='ocrx_word' id='word_1_775' title='bbox 3009 4756 3305 4825; x_wconf 82' lang='lat' dir='ltr'><strong>Evagrium</strong></span> <span class='ocrx_word' id='word_1_776' title='bbox 3365 4756 3532 4811; x_wconf 88' lang='lat' dir='ltr'><strong>docet</strong></span> <span class='ocrx_word' id='word_1_777' title='bbox 3572 4756 3813 4813; x_wconf 72' lang='lat' dir='ltr'><strong>Joannes</strong></span> 
     </span>
    </p>
   </div>
   <div class='ocr_carea' id='block_1_110' title="bbox 2249 4825 3811 4911">
    <p class='ocr_par' dir='ltr' id='par_1_110' title="bbox 2249 4825 3811 4911">
     <span class='ocr_line' id='line_1_111' title="bbox 2249 4825 3811 4911; baseline -0.004 -29"><span class='ocrx_word' id='word_1_778' title='bbox 2249 4827 2519 4911; x_wconf 48' lang='lat' dir='ltr'><strong>hlpsclius‘</strong></span> <span class='ocrx_word' id='word_1_779' title='bbox 2541 4825 2812 4911; x_wconf 55' lang='lat' dir='ltr'><strong>inucapite</strong></span> <span class='ocrx_word' id='word_1_780' title='bbox 2842 4825 2944 4911; x_wconf 40' lang='lat' dir='ltr'><strong>2h:</strong></span> <span class='ocrx_word' id='word_1_781' title='bbox 2977 4827 3087 4911; x_wconf 72' lang='grc' dir='ltr'><strong>Καὶ</strong></span> <span class='ocrx_word' id='word_1_782' title='bbox 3116 4829 3172 4878; x_wconf 82' lang='grc' dir='ltr'>ὲν</span> <span class='ocrx_word' id='word_1_783' title='bbox 3196 4826 3275 4894; x_wconf 79' lang='grc' dir='ltr'>τῷ</span> <span class='ocrx_word' id='word_1_784' title='bbox 3302 4828 3702 4911; x_wconf 43' lang='grc' dir='ltr'>,προσκομίζειν</span> <span class='ocrx_word' id='word_1_785' title='bbox 3730 4826 3811 4911; x_wconf 55' lang='grc' dir='ltr'><strong>τον</strong></span> 
     </span>
    </p>
   </div>
   <div class='ocr_carea' id='block_1_111' title="bbox 2248 4896 3811 4968">
    <p class='ocr_par' dir='ltr' id='par_1_111' title="bbox 2248 4896 3811 4968">
     <span class='ocr_line' id='line_1_112' title="bbox 2248 4896 3811 4968; baseline -0.003 -18"><span class='ocrx_word' id='word_1_786' title='bbox 2248 4897 2424 4968; x_wconf 74' lang='grc' dir='ltr'>άεῦάν</span> <span class='ocrx_word' id='word_1_787' title='bbox 2470 4897 2561 4968; x_wconf 69' lang='grc' dir='ltr'>τὸν</span> <span class='ocrx_word' id='word_1_788' title='bbox 2581 4898 2853 4968; x_wconf 7' lang='grc' dir='ltr'>,Ἰωάννην</span> <span class='ocrx_word' id='word_1_789' title='bbox 2879 4897 2970 4948; x_wconf 82' lang='grc' dir='ltr'><strong>τὸν</strong></span> <span class='ocrx_word' id='word_1_790' title='bbox 3002 4897 3124 4968; x_wconf 72' lang='grc' dir='ltr'>τότε</span> <span class='ocrx_word' id='word_1_791' title='bbox 3151 4896 3533 4968; x_wconf 75' lang='grc' dir='ltr'>πρεσὸύτερον</span> <span class='ocrx_word' id='word_1_792' title='bbox 3577 4899 3704 4951; x_wconf 75' lang='grc' dir='ltr'>ὄντα</span> <span class='ocrx_word' id='word_1_793' title='bbox 3732 4896 3811 4968; x_wconf 71' lang='grc' dir='ltr'><strong>τὸν</strong></span> 
     </span>
    </p>
   </div>
   <div class='ocr_carea' id='block_1_112' title="bbox 2250 4965 3813 5036">
    <p class='ocr_par' dir='ltr' id='par_1_112' title="bbox 2250 4965 3813 5036">
     <span class='ocr_line' id='line_1_113' title="bbox 2250 4965 3813 5036; baseline -0.001 -17"><span class='ocrx_word' id='word_1_794' title='bbox 2250 4966 2479 5033; x_wconf 79' lang='grc' dir='ltr'>ἐπίκλην</span> <span class='ocrx_word' id='word_1_795' title='bbox 2494 4965 2877 5036; x_wconf 77' lang='grc' dir='ltr'>Χοζεὸίτην,ὃ;</span> <span class='ocrx_word' id='word_1_796' title='bbox 2895 4969 2989 5019; x_wconf 71' lang='grc' dir='ltr'><strong>καὶ</strong></span> <span class='ocrx_word' id='word_1_797' title='bbox 3007 4966 3134 5018; x_wconf 78' lang='grc' dir='ltr'>ὖστε</span> <span class='ocrx_word' id='word_1_798' title='bbox 3144 4983 3233 5036; x_wconf 89' lang='grc' dir='ltr'><strong>ρον</strong></span> <span class='ocrx_word' id='word_1_799' title='bbox 3247 4965 3478 5035; x_wconf 82' lang='grc' dir='ltr'>γέγονεν</span> <span class='ocrx_word' id='word_1_800' title='bbox 3496 4966 3813 5036; x_wconf 80' lang='grc' dir='ltr'>Καισαρείας</span> 
     </span>
    </p>
   </div>
   <div class='ocr_carea' id='block_1_113' title="bbox 2244 5036 3813 5108">
    <p class='ocr_par' dir='ltr' id='par_1_113' title="bbox 2244 5036 3813 5108">
     <span class='ocr_line' id='line_1_114' title="bbox 2244 5036 3813 5108; baseline -0.001 -18"><span class='ocrx_word' id='word_1_801' title='bbox 2244 5038 2345 5105; x_wconf 79' lang='grc' dir='ltr'>τῆς</span> <span class='ocrx_word' id='word_1_802' title='bbox 2389 5036 2532 5089; x_wconf 78' lang='grc' dir='ltr'>κατὰ</span> <span class='ocrx_word' id='word_1_803' title='bbox 2581 5036 2947 5108; x_wconf 71' lang='grc' dir='ltr'>Παλαιστίνην</span> <span class='ocrx_word' id='word_1_804' title='bbox 2973 5037 3303 5108; x_wconf 66' lang='grc' dir='ltr'>ἐπίσκοπος,</span> <span class='ocrx_word' id='word_1_805' title='bbox 3335 5038 3429 5108; x_wconf 54' lang='grc' dir='ltr'><strong>τον</strong></span> <span class='ocrx_word' id='word_1_806' title='bbox 3467 5039 3682 5108; x_wconf 82' lang='grc' dir='ltr'>μονήρη</span> <span class='ocrx_word' id='word_1_807' title='bbox 3712 5037 3813 5108; x_wconf 72' lang='grc' dir='ltr'>δια·</span> 
     </span>
    </p>
   </div>
   <div class='ocr_carea' id='block_1_114' title="bbox 2247 5104 3815 5176">
    <p class='ocr_par' dir='ltr' id='par_1_114' title="bbox 2247 5104 3815 5176">
     <span class='ocr_line' id='line_1_115' title="bbox 2247 5104 3815 5176; baseline 0.001 -16"><span class='ocrx_word' id='word_1_808' title='bbox 2247 5104 2522 5169; x_wconf 83' lang='grc' dir='ltr'>παλαίσας</span> <span class='ocrx_word' id='word_1_809' title='bbox 2583 5106 2717 5176; x_wconf 84' lang='grc' dir='ltr'>βίον.</span> <span class='ocrx_word' id='word_1_810' title='bbox 2740 5106 2999 5175; x_wconf 84' lang='lat' dir='ltr'><strong>Ejusdem</strong></span> <span class='ocrx_word' id='word_1_811' title='bbox 3042 5106 3275 5176; x_wconf 87' lang='lat' dir='ltr'><strong>Joannis</strong></span> <span class='ocrx_word' id='word_1_812' title='bbox 3342 5104 3681 5176; x_wconf 42' lang='lat' dir='ltr'><strong>Cltuziliitm,’</strong></span> <span class='ocrx_word' id='word_1_813' title='bbox 3713 5106 3815 5161; x_wconf 62' lang='lat' dir='ltr'><strong>Cm-</strong></span> 
     </span>
    </p>
   </div>
   <div class='ocr_carea' id='block_1_115' title="bbox 2245 5170 3815 5247">
    <p class='ocr_par' dir='ltr' id='par_1_115' title="bbox 2245 5170 3815 5247">
     <span class='ocr_line' id='line_1_116' title="bbox 2245 5170 3815 5247; baseline -0.004 -14"><span class='ocrx_word' id='word_1_814' title='bbox 2245 5178 2510 5233; x_wconf 85' lang='lat' dir='ltr'><strong>sariensis</strong></span> <span class='ocrx_word' id='word_1_815' title='bbox 2537 5170 2805 5247; x_wconf 59' lang='lat' dir='ltr'><strong>episcopi,</strong></span> <span class='ocrx_word' id='word_1_816' title='bbox 2844 5178 3056 5231; x_wconf 89' lang='lat' dir='ltr'><strong>mentio</strong></span> <span class='ocrx_word' id='word_1_817' title='bbox 3089 5175 3151 5230; x_wconf 84' lang='lat' dir='ltr'><strong>ﬁt</strong></span> <span class='ocrx_word' id='word_1_818' title='bbox 3199 5178 3259 5230; x_wconf 90' lang='lat' dir='ltr'><strong>in</strong></span> <span class='ocrx_word' id='word_1_819' title='bbox 3316 5170 3640 5247; x_wconf 57' lang='lat' dir='ltr'><strong>Menolog‘io,</strong></span> <span class='ocrx_word' id='word_1_820' title='bbox 3658 5177 3749 5231; x_wconf 88' lang='lat' dir='ltr'><strong>die</strong></span> <span class='ocrx_word' id='word_1_821' title='bbox 3786 5176 3815 5227; x_wconf 80' lang='grc'><strong>5</strong></span> 
     </span>
    </p>
   </div>
   <div class='ocr_carea' id='block_1_116' title="bbox 2244 5247 3815 5309">
    <p class='ocr_par' dir='ltr' id='par_1_116' title="bbox 2244 5247 3815 5309">
     <span class='ocr_line' id='line_1_117' title="bbox 2244 5247 3815 5309; baseline -0.004 -5"><span class='ocrx_word' id='word_1_822' title='bbox 2244 5259 2300 5304; x_wconf 87' lang='lat' dir='ltr'><strong>et</strong></span> <span class='ocrx_word' id='word_1_823' title='bbox 2329 5248 2400 5303; x_wconf 75' lang='lat'><strong>28</strong></span> <span class='ocrx_word' id='word_1_824' title='bbox 2420 5247 2699 5309; x_wconf 87' lang='lat' dir='ltr'><strong>Octobris,</strong></span> <span class='ocrx_word' id='word_1_825' title='bbox 2736 5247 2828 5300; x_wconf 85' lang='lat' dir='ltr'><strong>ubi</strong></span> <span class='ocrx_word' id='word_1_826' title='bbox 2854 5248 3022 5301; x_wconf 86' lang='lat' dir='ltr'><strong>etiam</strong></span> <span class='ocrx_word' id='word_1_827' title='bbox 3079 5247 3319 5301; x_wconf 83' lang='lat' dir='ltr'><strong>Chuziha</strong></span> <span class='ocrx_word' id='word_1_828' title='bbox 3390 5258 3629 5302; x_wconf 85' lang='lat' dir='ltr'><strong>vocatur</strong></span> <span class='ocrx_word' id='word_1_829' title='bbox 3672 5249 3815 5302; x_wconf 89' lang='lat' dir='ltr'><strong>locus</strong></span> 
     </span>
    </p>
   </div>
   <div class='ocr_carea' id='block_1_117' title="bbox 2246 5318 3621 5389">
    <p class='ocr_par' dir='ltr' id='par_1_117' title="bbox 2246 5318 3621 5389">
     <span class='ocr_line' id='line_1_118' title="bbox 2246 5318 3621 5389; baseline -0.002 -15"><span class='ocrx_word' id='word_1_830' title='bbox 2246 5319 2445 5377; x_wconf 87' lang='lat' dir='ltr'><strong>eremi,</strong></span> <span class='ocrx_word' id='word_1_831' title='bbox 2474 5319 2529 5372; x_wconf 91' lang='lat' dir='ltr'><strong>in</strong></span> <span class='ocrx_word' id='word_1_832' title='bbox 2551 5335 2663 5387; x_wconf 87' lang='lat' dir='ltr'><strong>quo</strong></span> <span class='ocrx_word' id='word_1_833' title='bbox 2697 5319 3096 5372; x_wconf 87' lang='lat' dir='ltr'><strong>monasterium</strong></span> <span class='ocrx_word' id='word_1_834' title='bbox 3123 5322 3244 5389; x_wconf 84' lang='lat' dir='ltr'><strong>ejus</strong></span> <span class='ocrx_word' id='word_1_835' title='bbox 3281 5318 3453 5371; x_wconf 88' lang='lat' dir='ltr'><strong>situm</strong></span> <span class='ocrx_word' id='word_1_836' title='bbox 3490 5319 3621 5373; x_wconf 79' lang='lat' dir='ltr'><strong>fuit.</strong></span> 
     </span>
    </p>
   </div>
   <div class='ocr_carea' id='block_1_118' title="bbox 1995 5523 2379 5581">
    <p class='ocr_par' dir='ltr' id='par_1_118' title="bbox 1995 5523 2379 5581">
     <span class='ocr_line' id='line_1_119' title="bbox 1995 5523 2379 5581; baseline 0 -2"><span class='ocrx_word' id='word_1_837' title='bbox 1995 5523 2379 5581; x_wconf 67' lang='grc' dir='ltr'>νΑῐιιοιιωι.</span> 
     </span>
    </p>
   </div>
   <div class='ocr_carea' id='block_1_119' title="bbox 643 5594 2142 5688">
    <p class='ocr_par' dir='ltr' id='par_1_119' title="bbox 643 5594 2142 5688">
     <span class='ocr_line' id='line_1_120' title="bbox 643 5594 2142 5688; baseline 0 -15"><span class='ocrx_word' id='word_1_838' title='bbox 643 5622 715 5686; x_wconf 74' lang='grc' dir='ltr'><strong>(ιν)</strong></span> <span class='ocrx_word' id='word_1_839' title='bbox 785 5619 894 5674; x_wconf 72' lang='grc' dir='ltr'><em>Τὸν</em></span> <span class='ocrx_word' id='word_1_840' title='bbox 947 5636 1061 5672; x_wconf 71' lang='grc' dir='ltr'>τινι</span> <span class='ocrx_word' id='word_1_841' title='bbox 1127 5594 1765 5687; x_wconf 63' lang='grc' dir='ltr'>πτιρεξςοομαρτοὺντων.</span> <span class='ocrx_word' id='word_1_842' title='bbox 1826 5618 2142 5688; x_wconf 73' lang='lat' dir='ltr'><strong>Legendum</strong></span> 
     </span>
    </p>
   </div>
   <div class='ocr_carea' id='block_1_120' title="bbox 571 5689 2143 5758">
    <p class='ocr_par' dir='ltr' id='par_1_120' title="bbox 571 5689 2143 5758">
     <span class='ocr_line' id='line_1_121' title="bbox 571 5689 2143 5758; baseline -0.001 -16"><span class='ocrx_word' id='word_1_843' title='bbox 571 5691 678 5742; x_wconf 81' lang='grc' dir='ltr'><strong>τῶν</strong></span> <span class='ocrx_word' id='word_1_844' title='bbox 705 5691 878 5743; x_wconf 69' lang='grc' dir='ltr'>τινὶ...</span> <span class='ocrx_word' id='word_1_845' title='bbox 928 5689 1198 5745; x_wconf 74' lang='lat' dir='ltr'><strong>Usitatius</strong></span> <span class='ocrx_word' id='word_1_846' title='bbox 1250 5690 1535 5744; x_wconf 85' lang='lat' dir='ltr'><strong>diceretur</strong></span> <span class='ocrx_word' id='word_1_847' title='bbox 1590 5691 1696 5743; x_wconf 76' lang='grc' dir='ltr'>τινὶ</span> <span class='ocrx_word' id='word_1_848' title='bbox 1748 5691 1855 5741; x_wconf 79' lang='grc' dir='ltr'><strong>τῶν</strong></span> <span class='ocrx_word' id='word_1_849' title='bbox 1891 5706 2143 5758; x_wconf 74' lang='grc' dir='ltr'>παρεφ...</span> 
     </span>
    </p>
   </div>
   <div class='ocr_carea' id='block_1_121' title="bbox 501 5758 2147 5830">
    <p class='ocr_par' dir='ltr' id='par_1_121' title="bbox 501 5758 2147 5830">
     <span class='ocr_line' id='line_1_122' title="bbox 501 5758 2147 5830; baseline 0.001 -18"><span class='ocrx_word' id='word_1_850' title='bbox 501 5793 514 5801; x_wconf 87' lang='grc'><strong><em>-</em></strong></span> <span class='ocrx_word' id='word_1_851' title='bbox 577 5759 757 5813; x_wconf 70' lang='lat' dir='ltr'><strong>Altera</strong></span> <span class='ocrx_word' id='word_1_852' title='bbox 788 5769 971 5813; x_wconf 88' lang='lat' dir='ltr'><strong>autem</strong></span> <span class='ocrx_word' id='word_1_853' title='bbox 1003 5758 1219 5827; x_wconf 81' lang='lat' dir='ltr'><strong>phrasis</strong></span> <span class='ocrx_word' id='word_1_854' title='bbox 1244 5760 1386 5828; x_wconf 85' lang='lat' dir='ltr'><strong>apud</strong></span> <span class='ocrx_word' id='word_1_855' title='bbox 1409 5760 1703 5830; x_wconf 76' lang='lat' dir='ltr'><strong>Evagrium</strong></span> <span class='ocrx_word' id='word_1_856' title='bbox 1755 5776 1903 5830; x_wconf 71' lang='lat' dir='ltr'><strong>szepc</strong></span> <span class='ocrx_word' id='word_1_857' title='bbox 1954 5774 2147 5815; x_wconf 84' lang='lat' dir='ltr'><strong>occur-</strong></span> 
     </span>
    </p>
   </div>
   <div class='ocr_carea' id='block_1_122' title="bbox 1496 5998 1529 6021">
    <p class='ocr_par' dir='ltr' id='par_1_122' title="bbox 1496 5998 1529 6021">
     <span class='ocr_line' id='line_1_123' title="bbox 1496 5998 1529 6021; baseline 0 0"><span class='ocrx_word' id='word_1_858' title='bbox 1496 5998 1529 6021; x_wconf 70' lang='grc' dir='ltr'><em>Ι</em></span> 
     </span>
    </p>
   </div>
   <div class='ocr_carea' id='block_1_123' title="bbox 2258 5617 3820 5690">
    <p class='ocr_par' dir='ltr' id='par_1_123' title="bbox 2258 5617 3820 5690">
     <span class='ocr_line' id='line_1_124' title="bbox 2258 5617 3820 5690; baseline 0.003 -20"><span class='ocrx_word' id='word_1_859' title='bbox 2258 5619 2350 5671; x_wconf 87' lang='lat' dir='ltr'><strong>rit.</strong></span> <span class='ocrx_word' id='word_1_860' title='bbox 2516 5617 2656 5672; x_wconf 81' lang='lat' dir='ltr'><strong>infra</strong></span> <span class='ocrx_word' id='word_1_861' title='bbox 2688 5619 2740 5671; x_wconf 90' lang='lat' dir='ltr'><strong>in</strong></span> <span class='ocrx_word' id='word_1_862' title='bbox 2776 5619 2881 5673; x_wconf 89' lang='lat' dir='ltr'><strong>hoc</strong></span> <span class='ocrx_word' id='word_1_863' title='bbox 2903 5620 3254 5690; x_wconf 71' lang='lat' dir='ltr'><strong>capitesz&#39;w</strong></span> <span class='ocrx_word' id='word_1_864' title='bbox 3277 5624 3403 5675; x_wconf 77' lang='grc' dir='ltr'>τινα</span> <span class='ocrx_word' id='word_1_865' title='bbox 3433 5622 3484 5674; x_wconf 75' lang='lat' dir='ltr'><strong>oi</strong></span> <span class='ocrx_word' id='word_1_866' title='bbox 3515 5620 3820 5690; x_wconf 75' lang='grc' dir='ltr'>ἐπιτηδείων</span> 
     </span>
    </p>
   </div>
   <div class='ocr_carea' id='block_1_124' title="bbox 2256 5689 3820 5763">
    <p class='ocr_par' dir='ltr' id='par_1_124' title="bbox 2256 5689 3820 5763">
     <span class='ocr_line' id='line_1_125' title="bbox 2256 5689 3820 5763; baseline 0 -21"><span class='ocrx_word' id='word_1_867' title='bbox 2256 5689 2632 5763; x_wconf 50' lang='grc' dir='ltr'>ἐπεϐέϐλητο-ί</span> <span class='ocrx_word' id='word_1_868' title='bbox 2661 5698 2719 5763; x_wconf 88' lang='lat' dir='ltr'><strong>c_t.</strong></span> <span class='ocrx_word' id='word_1_869' title='bbox 2751 5706 2869 5758; x_wconf 80' lang='lat' dir='ltr'><strong>cap.</strong></span> <span class='ocrx_word' id='word_1_870' title='bbox 2902 5689 2981 5744; x_wconf 60' lang='grc' dir='ltr'><strong>ἓξ</strong></span> <span class='ocrx_word' id='word_1_871' title='bbox 3009 5709 3019 5743; x_wconf 96' lang='lat'>:</span> <span class='ocrx_word' id='word_1_872' title='bbox 3059 5691 3179 5744; x_wconf 84' lang='grc' dir='ltr'><strong>Τῶν</strong></span> <span class='ocrx_word' id='word_1_873' title='bbox 3228 5708 3369 5746; x_wconf 64' lang='grc' dir='ltr'>τιναυ</span> <span class='ocrx_word' id='word_1_874' title='bbox 3392 5691 3493 5761; x_wconf 80' lang='grc' dir='ltr'><strong>τῆς</strong></span> <span class='ocrx_word' id='word_1_875' title='bbox 3553 5692 3718 5763; x_wconf 78' lang='grc' dir='ltr'>αὐλῆς</span> <span class='ocrx_word' id='word_1_876' title='bbox 3743 5689 3820 5743; x_wconf 67' lang='grc' dir='ltr'><strong>εὖ·</strong></span> 
     </span>
    </p>
   </div>
   <div class='ocr_carea' id='block_1_125' title="bbox 2258 5758 2919 5832">
    <p class='ocr_par' dir='ltr' id='par_1_125' title="bbox 2258 5758 2919 5832">
     <span class='ocr_line' id='line_1_126' title="bbox 2258 5758 2919 5832; baseline 0.005 -23"><span class='ocrx_word' id='word_1_877' title='bbox 2258 5758 2486 5828; x_wconf 73' lang='grc' dir='ltr'>νούχων.</span> <span class='ocrx_word' id='word_1_878' title='bbox 2530 5759 2653 5827; x_wconf 83' lang='lat' dir='ltr'><strong>(W.</strong></span> <span class='ocrx_word' id='word_1_879' title='bbox 2681 5760 2919 5832; x_wconf 77' lang='lat' dir='ltr'><strong>Lowrn.)</strong></span> 
     </span>
    </p>
   </div>
  </div>
