4088 6300
234 347 379 414 2717

1187 354 1572 417 ntsmnm
1611 336 2208 423 ECCl.ESIASTlC.£
2237 361 2470 425 LIBER
2511 368 2608 428 ιν.

3367 340 3515 432 ens
3598 402 3611 409 -

232 464 406 532 κυρὴς
428 460 431 461 ⁷
455 460 665 514 διλέιυν
697 459 761 513 ὲκ
798 463 898 532 τῆς
929 453 1110 533 σοίνης
1137 463 1232 517 τοῦ
1268 466 1407 528 ζὼου
1434 468 1655 533 γέγονεο
1687 468 1818 537 πρὶς

1924 466 2253 524 Chuzibitte.
2294 469 2463 540 quue
2514 470 2587 525 ita
2638 472 2842 534 evenit,
2894 472 3163 526 ambobus
3213 472 3322 526 illis
3350 475 3511 543 iustis

230 556 295 608 ὃν
316 553 643 620 ἐπιγελάσας
668 555 695 605 ὁ
728 555 986 621 Ζωσιμᾶς
1012 571 1198 625 φησιν,
1224 556 1359 609 ἀλλὰ
1380 558 1507 626 γὰρ,
1541 551 1585 608 ὦ
1611 559 1818 626 ἑταῖρε,

228 644 305 696 τὰ
335 644 434 712 τῆς
453 642 678 713 πορείας
701 644 824 710 ἐμοὶ
842 640 1218 707 διακέκοπται,
1236 645 1442 714 πάχητί
1470 661 1527 697 τε
1555 645 1818 715 bit-Mm),

227 737 428 807 πόρῤω
458 752 520 788 τε
553 734 649 805 τῆς
683 734 903 803 ἡλικίας
939 736 1248 807 ἀφιγμένῳ,
1301 738 1392 789 καὶ
1427 736 1502 808 μὴ
1535 737 1820 809 δυναμένῳ

230 830 567 899 νωτοφορεῖν
599 831 668 880 τὰ
696 828 791 882 ἐπὶ
820 827 916 880 τοῦ
943 829 1064 881 ὄνου
1106 828 1438 898 σεσαγμένα.
1470 829 1820 901 Ἀχθοφορείν

232 917 331 973 οὖν
358 921 573 987 ἀνάγκη
610 936 668 972 σε
693 919 842 989 παρὰ
878 920 969 971 τὸν
1011 919 1211 989 θεσμὸν
1248 923 1349 991 τῆς
1378 920 1616 989 φύσεως,
1659 923 1819 992 εἴπερ

229 1010 441 1073 ἐθέλεις
465 1008 575 1060 τῶν
611 1009 883 1073 ἐντεῦθεν,
927 1009 1017 1060 τὸν
1056 1000 1314 1079 Ζωσιμᾶν
1356 1011 1817 1075 ἀπαλλάττεσθαι,

230 1105 334 1155 καὶ
361 1101 554 1171 θηρίον
590 1096 750 1163 αὖθις
791 1087 953 1155 εἶναι.
996 1099 1162 1166 Ὀνδὲ,
1202 1100 1298 1153 τοῦ
1343 1101 1517 1171 θυμοῦ
1560 1102 1819 1168 καθάπαξ

225 1192 680 1261 ἐπιλελησμένος,
725 1191 1013 1256 ὑπέσαινε,
1057 1194 1151 1245 καὶ
1195 1191 1272 1262 τῷ
1305 1194 1533 1264 Ζωσιμᾷ
1560 1194 1636 1257 ὡς
1666 1195 1820 1264 ἐτρε-

223 1303 289 1353 χε
327 1286 441 1350 (55)
467 1284 659 1352 πράως
707 1283 890 1348 εὐθὺς,
927 1284 1022 1336 καὶ
1052 1283 1137 1337 διὰ
1164 1285 1258 1338 τοῦ
1293 1287 1574 1355 σχήματος
1604 1287 1732 1341 ἐϐόα
1757 1288 1819 1340 τδ

220 1369 607 1447 πειθήνιον.⁷ῼ
627 1364 870 1446 περιθεὶς
894 1379 921 1428 ὁ
942 1378 1198 1445 Ζωσιμᾶς
1225 1376 1318 1429 τοῦ
1338 1377 1460 1430 ὄνου
1488 1378 1550 1429 τὸ
1576 1379 1814 1449 φορτίον,

222 1467 395 1537 μέχρι
426 1466 535 1519 τῶν
576 1467 760 1520 πυλῶν
798 1466 898 1535 τῆς
923 1466 1201 1537 Καίσαρος
1228 1468 1440 1538 ἤγαγε,
1480 1469 1696 1533 δεικνὺς
1720 1469 1815 1521 τοῦ

215 1558 364 1613 Θεοῦ
397 1560 495 1627 τὴν
542 1558 796 1627 δύναμιν,
848 1559 946 1612 καὶ
988 1558 1064 1621 ὡς
1092 1560 1307 1612 ἅπαντα
1348 1562 1462 1622 τοῖς
1508 1558 1817 1631 ἀνθρώποις

214 1650 389 1702 δοῦλά
422 1667 481 1701 τε
511 1648 606 1701 καὶ
649 1648 927 1718 πειθήνια,
955 1646 1033 1700 ὅτ’
1059 1646 1124 1700 ἂν
1155 1647 1304 1716 αὐτῷ
1339 1646 1544 1715 ζῶμεν,
1588 1648 1683 1699 καὶ
1715 1647 1815 1716 τὴν

213 1737 520 1807 δεδομένην
538 1737 669 1807 ἡμῖν
687 1737 848 1806 χάριν
867 1738 929 1789 οὐ
953 1736 1452 1805 παραχαράττομεν
1469 1751 1482 1764 ·
1500 1735 1614 1787 ἀλλ’
1629 1737 1715 1791 ἵνα
1739 1736 1815 1808 μὴ

1925 558 2086 611 simul
2142 559 2464 614 miraculum
2522 544 2992 630 perpetrantihus.
3060 562 3209 616 ldcm
3267 563 3514 617 Zosimas

1922 662 2046 701 cum
2092 649 2389 721 aliquando
2423 651 2875 720 prolicisceretur
2918 652 3248 715 Caesaream,
3282 654 3513 707 asellum

1925 739 2152 794 trahens
2203 740 2290 794 cui
2343 756 2434 795 res
2485 744 2750 812 quasdam
2801 743 2906 797 sibi
2958 745 3299 799 necessarias
3335 744 3511 812 impo-

1920 841 2127 895 suerat,
2159 834 2374 888 leonem
2412 834 2637 891 obvium
2685 836 2940 898 oﬂ'endit,
2970 836 3064 904 qui
3116 835 3169 887 in
3220 836 3400 904 ipsum
3434 828 3535 887 ir-’

1921 939 2110 989 ruens,
2145 935 2302 996 rapto
2331 928 2521 991 asello,
2556 928 2808 997 protinus
2839 928 3127 983 abscessit.
3154 926 3328 992 Quem
3356 926 3512 980 Zosi-

1920 1018 2052 1071 mas'
2082 1021 2180 1086 per
2227 1018 2421 1072 silvam
2471 1018 2755 1073 insecutus
2806 1029 2923 1084 est,
2970 1010 3151 1087 quoad
3207 1033 3380 1087 usque
3425 1018 3513 1072 leo

1918 1106 2071 1161 aselli
2094 1107 2355 1161 carnibus
2381 1117 2661 1162 saturatus
2685 1109 2897 1175 fuisset.
2927 1109 3065 1161 Tum
3092 1108 3342 1160 Zosimas
3363 1106 3512 1160 leoni

1919 1197 2211 1251 arridens:
2238 1199 2326 1261 At,
2358 1214 2391 1251 ο
2424 1199 2620 1262 amice,
2652 1199 2853 1267 inquit,
2890 1199 3017 1267 jam,
3044 1199 3151 1251 iter
3182 1198 3314 1250 mihi
3359 1198 3514 1266 peni-

1920 1294 2009 1339 tus
2043 1286 2403 1342 interclusum
2453 1298 2556 1351 est,
2601 1266 2804 1357 quippe
2839 1266 2933 1357 qui
2969 1266 3023 1340 et
3068 1302 3215 1356 κει-ο
3244 1287 3347 1339 sim
3388 1302 3508 1339 cor-

1916 1391 2072 1445 pore,
2106 1385 2161 1431 et
2194 1388 2449 1447 provecta
2487 1379 2597 1449 jam
2640 1389 2831 1444 :ctate;
2866 1395 2970 1434 nec
2997 1395 3138 1432 onus
3164 1377 3310 1446 quod
3341 1377 3512 1431 asello

1918 1474 2037 1521 erat
2075 1467 2428 1537 impositum,
2476 1469 2592 1537 ipse
2622 1469 2779 1538 391
2820 1468 3068 1521 humeris
3116 1473 3335 1535 portare
3385 1479 3512 1533 pos-

1917 1557 2043 1611 sim.
2100 1558 2338 1612 Proinde
2409 1558 2455 1613 si
2498 1559 2772 1612 Zosimam
2832 1560 2964 1613 hinc
3029 1558 3329 1614 abscedere
3388 1557 3508 1620 vis,

1917 1645 2186 1700 sarcinam
2231 1655 2423 1701 contra
2473 1656 2683 1701 natura:
2720 1658 2825 1703 tuae
2859 1645 3319 1702 consuetudinem
3366 1643 3512 1698 feras

1917 1751 2143 1791 necesse
2175 1745 2279 1801 est,
2312 1737 2378 1791 ad
2408 1739 2685 1807 propriam
2718 1737 2995 1792 feritatem
3036 1749 3222 1807 postea
3252 1749 3509 1790 reversu-

215 1828 341 1888 τοῖς
369 1826 582 1877 πλείοσι
606 1824 703 1894 τὴν
740 1825 986 1894 ἱστορίαν
1009 1821 1500 1894 παραμηκύνωμεν
1520 1861 1532 1884 ,
1559 1823 1815 1887 ἐπάνειμι

1919 1842 2034 1881 rus.
2071 1828 2167 1881 [lis
2201 1828 2387 1893 dictis,
2416 1829 2523 1893 leo,
2556 1838 2818 1899 tanquam
2847 1829 3052 1884 furoris
3096 1828 3319 1898 penitus
3361 1825 3508 1880 obli-

212 1918 348 1970 εοεν
371 1917 471 1987 τὴν
494 1917 722 1988 ἐκϐολὴν
742 1917 1104 1987 ἐποιησάμην.

1922 1925 2033 1979 tus,
2065 1916 2297 1972 Zosimre
2327 1917 2565 1971 blandiri
2596 1919 2784 1987 coepit,
2812 1928 2869 1973 et
2906 1917 2975 1972 ad
3008 1933 3134 1972 eum
3160 1916 3342 1970 statim
3371 1913 3510 1975 leni-

215 2021 311 2065 ter
347 2026 663 2074 accurrens,
726 2010 845 2079 ipso
907 2001 1063 2080 gestu
1130 2010 1460 2079 obsequium
1497 2024 1658 2064 suum
1703 2008 2069 2078 signiﬁcabat.
2120 2010 2366 2081 Zosimas
2418 2011 2608 2080 igitur,
2664 2027 2789 2066 cum
2839 2011 2992 2066 aselli
3041 2010 3314 2065 sarcinam
3359 2006 3507 2061 leoni

214 2102 601 2173 imposuisset,
636 2102 703 2157 ad
738 2111 926 2171 portas
966 2117 1141 2171 usque
1191 2101 1349 2157 urbis
1375 2101 1638 2156 Caesarea:
1683 2117 1809 2156 eum
1850 2101 2029 2164 duxit,
2056 2103 2358 2158 ostendens
2386 2104 2493 2158 hoc
2518 2104 2681 2168 facto,
2712 2112 2915 2173 quanta
2942 2104 3014 2158 sit
3076 2103 3170 2156 Dei
3236 2099 3505 2171 potentia,

209 2203 270 2251 et
308 2194 553 2264 qualiter
582 2191 768 2246 omnia
820 2191 1155 2246 famulantur
1184 2200 1349 2261 atque
1399 2190 1668 2246 obediunt
1712 2190 2032 2245 hominibus
2058 2192 2153 2260 qui
2220 2192 2334 2245 Deo
2370 2191 2586 2256 vivunt,
2635 2207 2740 2247 nec
2797 2191 3057 2246 donatam
3125 2188 3229 2245 sibi
3269 2190 3501 2260 gratiam

210 2299 615 2360 corruperunt.
651 2290 854 2345 Verum
883 2304 984 2355 'ne,
1020 2290 1066 2344 si
1093 2289 1252 2359 plura
1316 2302 1846 2356 commemoravero,
1881 2290 2114 2346 historia
2180 2290 2446 2361 prolixior
2488 2291 2779 2355 eﬂiciatur,
2829 2307 2897 2346 eo
2937 2300 3184 2347 revertar
3230 2291 3372 2345 ainde
3419 2290 3508 2344 di-

208 2397 448 2456 gressus
476 2397 622 2437 sum.

840 2497 1093 2552 ΚΕΦΑΛ.
1136 2499 1219 2550 H'.

564 2589 703 2659 Περὶ
735 2588 1070 2644 καθολικῶν
1099 2580 1482 2659 παθημάτων.

202 2736 208 2741 ·
290 2704 392 2764 Ἐς
421 2702 502 2755 ἔτι
522 2701 812 2756 Ἰουστίνου
844 2701 943 2772 τὴν
962 2702 1341 2773 αὐτοκράτορα
1369 2702 1700 2767 διιούνοντος
1723 2704 1820 2772 ἀρ-

209 2798 349 2868 χὴν,
380 2810 440 2849 το
492 2794 588 2847 νῦν
635 2793 734 2862 μὲ)
780 2792 1106 2864 Δυῤῥὰχιον,
1136 2793 1464 2863 Ἐπίδαμνος
1495 2778 1573 2847 δὲ
1627 2795 1818 2859 πάλαι,

214 2886 500 2942 πέπονθεν
526 2885 631 2938 ὑπὸ
660 2885 851 2936 κλόνου
873 2885 971 2953 τῆς
1004 2886 1127 2954 γῆς.
1172 2885 1448 2950 Ὡσαύτως
1480 2886 1536 2938 δὲ
1576 2888 1671 2939 καὶ
1701 2887 1813 2940 Κό-

214 2980 410 3051 ρινθος
430 2979 520 3031 ἐπὶ
544 2978 641 3048 τῆς
673 2977 923 3040 Ἑλλᾴδος
943 2977 1196 3047 κειμένη,
1218 2966 1337 3030 εἷτα
1359 2979 1452 3030 καὶ
1476 2976 1814 3048 ’Ᾱνάζαρόος

206 3074 271 3125 τὸ
308 3071 575 3140 τέταρτον
604 3068 796 3133 πάθος,
823 3068 858 3139 ἢ
880 3068 975 3121 τοῦ
997 3068 1250 3140 δευτέρου
1275 3062 1385 3124 τῶν
1412 3069 1652 3123 Κιλίκων
1671 3071 1817 3139 ἡγεῖ-

207 3182 311 3218 ται
356 3162 574 3225 ἔθνους·
609 3160 677 3225 ἃς
703 3164 731 3215 ὁ
754 3163 1039 3222 Ἵουστῖνος
1075 3161 1289 3223 πολλοῖς
1315 3162 1655 3231 ἀνεκτήσατο
1678 3162 1816 3233 χρή-

2541 2493 2693 2549 CAP.
2738 2494 2876 2547 Vill.

2268 2582 2347 2637 De
2377 2586 2534 2638 (otius
2566 2585 2702 2638 orbis
2734 2585 3148 2639 calamitatibus.

1987 2696 2193 2752 Eodem
2235 2698 2453 2754 Justino
2488 2699 2779 2768 imperium
2821 2698 3129 2753 Romanum
3172 2700 3353 2757 adhuc
3400 2702 3502 2757 ad-

1918 2788 2294 2854 ministrante,
2326 2790 2459 2843 urbs
2480 2790 2843 2861 Dyrrachium
2869 2807 2991 2861 quaa
3010 2791 3139 2845 olim
3166 2792 3504 2858 Epidamnus

1916 2876 2234 2942 dicebatur,
2286 2888 2445 2933 terra:
2502 2890 2652 2933 motu
2701 2879 2965 2934 subversa
3010 2881 3406 2936 est.Similiter
3448 2896 3504 2939 et

1917 2969 2239 3035 Corinthus,
2272 2987 2395 3039 quae
2425 2971 2528 3025 sita
2555 2980 2639 3027 est
2668 2972 2723 3025 in
2758 2971 2987 3027 Achaia.
3021 2974 3343 3028 Anazarbus
3370 2992 3507 3045 quo-

1918 3075 2047 3129 que,
2096 3061 2415 3130 metr0polis
2446 3063 2701 3118 secunda:
2735 3062 2970 3128 Ciciliae;
3003 3076 3198 3131 quarto
3238 3065 3290 3119 id
3332 3083 3507 3137 genus
3609 3139 3618 3147 ι

1917 3148 2245 3205 calamitatis
2300 3160 2547 3220 expcrta.
2605 3153 2714 3206 Eas
2770 3154 2939 3208 urbes
2995 3154 3247 3209 Justinus
3309 3172 3505 3224 magna

214 3274 386 3327 μασι.
412 3256 569 3308 Κατὰ
593 3256 720 3317 τοὺς
758 3253 958 3315 αὐτοὺς
988 3253 1219 3323 χρόνους
1253 3254 1348 3306 καὶ
1378 3254 1409 3322 ἠ
1449 3254 1682 3307 Ἔδεσσα
1718 3255 1814 3306 πό·

1919 3243 2281 3311 pccuniarutn
2313 3246 2362 3298 vi
2410 3256 2629 3316 erogata
2670 3247 3016 3333 instauravit.
3053 3249 3248 3302 Iisdem
3285 3260 3504 3320 tempo-

208 3350 300 3412 ὶις
336 3347 437 3416 τῆς
460 3349 503 3378 ⁹¹
537 3345 848 3415 Ὀσροηνῶν
881 3346 1112 3415 μεγίστη
1148 3362 1208 3397 τε
1240 3346 1334 3407 καὶ
1382 3344 1677 3415 εὐδαίμων,
1714 3344 1815 3415 τῆς

208 3440 316 3493 ιτυῦ
346 3437 752 3507 παραρῤἐοντος
784 3437 1015 3507 Σκίρτου
1041 3438 1343 3508 χειμάρρου
1368 3436 1522 3491 ὕδασι
1549 3454 1816 3491 κατεπον-

209 3530 410 3597 τώθη.
441 3529 596 3582 ὥστε·
629 3528 726 3582 καὶ
772 3528 843 3582 τὰ
890 3527 1061 3581 πολλὰ
1105 3528 1212 3581 τῶν
1265 3528 1584 3598 οἰκοδομιῶν
1627 3545 1814 3598 παρα-

215 3636 282 3670 συ
293 3617 484 3687 ρῆναι,
521 3614 617 3667 καὶ
656 3615 861 3684 πλῆθος
892 3616 1268 3685 ἀναρίθμητον
1296 3617 1596 3671 ἀπολέσθαι
1628 3618 1694 3681 ³⁸,
1721 3615 1815 3680 οὒς

138 3751 143 3755 .
213 3712 279 3762 τὸ
319 3706 468 3777 ὕδωρ
499 3706 662 3760 λαϐὸν
696 3708 771 3774 (ω)
798 3704 990 3778 ᾤχετο.
1025 3707 1461 3777 Μετεκλήοησαν
1496 3708 1676 3773 τοίνυν
1713 3707 1819 3761 ὑπὸ

212 3800 325 3854 τοῦ
355 3798 532 3853 αὑτοῦ.
570 3799 864 3852 Ἰουστίνου
896 3800 928 3868 ἡ
958 3798 1197 3852 Ἔδεσσα
1218 3800 1312 3852 καὶ
1342 3798 1697 3871 Ἀνὰζαρϐος,
1724 3786 1819 3852 καὶ

214 3895 439 3947 τούτων
480 3895 715 3964 ἑκατέρα
745 3896 811 3964 τῇ
860 3891 1027 3946 αὐτοῦ
1077 3892 1422 3964 προσηγορίᾳ
1466 3894 1820 3963 κατεκοσμή-

221 3987 430 4054 θησαν.

841 4095 1093 4148 ΚΕΦᾹΛ.
1130 4095 1207 4148 Θ’.

229 4184 337 4247 Ὧς
389 4182 753 4250 Ἰουστῖνοςί
791 4184 879 4239 ἔτι
933 4183 1065 4245 ζῶν,
1113 4184 1590 4249 συμϐασιλεύειν
1660 4181 1821 4248 αὐτῷ

682 4256 1119 4309 Ἰουστινιανὸν
1151 4255 1369 4309 εἵλετο.

300 4368 496 4440 Τούτῳ
538 4369 617 4440 τῷ
670 4340 947 4438 ’ἰουστῗνῳ
978 4367 1163 4433 ὃγδοον
1218 4367 1339 4431 ἔτος
1393 4367 1494 4437 τῆς
1541 4338 1849 4436 βασιλείας.

128 4530 134 4537 ο
224 4465 421 4533 ἄγοντι
446 4462 601 4516 ἐννέα
638 4478 699 4513 τε
739 4461 916 4531 μῆνας
944 4459 1082 4529 πρὸς
1112 4459 1292 4529 τρισὶν
1317 4459 1551 4531 ἡμέραις
1581 4459 1692 4529 (34)
1719 4459 1819 4529 (g),

294 4693 498 4751 "163v.
569 4694 693 4751 ⁸³0.
719 4694 780 4751 C.
818 4695 1105 4751 ἀπολέσαι.

1921 3334 2077 3388 ribus
2105 3334 2329 3400 Edessa,
2356 3335 2552 3392 civitas
2579 3336 2876 3393 Osdroenae
2906 3340 3141 3394 maxima
3179 3350 3236 3395 et
3270 3343 3506 3410 Opulen-

1923 3425 2155 3489 tissima,
2196 3425 2358 3480 Scirti
2393 3428 2653 3483 torrentis
2683 3428 2777 3498 qui
2806 3445 2924 3483 eam
2965 3429 3311 3499 praeterﬂuit,
3345 3432 3506 3487 inun-

1921 3515 2144 3569 datione
2196 3515 2481 3571 submersa
2525 3525 2649 3571 est:
2696 3518 2834 3573 adeo
2870 3528 2930 3573 ut
2973 3520 3206 3589 plurima
3249 3520 3503 3589 aedilicia,

1919 3620 1977 3665 ct
2006 3611 2426 3666 innumerabilis
2468 3613 2753 3669 hominum
2796 3616 3114 3680 multitudo,
3147 3633 3413 3686 aquarum
3451 3620 3501 3674 vi

1916 3703 2164 3773 abrepta,
2195 3704 2443 3760 funditus
2476 3706 2814 3761 interierint.
2845 3707 3064 3762 Edessa:
3089 3708 3312 3777 quidem
3337 3718 3503 3779 atque

1916 3794 2203 3850 Anazarho
2279 3795 2534 3852 Justinus
2609 3798 2907 3867 pristinum
2971 3815 3170 3855 nomen
3242 3802 3496 3858 mutavit.

1916 3887 2220 3957 Utramque
2254 3890 2403 3943 enim
2437 3905 2504 3944 ex
2539 3905 2638 3946 suo
2668 3893 2891 3947 nomine
2923 3892 3313 3964 Justinopolim
3343 3895 3503 3949 dein-

1918 3994 2045 4049 ceps
2069 3981 2331 4049 appellari
2363 3983 2547 4053 jussit.

2560 4097 2712 4153 CAP.
2752 4098 2842 4153 IX.

1921 4184 2192 4250 Quomodo
2235 4186 2482 4261 Justi_nus
2522 4191 2692 4261 adhuc
2735 4192 2942 4255 vivens,
2989 4191 3249 4261 collegam
3298 4175 3504 4260 iinperii

2353 4258 2721 4329 Iustinianum
2754 4263 3060 4332 assumpsit.
3086 4306 3092 4310 _

1989 4373 2163 4427 Porro
2217 4388 2341 4427 cum
2400 4372 2652 4428 Justinus
2702 4390 2910 4429 annum
2974 4374 3189 4445 imperii
3244 4385 3500 4430 octavum

1922 4461 2297 4532 transegissct,
2341 4476 2405 4516 ac
2449 4470 2716 4532 praeterea
2767 4479 2984 4521 menses
3035 4479 3232 4520 novem
3283 4472 3340 4519 et
3383 4461 3504 4517 dies

1516 4600 1752 4657 VARIJE
1772 4600 2183 4658 LECTIONES.

1442 4785 1717 4842 VALESII
1750 4785 2313 4845 ANNOTATIONES.

300 4882 418 4950 (3‘2)
459 4881 693 4950 Πάχητί
713 4899 775 4936 τε
803 4881 951 4938 ὄντι.
981 4883 1107 4938 Hac
1131 4885 1304 4939 verba
1328 4882 1613 4941 Masculus
1636 4882 1693 4934 in
1726 4880 1811 4933 in-
1845 4884 1886 4937 Ι)
1915 4880 2132 4946 scribit,
2165 4879 2424 4948 Διαφέρει
2456 4880 2638 4950 πάχης
2673 4881 2769 4934 καὶ
2812 4879 3012 4950 παχύς.
3049 4879 3238 4947 Πάχης
3266 4878 3501 4950 μὲνγὰρ

225 4956 634 5022 terprctatione
676 4968 775 5007 sua
832 4954 1207 5020 praetermisit,
1258 4953 1808 5022 Christophorsonus

223 5039 366 5078 vero
395 5023 468 5096 ita
494 5023 699 5096 vertit:
733 5022 938 5096 Quippe
956 5026 1257 5096 c_mn_anm’s
1306 5024 1552 5096 plurimis
1589 5033 1808 5096 onustus

222 5096 351 5149 sim.
384 5092 519 5158 Qua;
549 5093 935 5162 interpretatio
965 5092 1097 5147 l'erri
1126 5109 1237 5148 non
1283 5092 1502 5162 potest;
1547 5092 1807 5160 sequitur

222 5164 380 5217 enim
412 5172 459 5216 et
471 5171 637 5233 relate
658 5163 941 5217 admodum
967 5172 1265 5233 provectus.
1283 5165 1432 5219 Idem
1464 5163 1811 5233 igiturAutro-

225 5233 401 5301 bique
451 5231 663 5287 diceret
710 5230 998 5303 Evagrius.
1056 5230 1313 5303 Πάχητας
1362 5230 1562 5288 voca—nt
1607 5230 1806 5303 Graeci,

225 5302 488 5374 homines
510 5318 728 5374 crassos
761 5312 818 5358 et
834 5301 1050 5374 'obesus
1101 5301 1172 5358 ac
1202 5301 1458 5374 pingues.
1500 5301 1660 5374 Quod
1714 5317 1810 5370 ge-

226 5388 338 5427 nus
375 5372 662 5427 hominum
686 5374 850 5429 molle
885 5389 949 5428 ac
978 5370 1276 5429 delicatum
1298 5370 1404 5437 est,
1436 5389 1541 5428 nec
1567 5370 1632 5425 ad
1667 5386 1809 5425 onus

225 5442 567 5512 portandum
617 5444 902 5500 idoneum.
957 5442 1153 5499 Suidas
1197 5445 1254 5498 in
1312 5459 1449 5499 voce
1499 5443 1691 5510 mysi,-
1733 5440 1806 5495 ita

1913 4950 2132 5016 λέγεται
2164 4954 2191 5003 ὁ
2219 4949 2483 5019 λιπαρὸςο
2538 4948 2731 5020 ’παχὺς
2769 4951 2826 5003 δὲ
2875 4948 3280 5020 δάναίσθητοξ.
3332 4948 3501 5020 Nice-

1914 5021 2132 5091 phorus
2161 5036 2384 5089 quoque
2414 5020 2522 5075 hoc
2565 5021 2798 5091 verbum
2864 5035 2975 5074 non
3019 5019 3314 5091 intellexit.
3368 5019 3502 5088 Ejus

1915 5090 2064 5143 enim
2098 5090 2225 5144 loco
2252 5090 2358 5144 ista
2389 5090 2703 5156 substituit,
2755 5091 2852 5143 καὶ
2904 5091 2975 5143 δι’
3001 5090 3214 5142 ἔνδειαν
3269 5090 3501 5159 ἐκτετη-

2002 5161 2126 5213 ένω.

1916 5177 2233 5299 γῆξ-δ”ος
2262 5230 2488 5298 ἔτρεχε.
2530 5231 2730 5285 Procul
2780 5230 2951 5284 dubio
3006 5228 3367 5299 scribendum
3417 5234 3506 5281 est

1915 5298 2275 5369 προσέτρεχε.
2331 5300 2487 5369 Apud
2543 5301 2917 5369 Nicephorum
2958 5301 3161 5369 legitur
3208 5298 3502 5367 ὑπέτρεχε.

1917 5370 2023 5425 Sed
2053 5381 2239 5424 nostra
2265 5369 2581 5425 emendatio
2603 5371 2802 5424 melior
2828 5372 3071 5424 videtur.

1989 5440 2044 5499 (5
2057 5442 2099 5511 ί)
2138 5439 2352 5493 Ἐννέα
2375 5457 2436 5493 τε
2460 5439 2659 5510 μῆνας
2683 5442 2832 5510 πρὸς
2866 5438 3066 5509 τρισὶν
3102 5437 3369 5508 ἡμέραις.
3400 5437 3507 5491 Au-

1681 5534 2067 5651 vsiuonuu.

300 5651 383 5727 (π)
408 5651 603 5727 frango
618 5654 827 5727 λαόῥν.
866 5654 1011 5727 Lege
1040 5656 1259 5727 λάϐρον.
1287 5657 1395 5724 (W.
1425 5657 1665 5722 [ιον-τη.)

306 5724 384 5793 (g)
423 5721 629 5803 ’ῌιγέα
671 5724 875 5803 μῆνας
917 5721 1315 5803 feceram)?
1351 5731 1619 5796 ἡμέραις.
1648 5729 1812 5803 Juxta

230 5796 705 5864 computationem
730 5797 951 5852 Antonii
981 5796 1127 5868 Pagi,
1160 5797 1410 5854 Justinus
1442 5800 1690 5870 regnavit
1712 5818 1812 5855 an-

1921 5674 2022 5711 nos
2053 5659 2085 5709 8
2115 5671 2334 5709 mcnscs
2359 5656 2411 5709 8.
2448 5635 2569 5709 dics
2593 5655 2681 5709 ‘25.
2718 5653 2845 5707 Vid.
2886 5652 3142 5707 Critiram
3195 5651 3249 5707 in
3300 5648 3500 5706 Baron.

1922 5727 1986 5783 ad
2017 5744 2146 5782 ann.
2185 5726 2310 5792 5:28,
2329 5743 2396 5785 ,n.
2424 5726 2493 5780 5:
2516 5725 2625 5795 (ιν.
2654 5725 2896 5795 Lowru.)
