4088 6300
304 336 447 399 27:29

558 536 699 606 Περὶ
725 536 1045 593 Καόαώνου
1070 537 1178 592 τοῦ
1208 540 1631 606 Μαυρουσίου.

376 633 484 688 Καὶ
510 631 702 704 ἕτερον
756 630 812 685 δὲ
841 630 1171 700 ἀξιάγαστον
1201 631 1396 700 ἀνάγει
1426 631 1539 703 (49)
1583 629 1679 685 τοῦ
1712 633 1890 703 σωτῆ-

306 744 399 798 ρος
427 724 560 778 Θεοῦ
600 724 1200 795 θαυματουργήσαντος
1232 725 1317 776 ἐπ’
1343 722 1604 793 ἀνδράσιν
1635 722 1893 793 ἐκφύλοις

309 820 407 888 μὲν
453 815 551 888 τὴν
583 813 904 886 θρησκείαν,
937 815 1061 868 ὅσια
1091 814 1149 868 δὲ
1180 819 1302 868 κατ’
1329 815 1511 867 ἐκεῖνο
1537 815 1732 886 καιροῦ
1760 814 1891 889 δρά-

307 924 453 960 σασι.
504 905 810 975 Καόαώνην
845 904 979 976 φησι
1020 903 1130 957 τῶν
1159 906 1305 976 ἀμφὶ
1331 903 1591 976 Τρίπολιν
1642 906 1893 977 Μαυρου-

306 996 438 1051 σίων
469 995 742 1069 ἡγεῖσθαι.
780 991 947 1059 Οὗτός
976 1012 1145 1066 φησιν
1167 997 1196 1049 ό
1231 995 1566 1069 Καϐαώνης,
1599 996 1750 1061 ἄξιον
1784 996 1893 1067 γὰρ

306 1092 419 1153 τοῖς
464 1087 629 1142 αὐτοῦ
657 1088 966 1158 χρήσασθαι
1001 1089 1262 1161 ῥήμασιν,
1290 1089 1594 1159 ἀξιολόγως
1630 1090 1725 1144 καὶ
1762 1093 1895 1160 περὶ

306 1182 514 1236 τούτων
560 1180 936 1251 διηγούμενος,
988 1180 1176 1254 ἐπειδὴ
1221 1180 1309 1234 ἐπ’
1374 1181 1539 1236 αὐτὸν
1594 1182 1889 1253 ἐστρατεῦ·

312 1277 435 1331 σθαι
468 1276 515 1309 ’⁷
542 1278 831 1341 Βανδίλους
857 1276 1108 1330 ἐπείθετο
1141 1276 1209 1344 ⁸⁸,
1246 1279 1420 1332 ἐποίει
1465 1278 1664 1334 τοιάδε.
1693 1279 1893 1350 ῐίρῶτα

315 1374 413 1440 μὲν
432 1372 546 1435 τοῖς
566 1371 831 1441 ὑπηκόοις
859 1370 1209 1440 ἐπήγγειλεν,
1243 1370 1461 1432 ἀδικίας
1486 1386 1541 1421 τε
1570 1370 1775 1439 πάσης,
1798 1371 1896 1423 καὶ

313 1462 569 1534 βρώσεως
599 1465 678 1526 εὶς
704 1462 920 1535 τρυφὴν
971 1463 1234 1533 ἀγούσης,
1262 1463 1359 1516 καὶ
1386 1464 1606 1517 πάντων
1655 1462 1895 1532 μάλιστα

313 1557 588 1626 γυναικῶν
615 1557 898 1622 ξυνουσίας
924 1557 1246 1629 ἀπέχεσθαι.
1281 1558 1680 1630 Χαρακὼματά
1710 1574 1771 1609 τε
1803 1556 1897 1608 δύο

314 1646 647 1717 πηξάμενος,
683 1648 740 1699 ἐν
773 1645 986 1717 θατέρῳ
1034 1646 1134 1715 μὲν
1160 1646 1322 1708 αὐτὸς
1368 1647 1466 1699 σὺν
1498 1646 1663 1699 πᾶσιν
1693 1648 1894 1714 ἐστρα-

313 1740 676 1795 τοπεδεύσατο
702 1743 815 1803 τοῖς
845 1740 1107 1811 ἀνδράσιν
1128 1755 1142 1769 ·
1181 1741 1239 1792 ἐν
1277 1738 1333 1792 δὲ
1362 1737 1426 1811 δὴ
1468 1738 1544 1810 τῷ
1574 1737 1766 1808 ἐτέρῳ,
1797 1735 1897 1798 τάς

312 1835 576 1902 γυναῖκας
604 1831 881 1903 καθεῖρξε.
913 1830 1154 1885 Θάνατον
1205 1830 1261 1882 δὲ
1286 1830 1387 1901 τὴν
1433 1828 1637 1898 ζημίαν
1662 1827 1893 1897 ἠπείλη-

316 1944 408 1980 σεν
436 1925 677 1987 ἔσεσθαι,
708 1925 761 1978 εῖ
812 1941 895 1986 τις
929 1925 1021 1976 ἐπὶ
1045 1922 1104 1976 τὸ
1126 1921 1235 1975 τῶν
1280 1920 1559 1991 γυναικῶν
1588 1919 1898 1991 χαράκωμα

315 2016 408 2071 ῖοι.
444 2016 598 2071 Μετὰ
638 2015 729 2082 δέ,
763 2016 986 2087 πέμψας
1009 2016 1067 2078 ἐς
1121 2014 1446 2084 Καρχηδόνα
1490 2013 1895 2076 κατασκόπους,

315 2108 580 2162 ἐπέταττε
604 2107 730 2162 τάδε
757 2123 772 2139 ο
817 2106 1069 2160 Ἐπειδὰν
1107 2107 1157 2160 οί
1191 2105 1436 2161 Βανδίλοι
1460 2105 1552 2159 ἐπὶ
1582 2107 1681 2176 τὴν
1733 2118 1899 2174 στρα-

315 2202 468 2254 τείαν
495 2199 825 2271 βαδίζοντες,
856 2199 913 2263 ἐς
942 2216 1060 2253 τινα
1083 2198 1227 2270 νηὼν
1259 2197 1556 2269 ὑϐρίσωσιν
1581 2196 1640 2250 ὃν
1678 2199 1727 2251 oi
1761 2195 1899 2269 Xpt-

319 2293 527 2347 στιανοὶ
554 2291 824 2357 σέϐονται,
876 2291 1075 2354 αὐτοὺς
1117 2290 1218 2360 μέν
1249 2291 1456 2361 ἐφορᾷν
1502 2288 1573 2342 τὰ
1601 2288 1897 2360 γινόμεναι

318 2385 415 2439 ἐὰν
436 2385 494 2440 δέ
515 2387 563 2439 al
597 2384 841 2438 Βανδίλοι
864 2384 924 2437 τὸ
950 2383 1150 2455 χωρίον
1183 2383 1481 2453 ἁμείψωσι,
1515 2383 1693 2437 πάντα
1728 2381 1899 2433 ποιεῖν

318 2476 577 2531 τάναντία
593 2478 671 2540 εἰς
694 2475 933 2548 τὺὶερὸν,
952 2469 1086 2540 ἐξοῦ
1111 2474 1153 2528 δ’
1176 2473 1242 2529 ἂν
1267 2476 1464 2528 ἐκεῖνοι
1487 2472 1806 2544 βαδίσαντες
1823 2469 1903 2523 οῖ-

319 2584 529 2638 χονται.
553 2567 837 2619 Ἐπειπεῖν
851 2566 909 2618 δὲ
924 2565 1085 2619 αὐτὸν
1111 2566 1204 2618 καὶ
1229 2564 1389 2619 τοῦτό
1413 2581 1596 2633 φασιν,
1616 2563 1691 2626 ὡς
1719 2562 1905 2631 ἀγνοοῖ

324 2660 426 2730 μέν
450 2657 540 2710 τὸν
570 2658 702 2710 Θεὸν
724 2656 783 2710 ὂν
810 2656 1130 2728 Χριστιανοὶ
1153 2655 1427 2709 σέϐονται’
1449 2655 1595 2719 εἰκὸς
1617 2655 1678 2707 δὲ
1711 2654 1897 2721 αὐτὸν,

323 2734 515 2821 φησὶν,
538 2751 697 2819 εἴπερ
724 2749 942 2820 ἰσχυρός
965 2750 1135 2816 ἐστιν,
1163 2748 1238 2813 ὡς
1263 2748 1504 2818 λέγεται,
1525 2747 1780 2802 τίσασθαι
1804 2748 1904 2819 μὲν

322 2837 450 2901 τοὺς
476 2836 818 2908 ὑδρίζοντας,
836 2837 1041 2909 ἀμῦναι
1060 2837 1117 2890 δέ
1135 2840 1244 2901 τοῖς
1268 2837 1688 2909 θεραπεύουσιν.
1714 2841 1777 2893 Οἱ
1805 2839 1904 2909 μὲν

321 2929 419 2984 οὒν
446 2930 784 2985 κατάσκοποι
842 2932 901 2993 ἐς
932 2929 1260 3000 Καρχηδόνα
1309 2929 1577 2996 ἐλθόντες,
1612 2931 1905 3000 ἐσχόλαζον

323 3022 424 3093 τὴν
455 3022 810 3093 παρασκευὴν
845 3021 949 3073 τῶν
970 3021 1242 3077 Βανδίλων
1272 3021 1557 3093 θεώμενοι.
1590 3022 1809 3093 Ἐπειδὴ
1846 3022 1906 3076 δὲ

1234 324 1622 398 ΠΙΞΤΟΗΙΑΞ
1661 322 2262 398 ΕεεῐΕςιιιεῩιαιε
2301 319 2535 397 LIBER
2572 320 2666 395 ιν.

906 446 1158 500 ΚΕΦᾹΛ.
1188 447 1286 499 ιε’.
1917 448 1970 507 Λ

3386 330 3567 425 ,ειτξο

2627 442 2782 497 CAP.
2822 439 2940 497 XV.

2498 534 2571 588 De
2594 533 2842 590 Cabaone
2864 532 3073 589 Mauro.

2062 623 2230 681 Aliud
2261 637 2528 697 prmterea
2566 626 2851 697 quidpiam
2887 624 3059 681 refert
3099 625 3463 684 admiratione
3493 629 3576 684 di-

1991 730 2186 787 gnum,
2216 716 2364 787 quod
2405 733 2435 772 a
2480 716 2775 773 Servatorc
2824 716 2938 771 Deo
2982 718 3361 787 perpetratum
3394 725 3480 774 e'st
3520 719 3576 775 in

1992 807 2316 863 hominibus
2362 807 2457 879 qui
2502 824 2533 863 a
2582 808 2849 880 religione
2899 808 3123 878 quidem
3173 818 3365 864 nostra
3419 823 3575 868 erant

1991 900 2182 967 alieni,
2217 901 2305 972 pie
2344 910 2527 956 tamen
2557 915 2622 956 ac
2671 901 2929 973 religiose
2964 915 3031 957 eo
3078 910 3327 972 tempore
3355 918 3414 959 se
3452 919 3576 973 ges-

1993 1001 2207 1048 serunt.
2235 994 2326 1047 Ait
2365 994 2535 1064 igitur
2564 993 2877 1050 CabaOneni
2905 995 3228 1050 Maurorum
3261 995 3408 1050 circa
3442 995 3541 1049 ἰ’τὶ
3564 1026 3578 1035 ο

1994 1086 2165 1156 polim
2198 1086 2519 1157 degentium
2553 1089 2803 1158 regulum
2862 1087 3057 1143 fuisse.
3104 1087 3205 1143 Hic
3248 1087 3573 1148 Cabaones:

1997 1186 2125 1233 utar
2156 1178 2306 1232 enim
2362 1179 2550 1236 verbis
2594 1179 2768 1249 ipsius
2807 1178 3088 1249 Procopii,
3135 1180 3228 1248 qui
3271 1179 3389 1233 haec
3435 1180 3580 1233 sicut

1996 1272 2231 1343 reliqua,
2255 1272 2541 1342 eleganter
2573 1272 2859 1342 exposuit;
2894 1288 3021 1327 cum
3061 1272 3340 1327 V'andalos
3380 1272 3575 1327 adver-

1996 1380 2091 1421 sus
2133 1367 2313 1436 ipsum
2342 1365 2751 1437 expeditionem
2786 1366 3098 1436 suscepisse
3128 1365 3433 1429 didicisset,
3477 1365 3577 1420 ista

1997 1458 2186 1527 gessit.
2214 1457 2458 1511 Primum
2498 1458 2722 1527 quidem
2754 1458 2823 1512 iis
2852 1458 2947 1528 qui
2996 1457 3104 1512 sub
3153 1457 3364 1511 ditione
3407 1456 3579 1525 ipsius

1994 1557 2180 1609 erant,
2215 1548 2479 1618 praecepit
2516 1556 2576 1602 ut
2620 1549 2692 1603 ab
2736 1549 3004 1620 injustitia
3062 1559 3119 1603 et
3170 1549 3238 1603 ab
3288 1548 3580 1619 exquisitis

1999 1639 2254 1709 dapibus,
2282 1641 2559 1711 praecipue
2602 1656 2736 1695 vero
2768 1658 2798 1695 a
2830 1642 3124 1697 mulierum
3171 1641 3579 1696 consuetudine

1995 1733 2368 1788 abstinerent.
2417 1732 2625 1788 Deinde
2670 1742 2850 1788 castra
2898 1733 3010 1788 duo
3062 1742 3320 1796 metatus,
3382 1733 3435 1787 in
3494 1732 3580 1788 llis

2000 1825 2224 1896 quidem
2271 1825 2388 1896 ipse
2431 1841 2540 1880 una
2587 1842 2711 1881 cum
2741 1826 2878 1881 viris
2909 1826 3168 1881 omnibus
3198 1826 3405 1881 resedit
3453 1844 3467 1880 :
3524 1827 3576 1881 in

2002 1917 2109 1972 illis
2161 1933 2293 1972 vero
2360 1900 2624 1973 mulieres
2688 1918 2937 1984 inclusit,
2994 1919 3194 1989 capitis
3250 1919 3578 1990 supplicium

2002 2009 2414 2077 interminatus,
2458 2010 2500 2066 si
2543 2010 2671 2081 quis
2717 2013 3011 2067 mulierum
3063 2021 3246 2067 castra
3303 2013 3580 2082 ingressus

2000 2111 2169 2159 esset.
2207 2103 2456 2159 Postllaac
2482 2104 2933 2174 exploratoribus
2975 2103 3369 2176 Carthaginem
3401 2103 3582 2159 missis

2002 2196 2119 2251 haec
2162 2196 2442 2251 mandavit
2488 2214 2503 2249 :
2548 2197 2617 2252 Ut
2660 2213 2785 2252 cum
2838 2197 3065 2252 Vandali
3119 2199 3175 2252 in
3221 2197 3578 2266 expeditione

2001 2289 2290 2342 constituti
2320 2290 2625 2342 oratorium
2664 2289 2887 2359 aliquod
2914 2306 2981 2343 ev
3012 2290 3080 2343 iis
3113 2304 3238 2359 quae
3276 2288 3580 2345 Christiani.

2004 2388 2364 2444 venerantur,
2406 2380 2699 2444 violarent,
2742 2381 2842 2449 ipsi
2875 2381 3099 2452 quidem
3139 2380 3193 2435 id
3236 2381 3385 2451 quod
3420 2374 3583 2435 ﬁebat

2006 2472 2365 2541 inspicerent.
2402 2471 2702 2541 Postquam
2748 2481 2935 2528 autem
2966 2471 3193 2528 Vandali
3236 2489 3363 2528 eum
3399 2474 3580 2528 locum

2002 2564 2382 2633 reliquissent,
2421 2563 2525 2633 ipsi
2559 2564 2611 2617 ill
2640 2579 2704 2618 ea
2733 2564 2849 2620 aede
2877 2580 2944 2619 ex
2971 2580 3079 2636 qua
3117 2564 3345 2620 Vandali
3374 2565 3584 2621 disces-

2005 2665 2214 2721 serant,
2243 2656 2520 2711 contraria
2555 2658 2743 2711 omnia
2770 2657 3039 2713 facerent.
3073 2657 3225 2713 Istud
3249 2673 3471 2728 quoque
3491 2658 3588 2713 ad-

2001 2750 2203 2820 jecisse
2236 2749 2433 2814 fertur,
2465 2750 2570 2804 sibi
2600 2749 2822 2819 quidem
2857 2750 3103 2821 ignotum
3130 2765 3251 2805 esse
3290 2749 3463 2805 Deum
3488 2749 3585 2819 qui

2007 2858 2037 2896 a
2074 2842 2406 2898 Christianis
2450 2841 2730 2896 coleretur
2774 2859 2787 2894 :
2823 2840 3125 2896 verisimile
3164 2846 3353 2898 tamen
3386 2841 3585 2903 videri.

2006 2949 2156 2999 eum,
2195 2937 2243 2990 si
2279 2944 2475 3001 potens
2512 2937 2606 3000 sit,
2639 2936 3111 3005 quemadmodum
3142 2937 3374 2999 dicitur,
3413 2937 3588 2992 viola-

2007 3036 2159 3082 tores
2190 3027 2416 3098 quidem
2458 3027 2706 3082 numinis
2750 3027 2834 3082 sui
2872 3028 3141 3092 ulturum,
3181 3029 3429 3085 cultores
3456 3043 3589 3084 vero

320 3118 385 3172 τὸ
419 3116 735 3187 στράτευμα
786 3117 887 3186 τὴν
947 3116 1039 3168 ἐπὶ
1086 3116 1349 3187 Τρίπολιν
1401 3116 1595 3187 ᾔεσαν,
1644 3118 1903 3187 σχήματα

2011 3118 2369 3174 defensurum
2400 3133 2543 3174 esse.
2562 3118 2958 3189 Exploratores
2988 3121 3175 3192 itaque
3198 3137 3323 3178 cum
3357 3120 3588 3178 Cartha-

326 3206 785 3278 περιϐεϐλημένοι
819 3205 1072 3270 ταπεινὰ,
1129 3207 1367 3260 εἵποντο.
1427 3207 1491 3259 Ol.
1542 3207 1599 3258 δέ
1636 3204 1898 3270 Βανδίλοι,

328 3300 402 3363 ὡς
435 3300 618 3371 ἡμέρᾳ
648 3301 712 3369 τῇ
758 3297 952 3369 πρώτῃ
997 3297 1288 3367 ἡυλίσαντο
1322 3300 1379 3361 ἐς
1407 3299 1515 3350 τῶν
1560 3298 1904 3367 Χριστιανῶν

325 3392 455 3454 τοὺς
475 3388 629 3451 νεὼς,
660 3388 787 3451 τούς
812 3404 874 3441 τε
924 3388 1144 3454 ἵππους,
1176 3388 1246 3441 τά
1297 3404 1362 3440 τε
1396 3388 1531 3440 ἀλλα
1558 3386 1671 3451 ζῶα
1692 3389 1905 3455 ἐπαγα-

327 3481 514 3550 γόντες
550 3479 760 3548 ὖ6ρ;ώς
814 3496 872 3532 τε
901 3479 1162 3550 οὐδεμιᾶς
1190 3479 1571 3538 ἀπελείποντο.
1622 3482 1716 3533 καὶ
1750 3480 1906 3534 αὐτοὶ

325 3572 597 3644 ἀκολασίᾳ
621 3574 685 3643 τῇ
721 3572 962 3643 σφετέρα
994 3572 1319 3642 ἐχρήσαντο,
1356 3571 1482 3635 τούς
1517 3589 1576 3624 τε
1604 3573 1770 3641 ἱερεῖς
1812 3570 1907 3633 οὒς

323 3664 394 3717 ἂν
423 3662 659 3724 λάϐοιεν,
696 3662 994 3733 ἐρράπιζόν
1033 3679 1115 3725 τε,
1149 3662 1244 3715 καὶ
1287 3662 1561 3726 ξαίνοντες
1618 3663 1761 3714 κατὰ
1811 3659 1905 3713 τοῦ

325 3756 501 3809 νώτου
535 3754 708 3808 πολλὰ
731 3754 1023 3827 ὑπηρετεῖν
1066 3753 1251 3824 σφίσιν
1282 3755 1553 3811 ἐκέλευον.
1599 3753 1823 3824 Ἐπειδὴ
1849 3752 1907 3805 δέ

325 3848 559 3918 τάχιστα
612 3844 824 3900 ἐνθένδε
855 3846 1272 3917 ἀπηλλάγησαν,
1308 3845 1527 3899 ἐποίουν
1586 3847 1636 3898 οἱ
1667 3845 1760 3898 τοῦ
1789 3846 1905 3897 Κα-

326 3939 540 3995 ΰαώνου
572 3940 933 4003 κατάσκοποι,
979 3941 1080 3992 ὅσα
1122 3939 1306 4001 αὐτοῖς
1346 3938 1696 3991 ἐπετέτακτο.
1740 3938 1821 3991 Τά
1845 3954 1908 3989 τε

325 4031 573 4103 γάρίερά
594 4030 925 4102 καθῄρουνυ
945 4030 1166 4093 αὐτίκα,
1190 4030 1291 4102 τήν
1322 4046 1382 4083 τε
1408 4030 1634 4101 κόπρον,
1668 4029 1764 4082 καὶ
1786 4028 1839 4082 εί
1856 4045 1910 4083 τι

324 4124 457 4179 ἄλλο
480 4124 578 4194 οὐχ
608 4124 770 4187 όσίως
800 4122 1071 4187 ἐπέκειτο,
1108 4123 1206 4175 σὺν
1235 4121 1527 4193 ἐπιμελείᾳ
1557 4121 1904 4191 ἀφελόμενοι,

325 4217 459 4272 τάτε
491 4215 662 4287 λύχνα
687 4215 874 4269 ἔκαιον
898 4214 1136 4277 ἅπαντα,
1165 4214 1412 4275 καὶτοὺς
1464 4214 1646 4285 ἱερέας
1670 4213 1810 4267 αἰδοῖ
1848 4229 1909 4267 τι

327 4306 501 4378 πολλῇ
570 4307 1006 4377 προσεκύνησαν,
1066 4306 1162 4358 καὶ
1217 4307 1283 4377 τῇ
1350 4304 1487 4378 ἄλλῃ
1537 4305 1907 4377 φιλοφροσύνῃ

328 4398 670 4468 ἠσπάσαντο.
722 4396 988 4468 ’Ᾱργύριά
1035 4414 1097 4451 τε
1143 4399 1257 4460 τοῖς
1315 4399 1551 4468 πτωχοῖς
1607 4396 1809 4464 δόντες,
1858 4398 1908 4452 οἳ

2012 3212 2196 3283 ginem
2260 3212 2567 3278 venissent,
2641 3212 2755 3268 illic
2809 3213 3165 3283 quieverunt,
3221 3215 3590 3271 Vandalorum

2013 3312 2340 3373 apparatum
2372 3301 2835 3373 contemplantes.
2867 3302 2972 3359 Ubi
3004 3318 3138 3358 vero
3178 3303 3341 3375 397
3371 3305 3589 3359 exerci-

2013 3403 2103 3449 tus
2135 3409 2328 3448 eorum
2377 3393 2646 3465 Tripolim
2693 3409 2889 3448 versus
2921 3395 3200 3465 proﬁcisci
3244 3396 3435 3465 coepit,
3487 3396 3589 3466 ipsi

2013 3479 2109 3540 vili
2140 3494 2293 3541 veste
2339 3485 2522 3540 induti
2557 3499 2655 3540 eos
2692 3486 2976 3541 subsecuti
3028 3496 3177 3542 sunt.
3219 3489 3289 3542 At
3337 3487 3591 3549 Vandali.

2015 3576 2198 3647 primo
2231 3575 2417 3632 statim
2448 3576 2539 3630 die
2597 3591 2724 3631 cum
2771 3577 2831 3632 in
2891 3577 3334 3631 Christianorum
3378 3577 3594 3633 adibus

2015 3670 2193 3725 sacris
2235 3669 2499 3724 stabulati
2540 3677 2727 3723 essent
2755 3684 2867 3724 una
2897 3683 3022 3723 cum
3052 3668 3211 3740 equis
3248 3682 3315 3725 ac
3366 3669 3594 3740 reliquis

2012 3761 2367 3827 animalibus,
2395 3761 2607 3816 nullum
2642 3762 2995 3817 contumelia:
3018 3776 3196 3833 genus
3221 3762 3592 3832 praetermise-

2016 3860 2181 3907 runt:
2209 3851 2305 3905 sed
2334 3862 2449 3905 tum
2484 3851 2590 3921 ipsi
2616 3844 2780 3906 solita
2805 3852 3232 3923 intemperantia
3270 3853 3588 3912 utebantur.

2015 3951 2133 3998 tum
2178 3943 2498 3999 sacerdotes
2536 3943 2982 3999 Christianorum
3037 3961 3404 4016 quoscunque
3442 3960 3595 4001 com-

2015 4033 2448 4105 prehenderant,
2498 4032 2672 4104 alapis
2714 4032 3022 4099 caedebant,
3070 4044 3129 4089 et
3182 4033 3349 4090 dorsa
3392 4048 3592 4090 eorum

2014 4125 2345 4181 verberibus
2368 4124 2685 4188 tundentes,
2708 4125 3026 4181 ministrare
3047 4126 3154 4181 sibi
3180 4139 3278 4183 c‘os
3298 4127 3591 4199 cogebant.

2014 4217 2411 4287 Exploratores
2443 4226 2627 4271 autem
2664 4212 2964 4283 Cabaonis,
3000 4218 3166 4273 simul
3222 4226 3388 4289 atque
3444 4217 3591 4275 Van-

2016 4309 2127 4364 dali
2154 4322 2220 4364 ex
2244 4308 2311 4363 iis
2339 4310 2477 4365 locis
2498 4309 2904 4376 abscesserant,
2933 4311 2990 4365 id
3019 4310 3257 4380 agebant
3281 4310 3432 4383 quod
3462 4313 3592 4383 ipsis

2017 4402 2347 4472 imperatum
2400 4402 2600 4457 fuerat.
2640 4402 2776 4458 Nam
2805 4411 2879 4459 et
2933 4403 3080 4459 aedes
3122 4418 3310 4459 sacras
3335 4404 3593 4474 protinus

328 4491 481 4562 ἀμφὶ
505 4490 576 4543 τὰ
607 4490 729 4561 ἱερὰ
750 4488 924 4544 ταῦτα
953 4489 1243 4560 ἐκάθηντο,
1261 4489 1407 4543 οὕτω
1423 4489 1487 4561 δὴ
1516 4494 1584 4560 τῇ
1613 4491 1723 4543 τῶν
1767 4491 1903 4544 Βαν-

2017 4492 2351 4564 purgabant,
2378 4500 2439 4546 et
2461 4500 2700 4548 stercora
2732 4507 2796 4547 ac
2829 4493 2873 4547 si
2904 4493 3038 4563 quid
3071 4492 3218 4548 aliud
3247 4493 3433 4547 minus
3463 4492 3593 4547 reli-

330 4583 495 4638 δίλων
540 4583 771 4654 στρατιᾷ
821 4581 1057 4635 εἵποντο.
1093 4581 1203 4634 Καὶ
1262 4582 1371 4635 ἀπὸ
1404 4580 1595 4634 τούτου
1638 4581 1781 4635 κατά
1812 4584 1911 4652 τὴν

328 4674 448 4728 ὁδὸν
480 4672 772 4744 σύμπασαν
830 4673 879 4725 οἱ
914 4670 1155 4726 Βανδίλοι
1195 4671 1333 4726 κατά
1372 4673 1545 4726 ταυτά
1574 4674 1910 4745 ἡμάρτανον,

330 4766 429 4821 καὶ
456 4767 506 4819 οἱ
542 4765 878 4819 κατάσκοποι
902 4762 1258 4834 ἐθεράπευον.
1297 4763 1450 4817 Ἐπεὶ
1476 4763 1533 4817 δὲ
1584 4764 1756 4835 ἀγχοῦ
1791 4764 1914 4816 ἔσε-

334 4861 458 4911 σθαι
482 4856 728 4927 ἔμελλον,
757 4856 1203 4929 προτερήσαντες
1234 4858 1286 4910 οἱ
1316 4857 1681 4925 κατάσκοποι,
1709 4855 1912 4925 ἀγγέλι

332 4951 487 5003 λουσι
515 4947 594 5021 τῷ
625 4949 923 5021 Καΰαώνῃ.
957 4951 1057 5003 ὅσα
1091 4949 1371 5013 Βανδίλοις
1420 4966 1481 5002 τε
1525 4949 1618 5003 καὶ
1648 4949 1829 5019 σφίσιν
1860 4951 1917 5013 ἐς

332 5043 404 5094 τὰ
440 5042 785 5111 Χριστιανῶν
816 5041 939 5110 ἱερὰ
966 5042 1242 5111 εἴργαστο,
1287 5040 1383 5094 καὶ
1407 5041 1483 5103 ὡς
1538 5041 1704 5109 ἐγγύς
1734 5058 1834 5094 που
1871 5040 1922 5092 οἱ

338 5135 593 5206 πολέμιοι
618 5131 749 5189 εἶεν.
795 5134 854 5187 '0
878 5134 934 5186 δέ
952 5134 1215 5198 ἀκούσας,
1249 5134 1306 5196 ἐς
1331 5132 1430 5204 τὴν
1485 5131 1759 5203 ξυμϐολὴν
1785 5130 1922 5185 καθ-

341 5227 548 5280 ίστατο.
598 5227 664 5280 Ol
708 5227 808 5295 μὲν
860 5223 953 5281 οὖν
978 5225 1196 5290 πολλοὶ,
1236 5223 1512 5294 ὥςηφησι,
1543 5224 1813 5277 Βανδίλων
1841 5223 1922 5275 δι⁴

339 5317 679 5391 εφθάρησαν.
704 5320 826 5373 Εἰσὶ
843 5320 899 5373 δὲ
916 5319 965 5373 οἳ
982 5318 1080 5372 καὶ
1100 5318 1205 5371 ὑπὸ
1220 5319 1333 5381 τοῖς
1357 5316 1636 5387 πολεμίοις
1651 5317 1925 5384 ἐγένοντο,

2014 4583 2168 4655 giose
2204 4584 2478 4656 ingestum
2521 4583 2723 4648 fuerat,
2754 4583 3000 4640 studiose
3027 4580 3377 4647 auferentes,
3408 4582 3628 4638 lucer-n

2024 4691 2125 4730 nas
2152 4690 2346 4730 omnes
2369 4674 2768 4741 accendebant,
2791 4683 2851 4730 et
2873 4675 3191 4732 sacerdotes
3225 4690 3441 4730 summa
3468 4689 3593 4729 cum

2018 4765 2329 4821 reverentia
2363 4767 2688 4829 salutantes,
2725 4768 2874 4821 omni
2909 4766 3183 4837 obsequio
3212 4777 3380 4837 atque
3405 4766 3598 4820 huma-

2019 4858 2196 4913 nitate
2234 4857 2733 4928 prosequebantur.
2777 4854 3123 4930 Pauperibus
3167 4858 3406 4929 denique
3451 4858 3597 4911 circa

2018 4948 2167 5005 aedes
2208 4950 2331 5005 illas
2360 4950 2692 5007 sedentibus
2744 4952 3007 5022 pecunias
3059 4950 3290 5005 dabant.
3340 4948 3497 5004 Hunc
3539 4949 3595 5001 in

2021 5041 2244 5096 modum
2309 5042 2615 5097 exercitum
2669 5042 3038 5097 Vandalorum
3091 5040 3487 5112 sequebantur.
3532 5039 3617 5094 Ει-

2020 5131 2253 5187 Vandali
2300 5133 2546 5203 quidem,
2593 5149 2660 5188 cx
2712 5149 2781 5189 eo
2833 5142 3079 5204 tempore
3127 5149 3230 5205 per
3277 5132 3596 5187 universum

2022 5225 2287 5297 deinceps
2323 5225 2429 5281 iter
2448 5226 2651 5282 similia
2686 5226 2899 5281 scelera
2931 5226 3307 5292 admiserunt;
3347 5223 3600 5293 explora-

2022 5324 2175 5372 tores
2195 5327 2330 5370 γει-ο
2350 5315 2657 5372 remedium
2679 5315 2944 5371 adhibere
2963 5315 3145 5370 conati
3169 5326 3321 5372 sunt.
3336 5312 3442 5371 Ubi
3464 5323 3601 5367 vero

1635 5453 1873 5513 VABIA'S
1902 5452 2310 5515 LECTIONES.

408 5559 456 5590 "
487 5558 550 5615 C.
583 5559 647 5618 C.
683 5562 1169 5635 ἐκστρατεύεσθαι.
1243 5562 1290 5594 ’⁸
1316 5558 1378 5617 C.
1411 5556 1476 5617 C.
1507 5559 1761 5614 ἐπύθετο.
1835 5559 1881 5591 ⁹⁹
1899 5558 1962 5621 C.
1997 5558 2062 5614 C.
2108 5556 2427 5627 ἐκάθαιρον.

1547 5695 1823 5752 VALESII
1854 5688 2412 5749 ANNOTATIONES.
2468 5662 2475 5669 ’

410 5788 529 5859 (49)
581 5787 972 5856 Ἀξιιίταστον
997 5789 1226 5857 ἀνάγει.
1269 5788 1481 5844 Mallem
1517 5789 1763 5844 scribere
1804 5786 2134 5857 ἀναγράφει,
2160 5790 2223 5839 ut
2256 5783 2506 5853 loquitur
2534 5779 2802 5855 Evagrius
2836 5783 2894 5841 in
2929 5798 3050 5857 cap.
3089 5786 3178 5843 15.

667 5878 943 5942 Ριτιιοι..
986 5880 1104 5941 Gn.
1157 5880 1502 5941 LXXXV].

3255 5875 3332 5941 86
