4088 6300
306 373 448 436 2745
1003 372 1085 412 ⁸⁵

1195 378 1583 439 IIISTORUE
1623 381 2220 445 ECCLESIASTICJE
2264 387 2491 446 LIBER
2540 387 2638 448 IV.

3428 388 3573 454 2⁸146

305 487 458 551 ἄξιον
493 482 855 553 καθέστηκεν.
889 484 1017 539 Ὅτε
1042 484 1142 555 τὴν
1190 486 1467 557 Ἀντιόχου
1494 490 1894 561 πυρπολεῖσθαι

1997 493 2088 557 bo,
2118 494 2323 564 quippe
2349 496 2499 565 quod
2533 494 2662 549 huic
2690 494 2845 564 operi
2871 504 3058 551 nostro
3082 496 3248 550 inseri
3274 511 3569 554 mereatur.

305 579 417 630 τῶν
472 576 766 646 ’Λπαμέων
798 577 848 629 oi
904 577 1093 641 παῖδες
1146 577 1485 646 ἐγνώκεσαν,
1537 581 1779 634 ἱκέτευον
1799 585 1890 636 τὸν

304 666 634 737 λελεγμένον
671 684 763 737 μοι
812 666 1039 737 Θωμᾶν,
1071 667 1134 721 τὸ
1170 671 1440 740 σωτήριον
1489 671 1585 723 καὶ
1628 671 1891 734 ζωοποιον

305 761 402 815 τοῦ
436 758 672 831 σταυροῦ
705 758 860 823 ξύλον
917 759 1066 831 παρὰ
1117 762 1180 813 τὸ
1209 760 1400 824 εἰωθὸς
1451 766 1803 831 προενεγκεῖν
1832 780 1890 815 τε

309 852 403 905 καί
442 850 744 922 προθεῖναι,
801 850 877 914 ὡς
919 850 985 905 ἂν
1028 851 1098 905 τὰ
1144 852 1434 909 τελευταῖα
1478 855 1650 924 όρῷέν
1702 873 1764 908 τε
1796 857 1891 909 καὶ

312 942 772 1007 κατασπάξοιντο,
794 943 893 1013 τὴν
926 943 1095 1015 μόνην
1122 944 1231 999 τῶν
1254 944 1561 1015 ἀνθρώπων
1589 947 1888 1018 σωτηρίαν,

309 1035 523 1103 ἐφόδιόν
546 1051 606 1087 τε
636 1033 854 1088 λάϐοιεν
869 1036 970 1106 τῆς
993 1036 1189 1107 ἐτέρας
1230 1036 1436 1107 βιοτῆς,
1468 1038 1891 1110 διαπορεύοντος

310 1127 514 1190 αὐτοὺς
536 1126 627 1179 τοῦ
658 1126 842 1197 τιμίου
890 1128 1128 1198 σταυροῦ
1164 1129 1303 1201 πρὸς
1343 1130 1444 1199 τὴν
1473 1129 1684 1198 ἀμείνω
1715 1130 1888 1202 λῆξιν.

315 1221 380 1269 "U
406 1218 471 1286 δὴ
517 1217 613 1271 καὶ
648 1216 951 1289 πεπραχὼς
981 1220 1010 1271 ό
1049 1219 1273 1290 Θωμᾶς,
1328 1222 1595 1292 προφέρει
1636 1222 1696 1275 τὸ
1754 1223 1892 1286 ζωο-

312 1308 466 1362 ποιὸν
498 1309 676 1373 ξύλον,
716 1310 886 1379 ῥητὰς
934 1310 1271 1382 ἐπαγγείλας
1321 1310 1533 1381 ἡμέρας
1562 1312 1660 1382 τῆς
1695 1312 1892 1383 προθέ-

313 1417 476 1462 σεως,
501 1400 575 1463 ὡς
608 1400 674 1452 ἂν
705 1399 798 1469 ἐξῇ
831 1401 924 1452 καὶ
952 1402 1086 1454 πᾶσι
1116 1405 1231 1465 τοῖς
1259 1402 1643 1472 ἀστυγείτοσιν
1671 1403 1892 1473 ἁλισθῆ-

310 1509 423 1550 ναι,
457 1492 552 1544 καὶ
578 1493 679 1560 τῆς
707 1491 959 1545 ἐντεῦθεν
994 1494 1273 1564 σωτηρίας
1302 1495 1631 1551 ἀπόνασθαι.
1657 1496 1889 1549 Φοιτῶσι

309 1581 444 1649 γοῦν
470 1582 606 1651 μετὰ
628 1580 738 1633 τῶν
775 1581 950 1633 ἄλλων
979 1582 1076 1635 καὶ
1104 1584 1152 1635 οἱ
1200 1584 1258 1646 ἐς
1295 1583 1412 1652 φῶς
1452 1600 1518 1653 με
1549 1584 1890 1653 προαγαγόν-

308 1690 423 1735 τες,
450 1675 505 1735 ἐς
536 1673 1042 1742 χαμαιδιδασκόιλου
1078 1674 1353 1742 φοιτῶντα
1376 1693 1443 1747 με
1478 1676 1885 1745 περιαγόμενος.

322 1767 410 1829 Ὡς
441 1765 486 1818 δ’
515 1765 606 1819 οὖν
635 1767 1006 1836 προσκυνῆσαί
1049 1782 1110 1819 τε
1155 1766 1253 1819 καὶ
1290 1766 1749 1821 κατασπάσασθαι
1798 1766 1889 1820 τὸν

1992 583 2128 638 Cum
2166 586 2358 639 urbem
2401 585 2752 641 Antiochiam
2780 602 2809 640 a
2833 585 3079 642 Choere
3145 588 3423 643 incensam
3450 607 3573 645 esse
3626 656 3631 659 _

1993 677 2318 733 didicissent
2363 679 2721 747 Apamenscs,
2779 678 3127 747 postularunt
3178 679 3501 748 suppliciter
3543 700 3572 737 a

1995 768 2227 833 Thema,
2275 771 2433 838 cujus
2485 784 2649 838 supra
2704 769 3042 824 mentionem
3074 768 3201 833 Ieci,
3234 779 3295 825 ut
3334 772 3575 825 salutare

1993 876 2057 914 ac
2082 859 2360 914 viviﬂcum
2391 861 2576 915 crucis
2614 861 2822 927 lignum
2860 870 3061 931 praeter
3096 872 3422 916 consuetmn
3460 879 3575 915 ms:-

1996 965 2110 1005 rem
2138 950 2415 1019 proferret
2462 962 2627 1021 atque
2652 951 2898 1006 utnnium
2925 952 3102 1006 oculis
3137 964 3435 1022 exponeret
3478 972 3489 1006 :
3518 964 3576 1007 nt

1995 1042 2212 1097 unicam
2268 1042 2411 1097 hanc
2439 1042 2751 1096 mortalium
2797 1044 3028 1098 salutem
3074 1054 3411 1113 postremum
3458 1062 3575 1099 cer-

1993 1148 2129 1187 nere
2162 1148 2226 1187 ac
2252 1134 2558 1187 deosculari
2587 1133 2719 1202 ipsis
2747 1134 2959 1193 liceret.
3008 1143 3173 1204 atque
3196 1137 3299 1190 hoc
3331 1137 3463 1205 ipsis
3506 1137 3570 1190 ad

1994 1224 2222 1278 alteram
2258 1226 2425 1278 vitam
2475 1234 2624 1278 esset
2676 1226 2973 1290 viaticum,
3005 1226 3319 1280 veneranda
3365 1228 3576 1281 scilicet

1994 1330 2158 1369 cruce
2196 1316 2344 1384 ipsos
2370 1315 2437 1369 ad
2466 1316 2748 1370 meliorem
2772 1327 2974 1371 sortem
3006 1324 3433 1386 transportante.
3468 1320 3578 1372 An-

1994 1408 2119 1462 nuit
2145 1423 2340 1462 eorum
2370 1410 2630 1479 precibus
2668 1409 2933 1474 Thomas,
2960 1419 3016 1465 et
3045 1410 3321 1466 viviﬁcum
3367 1412 3573 1481 lignum

1994 1499 2356 1569 deprompsit,
2382 1501 2606 1557 indictis
2634 1503 2800 1558 certis
2832 1502 3029 1557 diebus
3065 1503 3270 1573 quibus
3304 1519 3583 1572 propone-

1997 1602 2173 1657 retur,
2217 1600 2279 1645 ut
2319 1608 2512 1647 omnes
2560 1594 2779 1648 ﬁnitimi
2825 1609 2892 1649 eo
2937 1594 3241 1658 conﬂuere,
3284 1604 3341 1649 et
3383 1594 3578 1648 salutis

1997 1680 2125 1737 inde
2160 1683 2538 1751 promanantis
2590 1685 2890 1753 participes
2927 1684 3040 1737 ﬁeri
3085 1693 3327 1753 possent.
3366 1684 3443 1737 Eo
3479 1683 3579 1752 igi-

1997 1782 2089 1827 tur
2130 1783 2385 1842 parcntes
2418 1775 2522 1828 mei
2557 1791 2663 1828 una
2692 1791 2817 1829 cum
2850 1776 3078 1844 reliquis
3109 1789 3166 1829 se
3198 1775 3573 1837 contulerunt,

308 1856 494 1925 τίμιον
552 1855 866 1926 ἠξιώθημεν
910 1856 1168 1926 σταυρὸν,
1222 1855 1364 1927 ἄρας
1417 1857 1445 1908 ό
1495 1856 1699 1926 Θωμᾶς
1726 1856 1894 1927 ἄμφω

1998 1876 2086 1915 me
2110 1877 2331 1931 quoque
2384 1862 2475 1931 qui
2518 1871 2648 1917 tunc
2680 1865 3162 1931 grammaticorum
3219 1862 3433 1916 scholas
3464 1861 3578 1917 fre-

311 1948 380 2000 τᾶι
406 1949 424 1975 ⁷
451 1950 624 2017 χεῖρε,
656 1948 715 2001 τὸ
743 1950 843 2016 τῆς
899 1947 1137 2017 ἀρχαίας
1192 1948 1439 2019 κατάρας
1473 1948 1891 2019 ἐξαλειπτήριον

310 2038 407 2091 τοῦ
468 2040 700 2110 σταυροῦ
772 2038 928 2102 ξύλον
982 2040 1288 2104 ἐπεδείκνυ,
1314 2040 1516 2113 ’,πάντη
1564 2038 1672 2093 τῶν
1732 2040 1894 2093 θείων

314 2131 633 2203 ἀνακτόρων
658 2131 1018 2203 περινοστῶν,
1068 2130 1258 2202 ὥσπερ
1288 2133 1345 2184 ἐν
1375 2133 1495 2194 ταῖς
1520 2130 1736 2201 κυρίαις
1783 2129 1894 2184 τῶν

313 2224 747 2293 ,προσκυνήσεων
780 2221 1018 2293 ἡμέραις
1060 2221 1289 2275 εἴθιστο.
1316 2222 1509 2275 Εἵπετο
1533 2222 1590 2275 δὲ
1621 2222 1698 2291 τῷ
1722 2221 1895 2293 Θωμᾷ

318 2314 703 2385 μεθισταμένῳ
733 2314 904 2384 πυρὸς
943 2313 1087 2384 μέγα
1108 2330 1160 2366 τι
1183 2314 1373 2383 χρῆμα
1404 2313 1801 2380 σελαγίξοντος,
1831 2314 1893 2366 οὐ

315 2407 730 2471 κατακαίοντος,
766 2404 841 2467 ὡς
875 2404 1057 2459 πάντα
1085 2405 1178 2458 τὸν
1236 2404 1414 2476 χῶρον
1446 2404 1575 2458 ἔνθα
1604 2404 1896 2474 παρεστὼς

314 2498 407 2551 τὸν
433 2497 613 2567 τίμιον
645 2496 929 2550 ἐπεδείκνυ
962 2497 1217 2566 σταυρὸν,
1277 2495 1662 2567 ἐμπίπρασθαι
1692 2496 1892 2551 δοκεῖν.

316 2590 430 2645 Καὶ
457 2590 679 2658 γέγονεν
718 2586 818 2660 οὔχ
843 2589 1012 2654 ἅπαξ,
1047 2589 1107 2641 οὐ
1138 2588 1243 2651 δὶς,
1291 2587 1428 2641 ἀλλὰ
1471 2588 1566 2640 καὶ
1613 2587 1893 2652 πολλάκις,

314 2681 409 2734 τοῦ
443 2682 635 2751 ἱερέως
677 2682 854 2733 πάντα
888 2681 979 2733 τὸν
1002 2680 1196 2733 αὐτόσε
1223 2679 1401 2749 χῶρον
1437 2679 1762 2749 περιϊόντος,
1803 2680 1898 2732 καὶ

315 2771 414 2824 τοῦ
441 2770 823 2842 ἁθροισθέντος
856 2769 966 2822 λεὼ
1006 2768 1163 2822 τοῦτο
1207 2768 1463 2837 γενέσθαι
1514 2768 1719 2839 Θωμᾶν
1773 2770 1899 2822 δυσ-

317 2861 618 2926 ωποῦντος.
654 2862 831 2931 Ὅπερ
858 2862 951 2914 καὶ
996 2859 1096 2931 τὴν
1155 2858 1457 2928 γενομένην
1487 2858 1760 2930 σωτηρίαν
1785 2861 1900 2924 τοῖς

332 2953 642 3023 ’Δπαμεῦσι
663 2957 1095 3026 προειρήτευσεν.
1140 2951 1395 3021 Ἀνετέθη
1420 2950 1596 3005 τοίνυν
1627 2952 1721 3004 καὶ
1736 2951 1900 3007 εἰκὼν

316 3051 423 3103 ἀνὰ
452 3048 542 3101 τὸν
562 3048 756 3120 ὄροφον
789 3047 898 3100 τῶν
933 3044 1269 3115 διακτόρων.
1296 3044 1472 3098 ταῦτα
1507 3046 1618 3108 τοῖς
1644 3042 1899 3111 ἀγνοοῦσι

318 3145 385 3216 τῇ
446 3145 629 3213 γραφῇ
695 3140 1093 3207 διαγγέλλουσα
1145 3138 1280 3208 (56).
1337 3139 1371 3209 ἣ
1423 3140 1517 3191 καὶ⁸
1576 3138 1739 3209 μέχρι
1801 3140 1899 3207 τῆς

1991 1956 2348 2025 quentabam,
2375 1971 2562 2011 secum
2594 1957 2956 2011 dcdncentes.
2992 1955 3180 2025 Itaque
3221 1970 3288 2010 eo
3332 1965 3577 2025 tempore

1991 2064 2102 2118 quo
2133 2048 2503 2103 venerandam
2525 2063 2745 2103 crucem
2772 2049 3002 2102 adorare
3034 2064 3099 2102 ac
3124 2048 3429 2102 deosculari
3463 2063 3581 2101 nte-

1993 2140 2226 2206 ruimus,
2281 2140 2525 2195 Thomas
2572 2141 2734 2195 elatis
2770 2156 2990 2194 sursum
3049 2139 3327 2204 manibus,
3366 2140 3579 2211 lignum

1993 2230 2179 2284 crucis
2207 2229 2356 2299 quod
2392 2238 2634 2284 vett-rem
2665 2229 3107 2284 maledictionem
3155 2229 3415 2290 abolevit,
3456 2230 3583 2283 uni-

1992 2335 2209 2374 versam
2238 2320 2411 2375 tndem
2460 2336 2671 2375 sacram
2725 2320 2888 2392 5,05
2939 2320 3270 2375 circumiens
3313 2320 3576 2388 ostendit,

1994 2410 2139 2463 sicut
2175 2411 2230 2463 in
2260 2409 2599 2463 solemnibus
2639 2408 3025 2462 adorationum
3063 2406 3261 2461 diebus
3296 2404 3413 2458 ﬁeri
3446 2420 3578 2459 con-

1996 2507 2273 2555 sueverat.
2333 2499 2782 2570 Progredicntem
2827 2513 2957 2552 vero
2991 2498 3259 2552 Thomam
3307 2496 3578 2567 sequeba-

1998 2599 2087 2646 tur
2118 2590 2310 2660 ingens
2341 2590 2578 2653 ﬂamma,
2612 2606 2722 2643 non
2758 2586 2850 2645 illa
2876 2590 3098 2659 quidem
3132 2589 3449 2643 amburens.
3483 2588 3578 2642 sed

1996 2695 2296 2735 coruscans
2329 2682 2507 2735 :adco
2544 2690 2603 2735 ut
2657 2689 2804 2735 totus
2851 2681 2940 2735 ille
2976 2682 3131 2735 locus
3161 2680 3216 2734 in
3249 2695 3359 2749 quo
3396 2679 3580 2733 consi-

1998 2783 2150 2830 stens
2180 2774 2439 2840 Thomas,
2500 2774 2876 2830 venerandam
2931 2789 3152 2829 crucem
3210 2773 3577 2838 ostendebat,

2000 2869 2338 2941 conﬂagrare
2375 2868 2683 2923 videretur.
2719 2869 2907 2939 Neque
2932 2869 3037 2923 huc
3071 2868 3241 2923 semel
3270 2877 3436 2936 atque
3473 2867 3579 2920 ite-

2002 2979 2146 3027 rum,
2175 2962 2267 3018 sed
2304 2963 2506 3032 saepius
2536 2962 2742 3017 factum
2766 2972 2871 3025 est,
2898 2960 3334 3029 cumepiscopus
3362 2958 3582 3012 univcr-

2001 3070 2121 3110 sum
2150 3055 2301 3108 illum
2346 3055 2528 3109 locum
2553 3054 2840 3115 circuiret,
2863 3061 2920 3107 et
2949 3052 3184 3121 populus
3218 3051 3329 3104 illic
3349 3065 3583 3119 congre-

2003 3154 2159 3216 gatus
2184 3146 2450 3200 Thomam
2499 3146 2660 3200 enixe
2699 3154 2919 3215 rogaret
2954 3151 3015 3197 ut
3059 3143 3110 3197 id
3170 3142 3347 3197 ﬁeret.
3385 3142 3460 3196 Ea
3493 3158 3583 3194 res

333 3234 853 3305 Ἀδααρμὰνου(5ἷ)
913 3235 1007 3286 καὶ
1042 3232 1267 3303 Περσῶν
1332 3232 1525 3301 ἐφόδου
1585 3232 1893 3297 διεσώζετο.

2001 3238 2240 3294 futuram
2283 3236 2687 3307 Apamensibus
2720 3237 2957 3290 salutem
3012 3233 3284 3304 praedixit.
3323 3232 3582 3286 Dedicata

323 3324 637 3394 Συνεκαύθη
674 3326 730 3377 δὲ
774 3328 839 3395 τῇ
885 3324 1081 3378 αὐτόσε
1135 3323 1270 3394 ἁγίᾳ
1307 3322 1400 3375 τοῦ
1449 3323 1584 3377 Θεοῦ
1631 3324 1897 3395 ἐκκλησίᾳ

324 3421 466 3491 μετᾶ
495 3420 593 3488 τῆς
621 3418 749 3489 ὅλης
779 3419 1010 3480 πόλεως.
1051 3418 1162 3471 Καὶ
1214 3415 1389 3469 ταῦτα
1447 3416 1546 3487 μὲν
1573 3410 1674 3470 ὦδε
1705 3417 1897 3485 ἐγεγό-

319 3527 426 3564 νει.
473 3510 531 3564 ’0
558 3511 616 3564 δέ
646 3510 894 3579 Χοσρόης
930 3507 1073 3561 κατὰ
1115 3507 1217 3579 τὴν
1264 3507 1464 3577 ἄφοδον
1510 3507 1901 3578 παρασπονδή-

324 3619 426 3664 σας
452 3603 521 3655 ri
583 3602 948 3669 συγκείμενα,
999 3601 1122 3653 ἐπεὶ
1166 3601 1263 3653 καὶ
1303 3598 1557 3669 τηνικάδε
1602 3598 1899 3662 συνεδόκει,

321 3694 491 3764 ἔτερα
523 3693 794 3763 πέπραχε,
820 3690 896 3762 τῷ
930 3692 1027 3761 μὲν
1048 3689 1276 3744 ἀσταθεῖ
1305 3687 1473 3743 αὐτοῦ
1522 3688 1618 3741 καὶ
1652 3686 1898 3756 ἀϐεϐαίῳ

321 3784 512 3855 τρόπῳ
544 3783 936 3852 συμῦαίνοντα,
967 3783 1169 3853 ἥκιστα
1215 3781 1270 3834 δὲ
1305 3780 1458 3851 ἀνδρὶ
1489 3779 1714 3850 λογικῷ,
1766 3779 1900 3850 μήτι

224 3917 245 3923 -
323 3894 388 3945 γε
433 3876 500 3946 δὴ
549 3876 761 3947 βασιλεῖ
812 3876 1114 3947 πρέποντα,
1161 3875 1320 3944 λόγον
1360 3880 1465 3927 τῶν
1525 3873 1902 3943 συγκειμένων

327 3985 481 4024 πιοιου
491 3969 655 4039 μένῳ.

2000 3338 2085 3382 est
2117 3326 2284 3397 igitur
2319 3328 2497 3396 imago
2542 3328 2595 3381 in
2645 3326 2896 3380 lacunari
2943 3324 3076 3379 tedis
3106 3340 3293 3387 sacris,
3328 3338 3449 3393 qua:
3481 3323 3586 3377 hoc

2004 3422 2327 3476 miraculum
2362 3423 2578 3491 pictura
2609 3435 2929 3490 expressum
2963 3418 3342 3473 nescientibus
3377 3416 3584 3470 indica—

2005 3520 2107 3566 ret.
2138 3511 2441 3581 Mansitque
2465 3512 2677 3580 integra
2718 3511 2833 3563 ham
2867 3509 3065 3577 imago,
3103 3508 3170 3561 ad
3212 3506 3586 3561 incursionem

2008 3616 2181 3671 usque
2214 3601 2572 3655 Adaarmanis
2618 3609 2673 3652 et
2700 3600 3013 3653 Persarum.
3040 3596 3160 3663 Quo
3204 3606 3450 3663 tempore
3478 3610 3584 3647 una

2007 3706 2131 3747 cum
2161 3702 2508 3746 sacrosancta
2537 3690 2630 3744 Dei
2657 3689 2898 3744 Ecclesia
2929 3696 2984 3741 ct
3005 3702 3130 3740 cum
3165 3687 3421 3740 universa
3451 3683 3586 3737 civi-

2012 3792 2124 3839 tate
2160 3782 2392 3838 ﬂammis
2421 3783 2712 3851 absumpta
2754 3789 2856 3835 est.
2896 3779 3073 3848 Atque
3105 3777 3221 3831 hzec
3249 3774 3472 3845 quidem
3511 3774 3586 3827 ita

2008 3884 2335 3930 evenerunt.
2381 3872 2657 3928 Chosroes
2724 3888 2857 3926 vero
2900 3871 3031 3925 dum
3086 3869 3310 3931 rediret,
3367 3866 3587 3922 violatis

2011 3964 2469 4034 pactis(qu;edam
2504 3963 2653 4017 enim
2693 3973 2827 4018 tunc
2848 3959 3264 4031 spoponderat),
3296 3960 3455 4027 longe
3478 3959 3585 4010 alia

321 4061 565 4126 admisit,
600 4077 723 4131 qua:
762 4061 1143 4117 inconstantia:
1181 4058 1407 4129 quidem
1446 4058 1568 4129 ejus
1597 4073 1663 4113 ac
1691 4057 1901 4113 levitati
1938 4056 2377 4122 conveniebant,
2446 4057 2565 4111 viro
2591 4064 2775 4111 autem
2840 4054 3051 4107 ratione
3084 4053 3346 4120 praedito,
3383 4051 3584 4104 nedum

325 4154 463 4225 regi,
489 4164 775 4225 pactorum
802 4168 1027 4210 suorum
1061 4151 1331 4205 rationem
1353 4149 1612 4211 ducenti,
1648 4150 1903 4205 indecora
1932 4165 2163 4220 prorsus
2184 4159 2363 4204 erant.

893 4243 1146 4299 ΚΕΦΑΛ.
1206 4243 1331 4297 KZ'.

399 4340 540 4409 Περί
564 4340 673 4408 τῆς
695 4341 783 4405 εὶς
807 4337 1112 4391 Ἔδεσσαν
1137 4336 1530 4403 ἐκστρατείας
1555 4335 1850 4404 Χοσρόου.

412 4430 742 4502 Ἀναγράφει
800 4430 829 4482 ό
879 4428 1045 4493 αὐτὸς
1112 4427 1420 4498 Προκόπιος
1468 4427 1561 4478 καὶ
1638 4425 1707 4479 τὰ
1772 4426 1923 4503 περὶ,

2593 4240 2744 4296 CAP.
2785 4239 2995 4295 XXVII.

2136 4332 2209 4387 De
2239 4332 2482 4389 Cltosrois
2545 4332 2873 4411 expeditione
2902 4332 3150 4389 adversus
3181 4333 3460 4388 Edessam.

2080 4424 2278 4479 Narrat
2300 4424 2464 4479 etiam
2497 4423 2642 4478 idem
2665 4421 2967 4493 Procopius
2987 4434 3050 4477 ea
3071 4439 3194 4494 qua:
3214 4423 3281 4478 de
3309 4423 3507 4477 Edessa
3531 4431 3587 4475 et

337 4497 595 4594 Ἐδέσσης
614 4497 683 4592 (υ)
714 4519 808 4573 καὶ
843 4517 1112 4589 Ἀγϐάρου
1131 4497 1244 4581 τοῖς
1268 4518 1515 4582 παλαιοῖς
1533 4516 1889 4588 ἱστορημένα,

1997 4515 2066 4569 de
2096 4515 2316 4586 Agbaro
2342 4516 2411 4571 ab
2443 4514 2689 4585 antiquis
2716 4522 2847 4568 sunt
2875 4514 3113 4584 prodita,
3141 4509 3199 4571 et
3229 4514 3587 4586 quemadmo-

1615 4630 1850 4687 VARIzE
1890 4630 2190 4687 LECTION
2199 4631 2303 4687 ES.

402 4710 423 4740 ⁷
444 4707 508 4764 C.
532 4706 595 4763 C.
620 4706 720 4761 τώ.

1298 4725 1397 4814 ο

1526 4773 1799 4829 VALESII
1837 4771 2402 4829 ANNOTATIONES.

400 4870 515 4952 (5s)
558 4868 641 4937 Τῇ
670 4869 867 4952 τραφῇ
887 4869 1353 4952 διαγγέλλουσα.
1377 4867 1617 4952 ῼυὴίιιιη
1634 4875 1739 4952 est,
1770 4866 1904 4949 quid
1938 4869 1984 4924 D
2011 4882 2075 4923 ea
2118 4867 2169 4952 si
2209 4866 2396 4952 imago
2448 4876 2574 4952 erat
2606 4868 2687 4952 riu
2722 4868 3025 4952 testudine,
3072 4870 3322 4952 ubinam,
3346 4884 3583 4952 “qugeso.

329 4938 437 4997 hoc
457 4940 580 5011 loco
610 4943 793 5010 γραφή
822 4939 1115 5010 signiﬁcet,
1143 4948 1330 5011 utrum
1352 4939 1629 5011 picturam
1681 4945 1739 5009 et
1769 4938 1907 4991 ima-

329 5011 517 5091 ginem
542 5008 1307 5091 ﬂammze'ilgliusquaafrucis
1349 5008 1557 5091 lignum
1614 5008 1908 5089 presecuta

330 5078 515 5134 fuerat
533 5117 550 5141 ,
575 5095 645 5133 an
672 5078 1029 5149 scripturam.
1058 5079 1339 5134 Musculus
1381 5078 1608 5149 quidem
1630 5093 1745 5149 pro
1766 5078 1906 5149 scri-

331 5158 499 5219 ptura
522 5149 763 5219 accepit,
794 5148 1269 5219 quemadmodum
1300 5150 1468 5204 etiam
1510 5148 1909 5219 Christophor-

330 5217 525 5290 Sonus,
557 5217 758 5289 qui—sic
790 5217 995 5275 vertit:
1046 5219 1120 5274 Οὐ
1150 5235 1314 5290 quam
1345 5234 1568 5272 causam
1627 5217 1807 5290 imago
1850 5219 1906 5273 in

276 5357 283 5363 ι
332 5289 594 5371 testudine
632 5291 933 5344 sanctuarii
982 5289 1189 5343 statuta
1212 5289 1340 5413 luit,
1393 5303 1512 5411 ἵκω
1555 5289 1904 5369 inscriptione

333 5376 387 5413 ιη
433 5360 549 5413 basi
599 5362 790 5413 incisa.
845 5362 942 5413 hoc
1002 5360 1207 5413 miracu
1232 5375 1323 5412 um
1370 5357 1480 5413 itis
1519 5373 1608 5413 aut
1663 5357 1903 5413 eiusdem

333 5305 594 5344 testudine
632 5305 933 5344 sanctuarii
982 5305 1189 5343 statuta
1241 5305 1340 5353 tm,
1430 5305 1512 5342 ua:
1555 5305 1903 5359 mscrtpuone

333 5361 387 5413 in
433 5360 549 5413 basi
599 5362 790 5422 incisa,
845 5362 942 5414 hoc
1002 5305 1323 5413 miraculum
1370 5305 1480 5413 i71is
1519 5358 1609 5426 qui
1663 5357 1903 5426 ejusdem

331 5429 512 5498 ignari
536 5438 712 5497 erant,
734 5431 1186 5484 eommonstravit.
1224 5429 1425 5498 Verum
1462 5428 1579 5483 haec
1629 5426 1904 5498 interpre-

331 5497 468 5569 tatio
494 5498 627 5554 ferri
658 5516 767 5554 non
795 5508 994 5569 potest.
1017 5500 1201 5555 Primo
1223 5497 1372 5553 enim
1394 5498 1542 5553 basis
1562 5514 1669 5552 non
1700 5497 1905 5554 dicitur

333 5568 403 5622 de
431 5568 675 5640 imagine
696 5568 982 5640 picta,sed
1016 5570 1085 5625 de
1127 5577 1309 5627 statua
1352 5569 1636 5627 duntaxat.
1670 5570 1904 5624 Praeter-

2011 4938 2196 5010 posita
2226 4937 2349 5010 erat
2382 4937 2721 5010 basisiEgu
2750 4954 2884 5010 vero
2916 4940 3084 5010 hujus
3130 4937 3406 4997 miraculi'
3446 4941 3585 4994 ima-

2007 5008 2192 5077 ginem
2221 5008 2502 5076 depictam
2526 5007 2697 5063 fuisse
2722 5007 3074 5063 existimo'in
3101 5011 3349 5066 lacunari
3406 5011 3585 5065 eccle-

2006 5078 2125 5151 siag,
2158 5078 2248 5151 cui
2302 5078 2547 5151 fortasse,
2601 5080 2854 5151 inscripti
2907 5089 3069 5135 erant
3117 5082 3329 5151 aliquot
3368 5095 3585 5151 versus,

2006 5148 2104 5217 qui
2133 5148 2461 5202 miraculum
2518 5149 2655 5202 illud
2695 5148 3227 5206 commemorarent.
3251 5151 3475 5207 Similes
3504 5149 3589 5203 in—

2007 5218 2344 5289 griptiones
2399 5219 2660 5289 leguntur
2716 5220 2771 5274 in
2823 5219 3092 5274 Thesauro
3130 5220 3376 5285 Gruteri,
3433 5230 3488 5273 et
3531 5219 3587 5272 in

2010 5287 2267 5358 Epistolis
2296 5287 2536 5343 Paulini.

2082 5360 2192 5429 (57)
2236 5357 2778 5428 ΤῆςἈὸεερμάνου.
2796 5360 2856 5414 In
2888 5360 3224 5429 Nicephuro,
3245 5368 3304 5415 et
3324 5360 3378 5414 in
3398 5357 3587 5429 codice

2012 5429 2324 5486 Telleriano
2378 5430 2581 5500 legitur
2648 5428 3062 5500 ‘AGaapua'tvou.
3110 5432 3186 5485 De
3228 5431 3335 5484 hoc
3376 5428 3587 5500 Ad_aar-~

2014 5515 2170 5571 mane
2196 5498 2486 5571 Persarum
2514 5500 2681 5566 duce,
2705 5498 2943 5571 ejusque
2966 5500 3020 5555 in
3044 5499 3256 5571 Syriam
3280 5498 3587 5569 irruptione

2014 5568 2253 5638 loquitur
2278 5568 2549 5640 Evagrius
2578 5568 2772 5625 noster
2804 5568 2865 5624 in
2893 5570 2992 5624 lib.
3015 5587 3086 5623 Vl.

1777 5661 2159 5717 VARIORUM.

407 5750 481 5817 (υ)
526 5752 600 5806 Τὰ
623 5751 757 5820 περί
789 5753 1100 5821 Ἐδέσσης.
1126 5755 1394 5821 Quartum
1436 5754 1489 5807 in
1540 5752 1769 5810 Romani
1806 5758 1908 5810 im-

340 5821 482 5905 perii
519 5821 781 5890 ditiones,
811 5825 1024 5880 scilicet
1071 5825 1124 5880 in
1171 5823 1641 5894 Mesopotamiam,
1714 5827 1912 5907 irrupit

2017 5756 2292 5837 (Zhosrocs
2320 5773 2465 5811 anno
2496 5757 2599 5812 ΒΗ
2623 5766 2676 5811 et
2705 5756 2968 5811 Edessam
3005 5756 3266 5813 diuturna
3300 5754 3588 5811 obsidione

2025 5835 2218 5880 ('tttxtl.
