4088 6300
350 352 489 421 $2749

1247 358 1629 418 HISTORIA?
1663 360 2249 422 ECCLESIASTICE
2290 366 2517 424 LIBER
2552 367 2655 426 'IV.

3423 366 3561 431 275:0

349 464 450 514 οὐκ
472 461 797 531 εἰργάσαντο
815 479 828 492 ο
892 463 1138 533 Ἀγϐἀρῳ
1180 463 1235 516 δὲ
1294 466 1526 534 Χριστὸς
1552 469 1580 519 ό
1606 466 1758 528 Θεὸς,
1786 469 1893 519 ὲπεΊ

2007 484 2128 522 rum
2162 472 2587 539 apprehendere.
2619 473 2799 540 ltaque
2841 473 2913 526 ad
2942 473 3177 542 inopiam
3204 478 3417 531 consilii
3450 482 3558 547 jam

350 569 513 606 αυτον
558 551 685 604 ἰδεῖν
731 551 937 612 ἐπόθει,
987 554 1261 622 πέπομφε.
1318 555 1537 624 Ταύτην
1580 556 1906 628 τοίνυνντὴν

348 643 621 703 παναγίαν
678 644 862 698 εἰκόνα
922 647 1063 699 κατὰ
1134 647 1231 716 τὴν
1297 650 1667 719 εἰργασμένην
1725 649 1907 716 σφίσιν

348 750 709 801 εσαγαγοντες
759 734 1020 804 διώρυγα,
1051 735 1204 789 ’ύδατί
1256 755 1315 790 τε
1357 740 1765 800 ὲπικλύσαντες,
1810 740 1904 792 ἀπ’

348 825 512 879 αὐτοῦ
561 825 702 878 κατὰ
743 827 844 895 τῆς
891 831 1068 897 πυρᾶς
1113 829 1206 881 καὶ
1260 829 1371 882 τῶν
1432 829 1601 894 ξύλων
1651 833 1902 900 ἀφεῖσαν.

349 917 460 969 Καὶ
479 917 791 986 παραυτίκα
822 922 919 987 τῆς
949 917 1099 980 θείας
1148 918 1425 987 δυνάμεως
1471 923 1536 989 τῇ
1584 920 1760 974 πίστει
1796 921 1902 973 τῶν

345 1010 679 1079 δεδρακότων
711 1010 1164 1078 ὲπιφοιτησάσης,
1201 1011 1337 1080 ὅπερ
1367 1007 1433 1080 ἦν
1458 1013 1683 1073 ἐκείνοις
1715 1011 1902 1079 πρώην

346 1100 629 1164 ἀδύνατον,
663 1099 948 1172 ἐύξηνύετο,
987 1102 1299 1170 παραυτίκα
1334 1103 1440 1170 γὰρ
1472 1101 1780 1165 ὲσεδέξαντο
1803 1104 1903 1170 τὴν

346 1190 522 1257 φλόγα
562 1191 630 1243 τὰ
660 1188 812 1254 ξύλα,
849 1192 945 1243 καὶ
986 1190 1142 1255 λόγου
1189 1191 1380 1243 θᾶττον
1405 1192 1902 1257 ἁπανθρακωθέντα

347 1281 455 1342 τοῖς
504 1280 821 1349 ύπερτέροις
879 1282 1242 1349 μετεδίδοσαν,
1310 1281 1522 1343 ἅπαντα
1575 1281 1668 1332 τοῦ
1732 1282 1901 1351 πυρὸς

344 1370 811 1439 ἀμφινεμυμὲνου.
858 1370 945 1432 Ὠς
998 1370 1052 1422 δὲ
1099 1371 1191 1424 τὸν
1235 1371 1442 1423 καπνὸν
1482 1372 1901 1440 ἁναθρώσκοντα

344 1460 595 1512 τεθέαντο
633 1461 679 1511 οἰ
729 1462 795 1529 τῇ
855 1461 1141 1530 πολιορκίᾳ⁵
1193 1460 1526 1529 πιεζόμενοι,
1593 1461 1898 1528 σοφίζονται

342 1553 502 1605 τάδε’
554 1550 843 1618 λαγυνίδας
887 1552 1087 1621 μικρὰς
1127 1552 1446 1618 ἀγαγόντες,
1491 1551 1900 1619 ἐμφορήσαντές

339 1660 399 1694 τε
431 1642 574 1695 θείου
605 1642 720 1711 ἅμα
745 1643 841 1695 καὶ
882 1641 1183 1694 στυππείου
1211 1643 1304 1693 καὶ
1333 1642 1439 1692 τῶν
1470 1641 1643 1694 ἄλλων
1666 1641 1898 1692 εὐκατα-

341 1734 586 1801 φλέκτων
621 1733 795 1795 ὑλῶν,
826 1733 967 1786 κατὰ
995 1733 1095 1801 τῆς
1132 1733 1466 1801 καλουμένης
1513 1733 1748 1798 ἁγέστας
1788 1732 1892 1784 ἀπ-

340 1825 733 1891 εσφενδόνιζον,
764 1824 926 1894 αἴπερ
973 1822 1178 1878 καπνὸν
1211 1826 1463 1886 ἁνιεῖσαι,
1496 1823 1587 1875 τοῦ
1613 1823 1784 1892 πυρὸς
1828 1826 1892 1893 τῇ
1925 1782 1972 1839 Β

342 1915 488 1985 ῥύμῃ
530 1917 627 1985 τῆς
675 1914 834 1984 βολῆς
881 1914 1235 1982 ἀναφθέντος,
1271 1915 1362 1965 τὸν
1407 1915 1470 1965 ἐκ
1515 1898 1608 1964 τόδ
1642 1914 1896 1981 χώματος

340 2005 717 2075 ἀναδιδόμενον
758 2005 965 2058 καπνὸν
1020 2004 1304 2057 λανθάνειν
1348 2004 1790 2072 παρεσκεύαζονο
1821 2003 1897 2066 ὡς

342 2097 548 2158 πάντας
580 2094 942 2158 ὑποτοπάξειν
973 2096 1099 2157 τοὺς
1116 2095 1215 2148 οὐκ
1246 2094 1472 2157 εἰδότας,
1494 2097 1558 2145 ὲκ
1589 2094 1697 2146 τῶν
1725 2094 1894 2161 λαγυ⁹

341 2186 497 2238 νίδων
533 2186 730 2254 μᾶλλον
752 2187 845 2238 καὶ
864 2186 961 2254 οὐχ
983 2184 1250 2255 ἑτέρωθεν
1273 2185 1363 2237 τὸν
1393 2185 1597 2237 καπνὸν
1624 2184 1894 2237 καθεστάο

339 2277 641 2346 ναι.’ῐ“ρίτῃ
680 2276 722 2328 δ’
764 2275 857 2329 οὖν
888 2275 981 2328 ἀπ’
1022 2276 1237 2345 ἐκείνης
1270 2275 1479 2346 ἡμέρᾳ,
1531 2273 1790 2344 ὤφθησαν
1837 2277 1893 2328 αἱ

340 2366 634 2432 γλωσσίδες
662 2363 755 2419 τοῦ
784 2365 954 2435 πυρὸς
988 2367 1053 2418 ὲκ
1094 2365 1192 2434 τῆς
1245 2366 1345 2433 γῆς
1374 2365 1768 2433 ἀναδιδόμεναι,
1800 2367 1893 2417 καὶ

337 2458 458 2508 τότε
493 2455 733 2525 συνῆκαν
764 2456 814 2508 οἰ
839 2457 896 2508 ὲν
947 2455 1024 2525 τῷ
1062 2454 1277 2525 χώματι
1305 2456 1411 2508 τ’ὦν
1465 2456 1689 2525 Περσῶν
1726 2459 1891 2525 μαχό-

340 2562 512 2613 μενοι,
573 2547 694 2599 ὅποι
751 2545 936 2599 κακῶν
989 2546 1407 2617 καθεστήκασιν.
1461 2548 1516 2599 Ὀ
1551 2547 1607 2601 δὲ
1646 2549 1891 2618 Χοσρόης

337 2636 527 2704 ὥσπερ
555 2638 621 2705 τῇ
659 2634 778 2705 θείᾳ
819 2635 1048 2705 δυνάμει
1107 2638 1544 2705 ἀντιφερόμενος,
1602 2640 1726 2700 τοὺς
1784 2639 1891 2690 τῶν

344 2725 551 2777 ὑδάτων
592 2724 806 2788 ὁλκοὺς,
858 2724 907 2778 οἳ
957 2725 1063 2791 πρὸ
1104 2729 1201 2794 τῆς
1244 2728 1465 2789 πόλεως·
1498 2728 1684 2796 ἔτυχον
1717 2728 1886 2791 ὅντες,

335 2814 475 2875 κατὰ
500 2816 600 2884 τῆς
630 2816 809 2886 πυρᾶς
832 2816 1011 2883 ἀφεὶς,
1044 2815 1318 2868 σϐεννύειν
1361 2816 1562 2885 ταύτην
1612 2819 1885 2885 ἐπειρᾶτο.

345 2907 411 2958 Ἥ
438 2906 493 2958 δὲ
522 2906 717 2975 μᾶλλον
751 2905 824 2969 ὡς
860 2905 1039 2958 ἔλαιον
1069 2906 1100 2976 ἢ
1131 2905 1292 2971 Θεῖον,
1327 2907 1360 2976 ἢ
1412 2924 1463 2959 τι
1504 2907 1612 2959 τῶν
1639 2906 1890 2972 ἐξάπτειν

334 2994 622 3058 εἰωθότων,
670 2995 731 3048 τὸ
750 2994 895 3063 ὕδωρ
936 2995 1224 3065 δεξαμένη,
1271 2996 1361 3047 ἐπὶ
1400 2994 1584 3065 μεῖζον
1623 2996 1762 3067 ἦρθη
1796 2997 1889 3067 μέ-

2006 565 2230 629 redacti,
2281 566 2516 620 aﬂ‘erunt
2561 566 2823 620 divinitus
2875 566 3187 621 fabricatam
3246 570 3559 639 imaginem,

2004 659 2165 721 quam
2200 668 2307 707 non
2341 655 2620 707 hominum
2670 670 2862 709 manus
2893 655 3230 719 eﬂinxerant,
3267 658 3358 711 sed
3404 658 3565 713 Chri-

2005 752 2122 797 stus
2158 745 2302 797 Deus
2340 745 2404 797 ad
2449 743 2720 814 Agbarum
2754 748 2993 806 miserat,
3027 747 3118 814 qui
3166 746 3341 815 ipsum
3375 747 3562 801 videre

2004 849 2331 903 magnopere
2366 836 2639 904 cupiebat.
2685 837 2833 891 Hanc
2879 851 3003 890 cum
3049 838 3104 890 in
3151 836 3349 890 fossam
3397 855 3559 906 quam

2002 923 2303 977 eﬂ‘oderant
2349 926 2768 993 importassent,‘
2805 943 2943 995 aqua
2986 938 3337 997 asperserunt
3366 947 3380 981 :
3407 937 3459 981 rt
3494 945 3559 983 ex

2002 1014 2189 1066 eadem
2221 1030 2357 1082 aqua
2388 1016 2442 1068 in
2476 1032 2661 1085 rogum
2698 1033 2761 1071 ac
2800 1018 2944 1087 ligna
2980 1029 3157 1087 guttas
3186 1021 3390 1088 aliquot
3425 1020 3561 1089 inje-

2002 1110 2213 1156 cerunt.
2245 1103 2545 1172 Statimque
2569 1106 2752 1160 divina
2777 1109 3019 1175 potentia
3045 1107 3165 1161 ﬂdei
3196 1110 3410 1162 illorum
3442 1111 3562 1177 opi-

2004 1195 2230 1256 tulante,
2265 1195 2407 1262 quod
2453 1196 2605 1262 prius
2652 1196 2767 1248 fieri
2820 1198 2971 1249 nullo
3016 1198 3175 1250 modo
3218 1207 3456 1267 poterat,
3489 1200 3555 1252 ad

1999 1284 2204 1336 exitum
2223 1284 2540 1351 perductum
2558 1293 2659 1337 est.
2681 1285 2814 1337 Nam
2832 1286 3090 1338 continuo
3116 1287 3260 1354 ligna
3286 1286 3553 1340 ﬂammam
3586 1270 3589 1273 Α

2000 1388 2321 1441 concepere,
2352 1382 2406 1426 et
2429 1373 2575 1427 dicto
2604 1374 2765 1427 citius
2790 1373 2843 1426 in
2870 1374 3137 1427 carbones
3170 1375 3410 1437 redacta,
3436 1390 3555 1429 eam

1999 1464 2063 1517 ad
2096 1464 2375 1531 superiora
2411 1465 2550 1533 ligna
2585 1464 2953 1526 transmisere,
2987 1463 3111 1532 igne
3159 1465 3409 1518 universa
3456 1481 3558 1517 un-

1997 1554 2162 1622 dique
2207 1553 2551 1621 depascente.
2593 1552 2813 1607 Obsessi
2847 1569 2994 1617 vero,
3028 1564 3312 1621 postquam
3349 1554 3555 1614 fumum

1999 1643 2054 1696 in
2090 1642 2320 1695 sublime
2355 1652 2730 1709 erumpentem
2769 1642 3043 1704 viderunt,
3080 1644 3219 1696 istud
3262 1645 3556 1697 commenti

1998 1739 2144 1784 sunt.
2182 1731 2379 1783 Parvas
2412 1730 2671 1798 quasdam
2723 1731 2941 1799 lagenas
2986 1732 3248 1800 sulphure
3283 1747 3346 1785 ac
3376 1741 3554 1801 stupa,

1998 1820 2209 1888 aliaque
2244 1820 2468 1872 materia
2497 1822 2563 1872 ad
2600 1819 2776 1888 ignem
2817 1821 3237 1888 concipiendum
3278 1823 3555 1892 aptissima

1998 1909 2250 1977 repletas.
2286 1908 2338 1960 in
2378 1924 2627 1977 aggerem
2662 1909 2897 1963 hostium
2941 1911 3228 1964 miserunt.
3258 1914 3386 1976 Quae
3431 1929 3554 1982 cum

1996 1998 2204 2051 fumum
2232 1999 2483 2051 emittere
2505 1998 2817 2067 cmpissent,
2842 2000 2962 2069 igne
2994 1999 3201 2054 scilicet
3229 2001 3341 2069 ipsa
3365 2002 3556 2071 jactio-

1995 2089 2082 2143 nis
2107 2090 2158 2142 vi
2184 2104 2435 2152 accenso,
2460 2089 2511 2143 id
2540 2090 2916 2159 perliciebant,
2942 2099 3002 2143 ut
3031 2091 3238 2145 fumum
3267 2108 3331 2145 ex
3363 2108 3555 2161 aggere

1994 2193 2281 2247 erumpere
2336 2182 2697 2248 ignoraretur.
2738 2179 2938 2234 Omnes
2980 2182 3124 2235 enim
3166 2183 3259 2249 qui
3315 2183 3432 2249 ejus
3475 2185 3551 2235 rei

1995 2269 2168 2340 ignari
2197 2278 2373 2329 erant.
2400 2284 2509 2322 non
2541 2270 2760 2325 aliunde
2801 2285 2961 2336 quam
2996 2285 3058 2323 ex
3094 2270 3297 2340 lagcnis
3330 2272 3436 2325 illis
3470 2272 3553 2325 l'u-

1994 2375 2141 2413 mum
2182 2360 2398 2428 prodire
2449 2361 2887 2429 suspicabantur.
2931 2362 3116 2415 Tertio
3164 2362 3382 2416 demum
3434 2374 3555 2431 post

1993 2451 2103 2514 die,
2136 2451 2361 2505 ﬂamma:
2390 2452 2529 2520 ignis
2558 2466 2623 2505 ex
2660 2460 2802 2505 terra
2850 2453 3183 2520 prodeuntes
3228 2468 3548 2521 apparuere.

1994 2541 2145 2595 Tune
2160 2557 2288 2594 vero
2304 2543 2482 2595 Persae
2498 2541 2588 2609 qui
2608 2558 2672 2595 ex
2693 2557 2884 2611 aggere
2902 2543 3235 2611 pugnabant,
3254 2541 3413 2612 407
3430 2559 3552 2596 sen-

1992 2640 2181 2685 serunt
2212 2648 2318 2700 quo
2370 2632 2422 2685 in
2471 2632 2787 2686 discrimine
2835 2633 2993 2700 positi
3017 2640 3219 2686 essent.
3264 2633 3331 2686 At
3376 2632 3550 2686 Chos-

1992 2736 2132 2782 roes,
2190 2721 2346 2788 quasi
2396 2720 2599 2775 divina:
2632 2709 2890 2789 potentia:
2922 2737 3038 2775 sese
3068 2736 3366 2790 opponens,
3398 2738 3551 2791 aqua:

1991 2810 2187 2863 ductus
2218 2825 2408 2864 omnes
2439 2811 2530 2879 qui
2564 2822 2713 2864 extra
2745 2812 3017 2865 civitatem
3061 2818 3234 2871 erant,
3272 2810 3325 2862 in
3361 2827 3549 2880 rogqu

1991 2902 2263 2962 derivans,
2295 2916 2419 2954 cum
2457 2901 2798 2969 restinguere
2834 2909 3058 2953 conatus
3103 2909 3206 2953 est.
3244 2900 3348 2953 Sed
3392 2917 3552 2968 rogus

1992 3007 2183 3061 aquam
2200 2993 2319 3046 vice
2349 2991 2906 3059 olei,autsulphuris,
2938 2999 3029 3043 aut
3052 2991 3277 3043 alterius
3309 2992 3552 3043 materiae

333 3103 457 3163 χρις
506 3084 572 3139 ἂν
608 3086 667 3140 τὸ
710 3087 819 3140 πᾶν
860 3087 1169 3158 κατήγαγεν
1213 3087 1391 3156 χῶμα,
1434 3087 1527 3139 καὶ
1579 3087 1759 3139 τέλεον
1794 3087 1889 3155 τὴν

1995 3099 2112 3151 qua:
2137 3083 2406 3137 ﬂammam
2439 3084 2585 3136 alere
2613 3084 2770 3146 solet,
2790 3081 3103 3144 admittens,
3147 3082 3315 3150 magis
3359 3083 3553 3150 magis—

332 3176 573 3242 ἀγέσταν
611 3168 990 3247 ἀπετέφρωσε.
1042 3177 1172 3228 Τότε
1196 3177 1241 3228 δ’
1281 3170 1375 3227 οὖν
1410 3177 1437 3227 ό
1466 3175 1713 3245 Χοσρόης
1742 3175 1887 3226 ἀπά-

333 3283 457 3328 σαις
502 3268 621 3330 ταῖς
679 3267 891 3319 ἐλπίσιν
948 3266 1286 3336 ἀπειρηκὼς,
1328 3265 1421 3318 καὶ
1458 3264 1547 3316 διὰ
1571 3264 1680 3317 τῶν
1715 3265 1889 3333 ἔργων

335 3357 610 3423 ἐγνωκὼς,
672 3358 748 3421 ὡς
808 3358 1008 3426 πολλὴν
1078 3356 1284 3426 ὤφελεν
1364 3356 1627 3427 αἰσχύνην
1654 3398 1669 3422 ,
1754 3358 1887 3409 ὑπο-

330 3448 576 3514 τοπήσας
625 3447 719 3500 τοῦ
753 3448 887 3516 πρὸς
915 3446 1070 3516 ἡμῶν
1098 3445 1530 3515 πρεσϐευομένου
1566 3447 1700 3499 Θεοῦ
1732 3464 1889 3517 περι-

332 3536 579 3601 ἐτι-εσθαι,
613 3536 705 3588 ἐπὶ
735 3536 801 3588 τὰ
857 3536 1090 3605 σφέτερα
1130 3534 1228 3604 τὴν
1265 3536 1631 3606 ἁποπόρευσιν
1662 3537 1892 3587 ἐποιεῖτο

329 3625 559 3688 ἀκλεῶς.

888 3818 1137 3871 ΚΕΦΛΛ.
1190 3818 1324 3870 KH’.

328 3908 471 3977 Περὶ
502 3908 610 3963 τοῦ
639 3908 954 3978 γεγονότος
981 3907 1051 3960 ἐν
1082 3906 1329 3975 Σεργίου
1371 3907 1542 3959 πόλει
1568 3907 1886 3975 θαύματος.

401 4016 687 4081 Λελὲξεται
719 4017 778 4071 δὲ
812 4016 907 4071 καὶ
936 4016 965 4069 ὃ
1006 4015 1146 4068 κατὰ
1175 4014 1272 4083 τὴν
1302 4015 1524 4084 Σεργίου
1551 4014 1782 4067 πολιτῶν
1810 4013 1887 4085 (.r)

326 4106 516 4157 ἄλλοτε
539 4105 643 4157 ὑπὸ
670 4105 908 4175 Χοσρόου
931 4105 1171 4173 γέγονεν,
1190 4105 1312 4156 ἐπεὶ
1337 4104 1429 4155 καὶ
1458 4102 1734 4168 ἀξιόλογόν
1755 4104 1887 4165 ἐστι,

327 4196 425 4250 καὶ
458 4196 861 4269 πρέπονὸντως
897 4197 1086 4265 μνήμῃ
1121 4197 1175 4255 ἐς
1213 4196 1299 4246 dial.
1329 4193 1721 4266 διασωζομένῃ.
1761 4195 1890 4246 Ἐπ-

329 4289 461 4358 ἑστη
489 4287 774 4358 καὶταύτῃ
805 4288 832 4338 ὁ
861 4288 1127 4357 Χοσρόης,
1156 4285 1527 4355 ἐκπολιορκεῖν
1556 4285 1723 4356 αὐτὴν
1743 4287 1891 4338 ἐπει-

1989 3189 2094 3242 que
2148 3173 2562 3237 incendebatur,
2584 3172 2938 3240 queadusque
2964 3188 3212 3241 aggerem
3240 3173 3551 3226 universum

1988 3263 2378 3330 pessumdedit,
2412 3271 2467 3315 et
2492 3263 2545 3315 in
2577 3262 2785 3316 favillas
2818 3278 2880 3316 ac
2901 3263 3118 3316 cineres
3147 3263 3374 3332 redegit.
3401 3263 3554 3315 Tunc

1993 3353 2159 3421 igitur
2225 3353 2498 3407 Chosroes
2540 3355 2782 3407 animum
2834 3353 3052 3422 penitus
3090 3353 3455 3420 despondens,
3499 3364 3554 3406 et

1988 3445 2359 3511 CXperimento
2412 3444 2531 3511 ipso
2579 3436 2891 3512 intelligens
2944 3457 3195 3511 magnum
3231 3458 3286 3495 se
3316 3442 3554 3495 dedecus

1992 3535 2261 3598 retulisse,
2287 3535 2380 3602 qui
2428 3542 2703 3601 sperasset
2744 3549 2801 3589 se
2848 3534 2959 3586 Deo
2988 3548 3149 3601 quem
3194 3547 3293 3585 nos
3325 3532 3554 3585 colimus

1990 3626 2325 3693 superiorem
2358 3625 2622 3687 futurum,
2668 3639 2795 3678 eum
2842 3624 3138 3694 ignominia
3181 3622 3234 3675 in
3275 3623 3549 3690 regionem

1990 3731 2140 3768 suam
2188 3729 2445 3769 reversus
2475 3722 2579 3768 est.
2790 3706 2797 3715 ’

2555 3828 2702 3882 CAP.
2762 3827 2994 3882 XXVIII.

2164 3916 2238 3968 De
2274 3916 2530 3969 miracqu
2558 3916 2695 3985 quod
2727 3916 2925 3985 factum
2955 3922 3029 3967 est
3059 3913 3369 3986 Sergiopoli.

2060 4024 2311 4080 Referam
2343 4043 2492 4082 nunc
2520 4027 2574 4083 id
2604 4027 2749 4096 quod
2787 4027 2854 4080 ab
2887 4027 3078 4080 eodem
3139 4024 3381 4079 Chosroe
3422 4024 3550 4077 alibi

1989 4129 2199 4186 gestum
2224 4124 2308 4170 est
2331 4117 2474 4171 circa
2503 4116 2695 4170 urbem
2727 4116 3109 4185 Sergiopolim.
3145 4115 3240 4169 Est
3267 4116 3411 4168 enim
3441 4114 3555 4167 exi-

1990 4208 2178 4271 mium,
2214 4205 2549 4275 dignumque
2574 4221 2797 4275 prorsus
2827 4205 2969 4273 quod
3006 4204 3350 4274 sempiternae
3378 4203 3554 4256 homi-

1990 4310 2120 4349 num
2149 4294 2426 4349 mcmoria:
2455 4295 2887 4349 commendetur.
2924 4294 3132 4363 Quippe
3160 4295 3432 4350 Cbosroes
3486 4296 3550 4348 ad

327 4379 577 4446 γόμενος.
620 4378 707 4440 Ὧς
731 4377 776 4429 δ’
807 4372 899 4429 οὖν
928 4376 1034 4429 τῶν
1058 4376 1253 4445 τειχῶν
1277 4377 1631 4457 ἀπεπειρᾶτο,
1664 4376 1731 4428 τὰ
1765 4377 1890 4445 περὶ

1995 4385 2135 4439 hanc
2181 4400 2402 4454 quoque
2453 4385 2646 4440 urbem
2689 4385 2936 4450 accessit,
2967 4401 3277 4455 expugnare
3305 4401 3424 4438 eam
3461 4402 3555 4439 cu—

326 4468 430 4534 τῆς
463 4465 736 4536 σωτηρίας
763 4466 862 4535 τῆς
890 4466 1097 4528 πόλεως
1147 4464 1282 4533 πρὸς
1323 4465 1596 4533 ἑκατέρων
1626 4464 1885 4518 ὲλαλεῖτο⁸

327 4556 423 4608 καὶ
456 4554 842 4623 συμϐαίνουσιν
871 4554 945 4617 ὥς
981 4571 1039 4606 τε
1074 4556 1140 4607 τὰ
1180 4555 1297 4623 ἱερὰ
1328 4554 1583 4623 κειμήλια
1613 4554 1782 4624 λύτρα
1820 4558 1885 4625 τῇ

328 4647 482 4699 πόλει
516 4645 784 4712 γενέσθαι.
825 4649 881 4699 ὲν
909 4643 990 4708 οἷς
1024 4644 1370 4714 καθειστήκει
1399 4646 1493 4697 καὶ
1525 4646 1753 4716 σταυρὸς
1781 4648 1884 4700 ὑπὸ

339 4734 713 4789 Ἰουστινιανοῦ
765 4736 874 4805 (65)
912 4735 1005 4787 καί⁵
1059 4734 1340 4802 Θεοδώρας
1387 4734 1672 4802 πεμφθείς.
1713 4737 1801 4799 Ὠς
1841 4737 1885 4789 δ’

1994 4474 2169 4542 piens.
2221 4474 2356 4528 Cum
2407 4475 2575 4545 igitur
2625 4475 2843 4530 incusso
2892 4476 3064 4528 ariete
3101 4490 3285 4529 muros
3330 4482 3554 4544 quatere

1988 4563 2099 4633 jam
2150 4564 2424 4633 cmpisset,
2463 4565 2720 4635 Oppidani
2754 4580 2878 4620 cum
2925 4581 2991 4620 eo
3034 4566 3367 4634 colloquium
3413 4566 3553 4619 inic—

1992 4661 2141 4717 runt,
2175 4655 2454 4708 servandae
2498 4655 2651 4709 urbis
2687 4670 2868 4710 causa.
2905 4654 3256 4723 Tandemque
3284 4654 3427 4708 inter
3461 4669 3554 4707 eos

1992 4744 2273 4807 convenit,
2302 4752 2361 4797 ut
2402 4760 2556 4800 sacra
2603 4745 2861 4799 Ecclesia:
2892 4758 3015 4798 vasa
3048 4759 3148 4812 pro
3179 4743 3553 4812 redemptione

1504 4850 1776 4907 VALESII
1808 4852 2363 4914 ANNOTATIUNES.

326 4943 532 5013 citatur
555 4942 612 4996 in
637 4944 869 5013 septima
890 4942 1103 5013 synodo
1129 4943 1490 5013 ogcumenica.
1542 4958 1663 5012 pag.
1698 4944 1800 4999 615
1832 4954 1889 5000 et

325 5012 627 5066 aBarlaam
683 5011 739 5066 in
788 5012 887 5065 lib.
919 5011 1118 5067 Contra
1159 5011 1395 5081 Latinos.
1451 5012 1522 5065 De
1576 5011 1677 5066 hac
1724 5030 1888 5081 porro

1986 4963 2089 5019 nec
2114 4964 2149 5019 a
2165 4949 2434 5019 Procopio
2469 4951 2524 5005 in
2557 4950 2847 5005 obsidione
2898 4950 3073 5019 urbis,
3111 4947 3428 5019 Edessena,
3456 4948 3550 5019 ⁸ιιι-

1985 5018 2091 5070 lam
2127 5017 2247 5073 ﬁeri
2277 5016 2613 5074 mentionem
2642 5020 2895 5088 imaginis
2935 5036 2965 5071 a
3017 5016 3240 5072 Christo
3275 5017 3343 5088 ad
3372 5016 3554 5088 Agba-

330 5081 703 5157 imaginepon
732 5081 1075 5157 manufacta,‘
1111 5072 1274 5157 quani
1304 5079 1560 5157 Christus
1590 5082 1667 5157 a_(_l_
1714 5072 1890 5157 Agba-
1991 5102 2111 5157 rum
2151 5072 2729 5157 regem'transmissaa.
2753 5072 2964 5142 "Solam
3002 5088 3149 5140 enim
3205 5072 3492 5157 epistolam
3522 5100 3552 5137 a

330 5148 699 5223 rum'misisse
716 5150 950 5211 dicitur,
980 5149 1113 5223 Vide
1137 5149 1469 5223 Cretserum
1512 5151 1567 5203 in
1613 5148 1785 5223 librof
1814 5152 1889 5205 De
1985 5148 2294 5211 Christoad
2318 5173 2445 5212 eum
2464 5159 2684 5212 missam
2707 5148 3551 5223 esscseribuntperThaddaaum

328 5219 648 5287 imaginibus
698 5236 802 5273 non
857 5220 1196 5286 manufactis.
1241 5217 1514 5287 Ceterum
1577 5222 1883 5273 notandum

326 5286 566 5350 est,’nec
593 5288 661 5342 ab
689 5288 932 5344 Eusebio
958 5289 1012 5345 in
1046 5287 1186 5342 lib.t
1220 5286 1466 5341 Historia
1503 5288 1884 5345 ccclesiasticw.

1985 5233 2319 5279 apostolum.

2127 5233 2147 5275 l
2308 5268 2319 5279 .

2020 5227 2474 5364 ρῗὲὂῖιιὲιῖαυρὸς
2504 5297 2623 5350 ὑπὸ
2659 5294 3114 5350 Ἰουστινιανοῦ.
3152 5297 3227 5351 De
3263 5296 3366 5348 hac
3386 5306 3553 5346 cruce

1745 5402 2122 5462 VARIORUM.

398 5490 633 5565 (αὴ-Τὴν
671 5496 912 5565 Σεργίου
946 5493 1220 5565 πολιτῶν.
1264 5493 1603 5565 Legendum
1656 5499 1888 5565 conjun-

325 5559 962 5632 οῑίιηξεργιουπολιτὼν.
997 5563 1129 5616 Vide
1151 5559 1386 5618 similem
1426 5564 1648 5632 phrasin
1687 5559 1783 5617 lib'.
1827 5581 1880 5629 ν,

325 5643 451 5700 cap.
482 5630 569 5700 [7,
600 5630 779 5700 initio.
805 5631 916 5697 (W.
939 5632 1132 5685 Lowm
1163 5633 1295 5700 )Est
1326 5630 1509 5687 autem
1546 5634 1885 5700 Sergiopolis

328 5650 451 5696 cap.
482 5650 504 5682 ι
526 5650 569 5690 ι,
603 5650 779 5689 mtuo.
805 5650 883 5697 iw
905 5673 916 5684 ,
942 5650 1132 5685 Lowm
1163 5650 1295 5700 )bSl
1326 5650 1509 5687 autem
1546 5650 1647 5687 aer
1688 5650 1882 5700 topons

328 5699 466 5765 urbs
490 5697 678 5767 Syriae,
706 5699 759 5751 in
786 5699 1145 5768 Euphratcsia
1184 5702 1485 5770 provincia,
1524 5692 1589 5755 ad
1636 5650 1882 5778 ἕιιρίιιςι-

1998 5505 2105 5552 lem
2132 5499 2393 5563 ﬂuvium;
2429 5498 2508 5552 sic
2530 5515 2559 5551 a
2592 5507 2781 5551 sancto
2807 5498 3001 5567 Sergio
3034 5497 3155 5551 eive
3186 5499 3434 5567 Romano
3476 5494 3549 5548 ibi

1994 5583 2117 5619 cum
2145 5577 2336 5621 sancto
2371 5568 2583 5621 Baccho
2610 5564 2935 5636 martyrium
2969 5582 3130 5635 passo
3181 5567 3347 5626 dicta,
3400 5564 3555 5636 Suras

1991 5636 2260 5703 proxima.
2292 5636 2639 5703 (BAUDRAND.)
2667 5632 2798 5688 Erat
2828 5636 2945 5688 haec
2969 5632 3135 5689 tertia
3186 5633 3448 5691 Chosrois
3495 5632 3552 5686 in

1990 5705 2266 5757 Romanos
2285 5705 2583 5773 expeditio,
2611 5720 2755 5757 anno
2788 5706 2910 5758 5H.
