4072 6304
256 394 393 461 2757
1074 461 1078 464 ,
1166 382 1554 448 HISTORI/E
1595 374 2190 441 ECCLESIASTlC.‘E
2231 371 2455 432 LIBER
2508 372 2599 429 IV.
3376 365 3518 429 2758

259 519 354 571 per
381 501 521 555 duos
562 506 618 554 ct
652 496 1049 568 quinquaginta
1093 508 1289 555 annos,
1338 501 1396 546 ut
1437 492 1547 561 jam
1592 488 1725 547 dixi,
1761 485 1826 541 ad
1868 484 1973 538 hoc
2046 498 2216 550 usque
2263 491 2477 549 tempus
2510 485 2753 548 grassata
2788 484 2891 539 est,
2956 484 3180 531 cunctas
3212 491 3333 546 qua:
3368 478 3522 546 prius

258 603 515 667 grassata:
560 602 682 649 sunt
738 592 858 646 lues
906 604 1279 660 supergressa.
1332 588 1466 641 Nam
1514 584 1882 640 Philostratus
1920 579 2142 649 quidem
2177 577 2430 639 miratur,
2468 574 2614 643 quod
2655 588 2752 627 sua
2796 581 2954 626 aetate
2996 573 3165 641 pestis
3204 572 3518 667 quindecim

260 665 421 744 annis
453 694 698 759 grassata
743 684 834 739 sit.
869 683 1128 753 Quaenam
1177 689 1364 735 autem
1413 679 1657 749 posthaec
1689 684 1957 731 eventura
1987 673 2115 734 sint,
2152 671 2424 725 incertum
2452 678 2557 727 est,
2617 683 2741 721 cum
2802 682 2869 721 eo
2901 665 3150 719 ferantur
3206 681 3314 734 quo
3343 666 3519 719 visum

260 783 431 837 fuerit
460 784 593 846 Deo,
626 780 719 849 qui
749 788 805 833 et
839 792 1030 832 causas
1070 760 1256 829 rerum
1288 784 1344 829 et
1385 781 1618 827 eventus
1681 767 1956 839 cognovit.
2024 766 2135 835 Ego
2168 778 2301 817 vero
2334 762 2464 816 illuc
2533 759 2678 815 unde
2709 759 2990 828 digressus
3021 772 3141 811 sum
3174 766 3440 812 revertar.
3466 762 3522 809 et

264 876 503 944 reliquas
530 888 618 927 res
647 879 826 942 gestas
854 870 1153 925 Iustiniani
1188 866 1652 923 commemorabo.

862 987 1114 1038 ΚΕΦΛΛ.
1163 984 1243 1038 Λ⁹.
1702 1023 1708 1031 .

263 1082 401 1153 Περὶ
462 1076 570 1150 τῆς
615 1078 1108 1149 φιλοχρηματίας,
1160 1075 1266 1155 3m!
1321 1072 1667 1140 ἀπληστίας
1702 1073 1843 1124 ’lou-

872 1164 945 1200 στ
955 1162 1208 1200 ινιανου.

347 1265 405 1317 Ὀ
461 1259 840 1323 Ἰουστινιανὸς
880 1250 949 1328 ἦν
982 1257 1081 1328 μὲν
1106 1256 1405 1327 χρημάτων
1427 1253 1723 1325 ἄπληστος,
1752 1253 1846 1307 καὶ

265 1358 371 1409 τῶν
401 1353 698 1424 ἀλλοτρίων
727 1350 900 1413 οὕτως
926 1348 1173 1411 ἐκτόπως
1204 1345 1458 1418 ἐραστὴς,
1511 1344 1589 1407 ὼς
1614 1344 1710 1398 καὶ
1742 1344 1846 1396 ὑπ-

265 1451 426 1520 ήκοον
461 1446 607 1500 ἅπαν
646 1441 872 1514 χρυσίου
919 1439 1252 1510 πιπράσκειν
1285 1439 1396 1499 τοῖς
1428 1452 1488 1487 τε
1536 1433 1634 1496 τὰς
1672 1430 1847 1503 ἀρχὰς

265 1538 706 1610 ἐπιτροπεύουσι,
739 1534 852 1596 τοῖς
890 1549 951 1585 τε
997 1533 1123 1594 τοὺς
1165 1529 1362 1599 φόρους
1402 1526 1706 1593 ἐκλέγουσι,
1750 1524 1846 1576 καὶ

266 1632 376 1693 τοῖς
406 1629 520 1681 ὅσοι
553 1627 649 1679 ἀπ’
676 1624 931 1693 οὐδεμιᾶς
960 1621 1138 1684 αἰτίας
1169 1621 1393 1690 ῥάπτειν
1422 1615 1713 1677 ἐπιϐουλὰς
1732 1617 1845 1676 τοῖς

270 1720 576 1791 ἀνθρώποις
605 1715 871 1769 ἐθέλουσι.
907 1713 1143 1775 Πολλοὺς
1168 1711 1226 1765 δὲ
1258 1710 1353 1764 καὶ
1376 1708 1714 1780 ἀναρίθμους
1736 1706 1845 1759 τῶν

270 1808 343 1862 τὰ
401 1806 571 1860 πολλά
619 1804 995 1874 κεκτημένων,
1048 1802 1352 1872 προφάσεις
1403 1798 1847 1869 ἀπροφασίστους

268 1899 619 1968 ιπιχρώσας.
655 1895 754 1958 τὰς
791 1894 979 1956 οὐσίας
1013 1894 1229 1955 ἁπάσας
1273 1889 1599 1961 ἐζημίωσεν.
1647 1891 1747 1943 Ἦν
1790 1890 1848 1942 δὲ

271 1993 367 2045 καὶ
413 1989 551 2059 γυνὴ
601 1985 986 2058 ἑταιριζομένη
1018 1982 1476 2053 ὲποφθαλμιῶσάν
1505 1999 1604 2053 τῳ,
1632 1981 1848 2050 ὁμιλίαν

270 2081 390 2134 τινὰ
441 2081 475 2151 ἢ
534 2079 679 2150 μίξιν
739 2076 1060 2141 ἀνέπλασεν,
1099 2074 1260 2137 εὐθὺς
1294 2074 1510 2127 ἅπαντα
1539 2072 1745 2141 φροῦδα
1781 2071 1849 2124 τὰ

271 2173 376 2223 τῶν
408 2171 590 2240 νόμων
630 2167 951 2229 καθίστατο,
996 2164 1092 2218 καὶ
1137 2164 1228 2215 τὸν
1271 2160 1646 2215 Ἰουστινιανδν
1679 2177 1849 2229 προσ-

272 2260 663 2331 εταιρισαμένη
708 2256 801 2311 τοῦ
832 2256 1034 2311 ἀτόπου
1068 2253 1318 2323 κέρδους,
1357 2252 1476 2305 ὅλον
1502 2252 1594 2304 τὸν
1622 2250 1848 2303 πλοῦτον

274 2352 381 2405 τοῦ¹
432 2348 930 2419 συκοφαντηθέντος
965 2386 980 2411 ,
1036 2347 1175 2399 οἴκοι
1231 2343 1689 2414 μετεσκευάσατο.
1739 2341 1848 2392 Καὶ

275 2445 496 2516 ἀφειδὴς
548 2443 606 2497 δὲ
648 2444 947 2514 χρημάτων
991 2439 1258 2509 ὑπῆρχεν·
1292 2435 1433 2489 ὥστε
1480 2435 1575 2488 καὶ
1623 2430 1850 2492 πολλοὺς

275 2536 468 2604 ἁγίους
494 2576 510 2601 ,
561 2533 657 2587 καὶ
704 2528 1010 2600 ἑκασταχοῦ
1044 2528 1205 2591 ναοὺς
1253 2524 1690 2597 μεγαλοπρεπεῖς
1738 2518 1850 2590 (74)

276 2610 602 2693 ἀναστῆσαι,
634 2621 830 2684 ἄλλους
873 2637 933 2674 τε
974 2620 1194 2686 εὐαγεῖς
1223 2617 1411 2678 οἴκους
1449 2615 1507 2677 ὲς
1537 2612 1852 2682 ἐπιμέλειαν

278 2716 485 2787 ἀνδρῶν
514 2732 574 2768 τε
605 2714 700 2768 καὶ⁵
731 2711 972 2782 γυναίων
1004 2710 1199 2779 ἀώρων
1251 2725 1309 2761 τε
1360 2707 1456 2760 καὶ
1490 2705 1730 2776 ἐξώρων,
1762 2701 1854 2756 καὶ

277 2811 386 2863 τῶν
420 2809 524 2861 ὐπὸ
556 2807 881 2877 νοσημάτων
911 2802 1173 2856 ποικίλων
1204 2797 1629 2868 ἐνοχλουμένων⁹
1659 2793 1856 2847 συντά-

278 2903 390 2967 ξεις
417 2917 477 2953 τε
510 2898 751 2969 μεγάλας
781 2892 1196 2963 ἀποκληρῶσαι,
1245 2889 1367 2944 ὅθεν
1407 2889 1514 2942 δέοι
1565 2884 1739 2940 ταῦτα
1768 2883 1855 2952 γί-

280 2993 487 3046 νεσθαι·
524 2990 731 3062 πρᾶξαί
759 3005 819 3041 τε
859 2988 952 3040 καὶ
980 2985 1113 3040 ἄλλα
1159 2984 1327 3054 μυρία
1355 2980 1554 3050 εὐσεϐῆ
1590 2979 1683 3032 καὶ
1722 2977 1842 3045 Θεῴ

282 3085 604 3155 ἀρέσκοντα,
636 3079 794 3151 εῐπερ
821 3077 882 3143 ἐξ
908 3076 1126 3131 οἰκείων
1156 3074 1326 3145 δρῷεν
1369 3074 1418 3126 οἱ
1455 3071 1661 3125 τούτων
1690 3069 1857 3139 ἔργά·

282 3172 394 3239 ται,
425 3175 519 3228 καὶ
544 3169 790 3240 καθαρὰς
815 3168 914 3233 τὰς
942 3165 1092 3236 σφῶν
1118 3163 1345 3233 πράξεις
1371 3161 1784 3230 καρποφοροῖεν.

875 3446 1127 3500 ΚΕΦΑΛ.
1169 3445 1295 3498 ΛΑ’.

283 3542 421 3613 Περὶ
453 3541 559 3597 τοῦ
591 3539 858 3613 genua!)
880 3536 1031 3613 νᾳοῦ
1062 3533 1169 3613 τῆς
1217 3534 1412 3613 Ἀγίας
1448 3534 1701 3602 Σοφίας,
1762 3531 1863 3584 καὶ

671 3606 787 3663 τῶν
827 3607 1026 3676 Ἁγίων
1062 3606 1455 3659 Ἀποστόλων.

362 3724 655 3791 Ἀνέστησε
702 3720 757 3773 δὲ
805 3719 900 3773 καὶ
949 3717 1092 3772 κατά
1134 3716 1234 3788 τὴν
1270 3717 1699 3781 Κωνσταντίνου,
1731 3717 1859 3769 πολ-

286 3813 409 3876 λοὺς
438 3812 535 3882 μὲν
565 3813 624 3873 ἐς
648 3808 842 3870 κάλλος
869 3805 1276 3876 ἐξησκημένους
1314 3805 1393 3876 τῷ
1422 3804 1563 3876 Θείῳ
1607 3806 1704 3859 καὶ
1745 3809 1859 3869 τοῖς

287 3904 461 3970 ἁγίοις
506 3900 727 3972 σηκούς.
774 3898 1110 3968 Ἐδομήσατο
1142 3895 1200 3948 δὲ
1236 3896 1380 3964 μέγα
1412 3913 1466 3948 τι
1499 3896 1593 3949 καὶ
1643 3896 1857 3965 ἀπαράυ

288 3995 484 4063 ϐλητον
513 3993 721 4063 χρῆμα,
755 3989 854 4059 οὐχ
894 3986 1178 4058 ἱστορηθὲν
1206 3985 1447 4049 πώποτε,
1478 3986 1570 4037 τὸν
1609 3986 1865 4055 μέγιστον

288 4084 385 4154 τῆς
420 4079 716 4152 ἐκκλησίας
753 4078 883 4149 νηὸν
907 4075 1009 4147 (a),
1047 4073 1296 4146 εὐπρεπῆ
1322 4089 1380 4125 τε
1410 4075 1503 4127 καὶ
1540 4074 1746 4144 ἔξοχον,
1771 4074 1865 4127 καλ⁸

288 4172 446 4240 λόγου
478 4170 709 4239 δύναμιν
739 4166 1085 4221 ὲκὸαίνοντα.
1113 4164 1223 4217 Καὶ
1251 4163 1588 4233 πειράσομαι
1618 4165 1672 4216 δὲ
1694 4164 1768 4228 ὡς
1800 4163 1866 4218 ἂν

288 4258 398 4326 οἷός
431 4280 490 4316 τε
537 4255 603 4325 ὦ,
648 4259 1078 4330 χωρογραφῆσαι
1107 4255 1169 4308 τὸ
1191 4255 1439 4326 τέμενος.
1470 4255 1634 4317 Θόλος
1659 4258 1806 4310 ἐστὶν
1840 4259 1868 4308 ό

290 4356 400 4409 τῶν
428 4352 744 4423 ἀνακτόρων
790 4350 943 4422 νηὸς,
974 4349 1225 4419 τέτταρσι
1274 4346 1714 4418 μετεωριζομένη
1762 4348 1869 4418 ψα-

288 4445 450 4509 λίσιν,
481 4444 537 4506 ἐς
572 4441 824 4495 τοσοῦτον
856 4438 992 4509 ὕψος
1042 4436 1406 4509 ὲπαιρομένη,
1441 4438 1515 4502 ὠς
1548 4438 1733 4509 ἔνερθε
1771 4440 1868 4510 μὲν

288 4539 401 4600 τοῖς
439 4533 747 4598 ἀτενίζουσι
791 4531 1119 4601 δυσέφικτον
1182 4526 1326 4583 εἶναι
1369 4531 1463 4584 τοῦ
1505 4532 1868 4602 ἡμισφαιρίου

289 4629 389 4700 τὴν
427 4626 884 4697 ἀποπεράτωσινο
915 4622 1120 4694 ὕπερθε
1158 4622 1213 4677 δὲ
1257 4624 1386 4688 τοὺς
1410 4625 1728 4694 γινομένους
1761 4642 1866 4696 μη-

1874 955 1924 1011 Α

2557 967 2710 1022 CAP.
2753 966 2923 1021 XXX.

2234 1060 2307 1115 De
2339 1059 2642 1130 inexplebili
2668 1061 2898 1113 avaritia
2926 1059 3239 1113 Iustiniani.

2018 1236 2145 1292 Fuit
2198 1234 2422 1306 quidem
2460 1234 2806 1290 Justinianus
2859 1235 3207 1305 inexplebilis
3258 1239 3524 1303 avaritia,

1947 1342 2003 1387 et
2043 1332 2208 1387 alieni
2246 1347 2421 1402 usque
2453 1331 2591 1386 adeo
2636 1340 2919 1399 appetens,
2959 1340 3022 1385 ut
3056 1332 3340 1387 universas
3396 1349 3526 1402 pro-

1947 1422 2159 1477 vincias
2204 1423 2421 1491 imperii
2464 1421 2697 1476 Romani
2729 1430 2952 1491 accepta
2995 1425 3229 1491 pecunia
3263 1423 3531 1478 venderet

1948 1515 2380 1586 magistratibus,
2435 1522 2492 1567 et
2538 1513 2874 1568 tributorum
2930 1514 3305 1580 exactoribus,
3362 1523 3418 1568 et
3459 1514 3529 1569 iis

1948 1607 2043 1677 qui
2071 1607 2281 1676 absque
2329 1607 2437 1660 ulla
2472 1621 2637 1663 causa
2686 1605 2916 1660 insidias
2959 1606 3280 1661 hominibus
3313 1613 3530 1661 struere

1949 1700 2146 1755 solent.
2207 1699 2406 1752 Multos
2465 1707 2749 1767 praeterea,
2797 1712 2862 1751 ac
2907 1712 3062 1766 paene
3095 1697 3529 1752 innumerabiles

1949 1793 2044 1861 qui
2085 1792 2287 1861 opibus
2316 1791 2632 1853 aﬂluebant,
2674 1789 3018 1844 concinnatis
3048 1790 3340 1845 calumniis
3380 1789 3530 1844 omni

1948 1881 2281 1950 patrimonio
2316 1880 2590 1948 spoliavit.
2629 1879 2785 1946 Quod
2813 1881 2855 1935 si
2911 1895 3033 1948 quae
3068 1880 3268 1935 mulier
3298 1895 3529 1950 corpore

1949 1979 2217 2040 quaastum
2254 1969 2479 2032 iaciens,
2514 1962 3098 2026 consuetudinem'aut
3127 1979 3377 2041 stuprum
3420 1972 3527 2025 ali-

1951 2064 2040 2117 cui
2090 2063 2228 2117 falso
2284 2064 2597 2133 objecissel,
2659 2065 2818 2119 bonis
2860 2067 2980 2136 ejus
3038 2066 3275 2131 inhians,
3345 2066 3530 2121 statim

1952 2153 2099 2223 leges
2129 2170 2318 2207 omnes
2347 2172 2410 2208 ac
2440 2155 2561 2223 jura
2590 2156 2957 2219 violabantur,
2988 2167 3042 2209 et
3070 2154 3233 2209 modo
3268 2156 3534 2211 Justinia-

1955 2259 2088 2297 num
2129 2244 2307 2313 turpis
2342 2244 2481 2297 lucri
2539 2245 2861 2314 participem
2894 2246 3202 2309 ascivisset,
3244 2247 3533 2301 universas

1952 2348 2084 2402 opes
2115 2335 2233 2403 ejus
2262 2335 2356 2403 qui
2384 2336 2655 2388 calumnia
2685 2337 2962 2404 appetitus
2995 2338 3193 2400 fuerat,
3224 2338 3277 2391 in
3307 2338 3532 2392 domum

1954 2439 2105 2478 suam
2138 2426 2521 2479 transferebat.
2556 2427 2702 2480 Idem
2751 2435 2929 2481 tamen
2962 2428 3015 2480 in
3041 2429 3401 2497 expendenda
3436 2445 3535 2499 pe-

1954 2516 2116 2569 cunia
2148 2516 2441 2569 admodum
2473 2517 2653 2587 largus
2688 2516 2792 2572 fuit
2827 2536 2839 2571 :
2875 2519 3013 2573 adeo
3047 2527 3105 2572 ut
3130 2520 3329 2574 multas
3351 2536 3536 2576 sacras

1952 2606 2099 2661 azdes
2145 2616 2201 2660 et
2261 2608 2575 2677 magnificas
2635 2610 2835 2678 passim
2894 2610 3154 2666 ecclesias
3217 2612 3533 2670 aediﬁcaret.

1954 2700 2152 2754 Multas
2177 2711 2439 2769 prmterea
2484 2702 2764 2771 religiosas
2792 2705 2985 2758 domos
3008 2704 3073 2758 ad
3094 2705 3369 2760 curandos
3390 2705 3539 2760 viros

1956 2807 2021 2846 ac
2051 2793 2330 2855 mulieres,
2372 2802 2480 2846 tam
2520 2807 2697 2856 senes,
2725 2809 2885 2862 quam
2916 2795 3196 2864 parvulos,
3230 2802 3284 2848 et
3300 2809 3395 2848 eos
3439 2792 3535 2863 qui

1956 2883 2123 2936 variis
2167 2882 2374 2936 morbis
2397 2872 2856 2937 conﬂicrabantur
2882 2925 2896 2948 ,
2930 2886 3240 2939 exstruxit:
3275 2901 3378 2941 nec
3420 2901 3537 2941 me-

1958 2973 2176 3027 diocres
2222 2973 2429 3027 reditus
2453 2974 2520 3028 ad
2555 2990 2674 3027 eam
2714 2990 2829 3028 rem
2880 2974 3188 3044 deputavit.
3245 2975 3540 3033 lnnumera

1960 3081 2179 3135 quoque
2214 3067 2317 3119 alia
2362 3066 2529 3135 gessit
2564 3059 2859 3120 admodum
2896 3067 3005 3136 pia,
3040 3068 3263 3137 Deoque
3289 3079 3536 3137 accepta,

1961 3156 2258 3236 dummodo
2286 3156 2320 3208 ii
2351 3157 2442 3225 qui
2471 3156 2585 3211 haec
2608 3166 2797 3227 agunt,
2828 3174 2893 3211 ex
2913 3158 3153 3227 propriis
3188 3158 3542 3215 facultatibus

1962 3265 2023 3302 ea
2052 3264 2224 3317 opera
2261 3250 2563 3317 periit-iant.
2601 3260 2654 3301 et
2689 3261 2844 3303 actus
2873 3265 3004 3304 suos
3042 3266 3231 3320 puros,
3281 3260 3542 3321 tanquam

1964 3338 2316 3400 sacrificium,
2343 3338 2578 3392 oﬂ‘erant
2609 3340 2739 3393 Deo.

2459 3449 2619 3521 [.11
2661 3450 2814 3505 CAP.
2855 3448 3048 3505 xxxx.

1971 3542 2045 3594 De
2080 3558 2276 3610 magna
2325 3541 2540 3595 ecclesia
2589 3539 2799 3610 Sancta’
2855 3541 3083 3610 Sophim,
3131 3550 3179 3594 et
3226 3540 3544 3596 Sanctorum
3596 3573 3600 3577 -

2546 3609 2941 3679 Apostolorum.

2038 3725 2184 3779 ldem
2232 3722 2728 3792 Constantinopoli,
2793 3739 2917 3777 cum
2980 3723 3115 3778 alias
3161 3739 3348 3779 sacras
3401 3726 3547 3780 aedes

1969 3816 2121 3869 mirae
2148 3814 2584 3884 pulchritudinis
2619 3814 2672 3867 in
2713 3814 2981 3868 honorem
3001 3815 3097 3869 Dei
3135 3829 3200 3868 ac
3229 3825 3545 3870 sanctorum

1966 3906 2275 3960 construxit
2309 3922 2321 3957 :
2354 3913 2466 3958 tum
2522 3919 2780 3975 magnum
2821 3905 2954 3959 illud
3009 3914 3065 3959 et
3114 3905 3543 3976 incomparabile

1966 4013 2127 4067 Opus,
2155 3996 2460 4067 cujusmodi
2482 3996 2691 4050 nullum
2716 4012 2954 4065 unquam
2976 3996 3145 4051 fuisse
3164 4007 3538 4053 memoratur:

1967 4084 2258 4139 maximam
2302 4084 2514 4138 scilicet
2552 4084 2846 4138 ecclesiam
2878 4083 3092 4140 Sanctae
3117 4084 3353 4155 Sophim,
3381 4086 3544 4143 deco-

1968 4190 2083 4228 ram
2119 4189 2184 4229 ac
2212 4173 2637 4242 praecellentem,
2675 4182 2731 4228 et
2777 4188 2900 4243 quae
2936 4174 3047 4228 vim
3085 4174 3304 4231 dicendi
3324 4193 3543 4233 omnem

1968 4265 2127 4335 longe
2156 4260 2396 4334 superat.
2424 4265 2559 4336 Ejus
2618 4273 2797 4319 tamen
2833 4265 3077 4335 singulas
3123 4276 3326 4337 partes,
3364 4271 3543 4339 quoad

1969 4372 2215 4427 possum,
2238 4357 2549 4413 describere
2584 4357 2845 4412 conabor.
2897 4356 3066 4413 Edes
3097 4361 3422 4425 sanctuarii,
3466 4369 3542 4415 te-

1972 4448 2136 4504 studo
2173 4458 2259 4504 est
2281 4460 2519 4519 quatuor
2545 4449 2851 4505 fornicibus
2878 4450 2931 4504 in
2953 4451 3190 4505 sublime
3225 4461 3452 4508 erecta:
3492 4453 3547 4507 in

1975 4548 2178 4594 tantam
2203 4539 2548 4595 altitudinem
2573 4541 2786 4595 sublata
2810 4582 2825 4605 ,
2856 4551 2917 4595 ut
2935 4556 2998 4595 ex
3031 4541 3294 4596 inferiore
3322 4542 3546 4612 quidem

1973 4628 2094 4683 loco
2119 4630 2472 4699 aspicientes,
2495 4629 2864 4700 hemisphaerii
2882 4631 3159 4702 fastigium
3183 4632 3401 4690 diflicile
3422 4651 3549 4705 pos-

1458 4760 1731 4817 VALESll
1767 4763 2325 4822 ANROTATIONES.

364 4886 476 4956 (747)
543 4882 654 4956 Καί
705 4881 1046 4956 ἑκασταχοῦ
1111 4879 1299 4956 ναοὺς
1353 4876 1858 4956 μεγαλοπρεπεῖς.

292 4949 570 5013 Henricus
623 4953 868 5007 Savilius
895 4950 1225 5022 particulam
1269 4951 1363 5022 καί
1411 4949 1467 5003 in
1521 4966 1622 5004 suo
1664 4951 1859 5006 codice

291 5025 582 5095 exptmxit.
617 5023 753 5078 Eam
781 5019 963 5077 tamen
982 5022 1074 5076 hic
1107 5019 1454 5076 retinendam
1480 5036 1601 5075 esse
1632 5036 1855 5085 censeo,

1968 4883 2326 4952 transpositis
2389 4891 2601 4938 tantum
2636 4883 2923 4939 vocabulis
2973 4884 3081 4938 hoc
3138 4884 3334 4939 modo:
3379 4885 3542 4940 Ὥστε

1967 4953 2560 5036 καὶ-πολλοὺςαάγίους
2601 4954 2695 5009 καὶ
2750 4956 3190 5025 μεγαλοπρεπεῖς
3242 4954 3548 5026 ἑκασταχοῦ

1966 5024 2129 5087 ναοὺς
2161 5024 2482 5096 ἀναστῆσαι.

1731 5134 2114 5194 VARIORUM.

365 5232 443 5302 (a)
484 5229 605 5302 Τῆς
632 5228 964 5302 ἐξικλῃσίᾳς
991 5225 1453 5302 νηᾴνᾶιξιετρτθε
1501 5226 1699 5302 legisse
1721 5227 1857 5302 vide

1982 5230 2128 5302 inter
2154 5231 2359 5301 prioris
2399 5230 2647 5302 ecclesiae
2698 5230 3190 5302 conﬂagrationem
3218 5270 3257 5302 ,_
3281 5238 3340 5284 et
3391 5246 3548 5302 novae

292 5296 389 5358 tur
417 5296 519 5371 τῆς
554 5296 978 5371 Ἇγίαςμξοφίοις
1004 5297 1149 5371 ναόν.
1189 5296 1387 5371 Huju_s__
1414 5296 1661 5371 ecclesia;
1693 5297 1870 5371 aedifi-

294 5373 446 5427 catio
475 5365 546 5425 ad
577 5365 708 5424 ann.
739 5367 843 5422 552
869 5366 1159 5421 referenda
1190 5365 1295 5421 est.
1324 5365 1598 5419 Nimirum
1632 5366 1687 5418 in
1716 5367 1870 5420 sedi-

297 5445 453 5521 tione
481 5441 551 5495 ab
576 5439 831 5521 Hyeptio,
860 5435 1135 5521 Pompeio
1166 5444 1223 5521 et
1248 5435 1435 5521 Probo
1467 5436 1736 5521 adversus
1776 5439 1872 5491 Ju-

291 5513 600 5575 stinianum
627 5504 735 5563 isto
765 5522 910 5561 anno
956 5506 1233 5560 concitata
1278 5505 1368 5575 (de
1390 5520 1495 5574 qua
1522 5504 1636 5559 vid.
1690 5521 1859 5575 SUpra

296 5599 352 5639 c.
426 5574 521 5651 15)
556 5575 821 5634 Ecclesia
880 5577 1056 5651 Major
1093 5574 1351 5651 incendio
1391 5575 1707 5651 absumpta
1753 5574 1858 5651 est.

295 5644 511 5709 Novam
555 5651 744 5717 itaque
790 5655 847 5701 et
900 5644 1416 5717 longcampliorem
1443 5645 1737 5717 aedificavit
1778 5646 1872 5700 ,1η-

295 5723 601 5784 stinianus,
627 5714 685 5772 et
711 5726 917 5771 sanetae
962 5714 1182 5782 Sophia:
1224 5714 1523 5780 dedicavit,
1567 5732 1714 5770 anno
1746 5717 1872 5780 557,

298 5807 494 5849 mense
522 5787 834 5852 Decembri,
853 5801 977 5841 cum
1002 5799 1096 5839 sex
1129 5784 1395 5839 fere'auni
1429 5785 1875 5845 intercessissent

1978 5300 2530 5371 dedicationem.Vid
2576 5301 2707 5371 Ant,
2740 5301 2867 5371 Pagi
2892 5300 2959 5354 ad
2992 5317 3122 5371 ann:
3161 5300 3285 5363 552,
3323 5317 3379 5355 n.
3408 5301 3459 5364 7,
3491 5312 3550 5358 et

1979 5370 2044 5425 ad
2071 5386 2202 5443 ann.
2235 5372 2360 5437 557,
2396 5388 2453 5427 n.
2500 5373 2546 5427 5.
2613 5369 3014 5443 (πηιλονετιιί)
3072 5370 3247 5443 Hujus
3301 5372 3551 5428 ecclesias

1938 5441 2225 5496 ‘nominis
2278 5443 2548 5497 rationem
2615 5440 2799 5496 reddit
2865 5441 3069 5495 Paulus
3128 5441 3401 5495 Diaconus
3448 5443 3548 5496 lib.

1966 5527 2117 5592 ξγιιι,
2154 5511 2334 5592 initio,
2362 5511 2448 5592 his
2466 5512 2682 5592 verbis:
2743 5530 2760 5562 ι
2786 5510 3085 5592 Exstruxit.
3131 5510 3556 5592 idem'princeps

1980 5580 2689 5653 intraConstantinopolim,
2740 5579 3085 5653 urbemipsi
3146 5581 3402 5653 Domino,
3456 5579 3553 5651 qui

1979 5660 2066 5705 est
2098 5648 2371 5721 Sapientia
2399 5648 2748 5717 Dei'Patris,
2800 5648 3106 5721 templum,
3168 5651 3313 5720 quod
3340 5648 3557 5721 και-οξτο

1980 5719 2482 5802 νοωϋυιαἋγίαν
2505 5722 2730 5792 Σοφίαν,
2761 5720 2816 5776 id
2851 5719 2957 5787 est,
3013 5719 3267 5776 Sanctam
3320 5720 3553 5791 Sapien-

1983 5798 2111 5843 tiam
2133 5798 2459 5846 nominavit.
