4072 6304
329 316 465 382 2761

1271 317 1654 380 I-IISTORI/E
1693 323 2283 384 ECCLESIASTICA’.
2324 323 2552 383 LIBER
2600 325 2689 384 IV.

3466 331 3605 396 2762

326 429 383 481 δὲ
417 426 618 488 πλάτος
664 423 759 479 τοῦ
815 423 1070 494 ὲμφὼτου
1097 421 1208 491 (79)
1240 424 1420 476 αὐτῶν
1451 425 1626 478 ποδῶν
1671 435 1761 481 οε¹.
1799 427 1895 481 Eia

2024 439 2214 484 centro
2234 431 2610 500 hemisphaerii
2639 446 2810 500 usque
2835 433 2900 486 ad
2930 432 3129 498 solum,
3150 435 3350 504 pedum
3379 450 3602 495 centum

326 518 383 570 δὲ
414 517 506 571 καὶ
535 515 670 586 πρὸς
700 515 962 585 δυόμενον
994 512 1144 581 ἥλιον
1179 515 1478 582 ἐκπρεπεῖς
1535 514 1722 584 ἕτεραι
1759 521 1913 570 στοαὶ

335 611 450 672 δύο,
506 609 598 662 καὶ
649 605 915 660 πάντοθεν
946 603 1224 674 ὑπαίθριοι
1273 605 1436 658 αὐλαὶ
1479 607 1538 669 ἐς
1586 606 1780 671 κάλλος
1829 608 1918 673 ἐξ-

325 701 662 770 ησκημέναι.
711 698 984 768 Εἴργαστο
1016 697 1072 750 δὲ
1107 696 1260 766 αὐτῷ
1302 698 1396 749 καὶ
1425 700 1452 751 ὁ
1475 698 1582 752 τῶν
1609 698 1914 753 θεσπεσίων

341 791 679 846 Ἀποστόλων
706 789 855 852 ναὸς,
900 789 999 842 οὐκ
1057 787 1255 841 ἐθέλων
1309 790 1482 859 ἑτέρῳ
1542 789 1612 843 τὰ
1665 793 1910 860 πρωτεῖα

326 882 559 935 διδόναισ
615 882 673 933 ὲν
718 871 763 947 ᾧ
805 879 943 930 οἵτε
977 877 1234 948 βασιλεῖς,
1279 878 1334 930 οἵ
1364 895 1424 930 τε
1459 879 1744 949 ἱερωμένοι
1771 878 1906 949 (80),

323 975 420 1042 τῆς
454 971 848 1042 νενομισμένης
901 971 1078 1040 ταφῆς
1117 969 1474 1039 τυγχάνουσι.
1508 970 1644 1040 Περὶ
1679 969 1779 1038 μὲν
1808 970 1904 1023 οὖν

321 1066 527 1118 τούτων
563 1067 659 1119 καὶ
715 1065 823 1120 τῶν
861 1065 1120 1119 τοιούτων
1177 1065 1530 1136 ἀμωσγέπως
1572 1067 1748 1118 εἰπεῖν
1795 1083 1908 1117 τοι-

322 1174 485 1211 αντα.

2017 531 2074 576 ct
2125 524 2426 592 octoginta.
2488 525 2732 577 Arcuum
2785 539 2918 578 vero
2963 526 3308 595 singulorum
3368 531 3604 587 latitudo

2015 612 2242 682 quidem
2277 625 2362 670 est
2401 614 2696 683 pedum...
2734 614 3020 683 longitudo
3046 633 3181 671 vero
3217 621 3286 673 ab
3316 631 3440 675 ortu
3471 625 3605 678 solis

2017 704 2084 758 ad
2116 720 2372 760 occasum
2409 707 2579 775 pedes
2607 706 2857 762 continet
2895 709 3169 764 ducentos
3203 720 3260 766 et
3291 717 3594 786 sexaginta.

2018 795 2276 850 Latitudo
2327 812 2460 851 vero
2511 798 2934 855 illuminationis
2984 816 3176 856 eorum
3219 804 3388 861 habet
3433 807 3604 877 pedes

2014 889 2357 958 septuaginta
2391 890 2660 959 quinque.
2718 891 2859 946 Sunt
2913 902 3180 963 praeterea
3228 896 3294 950 ad
3345 912 3600 955 occasum

2012 975 2146 1029 solis
2179 979 2426 1045 porticus
2447 978 2568 1033 duae
2599 979 2897 1035 admodum
2946 994 3214 1051 venusta',
3246 997 3303 1042 ct
3328 989 3470 1044 atria
3493 1006 3600 1044 un~

2013 1068 2180 1137 dique
2211 1070 2364 1124 mira:
2387 1071 2836 1140 pulchritudinis.
2885 1074 3235 1130 Exstructum
3289 1089 3374 1134 est
3399 1080 3471 1134 ab
3501 1097 3600 1136 eo-

2012 1159 2136 1214 dem
2165 1160 2479 1217 Justiniano
2531 1165 2794 1234 templum
2828 1165 3154 1222 Sanctorum
3187 1171 3597 1242 Apostolorum,

319 1253 466 1322 quod
514 1252 652 1305 nulli
686 1250 843 1306 alteri
875 1251 1082 1320 templo
1126 1250 1283 1306 facile
1331 1251 1598 1306 concedat
1634 1270 1647 1305 :
1696 1252 1751 1306 in
1789 1269 1900 1324 quo
1943 1254 2305 1322 imperatores
2346 1273 2410 1312 ac
2444 1260 2762 1317 sacerdotes
2807 1264 3032 1333 sepeliri
3097 1282 3215 1322 mos
3249 1279 3354 1324 est.
3422 1271 3501 1326 Ac
3530 1271 3600 1328 de

320 1347 406 1400 bis
434 1345 658 1415 quidem
693 1345 860 1400 rebus
890 1345 1007 1400 haec
1036 1344 1265 1400 omnino
1295 1343 1443 1399 dicta
1473 1344 1604 1401 sint.

919 1462 1170 1518 ΚΕΦΑΛ.
1208 1463 1332 1516 AB'.

317 1555 456 1624 Περὶ
488 1552 598 1623 τῆς
632 1555 701 1607 ἐν
747 1552 836 1632 τῷ.
880 1552 1109 1632 πίναξ-(ξ’)Δ
1141 1554 1555 1632 χρώματι-τοῦ
1594 1556 1903 1622 ,βασιλέως

687 1625 909 1694 μανίας
942 1625 1189 1693 μᾶλλον
1217 1625 1256 1693 ἢ
1291 1627 1521 1693 φιλίας.

396 1738 572 1809 ’Υπῆν
603 1737 659 1789 δὲ
688 1737 782 1790 καὶ
819 1736 1009 1807 ἕτερον
1041 1735 1152 1807 (81)
1183 1736 1264 1808 τῷ
1311 1738 1693 1810 Ἰουστινιανῷ,
1719 1742 1896 1793 πᾶσαν

2596 1467 2747 1524 CAP.
2780 1470 2998 1526 XXXII.

2009 1552 2088 1608 De
2109 1554 2403 1610 Iustiniani
2443 1558 2624 1641 [urere
2674 1561 2848 1641 potius
2882 1578 3042 1641 quam
3083 1564 3442 1622 benevolentia
3465 1585 3592 1641 erga

2434 1629 2718 1696 factionem
2746 1629 3170 1688 Venetianorum.

2076 1735 2385 1792 Fuitetiam
2439 1738 2585 1793 aliud
2617 1741 2894 1810 quidpiam
2929 1744 2982 1797 in
3009 1745 3336 1813 Justiniano,
3370 1765 3589 1806 omnem

317 1830 557 1902 θηριώδη
590 1826 819 1899 γνώμην
851 1829 1120 1892 ἐκϐαῖνον,
1143 1827 1254 1881 εἴτε
1283 1829 1340 1882 δὲ
1376 1830 1593 1900 φύσεως
1624 1833 1892 1905 ἁμαρτίᾳ,

2001 1826 2309 1882 helluarum
2360 1829 2754 1886 immanitatem
2783 1835 3079 1890 excedens.
3117 1837 3270 1903 Quod
3307 1850 3489 1896 utrum
3521 1860 3586 1900 ex

319 1924 430 1976 εἴτε
465 1921 669 1985 δειλίας
698 1938 759 1974 τε
791 1921 884 1974 καὶ
923 1920 1090 1990 φόϐου
1117 1923 1182 1988 ¹¹,
1212 1921 1311 1974 οὐκ
1342 1921 1450 1993 ἔχω
1471 1922 1672 1991 λέγειν,
1708 1926 1772 1978 ἐκ
1797 1928 1893 1996 τῆς

315 2012 599 2082 δημώδους
651 2012 893 2075 στάσεως
933 2012 1024 2065 τοῦ
1056 2011 1204 2064 Νίκα
1234 2012 1310 2082 (d)
1351 2012 1448 2084 τὴν
1491 2013 1668 2085 ἀρχὴν
1714 2015 1891 2069 ἕλκον.

326 2105 532 2157 Ἐδόκει
574 2102 684 2173 γὰρ
728 2102 942 2174 θατέρῳ
983 2103 1094 2156 τῶν
1151 2103 1336 2174 μερῶν
1359 2104 1452 2175 (e),
1478 2105 1586 2158 τῶν
1611 2107 1892 2174 Κυανέων,

313 2197 540 2266 mpii“,
576 2195 818 2266 ἀτεχνῶς
859 2195 1286 2265 προσκεκλῖσθαι
1326 2198 1384 2261 ἐς
1429 2199 1705 2263 τοσοῦτον,
1751 2203 1893 2256 ὥστε

312 2289 408 2341 καὶ
456 2287 769 2357 μιαιφονίας
817 2287 1013 2350 αὐτοὺς
1044 2290 1101 2341 ἐν
1130 2289 1270 2359 μέσῃ
1301 2289 1488 2360 ἡμέρᾳ.
1521 2291 1614 2343 καὶ
1641 2292 1699 2344 ὲν
1731 2292 1870 2363 μέσῃ

311 2385 374 2453 τῇ
406 2382 556 2436 πόλει
609 2381 938 2451 ἐργάζεσθαι
964 2381 1073 2436 τῶν
1110 2383 1448 2446 ἀπεναντίας
1479 2385 1574 2437 καὶ
1617 2384 1691 2454 μὴ
1727 2384 1892 2455 μόνον

311 2473 499 2536 ποινὰς
547 2471 623 2543 μὴ
661 2473 913 2536 δεδιέναι,
961 2473 1094 2526 ἀλλὰ
1126 2475 1222 2526 καὶ
1258 2476 1441 2544 γερῶν
1474 2474 1781 2539 ἀξιοῦσθαι,
1816 2475 1893 2538 ὡς

311 2564 542 2626 πολλοὺς
585 2562 949 2634 ἀνδροφόνους
992 2563 1244 2615 ἐντεῦθεν
1291 2563 1568 2630 γενέσθαι.
1635 2563 1794 2633 Ἐξῆν
1834 2565 1890 2618 δὲ

309 2651 515 2716 αὐτοῖς,
549 2654 642 2705 καὶ
669 2655 780 2716 τοῖς
810 2652 980 2715 οἴκοις
1010 2653 1244 2718 ἐπιέναι,
1274 2653 1367 2705 καὶ
1397 2653 1466 2706 τὰ
1495 2655 1892 2723 ὲναποκείμενα

309 2745 570 2815 κειμήλια
608 2744 916 2815 ληῖζεσθαι,
961 2745 1055 2798 καὶ
1102 2747 1214 2808 τοῖς
1247 2744 1560 2814 ἀνθρώποις
1600 2747 1700 2809 τὰς
1741 2748 1891 2815 σφῶν

307 2839 645 2908 πιπράσκειν
694 2836 993 2908 σωτηρίας.
1044 2837 1155 2890 Καὶ
1203 2837 1269 2908 ἣν
1317 2855 1403 2900 τις
1446 2838 1554 2891 τῶν
1614 2839 1890 2908 ἀρχόντων

305 2929 514 2998 εἵργειν
552 2927 844 2998 ἐπειράθη,
884 2927 1014 2998 περὶ
1056 2927 1157 2998 τὴν
1211 2925 1485 2998 σωτηρίαν
1520 2927 1693 2997 αὐτὴν
1742 2930 1890 2981 ἐκιν-

304 3018 547 3071 δύνευεν.
584 3018 748 3071 Ὅθεν
790 3017 984 3087 ἀμέλει
1028 3012 1108 3080 εἷς
1155 3035 1238 3083 τις
1293 3018 1395 3089 τὴν
1441 3016 1612 3088 Ἐῴαν
1663 3020 1886 3088 ἐπιτρο-

310 3111 491 3164 πεύων
538 3109 733 3180 ἀρχὴν,
779 3109 902 3161 ἐπεὶ
946 3109 1123 3173 ἐνίους
1159 3111 1267 3162 τῶν
1299 3109 1729 3182 νεωτεριζόντων
1762 3111 1884 3165 νεύ-

2000 1927 2211 1974 ιιοῐιιιω
2244 1919 2400 1986 vitio,
2432 1938 2502 1976 an
2523 1939 2589 1977 ex
2622 1924 2838 1994 ignavia
2870 1941 2933 1981 ac
2964 1927 3255 1985 formidine
3280 1933 3584 2001 profectum

1997 2012 2087 2077 sit,
2123 2014 2380 2083 equidem
2418 2031 2632 2086 nequeo
2681 2017 2882 2072 dicere.
2937 2019 3159 2074 Initium
3207 2036 3389 2078 autem
3435 2029 3582 2080 suni~

1996 2103 2108 2172 psit
2131 2119 2197 2158 ex
2222 2107 2474 2175 pepulari
2501 2108 2773 2164 seditione
2793 2110 2881 2163 cui
2902 2126 3202 2180 cognomen
3229 2113 3463 2170 inditum
3484 2117 3584 2173 fuit

1996 2195 2141 2249 νίκα.
2173 2196 2325 2253 Adeo
2378 2199 2524 2252 enim
2555 2200 2800 2269 impense
2853 2203 3034 2258 t‘avere
3093 2204 3245 2259 visus
3291 2218 3375 2262 est
3421 2210 3579 2264 alteri

1995 2283 2246 2350 factioni,
2289 2289 2715 2344 Venetianorum
2760 2292 2989 2356 scilicet,
3041 2303 3100 2347 ut
3134 2296 3420 2353 Venetiani
3465 2299 3581 2368 ipsa

1995 2379 2248 2445 meridie,
2291 2381 2344 2434 in
2377 2383 2557 2436 media
2609 2382 2858 2451 civitate,
2887 2385 3136 2442 adversa:
3178 2388 3433 2446 factionis
3479 2393 3581 2447 ho-

1994 2473 2172 2528 mines
2211 2474 2607 2540 interficerent,
2642 2492 2706 2531 ac
2744 2491 2854 2531 non
2905 2477 3067 2533 modo
3107 2481 3318 2536 nullum
3369 2485 3578 2554 suppli-

1993 2564 2139 2618 cium
2165 2574 2495 2632 metuerent,
2525 2584 2718 2622 verum
2737 2570 2900 2624 etiam
2927 2575 3148 2641 prtrmia
3172 2589 3581 2646 consequeren-

1996 2661 2102 2710 tur.
2159 2657 2340 2727 Atque
2390 2658 2522 2713 hinc
2569 2660 2775 2715 factum
2828 2672 2915 2718 est
2959 2674 3021 2718 ut
3057 2668 3215 2721 multi
3248 2670 3579 2731 exsisterent

1991 2746 2304 2804 homicidas.
2356 2749 2524 2805 Porro
2578 2751 2785 2810 licebat
2831 2755 2939 2810 illis
2991 2757 3154 2812 etiam
3183 2759 3238 2813 in
3276 2762 3471 2816 domos
3501 2764 3578 2818 ir-

1992 2855 2270 2908 rumpere,
2301 2850 2358 2895 et
2381 2857 2514 2911 opes
2541 2842 2594 2896 in
2629 2844 2737 2899 illis
2791 2847 3107 2904 reconditas
3159 2851 3490 2920 depraldari,
3522 2866 3578 2913 ct

1991 2930 2210 2984 miseris
2262 2931 2580 2985 hominibus
2626 2948 2780 2987 suam
2825 2935 3058 2992 salutem
3085 2941 3263 3008 pretio
3309 2944 3572 3002 vendere.

1989 3019 2142 3086 Quod
2168 3021 2211 3076 si
2231 3037 2298 3075 ex
2332 3023 2744 3093 magistratibus
2776 3025 2937 3097 413
2971 3029 3242 3098 quispiam
3281 3048 3378 3088 eos
3421 3050 3574 3091 cocr.

1990 3127 2115 3167 cere
2149 3121 2434 3182 tentasset,
2457 3115 2524 3169 de
2552 3133 2654 3171 suo
2700 3119 2873 3186 ipsius
2920 3122 3099 3191 Capite
3134 3125 3571 3193 periclitabatur.

309 3221 424 3274 ροις
467 3201 856 3271 ἐσωφρόνισεν,
901 3202 1007 3255 ἀνὰ
1052 3205 1113 3255 τδ
1168 3203 1496 3272 μεσαίτατον
1525 3207 1624 3274 τῆς
1655 3203 1884 3270 πόλεως,

2001 3205 2222 3272 Quidam
2274 3217 2424 3264 certe
2457 3199 2550 3279 qui
2606 3225 2794 3266 comes
2825 3224 2946 3269 erat
2998 3215 3262 3283 Orientis,
3305 3235 3430 3275 cum
3476 3222 3576 3276 ali-

303 3293 517 3363 νεύροις
564 3292 762 3364 ᾐκίσθη
807 3310 867 3345 τε
914 3294 1004 3346 καὶ
1055 3294 1412 3364 περιηνέχθη.
1465 3293 1785 3356 Καλλίνικος
1823 3294 1880 3346 δὲ

2001 3299 2142 3368 quot}
2163 3299 2457 3356 seditiosos
2479 3302 2662 3356 nervis
2693 3304 2828 3359 caedi
2855 3306 3133 3376 jussisset,
3165 3310 3281 3380 ipse
3312 3312 3366 3366 in
3393 3313 3571 3374 media

304 3383 414 3436 τῶν
436 3384 675 3436 Κιλίκων
709 3383 1013 3454 ἡγούμενος
1044 3385 1136 3438 δύο
1168 3385 1480 3457 ἀνδροφόνω
1514 3385 1706 3438 Κίλικε
1735 3383 1881 3452 Παῦε

2001 3390 2126 3446 urbe
2166 3392 2352 3446 nervis
2380 3407 2554 3447 caesus
2589 3409 2652 3448 ac
2675 3396 3093 3455 circumductus
3125 3411 3229 3457 est.
3275 3402 3573 3460 Callinicus

300 3474 392 3527 λον
429 3475 524 3528 καὶ
558 3477 857 3528 Φαυστῖνον
905 3475 1192 3530 ὲπελθόντε
1239 3477 1310 3540 οἱ,
1338 3476 1431 3528 καὶ
1481 3477 1880 3547 διαχρήσασθαι

2001 3490 2244 3538 iraaterea
2268 3491 2449 3539 rector
2462 3485 2688 3550 Cilicize,
2706 3498 2997 3558 propterea
3012 3492 3159 3560 quod
3173 3493 3312 3549 duos
3333 3496 3569 3552 homici-

301 3565 632 3634 βουλομένω,
666 3567 789 3619 ἐπεὶ
832 3569 954 3630 ταῖς
999 3572 1063 3620 ἐκ
1106 3568 1284 3638 νόμων
1331 3571 1546 3631 ποιναῖς
1582 3569 1877 3637 ὑπέθηκεν,

2001 3571 2074 3625 Ias
2094 3571 2314 3631 Cilicas.
2336 3571 2568 3627 Paulum
2604 3590 2668 3628 ac
2692 3574 3036 3638 Faustinum,
3066 3579 3159 3647 qui
3193 3579 3246 3634 in
3280 3579 3456 3648 ipsum
3491 3583 3569 3635 ir-

298 3656 756 3726 ἀνεσκολοπίσθη,
787 3657 978 3728 ποινὴν
1001 3659 1142 3728 ὑπὲρ
1171 3659 1340 3729 ὀρθῆς
1364 3661 1634 3723 συνέσεως
1661 3661 1881 3714 καὶτῶν

2001 3671 2204 3718 'uerant
2229 3672 2286 3717 ct
2315 3663 2626 3718 interficere
2651 3665 2831 3734 ipsum
2865 3669 3044 3722 conati
3080 3670 3402 3732 fuerant,ex
3427 3689 3568 3742 prae-

297 3746 498 3818 νόμων,
532 3749 738 3819 ταύτην
779 3747 1102 3803 καταϐαλών
1130 3749 1193 3802 ¹³.
1245 3751 1528 3806 Ἐντεῦθεν
1563 3753 1612 3804 οἱ
1649 3751 1877 3822 θατέρου

2001 3754 2186 3822 λοι-ἰριο
2211 3753 2392 3823 legum
2416 3755 2634 3824 capitali
2656 3757 2927 3827 supplicio
2945 3759 3240 3826 affecisset,
3269 3763 3321 3816 in
3343 3779 3564 3823 crucem

1574 3879 1808 3937 VARIE
1844 3879 2243 3937 LECTIONES.

1136 3997 1180 4027 ¹¹
1200 3995 1277 4066 τῷ
1307 3995 1524 4066 κυανέῳ
1559 3995 1723 4066 φημί.
1802 3996 1847 4027 ’³
1873 3994 2222 4048 καταλαϐών.

1497 4135 1768 4192 VALESII
1809 4135 2364 4193 ANNOTATIONES.

392 3999 429 4032 “
451 3998 544 4054 καὶ
581 3997 762 4068 φόϐων
793 3997 1037 4066 ἔγγονον.

364 4261 474 4331 (79)
515 4259 751 4331 "Ideo;
779 4257 1208 4331 roﬁépgcbtov.
1228 4257 1396 4331 Fide,
1461 4257 1507 4312 si
1538 4257 1742 4327 placet,
1771 4256 1871 4311 de-

295 4326 657 4400 scriptionem
690 4329 953 4400 Ecclesiae
980 4328 1194 4400 sanctae
1223 4326 1468 4400 Sophiae,
1509 4326 1674 4400 quam
1700 4337 1878 4400 nuper

300 4404 357 4458 ἣι
388 4397 570 4456 lucem
624 4400 800 4454 edidit
847 4397 1180 4453 Franciscus
1225 4397 1620 4460 Combefisius,
1678 4398 1763 4450 vir
1807 4397 1877 4450 de

294 4472 501 4527 litteris
530 4471 737 4539 optime
793 4470 1047 4539 meritus.
1086 4483 1220 4539 pag.
1273 4467 1734 4539 25L¥Describit
1776 4467 1878 4521 has

294 4537 581 4597 fenestras
631 4539 837 4594 Paulus
901 4538 1260 4592 Silentiarius
1300 4538 1355 4591 in
1405 4537 1666 4607 Erphrasi
1708 4552 1876 4606 quam

292 4627 472 4681 nuper
499 4608 678 4681 edidit
715 4607 1455 4681 virdoctissimusACarolus
1487 4607 1556 4662 de
1609 4609 1870 4672 Praxino,

292 4690 351 4737 et
375 4676 685 4748 Procopius
714 4679 767 4733 in
796 4679 894 4732 lib.
937 4695 952 4732 ι
977 4677 1051 4731 De
1079 4676 1338 4746 aediﬁciis.

367 4750 484 4822 (80)
511 4751 592 4822 κρῖ
619 4767 684 4801 τε
716 4749 1037 4822 ι-εςρωσιιένοι.
1069 4748 1219 4822 idem
1267 4748 1467 4822 scribit
1498 4748 1872 4822 _Sozomenus

295 4820 355 4876 in
379 4817 609 4874 'flnelib.
644 4835 680 4872 ιι
717 4819 965 4873 Historia:
987 4817 1373 4874 ecclesiastica.
1407 4818 1515 4873 Sed
1570 4817 1719 4889 quod
1769 4833 1874 4872 no-

293 4892 522 4946 tandum
568 4897 688 4952 est,
739 4898 937 4960 neuter
979 4904 1174 4960 eorum
1201 4929 1214 4952 ,
1274 4904 1379 4960 nec
1421 4889 1737 4960 Evagrius,
1769 4905 1875 4943 nec

297 4960 665 5021 Sozomenus,
693 4959 973 5028 episcopis
1019 4956 1656 5028 Constantinopolitanis
1691 4959 1744 5013 id
1781 4975 1876 5028 pe-

291 5032 501 5085 culiare
552 5027 744 5084 fuisse
787 5028 1008 5091 dicunt,
1053 5037 1114 5081 ut
1171 5029 1228 5083 in
1269 5027 1662 5098 Apostolorum
1727 5027 1868 5095 aede,

290 5100 755 5170 quemadmodum
783 5098 1170 5170 imperatores,
1200 5099 1593 5170 sepelirentur,
1647 5101 1747 5154 sed
1771 5115 1868 5170 ge-

290 5167 560 5224 neraliter
605 5170 913 5238 loquuntur
940 5167 1011 5240 de
1055 5167 1353 5240 episcopis.
1419 5169 1562 5224 Sane
1590 5167 1868 5240 Nicepho-

290 5256 388 5295 rus
420 5241 477 5294 in
509 5240 608 5294 lib.
630 5254 747 5304 vnt,
776 5253 898 5309 cap.
933 5239 1037 5293 ult.
1073 5239 1285 5292 diserte
1324 5246 1578 5305 testatur,
1609 5239 1743 5294 non,
1772 5255 1864 5294 so-

287 5310 374 5364 los
436 5309 1128 5379 ConstantinOpolitanos,
1191 5323 1386 5379 verum
1439 5309 1582 5364 alios
1641 5325 1864 5379 quoque

286 5381 602 5451 episcopos,
649 5380 745 5450 qui
808 5378 1102 5436 sanctitate
1155 5378 1284 5436 vitae
1318 5394 1433 5448 pra:
1480 5381 1696 5434 caeteris
1719 5379 1862 5434 emi-

1898 4655 1952 4713 D

1980 4258 2248 4321 cuissent,
2282 4256 2398 4311 illic
2423 4256 2685 4312 conditos
2712 4255 2905 4311 fuisse.
2951 4255 3109 4326 Saepe
3141 4258 3288 4311 enim
3339 4269 3566 4316 evenie-

1941 4329 2093 4400 .bat,
2144 4337 2205 4381 ut
2261 4326 2535 4400 episcopi.
2582 4328 2698 4400 vel
2741 4328 2812 4400 ab
2852 4328 3284 4400 imperatoribus
3321 4333 3562 4400 evorati,

1977 4399 2064 4453 vel
2092 4400 2168 4470 iob
2193 4397 2556 4470 necessitates
2586 4398 2995 4470 ecclesiasticas
3027 4399 3110 4470 ad
3130 4399 3323 4452 urbem
3355 4397 3560 4470 regiam

1977 4469 2252 4539 profecti,
2306 4467 2384 4539 ibi
2417 4468 2552 4539 fato
2602 4467 2990 4539 fungerentur.
3057 4467 3162 4539 Sic
3215 4467 3559 4537 temporibus

1978 4537 2255 4610 Anastasii
2310 4538 2558 4593 Alcissus
2611 4546 2668 4610 et
2714 4537 2967 4610 ’Gajanus
3000 4538 3170 4610 apud
3229 4539 3555 4610 Byzantium

1978 4607 2206 4671 mortui,
2244 4624 2464 4678 unoque
2496 4609 2756 4678 sepulcro
2803 4607 3012 4663 conditi
3078 4607 3462 4669 memorantur
3502 4613 3559 4671 in

1978 4679 2238 4735 Chronico
2256 4679 2581 4732 Marcellini.

2045 4751 2159 4816 (8|)
2205 4745 2409 4803 Εἰπεῖν
2435 4747 2504 4802 δὲ
2533 4748 2628 4803 δεῖ
2679 4749 2778 4802 καὶ
2809 4748 3036 4816 ἕτερον.
3064 4747 3126 4802 In
3173 4749 3414 4806 editione
3442 4753 3556 4808 lio-

1975 4819 2122 4874 berti
2145 4819 2417 4890 Stephani
2451 4818 2608 4873 deest
2665 4819 2900 4890 verbum
2949 4819 3048 4880 δεῖ,
3109 4821 3256 4890 quod
3293 4831 3556 4890 typogra-

1974 4887 2482 4960 pbiGenovenscs
2535 4905 2603 4943 ex
2657 4887 3191 4960 ChristOpliorsoni,
3247 4887 3560 4949 aliorumve

1973 4959 2626 5042 conjec-turanperperam
2671 4961 3109 5042 sttppleverunt.‘
3145 4959 3284 5042 Ego_
3309 4976 3443 5015 vero
3481 4979 3556 5042 ex

1972 5028 2270 5086 codicibus
2297 5030 2620 5085 Florentino
2652 5041 2710 5084 et
2737 5029 3050 5086 Telleriano
3096 5028 3244 5084 hunc
3269 5029 3452 5086 locum
3479 5034 3555 5092 ita

1975 5100 2302 5156 emendavi:
2343 5099 2517 5167 ’Υπῆν
2550 5101 2607 5152 δὲ
2641 5101 2735 5170 καὶ
2768 5100 2980 5170 ἕτερον,
3005 5109 3136 5170 εις),
3171 5115 3337 5168 quam
3360 5118 3553 5157 emen-

1975 5171 2261 5226 dationem
2303 5170 2599 5240 confirmat
2651 5169 3025 5240 Niceph’orus.
3082 5169 3189 5224 Pro
3264 5170 3352 5227 bis
3397 5173 3552 5231 enim

1939 5241 2196 5324 Ἐγκλειὶί
2253 5241 2435 5296 verbis
2469 5239 2588 5295 haec
2633 5239 2925 5296 substituit
2960 5259 2973 5294 :
3011 5241 3106 5293 Ἓν
3135 5239 3195 5292 δέ
3244 5257 3297 5294 τι
3344 5241 3556 5319 προσῆν

1973 5313 2146 5382 αὐτῷ.

1813 5498 2200 5556 γΑιιιοιιυΜ.

359 5590 452 5672 (ά).
487 5588 600 5643 Τοῦ
634 5591 808 5672 Mica.
843 5589 981 5645 Vide
1038 5605 1228 5662 supra,
1258 5607 1382 5662 cap.
1417 5593 1486 5649 15
1517 5593 1685 5665 hujus
1707 5591 1857 5648 libri.

288 5661 400 5732 (W.
432 5660 679 5732 Lowrn.)
1109 5660 1123 5662 ί
1326 5660 1341 5662 ⁷
1594 5660 1609 5665 ⁷

357 5737 431 5804 (θ)
475 5733 708 5799 autem:
741 5730 859 5784 τῶν
889 5730 1109 5800 μερῶν.
1169 5731 1480 5798 Quaternas
1533 5733 1863 5789 circensium

607 5827 880 5891 Ρλτιιοι.
927 5829 1044 5892 Gn.
1089 5827 1406 5906 LXXXVI.

1967 5593 2450 5666 aurigarumolim
2507 5593 2695 5666 fuisse
2731 5573 3024 5659 factiones.
3087 5597 3212 5666 scil.
3244 5593 3558 5666 Prasinam,

1969 5662 2258 5731 Venetam,
2290 5665 2542 5722 Albatatn
2588 5676 2645 5720 et
2670 5665 2958 5733 Rusatam,
2978 5665 3331 5722 notissimum
3353 5673 3460 5723 est.

3067 5829 3140 5896 87
