4088 6300
467 312 607 372 2763

1683 312 2003 373 EVAGRII
2045 314 2538 378 SCHOI..=\STICI

3593 319 3736 385 276i

463 427 618 472 actus
642 423 744 479 est,
770 415 873 472 has
894 430 1088 488 pmnas
1113 415 1363 471 referens
1388 415 1460 470 ob
1483 424 1633 472 recte
1681 420 1956 486 consulta,
1993 429 2050 475 et

2157 422 2359 493 μέρους
2388 423 2456 477 τά
2483 424 2660 477 οἰκεῖα
2694 424 3053 493 πεφευγότες,
3091 423 3188 480 καὶ
3212 426 3350 499 πρδς
3387 428 3622 483 οἰὸένων
3647 432 3739 483 ἀν-

464 508 534 563 ob
564 508 716 577 leges
764 517 1031 564 servatas.
1056 507 1196 563 Hine
1238 505 1447 562 factum
1494 517 1579 563 est
1619 517 1680 562 ut
1715 509 2045 576 Prasiniani,

466 597 654 654 relicta
677 598 853 669 patria
879 612 979 654 sua
1000 639 1015 665 ,
1046 613 1172 653 cum
1205 592 1249 651 ε’
1275 596 1429 653 nullo
1456 597 1775 654 mortalium
1806 598 2049 670 suscipe-

467 698 677 755 rentur,
733 688 830 744 sed
860 690 1013 744 velut
1046 688 1325 758 piaculum
1351 688 1628 758 quoddam
1683 691 2049 763 undequaque

465 782 843 853 abigerentur,
906 781 1213 836 victoribus
1274 779 1506 836 insidias
1550 790 1851 847 struerent,
1899 785 2048 854 rapi-

464 889 674 944 nasque
698 888 763 928 ac
793 872 974 928 caedes
1007 881 1396 943 perpetrarent
1429 890 1442 927 :
1474 880 1531 928 et
1559 883 1759 929 cuncta
1789 874 2048 930 immatu-

467 966 547 1020 ris
576 965 849 1020 mortibus
879 979 945 1018 ac
977 963 1411 1033 direptionibus,
1445 972 1500 1019 et
1532 963 1848 1035 hujusmodi
1878 966 2051 1022 scele-

466 1058 623 1113 ribus
653 1057 1084 1127 complerentur.
1115 1055 1400 1112 lnlerdum
1431 1065 1614 1111 tamen
1638 1056 1692 1110 in
1717 1058 2053 1113 contrariam

464 1147 798 1202 sententiam
831 1160 1047 1211 versus,
1072 1145 1407 1200 Venetiauos
1440 1145 1665 1211 occidit,
1691 1146 1873 1218 legum
1922 1148 2051 1205 vin-

464 1238 625 1293 dictae
666 1237 967 1308 subiiciens
996 1251 1126 1304 eos,
1157 1237 1359 1306 qmbus
1394 1245 1557 1294 antea
1576 1254 1731 1294 more
1760 1239 2051 1300 barbarico

464 1342 563 1396 per
590 1327 835 1398 singulas
868 1327 1039 1382 urbes
1090 1326 1377 1397 grassandi
1424 1335 1753 1397 potestatem
1798 1329 2047 1387 dederat.

2153 514 2392 584 θρώπων
2432 514 2790 589 δεξιούμενοι,
2836 518 2975 571 ἀλλὰ
3012 520 3108 574 καὶ
3147 520 3223 584 ὡς
3273 521 3431 589 ἄγιίι
3472 521 3739 576 πάντοθεν

2150 605 2530 679 ἐλαυνόμενοι,
2561 610 2675 673 τοῖς
2719 609 3096 682 ὁδοιποροῦσιν
3131 612 3455 685 ἐφήδρευον,
3496 614 3737 669 λωποδυ-

2153 698 2277 762 σίας
2324 715 2384 752 τε
2415 700 2510 754 καὶ
2552 701 2869 770 μιαιφονίας
2915 702 3307 773 ἐργαζόμενοι,
3338 705 3521 758 statim
3562 707 3738 761 πάντα

2151 790 2334 862 πλήρη
2361 790 2609 846 θανάτων
2637 792 2855 863 ἀώρων,
2881 793 3172 861 λεηλασίας
3200 812 3262 849 τε
3287 796 3511 851 καὶτῶν
3533 796 3739 852 λοιπιῖιν

2140 881 2524 960 ,ἀτοπημάτων
2551 879 2713 939 εῖναι.
2745 885 2905 939 Ἔστι
2932 885 2989 940 δὲ
3022 882 3084 943 οὗ
3120 888 3256 959 πρὸς
3278 888 3349 942 τὰ
3379 891 3604 944 ἐναντία
3636 908 3739 962 με·

2150 975 2484 1046 ταχωρήσας
2527 976 2624 1032 καὶ
2664 976 2867 1041 αὐτοὺς
2889 976 3237 1050 διεχρήσατο,
3271 982 3385 1043 τοῖς
3414 980 3607 1050 νόμοις
3642 985 3738 1035 ἐκο

2150 1062 2298 1129 δοὺς,
2343 1064 2439 1129 οὓς
2473 1066 2681 1138 ἐφῆκεν
2708 1068 2815 1124 ἀνὰ
2848 1068 2916 1122 τὰ
2942 1069 3083 1140 όιστη
3126 1071 3505 1144 ἀνοσιουργετν
3538 1072 3739 1145 βαρὸά-

2157 1171 2271 1226 ροις
2324 1155 2434 1210 ῐσα.
2471 1159 2581 1211 Καὶ
2626 1160 2696 1212 τὰ
2723 1159 2830 1230 μὲν
2862 1161 2992 1232 περὶ
3020 1162 3228 1216 τούτων
3254 1162 3612 1235 λεπτομερῶς
3650 1164 3733 1219 λέ-

2151 1262 2292 1314 γειν,
2328 1250 2580 1319 κρεῖττον
2627 1252 2726 1304 καὶ
2772 1251 2933 1320 λόγου
2982 1254 3076 1305 καὶ
3121 1253 3339 1324 χρόνου.
3398 1254 3639 1326 ’Δπόχρη
3684 1255 3742 1310 δὲ

2151 1336 2328 1393 ταῦτα
2356 1342 2737 1412 τεκμηριῶσαι
2765 1344 2863 1397 καὶ
2901 1343 2968 1397 τὰ
2998 1344 3276 1400 ἐπίλοιπα.

466 1425 667 1480 Verum
701 1420 769 1475 ad
792 1421 898 1475 ista
947 1421 1266 1491 singillatim
1330 1420 1645 1488 referenda,
1691 1438 1795 1479 nec
1837 1431 2074 1495 tempus,
2113 1444 2217 1486 nec
2242 1448 2426 1490 sermo
2473 1436 2622 1493 ullus
2674 1438 2976 1496 suﬂ‘ecerit.
3013 1437 3138 1499 Haec
3204 1449 3389 1496 tamen
3431 1455 3557 1510 qua:
3587 1453 3743 1493 com-

466 1514 763 1571 memoravi
799 1513 1079 1570 suﬂiciunt
1112 1522 1172 1570 ut
1203 1516 1521 1585 conjectura
1553 1515 1644 1571 ﬁat
1685 1516 1754 1572 de
1796 1519 2047 1591 reliquis.

1033 1627 1185 1683 CAP.
1223 1627 1468 1682 XXXIII.

858 1720 931 1774 De
962 1720 1337 1792 Barsanuphio
1380 1724 1660 1779 monac/to.

534 1834 736 1891 Iisdem
781 1833 1126 1903 temporibus
1168 1832 1276 1887 viri
1311 1833 1472 1904 plane
1513 1833 1686 1890 divini
1717 1843 1775 1890 et
1811 1836 2051 1893 admira-

465 1926 654 1981 bilium
685 1941 918 1995 operum
954 1925 1267 1991 etl‘ectores,
1299 1926 1356 1980 in
1384 1927 1555 1982 variis
1591 1927 1745 1983 orbis
1782 1935 2052 1984 terrarum

465 2017 599 2072 locis
628 2016 911 2081 vixerunt,
939 2014 1048 2070 Sed
1077 2031 1312 2085 quorum
1335 2017 1508 2088 gloria
1538 2019 1745 2089 ubique
1770 2021 2051 2090 inclaruit,

466 2109 521 2164 hi
545 2108 663 2165 fere
691 2115 841 2163 sunt.
862 2109 1298 2179 Barsanuphius,
1316 2108 1601 2182 Egyptius
1629 2127 1852 2182 genere,
1878 2114 1972 2184 qui
1996 2113 2053 2169 in

465 2217 631 2258 carne
660 2203 825 2257 vitam
876 2201 1061 2257 carnis
1096 2212 1381 2272 expertem
1424 2205 1691 2276 transegit
1720 2205 1776 2261 in
1812 2206 2052 2276 quodam

466 2293 803 2350 monasterio
822 2294 977 2363 juxta
1006 2293 1272 2363 oppidum
1303 2294 1525 2360 Gazam,
1550 2295 1691 2351 adeo
1733 2303 1797 2351 ut
1816 2297 2053 2367 plurima

471 2386 734 2441 miracula
758 2385 1183 2455 perpetraverit,
1221 2401 1345 2455 qua:
1379 2400 1671 2442 recensere
1694 2386 1911 2444 ditlieile
1928 2396 2048 2445 est:

466 2478 835 2548 credaturque
864 2477 933 2532 ab
952 2477 1207 2532 omnibus
1226 2478 1529 2534 etiamnum
1546 2479 1755 2547 vivere,
1777 2479 1832 2534 in
1854 2481 2052 2539 cellula

465 2570 714 2626 reclusus
756 2587 770 2624 :
819 2569 1073 2640 quamvis
1116 2569 1515 2642 quinquaginta
1554 2581 1611 2627 et
1646 2573 1882 2644 amplius
1919 2576 2052 2634 anni

460 2661 570 2729 jam
614 2659 954 2715 excesserint
973 2697 986 2723 ,
1025 2675 1095 2715 ex
1122 2675 1235 2730 quo
1271 2676 1377 2716 nec
1408 2662 1564 2717 visus
1594 2672 1678 2718 est
1697 2680 1728 2719 a
1750 2680 2049 2736 quoquam,

465 2766 567 2807 nec
585 2759 866 2806 terrenum
898 2750 1199 2820 quidquam
1231 2750 1563 2822 degustavit.
1588 2752 1721 2820 Quae
1748 2770 1874 2810 cum
1917 2757 2049 2813 falsa

462 2857 584 2897 csse
603 2840 856 2897 crederet
880 2842 1217 2898 Eustochius
1247 2841 1758 2915 Hierosolymorum
1795 2847 2046 2917 antistes,

463 2943 519 2989 et
540 2934 797 2990 cellulam
836 2934 892 2988 in
930 2933 1039 3004 qua
1072 2934 1158 2989 vir
1185 2934 1282 2989 Dei
1322 2950 1443 2991 sese
1475 2937 1796 3004 incluserat,
1835 2938 2053 3009 perfodi
2080 2954 2123 3014 ο

459 3026 737 3095 iussisset,
766 3025 906 3097 ignis
954 3025 1084 3080 inde
1124 3024 1387 3082 exsiliens
1436 3028 1726 3086 universos
1760 3044 2054 3102 propemo-

465 3117 598 3173 dum
626 3119 722 3189 qui
753 3117 984 3175 aderant
1014 3118 1339 3174 combussit.

940 3227 1105 3300 414
1132 3227 1287 3284 CAP.
1324 3212 1568 3284 x‘xxrv.

467 3322 543 3379 De
574 3319 836 3394 Symeone
878 3322 1153 3394 monacho,
1182 3321 1273 3394 qui
1298 3330 1512 3394 prapter
1551 3322 1819 3379 Christum
1877 3325 2054 3382 stulti-

1028 3392 1159 3445 tiam
1182 3390 1475 3446 Simulavit.

533 3504 659 3561 Fuit
684 3505 850 3561 etiam
886 3520 942 3559 in
965 3502 1356 3560 Emisenorum
1408 3503 1547 3560 urbe
1590 3505 1892 3577 Symeones
1912 3524 1933 3560 τ
1958 3507 2054 3576 qui

464 3598 647 3655 inanis
682 3598 870 3669 gloriae
922 3597 1125 3652 fastum
1158 3612 1380 3651 omnem
1413 3596 1553 3652 adeo
1597 3607 1849 3663 exuerat,
1894 3606 1955 3651 ut
1982 3597 2053 3653 ab

466 3691 741 3748 universis
763 3690 967 3761 quibus
997 3695 1118 3743 erat
1142 3687 1383 3759 ignotus,
1411 3704 1510 3759 pro
1545 3688 1696 3744 fatuo
1728 3688 2052 3754 haberetur,

464 3783 595 3839 licet
622 3781 774 3837 omni
804 3795 1009 3852 genere
1038 3779 1326 3849 sapientiae
1354 3786 1412 3833 et
1445 3777 1636 3833 divina
1667 3779 1845 3850 gratia
1873 3779 2053 3834 abun-

464 3875 642 3932 daret.
676 3875 872 3929 -Porro
926 3872 1018 3928 hic
1064 3871 1372 3943 Symeencs
1420 3887 1671 3927 seorsum
1718 3871 1789 3926 ab
1823 3871 1948 3926 aliis
1992 3881 2054 3927 ut

465 3967 762 4038 plurimum
787 3962 1044 4035 degebat,
1072 3963 1287 4017 nullum
1335 3963 1566 4017 omnino
1613 3962 1933 4018 mortalium
1979 3963 2054 4019 si-

462 4071 603 4113 nens
635 4069 976 4127 cognoscere
1017 4052 1374 4124 quandonam
1406 4059 1501 4107 aut
1529 4068 1642 4123 quo
1686 4053 1849 4109 modo
1878 4053 2051 4107 Deum

462 4159 807 4220 precaretur,
836 4162 940 4203 nee
983 4163 1094 4217 quo
1143 4156 1391 4216 tempore
1440 4145 1592 4201 domi
1623 4153 1724 4200 aut
1774 4145 2055 4218 jejunaret

463 4251 560 4298 aut
579 4241 768 4296 cibum
802 4246 1045 4310 caperet.
1070 4238 1359 4293 Interdum
1390 4238 1559 4295 etiam
1589 4238 1644 4294 in
1669 4238 1778 4294 viis
1810 4238 2053 4309 publicis

2746 1646 3004 1702 ΚΕΦΛΛ.
3031 1648 3151 1703 ΛΡ.

2381 1732 2523 1805 Περὶ
2551 1737 3020 1808 Βαρσανουφίου
3057 1739 3164 1795 τοῦ
3197 1740 3493 1810 ἀσκητοῦ.

2223 1829 2488 1899 Γεγόνασι
2520 1832 2580 1886 δὲ
2623 1835 2743 1888 κατ’
2772 1834 2954 1890 ἐκεῖνο
3000 1836 3199 1907 καιροῦ
3243 1837 3437 1910 ἄνδρες
3491 1838 3742 1911 θεοφόροι

2154 1919 2250 1973 καὶ
2281 1922 2535 1991 μεγάλων
2582 1926 2827 1996 σημείων
2866 1927 3120 1997 ἐργάται,
3170 1929 3438 2000 πολλαχοῦ
3473 1931 3578 2000 μὲν
3608 1930 3738 2001 γῆς’

2153 2001 2231 2063 ὧν
2257 2009 2313 2065 δὲ
2336 2011 2498 2079 κλέος
2541 2015 2856 2087 ἑκασταχοῦ
2893 2017 3182 2090 διέλαμψε,
3213 2021 3624 2092 Βαρσανούφιος
3646 2025 3744 2085 Αλ-

2152 2099 2381 2170 γύπτιος
2416 2103 2598 2173 γένος.
2665 2100 2835 2173 Οὗτος
2871 2110 2930 2165 ὲν
2974 2111 3141 2183 σαρκὶ
3167 2152 3182 2176 ,
3230 2112 3323 2166 τδν
3373 2113 3618 2185 ᾶσαρκον
3661 2113 3744 2168 δι-

2153 2192 2387 2264 ήθλευσε
2418 2194 2554 2266 βίον,
2586 2196 2644 2251 ἔν
2672 2216 2780 2253 τινι
2809 2202 3212 2274 φροντιστηρίῳ
3238 2203 3409 2275 ἀγχοῦ
3431 2205 3616 2275 Λάζης
3644 2206 3741 2261 τοῦ

2153 2284 2520 2357 πολίσματος’
2554 2287 2696 2344 ὥστε
2730 2291 2902 2346 πολλὰ
2939 2293 3037 2363 μὲν
3080 2295 3177 2348 καὶ
3222 2296 3447 2366 μνήμης
3491 2298 3735 2368 κρείττο-

2153 2391 2222 2430 να
2264 2375 2786 2450 θαυματουργῆσαιο
2821 2382 3180 2436 πιστεύεσθαι
3215 2382 3275 2436 δὲ
3307 2383 3403 2438 καὶ
3448 2384 3740 2455 ζῇναύτὺν

2154 2470 2214 2524 ὲν
2248 2472 2479 2544 οἰκίσκῳ
2507 2474 2932 2547 καθειργμένον,
2970 2475 3149 2530 καίτοι
3187 2492 3253 2545 γε
3283 2477 3393 2530 ἀπὸ
3428 2477 3639 2532 τούτων
3673 2477 3736 2548 (η

2154 2564 2516 2634 πεντήκοντα,
2562 2567 2658 2621 καὶ
2704 2569 2840 2640 πρός
2874 2584 2939 2637 γε
2970 2568 3178 2639 χρόνων
3220 2566 3344 2623 οὔτε
3378 2568 3610 2637 ὀφθέντα
3635 2587 3730 2641 τῳ,

2151 2651 2278 2707 οὔτε
2317 2654 2430 2708 τῶν
2470 2657 2564 2710 ιπι
2601 2658 2706 2728 γῆς
2737 2675 2885 2721 τινος
2932 2657 3311 2730 μετειληφότα.
3350 2652 3447 2722 Οἷς
3498 2660 3730 2713 δυσαπι-

2153 2743 2300 2798 στῶν
2351 2744 2645 2819 Εὐστόχιος
2677 2747 2790 2820 (82)
2820 2750 2848 2803 ὁ
2873 2749 2984 2802 τῶν
3030 2748 3422 2820 Ἱεροσολύμων
3449 2749 3730 2819 πρόεδρος,

2153 2833 2345 2905 ἐπειδὴ
2378 2834 2682 2906 διορύττειν
2720 2836 2862 2906 ἔγνω
2896 2839 2989 2893 τὸν
3031 2839 3274 2892 οἰκίσκον
3300 2830 3361 2893 οῦ
3390 2838 3679 2907 καθεῖρκτο
3702 2840 3733 2891 ό

2155 2923 2444 2995 ἄνθρωπος
2475 2926 2568 2980 τοῦ
2602 2926 2764 2994 Θεοῦ,
2791 2929 2906 3002 πῦρ
2935 2929 3160 3002 ὲκθορὸν
3193 2929 3397 3001 μικροῦ
3426 2928 3551 2994 τοὺς
3573 2929 3731 2983 αὑτό-

2158 3032 2217 3070 σε
2258 3016 2466 3082 πάντας
2498 3018 2790 3090 ἐνέπρησε.

2729 3232 2983 3285 ΚΕΦΑΛ.
3028 3233 3149 3288 AA'.

2155 3326 2295 3397 Περὶ
2342 3327 2586 3398 Συμεὼν
2632 3324 2928 3397 μοναχοῦ,
2965 3325 3071 3381 τοῦ
3103 3322 3200 3380 διὰ
3232 3325 3493 3403 Χριστὸν
3512 3324 3730 3382 σαλοῦ.

2225 3502 2420 3572 Γέγονε
2454 3501 2510 3556 δὲ
2538 3501 2634 3556 καὶ
2665 3501 2769 3557 ἀνὰ
2799 3501 2899 3573 τὴν
2940 3501 3199 3572 Ἔμισαν,
3233 3500 3531 3574 Συμεὼνης
3550 3518 3566 3535 '
3597 3503 3736 3575 ἀνὴρ

2155 3587 2312 3669 οὗτος
2342 3595 2437 3649 τὸν
2463 3594 2564 3665 τῆς
2595 3592 2903 3658 κενοδοξίας
2948 3593 3361 3665 ἀποδυσάμενος
3403 3595 3628 3666 χιτῶνα,
3661 3596 3738 3661 ὡς

2156 3686 2249 3741 καὶ
2294 3685 2612 3757 παράφορον
2665 3684 2819 3756 παρὰ
2872 3687 2988 3749 τοῖς
3024 3685 3126 3739 οὐκ
3173 3684 3342 3739 είδόσι
3381 3684 3535 3753 δόξαι
3573 3687 3739 3740 αὐτὸν

2155 3772 2315 3842 εἶναι,
2375 3776 2628 3846 καίτοιγε
2685 3777 2869 3848 πάσης
2930 3777 3124 3847 σοφίας
3170 3775 3265 3831 καὶ
3315 3776 3469 3841 θείας
3514 3776 3739 3848 χάριτος

2154 3869 2637 3941 ἐμπεπλησμένος.
2670 3865 2841 3935 Οὗτος
2880 3873 2908 3924 ό
2949 3870 3249 3940 Συμεώνης
3293 3871 3365 3925 τὰ
3402 3871 3578 3926 πολλὰ
3637 3874 3738 3942 μὲν

2154 3963 2316 4026 αὐτὸς
2343 3962 2464 4017 καθ’
2486 3964 2677 4017 ἑαυτὸν
2705 3962 2946 4035 διῃτᾶτο,
2975 3962 3154 4018 οὐδενὶ
3176 3963 3237 4017 τὸ
3254 3965 3521 4034 παράπαν
3552 3964 3739 4018 ἄδειαν

2154 4054 2390 4116 ἐνδιδοὺς
2414 4053 2639 4117 εἰδέναι,
2676 4054 2807 4108 πότε
2853 4071 2913 4107 τε
2944 4053 2977 4125 ῆ
3005 4054 3152 4116 ὅπως
3178 4054 3239 4107 τὸ
3268 4053 3426 4107 Θεῖον
3459 4054 3733 4120 ἱλάσκετο,

2157 4144 2292 4218 μηδὲ
2325 4146 2415 4199 ὅτε
2448 4146 2548 4209 τὰς
2591 4143 2816 4215 άφέξεις
2847 4144 2942 4200 καὶ
2974 4145 3224 4216 μεθέξεις
3253 4145 3375 4199 καθ’
3406 4146 3603 4200 ἑαυτὸν
3627 4146 3736 4199 τῶν

2153 4232 2371 4307 τροφῶν
2397 4236 2601 4288 ποιοῖτο
2631 4233 2717 4288 ἄν.
2755 4234 2943 4287 Ἔστιν
2979 4233 3036 4287 δὲ
3064 4227 3125 4288 οῦ
3165 4234 3257 4289 καὶ
3287 4235 3427 4290 κατὰ
3455 4235 3557 4301 τὰς
3600 4236 3736 4289 λεω-

462 4345 558 4390 aut
591 4334 648 4388 in
681 4332 805 4388 foro
823 4308 1012 4402 agens,
1063 4344 1096 4385 e
1145 4336 1290 4385 statu
1317 4329 1520 4385 mentis
1544 4308 1871 4386 deturbatus
1892 4329 2049 4385 vide-

2156 4328 2356 4400 φόρους
2383 4324 2672 4398 ἀγοράζων
2697 4325 3069 4396 ὲκτετράφθαι
3102 4326 3198 4382 τοῦ
3230 4327 3586 4392 καθεστῶτος
3617 4326 3731 4399 (83)

463 4429 644 4494 batur,
671 4440 775 4481 nec
807 4422 1114 4495 prudentiae
1139 4436 1203 4476 ac
1234 4421 1474 4478 solertia:
1509 4421 1811 4493 quidquam
1844 4436 1956 4492 pra:
1982 4436 2043 4476 se

2150 4418 2347 4481 ἐδόκει,
2379 4418 2473 4471 καὶ
2512 4416 2679 4488 μηδὲν
2708 4417 2977 4489 φρενῆρες
3011 4417 3045 4490 ἢ
3078 4417 3333 4489 ἀγχίνουν
3377 4417 3518 4484 ὅλως
3563 4419 3727 4490 ἔχειν.

1782 4553 2026 4610 νΑιιιλΕ
2066 4552 2465 4610 LECTIONES.

540 4647 588 4684 "‘
604 4649 664 4703 C.
697 4648 759 4702 ll.
794 4644 923 4717 ἄγη.
1038 4646 1116 4682 ίδ*
1137 4646 1268 4718 Leg.
1299 4645 1464 4701 ὥστε.

1666 4732 1938 4788 VALESII
1970 4732 2526 4790 ANNOTATIONES.

530 4832 662 4906 (32)?
703 4828 1102 4906 Δυσαεςιστῶν
1129 4828 1487 4906 βζνοςτρχιος.
1545 4828 1654 4906 Pro
1698 4827 2040 4906 verbo__6_uc-

482 4979 676 5031 morus
741 4974 909 5029 habet
956 4974 1278 5025 διαπιστῶν.
1341 4974 1445 5021 l’ro
1493 4974 1793 5023 Eustochio
1854 4978 2041 5024 autem

462 4995 972 5116 Ilierosolymorum
1011 5041 1274 5116 episcopo
1317 5036 1464 5116 idem
1493 5037 1843 5116 Nicephorus
1875 5037 2044 5094 habet

460 5106 823 5189 Sallustiu'm.‘
863 5106 1163 5189 Sallustius
1204 5106 1470 5189 :quidem_
1528 5106 2040 5189 Hierosolymorum

456 5186 752 5259 episcopus
801 5181 905 5238 fuit
943 5178 1271 5252 principatu
1308 5178 1582 5233 Anastasii
1639 5178 1896 5250 Augusti.
1930 5179 2043 5235 Eu-

2140 4828 2393 4884 stochius
2443 4842 2578 4899 vero
2620 4828 2727 4883 sub
2765 4826 3060 4899 exordium
3111 4827 3324 4899 imperii
3375 4830 3583 4886 Justini
3629 4830 3723 4886 Ju-

2139 4900 2349 4970 ngioris
2378 4897 2636 4970 eumdem
2662 4898 3070 4970 _episcopatum
3126 4897 3318 4970 gessit,
3368 4908 3430 4955 ut
3500 4907 3726 4956 testatur

2141 4968 2510 5038 Theophanes
2554 4968 2609 5022 in
2645 4967 2922 5023 Chronico.

2214 5036 2327 5111 (85)
2367 5038 2794 5111 ἶΕκτεζτράφθαι
2819 5038 2927 5111 τοῦ
2955 5036 3354 5111 καθεστῶτος.
3395 5038 3598 5111 Procul
3626 5039 3725 5096 du.

2139 5107 2236 5163 bio
2279 5107 2764 5165 scribendumest
2792 5108 3218 5179 καθεστηκότος,
3246 5108 3720 5179 quemadmodum

2143 5178 2343 5250 legitur
2374 5180 2520 5250 apud
2572 5179 2950 5251 Nicephorum
2982 5178 3038 5234 in
3074 5191 3198 5250 cap.
3232 5178 3305 5233 22
3332 5179 3433 5235 lib.
3464 5195 3601 5236 xvtt.

1920 5298 2309 5358 VARIORUM.

527 5398 589 5470 (f)
636 5396 1088 5479 ζΑπιξητούτων.
1139 5394 1372 5479 Scilicet
1429 5395 1692 5479 abann'o
1727 5397 1871 5479 _595“,
1920 5413 2033 5479 quo

456 5466 722 5540 Evagrius
761 5466 1049 5540 Historiam
1084 5481 1272 5540 _suam
1322 5466 1582 5521 absolvit.
1623 5467 1779 5540 Unde
1831 5466 2035 5540 Pagius

454 5535 738 5595 concludit
799 5535 1414 5607 Barsanupﬁhiuinsese
1464 5538 1803 5592 monasterio
1854 5535 2034 5592 inclu-

454 5612 593 5664 sisse
640 5609 788 5665 circa
819 5605 1194 5678 annum'i'BAO.
1229 5605 1297 5660 Et
1343 5608 1604 5678 quoniam
1646 5608 1757 5678 jam
1788 5616 1920 5662 tunc
1945 5623 2034 5662 se-

455 5694 581 5741 nex,
614 5688 671 5735 et
700 5678 897 5733 Joanni
940 5677 1059 5732 seni
1084 5692 1303 5732 comvus
1331 5677 1511 5732 dictus
1564 5677 1657 5732 est
1692 5693 1720 5732 ιι
1755 5679 2039 5732 Dorotheo

451 5748 883 5805 archimandrita
924 5747 979 5803 in
1008 5745 1354 5802 institutione
1383 5763 1456 5813 IV,
1504 5748 1592 5803 vix
1626 5748 1805 5816 potuit
1849 5749 2033 5803 virere

2141 5414 2317 5469 usque
2352 5398 2423 5454 ad
2444 5413 2652 5453 annum
2674 5411 2788 5468 quo
2810 5396 3083 5468 Evagrius
3106 5395 3401 5452 Historiam
3441 5411 3601 5453 suam
3630 5396 3727 5450 ab.

2141 5470 2339 5523 solvit:
2375 5484 2774 5523 perperamque
2798 5467 3163 5523 Nicenhorus.
3196 5468 3297 5523 lib.
3322 5483 3457 5523 xm.
3484 5483 3609 5523 can.
3638 5467 3722 5523 l7.

2139 5478 2339 5527 solvit:
2375 5484 2774 5540 perperamque
2798 5478 3163 5538 Nicephorus,
3197 5478 3297 5523 tib.
3322 5483 3457 5531 mn,
3484 5483 3609 5537 cap.
3638 5478 3722 5531 17,

2144 5538 2463 5621 Sallustium
2484 5554 2584 5620 pro
2606 5538 2908 5621 Eustochio
2939 5538 3266 5621 nominavit,
3289 5537 3726 5621 cum_§ailustius

2141 5624 2286 5665 anno
2327 5608 3345 5690 48(t‘episcopus‘Hierosolymorum
3376 5608 3586 5690 “dictus
3620 5608 3722 5690 sit.

2141 5695 2397 5751 anttoque
2416 5679 2517 5736 494
2533 5672 2742 5735 obierit
2770 5679 2918 5751 (Ant.
2946 5679 3072 5735 PAGI
3095 5672 3165 5734 ad
3212 5693 3343 5733 ann.
3372 5678 3498 5748 548,
3530 5694 3590 5733 ιι.
3616 5672 3724 5749 10).
