4114 6296
560 445 703 511 2783

1784 444 2099 506 EVAGRII
2141 442 2628 505 SCHOLASTICI

3703 443 3847 508 2785

562 560 730 617 modo
766 560 1079 617 comedisse
1104 560 1299 617 dicens
1335 576 1447 631 quo
1480 566 1603 630 post
1632 559 1945 629 passionem
1973 573 2157 615 come-

2283 558 2481 626 ιάθεσι,
2520 558 2656 628 μηδὲ
2685 557 2745 611 δὲ
2792 559 2933 629 μετὰ
2971 558 3071 630 τὴν
3105 558 3406 614 ἀνάστασιν
3439 557 3536 613 τοῦ
3573 563 3846 626 παναγῐου

566 651 674 717 dit,
710 666 838 707 cum
888 659 1302 709 sacrosanctum
1347 653 1469 723 ejus
1514 666 1718 720 corpus
1755 650 1869 721 jam
1912 650 2042 704 inde
2088 665 2156 705 ex

565 757 680 812 quo
706 742 764 796 in
795 751 954 799 utero
997 742 1297 799 formatum
1343 752 1449 806 est,
1496 742 1700 796 nullam
1737 742 2155 796 conversionem

549 843 666 897 .aut
709 836 1074 891 mutationem
1115 851 1220 891 nec
1263 836 1317 889 in
1349 834 1686 889 voluntariis
1719 843 1775 888 et
1807 833 2157 887 naturalibus

569 927 1049 998 perpessionibus,
1083 944 1188 983 nec
1210 936 1335 997 post
1362 927 1825 981 resurrectionem
1854 925 2153 995 acceperit.

2265 648 2521 720 σώματος
2550 649 2715 704 αὑτοῦ
2772 650 3104 720 δεξαμένουο
3132 647 3216 714 οἷς
3246 652 3521 704 συναινεῖν
3552 651 3681 714 τοὺς
3716 650 3851 704 ἐκα-

2264 742 2436 813 σταχῆ
2495 741 2675 812 ἱερέας
2735 741 3140 811 κατηνάγκαζε.
3203 742 3411 806 Πάντες
3472 741 3571 811 μὲν
3619 736 3717 795 οὖν
3782 743 3846 804 ἐς

2276 834 2631 887 Ἀναστὰσιον
2670 834 2762 886 τὸν
2801 835 3133 904 Ἀντιοχείας
3186 834 3490 887 ἐπίσκοπον
3521 833 3852 904 καραδοκεῖν

2264 925 2532 991 εἰπόντες,
2568 925 2667 996 τὴν
2693 925 2919 997 πρώτην
2943 929 3141 996 πεῖραν
3164 925 3608 998 ἀπεκρούσαντο.

572 1023 745 1077 Porro
774 1021 1119 1077 Justinianus
1142 1037 1336 1077 omnes
1367 1022 1575 1091 ubique
1633 1021 1924 1090 episcopos
1980 1035 2078 1089 per
2122 1019 2232 1073 vim
2272 1034 2469 1091 cogere
2512 1019 2786 1086 instituit,
2839 1030 2902 1076 ut
2949 1020 3082 1076 huic
3122 1019 3374 1090 opinioni
3421 1018 3848 1073 assentirentur.

574 1115 679 1171 Sed
707 1130 831 1169 cum
854 1113 1102 1168 universi
1127 1114 1454 1168 sententiam
1477 1112 1749 1169 Anastasii
1764 1110 2157 1166 Antiochensis
2196 1111 2446 1182 episcopi
2483 1121 2806 1183 exspectare
2861 1128 2921 1167 se
2983 1112 3422 1182 respondissent,
3461 1111 3704 1180 primum
3746 1109 3843 1164 im-

573 1203 842 1273 peratoris
870 1202 1136 1271 impetum
1164 1200 1542 1255 declinarunt.

1215 1314 1370 1369 CAP.
1415 1314 1531 1368 XL.

806 1404 883 1458 De
907 1404 1194 1459 Anastasio
1222 1406 1617 1475 archiepiscopo
1643 1403 1953 1458 Antiochiw.

646 1519 822 1573 Porro
856 1518 960 1573 iste
985 1517 1312 1572 Anastasius
1335 1518 1422 1571 vir
1452 1518 1552 1571 fuit
1586 1525 1702 1571 tum
1731 1517 1787 1570 in
1818 1516 2023 1571 divinis
2047 1515 2168 1571 Lit-

581 1609 715 1665 teris
757 1608 1056 1663 admodum
1099 1608 1376 1667 eruditus.
1409 1618 1525 1662 tum
1564 1607 1620 1661 in
1646 1607 1896 1662 moribus
1915 1614 1973 1662 et
1996 1607 2054 1662 in
2076 1608 2164 1662 vi-

579 1701 746 1757 vendi
784 1701 999 1755 ratione
1025 1700 1481 1756 accuratissimus
1528 1717 1542 1752 :
1591 1697 1731 1752 adeo
1768 1708 1828 1753 ut
1866 1713 1961 1753 res
1995 1699 2161 1753 etiam

2872 1311 3124 1365 ΚΕΦΔΛ.
3166 1312 3255 1367 Μ’.

2305 1400 2448 1469 Περὶ
2495 1402 2898 1457 Ἀναστασίου
2922 1404 3406 1472 ἁρχιεπισκόπου
3445 1406 3826 1476 Ἀντιοχείας.

2343 1509 2453 1567 Ἦν
2481 1513 2537 1567 δὲ
2567 1513 2596 1567 ὁ
2639 1514 3011 1579 Ἀναστάσιος,
3061 1515 3132 1570 τὰ
3181 1516 3281 1586 μὲν
3324 1517 3446 1570 θεῖα
3500 1517 3562 1580 ές
3622 1519 3693 1573 τὰ
3754 1520 3864 1589 μά-

2269 1605 2426 1660 λιστα
2453 1605 2660 1674 λόγιος·
2690 1605 2927 1677 ἀκριϐὴς
2952 1606 3010 1660 δὲ
3042 1606 3169 1670 τοὺς
3194 1608 3430 1677 τρόπους
3452 1608 3548 1662 καὶ
3585 1610 3683 1680 τὴν
3714 1611 3864 1664 δίαι-

2266 1714 2368 1751 ταν
2390 1715 2404 1729 ·
2442 1696 2519 1760 ὠς
2552 1697 2649 1751 καὶ
2675 1698 2791 1760 τοῖς
2834 1696 2958 1752 λίαν
2993 1697 3169 1767 ψιλοῖς
3209 1699 3591 1769 ἐπισκήπτειν,
3619 1699 3715 1753 καὶ
3750 1718 3867 1771 μη-

582 1794 891 1848 levissimas
922 1792 1273 1856 observaret,
1303 1806 1409 1846 nec
1438 1806 1467 1845 a
1491 1789 1800 1845 constantia
1823 1800 1878 1846 et
1901 1790 2161 1846 ﬁrmitate

2283 1788 2440 1859 ἰαμοῦ
2490 1788 2586 1842 τοῦ
2628 1789 2930 1852 εὐσταθοῦς
2958 1791 3054 1844 καὶ
3086 1788 3308 1859 βεϐαίου
3347 1790 3690 1860 παρεξιέναι,
3723 1794 3865 1862 μήτι

584 1900 827 1954 unquam
857 1884 1197 1949 deﬂecteret,
1232 1883 1438 1938 nedum
1472 1882 1529 1936 in
1570 1883 1753 1952 magni
1777 1884 2041 1938 momenti
2075 1898 2168 1938 re-

584 1974 713 2038 bus,
740 1985 798 2028 et
826 1991 948 2044 quae
970 1974 1040 2029 ad
1066 1975 1237 2029 Deum
1264 1982 1598 2043 spectarent.
1626 1972 1807 2027 Mores
1830 1981 2015 2028 autem
2039 1990 2171 2030 suos

585 2068 662 2119 ita
705 2074 1134 2135 temperaverat,
1174 2076 1235 2119 ut
1270 2081 1450 2135 neque
1496 2064 1737 2119 adeundi
1770 2074 1826 2119 et
1851 2064 2170 2135 alloquendi

586 2158 768 2227 ipsum
795 2156 1034 2212 facilitas
1070 2157 1380 2226 expositum
1415 2155 1571 2210 illum
1598 2156 1852 2212 redderet
1874 2157 1944 2212 iis
1969 2157 2174 2228 quibus

587 2250 818 2305 minime
874 2251 1166 2319 oportebat
1214 2268 1229 2303 :
1262 2264 1367 2303 nec
1412 2249 1685 2305 severitas
1722 2258 1779 2305 et
1816 2250 2174 2306 inclementia

588 2338 932 2393 inaccessum
965 2354 1094 2395 cum
1122 2348 1412 2410 praestaret
1434 2340 1548 2411 juri
1576 2350 1741 2410 atque
1770 2341 1994 2395 rationi.
2021 2341 2091 2395 Et
2112 2341 2173 2397 in

587 2431 752 2485 seriis
776 2431 999 2500 quidem
1023 2431 1338 2501 colloquiis,
1362 2447 1527 2487 aures
1553 2433 1604 2487 ei
1637 2440 1887 2502 patentes
1910 2443 1969 2488 et
1987 2433 2174 2505 lingua

587 2520 869 2590 proﬂuens
895 2529 1015 2576 erat
1042 2538 1056 2575 :
1092 2530 1149 2576 et
1172 2522 1508 2592 quaestiones
1536 2522 1850 2592 propositas
1868 2522 2176 2593 prudenter

588 2620 647 2667 et
678 2622 875 2683 argute
898 2614 1261 2670 dissolvebat.
1291 2614 1352 2668 In
1386 2615 1739 2669 sermonibus
1767 2622 1952 2669 autem
1976 2615 2178 2685 ineptis

590 2718 656 2756 ac
694 2703 1008 2772 superﬂuis,
1040 2720 1206 2760 aures
1237 2705 1463 2774 quidem
1496 2705 1717 2776 penitus
1742 2707 1990 2762 occlusas
2010 2707 2180 2763 babe-

593 2796 707 2857 bat,
740 2797 984 2867 linguam
1028 2813 1163 2852 vero
1194 2798 1350 2867 quasi
1387 2793 1545 2853 freno
1571 2799 1813 2868 quodam
1846 2800 2177 2869 comprime-

594 2886 725 2941 bat:
779 2887 855 2943 ita
906 2899 967 2943 ut
1019 2888 1330 2944 orationem
1377 2889 1518 2944 ratio
1563 2889 1727 2961 5.23
1779 2890 2088 2956 metiretur,
2122 2900 2180 2946 et

595 2978 883 3032 silentium
936 2980 1087 3034 omni
1138 2980 1390 3035 oratione
1424 2982 1779 3051 prastantius
1820 2990 1987 3038 esset.
2022 2982 2181 3038 Hunc

598 3071 798 3141 igitur,
859 3080 1124 3142 tanquam
1178 3073 1659 3145 inexpugnabilem
1713 3090 1971 3140 murum,
2026 3074 2179 3129 omni

2271 1897 2335 1948 γε
2360 1880 2424 1951 δὴ
2449 1880 2554 1933 τῶν
2582 1879 2812 1950 καιρίων
2829 1898 2843 1910 ο
2873 1881 2968 1933 καὶ
2992 1881 3051 1943 ἐς
3074 1879 3205 1933 αὐτὸ
3230 1881 3293 1932 τὸ
3322 1880 3478 1933 Θεῖον
3503 1881 3861 1952 ἀναφερομέ-

2271 1989 2398 2025 νων.
2431 1971 2586 2024 Οὕτω
2609 1971 2666 2024 δὲ
2686 1970 2747 2024 τὺ
2776 1967 2910 2043 ἦθος
2940 1972 3231 2043 ἐκέκρατο,
3250 1973 3326 2035 ὡς
3347 1973 3480 2043 μηδέ
3513 1974 3594 2044 τῷ
3619 1976 3863 2045 εὐπροσ-

2272 2063 2378 2134 όδῳ
2429 2081 2487 2117 τε
2535 2065 2631 2118 καὶ
2677 2066 3013 2137 εὒεντεύκτῳ
3037 2106 3053 2131 ,
3099 2066 3441 2121 εὐεπίϐατων
3472 2071 3584 2130 τοῖς
3619 2069 3695 2138 μὴ
3722 2068 3863 2122 καθ-

2273 2157 2498 2226 ήκουσιν
2534 2150 2697 2222 εἶναι,
2743 2157 2877 2229 μηδὲ
2902 2158 2982 2229 τῷ
3005 2159 3264 2230 αὐστηρῷ
3288 2175 3348 2212 τε
3381 2160 3476 2213 καὶ
3506 2160 3716 2228 ἀφειδεῖ
3732 2162 3868 2215 δυσ-

2275 2248 2533 2319 πρόσιτον
2596 2251 2654 2311 ὲς
2705 2248 2773 2302 τά
2822 2249 3007 2303 δέοντα
3058 2249 3409 2305 καθεστάναι.
3469 2253 3558 2304 Ἐν
3611 2252 3712 2322 μὲν
3768 2253 3872 2313 οὖν

2277 2341 2393 2403 τοῖς
2448 2340 2784 2407 σπουδαίοις,
2812 2340 3032 2411 ἕτοιμος
3085 2337 3154 2412 ἦν
3182 2342 3252 2394 τὰ
3278 2341 3414 2405 ὦτα,
3435 2344 3530 2396 καὶ
3556 2346 3656 2415 τὴν
3685 2345 3871 2413 γλῶσ-

2279 2447 2380 2486 σαν
2417 2430 2632 2502 εὔρους,
2659 2431 2964 2494 εὐθυϐόλως
2993 2430 3092 2494 τάς
3118 2431 3345 2495 πύστεις
3370 2432 3623 2486 διαλύων.
3672 2434 3767 2487 Ἐν
3808 2436 3870 2490 δὲ

2276 2525 2389 2587 τοῖς
2435 2524 2757 2595 παρέργοις,
2790 2522 2858 2575 τὰ
2915 2522 3014 2593 μὲν
3045 2517 3158 2575 ὦτα
3186 2522 3373 2577 τέλεον
3421 2525 3828 2580 ἀποκέκλειστο
3850 2543 3867 2558 ·

2277 2614 2378 2685 τὴν
2406 2615 2465 2668 δὲ
2492 2614 2746 2684 γλῶσσαν
2772 2615 2990 2686 χαλινὸς
3018 2616 3258 2686 ὲπεῖχεν,
3308 2615 3385 2681 ὡς
3439 2618 3532 2671 καὶ
3562 2619 3654 2672 τὸν
3677 2619 3869 2685 λόγον,

2277 2708 2421 2776 λόγῳ
2459 2706 2841 2778 ρυθμίζεσθαι,
2877 2707 2974 2760 καὶ
3020 2706 3118 2778 τὴν
3149 2707 3361 2778 σιωπὴν
3387 2708 3670 2777 κρείττονα
3699 2709 3873 2779 λόγου

2280 2799 2631 2853 καθεστάναι.
2667 2798 2854 2869 Τούτῳ
2886 2798 3075 2870 ὥσπερ
3128 2801 3235 2853 τινὶ⁸
3280 2800 3573 2872 δυσαλὼτῳ
3606 2802 3808 2874 πύργῳ
3846 2806 3877 2857 ό

2295 2887 2671 2952 ’Ῑουστινιανὸς
2700 2887 3030 2959 προσϐάλλει
3056 2889 3316 2953 παντοίας
3360 2891 3610 2961 μηχανὰς
3637 2895 3879 2964 ἐπιστή-

2284 2995 2403 3042 σας,
2437 2978 2635 3032 ὲννοῶν
2681 2979 2756 3042 ὡς
2809 2978 2857 3031 εί
2912 2978 3104 3032 τοῦτον
3155 2982 3505 3034 κατασείσειε
3532 2982 3670 3053 (Li),
3702 2984 3877 3049 πόνος

2283 3070 2457 3133 οὐδεὶς
2503 3069 2811 3140 λελείψεται
2850 3070 2951 3140 τὴν
2991 3071 3146 3124 πόλιν
3186 3073 3348 3138 ἑλεῖν,
3381 3074 3777 3145 ἀνδραποδίσαι
3813 3094 3875 3130 τε

599 3165 981 3219 machinarum
1023 3181 1223 3236 genere
1254 3182 1572 3237 oppugnare
1615 3168 1843 3223 adortus
1887 3177 1974 3224 est
2013 3169 2178 3223 Justi-

2283 3162 2353 3215 τὰ
2390 3160 2526 3232 ὀρθὰ
2572 3160 2681 3213 τῶν
2721 3160 3030 3230 δογμάτων,
3073 3162 3167 3215 καὶ
3216 3164 3544 3233 αἰχμάλωτα
3582 3166 3773 3218 λαϐεῖν
3803 3168 3878 3220 τὰ

599 3257 800 3311 nianus
832 3274 845 3310 :
894 3258 950 3313 id
980 3258 1195 3313 scilicet
1220 3274 1406 3313 secum
1439 3259 1556 3329 ipse
1595 3260 1865 3330 cogitans,
1896 3276 1975 3326 se,
2005 3263 2049 3315 si
2077 3263 2183 3317 hoc

601 3349 1077 3418 pr0pugnaculum
1117 3349 1450 3415 subruisset,
1504 3348 1696 3402 urbem
1741 3350 1987 3418 posthaec
2029 3352 2183 3406 nullo

600 3442 824 3510 negotio
869 3450 1160 3510 capturum
1213 3455 1335 3497 esse
1361 3481 1375 3505 ,
1423 3446 1481 3494 et
1523 3448 1687 3495 rectae
1715 3441 1841 3495 ﬁdei
1870 3442 2183 3496 doctrinam

599 3528 657 3582 in
697 3529 1023 3583 servitutem
1071 3529 1462 3595 redacturum;
1520 3528 1762 3600 denique
1810 3546 1942 3586 oves
1978 3531 2185 3588 Christi

601 3621 846 3690 captivas
875 3621 1245 3676 abducturum
1283 3636 1425 3677 esse.
1473 3622 1793 3679 Anastasius
1819 3640 1950 3679 vero
1994 3624 2184 3679 divina

603 3713 840 3783 quadam
868 3714 1036 3768 animi
1066 3713 1415 3780 celsitudine,
1446 3715 1582 3769 adeo
1608 3731 1774 3785 supra
1794 3715 2184 3786 imperatorem

576 3821 725 3860 ~scse
745 3806 965 3870 extulit,
992 3806 1195 3876 quippe
1223 3806 1316 3875 qui
1339 3806 1600 3861 fundatus
1621 3816 1769 3862 esset
1787 3822 1952 3877 supra
1973 3807 2184 3862 ﬁrmam

605 3905 842 3964 petram,
879 3902 960 3959 ut,
988 3896 1150 3949 missa
1183 3896 1249 3949 ad
1283 3896 1655 3952 Justinianum
1687 3898 1974 3962 relatione,
2004 3900 2186 3968 palam

601 3986 653 4041 ei
697 3985 1121 4053 contradixcrit,
1151 3996 1206 4041 et
1244 3986 1689 4043 manifestissime
1717 3989 1879 4043 simul
1910 4004 1975 4044 ac
2013 3990 2190 4045 discr-

607 4079 820 4134 tissime
855 4078 911 4133 in
942 4078 1134 4134 eadem
1166 4079 1434 4134 relatione
1462 4079 1515 4134 ei
1542 4079 2026 4147 demonstraverit,
2060 4098 2186 4137 cor-

607 4186 710 4239 pus
754 4170 969 4224 Dcmini
1015 4172 1070 4226 in
1118 4171 1571 4240 perpessionibus
1611 4172 1961 4227 naturalibus
1988 4183 2045 4228 et
2069 4188 2191 4242 qua:

607 4264 664 4317 in
718 4263 1213 4334 reprehensionem
1262 4280 1373 4318 non
1420 4264 1655 4329 cadunt,
1706 4265 2048 4334 corruptioni
2091 4266 2192 4320 ob-

607 4353 836 4407 noxium
886 4352 1079 4429 fuisse,
1118 4361 1285 4422 atque
1323 4355 1399 4408 ita
1428 4353 1646 4407 divinos
1675 4354 1954 4422 apostolos
1980 4362 2037 4408 et
2062 4370 2188 4409 san-

606 4452 728 4499 ctos
756 4444 953 4499 Patres
983 4442 1250 4508 sensisse,
1278 4459 1341 4499 ac
1364 4444 1606 4514 posteris
1639 4444 1954 4500 tradidisse.
1981 4445 2188 4500 Eadem

607 4552 829 4605 quoque
857 4536 1146 4606 rescripsit
1177 4537 1243 4591 ad
1274 4539 1575 4593 monachos
1601 4537 1793 4608 primae
1821 4553 1887 4592 ac
1929 4539 2191 4594 secunda:

610 4628 801 4699 Syriae,
851 4629 947 4699 qui
983 4628 1164 4698 ipsum
1209 4629 1642 4684 consuluerant:
1695 4638 2022 4684 cunctorum
2069 4630 2192 4685 ani-

609 4736 729 4775 mos
756 4723 1112 4789 conﬁrmans,
1156 4732 1213 4778 et
1238 4723 1304 4778 ad
1330 4722 1680 4778 subeundum
1726 4731 2009 4779 certamen
2054 4740 2195 4794 prte-

611 4829 829 4884 parans,
864 4825 921 4871 et
949 4817 1201 4886 quotidie
1235 4818 1291 4871 in
1319 4816 1568 4871 Ecclesia
1613 4816 1854 4871 recitans
1896 4817 2065 4872 verba
2104 4817 2195 4877 illa

2285 3252 2536 3323 πρόϐατα
2567 3251 2662 3305 τοῦ
2697 3253 2959 3323 Χριστοῦ.
2991 3254 3050 3307 '0
3071 3255 3149 3317 δὲ,
3180 3257 3261 3319 είς
3286 3257 3543 3312 τοσοῦτον
3577 3259 3873 3329 ὑπερήρθη

2282 3343 2361 3413 τῷ
2392 3344 2524 3415 θείῳ
2554 3345 2866 3415 φρονήματι
2915 3346 2934 3416 (
2964 3346 3054 3398 ἐπὶ
3085 3345 3183 3418 τὴν
3205 3348 3480 3419 ἄρρηκτον
3503 3349 3613 3419 γὰρ
3651 3349 3870 3423 πέτραν

2284 3437 2528 3505 εἱστήκει
2555 3437 2656 3506 τῆς
2680 3435 2956 3505 πίστεως),
2987 3439 3063 3501 ὡς
3096 3439 3192 3491 καὶ
3233 3440 3592 3511 ’1ουστινιανῷ
3624 3442 3872 3511 ἀναφαν-

2286 3528 2375 3581 δὸν
2412 3528 2689 3581 ἀντειπεῖν
2717 3527 2785 3580 δι’
2824 3530 3031 3592 οἰκείας
3085 3528 3388 3600 μηνύσεως,
3451 3531 3547 3584 καὶ
3588 3532 3872 3597 ἀποδεῖξαι

2289 3618 2435 3688 μάλα
2476 3618 2663 3687 σαφῶς
2710 3618 2805 3671 καὶ
2845 3618 3042 3687 λογίως
3078 3619 3146 3672 δι’
3179 3620 3373 3690 αὐτῆς,
3418 3621 3496 3684 ὡς
3539 3622 3784 3693 φθαρτὸν
3813 3624 3870 3680 τὸ

2290 3709 2450 3778 σῶμα
2479 3708 2575 3762 τοῦ
2607 3710 2811 3781 Κυρίου
2844 3710 2901 3763 ἐν
2930 3712 3043 3773 τοῖς
3086 3714 3334 3780 φυσικοῖς
3373 3712 3470 3765 καὶ
3518 3713 3869 3784 ἁδιαϐλήτοις

2289 3800 2537 3867 πάθεσιν,
2581 3802 2719 3855 οἵτε
2764 3800 3041 3854 θεσπέσιοι
3075 3800 3384 3868 ἀπόστολοι,
3425 3803 3482 3856 οἵ
3515 3819 3575 3856 τε
3623 3803 3875 3874 θεοφόροι

2289 3892 2489 3964 ᾔδεα-ἀν
2511 3891 2586 3965 (q)
2617 3910 2678 3946 τε
2709 3893 2807 3947 καὶ
2847 3892 3154 3964 παρέδοσαν
3189 3894 3453 3964 Πατέρες.
3486 3895 3673 3948 Ταῦτα
3693 3896 3752 3949 δὲ
3774 3896 3872 3950 καὶ

2290 3986 2429 4057 πρὸς
2460 3985 2521 4038 τὸ
2557 3985 2846 4056 μοναδικδν
2877 3984 3102 4058 πρώτης
3142 4002 3200 4038 τε
3250 3988 3344 4039 καὶ
3375 3985 3635 4057 δευτέρας
3675 3987 3874 4056 Συρίας

2290 4077 2618 4147 πυθόμενον,
2658 4075 3016 4146 ἀπεκρίνατο,
3069 4077 3286 4131 πάντων
3338 4077 3730 4148 ὑποστηρίζων
3775 4079 3874 4140 τὰς

2291 4168 2541 4237 γνώμας,
2575 4168 2669 4222 καὶ
2698 4167 2837 4238 πρὸς
2867 4168 2961 4220 τὸν
2990 4167 3178 4235 ἀγῶνα
3207 4168 3547 4238 ὲπαλείφων,
3572 4172 3665 4223 ἐπί
3690 4188 3752 4223 τε
3777 4172 3874 4239 τῆς

2304 4260 2629 4330 Ἐκκλησίας
2665 4258 2933 4331 ὁσημέραι
2961 4259 3349 4327 ἀναγινώσκων
3413 4260 3472 4313 τὸ
3509 4262 3606 4313 τοῦ
3648 4263 3871 4324 σκεύους

2292 4351 2392 4423 τῆς
2440 4350 2709 4421 ἐκλογῆς*
2753 4369 2771 4402 ι
2800 4350 2866 4403 Εἴ
2899 4368 2985 4412 τις
3032 4351 3177 4420 ὑμᾶς
3223 4352 3641 4421 εὐαγγελίζεται
3690 4353 3870 4425 παρ’δ

2296 4440 2664 4512 παρελάϐετε,
2715 4442 2818 4496 κᾶν
2861 4441 3092 4511 ἄγγελος
3151 4441 3210 4509 ἐξ
3261 4443 3496 4513 οὐρανοῦ
3627 4445 3870 4514 ἀνάθεμα

2294 4536 2453 4591 ἔστω.
2477 4554 2496 4585 ›
2533 4532 2628 4599 Οἷς
2668 4534 2952 4598 ἀπιδόντες
2995 4536 3233 4598 ἅπαντες
3265 4537 3334 4589 τὰ
3366 4538 3730 4608 παραπλήσια
3779 4538 3869 4608 μὲ-

2293 4645 2419 4697 χρις
2465 4626 2780 4698 εὐαρίθμων
2827 4627 3129 4698 ἐζήλωσαν.
3172 4629 3491 4697 Γέγραπται
3524 4630 3568 4682 δ’
3597 4626 3691 4683 οὖν
3729 4627 3865 4697 αὐτῷ

2295 4723 2391 4776 καὶ
2441 4723 2837 4792 συντακτήριος
2884 4721 3020 4790 πρὸς
3063 4723 3189 4784 τοὺς
3226 4722 3533 4792 Ἀντιοχέας
3561 4722 3862 4791 λόγοςμό),

2302 4812 2593 4884 πυθομένῳ
2622 4813 2713 4864 τὸν
2749 4812 3122 4867 Ἰουστινιανὸν
3171 4812 3373 4868 ἐθέλειν
3420 4815 3586 4870 αὑτὸν
3626 4816 3865 4885 ἑξοστρα-

1810 4976 2079 5031 νςιιεδιι
2111 4942 2670 5031 ΑΝΝοτΑΤιόΝΕδ.

677 5067 790 5137 (14)
831 5069 895 5121 Et
920 5067 1139 5140 τούτου
1162 5070 1567 5140 gazam/08$.
1595 5069 1822 5125 Rectius
1849 5070 1992 5140 apud
2018 5071 2182 5126 Nice-

609 5138 872 5207 phorum,
903 5138 1030 5192 etin
1075 5138 1263 5193 codice
1309 5140 1621 5197 Telleriano
1667 5138 1933 5195 scribitur
1991 5143 2181 5195 τοῦτον

609 5209 978 5281 κατασείσειε.
1013 5207 1112 5281 Sic
1136 5209 1282 5263 enim
1306 5210 1453 5281 leges
1473 5211 1844 5280 grammatica:
1872 5211 2177 5280 postulant.

612 5277 931 5348 Metaphora
961 5286 1047 5332 est
1080 5278 1246 5334 ducta
1266 5281 1336 5333 ab
1364 5277 1827 5336 Vobs—idionalibus
1873 5277 2174 5346 'machinis,

610 5348 816 5421 quibus
838 5348 1004 5421 urbes
1037 5351 1337 5421 expugnari
1367 5352 1639 5406 solebant.
1694 5352 1864 5405 Porro
1895 5350 1963 5421 de
2015 5351 2180 5421 hujus

611 5418 889 5473 Anastasii
925 5417 1148 5474 Sinaitie
1177 5417 1489 5476 constantia
1541 5422 1596 5477 in
1636 5420 1983 5476 defendenda
2030 5417 2180 5476 recta

612 5488 718 5562 ﬁde
739 5489 1007 5562 adversus
1028 5489 1279 5546 haeresim
1305 5492 1949 5562 Aphthartodocitarum,
1987 5492 2185 5545 scribit

611 5559 787 5631 etiam,
823 5559 1147 5615 Eustathius
1202 5562 1257 5616 in
1306 5559 1426 5617 Vita
1479 5562 1619 5617 beati
1668 5561 1916 5631 Eutychii
1949 5562 2186 5630 patriar-

613 5629 730 5685 cha:
757 5630 1374 5702 Constantinopolituni.

2363 5068 2510 5140 (ιδχ
2539 5067 2985 5134 Συντακτήριος
3012 5069 3167 5137 πρὸς
3223 5069 3362 5135 τοὺς
3404 5071 3745 5140 Ἀντιοχέας
3773 5071 3866 5123 .ῑό-

2287 5158 2415 5209 τος.
2444 5138 2646 5209 Mirum
2668 5147 2754 5192 est
2800 5147 2915 5194 tres
2945 5141 3300 5208 interpretes,
3354 5138 3632 5206 Langum‘,‘
3661 5142 3865 5195 Museu—

2288 5207 2405 5266 lum
2450 5217 2507 5265 et
2540 5207 3131 5277 Christophorsonum.
3193 5208 3251 5264 in
3299 5211 3465 5264 unius
3491 5212 3751 5268 vocabuli
3785 5210 3862 5262 in-

2287 5279 2689 5351 terpretatione
2717 5279 2881 5333 simul
2915 5279 3099 5351 lapsos
3148 5279 3342 5345 fuisse,
3373 5278 3553 5335 Gncci
3593 5295 3864 5333 συντικτι-

2289 5349 2419 5411 κοῦς
2451 5359 2508 5405 et
2539 5351 2970 5419 συντακτηρίους
3018 5349 3214 5416 λόγους
3262 5351 3537 5404 vocabant
3594 5351 3864 5406 orationes

2289 5422 2357 5476 ad
2380 5419 2845 5492 valedicendum,
2873 5435 3175 5492 earumque
3198 5421 3514 5492 orationum
3540 5422 3861 5492 peculiarem

2292 5489 2617 5561 methodum
2649 5489 2812 5561 nobis
2848 5488 3219 5561 tradiderunt.
3267 5498 3328 5544 ut
3361 5491 3471 5561 jam
3504 5488 3719 5561 pridem
3755 5501 3864 5542 mo.

2292 5562 2389 5634 nui
2427 5562 2481 5634 in
2499 5559 2969 5634 Adnotationibus
2992 5561 3342 5634 Eusebianis,
3363 5559 3408 5630 Vp
3426 5559 3665 5634 tgf590,
3685 5566 3794 5615 not.
3818 5569 3855 5610 1-

2294 5631 2428 5698 Quae
2457 5631 2546 5686 hic
2578 5639 2826 5701 repetere
2861 5630 3203 5701 superﬂuum
3245 5638 3400 5703 puto.

2066 5770 2446 5828 VAliiORUM.

696 5880 772 5951 (q)
801 5883 1088 5955 ᾞδεσανι
1123 5888 1315 5945 Scribc
1345 5886 1584 5963 ᾔδεισαν.
1618 5886 1708 5941 W.
1742 5886 1962 5941 Lowrn.
