4114 6296
249 336 389 405 2789

1171 341 1552 415 HISTORle
1593 341 2189 403 ECCLESIASTICE
2233 342 2462 402 LIBER
2498 342 2563 405 V.

3383 339 3523 403 2790

250 451 427 523 μαίων
454 447 605 518 λέγει
652 447 830 518 φωνὴ,
866 449 980 519 μετ’
1011 448 1172 502 αὐτὸν
1204 450 1305 519 τὴν
1336 449 1630 519 άλουργῖδα
1672 465 1830 520 περι-

1941 449 2155 521 palaten
2186 458 2407 514 vocant,
2438 448 2623 503 statim
2654 454 2778 518 post
2805 445 2953 501 illius
2981 444 3194 501 obitum
3222 461 3528 517 purpuram

246 539 535 594 ϐάλλεται⁹
586 538 711 593 οὔτε
745 541 845 610 τὴν
901 539 1202 594 άποδίωσιν
1246 540 1647 605 Ἰουστινιανοῦ,
1705 539 1829 594 οὔτε

243 631 343 704 τὴν
381 632 686 703 ἀνάρρησιν
713 631 1005 684 Ἰούστίνου
1034 630 1182 694 τινος
1205 631 1526 698 ἐγνωκότος,
1553 631 1692 703 πλὴν
1722 631 1830 684 τῶν

244 724 368 793 ἀμφ
416 722 603 784 αὑτὸν,
632 720 825 792 μέχρις
851 715 912 775 οὗ
962 723 1103 776 κατά
1128 722 1227 792 τὴν
1268 721 1636 793 ἱπποδρομίαν
1659 723 1830 793 ἐφάνη

247 816 316 868 τὰ
334 812 542 883 νόμιμα
565 813 664 883 τῆς
696 812 976 883 βασιλείας
1011 812 1228 884 δράσων
1259 830 1321 866 τε
1362 815 1456 866 καὶ
1487 813 1829 884 πεισόμενος.

259 905 348 969 Ὧς
387 905 430 958 δ’
452 902 547 959 οὖν
571 903 748 958 ταῦτα
776 905 992 973 γέγονε,
1022 904 1251 975 μηδενὸς
1291 904 1608 959 παντάπασι
1637 922 1833 957 νεωτεν
1868 934 1887 941 ~

247 994 549 1067 ρισθέντος,
573 994 816 1062 ἐπανῆκε
856 993 955 1064 μὲν
996 993 1138 1048 κατὰ
1167 994 1268 1065 τὴν
1292 995 1485 1065 αὐλήν.
1520 994 1752 1067 Πρώτην
1777 995 1834 1048 δὲ

246 1090 487 1142 ποιεῖται
536 1086 808 1152 κέλευσεν,
859 1086 988 1150 τοὺς
1035 1086 1323 1158 ἅπανταχῆ
1384 1086 1835 1156 συνειλεγμένους

249 1177 565 1250 ἱερέαςῌὸ)
588 1178 843 1247 ἀφιεῖσαν
875 1178 1016 1248 πρὸς
1036 1178 1166 1241 τοὺς
1197 1177 1437 1241 οἰκείους
1468 1175 1715 1251 θρόνους,
1749 1177 1833 1247 ἐφ’

247 1262 294 1337 ᾧ
317 1266 388 1321 τὰ
426 1266 662 1321 εἰωθότα
701 1265 1054 1339 θρησκεύειν,
1085 1267 1312 1338 μηδενὸς
1349 1268 1479 1338 περὶ
1518 1268 1619 1340 τὴν
1648 1269 1835 1323 πίστιν

246 1359 776 1431 καινουργουμένου.
836 1360 947 1414 Καὶ
986 1359 1148 1413 τοῦτο
1205 1360 1303 1430 μὲν
1353 1360 1632 1429 ἀξιόλογον
1687 1359 1835 1431 αὐτῷ

247 1449 522 1521 ἐπράχθη.
574 1446 685 1502 Ἦν
713 1450 770 1503 δέ
811 1467 875 1520 γε
924 1451 1017 1504 τὸν
1054 1450 1170 1521 βίον
1221 1450 1693 1523 ὲκδεδιῃτημένος,
1740 1452 1836 1505 καὶ

244 1546 480 1615 τρυφαῖς
531 1543 775 1613 ἀτεχνῶς
806 1544 900 1596 καὶ
928 1543 1148 1612 ἡδοναῖς
1194 1542 1448 1605 ὲκτόποις
1495 1542 1837 1610 ἐγκαλινδού-

249 1650 451 1706 μενοςσ
501 1633 799 1706 ἀλλοτρίων
828 1650 888 1687 τε
936 1634 1237 1705 χρημάτων
1280 1633 1542 1705 διάπυρος
1577 1634 1832 1704 ἐραστὴς,

244 1726 326 1789 ὡς
354 1727 535 1780 πάντα
589 1726 817 1797 κέρδους
872 1726 1115 1796 ἀθέσμου
1152 1726 1511 1796 ἀπεμπολεῖν,
1561 1725 1696 1797 μηδὲ
1743 1726 1836 1779 ἐπὶ

1936 538 2192 610 sumpsit,
2215 548 2469 594 cum'nec
2493 537 2708 593 obitum
2732 535 3056 601 Iustiniani,
3074 551 3176 591 nec
3194 537 3527 592 electionem

1932 630 2134 687 Iustini
2163 632 2456 701 quisquam
2485 629 2670 685 adhuc
2726 636 2936 692 nosset,
2973 636 3174 698 prteter
3202 630 3325 699 ejus
3363 628 3529 683 fami-

1934 722 2123 787 liares,
2173 722 2354 777 donec
2404 722 2459 776 in
2505 718 2741 775 circensi
2796 718 3113 790 spectaculo
3150 719 3429 789 apparuit,
3462 734 3529 774 ea

1935 815 2426 885 quaeimperatoris
2458 821 2589 868 sunt
2617 821 2848 873 acturus
2872 811 3111 866 simulet
3139 822 3525 882 suscepturus.

1934 906 2150 974 Quibus
2173 905 2439 976 peractis,
2475 919 2602 960 cum
2637 903 2775 958 nihil
2809 917 3038 974 prorsus
3061 912 3333 958 tentatum
3358 913 3524 967 esset,

1938 1000 2056 1069 ipse
2080 998 2305 1070 quidem
2355 997 2412 1052 in
2459 997 2727 1068 palatium
2783 1011 3070 1067 regressus
3112 1004 3224 1051 est.
3277 996 3525 1051 Primum

1939 1105 2075 1146 vero
2102 1089 2346 1145 edictum
2364 1087 2759 1159 promulgavit,
2777 1102 2890 1158 quo
2930 1088 3175 1142 universi
3194 1087 3290 1156 qui
3320 1086 3528 1157 ubique

1937 1179 2255 1250 congregati
2281 1185 2440 1233 erant
2487 1178 2756 1248 episcopi,
2807 1177 2874 1232 ad
2923 1192 3053 1232 suas
3084 1176 3245 1231 sedes
3277 1175 3527 1232 dimitte-

1936 1271 2161 1330 bantur.
2197 1278 2256 1326 ut
2287 1278 2554 1326 consueto
2579 1285 2733 1325 more
2757 1269 2946 1324 divino
2973 1269 3150 1323 cultui
3169 1268 3523 1334 inservirent,

1937 1362 2090 1418 nulla
2120 1377 2181 1416 re
2210 1362 2360 1417 circa
2395 1360 2557 1416 ﬁdem
2586 1361 2864 1417 innovata.
2899 1360 3271 1433 526Ethoc
3297 1359 3526 1428 quidem

1937 1454 2058 1525 ejus
2103 1452 2309 1508 factum
2354 1466 2688 1523 magnopere
2709 1452 3048 1506 laudandum
3079 1460 3185 1507 est.
3218 1451 3325 1507 Sed
3375 1454 3524 1523 quod

1938 1545 2006 1600 ad
2030 1547 2198 1602 vitam
2220 1546 2340 1617 ejus
2363 1561 2429 1601 ac
2459 1559 2641 1600 mores
2659 1544 2879 1609 attinet,
2911 1544 3094 1598 mollis
3127 1542 3232 1598 fuit
3253 1558 3317 1599 ac
3344 1544 3526 1601 disso-

1938 1638 2125 1701 lutus,
2168 1644 2225 1692 et
2256 1637 2477 1692 deliciis
2515 1651 2579 1692 ac
2605 1635 2768 1691 {mdis
2819 1635 3200 1704 voluptatibus
3246 1635 3521 1693 addictus.

1938 1729 2019 1784 Ad
2063 1729 2182 1785 haec
2219 1730 2412 1785 alienae
2441 1729 2691 1800 pecuniae
2718 1737 2828 1782 tam
2855 1729 3171 1784 vehementi
3220 1729 3525 1798 cupiditate

243 1819 371 1881 ταῖς
405 1816 724 1887 ἱερωσύναις
752 1817 815 1870 τὸ
842 1817 995 1872 Θείον
1010 1816 1427 1887 εὐλαϐούμενος,
1444 1815 1507 1880 ἃς
1531 1818 1644 1879 τοῖς
1668 1833 1835 1885 προσ-

1941 1820 2228 1891 ﬂagrabat,
2267 1831 2327 1876 ut
2364 1822 2539 1891 iniqui
2562 1828 2804 1890 quaestus
2830 1836 2997 1875 causa
3031 1828 3227 1875 cuncta
3255 1820 3523 1876 divende-

246 1906 505 1978 τυχοῦσιν
528 1907 873 1979 ἐπίπρασκεν
894 1952 909 1974 ,
951 1907 1146 1972 ὠνίους
1176 1907 1273 1962 καὶ
1302 1906 1504 1970 ταύτας
1532 1905 1836 1974 ἀναφανδὸν

244 2000 559 2071 τιθέμενος.
615 2001 821 2072 Θράσει
869 2000 924 2055 δὲ
962 2002 1057 2054 καὶ
1103 1999 1276 2071 δειλίᾳ
1303 2001 1426 2063 ταῖς
1470 1999 1692 2062 κακίαις
1723 1999 1833 2069 (19)

246 2092 648 2165 κρατούμενος,
691 2092 913 2165 πρῶτον
933 2093 1222 2146 Ἰουστϊνον
1259 2090 1539 2162 προσγενῆ
1564 2090 1673 2161 (9.0)
1708 2088 1839 2160 τυγ-

248 2186 512 2258 χάνοντα,
544 2186 640 2240 καὶ
674 2186 810 2239 πολὺ
847 2184 999 2249 κλέος
1044 2187 1197 2257 παρὰ
1243 2186 1409 2239 πᾶσιν
1464 2185 1677 2255 ἔχοντα,
1709 2181 1837 2254 περί

247 2295 314 2330 τε
345 2277 637 2349 ἐμπειρίαν
687 2277 942 2348 πολέμων
984 2279 1079 2331 καὶ
1107 2276 1205 2340 τὰς
1233 2276 1398 2340 ἄλλας
1428 2275 1701 2342 ἀξιώσεις,
1740 2291 1837 2343 με-

245 2366 575 2435 τάπεμπτον
611 2369 868 2433 ποιεῖται,
891 2366 1035 2436 ἀμφὶ
1061 2367 1151 2419 τὸν
1188 2367 1401 2436 Ἴστρον
1433 2365 1531 2429 τάς
1559 2363 1837 2435 διατριϐάς

247 2458 600 2528 ποιούμενον,
615 2458 815 2520 καὶτὰς
832 2457 937 2511 τῶν
947 2457 1195 2527 Ἀὅάρων
1206 2458 1479 2519 διαϐάσεις
1493 2456 1834 2525 ἀνείργοντα.

251 2550 449 2612 Ἔθνος
465 2552 511 2603 οἱ
544 2549 773 2620 Ἀὕαροι
796 2549 903 2602 τῶν
917 2547 1276 2619 ’Δμαξοϐίων,
1298 2548 1406 2603 τῶν
1422 2549 1563 2620 ὑπὲρ
1581 2550 1673 2603 τὸν
1691 2548 1839 2602 Καύ-

250 2658 423 2696 κασον
434 2640 768 2699 τὰὲπέκεινα
793 2640 950 2694 πεδία
987 2641 1383 2712 νεμομένων,οἳ
1406 2642 1530 2704 τοὺς
1556 2640 1836 2709 γειτνιῶν-

245 2752 353 2797 τας
363 2733 639 2805 Τούρκους
657 2735 989 2801 πεφευγότες
1011 2732 1089 2804 (21
1102 2733 1143 2798 ),
1163 2734 1284 2787 ἐπεὶ
1300 2734 1485 2797 κακῶς
1498 2734 1635 2806 πρὸς
1660 2732 1837 2786 αὐτῶν

250 2822 654 2885 ἐπεπόνθεσαν,
694 2822 787 2874 ἐπὶ
821 2821 915 2874 τὸν
950 2822 1228 2893 Βόσπορον
1262 2823 1541 2892 ἀφίκοντο.
1592 2823 1703 2875 Καὶ
1739 2822 1837 2893 τὴν

246 2914 411 2987 ἠϊόνά
430 2914 524 2967 τοῦ
544 2912 802 2979 Εὐξείνου
826 2914 1168 2985 καλουμένου
1200 2913 1402 2967 Πόντου
1423 2914 1836 2978 καταλιπόντες,

249 3005 386 3059 ἔνθα
417 3005 587 3075 συχνὰ
638 3006 737 3076 μὲν
790 3005 918 3076 ἔθνη
963 3003 1318 3077 βαρϐαρικά·
1361 3005 1738 3076 ὲξῳκίσθησαν
1780 3005 1839 3059 δὲ

1940 1915 2053 1972 ret;
2089 1923 2154 1962 ac
2199 1923 2270 1963 ne
2317 1908 2373 1962 in
2405 1907 2733 1963 sacerdotiis
2778 1906 3001 1977 quidem
3042 1906 3292 1981 divinum
3319 1922 3524 1963 numen

1939 2007 2315 2065 revereretur,
2349 2014 2472 2069 quae
2495 1998 2672 2054 obviis
2690 1998 3003 2069 quibusque
3030 2000 3211 2069 pretio
3226 1998 3521 2065 vendebat,

1937 2090 2152 2147 venalia
2170 2090 2287 2145 haec
2309 2090 2473 2146 etiam
2492 2091 2718 2162 publice
2739 2105 3081 2161 proponens.
3110 2090 3360 2161 Cumque
3388 2091 3526 2146 dno-

1937 2181 2043 2237 bus
2073 2183 2369 2237 contrariis
2400 2182 2573 2247 vitiis,
2614 2182 2845 2237 audacia
2876 2191 2933 2237 et
2965 2183 3179 2254 ignavia
3213 2184 3526 2254 implicatus

1939 2281 2256 2333 teneretur.
2317 2273 2558 2344 primum
2608 2273 2831 2343 quidem
2887 2274 3163 2330 Iustinum
3231 2286 3524 2347 cognatum

1939 2380 2101 2420 suum
2157 2365 2223 2419 ad
2257 2379 2314 2420 se
2365 2364 2637 2430 evocavit,
2698 2365 2792 2436 qui
2829 2366 2883 2420 in
2922 2381 3116 2436 magna
3161 2367 3338 2436 gloria
3378 2369 3523 2438 apud

1938 2472 2132 2512 omnes
2161 2465 2300 2523 erat,
2338 2465 2452 2511 tum
2484 2457 2554 2512 ob
2585 2458 2834 2527 peritiam
2869 2458 2947 2513 rei
2980 2459 3258 2523 militaris,
3306 2468 3419 2515 tum
3452 2461 3524 2516 ob

1939 2549 2184 2618 reliquas
2220 2564 2356 2618 quas
2382 2557 2625 2619 gesserat
2653 2549 2967 2620 dignitates.
3002 2550 3053 2604 Is
3080 2557 3193 2604 tum
3228 2550 3295 2605 ad
3341 2552 3527 2606 Danu-

1938 2642 2090 2697 bium
2123 2643 2468 2708 morabatur,
2495 2650 2551 2697 et
2579 2642 2792 2697 Abaros
2831 2659 2860 2696 a
2887 2643 3124 2698 transitu
3163 2644 3409 2699 fluminis
3433 2662 3524 2700 ar-

1936 2731 2120 2785 cebat.
2157 2729 2295 2785 Sunt
2324 2738 2506 2785 autem
2539 2730 2727 2793 Abari,
2752 2729 3079 2802 Scytharum
3110 2748 3244 2803 gens
3274 2734 3329 2788 in
3363 2736 3526 2805 plan--

1936 2823 2071 2877 stris
2111 2822 2455 2892 degentium,
2488 2820 2584 2891 qui
2618 2837 2842 2892 campos
2871 2824 3016 2878 ultra
3057 2822 3362 2880 Caucasum
3391 2828 3528 2883 sitos

1940 2914 2278 2970 incolebant.
2317 2913 2384 2969 lli
2431 2929 2554 2968 cum
2580 2929 2612 2968 a
2636 2913 2856 2979 Turcis,
2911 2914 3160 2972 ﬁnitimis
3202 2917 3340 2982 suis,
3374 2921 3524 2989 gravi

1939 3004 2271 3060 detrimento
2303 3004 2490 3060 aﬂ'ecti
2517 3014 2723 3069 essent,
2744 3004 2958 3060 relictis
2994 3006 3208 3062 mdibus
3236 3007 3373 3074 suis,
3399 3008 3541 3062 uni--

250 3097 355 3151 καὶ
414 3097 520 3150 ὑπὸ
559 3097 849 3168 Ῥωμαίων
874 3097 1057 3161 πόλεις
1097 3115 1158 3151 τε
1201 3099 1297 3152 καὶ
1356 3098 1712 3168 στρατόπεδα,
1749 3097 1838 3151 καί

1941 3096 2087 3151 versi
2110 3112 2235 3151 cum
2278 3097 2550 3151 uxoribus
2573 3112 2639 3152 ac
2675 3096 2870 3151 liberis
2900 3097 2968 3151 ad
3009 3096 3313 3167 Bosporum
3359 3115 3530 3154 vene-

250 3204 407 3243 τινες
452 3189 844 3260 προσορμίσεις
887 3187 1022 3261 (22),
1068 3189 1101 3260 ἢ
1145 3190 1496 3260 στρατιωτῶν
1535 3191 1836 3260 ἀπομάχων

251 3277 579 3349 γινομένων,
609 3278 642 3350 ἢ
680 3280 775 3333 καὶ
800 3281 1069 3334 ἀποικιῶν
1091 3281 1227 3352 πρὸς
1259 3280 1367 3334 τῶν
1390 3280 1654 3351 βασιλέων
1684 3280 1838 3333 στελ-

252 3366 523 3438 λομένων,
563 3368 663 3440 τὴν
688 3368 950 3442 πόρευσιν
982 3369 1289 3437 ἐποιοῦντο,
1324 3371 1459 3425 πᾶσι
1495 3362 1606 3432 τοῖς
1632 3371 1688 3422 ἐν
1708 3369 1836 3422 ποσὶ

1943 3194 2095 3239 runt.
2130 3186 2344 3241 Deinde
2380 3187 2589 3242 relictis
2627 3186 2909 3241 littoribus
2957 3187 3159 3242 Euxini
3207 3189 3390 3252 Ponti,
3433 3189 3527 3244 ubi

1942 3276 2128 3332 multa:
2155 3276 2379 3348 quidem
2404 3276 2652 3332 barbarae
2679 3277 2927 3333 habitant
2946 3286 3173 3350 gentes;
3209 3279 3377 3335 urbes
3397 3295 3530 3336 vero

1941 3377 1999 3423 et
2027 3377 2209 3424 castra
2237 3384 2303 3424 ac
2336 3369 2606 3425 stationes
2634 3370 2889 3439 qumdam
2930 3370 3256 3427 a-Romanis
3292 3370 3532 3429 condita

1460 3506 1545 3561 νει
1557 3506 1728 3562 LESII
1765 3502 2329 3563 ANNOTATIONES.

404 3597 612 3670 fratris
630 3598 687 3652 in
705 3599 1006 3669 obsequium
1031 3599 1268 3670 gaudens
1296 3599 1583 3655 Marcellus
1608 3596 1807 3654 abibat.

403 3669 804 3740 Dispositorque
834 3686 996 3724 novus
1023 3669 1191 3725 sacra:
1221 3670 1526 3740 Baduarius
1574 3669 1737 3735 aulw,

402 3737 679 3795 Successor
716 3737 908 3804 soceri,
942 3740 1114 3810 factus
1148 3757 1271 3795 mox
1305 3739 1674 3812 Curopalates.

334 3831 410 3902 De
456 3830 560 3887 hac
590 3845 758 3886 aurea
783 3831 938 3902 virga
971 3847 1092 3902 quas
1128 3832 1559 3902 imperatoribus
1586 3832 1849 3888 Romanis

257 3900 513 3984 praeferri
528 3900 942 3984 .consuevera'tl,
967 3900 1239 3984 Loquitur;
1260 3902 1465 3984 Paulus
1481 3902 1847 3984 _Silcntiarius

260 3971 319 4045 in
365 3971 733 4045 descriptione
758 3972 945 4042 templi
969 3972 1182 4030 Sancta:
1208 3971 1448 4042 Sophiaz,
1481 3972 1626 4027 haud
1653 3973 1846 4045 procul

256 4042 332 4096 ab
366 4040 547 4096 initio.

683 4164 754 4206 έ-
781 4160 850 4206 .—
883 4163 953 4174 -
1007 4122 1337 4206 ὀρνύμενος
1381 4133 1489 4206 “(is

290 4205 367 4278 ῼς
395 4202 672 4278 θέμις-οὐκ
702 4202 970 4278 ἀνέμιμνε
1003 4202 1358 4278 συνέμπορον,
1382 4202 1740 4278 ἀσπιδιώτην,

257 4276 335 4327 Οἱ
378 4273 611 4345 χρυσοῦν
632 4290 754 4328 τινα
780 4273 977 4345 ῥάϐδον
1000 4315 1015 4339 ,
1051 4273 1149 4326 det
1174 4273 1537 4344 πρὸκέλευθον
1566 4273 1845 4343 ἀνάκτων.

2020 3600 2130 3671 (I9)
2177 3600 2311 3667 Ταῖς
2366 3601 2621 3666 κακίαις.
2657 3601 2859 3657 Deesse
2909 3600 3132 3654 videtur
3178 3600 3401 3670 aliquod
3431 3617 3528 3658 vo-

1931 3671 2227 3734 rabulum,
2267 3672 2413 3740 quod
2461 3672 2707 3741 suppleri
2770 3680 2953 3741 potest
2996 3671 3102 3725 hoc
3163 3674 3357 3741 modo,
3404 3677 3529 3732 ταῖς

1946 3742 2369 3812 ἐναντιωτάταις
2415 3740 2660 3803 κακίαις.
2700 3740 2879 3811 Atque
2943 3741 3015 3795 ita
3060 3741 3258 3812 legisse
3308 3740 3531 3797 videtur

1946 3810 2506 3879 Christopborsonus.

2021 3879 2132 3950 (20)
2193 3879 2520 3950 ξιουστῖνον
2575 3879 2907 3949 προσγενῆ.
2964 3880 3086 3935 Fuit
3137 3879 3229 3935 hic
3275 3881 3530 3939 Iustinus

1947 3948 2210 4005 Germani
2261 3950 2471 4019 patritii
2528 3951 2711 4013 mins,
2748 3948 3131 4005 consobrinus
3179 3951 3530 4019 imperatoris

1946 4019 2175 4084 Iustini,
2200 4027 2263 4073 ut
2294 4020 2490 4074 scribit
2518 4019 2759 4076 Joannes
2786 4019 3135 4075 Biclaricnsis
3162 4021 3215 4074 in
3244 4019 3525 4079 Chronico.

1947 4090 2254 4160 Germanus
2272 4089 2519 4159 quidem,
2541 4100 2596 4145 et
2618 4089 3086 4160 Iustinusjunior
3105 4091 3321 4160 cognati
3345 4103 3526 4147 erant.

1948 4158 2085 4230 Nam
2120 4158 2429 4214 Germanus
2479 4175 2653 4230 nepos
2698 4167 2817 4214 erat
2864 4158 3286 4230 Iustiniani'ex
3330 4161 3524 4217 fratre.

1945 4229 2219 4300 Iustinus,
2282 4244 2416 4284 vero
2478 4228 2782 4300 imperator
2851 4228 3000 4300 ﬁlius
3040 4237 3162 4284 erat
3219 4230 3527 4300 Vlgilantia:

1947 4301 2155 4355 sororis
2193 4299 2510 4355 Iustiniani.
2547 4299 2819 4355 Caeterum
2852 4299 2943 4354 hic
2971 4299 3225 4354 Justinus
3265 4299 3524 4357 Germani

331 4364 531 4446 Neque
547 4364 692 4446 enim
719 4362 994 4446 assentior
1014 4363 1336 4446 doctissimo
1359 4365 1503 4432 viro,
1530 4366 1624 4446 qui
1646 4381 1845 4446 aureas
1945 4370 2126 4446 lllius_
2142 4369 2488 4446 consulatum
2511 4377 2756 4440 gesserat
2781 4369 3162 4446 anno_Christi
3199 4369 3322 4446 5&0.
3357 4369 3526 4425 Eum-

258 4449 493 4491 seenres
519 4434 925 4505 interpretatus
947 4442 1051 4489 est.
1084 4439 1160 4489 Ac
1190 4435 1431 4505 primum
1468 4434 1693 4505 quidem
1726 4435 1841 4491 haec

256 4482 503 4587 ῥῖέίίίιξιέ
521 4482 1054 4587 ἰ’ἑεὲἶὲὼῖἱξιῖᾗξ
1063 4482 1455 4574 dissensit.
1471 4482 1841 4587 ’ἂῖἑβόξῑὶίὸῖξξ
1875 4482 1916 4537 θ

254 4575 579 4631 castrensis
604 4576 744 4629 sacri
771 4575 980 4644 palatii.
1015 4575 1211 4630 Postea
1237 4590 1371 4629 vero
1400 4590 1614 4629 summa
1646 4577 1838 4644 palatii

257 4645 504 4717 dignitas
548 4644 755 4717 haberi
790 4644 979 4717 etrapit,
1025 4660 1092 4699 ex
1119 4660 1228 4714 quo
1260 4646 1516 4717 Iustinus
1543 4645 1838 4717 Iustiniani

256 4714 438 4786 hopes
461 4730 582 4797 eam
616 4715 801 4797 gessit.
854 4714 981 4797 Fuit
1001 4724 1192 4797 autem
1225 4715 1404 4770 civilis
1433 4716 1557 4797 haec
1576 4714 1837 4786 dignitas,

257 4785 376 4840 non
412 4785 690 4851 militaris,
728 4793 790 4856 ut
827 4785 1042 4856 putavit
1071 4785 1432 4856 Alemannus,
1463 4786 1561 4855 qui
1595 4785 1838 4856 europa-

255 4855 430 4909 Iatem
472 4870 599 4909 eum
634 4854 841 4910 comite
887 4854 1273 4910 excubitorum
1315 4854 1565 4911 confudit
1598 4856 1652 4910 in
1683 4854 1840 4912 Natis

257 4924 331 4980 ad
375 4925 631 4995 Procopii
662 4925 942 4979 ἀνέκδοτα.

339 4995 452 5066 (I8)
509 4994 656 5060 Τοὺς
707 4994 1025 5066 ἁπανταχῇ
1070 4996 1588 5066 συνειλεγμένους
1626 4996 1837 5064 Γερέας.

339 5012 452 5066 μδ)
509 5012 656 5060 τους
707 5012 982 5063 απανταχ
1070 5012 1588 5066 συνει.ιεγμενους
1626 5012 1837 5064 ιερεας.

256 5061 611 5137 Nicephorus
640 5065 696 5137 in
720 5065 933 5137 cap.53
1091 5081 1224 5129 xvn,
1281 5066 1397 5137 hanc
1426 5066 1644 5137 Evagrii
1670 5068 1839 5122 verba

259 5136 484 5205 accepit
509 5134 578 5191 de
611 5134 905 5206 episcopis,
936 5134 1033 5206 qui
1062 5150 1161 5205 pro
1184 5144 1346 5191 recta:
1367 5135 1493 5190 ﬁdei
1519 5134 1839 5192 defensione

258 5204 419 5276 varia
457 5204 683 5276 inﬂloca
726 5205 951 5276 relegati
988 5204 1224 5276 fuerant
1270 5221 1300 5260 a
1343 5206 1678 5261 Iustiniano.
1732 5207 1838 5263 Sed

258 5275 499 5347 verbum
522 5275 656 5332 illud
680 5275 1125 5347 συνειλεγμένους
1154 5276 1296 5347 hanc
1328 5276 1839 5347 interpretationem

258 5345 413 5401 ferre
435 5361 545 5400 non
573 5354 773 5416 potest.
806 5345 995 5416 Itaque
1021 5345 1558 5415 Christophorsonus
1592 5345 1739 5401 hunc
1763 5348 1842 5403 Io-

261 5432 393 5471 cum
426 5416 784 5487 interpretari
833 5416 1029 5469 maluit
1075 5417 1143 5470 de
1182 5417 1582 5487 episcopisqui
1631 5430 1698 5471 ex
1722 5431 1843 5487 om-

262 5487 433 5542 nibus
467 5485 606 5541 locis
634 5487 688 5540 in
717 5502 888 5540 unum
916 5489 1231 5557 congregati
1266 5485 1423 5542 erant
1451 5485 1840 5542 COnstantino-

262 5557 401 5626 poli.
453 5557 561 5613 Sed
618 5572 795 5627 neque
844 5557 985 5610 hanc
1041 5557 1555 5626 interpretationem
1604 5558 1841 5627 probare

260 5640 513 5696 possum,
560 5643 687 5682 cum
733 5627 999 5697 Evagrius
1049 5628 1336 5697 episcopos
1370 5627 1497 5683 illos
1528 5643 1637 5682 non
1694 5627 1843 5683 dicat

262 5642 513 5696 possum,
560 5643 687 5682 cum
733 5642 999 5697 nvagrtus
1049 5642 1233 5696 episco
1274 5642 1336 5682 os
1370 5642 1497 5683 IIIOS
1528 5643 1637 5682 non
1694 5642 1839 5683 utcat

262 5697 530 5770 collectos
576 5697 745 5770 fuisse
789 5642 1316 5770 Constantinopoli,
1364 5697 1461 5754 sed
1516 5698 1839 5770 ἁπανταχῇ,

259 5765 325 5823 Id
352 5779 438 5824 est
487 5765 749 5824 omnibus
788 5766 845 5821 in
879 5767 1036 5823 locis.

1944 4440 2068 4510 dem
2099 4439 2446 4510 Iustinianus
2476 4439 2774 4510 imperator
2807 4439 3126 4510 magistrum
3158 4440 3393 4494 militum
3427 4457 3527 4510 per

1944 4509 2265 4565 Colchidem
2313 4517 2371 4564 et
2400 4509 2715 4564 Armeniam
2749 4509 2803 4562 in
2834 4510 3014 4563 locum
3052 4509 3269 4565 Martini
3298 4509 3525 4566 creave-

1945 4591 2053 4645 rat,
2088 4580 2360 4637 utscribit
2383 4580 2642 4651 Agathias
2674 4581 2728 4634 in
2757 4580 2852 4651 lib.
2882 4596 2967 4651 tv;
2994 4589 3185 4651 postea
3205 4596 3339 4635 vero
3367 4596 3525 4636 eum-

1947 4652 2073 4721 dem
2126 4649 2450 4721 magistrum
2482 4650 2744 4721 imilitum
2792 4649 3073 4721 Iecitipe-r
3129 4650 3416 4716 Thracias,
3467 4662 3526 4706 ut

1946 4720 2112 4846 33th
2139 4719 2443 4778 Menander
2475 4720 2766 4775 Protector
2800 4719 2856 4773 in
2899 4719 2996 4776 lib.
3036 4735 3051 4773 ι
3091 4720 3364 4787 llistorim,
3396 4738 3520 4793 pag.

2021 4860 2134 4930 (il)
2178 4859 2325 4926 Τοὺς
2378 4859 2759 4930 γειτνιῶντας
2800 4861 3098 4928 Τούρκους
3132 4862 3519 4929 πεφευγότες,

1946 4930 2194 4998 Qualiter
2221 4931 2432 4985 Abares
2461 4931 2549 4986 isti
2606 4945 2636 4984 a
2658 4930 2857 5001 Turcis
2881 4931 3125 5001 superati
3147 4931 3213 5001 in
3244 4932 3521 5000 Europam

1945 5015 2025 5125 ire)
2066 5000 2608 5125 receperint,7rcfert
2654 5000 3101 5073 Theophylactus
3139 5000 3438 5057 Simocatta
3468 5002 3521 5056 in

1970 5089 1984 5124 ι
2033 5112 2044 5124 .
2096 5087 2192 5125 vn.
2228 5086 2348 5125 ean.
2441 5112 2454 5125 .
3062 5100 3073 5109 -

1970 5086 2044 5125 ID.
2096 5087 2192 5133 VII,
2228 5086 2348 5133 (πη).
2404 5086 2454 5125 ⁷1.
3062 5100 3073 5109 ⁸

2019 5088 2661 5214 ῑὲἕῖιὶίιῗῖρξινέςπρύς
2700 5141 3008 5214 omnique.
3054 5100 3522 5214 bpud_N_icepho-

1948 5211 2072 5282 rum
2105 5213 2161 5282 in
2208 5226 2329 5282 cap.
2381 5212 2451 5266 5t
2497 5211 2593 5266 lib.
2621 5227 2753 5274 xvn,
2790 5221 2846 5267 et
2887 5212 2942 5266 in
2982 5211 3173 5282 codice
3210 5211 3523 5266 Telleriano

1947 5281 2214 5353 scribitur
2237 5280 2346 5336 una
2366 5297 2500 5337 voce
2521 5283 2933 5353 προτορμίσεις,
2957 5280 3104 5353 quod
3134 5281 3308 5353 magis
3327 5281 3519 5351 probo.

1949 5351 2149 5406 Totum
2176 5367 2308 5407 vero
2340 5353 2489 5407 hunc
2521 5351 2703 5407 locum
2733 5351 2806 5406 ita
2839 5352 3191 5407 scribendum
3222 5352 3476 5406 existimo
3505 5367 3519 5405 :

1955 5421 2123 5493 Ἔνθα
2149 5423 2318 5493 συχνὰ
2338 5423 2437 5493 μὲν
2461 5422 2587 5490 ἔθνη
2617 5422 2929 5493 βαρόαρικά
2958 5421 3330 5493 ὲξῳκίσθησαν
3348 5437 3362 5451 ο
3394 5421 3524 5493 ᾠκί-

1950 5491 2157 5562 σθησαν
2186 5491 2247 5544 δὲ
2272 5491 2367 5563 καὶ
2398 5492 2503 5544 ὑπὸ
2522 5491 2820 5563 ῨῬωμαίων
2851 5491 3043 5563 πόλεις
3078 5509 3137 5563 τε
3172 5492 3265 5563 καὶ
3296 5491 3526 5563 στρατό-

1951 5560 2104 5623 πεδα,
2130 5569 2236 5616 etc.
2270 5561 2328 5615 Id
2349 5570 2434 5616 est
2465 5578 2479 5614 ε
2518 5561 2612 5616 Ubi
2634 5560 2817 5616 multa:
2846 5562 3057 5632 quidem
3086 5561 3329 5615 barbartv
3349 5560 3527 5632 gentes

1948 5633 2143 5686 relictis
2172 5632 2376 5686 sedibus
2404 5632 2512 5686 suis
2541 5632 2817 5694 habitant;
2854 5631 3005 5686 urbes
3042 5646 3163 5686 vero
3191 5641 3238 5687 et
3274 5640 3455 5688 castra
3474 5639 3531 5688 et

1949 5705 2202 5757 stationes
2254 5720 2286 5756 (ι
2319 5701 2571 5759 Romanis
2612 5701 2823 5756 condita
2860 5711 3005 5759 sunt.
