4072 6304
548 289 655 352 795

1686 286 2002 351 EVAGRII
2043 290 2530 355 SCHOLASTICI

3643 310 3796 376 2796

509 402 768 474 relinquo
790 401 968 469 vobis,
1001 420 1022 457 ι
1047 402 1196 460 idem
1212 401 1469 460 Christus
1481 396 1769 494 universis
1786 397 2096 455 hominibus

2210 402 2352 467 θινὸς
2379 405 2535 474 ἡμῶν
2566 407 2720 474 Θεός.
2751 428 2772 464 ι
2807 411 3045 484 Εἰρήνην
3069 414 3167 485 τὴν
3198 415 3338 488 ἐμὴν
3362 418 3741 494 ἀφίημιύμῖν,
3769 445 3791 478 ι

505 492 790 564 ριέὐίοοι.
833 491 1203 564 Istud'porro
1234 491 1371 547 nihil
1388 488 1553 545 aliud
1604 486 1709 542 sibi
1745 489 1883 554 vult,
1932 504 2097 558 quam

509 593 571 641 ut
594 597 789 640 omnes
825 582 1008 655 qui/in
1044 582 1226 654 ipsum
1251 580 1508 645 credunt,
1535 577 1594 631 in
1626 591 1790 630 unam
1820 577 2098 632 eamdem-

507 694 616 751 que
676 674 983 734 Ecclesiam
1041 675 1397 732 conveniant.
1440 680 1510 728 et
1558 672 1616 727 in
1660 678 1810 724 recta
1872 670 2097 740 quidem

506 769 950 825 Christianorum
976 766 1087 822 fide
1119 765 1249 821 inde
1277 765 1423 819 inter
1453 779 1511 819 se
1532 760 1909 835 consentiant,
1939 776 2100 817 aver-

508 869 703 919 scntur
750 867 936 915 autem
969 874 1066 915 eos
1097 857 1193 929 qui
1249 854 1531 912 contraria
1579 853 1778 909 dicunt
1823 860 1919 907 aut
1972 867 2101 909 sen-

506 951 882 1006 tiunt..Prima
904 947 1051 1003 enim
1084 947 1235 1002 salus
1266 943 1483 1001 cunctis
1508 940 1832 997 hominibus
1860 948 1941 995 est
1966 955 2099 996 con-

508 1043 725 1107 stituta,
762 1048 927 1096 rectae
976 1038 1103 1094 ﬁdei
1136 1035 1438 1092 confessio.
1498 1032 1771 1100 Quocirca
1815 1045 1919 1086 nos
1962 1045 2098 1101 quo-

511 1149 617 1204 quc
641 1132 956 1204 evangelica
982 1135 1257 1202 praecepta
1283 1135 1341 1182 et
1369 1139 1590 1182 sacrum
1618 1122 1946 1195 Symbolum
1980 1122 2095 1177 sive

512 1226 819 1282 doctrinam
860 1210 1185 1278 sanctorum
1234 1220 1459 1275 Patrum
1497 1223 1810 1281 sectantes,
1865 1223 2098 1270 cunctos

502 1318 796 1374 hortamur
812 1324 872 1370 ut
893 1314 962 1369 ad
993 1328 1159 1369 unam
1172 1296 1545 1381 'eamdemque
1562 1308 1865 1364 Ecclesiam
1892 1322 1957 1363 ac
1975 1322 2099 1362 sen-

492 1410 740 1471 "tentiam
774 1423 832 1462 se
859 1404 1151 1462 conferant
1181 1421 1196 1457 :
1233 1387 1525 1459 credentes
1570 1401 1626 1456 in
1654 1401 1873 1457 Patrem
1916 1407 1973 1455 et
2019 1399 2101 1455 Fi-

488 1500 646 1554 Jium
679 1512 743 1553 ac
770 1496 1039 1568 Spiritum
1065 1503 1340 1560 sanctum,
1370 1491 1701 1548 Trinitatem
1736 1490 2101 1546 consubstan-

510 1587 721 1650 tialem,
761 1598 924 1639 unam
968 1582 1261 1648 Deitatem,
1315 1595 1415 1635 seu
1448 1587 1705 1634 naturam
1731 1592 1797 1634 ac
1842 1578 2103 1634 substan-

517 1679 645 1733 tiam
669 1686 724 1734 et
751 1676 921 1733 verbo
944 1683 1003 1730 et
1047 1673 1230 1744 reipsa
1267 1689 1279 1726 :
1312 1688 1476 1727 unam
1511 1671 1648 1728 item
1668 1672 1778 1727 vim
1817 1681 1876 1729 et
1902 1679 2099 1744 poten-

514 1773 645 1826 tiam
689 1778 746 1826 et
802 1768 1183 1840 operationem
1241 1765 1295 1821 iu
1342 1765 1522 1821 tribus
1561 1764 1936 1822 subsistentiis
1986 1763 2102 1819 sive
2133 1748 2175 1804 Β

514 1861 767 1934 personis
816 1860 1151 1916 credentes:
1201 1858 1258 1914 in
1288 1873 1425 1930 quas
1461 1858 1725 1929 baptizati
1776 1874 2005 1924 sumus,
2045 1859 2101 1914 in

515 1968 653 2023 quas
707 1950 1039 2014 credimus,
1114 1958 1173 2006 et
1238 1949 1445 2019 quibus
1522 1949 1811 2021 conjuncti
1880 1965 2098 2006 sumus.

514 2044 792 2102 Unitatem
845 2041 995 2096 enim
1058 2039 1117 2094 in
1168 2038 1479 2103 Trinitatc,
1534 2047 1592 2094 et
1656 2036 1985 2094 Trinitatem
2043 2037 2102 2092 in

516 2122 726 2191 unitate
790 2132 1087 2188 adoramus
1113 2171 1130 2198 ,
1175 2146 1298 2202 quae
1343 2130 1731 2186 admirabilem
1777 2130 1945 2187 habet
1984 2139 2100 2185 tum

513 2226 845 2281 divisionem
877 2264 892 2290 ,
966 2231 1084 2277 tum
1142 2222 1473 2277 unitionem.
1526 2221 1806 2279 Unitatem
1874 2221 2100 2292 quidem

515 2326 785 2390 quantum
824 2315 893 2371 ad
938 2315 1208 2371 Deitatcm
1241 2314 1358 2370 sive
1414 2313 1783 2371 substantiam
1837 2331 1851 2369 :
1907 2313 2102 2369 Trini-

514 2420 683 2467 tatem
737 2423 871 2465 vero
902 2415 1169 2479 quantum
1227 2406 1295 2462 ad
1338 2407 1704 2477 proprietates
1742 2405 1858 2462 sive
1916 2406 2101 2463 subsi-

512 2501 749 2559 stentias
796 2499 883 2555 vel
938 2512 1221 2569 personas.
1277 2496 1555 2552 Dividitur
1622 2496 1771 2551 enim
1822 2495 2097 2563 indivise,

512 2593 680 2666 529
736 2600 797 2648 ut
864 2591 939 2647 ita
1002 2589 1296 2655 dicamus,
1363 2598 1421 2645 et
1477 2588 1829 2659 conjungitur
1903 2586 2098 2644 divise.

515 2697 694 2754 Unum
738 2696 889 2752 enim
927 2702 1010 2750 est
1050 2693 1109 2750 in
1152 2691 1355 2755 tribus,
1379 2690 1574 2748 Deitas
1622 2688 1835 2748 scilicet
1863 2708 1877 2745 :
1903 2700 1960 2747 et
1986 2699 2102 2747 tres

515 2814 688 2856 unum
730 2808 879 2864 sunt,
922 2797 979 2852 in
1023 2795 1226 2866 quibus
1271 2794 1485 2851 scilicet
1518 2804 1604 2852 est
1632 2795 1843 2861 Deitas,
1880 2802 1998 2860 aut,
2038 2804 2099 2849 ut

514 2891 830 2947 accuratius
878 2890 1193 2960 loquamur,
1249 2903 1373 2959 quae
1416 2896 1547 2943 sunt
1600 2889 1836 2957 ipsamet
1888 2886 2097 2950 Deitas,

517 2978 692 3039 Deum
762 2982 1005 3045 Patrem,
1060 2981 1235 3036 Deum
1308 2980 1535 3045 Filium,
1596 2978 1771 3033 Deum
1829 2977 2097 3049 Spiritum

2203 495 2232 545 ὁ
2252 495 2413 560 αὐτὸς
2432 499 2694 569 κηρύττει
2726 504 2894 557 πᾶσιν
2917 505 3246 577 ἀνθρώποις.
3264 509 3376 562 Ούκ
3393 510 3518 566 ἄλλο
3539 514 3599 567 δὲ
3630 516 3798 570 τοῦτό

2201 585 2370 649 ἐστιν,
2398 588 2431 659 ἢ
2462 592 2587 655 τοὺς
2612 594 2965 660 πιστεύοντας
2996 599 3075 661 είς
3102 599 3283 665 αὐτὸν,
3305 603 3383 666 είς
3413 603 3542 673 μίαν
3570 608 3669 660 καὶ
3693 610 3795 679 τὴν

2200 678 2369 772 αύτὴν
2385 680 2710 754 Ἐκκλησίαν
2727 690 3056 760 συντρέχειν·
3078 692 3514 764 ὁμοφρονοῦντας
3538 700 3641 770 μὲν
3659 716 3731 753 πε
3740 678 3794 772 pi.

2199 770 2298 840 τὴν
2325 772 2492 844 ὀρθὴν
2518 775 2626 828 τῶν
2665 778 3011 849 Χριστιανῶν
3040 784 3219 850 δόξαν,
3269 766 3801 860 ὁιποστρεςοομένουςτ⁸

2198 862 2253 915 δὲ
2282 864 2409 956 τοὺς
2426 866 2686 956 τάναντία
2712 870 2971 939 λέγοντας
3005 875 3037 947 ἢ
3063 877 3414 944 δοξάζοντας.
3441 881 3645 953 Πρώτη
3676 886 3790 956 γὰρ

2203 953 2448 1046 σωτηρία
2479 955 2790 1031 καθέστηκε
2846 965 3014 1018 πᾶσιν
3054 966 3386 1037 ἀνθρώποις,
3422 973 3455 1041 ὴ
3492 972 3595 1041 τῆς
3622 953 3796 1046 ὀρθῆς

2200 1042 2437 1108 πίστεως
2481 1046 2765 1118 ὁμολογία.
2792 1053 2885 1106 Διὸ
2927 1055 3023 1107 καὶ
3069 1058 3232 1126 ἡμεῖς
3254 1063 3366 1124 τοῖς
3408 1042 3794 1132 εύαγγελίκοίς

2199 1137 3190 1216 κατακολουθοῦντεςπαραγγὲλμασι,
3211 1152 3303 1203 καὶ
3320 1151 3397 1222 τῷ
3417 1155 3557 1223 ἁγίῳ
3577 1157 3652 1208 Συ
3662 1154 3796 1226 11:66-

2198 1227 2294 1299 λῳ,
2316 1230 2433 1301 ἦτοι
2458 1233 2742 1304 μαθήματι
2761 1236 2870 1291 τῶν
2890 1240 3060 1307 ἁγίων
3081 1242 3224 1296 Πατέ
3233 1260 3361 1314 ρων,
3383 1246 3521 1317 πρὸς
3537 1248 3671 1317 μίαν
3698 1252 3794 1304 καὶ

2197 1321 2298 1413 την
2329 1323 2495 1396 αὐτὴν
2520 1323 2852 1398 Ἐκκλησίαν
2876 1348 2936 1384 τε
2977 1332 3072 1386 καὶ
3096 1335 3323 1407 γνώμη-ν
3360 1344 3794 1413 προτρεπόμεθα

2201 1412 2408 1478 πάντας
2436 1417 2709 1471 συνελθεῖν
2726 1436 2739 1450 ·
2767 1423 3119 1488 πιστεύοντες
3145 1429 3228 1490 είς
3258 1430 3478 1503 Πατέρα
3532 1436 3632 1488 καὶ
3656 1412 3790 1490 ΫΥίὸν

2200 1505 2297 1558 καὶ
2322 1506 2490 1600 νᾶγιον
2521 1510 2763 1582 Πνεῦμα,
2810 1512 3017 1583 Τριάδα
3061 1519 3377 1588 ὀμοούσιον,
3413 1524 3545 1594 μίαν
3580 1526 3789 1600 Θεὸτη·

2201 1613 2269 1650 τα
2303 1599 2422 1670 ἦτοι
2463 1600 2623 1668 φύσιν
2655 1604 2751 1657 καὶ
2796 1604 2989 1659 οὐσίαν
3023 1606 3167 1680 λόγῳ
3196 1612 3288 1665 καὶ
3334 1615 3650 1687 πράγματι,
3695 1599 3790 1674 καὶ

2205 1689 2334 1760 μίαν
2364 1691 2596 1763 δύναμιν
2638 1696 2735 1749 καὶ
2772 1695 3022 1762 ἐξουσίαν
3060 1703 3158 1754 καὶ
3185 1703 3488 1772 ἐνέργειαν,
3524 1708 3583 1762 ὲν
3609 1711 3787 1781 τρισὶν

2204 1781 2567 1838 ύποστάσεσιν
2617 1785 2784 1861 ἤγουν
2845 1791 3161 1861 προσώποις
3212 1792 3558 1865 δοξάζοντες,
3623 1803 3705 1864 είς
3751 1802 3787 1856 ἃ

2205 1872 2635 1946 βεδαπτίσμεθα,
2669 1880 2747 1942 είς
2779 1879 2815 1934 ἃ
2848 1883 3319 1955 πεπιστεύκαμεν,
3354 1890 3448 1942 καὶ
3476 1884 3559 1955 οἷς
3583 1908 3786 1947 συντε-

2203 1966 2474 2036 τάγμεθα.
2534 1970 2760 2026 Μονάδα
2824 1975 2934 2042 γάρ
2986 1975 3045 2026 ὲν
3068 1975 3281 2046 Τριάδι,
3322 1978 3417 2031 καὶ
3464 1981 3677 2052 Τριάδα
3726 1985 3783 2036 ὲν

2206 2058 2390 2128 μονάδι
2419 2062 2848 2132 προσκυνοῦμεν,
2880 2065 3181 2135 παράδοξον
3201 2067 3425 2138 ἔχουσαν
3453 2072 3548 2125 καὶ
3584 2075 3690 2144 τὴν
3718 2075 3782 2129 δι-

2202 2151 2546 2221 αίρεσιν,καὶ
2565 2154 2664 2222 τὴν
2687 2153 2906 2213 ἕνωσιν.
2929 2158 3149 2212 Μονάδα
3180 2160 3279 2229 μὲν
3300 2162 3439 2216 κατὰ
3470 2164 3573 2234 τὴν
3593 2167 3781 2221 οὐσίαν

2202 2242 2372 2312 ἧγουν
2403 2243 2648 2315 Θεότητα
2665 2262 2678 2276 ο
2706 2246 2986 2318 Τριάδαὸὲ
3016 2249 3160 2305 κατὰ
3188 2250 3288 2315 τὰς
3315 2252 3588 2325 ἰδιότητας
3616 2257 3780 2327 ἦγουν

2204 2334 2976 2410 ὑποστάσεις,ῆτοιπρὸσωπα.
3000 2333 3772 2418 Διαιρέϊταιγάράδιαιρέτως,

2204 2424 2270 2479 ἶν’
2307 2425 2481 2491 οὕτως
2533 2430 2803 2501 εἴπωμεν,
2858 2433 2955 2487 καὶ
3006 2436 3342 2492 συνάπτεται
3408 2439 3767 2513 διῃρημένως.

2207 2516 2303 2601 Ἕν
2329 2517 2438 2588 γὰρ
2475 2520 2535 2572 ὲν
2558 2523 2734 2591 τρισὶν
2759 2523 2792 2594 ἡ
2830 2522 3054 2595 Θεὸτης,
3104 2527 3199 2580 καὶ
3242 2527 3313 2582 τά
3357 2529 3487 2601 τρία
3515 2529 3595 2597 ἓν,
3622 2533 3687 2587 τὰ
3712 2535 3767 2587 ὲν

2202 2598 2284 2668 οἷς
2319 2607 2351 2677 ἡ
2383 2607 2604 2680 Θεότης,
2630 2610 2662 2681 ἢ
2699 2613 2761 2664 τό
2792 2627 2856 2680 γε
2888 2613 3279 2686 ἀκριϐέστερον
3305 2598 3498 2680 εἰπεῖν.
3529 2620 3610 2690 ἂὴ
3635 2621 3755 2675 Θεό·
3800 2632 3801 2635 ‘

2200 2716 2328 2771 της·
2358 2700 2491 2754 Θεὸν
2519 2702 2612 2755 τὸν
2637 2703 2880 2775 Πατέρα,
2905 2705 3038 2760 Θεὸν
3069 2708 3160 2761 τὸν
3190 2710 3343 2774 Υίὸν,
3372 2711 3499 2766 Θεὸν
3524 2714 3581 2766 τὸ
3609 2714 3750 2782 ἅγιον

2201 2790 2448 2863 Πνεῦμα,
2473 2793 2601 2847 ὅταν
2632 2794 2867 2851 ἕκαστον
2908 2799 3202 2869 πρόσωπον
3228 2802 3353 2856 καθ’
3379 2805 3534 2858 ἑαυτὸ
3556 2805 3754 2876 θεωρῆ-

2199 2897 2326 2936 ται·
2384 2883 2478 2938 τοῦ
2521 2885 2614 2940 νοῦ
2675 2889 3003 2959 χωρίζοντος
3050 2892 3119 2945 τὰ
3149 2893 3468 2966 ἀχώριστα⁶
3523 2897 3649 2953 Θεὸν
3698 2899 3762 2951 τὰ

2200 2974 2325 3044 τρία
2387 2977 2504 3048 μετ’
2583 2977 2829 3050 ἀλλήλων
2898 2982 3165 3053 νοούμενα
3198 2997 3214 3013 ⁸
3300 2986 3380 3058 τῷ
3460 2989 3610 3061 αύτῷ
3672 2989 3762 3058 τῆς

518 3081 794 3138 sanctum,
822 3070 1046 3141 quando
1075 3069 1305 3141 singula:
1331 3083 1582 3139 persona:
1615 3082 1865 3123 seorsum
1908 3067 2094 3123 consi-

2200 3068 2469 3139 κινήσεως
2513 3071 2611 3152 καὶ
2665 3072 2766 3141 τῆς
2825 3072 3067 3142 φύσεως,
3133 3077 3321 3149 ἐπειδὴ
3372 3077 3493 3152 ’χρὴ
3541 3082 3634 3135 καὶ
3678 3082 3762 3134 τὸν

519 3168 809 3229 (terantur,
850 3162 1053 3218 mentis
1080 3161 1294 3217 scilicet
1324 3162 1442 3217 acie
1468 3176 1533 3216 ea
1554 3175 1679 3230 quae
1703 3160 2094 3230 inseparabilia

518 3265 647 3311 sunt
680 3261 994 3324 separante.
1041 3240 1215 3307 Deum
1247 3267 1418 3307 unum
1450 3258 1565 3307 tres
1613 3266 1901 3321 personas,
1935 3250 2101 3307 simul

522 3348 853 3412 intellectas,
893 3344 965 3401 ob
987 3343 1256 3400 eumdem
1293 3324 1502 3398 motum
1530 3341 1897 3413 eamdemque
1929 3352 2098 3396 natu-

520 3455 660 3494 ram.
698 3438 910 3508 Quippe
949 3445 1006 3493 et
1034 3450 1208 3492 unum
1246 3435 1422 3490 Deum
1465 3433 1718 3491 confiteri
1761 3442 1998 3505 oportet,
2041 3444 2098 3490 et

520 3541 635 3587 tres
686 3529 1100 3595 subsistentias,
1164 3527 1279 3583 sive
1340 3525 1710 3597 proprietates
1771 3525 2090 3597 praedicare.

516 3622 859 3680 COnfitemur
906 3636 1040 3687 vero
1102 3620 1280 3691 ipsum
1331 3619 1679 3692 unigenitum
1720 3618 1935 3675 Filium
1997 3619 2093 3675 Dei

520 3717 689 3771 Deum
712 3713 978 3779 Verbum,
1008 3712 1104 3783 qui
1135 3720 1262 3768 ante
1300 3712 1498 3767 saecula
1524 3721 1581 3768 et
1603 3711 1724 3768 sine
1754 3720 1997 3782 tempore
2029 3728 2096 3767 ex

519 3809 679 3862 Patre
710 3806 931 3876 genitus
958 3815 1074 3871 est,
1108 3821 1220 3861 non
1257 3814 1443 3860 autem
1472 3805 1653 3862 factus
1692 3822 1707 3859 :
1745 3806 1802 3860 in
1832 3807 2096 3862 extremis

519 3900 716 3956 diebus
753 3908 980 3969 propter
1012 3912 1115 3953 nos
1154 3907 1212 3953 et
1249 3906 1478 3969 propter
1513 3907 1759 3954 nostram
1798 3899 2030 3955 salutem
2064 3915 2095 3955 e

520 3992 658 4047 caelo
704 3990 1083 4058 descendisse,
1124 3999 1183 4047 et
1221 3990 1565 4046 incarnatum
1604 4005 1725 4046 esse
1770 4006 1839 4046 ex
1885 3990 2094 4061 Spiritu

519 4092 711 4137 sancto
745 4090 800 4137 et
848 4098 917 4138 ex
961 4081 1195 4138 Domina
1242 4090 1457 4144 nostra,
1504 4091 1695 4137 sancta
1750 4091 1807 4137 et
1859 4082 2095 4152 gloriosa

522 4175 752 4243 Deipara
784 4189 848 4230 ac
884 4189 1104 4244 semper
1141 4172 1355 4244 virgine
1389 4173 1581 4238 Maria,
1613 4180 1671 4228 et
1710 4188 1778 4228 ex
1817 4172 1911 4227 illa
1939 4173 2093 4244 geni-

520 4274 656 4319 tum.
689 4264 791 4332 Qui
813 4274 899 4320 est
933 4265 1201 4320 Dominus
1236 4273 1427 4319 noster
1455 4264 1616 4320 Jesus
1647 4262 1923 4331 Christus,
1953 4280 2096 4321 unus

2200 3160 2297 3237 ἕνα
2356 3146 2523 3215 Θεὸν’
2552 3163 2856 3234 ὁμολογεῖν,
2918 3168 3014 3219 καὶ
3066 3167 3167 3231 τὰς
3233 3146 3761 3241 τρεῖς-’-ὑποστάσεις

2199 3254 2367 3324 ηγουν
2457 3255 2727 3326 ἰδιότητας
2825 3258 3141 3328 κηρύττειν.
3230 3261 3638 3334 Ὀμολογοῦμεν
3711 3266 3764 3318 δι

2199 3345 2386 3410 αὐτὸν,
2428 3347 2520 3399 τὸν
2562 3349 2824 3427 μονογενῆ
2857 3350 2984 3402 Υίὸν
3012 3350 3105 3404 τοῦ
3136 3353 3272 3407 Θεοῦ
3316 3356 3408 3409 τὸν
3432 3356 3561 3409 Θεὸν
3593 3357 3761 3424 Λόγον

2195 3436 2290 3490 θεὸν
2314 3437 2420 3508 πρὸ
2441 3438 2652 3492 αἰώνων
2681 3441 2777 3494 καὶ
2807 3442 3053 3512 άχρόνως
3105 3447 3170 3498 ὲκ
3216 3445 3310 3499 τοῦ
3347 3447 3557 3517 Πατρὸς
3583 3466 3767 3518 γεννη-

2200 3526 2380 3591 θέντα,
2420 3529 2481 3582 ού
2517 3529 2833 3599 ποιηθέντα,
2874 3532 2964 3586 ἐπ’
3011 3534 3258 3603 ἐσχάτων
3289 3536 3347 3590 δὲ
3394 3538 3505 3592 τῶν
3547 3540 3765 3612 ἡμερῶν

2197 3620 2264 3673 δι’
2293 3621 2439 3690 ἡμᾶς
2466 3622 2556 3673 καὶ
2587 3621 2675 3674 διὰ
2710 3623 2811 3692 τὴν
2852 3624 3131 3696 ἡμετέραν
3178 3627 3453 3699 σωτηρίαν
3479 3632 3768 3686 κατελθόν-

2198 3729 2266 3765 τα
2292 3713 2355 3765 ὲκ
2381 3712 2489 3764 τῶν
2519 3713 2787 3780 οὐρανῶν,
2822 3717 2915 3768 καὶ
2948 3716 3300 3786 σαρκωθέντα
3346 3722 3408 3772 ὲκ
3457 3722 3769 3793 Πνεύματος

2196 3803 2375 3873 ἁγίου,
2417 3806 2510 3859 καὶ
2550 3806 2653 3875 τῆς
2683 3807 2985 3879 Δεσποίνης
3016 3811 3173 3880 ἡμῶν
3216 3815 3317 3883 τῆς
3363 3814 3526 3881 ἁγίας
3556 3815 3769 3881 ἐνδόξου

2196 3893 2462 3948 Θεοτὸκου
2490 3897 2581 3949 καὶ
2616 3897 2979 3969 άειπαρθὲνου
3018 3901 3258 3971 Μαρίας,
3302 3903 3399 3955 καὶ
3440 3905 3771 3976 γεννηθέντα

2196 3984 2255 4050 ἐξ
2295 3985 2491 4055 αὐτῆς,
2515 3986 2573 4049 ὃς
2606 3986 2754 4039 ἐστιν
2781 3989 2809 4039 ὁ
2832 3987 3037 4058 Κύριρς
3064 3990 3220 4060 ἡμῶν
3253 3991 3461 4063 Ἰησοῦς
3490 3995 3727 4066 Χριστὸς
3747 4000 3775 4053 ὁ

2194 4072 2277 4143 εἷς
2322 4080 2421 4148 τῆς
2467 4078 2628 4148 ἁγίας
2671 4079 2923 4149 Τριάδος,
2982 4082 3441 4154 συνδοξαζὸμενος
3469 4087 3549 4156 τῷ
3600 4091 3774 4160 Πατρὶ

2195 4170 2291 4223 καί⁵
2353 4169 2432 4240 τῷ
2480 4171 2620 4240 ἁγίῳ
2669 4171 3101 4243 Πνεύματιβθ).
3182 4176 3318 4229 Οὐδὲ
3340 4176 3453 4249 γάρ
3508 4183 3773 4251 τετάρτου

2195 4261 2489 4333 προσώπου
2528 4264 2846 4337 προσθήκην
2876 4266 3227 4338 ὲπεδέξατοή
3273 4269 3404 4337 ἁγία
3451 4272 3648 4344 Τριάς,
3686 4278 3777 4329 καὶ

518 4375 548 4412 c
577 4368 765 4413 sancta
800 4356 1091 4433 Trinitate,
1114 4356 1209 4426 qui
1244 4370 1370 4411 cum
1392 4355 1554 4410 Patre
1583 4362 1639 4411 et
1660 4365 1848 4411 sancto
1882 4355 2091 4427 Spiritu

2204 4354 2581 4425 σαρκωθέντος
2613 4355 2708 4410 τοῦ
2755 4357 2874 4422 ὲνὸς
2907 4358 3006 4429 τῆς
3045 4359 3207 4427 ἁγίας
3239 4362 3471 4431 Τριάδος
3504 4366 3645 4421 Θεοῦ
3679 4369 3781 4423 A6-

517 4446 875 4517 gloriflcatur.
910 4446 1101 4516 Neque
1139 4445 1291 4499 enim
1318 4454 1531 4515 quartae
1560 4460 1808 4514 persona
1833 4446 2094 4516 adjectio-

518 4553 644 4595 nem
674 4545 1029 4593 sacrosancta
1053 4535 1297 4589 Trinitas
1328 4535 1561 4604 accepit,
1590 4544 1877 4606 postquam
1907 4537 2091 4591 incar-

516 4637 680 4684 natus
710 4635 798 4682 est
830 4641 979 4681 unus
1011 4641 1043 4681 e
1080 4635 1269 4680 sancta
1299 4624 1594 4691 Triuitate,
1621 4626 1767 4680 Deus
1793 4627 2035 4682 Verbum
2075 4645 2087 4681 :

517 4717 612 4773 sed
639 4731 783 4772 unus
804 4714 1062 4784 idemque
1083 4720 1170 4769 est
1198 4713 1468 4769 Dominus
1517 4721 1708 4768 noster
1737 4714 1897 4770 Jesus
1924 4714 2089 4771 Chri-

514 4819 652 4873 stus,
697 4805 1182 4864 consubstantialis
1228 4804 1450 4877 quidem
1478 4805 1591 4860 Deo
1631 4804 1779 4861 Patri
1823 4817 2089 4877 quantum

2196 4462 2328 4515 γου·
2392 4447 2509 4500 ἀλλ’
2559 4447 2707 4503 ἐστιν
2766 4444 2849 4512 εἷς
2897 4451 3049 4505 καὶὸ
3078 4452 3241 4516 αὐτὸς
3290 4457 3320 4507 ὁ
3350 4455 3557 4528 Κύριος
3619 4462 3783 4533 ἡμῶν

2210 4536 2417 4606 Ἰησοῦς
2445 4538 2703 4609 Χριστὸς,
2737 4540 3021 4610 ὁμοούσιος
3044 4541 3121 4612 τῷ
3151 4541 3269 4614 Θεῷ
3298 4546 3395 4599 καλ⁵
3427 4549 3603 4618 Πατρὶ
3634 4552 3782 4606 κατὰ

2196 4626 2294 4698 τὴν
2322 4628 2571 4700 θεότητα,
2602 4631 2696 4684 καλ⁴
2730 4632 3019 4701 ὀμοούσιος
3066 4633 3198 4704 ἡμῖν
3230 4635 3258 4686 ὁ
3291 4636 3458 4702 αὐτὸς
3501 4639 3650 4694 κατὰ
3686 4643 3781 4712 τὴν

2184 4719 2613 4790 άνθρωπότηταο
2640 4722 2882 4794 παθητὸς
2916 4726 3106 4795 σαρκὶ,
3153 4726 3249 4779 καὶ
3287 4728 3512 4797 ἀπαθὴς
3548 4733 3579 4784 ὁ
3614 4733 3783 4798 αὐτὸς

2198 4812 2256 4863 ἐν
2282 4810 2515 4883 θεότητι.
2537 4812 2611 4865 Ού
2634 4813 2745 4883 γάρ
2767 4813 2926 4868 ἄλλον
2949 4815 3042 4868 τὸν
3061 4815 3193 4869 Θεὸν
3217 4817 3390 4888 Λόγον
3412 4820 3503 4875 τὸν
3525 4821 3631 4877 θαυ
3642 4842 3783 4895 ματ-

1724 4973 1985 5034 VALESII
2017 4977 2574 5037 ANNOTATIONES.

591 5091 858 5165 (30)_"0c_
894 5091 1026 5165 {gn
1072 5090 1153 5165 τῷ
1189 5091 1374 5165 Harp!
1450 5090 1549 5146 καὶ
1574 5090 1669 5165 τῷ
1696 5089 1842 5165 (il-[cp
1896 5092 2088 5165 Πνεύτ

510 5160 681 5234 μαι-ιἒ
703 5160 862 5234 Apud
900 5160 1273 5234 Nicephorum
1302 5162 1378 5234 in;
1399 5177 1521 5231 cap.
1573 5161 1661 5228 35,
1694 5160 1806 5234 lib.
1831 5176 1961 5234 xvii,
1996 5162 2087 5218 ubi

519 5229 626 5291 hoc
655 5229 858 5290 Justini
908 5231 1259 5301 imperatoris
1292 5229 1534 5287 edictum
1583 5234 1651 5287 de
1684 5232 1801 5301 ﬁde
1825 5229 2083 5301 refertur,

517 5307 610 5361 hic
642 5305 800 5359 locus
835 5302 915 5373 ita
958 5300 1161 5373 legitur
1190 5302 1338 5373 :A'O;
1384 5304 1501 5356 ἐστι
1532 5302 1611 5372 τῷ
1643 5300 1818 5369 Πατρὶ
1869 5303 1963 5353 κα)⁸
2014 5305 2094 5373 τῷ

516 5376 657 5458 ﬁt?
679 5370 987 5458 ΔΠνεύραιι
1022 5370 1173 5458 ⁷ῑσ2ς.
1202 5370 1376 5454 ρυριῐι
1420 5370 1967 5458 ιοοιίοιιοέηβεςιιιυε
2001 5370 2087 5458 est

512 5441 1065 5512 Christophorsonus.
1095 5441 1186 5497 Sic
1206 5442 1357 5497 enim
1393 5444 1563 5498 vertit
1591 5461 1604 5496 :
1640 5442 1743 5508 Qui
1767 5446 1843 5493 est
1865 5442 2086 5512 atque“;

511 5513 674 5584 Patri
715 5510 1026 5584 etprSpiritui
1055 5522 1258 5584 sancto.
1294 5512 1460 5583 Atqui
1483 5514 1590 5568 hoc
1611 5515 1736 5584 loco
1762 5524 1871 5584 non
1906 5511 2087 5580 agitur

510 5582 582 5655 de
608 5578 920 5655 aequalitate
943 5581 1120 5655 Patris
1143 5598 1214 5655 ac
1229 5584 1351 5655 Filii
1382 5578 1400 5637 Ξ
1440 5584 1637 5655 εθᾶᾼειι
1664 5578 1917 5655 Christus
1944 5578 2085 5638 unus

506 5654 587 5709 sit
619 5651 690 5708 ei
733 5651 1022 5722 Trinitate.
1061 5653 1286 5708 Rectius
1320 5653 1503 5722 itaque
1548 5652 1698 5707 hunc
1738 5652 1919 5706 locum
1948 5665 2083 5722 sup-

521 5723 662 5792 plevi
685 5738 752 5777 ex
785 5721 993 5790 optimo
1019 5723 1207 5778 codice
1237 5718 1554 5777 Florentino
1585 5723 1640 5777 in
1668 5722 1814 5775 hunc
1836 5718 2080 5776 modum.

2200 5094 2299 5177 ’ξος
2329 5095 2476 5177 ἐστιν
2508 5095 2771 5177 ὁΔΚύριος
2801 5096 2964 5177 ημῶν
2982 5098 3202 5177 ,Ἰησοῦς
3242 5095 3539 5177 ξριστὸςὸ
3567 5100 3652 5177 εἷς
3687 5107 3784 5177 τῆς

2198 5165 2360 5249 άγίας
2373 5165 2667 5249 ΠΤριαδος,
2704 5165 3309 5249 σὐνδοξαζόμενος-τςξί
3329 5173 3509 5249 Πατρὶ
3539 5165 3651 5249 ’καὶ
3708 5165 3786 5249 τῷ

2197 5236 2338 5306 ἁγίῳ
2372 5237 2671 5306 Πνεύματι.
2717 5236 2905 5293 Codex
2938 5236 3121 5293 autem
3162 5236 3513 5299 Tcllerianits
3536 5243 3613 5299 ita
3643 5236 3787 5304 seri:-

2206 5316 2362 5389 ptum
2418 5306 2604 5389 habet,
2635 5307 2873 5389 ᾆςξστιν
2903 5310 2961 5388 εν
2983 5379 2995 5389 _
3014 5308 3092 5379 τῷ
3126 5310 3318 5389 ’Πατρὶ
3361 5315 3456 5389 καὶ
3509 5315 3591 5384 τῷ
3622 5318 3783 5389 -ἀγξφ

2190 5374 2504 5461 ili/separa.
2529 5374 2675 5461 [Sed
2697 5377 2998 5433 Florentini
3038 5374 3274 5461 codicis"
3300 5374 3587 5461 scriptura
3622 5374 3783 5461 longe

2189 5446 2548 5519 anteferenda
2577 5455 2720 5519 est;
2776 5464 2943 5519 quam
2972 5450 3261 5519 confirmat
3308 5446 3671 5512 Justinianus
3716 5446 3767 5514 Iun

2199 5517 2383 5590 edicto
2437 5515 2694 5590 _de_fide_,
2747 5515 2868 5590 pag.
2924 5517 3028 5573 804
3054 5517 3308 5590 (ihronici
3347 5522 3716 5582 Alexandrini
3763 5546 3781 5582 :

2188 5585 2367 5710 Eujusr
2386 5586 2551 5728 eiiilclti
2577 5585 3010 5645 verba—Justinus
3032 5589 3231 5646 Junior
3250 5590 3305 5645 iu
3335 5592 3588 5649 edictum
3618 5611 3779 5654 suum

2216 5672 2339 5709 rans
2368 5673 2417 5709 ur
2444 5674 2455 5710 ι
2492 5696 2504 5710 .

2191 5664 2504 5710 ιΓτιηδΙύιΙίι.
