4114 6296
453 297 595 363 2797

1427 296 1813 359 HISTORI/E
1852 292 2444 356 ECCLESIASTlCzE
2480 291 2713 351 LIBER
2747 293 2811 354 V.

3568 262 3706 353 2793

452 413 829 487 ουργήσαντα,
877 416 971 468 καὶ
999 413 1157 469 ἄλλον
1197 411 1290 466 τὸν
1333 410 1573 465 παθόντα
1640 408 1983 479 ἐπιστάμεθα
2011 422 2026 438 °

2137 406 2198 461 ad
2228 407 2601 478 divinitatem,
2629 404 3117 461 eonsubstantialis
3135 414 3318 459 autem
3344 405 3504 462 nobis
3530 421 3706 478 quan-

455 508 572 564 m'
620 509 716 561 ἕνα
741 508 837 560 καὶ
874 506 965 560 τὸν
1005 505 1166 560 αὑτὸν
1204 502 1572 575 ὁμολογοῦμεν
1619 500 1824 572 Κύριον
1872 499 2030 569 ἡμῶν

467 596 676 670 Ἰησοῦν
718 595 952 668 Χριστὸν
980 594 1073 648 τὸν
1121 592 1215 649 τοῦ⁹
1256 592 1393 648 Θεοῦ
1431 593 1625 661 Λόγον,
1680 590 2032 662 σαρκωθέντα

456 690 551 743 καὶ
566 687 785 750 τελείως
802 685 1321 757 ὲνανθρωπήσαντα,
1351 682 1446 736 καὶ
1474 683 1591 747 ἐνὸς
1625 683 1718 736 καὶ
1743 681 1835 734 τοῦ
1865 678 2031 735 αὑτοῦ

456 779 524 832 τά
550 794 611 830 τε
648 776 921 848 θαύματα,
978 777 1072 829 καὶ
1109 776 1180 829 τὰ
1228 775 1400 846 πάθη,
1439 774 1584 845 ἅπερ
1632 771 1896 834 ἑκουσίως
1926 772 2028 823 ὑπ-

457 869 641 941 έμεινε
686 869 851 940 σαρκὶ
875 868 963 922 διὰ
1006 865 1105 939 τὴν
1150 867 1423 938 ἡμετέραν
1483 863 1778 936 σωτηρίαν.
1815 864 1889 917 Οὑ
1922 861 2031 932 γὰρ

455 961 744 1033 ἄνθρωπός
805 979 889 1024 τις
941 961 1133 1014 ἑαυτὸν
1169 961 1311 1031 ὑπὲρ
1367 958 1523 1029 ἡμῶν
1579 957 1848 1011 δέδωκεν⁹
1914 954 2028 1008 ἀλλ’

456 1052 621 1115 αὑτὸς
669 1053 698 1104 ό
729 1050 862 1115 Θεὸς
914 1051 1089 1118 Λόγος
1138 1051 1423 1123 ἀτρέπτως
1462 1050 1751 1120 γενόμενος
1822 1047 2031 1119 ἄνθρω-

458 1157 597 1204 πος,
659 1139 721 1193 τό
792 1156 851 1193 τε
920 1140 1181 1195 ἑκούσιον,
1237 1141 1430 1204 πάθος,
1494 1142 1587 1194 καὶ
1647 1140 1738 1192 τὸν
1803 1139 2031 1193 θάνατον

456 1232 598 1303 ὑπὲρ
646 1233 806 1303 ἡμῶν
852 1234 1022 1305 σαρκὶ
1092 1234 1440 1300 κατεδέξατο.
1501 1235 1609 1287 Καὶ
1665 1233 1797 1286 Θεὸν
1852 1233 2031 1286 τοίνυν

456 1326 617 1379 αὑτὸν
674 1324 1105 1394 ὁμολογοῦντες,
1159 1327 1260 1379 οὑκ
1338 1326 1642 1395 ἀθετοῦμεν
1715 1325 1810 1378 τοῦ
1892 1319 2030 1378 εἶναι

457 1415 620 1468 αὑτὸν
650 1414 745 1469 καὶ
766 1415 1087 1486 ἄνθρωπον
1131 1418 1227 1469 καὶ
1288 1416 1576 1485 ἄνθρωπον
1622 1416 1784 1469 αὑτὸν
1839 1415 2032 1485 (Spole-

458 1509 701 1576 γοῦντες,
739 1508 838 1562 οὑκ
882 1508 1195 1579 ἀρνούμεθα
1228 1508 1323 1562 τοῦ
1359 1505 1501 1562 εῖναι
1548 1509 1836 1565 αὑτὸν,κα“ι
1873 1509 2027 1561 Θεόν.

461 1599 627 1653 Ὅθεν
659 1599 754 1652 ἕνα
786 1600 993 1654 καὶτὸν
1016 1600 1179 1654 αὐτὸν
1228 1600 1288 1667 ἐξ
1337 1600 1602 1670 ἑκατέρας
1635 1601 1873 1670 φύσεως,
1910 1600 2029 1654 θεό-

460 1705 624 1758 τητος
674 1688 770 1741 καὶ
839 1689 1278 1759 ἀνθρωπότητος,
1336 1688 1588 1742 σύνθετον
1642 1687 2032 1758 ὁμολογοῦντες

460 1780 553 1833 τὸν
594 1779 797 1851 Κύριον
850 1779 1010 1849 ἡμῶν
1074 1780 1279 1850 Ἰησοῦν
1324 1780 1583 1852 Χριστὸν,
1645 1779 1904 1849 σύγχυσιν
1963 1779 2032 1849 τῇ

463 1872 654 1926 ὲνὼσει
709 1873 810 1926 οὑκ
870 1871 1397 1943 ὲπεισόιγομενβι).
1432 1873 1504 1925 Οὑ
1562 1871 1672 1944 γὰρ
1717 1873 1800 1925 ὅτι
1838 1870 2032 1937 γέγονε

461 1962 585 2017 καθ’
605 1965 754 2032 ἡμᾶς
798 1963 1106 2036 ἄνθρωπος,
1143 1964 1205 2017 τὸ
1237 1960 1377 2031 εἶναι
1418 1963 1547 2027 Θεὸς
1576 1963 1831 2018 ἀπολέσει
1859 1978 1873 1990 ·
1908 1959 2031 2014 οὔτε

467 2053 575 2124 μὴν
603 2054 686 2107 ὅτι
712 2053 842 2116 Θεὸς
873 2054 1015 2109 κατὰ
1046 2053 1209 2121 φύσιν
1247 2054 1417 2115 ἐστὶν,
1448 2053 1544 2106 καὶ
1587 2052 1688 2122 τὴν
1717 2052 1854 2123 πρὸς
1885 2053 2034 2121 ἡμᾶς

462 2144 722 2213 ὁμοίωσιν
757 2145 1136 2216 ἅπαράδεκτον
1171 2143 1283 2214 ἔχει
1305 2184 1319 2206 ,
1358 2144 1451 2198 καὶ
1483 2144 1543 2197 τὸ
1576 2142 1859 2214 ἄνθρωπος
1893 2138 2033 2195 εἶναι

464 2236 885 2306 παραιτήσεται.
919 2236 1216 2308 Μεμένηκε
1248 2233 1515 2305 δὲῶσπερ
1548 2236 1606 2287 ὲν
1651 2234 2035 2304 ἀνθρωπότητι

464 2325 617 2388 Θεὸς,
646 2325 788 2378 οὑτω
818 2325 912 2379 καὶ
939 2324 999 2380 ἐν
1027 2326 1269 2397 ὑπεροχῇ
1305 2325 1558 2395 θεότητος
1588 2323 1687 2391 ὢν,
1717 2324 2031 2396 ἄνθρωπος,

463 2416 616 2469 οὐδὲν
642 2410 807 2487 ἦττον
831 2432 844 2445 ·
879 2415 1047 2486 ἄμφω
1074 2416 1131 2469 δὲ
1164 2414 1240 2469 ὢν
1267 2417 1326 2469 ὲν
1352 2414 1551 2485 ταυτῷ,
1583 2418 1678 2475 καὶ
1705 2411 1786 2480 εἷς
1815 2415 1947 2478 Θεός
1976 2431 2035 2468 τε

465 2504 600 2574 ὁμοῦ
656 2505 752 2558 nati.
803 2503 1090 2573 ἄνθρωπος
1143 2506 1172 2558 ὁ
1230 2503 1604 2574 Ἐμμανουήλ.
1651 2503 1755 2556 Τὸν
1795 2502 1956 2557 αὑτὸν
1981 2502 2036 2557 δὲ

465 2597 857 2668 ὁμολογοῦντες
899 2598 958 2651 ὲν
990 2597 1220 2666 Θεότητι
1254 2596 1479 2657 τέλειον.
1513 2596 1610 2648 καὶ
1650 2594 2033 2666 ἀνθρωπότητι

466 2690 690 2752 τέλειον,
728 2690 787 2753 ἐξ
833 2681 910 2742 ὧν
934 2688 1024 2741 καὶ
1064 2687 1346 2758 συνετέθη,
1383 2686 1651 2757 διαίρεσιν
1680 2689 1778 2755 μὲν
1798 2686 1898 2756 τὴν
1933 2685 2037 2739 ἀνὰ

469 2777 657 2850 μέρος,
688 2777 722 2846 ἢ
750 2780 922 2847 τομὴν
956 2777 1055 2831 οὑκ
1077 2777 1407 2847 ἐπιφέρομεν
1436 2779 1500 2846 τῇ
1536 2777 1635 2846 μιᾷ
1664 2776 1829 2829 αὑτοῦ
1854 2774 2040 2830 συνθέ-

466 2886 542 2937 up
581 2869 897 2921 ὑποστάσει·
938 2868 1037 2939 τὴν
1067 2868 1124 2921 δὲ
1155 2868 1419 2938 διαφορὰν
1451 2868 1558 2919 τῶν
1586 2867 1803 2935 φύσεων
1837 2867 2038 2937 σημαί-

468 2976 653 3028 νομεν,
683 2961 785 3013 οὑκ
814 2939 1214 3030 ἀναιρουμένην
1243 2959 1334 3013 διὰ
1373 2959 1469 3030 τὴν
1505 2959 1718 3011 ἕνωσιν.
1754 2958 1890 3011 Οὑτε
1930 2958 2038 3030 γὰρ

470 3054 504 3120 ἠ
538 3051 659 3105 θεία
683 3051 846 3119 φύσις
875 3055 957 3116 είς
988 3052 1086 3125 τὴν
1113 3053 1462 3123 ἀνθρωπείαν
1491 3050 1819 3121 μετεδλήθη,
1849 3051 1972 3103 οὔτε
2005 3053 2036 3121 ὴ

471 3144 790 3214 ἀνθρωπεία
818 3145 974 3214 φύσις
999 3147 1077 3207 εἰς
1122 3145 1221 3216 τὴν
1264 3145 1413 3199 θείαν
1453 3145 1688 3216 ἐτράπη.
1720 3145 2039 3213 Νοουμένης

469 3234 525 3288 δὲ
557 3234 751 3305 μᾶλλον
780 3235 876 3290 καὶ
908 3235 1262 3305 ὑπαρχούσης
1290 3235 1399 3307 (52)
1433 3237 1698 3305 ἑκατέρας
1731 3238 1789 3288 ὲν
1825 3235 1903 3305 τῷ
1939 3234 2038 3303 τῆς

474 3324 610 3388 ἰδίας
647 3325 862 3393 φύσεως
895 3327 1005 3397 ὅρῳ
1026 3344 1086 3379 τε
1131 3328 1226 3380 καὶ
1289 3326 1432 3396 λόγῳ
1483 3327 1796 3398 πεπρᾶχθαί
1856 3345 2039 3397 φαμεν

467 3418 566 3488 τὴν
597 3417 790 3472 ἕνωσιν
830 3417 953 3472 καθ’
1000 3419 1320 3473 ὑπόστασιν.
1369 3420 1432 3473 Ἦ
1465 3421 1521 3474 δὲ
1561 3420 1684 3473 καθ’
1743 3420 2040 3474 ὑπόστασιν

470 3505 665 3569 ἓνωσις
692 3507 841 3577 δηλοῖ
869 3509 950 3561 ὅτι
982 3509 1010 3561 ὁ
1038 3507 1170 3571 Θεὸς
1189 3510 1379 3577 Λόγος,
1405 3512 1682 3565 τουτέστιν
1708 3514 1740 3582 ἡ
1781 3513 1877 3582 μία
1908 3512 2042 3565 ὑπό-

472 3609 660 3658 στασις
714 3596 823 3649 τῶν
880 3597 1048 3667 τριῶν
1090 3599 1189 3668 τῆς
1244 3597 1495 3670 θεότητος
1548 3600 1919 3665 ὑποστάσεων,
1978 3602 2039 3656 οὑ

470 3686 874 3755 προὺποστάντι
921 3687 1196 3759 ἀνθρώπῳ
1244 3688 1449 3760 ήνώθη,
1496 3689 1613 3743 ἀλλ’
1647 3692 1706 3744 ὲν
1725 3693 1791 3761 τῇ
1840 3693 2038 3762 γαστρὶ

470 3775 567 3840 τῆς
622 3777 922 3848 Δεσποίνης
970 3778 1128 3848 ἡμῶν
1169 3779 1267 3848 τῆς
1309 3779 1471 3846 ἁγίας
1524 3780 1738 3844 ἐνδόξου
1771 3780 2034 3835 Θεοτόκου

2136 508 2251 555 tum
2285 500 2351 555 ad
2375 501 2775 554 humanitatem
2805 518 2818 553 :
2853 498 3095 570 patibilis
3122 500 3341 569 quidem
3366 516 3552 566 carne,
3587 500 3707 556 dei-

2132 597 2243 645 tate
2265 605 2399 644 vero
2428 589 2770 660 impatibilis.
2800 590 2987 658 Neque
3011 589 3157 643 enim
3183 589 3351 643 alium
3377 592 3549 644 Deum
3574 590 3710 645 Ver-

2132 680 2264 736 bum
2294 681 2390 750 qui
2418 681 2681 735 miracula
2714 680 3074 750 perpetravit,
3110 688 3167 735 et
3199 681 3367 734 alium
3392 682 3486 751 qui
3518 697 3709 751 passus

2133 780 2218 827 est
2251 775 2598 844 agnoscimus
2629 791 2641 826 :
2672 773 2767 828 sed
2792 789 2959 827 unum
2993 772 3361 844 eumdemque
3384 773 3711 829 confitemur

2131 862 2424 917 Dominum
2473 872 2722 918 nostrum
2750 863 2934 930 Jesum
2976 863 3277 928 Christum,
3316 864 3412 920 Dei
3441 864 3705 928 Verbum,

2134 952 2481 1009 inearnatum
2513 962 2568 1011 et
2603 955 2842 1026 perfecte
2879 956 3158 1010 hominem
3190 957 3417 1021 factum,
3452 965 3509 1010 et
3545 957 3711 1012 unius

2132 1046 2490 1117 ejusdemque
2514 1062 2635 1101 esse
2661 1055 2772 1101 tum
2799 1047 3087 1109 miracula,
3111 1058 3222 1101 tum
3243 1049 3550 1116 passiones,
3576 1064 3711 1118 quas

2133 1137 2326 1192 salutis
2347 1146 2549 1192 nostrae
2579 1152 2767 1202 causa,
2802 1153 2898 1191 sua
2926 1146 3120 1206 sponte
3154 1137 3209 1191 in
3232 1153 3395 1192 carne
3424 1138 3706 1192 susrinuit.

2133 1228 2253 1282 Non
2284 1229 2430 1283 enim
2456 1229 2623 1282 homo
2650 1228 2855 1298 aliquis
2878 1229 3119 1297 seipsutn
3155 1229 3379 1283 tradidit
3406 1245 3501 1298 pro
3524 1228 3706 1293 nobis,

2134 1320 2227 1373 sed
2266 1319 2498 1389 ipsemet
2546 1321 2692 1375 Deus
2734 1321 2998 1384 Verbum,
3039 1321 3156 1375 sine
3202 1322 3311 1375 ulla
3346 1323 3712 1376 conversione

2134 1410 2300 1465 homo
2333 1410 2530 1477 factus,
2567 1419 2925 1481 spontaneam
2958 1411 3270 1481 passionem
3302 1427 3365 1466 ac
3397 1422 3630 1468 mortem
3657 1410 3710 1464 in

2133 1517 2301 1558 carne
2334 1518 2437 1573 pro
2462 1503 2624 1558 nobis
2653 1503 2844 1558 subiit.
2881 1502 3071 1572 Itaque
3117 1519 3243 1558 cum
3296 1503 3451 1558 illum
3479 1504 3711 1559 confite-

2135 1610 2261 1648 mur
2293 1594 2490 1660 Deum,
2540 1593 2796 1649 eumdem
2839 1609 3059 1664 quoque
3110 1594 3393 1650 hominem
3436 1610 3558 1651 esse
3602 1610 3712 1648 non

2136 1685 2447 1741 inficiamur
2486 1703 2499 1738 :
2541 1694 2597 1753 et
2635 1701 2760 1741 cum
2806 1685 2961 1741 illum
3009 1685 3288 1741 hominem
3327 1700 3447 1742 esse
3481 1685 3712 1741 confitc-

2136 1792 2279 1841 mur,
2329 1791 2440 1831 non
2497 1776 2707 1831 idcirco
2757 1792 3022 1847 negamus
3067 1776 3320 1831 eumdem
3373 1792 3494 1831 esse
3544 1777 3710 1830 etiam

2135 1869 2330 1923 Deum.
2385 1868 2542 1924 Unde
2596 1868 2727 1922 dum
2780 1884 2949 1923 unum
3004 1868 3372 1940 eumdemque
3421 1867 3712 1921 Dominum

2133 1966 2383 2014 nostrum
2403 1942 2591 2015 desum
2613 1959 2895 2014 Christum
2921 1976 2985 2015 ex
3011 1968 3243 2029 utraque
3267 1968 3482 2021 natura,
3508 1958 3713 2013 deitate

2134 2048 2346 2103 scilicet
2376 2058 2544 2119 atque
2578 2049 2924 2104 humanitate
2955 2049 3323 2119 compositum
3359 2036 3709 2119 profitemur,

2135 2139 2517 2194 confusionem
2568 2155 2679 2194 non
2732 2140 3222 2211 superinducimus
3277 2140 3541 2195 unitioni.
3590 2139 3712 2195 Non

2134 2231 2283 2285 enim
2309 2246 2376 2286 eo
2405 2233 2552 2302 quod
2577 2233 2809 2302 perinde
2833 2249 2897 2289 ac
2914 2233 3079 2306 5,30
3098 2249 3198 2287 nos
3222 2232 3388 2288 homo
3410 2232 3585 2287 factus
3607 2239 3710 2297 est,

2136 2325 2282 2378 Deus
2312 2339 2433 2378 esse
2481 2324 2698 2379 desinet
2751 2342 2763 2378 :
2813 2340 2916 2381 nec
2964 2340 3161 2381 rursus
3208 2340 3275 2379 eo
3322 2322 3468 2395 quod
3517 2332 3713 2377 natura

2136 2414 2282 2469 Deus
2303 2422 2404 2478 est,
2435 2422 2492 2470 et
2528 2415 2906 2471 similitudinis
2939 2424 3143 2471 nostra:
3172 2416 3596 2486 haudquaquam
3626 2428 3716 2468 ea»

2138 2521 2266 2576 pax,
2304 2507 2470 2562 homo
2512 2521 2634 2562 esse
2672 2507 2967 2562 recusabit.
3000 2507 3215 2577 Quippe
3258 2514 3319 2561 ut
3359 2507 3413 2560 in
3455 2504 3714 2560 humani-

2140 2606 2250 2653 tate
2290 2599 2453 2662 Deus,
2501 2598 2581 2653 sic
2634 2597 2691 2652 in
2743 2600 3025 2677 majestate
3075 2600 3305 2654 Deitatis
3353 2599 3711 2661 constitutus,

2139 2698 2323 2745 manet
2349 2691 2713 2747 nihilominus
2744 2693 2908 2747 homo
2946 2710 2959 2745 :
2992 2699 3293 2763 utrumque
3334 2692 3498 2747 simul
3564 2691 3713 2747 exsi-

2140 2792 2291 2837 stens
2349 2797 2511 2847 unus,
2572 2783 2717 2836 Deus
2786 2782 2997 2838 scilicet
3056 2790 3219 2851 atque
3267 2783 3452 2847 homo,
3493 2781 3716 2836 Emma-
3770 2850 3775 2853 _

2139 2873 2289 2927 nuel.
2332 2872 2502 2927 Porro
2534 2887 2659 2926 eum
2695 2873 2849 2937 illum
2889 2874 2942 2927 in
2975 2873 3261 2927 divinitate
3299 2873 3629 2942 perfectum,
3659 2880 3716 2927 et

2140 2964 2443 3034 perfectum
2497 2965 2552 3018 in
2597 2965 2960 3029 humanitate,
3005 2981 3072 3020 ex
3124 2966 3329 3035 quibus
3376 2967 3716 3037 compositus

2140 3064 2243 3116 est,
2277 3055 2623 3120 confitemur,
2663 3057 2759 3111 uni
2798 3058 2919 3127 ejus
2956 3059 3277 3128 composita:
3308 3074 3553 3127 persona:
3594 3042 3717 3128 par-

2066 3127 2108 3184 C
2144 3147 2428 3205 ticularem
2464 3148 2792 3204 divisionem
2826 3150 3239 3206 autsectionem
3262 3166 3371 3206 non
3395 3151 3714 3217 inferimus;

2144 3240 2240 3294 sed
2272 3248 2593 3295 naturarum
2626 3241 2992 3297 diﬂ‘erentiam
3016 3258 3139 3313 quae
3166 3259 3263 3313 per
3297 3244 3601 3298 unitionem
3623 3259 3718 3300 nc-

2145 3344 2422 3400 quaquam
2454 3331 2686 3395 tollitur,
2728 3333 3058 3388 indicamus.
3094 3332 3228 3387 Nam
3271 3348 3374 3388 nec
3407 3333 3591 3388 divina
3621 3350 3718 3389 na-

2148 3428 2272 3474 tura
2304 3422 2359 3475 in
2391 3421 2686 3475 humanam
2718 3432 2927 3477 mutata
2956 3432 3061 3488 est,
3088 3410 3454 3479 nee-humana
3486 3425 3541 3479 in
3574 3425 3718 3479 divi-

2145 3529 2270 3568 nam
2302 3529 2587 3570 eonversa.
2625 3514 2735 3570 Sed
2765 3525 2998 3585 utraque
3024 3517 3207 3586 potius
3244 3518 3526 3571 intellecta
3556 3526 3719 3588 atque

2143 3607 2444 3661 exsistente
2469 3608 2525 3663 in
2554 3609 2794 3677 propriae
2832 3616 3044 3662 naturae
3073 3606 3396 3662 definitione
3425 3616 3589 3677 atque
3629 3624 3719 3662 ra-

2142 3698 2314 3761 tione,
2368 3698 2676 3752 unitionem
2726 3697 2927 3753 factam
2968 3712 3090 3754 esse
3133 3699 3370 3753 dicimus
3414 3700 3719 3753 secundum

2142 3801 2435 3855 personam
2471 3804 2485 3841 :
2523 3787 2702 3842 unitio
2729 3803 2862 3843 vero
2901 3787 3204 3843 secundum
3239 3803 3529 3858 personam
3563 3789 3616 3844 id
3643 3788 3717 3843 si-

1660 3928 1930 3986 VALESII
1958 3930 2401 3989 ANNOTATION
2410 3933 2512 3990 ES.

542 4046 654 4117 (5i)
714 4047 1025 4114 Σύγκυσιν
1066 4045 1144 4117 τῇ
1188 4045 1403 4099 ἐνώσει
1450 4046 1562 4117 οὐξι
1619 4034 2038 4117 ἐπειονέἱγομεν.

471 4114 608 4171 Male
648 4117 796 4171 hunc
840 4117 1021 4185 locum
1061 4115 1458 4185 interpretatur
1500 4114 2042 4184 Christophorsonus

473 4186 576 4241 hoc
606 4186 770 4240 modo
802 4204 814 4238 :
848 4184 963 4239 Non
992 4184 1347 4254 confusiOnem
1374 4187 1429 4239 in
1457 4186 1714 4238 unitatem
1752 4185 2042 4238 introduci-

473 4272 608 4309 mus.
631 4256 744 4310 Nec
772 4256 975 4310 rectius
1008 4253 1287 4310 Musculus
1315 4256 1410 4323 qui
1442 4256 1524 4309 sic
1544 4255 1712 4308 vertit
1737 4272 1749 4306 :
1777 4253 2042 4308 Unitatem

472 4341 576 4379 non
605 4325 990 4394 confundimus.
1027 4325 1131 4379 Sed
1163 4325 1465 4380 Musculum
1499 4324 1722 4394 quidem
1753 4324 2042 4393 haudqua-

471 4410 636 4464 quam
670 4393 862 4457 miror,
881 4395 979 4463 qui
1021 4395 1075 4448 in
1115 4396 1219 4448 hoc
1251 4395 1434 4449 edicto
1462 4393 1665 4450 Justini
1705 4393 1899 4464 ἕνωσιν
1921 4409 2043 4462 per-

2149 4048 2383 4124 prietate
2434 4048 2669 4104 facimus
2709 4068 2722 4103 :
2759 4066 2943 4124 quam,
2972 4053 3048 4107 illi
3105 4054 3328 4124 penitus
3380 4051 3713 4123 ignorantes,

2150 4120 2410 4191 unionem
2433 4128 2699 4191 putarunt
2719 4122 2857 4175 nihil
2878 4123 3024 4177 aliud
3050 4120 3171 4177 esse
3195 4138 3356 4191 quam
3390 4120 3714 4179 unitionem.

2148 4187 2313 4256 Atqui
2364 4189 2510 4243 inter
2567 4190 2826 4245 unionem
2866 4200 2923 4246 et
2948 4187 3252 4247 unitionem
3284 4202 3494 4246 tantum
3526 4193 3721 4247 discri-

2150 4257 2317 4332 minis
2361 4266 2465 4332 est,
2511 4268 2779 4332 quantum
2828 4261 2971 4316 inter
3027 4263 3226 4332 μονάδα
3267 4270 3325 4316 et
3392 4263 3606 4317 ἕνωσιν.
3657 4262 3717 4318 In

2151 4329 2357 4400 unione
2406 4330 2522 4382 sive
2564 4330 2784 4400 unitate
2813 4332 2949 4385 nihil
2976 4329 3061 4387 est
3088 4333 3195 4386 nisi
3227 4331 3481 4400 simplex.
3512 4332 3571 4386 In
3595 4333 3721 4387 uni-
3753 4342 3757 4355 ‘

2151 4397 2298 4451 tione
2344 4412 2478 4472 vero
2502 4399 2712 4472 aliquid
2745 4403 3058 4456 necessario
3090 4397 3417 4472 intelligitur
3441 4403 3717 4472 composi-

471 4458 638 4533 petuo
666 4465 836 4541 vertit
860 4458 1117 4541 unitatem
1154 4465 1304 4534 gravi
1333 4480 1548 4541 errore.
1586 4463 1852 4541 Eumdem
1879 4458 2041 4541 erro:
2076 4458 2116 4512 ο
2149 4475 2262 4541 tum
2300 4482 2367 4521 ex
2387 4458 2625 4541 duobus.
2655 4468 2819 4526 Certe
2845 4481 3004 4526 vetus
3034 4458 3308 4540 interpres
3334 4471 3523 4541 synodi
3551 4458 3717 4526 Chal-

473 4548 593 4604 rem,
632 4533 854 4604 admisit
895 4536 981 4587 vir
1025 4533 1223 4588 doctus
1267 4535 1357 4602 qui
1397 4534 1699 4604 fragmenta
1742 4533 2038 4603 Ephrremii

469 4603 859 4674 Antiochensis
899 4605 1141 4674 episcopi
1194 4605 1248 4674 in
1274 4603 1529 4658 Latinum
1562 4619 1873 4674 sermonem
1911 4619 2038 4657 ver-

475 4673 560 4743 tit,
600 4688 725 4742 qua:
771 4673 1031 4743 leguntur
1086 4673 1142 4727 in
1182 4673 1508 4727 Bibliotheca
1540 4674 1742 4728 Photii.
1795 4673 2041 4728 Christo-

472 4742 786 4813 phorsonus
842 4742 982 4798 vero
1028 4744 1124 4812 qui
1165 4745 1359 4796 ἔναυσιν
1401 4743 1789 4813 copulationem
1834 4744 2065 4812 ubique-

471 4811 891 4880 interpretatur,
917 4828 1019 4867 cur
1050 4811 1163 4868 hoc
1192 4813 1313 4868 loco
1336 4811 1496 4868 aliter
1528 4814 1924 4882 interpretatus
1945 4813 2038 4877 sit,

471 4882 730 4952 equidem
755 4883 992 4952 nescio.
1027 4883 1267 4939 Joannes
1293 4895 1476 4938 autem
1516 4883 1735 4952 Langus
1767 4883 2040 4952 interpres

471 4900 730 4949 equnuem
780 4900 992 4937 nescio.
1027 4900 1267 4939 Joannes
1293 4900 1476 4938 autem
1516 4900 1629 4937 han
1673 4900 1735 4937 us
1767 4900 2040 4952 interpres

471 4949 767 5022 Nicephori
816 4952 893 5006 ita
943 4954 1154 5008 vertit:
1195 4952 1259 5006 In
1306 4955 1499 5007 unione
1530 4900 1887 5022 confusionem
1937 4969 2041 5006 non

848 5023 1014 5077 Recte
1062 5023 1375 5104 _omnino,.
1432 5023 1479 5077 si
1541 5020 1704 5104 modo
1779 5023 2040 5104 syllabam

471 5090 752 5145 addideris
797 5090 904 5146 hoc
953 5092 1116 5147 modo
1145 5109 1158 5146 :
1186 5093 1253 5146 In
1281 5095 1492 5146 unione.
1541 5093 1683 5148 Unio
1732 5090 1878 5149 enim
1913 5092 2041 5147 licet

470 5157 637 5233 hodie
687 5161 889 5230 passim
933 5162 988 5216 in
1038 5162 1244 5217 scholis
1281 5161 1730 5233 philosophorum
1763 5178 1829 5230 ac
1859 5162 2042 5216 Theo-

471 5228 724 5302 logorum
743 5241 1076 5302 rusurpetur,
1101 5228 1397 5286 barbarum
1427 5228 1515 5286 est
1528 5228 1888 5302 vocabulum,
1915 5246 2040 5287 cum

468 5312 575 5368 pro
614 5300 864 5355 unitione
896 5300 1159 5356 sumitur.
1196 5302 1331 5356 Nam
1367 5302 1498 5355 unio
1526 5300 1720 5356 Latine
1772 5303 2040 5357 unitatem

470 5369 766 5440 significat,
816 5380 876 5425 ut
922 5387 988 5426 ex
1019 5370 1379 5435 Tertulliano,
1414 5371 1765 5440 Hieronymo,
1798 5371 2043 5425 Pruden-

403 5440 410 5446 ’
470 5439 1785 5520 ροιὸἰωριὶεἰοιρερε,ᾳιίἰείιυθῳτοὸοτίιροιεει.
1808 5441 2042 5520 Proinde
2076 5488 2082 5493 .

469 5505 729 5580 deﬁuani
784 5505 922 5564 Zoili
958 5505 1183 5579 quidam
1216 5505 1364 5568 ’πιοεῖ
1407 5505 1847 5580 reprehendere,
1895 5511 2041 5580 quod

470 5575 529 5650 in
557 5580 788 5647 epistola
819 5575 1116 5643 Alexandri
1142 5581 1387 5650 episcopi
1415 5575 1790 5639 Alexandrini,
1815 5575 1936 5649 qua:
1952 5594 2042 5633 re-

472 5645 647 5719 fertur
672 5663 702 5702 a
728 5649 954 5704 Socrate
975 5650 1030 5704 in
1055 5650 1153 5704 lib.
1177 5645 1216 5713 ἰ,
1250 5645 1368 5719 cap.
1400 5650 1453 5713 6,
1489 5649 1692 5717 μονάδα
1715 5645 2042 5703 venerimus

474 5716 739 5772 unionem.
786 5719 844 5773 ld
880 5719 1029 5773 enim
1072 5734 1137 5774 ex
1187 5716 1395 5775 Latina:
1439 5716 1637 5787 linguae
1674 5733 1774 5773 usu
1815 5735 1881 5772 ac
1911 5732 2037 5786 pro-

2142 4537 2492 4611 cedonensis,
2539 4538 2732 4591 ἕνωσιν
2761 4549 3029 4611 perpetuo
3061 4537 3229 4597 vertit
3273 4537 3601 4606 unitionem,
3629 4542 3715 4595 vel

2141 4606 2554 4661 adunationem.
2761 4606 2775 4609 ’
2862 4606 2880 4611 ’
3006 4676 3009 4677 ν

2213 4676 2693 4749 (52)ΑΝοοςτμένης
2708 4676 3030 4747 δὲμᾶλλον
3048 4680 3145 4736 καὶ
3163 4682 3579 4749 ὑπαρχούσης.
3607 4680 3718 4736 Βεσ-

2140 4747 2284 4820 ctius
2330 4746 2388 4820 in
2442 4746 2755 4820 Nicephoro
2792 4746 3065 4804 'scribitur
3095 4791 3110 4816 ,
3159 4746 3454 4820 νοουμένης
3511 4746 3567 4802 δὲ
3623 4751 3718 4803 καὶ

2143 4816 2493 4886 ὑπαρχούσης
2546 4819 2768 4886 μᾶλλον,
2826 4828 2935 4874 etc.
2970 4820 3082 4881 Ego
3132 4816 3313 4874 tamen
3366 4816 3583 4874 mallem
3638 4820 3716 4874 ita

2142 4886 2353 4960 legere:
2377 4888 2672 4960 νοουμένης
2696 4888 2774 4953 δὲ,
2804 4890 3003 4959 μᾶλλον
3023 4890 3079 4942 δὲ
3103 4890 3588 4960 καὶὺπαρχούσης,
3606 4900 3713 4945 etc.

2142 4954 2217 5041 Idi
2242 4965 2331 5041 est
2356 4954 2517 5041 :‘Sed‘
2553 4954 2780 5041 utraque
2807 4954 3023 5041 natura.
3055 4954 3347 5041 inteflecta,
3367 4954 3497 5014 "aut
3526 4954 3718 5041 potius

2145 5026 2418 5100 exsistente
2435 5027 2491 5100 in
2512 5026 2739 5097 proprius
2760 5037 2968 5100 natura:
2990 5028 3292 5097 deﬁnitione
3309 5042 3470 5100 atque
3490 5026 3716 5096 ratione,

2144 5097 2442 5170 unitionem
2464 5098 2662 5170 factum
2704 5099 3068 5170 essedicimus
3100 5097 3390 5153 secundum
3413 5116 3715 5170 personam.

2086 5212 2092 5219 .
2142 5166 2289 5238 Nec“
2310 5167 2508 5238 dubito
2532 5169 2667 5238 quin
2699 5168 2949 5223 Justinus
2976 5169 3276 5238 imperator
3309 5171 3382 5224 ita
3413 5166 3717 5238 scripserit

2144 5244 2205 5289 ut
2239 5235 2349 5309 disi
2390 5255 2404 5291 :
2435 5235 2787 5309 reprehendit
2817 5239 2965 5291 enim
2997 5235 3264 5309 scipsum,
3301 5240 3447 5309 quod
3478 5235 3713 5302 diierat,

2143 5306 2460 5376 νοουμένης,
2506 5306 2685 5376 quasi
2731 5306 2968 5361 duarum
3026 5306 3099 5363 in'
3121 5306 3344 5364 Christo
3389 5316 3714 5362 naturarum

2143 5374 2455 5429 didere-ulta
2504 5374 2561 5428 in
2588 5377 2949 5444 intelligentia
2979 5386 3187 5433 tantum
3216 5379 3568 5442 consisteret,
3605 5392 3715 5432 non

2142 5452 2340 5518 autem
2382 5460 2441 5518 re
2491 5454 2929 5518 veraexﬂaret.
2976 5446 3058 5518 [In
3111 5449 3295 5503 edicto
3336 5456 3528 5518 tamen
3577 5448 3713 5516 imp.

2142 5513 2437 5585 Justiniani
2475 5513 2542 5567 de
2570 5514 2702 5585 ﬁde,
2753 5531 2818 5569 ex
2852 5513 3254 5585 quo'Justinus
3281 5517 3521 5573 edictum
3551 5513 3715 5574 suum

2143 5582 2456 5652 descripsit,
2492 5584 2708 5652 vulgata
2758 5582 2921 5639 lectio
2953 5587 3205 5642 habetur.
3252 5588 3442 5642 Exstat
3470 5587 3713 5643 edictum

2145 5651 2279 5705 illud
2310 5653 2364 5705 in
2401 5651 2658 5707 Chronico
2708 5653 3091 5722 Alesandrino,
3127 5672 3249 5728 pag.
3296 5656 3462 5728 800.}
