4114 6296
577 416 717 482 2811

1693 392 1703 401 ’
1802 420 2117 480 EVAGPJI
2152 419 2637 480 SCHOLASTICI

3698 427 3826 497 2813

582 532 850 603 dignitate
880 530 1058 592 exuit,
1081 546 1205 586 cum
1232 530 1369 584 nihil
1389 547 1452 586 ea
1477 531 1544 585 de
1575 547 1633 585 re
1662 531 1931 586 militibus
1959 548 2158 587 renun-

2270 532 2661 601 καταγέλαστον
2681 532 2996 603 πολιορκίαν
3021 534 3303 603 λύσαντες.
3321 538 3377 590 ⁸0
3398 537 3497 607 μὲν
3512 533 3607 594 οὖν
3621 540 3828 614 ’Δδααρ-

583 624 796 679 tiasset.
834 618 1206 677 Centuriones
1263 636 1396 676 vero
1454 632 1510 676 et
1566 622 1823 676 ordinum
1880 623 2160 683 ductores.

568 719 875 785 postquam
905 696 1146 791 peractis
1172 711 1377 782 vigiliis
1419 712 1615 766 ducem
1648 728 1808 766 suum
1840 722 2165 767 exauctora-

583 810 702 855 tum
733 816 857 855 esse
893 800 1229 865 didicerunt,
1259 818 1368 856 non
1409 803 1647 871 amplius
1684 811 2074 873 processerunt
2108 803 2164 857 in

583 893 867 963 publicum
899 911 911 946 :
943 894 1038 948 sed
1066 893 1261 963 dilapsi
1286 894 1388 949 hac
1437 895 1565 949 illac
1619 894 1809 965 fugere
1854 902 2162 963 cmperunt,

586 984 880 1039 ridiculam
913 985 1060 1039 illam
1106 983 1452 1041 obsidionem
1499 986 1895 1055 relinquentes.
1938 985 2163 1039 Interim

586 1077 980 1140 Adaarmanes,
1013 1078 1106 1145 qui
1137 1078 1435 1131 Persarum
1458 1085 1514 1131 et
1546 1077 1894 1131 Scenitarum
1923 1076 2163 1129 Arabum

588 1169 864 1238 ingentem
919 1168 1159 1222 habebat
1208 1170 1538 1232 exercitum,
1569 1167 1875 1223 Circesium
1936 1177 2166 1236 praeter-

587 1277 828 1332 gressus,
892 1263 1263 1317 Romanorum
1317 1263 1584 1317 ditionem
1620 1262 1875 1316 incendio
1919 1278 1982 1316 ac
2022 1261 2170 1318 ferro

587 1363 645 1409 et
675 1354 824 1407 omni
852 1355 1173 1409 vastationis
1205 1370 1405 1425 genere
1434 1355 1730 1424 populatus
1757 1362 1861 1417 est,
1894 1354 2031 1407 nihil
2054 1370 2170 1409 me-

588 1445 777 1500 diocre
800 1446 988 1501 animo
1016 1446 1312 1517 designans
1346 1455 1442 1500 aut
1488 1462 1705 1517 gerens.
1735 1444 1974 1501 Castella
2002 1446 2169 1501 etiam

587 1535 736 1603 cepit
773 1544 829 1589 et
863 1535 1012 1590 vicos
1046 1551 1210 1605 quam
1246 1536 1539 1605 plurimos,
1567 1534 1790 1589 nemine
1829 1536 2120 1590 resistente
2153 1553 2166 1567 ο

588 1627 825 1696 primum
847 1628 1092 1698 quidem,
1111 1629 1442 1697 quianullus
1466 1637 1597 1682 tunc
1621 1636 1741 1682 erat
1760 1627 1872 1682 dux
1895 1628 2173 1683 Romano-

590 1734 738 1774 rum.
762 1718 967 1773 Deinde
1004 1734 1071 1773 eo
1091 1718 1237 1789 quod
1270 1719 1536 1773 militibus
1573 1717 1839 1771 Romanis
1868 1732 1896 1771 τι
1923 1716 2170 1773 Chosroe

592 1810 735 1864 intra
789 1810 1054 1880 oppidum
1117 1812 1286 1865 Dat-as
1323 1808 1621 1871 conclusis,
1682 1809 2067 1878 pabulationes
2116 1818 2173 1864 et

2269 624 2443 693 μάνης
2495 624 2634 693 ἔχων
2683 623 2961 695 ἀξιόλογον
3015 629 3243 701 στρατὸν
3269 630 3497 700 Περσῶν
3536 647 3594 683 τε
3624 633 3829 688 καὶτῶν

2265 715 2560 786 Σκηνητῶν
2583 716 2905 786 Βαρϐάρων,
2932 719 3054 772 ἐπεὶ
3086 721 3147 773 τδ
3172 722 3476 792 Κιρκήσιον
3505 725 3827 795 παρήμειψε,

2267 806 2534 870 παντοίως
2560 809 2673 871 τοῖς
2708 810 2995 881 Ῥωμαίων
3029 812 3341 882 ἐλυμήνατο
3372 814 3716 885 πράγμασιν,
3742 818 3830 888 ἐμ.

2267 897 2480 968 πιπρὰς
2499 940 2514 966 ,
2550 899 2913 968 ἁποκτιννὺς,
2950 902 3102 958 οὐδὲν
3134 904 3356 975 μέτριον
3382 907 3584 961 ἐννοῶν
3612 908 3644 979 ἢ
3673 910 3829 980 πράτ-

2266 1007 2376 1044 των
2396 1005 2412 1022 ’
2464 992 2615 1063 αἱρεῖ
2647 1009 2707 1046 τε
2747 993 2984 1064 φρούρια
3017 995 3112 1050 καὶ
3142 996 3337 1066 κώμας
3365 996 3604 1063 πολλὰς,
3638 999 3832 1065 οὐδενὸς

2268 1084 2739 1148 ἀντιστατοῦντος.
2803 1085 3005 1156 Πρῶτοι
3054 1088 3152 1157 μὲν
3201 1088 3286 1142 ὅτι
3329 1105 3394 1158 γε
3440 1084 3614 1161 ἦρχεν
3648 1090 3827 1158 οὐδεὶς,

2269 1172 2369 1229 εἶθ’
2402 1176 2486 1229 ὅτι
2517 1177 2611 1230 καὶ
2637 1177 2750 1230 τῶν
2780 1178 3128 1248 στρατιωτῶν
3161 1179 3295 1251 πρὸς
3319 1181 3415 1233 τοῦ
3442 1181 3686 1252 Χοσρόου
3708 1182 3832 1236 κατὰ

2270 1266 2330 1319 τὸ
2367 1267 2547 1338 Δάρας
2585 1267 2664 1338 (u)
2707 1268 3272 1335 ἐναποκλεισθέντων,
3329 1271 3417 1325 ἐπ’
3467 1271 3652 1336 ἀδείας
3693 1274 3751 1326 αί
3782 1290 3831 1328 τι

2272 1355 2542 1424 προνομαὶ
2595 1356 2693 1410 καὶ¹
2741 1357 2797 1409 αἱ
2849 1356 3028 1425 ἔφοδοι
3078 1358 3380 1426 ἐγίγνοντο.
3415 1358 3717 1416 Ἐπεισιδὲ
3746 1363 3829 1416 καὶ

2271 1446 2334 1513 τῇ
2365 1445 2734 1499 Θεουπολιτῶν
2765 1445 2855 1500 διὰ
2882 1447 2988 1501 τῶν
3013 1448 3150 1518 ἀμφ’
3177 1449 3367 1503 αὐτόν·
3405 1451 3529 1505 οὐδέ
3556 1452 3661 1522 γὰρ
3688 1454 3829 1517 αὐτὸς

2271 1533 2523 1603 ἀφίκετο·
2562 1535 2610 1588 οἳ
2643 1538 2738 1589 καὶ
2771 1537 2925 1608 παρὰ
2951 1540 3129 1592 πᾶσαν
3156 1539 3349 1594 ἐλπίδα
3373 1540 3827 1613 ἀπεκρούσθησαν,

2275 1623 2504 1694 μηδενὸς
2555 1626 3010 1697 ὲναπομείναντος
3060 1631 3128 1700 τῇ
3172 1629 3370 1695 πόλει,
3426 1632 3455 1699 ἢ
3491 1631 3613 1685 λίαν
3647 1632 3825 1704 κομιδῇ

2271 1713 2583 1785 εὐαρίθμων
2605 1758 2619 1783 ,
2670 1718 2764 1771 καὶ
2798 1718 2891 1772 τοῦ
2922 1718 3114 1790 ἱερέως
3146 1723 3488 1792 πεφευγότος
3518 1725 3611 1776 καὶ
3635 1725 3697 1777 τὰ
3724 1724 3831 1794 ἱερὰ

2273 1805 2713 1875 ὁπεξαγαγὸντος
2742 1809 3025 1880 κειμήλια,
3053 1810 3191 1866 διότι
3219 1814 3315 1867 καὶ
3340 1813 3412 1867 τὰ
3438 1815 3607 1869 πολλὰ
3630 1813 3719 1869 τοῦ
3736 1815 3829 1870 τεί-

592 1904 935 1959 incursiones
986 1904 1192 1972 absque
1251 1902 1651 1971 impedimento
1705 1902 1932 1956 ﬁebant.
1992 1901 2171 1956 Ador-

2274 1916 2401 1968 χους
2454 1899 2721 1971 διερρύη,
2779 1903 2874 1956 καὶ
2922 1904 2951 1957 ό
2994 1903 3166 1974 δῆμος
3207 1906 3523 1978 ἐπανέστη,
3573 1908 3827 1979 νεωτέρων

592 2004 684 2049 tus
706 1996 976 2050 estetiam
1020 1995 1213 2049 urbem
1253 1993 1602 2049 Antiochiam
1638 2009 1736 2062 per
1786 1993 1988 2048 milites
2021 2008 2169 2048 suos.

588 2086 779 2157 Neque
808 2089 955 2142 enim
990 2089 1107 2157 ipse
1139 2087 1271 2141 illuc
1307 2086 1587 2156 perrexit:
1621 2085 1719 2156 qui
1754 2092 1939 2140 tamen
1970 2094 2172 2155 prazter

591 2179 841 2233 omnium
893 2194 1044 2249 spem
1076 2188 1242 2248 atque
1291 2176 1761 2247 exspectationem
1794 2175 1922 2231 inde
1959 2176 2165 2245 repulsi

590 2279 742 2334 sunt,
775 2286 901 2329 cum
928 2286 1091 2326 nemo
1118 2281 1316 2341 praeter
1358 2268 1652 2323 admodum
1688 2283 1893 2338 paucos
1927 2268 1986 2322 in
2031 2268 2169 2323 urbe

591 2360 964 2425 remansisset,
996 2369 1052 2415 et
1073 2361 1366 2430 episcopus
1400 2359 1515 2429 ipse
1537 2357 1866 2429 aufugisset,
1893 2365 1950 2413 et
1979 2371 2168 2412 sacros

2274 1992 2619 2062 πραγμάτων
2647 1992 2810 2065 ἄρξαι
2836 1994 3028 2059 θέλων,
3051 1991 3142 2050 οἷα
3165 1997 3314 2066 φιλεῖ
3338 1999 3610 2068 γίνεσθαι,
3633 2001 3720 2055 καὶ
3739 2000 3826 2070 μά-

2272 2083 2431 2137 λιστα
2484 2084 2638 2156 παρὰ
2680 2087 2809 2149 τοὺς
2850 2089 3127 2153 τοιούτους
3170 2090 3422 2162 καιρούς.
3472 2093 3536 2146 Οἳ
3572 2094 3662 2146 καὶ
3691 2092 3823 2146 αὐτοὶ

2272 2174 2632 2245 πεφευγότες.
2669 2178 2883 2248 ἐρήμην
2922 2178 3022 2249 τὴν
3052 2181 3204 2235 πόλιν
3236 2182 3710 2249 καταλελοίπασιν,
3743 2182 3822 2235 οὐ·

2270 2268 2418 2330 δενδς
2471 2267 2610 2331 ὅλως
2655 2269 3030 2341 ἐπινοηθέντος
3081 2274 3161 2337 είς
3207 2272 3592 2346 ἐπιτέχνησιν,
3644 2274 3675 2344 ἢ
3716 2275 3823 2328 άντ-

2272 2358 2644 2429 επιχείρησιν.

589 2455 882 2510 thesauros
936 2471 1125 2511 secum
1162 2461 1529 2525 asportasset,
1568 2461 1865 2525 propterea
1923 2451 2069 2523 quod
2119 2461 2176 2508 et
2215 2452 2359 2507 muri
2427 2453 2664 2509 maxima
2720 2470 2850 2525 pars
2898 2456 3282 2524 interciderat,
3306 2466 3368 2514 et
3400 2461 3633 2530 populus
3661 2472 3820 2514 rerum

588 2563 858 2604 novarum
901 2549 1203 2620 cupiditate
1257 2549 1515 2620 ﬂagrans,
1557 2548 1887 2603 seditionem
1952 2547 2312 2611 excitaverat,
2364 2547 2833 2615 quemadmodum
2897 2547 3170 2620 ejusmodi
3226 2552 3539 2620 praesertim
3587 2548 3820 2620 tempori-

588 2644 694 2698 bus
732 2642 846 2697 fieri
876 2643 1035 2698 solet.
1059 2642 1165 2698 Sed
1214 2652 1270 2698 et
1303 2643 1404 2711 ipsi
1459 2641 1729 2705 seditiosi,
1766 2651 1983 2710 arrepta
2020 2638 2169 2709 fuga,
2211 2638 2409 2693 urbem
2433 2654 2662 2695 vacuam
2686 2641 3045 2712 reliquerant,
3098 2655 3224 2696 cum
3278 2641 3424 2696 nihil
3454 2644 3668 2699 omnino
3686 2655 3820 2697 exco-

591 2740 821 2810 gitatum
850 2718 1014 2805 esset,
1061 2748 1156 2795 aut
1210 2739 1277 2794 ad
1326 2738 1633 2794 feriendum
1684 2739 1900 2793 hostem
1922 2776 1937 2801 ,
1968 2744 2064 2790 aut
2098 2734 2165 2791 ad
2199 2735 2656 2805 propulsandum.

844 2945 919 2999 De
962 2854 1626 3016 expugnatigjepnlirmew
1656 2951 1705 2995 et
1735 2942 1930 2995 Daras.

665 3057 781 3112 Hoc
834 3057 1001 3128 igitur
1028 3064 1231 3111 conatu
1280 3055 1582 3109 frustratus
1619 3052 2023 3115 Adaarmanes,
2056 3058 2182 3120 post

2886 2853 3139 2911 ΚΕΦΑΛ.
3175 2856 3232 2912 I'.

2346 2944 2486 3012 Περὶ
2522 2945 2628 3013 τῆς
2658 2945 2939 3013 ἁλώσεως
2964 2948 3283 3018 Ἀπαμείας
3340 2949 3441 3004 καί
3474 2947 3576 3003 τοῦ
3597 2946 3784 3017 Δάραςο

2364 3059 2450 3122 Ὠς
2498 3059 2542 3111 δ’
2586 3056 2678 3114 οὖν
2700 3062 2799 3130 τῆς
2820 3061 3015 3131 πείρας
3051 3062 3257 3131 ταύτης
3288 3063 3589 3135 διήμαρτεν
3619 3058 3819 3126 ’Δδααρο

597 3153 878 3206 incensam
938 3150 1132 3205 urbem
1155 3164 1277 3218 quae
1297 3148 1428 3203 olim
1479 3146 1704 3217 quidem
1754 3143 2037 3207 Heraclea,
2078 3157 2172 3209 po-

2285 3151 2459 3222 μάνης
2485 3152 2618 3223 (52).
2655 3121 2944 3224 ἐμπρήσας
2991 3121 3091 3223 τὴν
3142 3121 3309 3206 πάλαι
3360 3121 3814 3224 ,Isv'npaxxuiv.

596 3249 712 3296 stea
736 3255 868 3295 vero
892 3238 1147 3310 Gagaliee
1183 3245 1498 3307 nuncupata
1532 3245 1645 3300 est,
1681 3237 1975 3305 Apameam
2010 3248 2176 3289 occu-

596 3332 769 3403 pavit,
800 3330 932 3385 olim
968 3346 996 3385 a
1029 3330 1263 3386 Seleuco
1284 3330 1541 3384 Nicatore
1573 3328 1852 3384 conditam
1887 3344 1899 3379 :
1929 3340 2052 3395 quae
2081 3341 2177 3380 an-

601 3434 686 3478 tea
725 3423 948 3494 quidem
983 3423 1183 3493 opibus
1206 3429 1263 3477 et
1292 3422 1599 3477 incolarum
1626 3420 1978 3475 multitudine
2000 3420 2176 3474 abun-

598 3512 791 3565 darat:
819 3527 1114 3582 progressu
1143 3522 1324 3566 autem
1358 3510 1620 3581 temporis
1660 3524 1989 3580 magnopere
2012 3510 2176 3582 437

601 3602 889 3657 imminuta
935 3610 1076 3659 erat.
1096 3602 1248 3658 Hanc
1275 3603 1443 3673 igitur
1491 3603 1667 3673 pactis
1693 3601 2024 3672 quibusdam
2055 3616 2186 3656 con-

601 3695 908 3750 ditionibus
956 3711 1083 3750 cum
1115 3695 1582 3765 cepisset.‘(cives
1619 3695 1766 3749 enim
1817 3695 1971 3749 nullo
2020 3694 2183 3749 modo

600 3785 859 3840 resistere
918 3795 1196 3856 poterant,
1232 3800 1392 3840 muro
1421 3801 1532 3855 prae
1581 3793 1852 3840 vetustate
1897 3782 2182 3853 collapso,)

602 3883 770 3929 totam
792 3877 1183 3941 concremavit,
1210 3876 1479 3946 bonisque
1508 3876 1766 3931 omnibus
1795 3883 1987 3930 contra
2012 3875 2173 3929 tidem

600 3966 782 4020 datam
815 3966 1050 4034 direptis
1080 3965 1366 4029 abscessit,
1406 3966 1698 4021 universos
1733 3965 1883 4021 cives
1906 3980 1971 4019 ac
2004 3963 2178 4017 ﬁniti-

602 4072 743 4123 mos,
771 4056 1018 4128 captivos
1063 4057 1363 4112 abducens.
1398 4058 1546 4112 Inter
1575 4073 1714 4127 quos
1739 4058 1918 4128 ipsum
1957 4070 2180 4127 quoque

604 4148 758 4204 urbis
777 4150 1120 4220 episcopum,
1154 4159 1211 4205 et
1244 4166 1370 4206 eum
1394 4150 1484 4205 cui
1512 4150 1917 4206 administratio
1957 4148 2180 4220 provin-

603 4249 703 4304 ciae
756 4250 1048 4304 commissa
1105 4257 1244 4311 erat,
1277 4264 1463 4304 secum
1510 4247 1834 4319 asportavit.
1876 4246 1983 4302 Sed
2024 4253 2081 4301 et
2122 4245 2178 4299 in

602 4342 886 4398 redeundo
912 4342 1083 4396 multa
1116 4341 1377 4396 atrociter
1419 4340 1609 4411 gessit,
1640 4355 1765 4395 cum
1808 4338 2000 4393 .nullns
2029 4347 2177 4392 esset

603 4433 696 4503 qui
726 4433 1036 4495 cohiberet,
1084 4439 1180 4486 aut
1208 4432 1434 4484 omnino
1465 4430 1781 4492 obsisteret,
1815 4439 2015 4498 prteter
2043 4442 2177 4496 pau-

603 4523 856 4579 cissimos
904 4521 1109 4576 milites
1137 4536 1167 4575 a
1206 4520 1423 4576 Justino
1456 4519 1651 4573 missos
1671 4559 1685 4584 ,
1715 4519 1916 4588 quibus
1947 4528 2180 4587 praeerat

690 4754 737 4785 ³³
767 4752 828 4810 C.
852 4753 914 4809 C.
948 4754 1259 4825 ζωγρήσας,

2284 3240 2410 3295 ὕστε
2419 3260 2509 3312 ρον
2538 3241 2593 3294 δὲ
2623 3241 2934 3311 Γαγαλικὴν
2957 3241 3383 3311 ὀνομασθεῖσαν,
3402 3241 3692 3310 Ἀπάμειαν
3711 3250 3818 3289 κατ⁸

2282 3333 2469 3404 είληφε
2497 3372 2512 3396 ,
2566 3331 2703 3404 πρὸς
2745 3331 3015 3385 Σελεύκου
3048 3331 3140 3385 τοῦ
3173 3332 3481 3404 Νικάνορος
3516 3329 3635 3402 (53)
3667 3341 3816 3380 συνοι-

2281 3422 2563 3477 κισθεῖσαν
2585 3463 2599 3486 ,
2639 3424 2808 3478 πάλαι
2839 3423 2940 3493 μὲν
2969 3424 3265 3494 εὐδαίμονα
3293 3425 3395 3479 καὶ
3418 3422 3815 3490 πολυάνθρωπον.

2279 3514 2358 3585 τῷ
2387 3515 2563 3584 χρόνῳ
2592 3514 2648 3567 δέ
2677 3514 2745 3568 τὰ
2770 3514 2944 3568 πολλὰ
2967 3513 3344 3587 διαρῤυεῖσαν·
3383 3515 3442 3579 ὃς
3472 3515 3560 3567 ἐπί
3583 3527 3683 3565 τισι
3705 3524 3817 3577 συμ·

2282 3604 2473 3671 δάσεσι
2504 3605 2604 3674 τὴν
2630 3602 2785 3656 πόλιν
2816 3603 3191 3674 παρειληφὼς,
3223 3605 3357 3658 ἐπεὶ
3386 3604 3517 3675 μηδὲ
3541 3599 3817 3667 ἀντιστῆναι

2280 3689 2385 3748 οἷοί
2414 3712 2475 3748 τε
2508 3694 2972 3765 καθειστήκεισαν
2993 3735 3007 3759 ,
3042 3695 3136 3748 τοῦ
3168 3695 3391 3766 τείχους
3424 3695 3525 3749 ὑπὸ
3551 3693 3717 3762 γήρως
3743 3683 3818 3739 ἐπὶ

2282 3787 2385 3856 γῆς
2419 3786 2674 3856 κειμένου
2698 3827 2714 3852 ,
2767 3787 2953 3841 πᾶσαν
3004 3787 3293 3856 ἐμπρήσας
3330 3787 3431 3841 καὶ
3463 3784 3629 3838 πάντα
3655 3774 3816 3847 ληϊσά·

2286 3892 2445 3946 μενος
2478 3874 2627 3944 παρὰ
2650 3876 2720 3929 τὰ
2746 3875 3082 3945 συγκείμενα
3101 3914 3117 3940 ,
3152 3873 3336 3929 ἀπιὼν
3364 3874 3535 3947 ᾤχετο
3553 3914 3566 3940 ,
3595 3867 3817 3937 ἐξανδραι

2281 3965 2504 4029 ποδίσας
2534 3965 2633 4036 τὴν
2659 3964 2835 4030 πόλιν,
2873 3965 2968 4018 καὶ
2997 3964 3064 4018 τὰ
3092 3965 3473 4036 προστυχόντα
3494 3959 3675 4034 χωρία.
3700 3949 3814 4009 Μεθ’

2275 4054 2350 4111 ὧν
2403 4057 2499 4110 καὶ
2546 4056 2637 4110 τὸν
2686 4056 2837 4127 ίερὲα
2881 4056 2984 4125 τῆς
3023 4055 3263 4119 πόλεως,
3315 4057 3409 4110 καὶ
3439 4055 3526 4108 τὸν
3553 4052 3643 4120 τὴν
3668 4042 3812 4116 ἀρχὴν

2278 4147 2713 4220 ἐπιτροπεύοντα
2758 4147 3002 4219 ζωγρίας
3017 4134 3065 4179 ’δ
3094 4148 3375 4218 ἀπήγαγε.
3410 4147 3488 4200 Τὰ
3518 4141 3746 4198 πάνδεινα
3766 4132 3811 4185 δέ

2284 4242 2425 4297 κατὰ
2477 4241 2576 4312 τὴν
2622 4240 2995 4312 άποπόρευσιν
3044 4241 3375 4311 εἰργάσατο,
3427 4236 3626 4296 οὐδενὸς
3647 4228 3806 4298 ἀπείρ-

2289 4352 2478 4404 γοντος
2540 4334 2575 4405 ἢ
2640 4334 2776 4398 ὅλως
2832 4333 3247 4394 ἀντιπίπτοντος
3280 4375 3296 4399 ,
3390 4331 3525 4401 πλὴν
3560 4326 3644 4382 καὶ
3663 4317 3811 4389 ἐλαχί-

2293 4446 2419 4483 στου
2476 4427 2670 4498 κομιδῇ
2720 4424 2954 4497 στρατοῦ
3006 4424 3141 4497 πρὸς
3174 4426 3464 4478 Ίουστίνου
3496 4415 3809 4489 πεμφθέντος.

2289 4522 2392 4575 ὑπὸ
2419 4520 2625 4590 Μάγνῳ
2652 4518 3012 4590 ταττομένου,
3039 4516 3234 4590 πρώην
3263 4519 3366 4590 μὲν
3392 4510 3622 4585 ἀργυροῦ
3642 4501 3809 4578 τραπέ-

1341 4700 1369 4750 1
1464 4672 1469 4679 '
1894 4662 2125 4717 VAle
2161 4663 2458 4719 LECTION
2468 4662 2571 4719 ES.

1814 4870 2080 4925 VALESII
2118 4869 2675 4927 ANNOTATIONES.

610 4964 815 5018 nolunt.
863 4962 1402 5033 Christopborsonus
1459 4980 1593 5016 vero
1635 4964 1706 5016 ita
1738 4964 1935 5017 vertit:
1987 4962 2178 5032 Capias

610 5050 714 5088 non
742 5033 964 5088 ulterius
990 5035 1208 5088 ducunt.
1237 5034 1343 5089 Sed
1376 5033 1561 5089 Gneca
1592 5050 1720 5088 eum
1756 5049 1981 5088 sensum
2033 5035 2180 5089 ferre

609 5120 723 5159 non
749 5112 998 5170 possunt.

681 5172 793 5240 (52)
829 5174 1261 5242 Ἀδααρμάνης.
1292 5173 1454 5229 Varie
1513 5173 1618 5228 hoc
1655 5190 1857 5230 nomen
1913 5175 2180 5242 scriptum

610 5245 887 5315 reperitur
909 5245 1053 5314 apud
1091 5251 1321 5315 veteres,
1348 5251 1622 5315 auctores.
1672 5244 1849 5315 Apud,
1883 5244 2180 5312 Theopha-

608 5329 736 5385 nem
760 5313 814 5367 in
841 5313 1094 5370 Chrbnico
1129 5314 1465 5380 ’Δσταὸάνης
1493 5313 1736 5379 dicitur,
1749 5324 1805 5370 et
1838 5314 2179 5385 ’Λρδαμάνηι

618 5384 673 5438 in
696 5399 796 5438 ms.
829 5385 1019 5440 codice
1066 5386 1330 5441 Palatino.
1372 5386 1693 5439 Anastasius
1735 5384 1922 5441 autem
1971 5384 2180 5438 Biblio-

614 5454 894 5509 thecarius
920 5456 1291 5513 Adermanum
1320 5455 1516 5510 ducem
1549 5466 1727 5511 vocat.
1776 5456 1834 5509 In
1870 5455 2181 5524 Nicephoro

614 5524 879 5580 wribitur
910 5528 1360 5599 Οὐαδααρμάνης.
1408 5525 1566 5595 Apud
1620 5527 2016 5597 Theophanem
2077 5525 2181 5596 By-

2282 4965 2526 5019 zantium
2598 4962 2992 5032 Βαρααμάνης.
3054 4962 3113 5016 lu
3164 4960 3436 5032 θερμᾷ-15,
3484 4948 3808 5032 infradicitur

2295 5021 2699 5105 Ἀρδαρμάνηςζ
2731 5021 3258 5103 Τιὶεορὶἰγιιιοιιιείἡ
3301 5029 3399 5085 lib.
3424 5021 3508 5092 in,
3550 5021 3806 5075 Adormaa-

2281 5121 2409 5160 nem
2445 5113 2625 5159 vocat.

2356 5156 2372 5234 ί
2379 5156 2467 5235 {ibi
2489 5156 2814 5240 ’Σελεύκου
2840 5172 2948 5227 τοῦ
2979 5169 3329 5240 Νικάνορος.
3380 5160 3714 5242 scribendum
3730 5156 3809 5242 (est

2289 5224 2483 5314 procul
2506 5224 2686 5299 dubio
2704 5224 3043 5314 Nutha-po}.
3071 5224 3505 5314 seleucusenim
3526 5224 3810 5314 primusﬂ-

2291 5306 2385 5371 riae
2414 5330 2532 5378 rex,
2564 5316 2636 5370 ob
2669 5306 3205 5369 illustres'victorias
3228 5309 3480 5373 Νικάτωρ
3504 5306 3808 5378 cognomina;

2709 5356 2954 5439 nummis
2999 5382 3287 5437 veteribus
3325 5356 3598 5435 discimus;
3643 5365 3722 5436 ίίυί
3766 5356 3807 5412 id

2288 5464 2716 5526 cognomentum
2735 5455 2787 5509 ei
2823 5453 3133 5509 ascribunt.

2070 5660 2456 5717 VARIORUM.

694 5758 771 5819 lu)
839 5760 1045 5826 Δὰρας.
1088 5760 1231 5816 Urbs
1272 5757 1601 5825 episcopalis
1660 5757 2083 5824 Mesopotamiae,
2123 5754 2178 5808 in

624 5827 796 5881 limite
826 5829 1041 5892 Persian,
1073 5830 1141 5881 ab
1180 5829 1464 5881 Anastasio
1514 5828 1643 5895 imp.
1677 5844 1743 5880 ex
1780 5829 1901 5880 vico
1934 5828 2064 5881 urbs
2102 5826 2179 5879 fa-

2291 5764 2398 5819 cta,
2433 5764 2489 5809 et
2538 5752 2971 5824 Anastasiopolis
3004 5750 3170 5807 etiam
3224 5747 3386 5803 dicta.
3431 5734 3592 5820 Nisibi
3642 5723 3804 5781 vicina.

2296 5826 2590 5846 Inuum‘“
2626 5826 2640 5846 ‘
2668 5825 2830 5846 Fu“
2863 5834 2939 5846 η’
2986 5824 3099 5846 "--
3134 5821 3265 5846 ---‘--
3299 5833 3325 5846 ι
3359 5815 3531 5846 Dan-mc
3558 5812 3684 5846 anno
3708 5789 3806 5846 574.

2294 5809 2642 5896 (Βιίυυιιλκυ.)
2668 5809 2943 5894 Capta'est
2986 5824 3101 5878 haec
3134 5821 3267 5876 urbs
3299 5833 3328 5872 a
3359 5809 3531 5869 Persis
3557 5812 3684 5858 anno
