4114 6296
294 454 443 521 2813

1229 455 1612 517 HISTORIAE
1650 459 2238 519 ECCLESIASTICE
2278 459 2507 518 LIBER
2545 458 2610 518 V.

3428 458 3571 524 23M

300 562 400 633 ζἠς
429 559 810 634 προϊσταμένῳ
839 562 978 617 κατά
1002 562 1102 634 τὴν
1130 562 1413 633 βασιλέωςο
1447 565 1671 638 ὕστερον
1694 567 1751 620 δὲ
1773 570 1867 620 καὶ

1980 567 2201 635 Magnus
2221 565 2488 635 quidam;
2535 564 2631 633 qui
2661 580 2814 632 prius
2854 563 3080 632 quidem
3130 569 3567 635 argentariorum

300 652 437 725 μίαν
502 651 614 706 τῶν
672 650 966 722 βασιλικῶν
1018 654 1205 708 οῐκιῶν
1257 657 1673 726 ἐμπιστευθέντι
1741 658 1877 728 πρὸς

295 745 623 800 ’Ῑουστίνουο
668 744 719 798 οἳ
762 745 856 798 καὶ
890 746 1277 818 προτροπάδην
1305 747 1528 817 ἔφυγον,
1565 748 1763 820 μικροῦ
1793 748 1878 802 δο-

300 835 568 908 ρυάλωτοι
617 836 937 906 ληφθέντες.
984 840 1371 911 Ἀδααρράνης
1420 841 1519 911 μὲν
1564 840 1658 894 οὖν
1707 840 1880 894 ταῦτα

298 926 791 997 κατειργασμένος,
829 928 916 982 τὸν
944 930 1191 1000 Χοσρόην
1219 930 1567 1000 κατειλήφει,
1601 929 1880 1001 οὔπωττὴν

301 1018 457 1073 πόλιν
484 1020 1014 1090 ἐκπολιορκήσαντα.
1048 1023 1143 1086 Ὃς
1169 1022 1490 1093 προστεθεὶς
1516 1022 1688 1091 αὐτῷ,
1712 1021 1882 1092 μεγά-

299 1109 403 1181 λην
451 1109 623 1181 ῥοπὴν
672 1110 873 1165 δέδωκε
896 1152 912 1177 ,
962 1112 1091 1177 τούς
1118 1131 1178 1166 τε
1208 1114 1443 1176 οἰκείους
1468 1113 1878 1184 ἀναθαρσήσας,

298 1201 364 1255 τό
388 1217 449 1254 τε
482 1200 727 1266 ἀντίξοον
758 1203 1134 1274 καταπλήξας.
1178 1204 1396 1275 Εὖρηκε
1428 1204 1483 1258 δὲ
1511 1205 1612 1273 τήν
1637 1221 1695 1257 τε
1726 1204 1882 1257 πόλιν

301 1290 791 1360 ἀποπιχισθείσαν,
826 1294 922 1347 καὶ
948 1293 1077 1363 χοῦν
1107 1292 1277 1364 ἀγχοῦ
1306 1293 1403 1346 τοῦ
1425 1293 1639 1362 τείχους
1674 1310 1881 1363 συμφοο

304 1380 535 1452 ρηθέντα
562 1382 732 1436 πολὺν
752 1425 767 1450 ,
800 1384 894 1437 καὶ
919 1388 1017 1449 τὰς
1041 1385 1315 1449 ἑλεπόλεις
1343 1388 1592 1456 μηχανὰς
1613 1384 1878 1450 ἑστώσας,

300 1473 398 1529 καὶ
452 1473 688 1543 μάλιστα
740 1474 866 1539 τοὺς
913 1477 1259 1541 καταπέλτας
1306 1476 1366 1542 ἐξ
1412 1478 1745 1547 ὑπερδεξίων
1793 1478 1899 1546 pm

302 1559 604 1644 πτοῦντας,
640 1560 735 1625 οὓς
762 1562 1068 1627 λιθοϐόλους
1100 1567 1130 1635 ἠ
1164 1566 1424 1636 συνήθεια
1453 1566 1628 1620 καλεῖ.
1665 1562 1760 1628 Οἷς
1789 1566 1882 1618 καὶ

301 1651 402 1722 τὴν
452 1652 609 1707 πόλιν
655 1656 999 1723 κατακράτος
1059 1652 1202 1710 εἷλεν
1250 1660 1278 1711 ὀ
1316 1658 1563 1727 Χοσρόης
1609 1658 1747 1710 κατά
1784 1656 1881 1727 τὴν

300 1740 456 1811 ὥραν
513 1744 609 1797 τοῦ
668 1746 939 1814 χειμῶνος
966 1786 981 1809 ,
1050 1748 1295 1802 Ἰωάννου
1356 1748 1449 1801 τοῦ
1503 1748 1880 1819 Τιμοστράτου

300 1832 496 1895 παιδὸς
525 1834 693 1905 αὐτῆς
723 1836 1002 1906 ἄρχοντος,
1026 1838 1225 1907 ἥκιστα
1256 1840 1698 1909 πεφροντικότας,
1726 1840 1759 1909 ἦ
1786 1839 1881 1892 καλ⁵

1982 674 2187 713 mensa;
2216 657 2543 727 praepositus
2579 656 2759 709 fuerat
2785 656 2841 709 in
2867 655 3002 710 urbe
3027 654 3197 725 regia,
3222 664 3408 725 postea
3433 673 3568 710 vero

1981 750 2146 803 unius
2195 764 2263 803 ex
2290 746 2671 817 imperialibus
2718 746 2977 801 domibus
3021 755 3249 802 curator
3300 747 3480 803 fuerat
3537 765 3567 803 a

1980 841 2198 897 Justino
2248 838 2447 894 factus.
2484 838 2687 893 Verum
2734 838 2791 892 hi
2835 853 3060 908 quoque
3107 852 3231 893 sese
3294 839 3349 891 in
3384 838 3566 910 fugam

1980 931 2206 994 dedere,
2233 944 2359 984 cum
2391 944 2586 998 parum
2624 928 2894 983 abfuisset
2927 928 3059 998 quin
3093 927 3337 983 universi
3370 929 3440 983 ab
3465 930 3569 984 ho-

1980 1024 2160 1079 stibus
2189 1030 2542 1092 caperentur.
2585 1020 2682 1075 liis
2709 1020 2875 1075 rebus
2892 1020 3061 1090 gestis
3100 1019 3475 1075 Adaarmanes
3498 1021 3567 1075 ad

1979 1116 2280 1171 Chosroem
2314 1114 2488 1178 venit,
2536 1114 2631 1183 qui
2671 1114 2862 1168 urbem
2896 1113 3067 1167 Daras
3116 1111 3366 1166 nondum
3396 1126 3569 1181 expu-

1980 1214 2261 1278 gnaverat.
2302 1206 2434 1275 Ejus
2468 1205 2636 1276 igitur
2670 1204 2844 1274 coniis
2866 1203 3221 1274 coniunctus,
3264 1203 3565 1256 maximum

1984 1297 2148 1351 rebus
2176 1305 2516 1351 momentum
2565 1295 2771 1359 attulit,
2807 1309 2934 1349 cum
2980 1302 3037 1349 et
3080 1307 3307 1347 suorum
3351 1294 3567 1348 animos

1982 1385 2389 1448 confirmasset,
2445 1393 2502 1439 et
2563 1384 2824 1438 hostibus
2873 1393 3143 1436 terrorem
3217 1381 3560 1437 incnssisset.

1983 1476 2154 1530 Porro
2173 1478 2368 1531 urbem
2391 1477 2561 1545 ipsam
2587 1473 2951 1544 deprehendit
2973 1474 3114 1527 vallo
3137 1474 3562 1535 circumdatam,

1982 1576 2039 1622 et
2079 1582 2332 1636 aggerem
2377 1566 2652 1635 ingentem
2706 1565 2773 1618 ad
2829 1579 3017 1619 muros
3069 1564 3224 1618 urbis
3245 1563 3560 1626 admotum;

1984 1659 2207 1713 bellicas
2229 1656 2361 1710 item
2407 1655 2692 1708 machinas
2726 1670 2864 1723 quas
2898 1654 3184 1723 lielcpoles
3215 1662 3436 1716 vocant,
3465 1669 3559 1722 pa-

1984 1753 2162 1809 ratas;
2208 1758 2273 1796 ac
2333 1742 2610 1811 prrecipue
2668 1742 2995 1810 catapultas,
3046 1756 3111 1795 ex
3159 1741 3395 1796 editiore
3443 1741 3563 1795 loco

1984 1848 2113 1887 saxa
2158 1830 2444 1901 jacientes,
2484 1845 2621 1899 quas
2669 1830 2834 1900 vulgo
2887 1829 3159 1899 petrarias
3193 1839 3413 1882 vocant.
3450 1829 3563 1882 Hoc

299 1924 751 1993 καταπροδόντος.
780 1926 1009 1995 Λέγεται
1038 1929 1145 1997 γὰρ
1173 1930 1474 1998 ἀμφότερα.
1506 1931 1878 2000 Προσήδρευσε

1985 1923 2148 1978 modo
2171 1921 2448 1977 Chosroes
2485 1921 2724 1973 hiberno
2782 1931 3030 1989 tempore
3077 1919 3270 1973 urbem
3324 1920 3470 1972 illam
3507 1925 3556 1979 vi

297 2011 359 2065 δὲ
391 2016 453 2083 τῇ
485 2014 636 2067 πόλει
691 2019 718 2069 ό
762 2018 1009 2089 Χοσρόης
1036 2020 1282 2089 πέμπτον
1326 2022 1421 2074 καὶ
1452 2022 1586 2092 πρός
1616 2038 1677 2090 γε
1712 2022 1881 2090 μῆνα,

1993 2015 2160 2084 cepit,
2193 2014 2405 2069 Joanne
2461 2012 2777 2067 Timostrati
2830 2012 2943 2065 lilio
2992 2012 3087 2081 qui
3131 2009 3252 2064 urbi
3307 2019 3557 2078 praeerat,

302 2104 528 2173 μηδενὸς
555 2106 1159 2176 ἀμύνοντος.”Απαντας
1180 2112 1357 2165 τοίνυν
1382 2110 1662 2180 ἐξαγαγὼν
1685 2112 1881 2182 πλῆθος

1988 2122 2182 2177 parum
2239 2105 2308 2160 de
2370 2119 2435 2158 ea
2478 2104 2740 2165 sollicito,
2771 2103 2882 2157 imo
2933 2118 3065 2158 vero
3114 2117 3233 2157 eam
3270 2102 3557 2171 prodente.

299 2194 668 2265 ἀστάθμητον,
705 2198 801 2251 καὶ
830 2199 956 2263 τοὺς
992 2200 1091 2270 μὲν
1125 2202 1291 2255 αὑτοῦ
1322 2202 1572 2264 δειλαξως
1601 2201 1881 2271 κατασφά-

1988 2198 2295 2265 Utrumque
2342 2194 2492 2248 enim
2535 2193 2764 2248 dicitur.
2798 2193 3103 2248 Obsederat
3147 2201 3332 2246 autem
3365 2189 3558 2245 urbem

301 2280 401 2346 ξας
424 2324 438 2349 ,
475 2285 601 2350 τοὺς
628 2287 686 2341 δὲ
718 2288 1002 2355 πλείστους
1048 2291 1142 2343 καὶ
1182 2292 1421 2361 ζωγρίας
1453 2290 1613 2360 ἑλὼν,
1646 2291 1743 2362 τὴν
1778 2291 1878 2362 μὲν

1986 2289 2134 2344 illam
2169 2289 2446 2343 Chosroes
2512 2285 2758 2355 quinque
2799 2293 2855 2339 et
2897 2284 3135 2353 amplius
3180 2297 3420 2344 menses,
3467 2297 3563 2335 ne-

299 2373 458 2427 πόλιν
500 2376 786 2449 ἐπίκαιρον
813 2378 979 2433 οὖσαν
1009 2382 1224 2452 φρουρᾷ
1257 2383 1524 2453 κατέσχεν
1550 2399 1563 2415 ·
1622 2384 1781 2447 αὐτὸς
1815 2382 1871 2435 δὲ

1980 2382 2126 2436 mine
2147 2394 2269 2434 eam
2293 2377 2646 2436 defendente.
2668 2376 2804 2432 Cum
2829 2376 2998 2451 igitur
3019 2376 3307 2432 universos
3334 2388 3399 2426 ex
3423 2373 3560 2426 urbe

300 2465 436 2536 πρὸς
466 2468 533 2522 τὰ
564 2470 737 2523 οίκεία
769 2472 1130 2542 ἀπεχώρησεν
1160 2473 1286 2545 ἤθη.
1396 2476 1402 2482 ’

1980 2470 2286 2534 eduxisset,
2330 2470 2655 2523 immensam
2707 2468 2989 2529 hominum
3037 2464 3468 2523 multitudinem,
3503 2471 3559 2517 et

299 2556 570 2625 quosdam
608 2572 676 2613 ex
744 2561 814 2615 iis
846 2563 1147 2617 crudeliter
1176 2564 1291 2617 illic
1327 2575 1641 2630 mactasset,
1669 2565 1911 2634 reliquos
1942 2576 2077 2617 vero
2111 2560 2269 2614 vivos
2312 2566 2610 2624 servasset,
2643 2559 2840 2612 urbem
2895 2558 3155 2627 quidem,
3224 2564 3415 2624 utpote
3452 2568 3555 2621 op-

301 2656 544 2718 portune
583 2648 782 2717 sitam,
820 2652 1078 2720 praesidio
1126 2652 1384 2723 imposito
1419 2655 1654 2710 munivit
1693 2671 1707 2708 :
1753 2656 1869 2725 ipse
1900 2667 2031 2708 vero
2058 2652 2115 2707 in
2143 2649 2422 2721 regionem
2455 2663 2611 2703 suam
2639 2663 2897 2703 reversus
2929 2655 3033 2703 est.

876 2772 1131 2828 ΚΕΦΑΛ.
1190 2778 1292 2830 lA’.

304 2856 423 2936 3οε
435 2861 783 2936 ,βασιλεὺς
821 2864 1144 2936 Ἰουστῒνος
1166 2867 1456 2936 φρενίτιδι
1485 2870 1653 2933 νόσῳ
1676 2867 1831 2921 ἑάλω
1852 2884 1866 2899 ·

376 2932 635 3063 ἔὲῗὶριος
681 2934 749 2988 δὲ
798 2935 912 3003 τὴν
961 2932 1254 3004 φροντίδα
1302 2937 1421 2991 τῶν
1459 2932 1629 2992 ὄλωνί
1666 2936 1871 2992 ἀνεδέο

2530 2826 2539 2838 ,
2632 2766 2784 2822 CAP.
2811 2766 2904 2821 x1.

1979 2861 2252 2929 Quomodo
2281 2877 2400 2913 cum
2430 2859 2752 2929 ,Ιηδιὶηιιείη
2779 2858 3105 2913 dementiam
3143 2859 3427 2924 incidisset,
3475 2859 3517 2913 Τ
3515 2860 3557 2912 ἑο

2260 2930 2431 2984 berius
2463 2928 2782 2998 Reipublicw
2820 2944 3004 2981 curam
3028 2930 3273 2999 suscepit.

377 3109 556 3183 Ἀπερ
595 3114 784 3186 ἐπειδὴ
829 3118 1055 3189 ἠκηκόει
1099 3121 1127 3172 ὁ
1170 3120 1455 3181 Ἰουστῖνος
1479 3158 1493 3184 ,
1526 3119 1590 3171 ὲκ
1622 3116 1877 3172 τοσούτου

2050 3110 2178 3164 Haec
2207 3122 2333 3162 cum
2368 3106 2641 3161 audiisset
2687 3104 2974 3168 Justinus,
3023 3102 3158 3156 nihil
3205 3103 3321 3157 sani
3371 3102 3557 3156 animo

299 3199 475 3270 τύφου
506 3204 601 3255 καὶ
629 3203 815 3272 ὄγκου,
851 3207 1000 3259 οὐδὲν
1029 3206 1181 3276 ὑγιὲς
1210 3206 1243 3278 ἢ
1273 3209 1548 3278 φρενῆρες
1571 3206 1832 3277 ἐννοήσας
1861 3247 1876 3273 ,
1915 3250 1922 3256 .

304 3291 429 3345 οὐδὲ
482 3292 841 3361 ἀνθρωπίνως
901 3296 962 3350 τὸ
1016 3298 1331 3368 συνενεχθὲν
1359 3296 1469 3367 (54)
1511 3296 1765 3360 ἀνατλὰς,
1821 3298 1880 3360 ἐς

304 3381 585 3452 φρενίτιδα
632 3384 784 3438 νόσον
814 3387 910 3439 καὶ
940 3389 1142 3458 μανίαν
1173 3388 1443 3457 ἐμπίπτει
1464 3429 1479 3453 ,
1506 3388 1656 3441 οὐδὲν
1695 3386 1879 3440 λοιπὸν

302 3471 415 3524 τῶν
445 3474 749 3541 γινομένων
784 3478 1011 3542 συνιείς.
1050 3479 1245 3532 Διώκει
1277 3479 1334 3533 δὲ
1367 3480 1427 3532 τὸ
1451 3479 1746 3549 πολίτευμα
1789 3480 1880 3532 Τι-

305 3560 488 3629 ϐέριος
520 3562 590 3633 (υ)
613 3605 628 3630 ,
677 3565 825 3637 Θρᾲξ
860 3568 959 3638 μὲν
1004 3568 1159 3636 γένος
1184 3609 1199 3634 ,
1251 3569 1318 3625 τά
1352 3571 1597 3639 πρωτεῖα
1626 3569 1682 3622 δὲ
1727 3568 1880 3640 παρά

320 3652 592 3722 ’1ουστίνῳ
620 3657 804 3725 φέρων
832 3672 846 3689 ο
869 3658 927 3713 ὃν
977 3662 1071 3712 καὶ
1103 3661 1246 3714 κατά
1270 3660 1380 3715 τῶν
1404 3661 1650 3732 Ἀὁάρων
1687 3661 1879 3731 πρώην

306 3743 617 3813 ἐπεπόμφει
661 3747 854 3817 (55),
909 3750 1044 3804 πολὺ
1088 3752 1319 3822 ἀγείρας
1381 3753 1585 3824 πλῆθος
1623 3752 1875 3822 στρατοῦ.

314 3835 411 3898 ’ος
437 3836 531 3888 καὶ
550 3837 749 3907 μικροῦ
777 3838 941 3904 ἑάλω,
966 3841 1077 3894 τῶν
1099 3844 1447 3912 στρατιωτῶν
1472 3845 1606 3915 μηδὲ
1621 3844 1721 3916 τὴν
1749 3843 1878 3898 θέαν

303 3924 419 3979 ⁴ςὶιὶῑν
460 3926 760 3998 Βαρσάρων
806 3930 1226 4000 ύπενεγκάντων
1249 3973 1267 4000 ,
1316 3936 1365 3987 εί
1398 3937 1472 4004 μὴ
1505 3934 1626 3988 θεία
1656 3938 1879 4004 πρόνοια

308 4018 628 4090 παραδόξως
650 4020 839 4077 τοῦτον
870 4022 1115 4088 διέσωσε,
1144 4026 1240 4080 καὶ
1264 4028 1323 4092 ἐς
1349 4027 1449 4098 τὴν
1473 4028 1761 4097 Ῥωμαίων
1785 4028 1880 4101 βα-

309 4112 515 4168 σιλείαν
540 4115 795 4185 ἐφύλαξε,
830 4120 1254 4176 κινδυνεύσασαν
1296 4124 1409 4188 τοῖς
1438 4123 1727 4178 ’1ουστίνου
1772 4141 1878 4177 πα-

1979 3206 2261 3268 reputans,
2316 3211 2421 3250 nec
2457 3194 2780 3249 humanitus
2814 3208 2999 3248 casum
3031 3193 3184 3246 illum
3238 3191 3422 3248 ferens
3445 3234 3458 3253 ,
3490 3208 3557 3247 ex

1981 3299 2133 3346 tanto
2155 3289 2298 3344 fastu
2329 3304 2393 3343 ac
2443 3298 2660 3343 tumore
2707 3286 2761 3339 in
2801 3284 3178 3355 phrenitidem
3230 3299 3294 3339 ae
3326 3284 3555 3338 demen-

1976 3381 2109 3435 tiam
2136 3378 2351 3443 incidit,
2384 3378 2523 3432 adeo
2558 3385 2619 3431 ut
2640 3376 2777 3432 nihil
2822 3392 3017 3431 eorum
3046 3392 3165 3446 quae
3200 3374 3555 3446 gerebantur.

1978 3472 2240 3540 deinceps
2279 3469 2633 3549 intelligeret.
2686 3467 2897 3522 Exinde
2944 3468 3114 3537 igitur
3158 3458 3553 3536 rempublicam

1979 3562 2126 3617 rexit
2156 3561 2434 3621 Tiberius.
2466 3558 2739 3614 oriundus
2765 3575 2831 3613 ex
2860 3557 3119 3621 Thracia,
3143 3558 3235 3627 qui
3259 3557 3401 3627 apud
3428 3557 3555 3612 Jus-

1976 3654 2155 3709 tinum
2232 3651 2561 3707 auctoritate
2620 3658 2677 3705 et
2732 3650 2908 3720 gratia
2971 3648 3270 3719 plurimum
3315 3656 3553 3717 poterat.

1976 3744 2136 3799 Hunc
2163 3743 2417 3799 Justinus
2447 3742 2613 3811 paulo
2635 3750 2797 3795 antea
2825 3740 3059 3794 collecto
3081 3739 3288 3809 ingenti
3309 3739 3554 3793 exercitu

1976 3834 2241 3887 adversus
2264 3832 2473 3887 Abaros
2495 3832 2744 3886 miserat.
2767 3830 2933 3901 438
2957 3829 3063 3885 Sed
3094 3845 3218 3884 cum
3243 3829 3448 3882 milites
3488 3844 3554 3882 ne

1977 3933 2259 3994 aspectum
2284 3922 2507 3993 quidem
2536 3921 2903 3977 Barbarorum
2931 3921 3205 3975 sustinere
3229 3919 3550 3982 valuissent,

1978 4015 2234 4069 Tiberius
2258 4029 2400 4083 pene
2428 4011 2498 4067 ab
2538 4011 2793 4067 hostibus
2829 4020 3026 4079 captus
3058 4016 3143 4065 est
3180 4028 3192 4061 :
3229 4009 3332 4062 nisi
3366 4007 3551 4081 divina

1976 4103 2327 4177 providentia
2354 4111 2556 4173 praeter
2596 4102 2841 4157 omnium
2873 4099 3191 4169 opinionem
3237 4113 3364 4152 eum
3404 4098 3553 4167 peri-

309 4203 562 4275 ραλόγοις
581 4207 945 4279 ἐγχειρήμασι
966 4251 983 4276 ,
1028 4211 1127 4265 σὺν
1156 4214 1250 4266 καὶ
1277 4211 1355 4283 τῷ
1389 4214 1495 4284 ὅλῳ
1524 4212 1879 4283 πολιτεύματι

1980 4198 2101 4252 culo
2129 4196 2453 4266 eripuisset,‘
2489 4203 2544 4249 et
2601 4194 2848 4249 Romano
2890 4190 3122 4262 imperio
3181 4196 3551 4254 reservasset;

305 4294 630 4367 διαρρυῆναι
659 4336 675 4365 ,
709 4300 805 4354 καὶ
852 4300 1161 4375 Βαρϐἀροις
1191 4303 1294 4374 τῆς
1322 4279 1582 4375 τοιαύτης
1616 4304 1660 4338 ’⁸
1700 4279 1878 4377 ἀρχῆς

1980 4286 2122 4357 quod
2167 4286 2470 4341 temerariis
2506 4284 2711 4342 Justini
2748 4281 2996 4339 consiliis
3039 4282 3094 4336 in
3135 4279 3406 4351 ejusmodi
3442 4280 3555 4334 dis-

307 4384 584 4454 ικστῆναι.
938 4372 946 4374 ἡ
1046 4372 1057 4375 ⁷
1250 4372 1259 4374 ⁷
1537 4372 1546 4375 ’
1910 4427 1953 4480 D
1979 4379 2192 4443 crimen
2238 4376 2540 4431 adductum
2564 4376 2769 4439 fuerat,
2799 4384 2859 4429 ut
2898 4372 3259 4428 metuendum
3287 4382 3433 4427 esset
3487 4387 3554 4426 ne

1981 4484 2105 4524 cum
2149 4467 2405 4522 universa
2448 4467 2733 4537 republica
2780 4466 3039 4520 funditus
3084 4463 3356 4523 interiret.
3396 4470 3452 4518 et
3496 4462 3585 4534 in,
3626 4478 3633 4483 '

1982 4558 2349 4613 Barbarorum
2376 4557 2644 4613 ditionem
2679 4572 2743 4612 ac
2779 4563 3105 4627 potestatem
3134 4554 3479 4612 concederet.
3576 4548 3589 4629 ξ

1600 4710 1836 4764 VARI/E
1879 4710 2169 4765 [ΒατιοΝ
2181 4710 2281 4765 ES.

376 4814 428 4852 ³⁸
456 4812 520 4873 C.
544 4814 609 4872 C.
627 4815 923 4892 τοσαύτης.

1503 4932 1776 4988 VALESll
1808 4932 2361 4989 ANNOTATIONES.

383 5039 499 5113 (δι)
527 5038 610 5120 ’τὸ
635 5039 958 5120 qvi-expet
1008 5040 1380 5120 _$criben_du_m
1417 5052 1504 5099 est
1535 5047 1870 5120 συνενεχθέν,
1985 5060 2075 5120 res
2109 5044 2279 5120 misit,
2312 5061 2458 5120 anno
2489 5047 2705 5120 imperii
2747 5050 2830 5102 sui
2860 5063 3030 5111 nono,
3064 5056 3133 5120 ut
3148 5048 3346 5120 scrib't
3373 5047 3549 5120 Theo-7

305 5107 800 5191 quemadmodum'
831 5109 888 5163 in
920 5110 1111 5167 codice
1140 5113 1453 5167 Telleriano
1488 5107 1756 5186 scripturn
1785 5107 1875 5171 in;
1983 5115 2194 5237 Phanes
2225 5116 2276 5168 in
2306 5107 2839 5173 ClaronicoIJoannes
2871 5107 3053 5172 autem
3102 5116 3447 5172 Biclarit-nsis
3493 5117 3546 5170 id

305 5193 454 5235 rem.
2006 5195 2187 5237 actum
2211 5199 2331 5237 esse
2363 5185 2497 5237 dicit
2525 5202 2671 5237 anno
2701 5198 2897 5237 miarlo
2938 5186 3156 5237 imperii
3184 5186 3417 5237 Justini:
3454 5188 3546 5237 ubi

305 5185 486 5259 veni;
518 5249 577 5259 __
724 5250 735 5259 _
892 5250 903 5259 _
992 5248 1016 5259 η
1096 5250 1133 5259 __
1163 5250 1221 5259 Δ.
1471 5251 1482 5259 _
1607 5185 1639 5259 λ
1796 5256 1805 5259 _
1983 5185 2187 5259 [actum
2211 5199 2331 5239 esse
2363 5185 2497 5259 dicit
2525 5202 2675 5259 anno
2692 5198 2897 5259 quarto
2938 5186 3156 5259 imperii
3184 5186 3417 5240 Justini:
3454 5188 3547 5239 ubi

379 5248 491 5333 (55')
518 5249 620 5333 Ὧν
642 5250 917 5332 καὶκατὰ
945 5248 1062 5333 τῶν
1079 5250 1345 5333 ligantur
1368 5251 1577 5333 πρώητ
1616 5255 1875 5323 ἐπεπόμ-
1978 5253 2264 5333 Tiberium
2299 5270 2366 5307 ex
2397 5255 2524 5333 hoc.
2553 5248 2754 5333 prmlio
2772 5248 3042 5333 victoreni
3073 5255 3546 5333 _Constantin_opo-

350 5317 427 5398 ei.
458 5317 706 5374 Justinus
742 5319 1045 5398 imperator
1079 5319 1368 5398 Tiberium
1410 5317 1672 5398 comitem
1704 5317 1874 5398 esc'u-
1978 5321 2073 5398 Em
2099 5322 2328 5398 rediisse
2361 5317 2571 5398 scribit:
2601 5327 2757 5392 Quod
2806 5335 2988 5380 tamen
3018 5326 3214 5379 falsum
3237 5339 3357 5377 esse
3386 5317 3555 5379 docet

348 5389 550 5443 iterum
586 5402 713 5443 cum
734 5390 976 5446 exercitu
1006 5389 1141 5445 satis
1173 5390 1380 5456 valido,
1415 5391 1678 5447 adversus
1732 5393 1873 5447 Ava-
1978 5392 2243 5462 Evagrius
2276 5411 2341 5449 ac
2363 5389 2746 5466 Theophanes.

1746 5546 2130 5606 VAPJORUM.

376 5639 452 5725 (ο)
494 5641 764 5725 Τιςέριος.
803 5642 1478 5725 Ῑίδετίυεροηειειηῑίηυε
1528 5651 1859 5725 creatysest
1975 5646 2043 5725 ad
2066 5661 2192 5725 eum
2221 5661 2449 5725 annum,
2488 5662 2541 5700 n.
2574 5644 2628 5699 6.
2661 5645 3008 5725 Haudrecte
3046 5643 3214 5724 igitur
3258 5659 3547 5725 nuncupa-

301 5706 838 5793 Cwsahetjmperii
871 5729 1014 5793 cum“
1057 5715 1276 5793 Justino
1332 5715 1608 5793 particeps
1647 5713 1866 5793 factus,
1975 5716 2053 5769 tio
2077 5706 2471 5793 eiusCmsarea
2536 5725 2672 5793 post
2712 5715 2930 5787 Trajani
2994 5713 3323 5783 legationem
3381 5706 3545 5770 dilata

303 5788 430 5900 post
457 5780 528 5837 25
569 5780 718 5838 diem
745 5784 949 5865 mensis
976 5782 1230 5866 Octobris
1275 5780 1404 5839 anni
1453 5780 1583 5839 Chr.
1643 5784 1767 5847 574,
1806 5793 1866 5838 ut
1975 5794 2058 5841 est
2084 5780 2151 5842 ab
2175 5786 2426 5856 Evagrio,
2451 5780 2571 5856 cap.
2614 5787 2697 5841 i3.

348 5864 503 5900 anius
533 5866 597 5900 ex
633 5854 1110 5900 vemrlEmtanhm
1178 5855 1363 5900 anm
1422 5864 1581 5900 prum
1648 5855 1862 5900 nrnhat-

348 5852 503 5919 agius
533 5866 597 5906 ex
633 5852 1110 5925 veteriEpitaphio
1178 5855 1363 5909 Romae
1422 5864 1581 5910 erute
1645 5855 1863 5924 probat,
