4114 6296
604 286 744 351 2819

1818 278 2135 342 EVAGBII
2176 277 2662 339 SCHOLASTICI

3723 279 3889 345 2820

604 394 694 451 bis
726 392 937 451 eredas.
973 393 1040 450 Ili
1086 393 1236 449 enim
1284 394 1339 449 in
1380 393 1530 449 hunc
1575 407 1740 464 quem
1780 390 1934 465 vides
1983 396 2184 442 statum

2289 384 2475 456 κρύων
2504 385 2759 457 ἀμέτρων
2787 385 2943 457 χύσιν
2979 386 3210 457 ἢγαγεν.
3246 382 3355 439 Ἦν
3378 385 3435 442 δέ
3465 404 3527 455 γε
3550 389 3579 441 ὁ
3615 388 3888 467 ’ζιόέριος

600 501 690 541 me
706 485 1074 543 deduxerunt.
1092 484 1306 556 Adiecit
1321 486 1485 540 etiam
1500 484 1744 555 ejusdem
1763 480 1909 537 modi
1927 480 2053 538 alia,
2068 491 2189 548 quae

597 575 766 650 ΜΟ
788 592 1056 632 summam
1082 577 1504 633 admirationem
1538 575 1794 630 omnibus
1817 573 2187 633 incusserunt,

601 674 660 721 et
683 668 1010 721 immensam
1050 666 1418 728 lacrvmarum
1443 666 1657 734 cepiam
1692 662 2023 718 elicuerunt.
2057 658 2183 712 Fuit

601 766 786 811 autem
816 757 1076 812 Tiberius
1104 772 1341 827 corpore
1396 755 1632 809 maxime
1678 768 1933 824 procero,
1965 759 2021 806 et
2061 765 2188 805 eum

600 847 938 917 proceritate
970 854 1220 910 staturae,
1255 846 1681 900 venustissimus
1720 860 1831 897 non
1887 844 2189 910 imperato-

598 955 727 995 rum
758 939 940 1003 modo,
969 954 1161 993 verum
1181 938 1348 992 etiam
1380 938 1626 991 omnium
1651 935 1989 997 mortalium,
2010 948 2187 1002 quan-

604 1039 720 1085 tum
764 1032 893 1101 quis
923 1032 1245 1099 conjectura
1288 1028 1508 1097 assequi
1540 1036 1722 1098 potest
1753 1045 1765 1081 :
1802 1026 1942 1081 adeo
1984 1034 2045 1079 ut
2076 1024 2188 1093 pri-

601 1136 751 1177 mum
769 1122 989 1191 quidem
1013 1121 1185 1175 forma
1201 1122 1322 1191 ejus
1350 1120 1513 1190 digna
1531 1126 1678 1173 esset
1705 1117 1965 1187 imperio.
1990 1114 2187 1169 Animo

602 1222 788 1268 autem
814 1211 961 1267 lenis
990 1211 1097 1265 fuit
1126 1222 1290 1281 atque
1320 1211 1615 1274 humanus,
1646 1219 1698 1264 et
1729 1197 1822 1279 qui
1854 1210 2035 1278 primo
2080 1215 2191 1260 sta-

600 1301 700 1356 tim
722 1300 926 1355 intuitu
952 1307 1183 1354 eunctos
1205 1300 1438 1354 comiter
1460 1301 1761 1370 exciperet.
1786 1298 2041 1353 Summas
2063 1311 2188 1352 esse

600 1391 824 1446 divitias
870 1391 1237 1455 existimabat,
1272 1392 1460 1462 largiri
1516 1392 1796 1456 omnibus,
1852 1399 1909 1445 et
1938 1402 2167 1460 erogare
2210 1445 2221 1454 ,

599 1498 712 1538 non
743 1482 810 1537 ad
866 1482 1252 1538 necessitatem
1292 1483 1470 1538 solum
1515 1483 1951 1546 sublevandam,
1994 1495 2187 1536 verum

603 1589 777 1644 usque
827 1573 893 1627 ad
935 1573 1292 1630 allluentiam.
1342 1572 1531 1644 Neque
1557 1576 1705 1629 enim
1745 1574 2009 1644 quidnam
2039 1573 2187 1627 acci-

601 1680 732 1734 pere
781 1665 1051 1721 deberent
1105 1676 1420 1735 poscentes,
1468 1668 1875 1729 considerabat,
1909 1667 2004 1722 sed
2054 1666 2186 1735 quid

2295 475 2551 544 μέγιστός
2578 491 2636 526 τε
2664 474 2726 528 τὺ
2754 475 2916 547 σῶμα
2942 477 3037 529 καὶ
3068 479 3126 541 ὲς
3158 477 3431 547 ὑπεροχὴν
3459 479 3888 548 διαπρεπέστα-

2289 583 2383 627 τος
2419 564 2622 634 μᾶλλον
2651 566 2811 635 εἰπερ
2842 583 2928 631 τις
2951 568 3176 620 εῐκασεν
3210 567 3324 635 (63)
3347 608 3362 630 ,
3390 569 3452 621 οὒ
3480 568 3749 639 βασιλέων
3781 571 3891 638 μό-

2291 674 2416 719 νων,
2445 656 2580 708 ἀλλὰ
2607 657 2698 709 καὶ
2725 656 2944 712 πάντων
2972 656 3279 717 ἀνθρώπων
3298 675 3314 693 ⁸
3339 660 3416 723 ὡς
3447 661 3664 731 πρῶτον
3688 664 3800 732 μὲν
3826 666 3893 716 τὸ

2289 743 2426 808 εἶδος
2456 748 2605 813 ἄξιον
2636 749 2746 821 (64)
2768 751 3085 821 τυραννίδος
3105 748 3264 805 εἶναι.
3283 752 3395 822 Τὴν
3427 752 3485 807 δὲ
3505 753 3682 824 ψυχὴν
3705 755 3892 826 quis;

2289 856 2347 891 τε
2367 840 2463 891 καὶ
2488 839 2895 910 φιλάνθρωπος,
2915 842 3077 905 εὐθὺς
3105 842 3214 895 ἀπὸ
3238 843 3333 896 τοῦ
3360 843 3671 915 βλέμματος
3694 848 3891 899 ᾶπαν-

2289 946 2386 991 τας
2438 929 2782 1000 δεξιούμενος
2827 948 2842 962 ο
2886 932 3115 985 πλοῦτον
3175 934 3524 1004 ἡγούμενος,
3584 937 3645 988 τὸ
3700 939 3893 989 πᾶσιν

2290 1021 2553 1090 ἐπαρκεῖν
2591 1022 2718 1092 περὶ
2763 1022 2864 1084 τὰς
2911 1024 3203 1089 ἐπιδόσεις,
3259 1026 3319 1078 οὗ
3367 1027 3503 1095 πρὸς
3554 1028 3723 1097 μόνην
3780 1029 3894 1099 τὴν

2287 1114 2500 1181 χρείαν,
2549 1112 2688 1165 ἀλλὰ
2720 1115 2983 1168 καὶκατὰ
3015 1118 3076 1169 τὸ
3109 1117 3437 1185 περιούσιον.
3477 1120 3552 1170 Οὐ
3594 1119 3702 1188 γὰρ
3752 1121 3788 1172 ὅ
3831 1135 3891 1171 τι

2289 1203 2475 1259 λαϐεῖν
2507 1203 2623 1275 (65)
2676 1202 2905 1273 ὤφειλον
2961 1210 3009 1260 οἱ
3055 1208 3329 1278 δεόμενοι,
3365 1209 3522 1263 τοῦτο
3548 1211 3840 1264 διεσκόπει
3873 1229 3890 1243 ο

2288 1295 2406 1351 ἀλλ’
2473 1298 2611 1364 ὅπερ
2665 1297 2888 1365 βασιλέα
2952 1298 3239 1368 Ῥωμαίων
3310 1298 3495 1352 δοῦναι
3558 1304 3845 1373 προσήκει
3874 1318 3889 1331 ·

2290 1387 2543 1457 κίϐδηλον
2564 1388 2621 1441 δὲ
2639 1388 2729 1441 τὸν
2751 1389 2953 1458 χρυσὸν
2978 1392 3163 1459 ἡγεῖτο
3182 1391 3270 1443 τὸν
3288 1392 3351 1442 ὲκ
3368 1391 3623 1461 δακρύων
3642 1393 3889 1463 ἥκοντα..

2290 1478 2459 1532 Ὀθεν
2490 1479 2684 1549 ἀμέλει
2712 1485 2813 1550 τήν
2847 1497 2906 1533 τε
2950 1481 3313 1551 δασμολογίαν
3359 1487 3472 1547 τοῖς
3523 1484 3893 1539 συντελοῦσιν

2289 1571 2572 1639 ἐπαφῆκεν
2603 1572 2721 1634 ἑνὸς
2745 1571 2932 1625 τέλεον
2967 1572 3013 1605 ⁸⁵
3038 1572 3231 1642 χρόνου
3263 1573 3371 1645 (66)
3398 1592 3410 1605 ·
3435 1575 3533 1638 τάς
3562 1592 3621 1627 τε
3648 1578 3892 1646 κτήσεις

2288 1654 2490 1726 αἷσπερ
2510 1662 2539 1713 ὁ
2561 1659 2942 1729 Ἀρδαρμόινης
2975 1659 3301 1731 ἐλυμήνατο,
3338 1662 3448 1716 τῶν
3503 1660 3889 1732 ἐπικειμένων

604 1754 990 1824 imperatorem
1011 1755 1320 1809 Romanum
1348 1755 1479 1810 dare
1514 1756 1757 1810 deceret.
1780 1756 1990 1810 Aurum
2022 1769 2187 1824 porro

2291 1749 2462 1801 τελῶν
2512 1750 2574 1801 οὐ
2606 1749 2743 1819 πρὸς
2774 1749 2837 1802 τὸ
2893 1750 3094 1820 μέτρον
3138 1751 3240 1821 τῆς
3300 1752 3526 1825 βλάὁης,
3584 1755 3721 1807 ἀλλὰ
3776 1755 3888 1807 καὶ

602 1845 736 1899 illud
775 1845 1148 1900 adulterinum
1199 1846 1497 1911 censebat,
1547 1846 1693 1915 quod
1755 1862 1880 1900 cum
1930 1846 2187 1917 lacrymis

2292 1839 2471 1907 πολλῷ
2523 1839 2933 1909 καθυπέρτερον
2983 1840 3380 1913 ἠλευθέρωσεν.
3442 1844 3779 1917 Ἀφείθησαν
3821 1845 3887 1899 δί

602 1936 1025 2005 provincialium
1050 1937 1340 1990 collectum
1356 1936 1554 1990 fuerat.
1575 1937 1749 2002 Quam
1780 1937 1853 1991 ob
1879 1952 1992 1991 rem
2020 1937 2186 1992 unius

2289 1931 2382 1983 καὶ
2405 1932 2515 1991 τοῖς
2548 1930 2811 2000 ἄρχουσιν
2837 1931 2894 1982 αἱ
2923 1929 3154 2000 ἄθεσμοι
3183 1932 3361 1998 δόσεις
3389 1934 3476 1998 (67
3485 1950 3524 2004 ),
3558 1932 3648 1997 αἷς
3679 1915 3885 2005 πρώην

603 2028 731 2081 anni
766 2027 1036 2081 tributum
1060 2026 1419 2081 collatoribus
1472 2026 1684 2080 remisit
1726 2043 1738 2079 :
1794 2035 1850 2081 et
1879 2027 2186 2096 possessio-

2288 2022 2339 2074 οί
2389 2020 2629 2090 βασιλεῖς
2682 2021 2809 2083 τοὺς
2841 2021 3119 2091 ὑπηκόους
3174 2024 3518 2095 ἐπίπρασκον
3554 2045 3570 2058 υ
3605 2029 3701 2081 καὶ
3728 2028 3882 2099 ὑπὲρ

603 2132 703 2171 nes
731 2134 853 2187 qua:
886 2119 956 2173 ab
980 2119 1324 2172 Adaarmane
1354 2126 1577 2172 vastata
1610 2117 1853 2184 fuerant,
1896 2118 2186 2173 tributaria

2293 2112 2498 2165 τούτων
2522 2115 2617 2165 καὶ
2642 2111 2912 2179 διατάξεις
2944 2113 3171 2184 ἔγραψε,
3205 2115 3266 2169 τδ
3302 2118 3496 2189 μέλλον
3531 2120 3877 2188 κατασφαλι-

603 2207 887 2263 iunctione
911 2209 1196 2273 relevavit,
1223 2224 1330 2261 non
1354 2222 1455 2276 pro
1493 2207 1657 2261 modo
1682 2207 2004 2262 detrimenti
2035 2207 2184 2277 quod
2295 2206 2548 2273 σάμενος.

605 2316 781 2372 passm
813 2300 1052 2362 fuerant,
1082 2299 1179 2354 sed
1223 2300 1401 2353 multo
1426 2299 1651 2353 uberius
1676 2305 1840 2368 atque
1877 2298 2167 2368 prolixius.
2208 2296 2472 2351 Remissa:
2537 2303 2666 2350 sunt
2722 2295 2889 2350 etiam
2949 2299 3360 2370 magistratibus
3399 2299 3695 2370 illegitimae
3747 2318 3876 2357 mu-

603 2409 797 2448 nerum
849 2393 1179 2458 oblationes,
1240 2393 1444 2462 quibus
1511 2401 1671 2446 antea
1748 2393 2109 2462 imperatores
2154 2390 2407 2445 subditos
2461 2403 2591 2444 suos
2630 2389 2738 2443 illis
2789 2391 3031 2447 vendere
3089 2402 3515 2450 consueverant.
3586 2394 3876 2451 Constitu-

605 2485 783 2539 tiones
825 2498 1043 2552 quoque
1093 2483 1180 2536 his
1211 2482 1280 2537 de
1331 2483 1496 2537 rebus
1552 2481 1794 2551 scripsit,
1837 2491 2182 2551 posterorum
2224 2477 2507 2534 securitati
2540 2477 2908 2548 prospiciens.

1228 2598 1379 2655 CAP.
1413 2598 1554 2653 XIV.

603 2692 872 2757 Quomodo
915 2693 1204 2761 imperator
1240 2691 1468 2746 Tiberius
1501 2690 1730 2744 collectis
1766 2690 2060 2758 ingentibus
2101 2704 2185 2741 co-

677 2764 797 2832 piis,
844 2770 893 2815 et
921 2761 1228 2815 Iustiniano
1262 2762 1389 2832 dnce
1434 2769 1619 2814 contra
1674 2761 1956 2832 Cliosroem
2005 2760 2179 2821 misso,

676 2830 794 2885 eum
829 2848 891 2885 ex
917 2832 1277 2885 Romanorum
1306 2830 1500 2898 ﬁnibus
1534 2830 1757 2901 expulit.

676 3016 916 3071 Pecunia
945 3016 1112 3084 igitur
1141 3014 1305 3068 malis
1327 3013 1540 3067 artibus
1560 3022 1713 3084 parta
1740 3014 1881 3068 bene
1912 3028 2061 3073 usus.
2089 3028 2177 3067 res

2878 2595 3105 2650 ΚΕΦΑΛ
3116 2634 3132 2650 .
3166 2596 3264 2649 ῙΔ’.

2297 2688 2389 2753 ’.Ως
2426 2690 2457 2740 ό
2482 2688 2784 2753 ,ϐασιλεὺς
2815 2689 3069 2759 Τιϐέριος
3111 2689 3372 2755 στρατὸν
3397 2688 3597 2742 πολὺν
3629 2690 3875 2759 ἀγείρας

2354 2760 2504 2827 κατὰ
2556 2759 2825 2826 Χσσρόου
2852 2799 2867 2821 ,
2925 2758 3022 2813 καὶ
3064 2759 3403 2827 στρατηγὸν
3440 2758 3875 2812 Ἰουστινιανρὸν

2260 2830 2267 2837 ’
2355 2825 2805 2893 ἐξαποστείλας
2831 2867 2845 2893 ,
2896 2829 3112 2882 τοῦτον
3138 2825 3231 2881 *ἐκ
3260 2827 3369 2896 τῆς
3424 2830 3723 2897 Ῥωμαίων
3759 2829 3875 2899 τῆς

2357 2899 2706 2961 ἀπήλασεν.

2355 3012 2479 3071 Τοῖς
2514 3013 2692 3067 τοίνυν
2721 3013 2909 3078 κακῶς
2968 3015 3274 3083 συλλεγεῖσι
3327 3015 3604 3085 χρήμασιν
3644 3014 3700 3076 ές
3748 3013 3870 3067 δέον

610 3109 673 3165 ad
713 3107 921 3163 bellum
948 3106 1287 3160 necessarias
1304 3106 1646 3175 comparavit
1680 3121 1694 3158 :
1738 3115 2058 3167 tantumque
2081 3119 2182 3156 nu-

2288 3103 2659 3174 χρησάμενος,
2706 3105 2774 3160 τὰ
2816 3107 2963 3177 πρὸς,
3008 3106 3102 3160 τὸν
3136 3107 3372 3177 πόλεμον
3405 3104 3722 3176 ἐξηρτύετο·
3770 3105 3864 3158 καὶ

611 3212 824 3251 merum
879 3196 1304 3250 fortissimorum
1357 3196 1593 3248 militum
1652 3194 1886 3262 collegit,
1944 3205 2056 3247 tam
2116 3207 2180 3247 ex

610 3286 870 3357 gentibus
899 3284 1280 3355 Transalpinis
1312 3300 1433 3353 qua:
1464 3284 1606 3338 circa
1629 3285 1879 3339 Rhenum
1909 3284 2181 3348 habitant,

612 3388 728 3433 tum
769 3394 837 3432 ex
864 3375 1198 3446 Cisalpinis:
1245 3390 1312 3430 ex
1346 3375 1660 3443 Massagetis
1697 3384 1981 3444 praeterea,
2030 3373 2181 3426 aliis-

611 3486 718 3540 que
778 3469 1052 3541 Scythicis
1108 3467 1465 3533 nationibus;
1524 3482 1592 3522 ex
1621 3466 1901 3520 Pannonia
1957 3466 2085 3520 item
2119 3480 2183 3519 ac

609 3562 821 3628 Mmsia,
859 3570 916 3617 et
944 3577 1010 3616 ex
1032 3560 1230 3631 Illyriis
1256 3571 1422 3628 atque
1457 3557 1682 3620 Isauris,
1710 3559 1921 3626 optimo
1967 3571 2185 3626 quoque

608 3656 818 3710 viritim
866 3655 1049 3709 lecto:
1101 3661 1163 3705 ut
1226 3666 1399 3721 prope
1432 3657 1654 3703 centum
1692 3656 1749 3701 et
1788 3647 2185 3717 quinquaginta

611 3747 896 3801 hominum
929 3748 1096 3800 millia
1120 3746 1318 3802 turmis
1344 3743 1917 3815 praestantissimorum
1935 3740 2185 3808 equitum

613 3839 931 3907 inseruerit,
960 3848 1015 3892 et
1068 3838 1371 3894 Chosroem
1434 3832 1725 3906 fugaverit.
1768 3832 1871 3899 Qui
1923 3839 2043 3901 post
2089 3846 2183 3885 ca-

2288 3196 2547 3251 τοσοῦτον
2577 3197 2790 3267 ἀγείρει
2823 3199 3054 3268 στρατὸν
3088 3199 3295 3270 ἀνδρῶν
3330 3198 3553 3268 ἡρώων,
3579 3197 3644 3248 ἔκ
3670 3214 3729 3249 τε
3761 3197 3868 3248 τῶν

2288 3289 2428 3360 ὑπὲρ
2453 3290 2553 3351 τὰς
2587 3289 2815 3353 Ἄλπεις
2862 3289 3065 3356 ἐθνῶν,
3095 3290 3165 3343 τὰ
3197 3290 3339 3359 ἀμφὶ
3374 3289 3467 3340 τὸν
3508 3288 3699 3358 Ῥῆνον
3748 3292 3866 3357 ἀρι-

2289 3381 2504 3450 στίνδην
2557 3382 3018 3452 στρατολογήσας,
3053 3382 3121 3436 τά
3154 3398 3213 3434 τε
3253 3381 3405 3443 ἐντὸς
3432 3379 3538 3432 τῶὀ
3573 3379 3825 3433 ’Ἄλπεων
3846 3419 3863 3443 ,

2287 3472 2663 3536 Μασσαγετῶν
2691 3490 2751 3524 τε
2781 3474 2874 3525 καὶ
2902 3473 3104 3543 ἐτέρων
3129 3470 3411 3524 Σκυθικῶν
3440 3471 3646 3539 γενῶνο
3678 3473 3770 3523 καὶ
3796 3472 3864 3525 τὰ

2289 3562 2417 3631 περὶ
2449 3563 2708 3615 Παιονίαν
2736 3563 2829 3616 καὶ
2853 3562 3097 3626 Μυσοὺς,
3126 3562 3222 3616 καὶ
3246 3562 3563 3630 Ἰλλυριοὺς,
3585 3562 3865 3615 καὶΊσαύ-

2295 3668 2421 3720 ρους
2446 3666 2459 3681 ⁶
2491 3651 2567 3715 ὼς
2602 3652 2872 3719 σύνεγγυς
2901 3655 3240 3720 πεντήκοντα
3272 3652 3366 3704 καὶ
3388 3652 3584 3704 ἑκατὸν
3609 3652 3865 3719 χιλιάδων

2292 3740 2441 3803 εῐλας
2468 3741 2680 3795 ἱππέων
2698 3743 2808 3812 (68)
2834 3743 3069 3812 ἀρίστων
3100 3742 3634 3812 ἔγκαταστήσασθαι,
3666 3742 3865 3806 ἐξῶσαί

2292 3848 2350 3884 τε
2388 3833 2478 3884 τὸν
2509 3833 2778 3904 Χοσρόην,
2817 3833 2958 3905 μετὰ
2981 3833 3080 3903 τὴν
3102 3834 3279 3904 Δάρας
3314 3834 3535 3898 ἅλωσιν,
3569 3832 3728 3894 εὐθὺς
3760 3832 3863 3885 ἀνα

1894 3967 2130 4022 VARUS
2168 3967 2573 4026 LECTIUNES.

682 4073 724 4102 ⁸⁸
758 4071 960 4123 τελέου.

1807 4154 2072 4209 VALESII
2109 4153 2663 4213 ANNOTATIONES.

685 4254 795 4324 (63l
830 4254 1138 4324 'Hrtep_gt¢
1159 4250 1395 4324 εἴκασεν
1415 4287 1425 4299 .
1449 4247 1813 4324 Scribendmn
1848 4256 2001 4317 puto,
2028 4247 2184 4324 εῐττερ

611 4315 703 4387 τις
742 4315 990 4377 εἴκασεν(
1025 4315 1137 4374 Nec
1166 4320 1358 4374 dubito
1391 4319 1524 4388 quin
1571 4315 1862 4385 Evagrius
1892 4326 2081 4388 noster
2113 4315 2184 4367 ita

612 4386 877 4463 scriptum
897 4391 1200 4463 reliquerit.
1215 4386 1606 4463 Coniecturaui
1630 4399 1870 4441 nostram
1888 4386 2188 4463 conﬁrmat

612 4454 787 4519 codex
819 4454 1184 4520 Tellerianus,
1215 4459 1267 4511 in
1297 4454 1408 4526 quo
1448 4459 1519 4512 ita
1557 4457 1761 4511 diserte
1793 4456 2061 4526 scriptum
2100 4454 2179 4526 in-

616 4534 760 4588 veni.
802 4530 1054 4585 Facessat
1081 4529 1245 4598 igitur
1291 4523 1671 4597 interpretatio
1707 4526 1936 4598 Muscuti
1971 4524 2082 4598 qui
2105 4523 2184 4598 sic

612 4603 803 4657 vertit:
836 4599 1063 4669 Insignis
1102 4594 1267 4669 inagis
1288 4594 1451 4668 quant
1477 4608 1532 4650 nt
1557 4602 1833 4669 quisquam
1854 4594 1934 4647 illi
1956 4594 2183 4661 conferri

615 4672 797 4744 possit.
825 4667 1383 4744 Christopliorsonus
1433 4684 1568 4744 vero
1615 4668 1686 4719 ita
1728 4667 2179 4744 interpretatur:

618 4734 1033 4795 Pulchritudinis
1061 4734 1369 4793 excellentia
1398 4740 1629 4793 omnium
1655 4736 1900 4805 Opinione
1934 4734 2126 4805 major.

689 4811 800 4879 (64)
841 4810 946 4864 Κίιὶ
990 4808 1226 4877 πρῶτον
1268 4808 1397 4879 μὲν,
1432 4808 1497 4859 τὸ
1526 4803 1907 4879 εἴςῗορἅιον.
1965 4803 2186 4879 [lectius

618 4882 672 4936 in
698 4874 887 4936 codice
923 4874 1243 4933 Florentino
1270 4874 1539 4932 scribitur
1568 4875 1642 4936 ὡς
1663 4874 1877 4945 πρῶτον
1933 4875 2051 4945 μέν,
2076 4884 2183 4945 etc.

617 4953 827 5007 Alludtt
867 4959 1049 5004 autem
1098 4949 1367 5018 Evagrius
1414 4947 1479 5018 ad
1526 4941 1744 5018 versum
1786 4944 1939 4997 illum
1969 4941 2186 5018 Tragici

621 5023 970 5077 notissimum
1007 5013 1240 5088 πρῶτοί
1276 5016 1372 5088 μὲν
1408 5014 1567 5088 εὶᾲᾷοέ-
1598 5014 1746 5080 ἀξιον
1785 5013 2112 5088 τυραννίᾷος.

690 5092 807 5175 (θδὶ
841 5083 1063 5175 903‘”?
1091 5083 1659 5175 5":"§fl?fa.’l“".°."3
1701 5083 2188 5175 δῗῗῗέῗῖθλξῗλῖέέ

617 5177 671 5213 τι
697 5152 890 5215 λαῦεἰν
919 5152 1126 5225 ὤφελον
1168 5159 1216 5209 οἱ
1250 5156 1513 5223 δεόμενοι,
1568 5164 1698 5221 etc.,
1725 5152 2186 5225 quemadmodan

619 5231 823 5301 legitur
867 5222 1009 5301 apud
1060 5222 1667 5301 Nicephorumﬂincap.
1704 5226 1755 5283 1,
1797 5223 1893 5301 lib.
1924 5239 2071 5301 x‘vnt.
2126 5222 2183 5301 In

619 5293 1247 5357 codicibus'Florentino
1273 5304 1329 5350 et
1348 5293 1680 5359 Tellerian'o,
1714 5310 1811 5363 pro
1831 5294 2038 5362 ὤφελον
2062 5293 2190 5347 scri-

620 5372 772 5427 bitur
802 5369 1034 5427 ὄφειλον.

693 5389 1282 5512 ἱιίῑὲ)Οΐὲ;ῗὲἔ’-τέλεον
1342 5434 1827 5512 γρόγουκ-Ειεωι
1857 5432 2191 5512 Constitutio

619 5503 818 5566 Justini
846 5503 1114 5574 .lunioris,
1146 5524 1253 5577 qua
1282 5503 1491 5577 reliqua
1518 5504 1873 5577 tributorum
1924 5503 2189 5577 praeteriti

624 5582 908 5650 temporis,
961 5572 1886 5650 provincialibusindulsitusque
1928 5572 2015 5650 ad_
2042 5572 2189 5626 indi-

622 5644 858 5704 ctionem
897 5644 1143 5703 octavam
1173 5666 1186 5700 :
1221 5648 1394 5718 Μέχρι
1439 5647 1540 5718 τῆς
1574 5646 1764 5718 ὀγδρης
1794 5644 2189 5718 επινεμήσειιξςν

536 5730 553 5745 ’⁵
626 5723 716 5771 καὶ
756 5718 925 5787 αὐτῆς
955 5718 1045 5770 τοῦ
1080 5712 1373 5779 ἐνεστῶτος
1405 5712 1628 5769 κύκλου.
1671 5714 1827 5779 Quod
1862 5714 2085 5782 quidem
2114 5712 2192 5765 fc-

2293 4249 2433 4302 eisse
2476 4249 2699 4323 videtur
2728 4249 2977 4323 Justinus
3014 4266 3181 4305 suasu
3214 4250 3445 4323 Tiberii,
3492 4268 3658 4323 quem
3685 4253 3863 4310 Caesa-

2294 4333 2409 4389 rem
2443 4320 2607 4386 paulo
2646 4331 2773 4373 ante
2815 4320 3217 4389 designaverat.
3269 4320 3738 4378 ineunte'octava
3779 4326 3859 4379 in-

2220 4387 2556 4457 Ddiclione,
2615 4398 2674 4442 ut
2723 4389 2886 4443 docet
2938 4387 3135 4442 auctor
3184 4387 3432 4443 Chronici
3491 4392 3860 4451 Alexandrini.

2293 4458 2482 4530 itaque
2538 4459 2591 4530 i_n
2645 4460 2747 4513 hac
2804 4460 3211 4530 Constitutione
3282 4460 3456 4530 prima
3512 4463 3864 4530 imperatoris

2287 4526 2488 4598 Justini
2540 4528 2807 4591 Junioris,
2863 4526 3074 4583 Tiberii
3120 4526 3339 4598 quoque
3387 4526 3620 4587 Caesaris
3664 4549 3863 4587 nomen

2289 4597 2490 4650 ascribi
2544 4599 2833 4653 debuerat.

2363 4666 2473 4735 (67)
2513 4668 2847 4736 Αὶᾶθεσμοι
2870 4668 3092 4733 δόσεις.
3117 4669 3307 4723 Exstat
3336 4668 3500 4721 hodie
3525 4668 3863 4727 Constitutio

2293 4735 2643 4809 imperatoris
2669 4735 2867 4793 JuStini
2907 4739 3172 4799 .lunioris,
3206 4739 3273 4809 de
3302 4740 3620 4792 rectoribus
3645 4744 3864 4809 provin-

2291 4808 2521 4877 ciarum_
2547 4808 2717 4877 gratis
2746 4810 3151 4876 promovendis.
3193 4808 3322 4874 Quae
3358 4809 3502 4862 inter
3526 4808 3732 4864 Justini
3764 4812 3865 4866 Νο-

2293 4876 2457 4930 vellas
2484 4875 2893 4931 constitutiones
2926 4886 3011 4931 est
3058 4894 3292 4933 numero
3342 4887 3558 4947 quarta.
3606 4880 3682 4932 Ea
3726 4880 3867 4934 Con—

2292 4947 2579 5001 stitutione
2615 4948 2886 5017 permittit
2911 4948 3161 5003 Justinus
3189 4948 3645 5015 provincialibus,
3675 4960 3736 5002 ut
3774 4966 3866 5004 eos

2292 5032 2434 5087 quos
2458 5018 2689 5071 idoneos
2709 5033 2831 5072 esse
2852 5018 3289 5072 existimaverint
3314 5018 3380 5071 ad
3404 5018 3704 5087 regendam
3733 5022 3872 5089 ipso.

2294 5102 2416 5158 rum
2447 5089 2808 5155 provinciam,
2830 5089 3145 5157 imperatori
3176 5098 3497 5157 suggerant:
3519 5089 3866 5158 spondetque

2295 5157 2596 5226 imperator
2633 5174 2691 5211 se
2748 5160 2921 5228 gratis
2952 5158 3157 5227 absque
3186 5160 3297 5211 ullo
3325 5157 3558 5212 munere
3581 5160 3866 5213 codicillos

2295 5237 2350 5281 et
2391 5231 2746 5298 magistratus
2778 5228 3012 5298 insignia
3053 5229 3417 5298 praebiturum
3441 5243 3584 5281 esse.
3619 5228 3754 5294 Quae
3783 5229 3865 5282 lex

2296 5313 2419 5351 cum
2466 5301 2590 5351 data
2623 5297 2693 5351 sit
2726 5313 2870 5351 anno
2899 5297 3094 5351 octavo
3130 5298 3343 5367 imperii
3367 5297 3571 5351 Justini
3594 5298 3862 5360 Junioris,

2296 5382 2414 5420 eam
2463 5383 2684 5436 quoque
2733 5367 2942 5422 Tiberii
2981 5367 3212 5422 Cassaris
3235 5382 3398 5421 suasu
3432 5383 3495 5421 ac
3517 5370 3866 5437 suggestione

2296 5438 2500 5491 editam
2545 5452 2667 5491 esse
2710 5453 2820 5492 non
2860 5438 3198 5492 dubitamus.

2368 5508 2478 5576 (68)
2509 5509 2691 5571 Εῖλίις
2713 5509 2960 5561 ἱππέων.
2995 5507 3353 5564 Scribendum
3379 5518 3463 5562 est
3489 5504 3867 5576 proculdubio

2299 5577 2620 5641 natc.Qnod
2666 5578 2837 5632 miror
2883 5594 2986 5633 nec
3034 5595 3064 5632 a
3104 5577 3430 5647 Nicephoro,
3466 5592 3568 5631 nec
3599 5576 3671 5629 ab
3705 5576 3868 5629 inter-

2303 5648 2551 5717 pretibus
2588 5648 3031 5703 animadversum
3066 5647 3257 5702 fuisse.
