4114 6296
360 232 495 299 2821
1285 225 1669 289 HISTORIA!
1704 227 2297 293 ECCLESIASTICJ!
2339 228 2569 290 LIBER
2610 229 2675 290 V.
2835 289 2841 295 ,
3471 228 3613 293 2822

361 348 424 400 τὸ
450 344 607 413 θέρος
624 341 716 393 ἐπὶ
746 338 844 409 τὴν
869 338 1163 410 Ἀρμενίαν
1188 338 1482 402 έλάσαντα,
1508 334 1720 389 ἐκεῖθέν
1748 352 1808 388 τε
1834 337 1934 400 τὰς

2046 351 2186 408 ptam
2228 339 2423 393 urbem
2455 337 2656 398 Daras,
2694 336 2981 392 confestim
3027 338 3218 395 aestivo
3266 348 3512 412 tempore
3554 345 3612 399 in

360 437 539 507 ὁρμὰς
571 432 663 487 ἐπὶ
682 433 780 500 τὴν
801 431 1081 502 Καίσαρος
1112 429 1326 501 ἔχοντα,
1357 430 1392 499 ἢ
1423 428 1531 482 τῶν
1550 428 1936 482 Καππαδοκῶν

2046 430 2356 483 Armeniam
2381 429 2678 496 irruperat,
2718 437 2882 497 atque
2921 429 3047 484 inde
3071 427 3375 487 Caesaream
3403 431 3613 503 Cappa—

364 525 548 596 άρχει,
579 524 674 575 καὶ
700 520 809 575 τῶν
836 519 1032 575 αὐτόσε
1063 519 1410 591 προκάθηται
1447 518 1677 573 πόλεων.
1728 521 1823 584 Ὃς
1851 537 1937 574 τοι

367 615 557 669 σοῦτον
614 610 980 682 ὑπερεφρόνει
1031 610 1132 681 τὴν
1169 609 1460 679 Ῥωμαίων
1511 611 1710 680 ἀρχὴν,
1759 611 1842 664 ὅτι
1878 629 1940 679 γε

365 703 852 776 πρεσϐευσαμένου
886 702 982 755 τοῦ
1019 702 1322 774 Καίσαρος,
1368 702 1469 755 οὐκ
1518 702 1672 773 ὴξίου
1713 703 1813 773 τῆς
1866 703 1942 767 ὡς

365 796 525 851 αὑτὸν
558 794 742 848 ἐσόδου
775 797 891 855 τοῖς
920 794 1183 864 πρέσϐεσι
1218 795 1544 865 μεταδοῦναι
1570 810 1584 826 °
1615 794 1845 849 ἔπεσθαι
1883 795 1939 848 δὲ

364 889 573 952 τούτοις
599 886 936 940 διεκελεύετο
963 887 1126 957 μέχρι
1150 887 1248 957 τῆς
1272 887 1574 957 Καίσαρος.
1592 888 1801 940 Ἐκεῖσε
1833 888 1942 957 γὰρ

367 986 496 1055 περὶ⁵
538 985 638 1052 τῆς
688 982 985 1053 πρεσϐείας
1032 982 1351 1036 διασκοπεῖν
1394 982 1600 1051 ἔλεγεν.
1638 983 1726 1045 Ὦς
1778 983 1821 1035 δ’
1850 982 1941 1035 οὖν

366 1078 743 1146 ἀντιμέτωπον
764 1074 869 1130 εἶδε
892 1076 954 1129 τὸ
968 1077 1254 1146 Ῥωμαίων
1280 1078 1595 1147 στράτευμα
1614 1078 1717 1130 ὑπὸ
1732 1079 1943 1130 Ἰουστι-

367 1170 534 1240 νιανῷ
573 1168 720 1239 (69)
775 1168 1141 1236 ταττόμενον,
1207 1168 1455 1238 τάδελφῷ
1504 1167 1795 1221 Ἰουστίνου
1847 1166 1940 1220 τοῦ

368 1265 508 1333 πρὸς
538 1260 828 1315 Ἱουστίνου
879 1259 1132 1323 δειλαίως
1165 1260 1512 1331 ἀνῃρημένου
1541 1259 1677 1330 (70),
1700 1260 1941 1327 ἀκριϐῶς

318 1416 327 1421 ,
369 1352 776 1420 ἐξωπλισμένον
799 1389 814 1414 ,
849 1349 910 1402 τό
934 1366 993 1402 τε
1026 1350 1272 1403 ἐνυάλιον
1310 1350 1409 1412 τὰς
1440 1349 1749 1418 σάλπιγγας
1774 1349 1939 1419 ἠχού-

372 1461 492 1507 σας,
541 1443 633 1496 καὶ
672 1441 743 1495 τά
774 1444 977 1511 σημεῖα
1023 1441 1158 1513 πρὸς
1204 1443 1387 1511 μάχην
1432 1442 1718 1512 αίρόμενα,
1757 1443 1848 1495 τόν
1881 1458 1940 1493 τε

371 1530 708 1603 στρατιώτην
745 1532 987 1599 φονῶντα
1009 1571 1028 1598 ,
1071 1532 1163 1585 καὶ
1209 1531 1386 1602 θυμοῦ
1424 1532 1562 1601 μετὰ
1586 1533 1686 1597 τῆς
1716 1534 1775 1601 ές
1805 1533 1942 1599 ἄγαν

369 1622 662 1692 εὐκοσμίας
693 1622 923 1676 πνέοντα
945 1661 960 1687 ,
1004 1623 1167 1675 ἵππον
1197 1639 1257 1676 τε
1310 1623 1578 1694 τοσαύτην
1620 1625 1712 1677 καὶ
1760 1625 1942 1677 τοιαύ-

2040 521 2210 574 docia:
2243 529 2298 575 et
2326 520 2661 589 reliquarum
2685 520 2796 574 illic
2820 522 3037 576 urbium
3068 526 3412 594 metropolim
3455 527 3613 582 inva-

2041 611 2172 666 dere
2205 612 2602 665 meditabatur:
2626 611 2783 683 44],
2814 613 3185 671 Romanorum
3208 625 3390 672 autem
3436 618 3613 689 impe-

2043 700 2185 753 rium
2212 708 2497 768 tantopere
2519 700 2882 769 despiciebat,
2904 710 2961 756 ut
2981 717 3100 755 cum
3120 702 3304 760 Caesar
3319 707 3526 777 legatos
3547 711 3612 763 ad

2039 808 2165 846 eum
2228 794 2486 857 misisset,
2522 808 2619 848 eos
2667 793 2735 847 ad
2764 803 3119 862 conspectum
3175 813 3336 851 suum
3393 800 3616 855 minime

2041 883 2343 947 admiserit,
2393 885 2489 938 sed
2528 900 2702 954 usque
2750 883 2816 937 ad
2873 883 3066 938 urbem
3108 885 3412 943 Caesaream
3461 893 3617 960 sequi

2044 974 2220 1043 ipsum
2248 976 2497 1045 jusserit.
2540 976 2656 1031 lllie
2677 976 2825 1030 enim
2849 992 2909 1032 se
2935 990 3131 1033 eorum
3168 979 3496 1049 legationem
3515 998 3615 1036 au-

2041 1069 2285 1123 diturum
2314 1085 2434 1124 esse
2460 1071 2661 1126 aiebat.
2703 1072 2907 1127 Verum
2934 1073 3030 1128 ubi
3061 1074 3435 1129 Romanorum
3460 1092 3617 1131 exer-

2040 1160 2211 1215 citum
2236 1170 2427 1215 contra
2459 1177 2517 1216 se
2541 1172 2687 1217 stare
2716 1164 2875 1230 vidit,
2918 1164 3058 1220 duce
3089 1165 3422 1232 Iustiniano,
3452 1168 3618 1223 fratre

2038 1250 2241 1305 Justini
2272 1253 2391 1321 ejus
2439 1253 2531 1321 qui
2579 1252 2647 1307 ab
2692 1254 3023 1323 imperatore
3049 1256 3267 1311 Justino
3317 1257 3617 1313 crudeliter

2042 1343 2261 1397 occisus
2291 1344 2472 1397 fuerat
2506 1361 2519 1396 :
2561 1344 2734 1415 probe
2770 1345 3097 1400 instructum
3131 1355 3295 1416 atque
3322 1357 3615 1413 armatum,

2041 1441 2098 1487 et
2125 1433 2285 1488 tubas
2319 1434 2577 1490 bellicum
2614 1448 2897 1499 canentes,
2922 1446 2979 1492 et
3004 1438 3157 1508 signa
3175 1438 3241 1493 ad
3266 1441 3616 1496 committen-

2043 1524 2167 1577 dam
2210 1538 2446 1593 pugnam
2482 1523 2536 1577 in
2578 1525 2748 1578 altum
2792 1526 3043 1580 sublata:
3090 1527 3322 1581 militem
3354 1540 3616 1598 prrctcrea

2044 1615 2210 1669 aedis
2236 1615 2480 1680 avidum,
2506 1626 2563 1670 et
2586 1631 2711 1673 cum
2747 1616 3123 1686 pulcherrimo
3159 1629 3356 1673 ornatu
3392 1620 3526 1674 iram
3553 1637 3614 1676 ac

368 1732 470 1786 την
502 1680 569 1778 εδ,
684 1715 861 1779 οὐδεὶς
889 1680 1105 1768 mimos;
1129 1715 1392 1786 βασιλέων
1414 1680 1740 1786 ὲφαύτάσθη,
1770 1716 1941 1774 πολλά

2046 1705 2286 1761 furorem
2343 1708 2736 1774 anhelantem;
2798 1716 3009 1763 tantum
3059 1710 3297 1781 denique
3345 1728 3408 1767 ac
3458 1714 3616 1767 talem

371 1823 436 1876 γε
466 1807 803 1872 ἐπιθειάσας,
837 1804 1105 1875 ἀνῴμωξε
1151 1805 1341 1876 μύχιον
1372 1807 1507 1877 πρὸς
1538 1806 1600 1860 τὸ
1627 1807 1817 1860 ἀνελπι
1851 1808 1944 1860 καὶ

371 1898 633 1967 ἀδόκητον
657 1912 673 1928 ο
700 1898 795 1951 καὶ
830 1897 1009 1968 μάχης
1040 1898 1139 1950 οὐκ
1168 1898 1357 1969 ἤθελον
1391 1898 1599 1968 ἄρχειν.
1618 1899 1941 1952 Ἀναϐαλλο-

375 1987 523 2059 μένῳ
549 1988 605 2041 δὲ
629 1987 775 2057 αὐτῷ
798 1988 892 2042 καὶ
918 1987 1259 2058 διαμέλλοντι
1285 2030 1300 2055 ,
1334 1990 1428 2045 καὶ
1457 1989 1548 2043 τὸν
1587 1990 1775 2061 καιρὸν
1819 1991 1942 2061 τρί-

373 2081 542 2147 ϐοντι,
582 2082 675 2136 καὶ
706 2081 1044 2152 σοφιζομένῳ
1076 2082 1174 2153 τὴν
1211 2082 1408 2152 μάχην,
1460 2082 1634 2136 ἔπεισι
1683 2083 1866 2154 Κοὺρς
1916 2085 1946 2135 ό

373 2171 587 2243 Σκύθης
610 2172 746 2241 (71),
787 2172 925 2243 ἀνὴρ
956 2173 1050 2226 τοῦ
1083 2171 1259 2237 δεξιοῦ
1287 2172 1462 2242 κέρως
1495 2173 1816 2242 ἡγούμενος.
1835 2174 1944 2227 Καὶ

377 2265 452 2334 μὴ
481 2264 609 2318 οἴων
629 2281 686 2318 τε
716 2263 1029 2333 γενομένων
1047 2265 1289 2332 ἐνεγκεῖν
1309 2265 1407 2332 τὴν
1437 2264 1673 2335 ἐμϐολὴν
1692 2264 1799 2317 τῶν
1823 2268 1943 2318 κατ’

373 2357 537 2411 αὐτὸν
570 2356 820 2428 Περσῶν,
853 2354 1244 2409 ἐκλελοιπότων
1270 2356 1326 2409 δὲ
1364 2356 1507 2427 μάλα
1545 2357 1811 2427 λαμπρῶς
1846 2357 1944 2429 τὴν

372 2450 527 2515 τάξιν
546 2487 563 2512 ,
596 2448 767 2501 πολὺν
811 2447 908 2518 μὲν
938 2448 1235 2517 εἰργάσατο
1263 2449 1422 2516 φόνον
1451 2447 1561 2501 τῶν
1590 2448 1940 2512 ἀπεναντίας.

379 2538 598 2591 Ἐπεισι
630 2537 686 2590 δὲ
714 2538 826 2600 τοῖς
856 2537 1135 2606 οὐραγοῖς,
1183 2535 1309 2589 ἔνθα
1338 2538 1430 2589 καὶ
1463 2535 1561 2606 τὴν
1593 2537 1946 2607 ἀποσκευὴνὸ

374 2642 435 2679 τε
465 2624 707 2697 Χοσρόης
735 2626 828 2679 καὶ
847 2627 876 2678 ό
904 2624 1125 2695 σύμπας
1153 2620 1265 2695 εἶχε
1293 2627 1522 2695 στρατός
1553 2641 1568 2656 ο
1602 2627 1748 2697 αίρεῖ
1769 2644 1827 2679 τε
1852 2626 1947 2696 βα-

378 2715 563 2770 σιλικά
598 2715 855 2786 κειμήλια
880 2714 1265 2780 ἁπαξάπαντα,
1302 2718 1399 2769 καὶ
1425 2716 1531 2786 μὴν
1561 2717 1654 2769 καὶ
1681 2716 1780 2788 τὴν
1809 2717 1945 2771 ἀπο-

378 2807 580 2874 σκευὴν
607 2803 843 2869 ἃπασαν,
873 2804 1108 2874 ὁρῶντος
1144 2804 1243 2875 μὲν
1269 2801 1530 2878 Χοσρόοὺ,
1556 2808 1648 2860 καὶ
1677 2809 1945 2878 ἐγκαρτε-

379 2896 619 2969 ροῦντος,
652 2897 1007 2967 ἀνεκτοτέραν
1032 2897 1089 2950 δὲ
1112 2898 1210 2968 τῆς
1244 2898 1437 2952 ἑαυτοῦ
1469 2900 1801 2969 ἐπιστροφῆς
1829 2900 1942 2971 (72)

2044 1804 2373 1874 equitatum,
2401 1814 2669 1875 quantum
2724 1807 2911 1861 nullus
2955 1823 3198 1878 unquam
3234 1825 3300 1864 ex
3326 1811 3622 1881 imperato-

2046 1896 2200 1951 ribus
2224 1898 2409 1951 animo
2432 1906 2789 1969 conceperat:
2811 1900 3170 1956 vehementer
3188 1902 3619 1972 obstupefactus,

2045 1987 2215 2041 altum
2251 1988 2518 2058 ingemuit
2546 1988 2619 2043 ob
2644 2005 2759 2044 rem
2792 1999 2900 2044 tam
2924 1992 3261 2060 insperatam
3282 2002 3446 2063 atque
3472 1995 3622 2048 inex-

2045 2085 2367 2146 spectatam,
2397 2093 2498 2132 nec
2529 2094 2765 2149 pugnam
2793 2079 2966 2134 ordiri
2987 2096 3226 2151 unquam
3255 2084 3448 2139 voluit.
3482 2083 3618 2139 Cum

2046 2167 2213 2238 igitur
2249 2170 2496 2239 praelium
2530 2170 2809 2236 diderret,
2840 2182 2897 2228 et
2936 2175 3362 2230 cunctabundus
3404 2169 3655 2246 tempus'

2047 2268 2271 2327 tereret,
2301 2271 2359 2317 et
2410 2279 2646 2333 pugnam
2678 2264 2945 2319 duntaxat
2975 2266 3280 2334 simularet,
3305 2269 3445 2325 Curs
3491 2269 3623 2342 Scy-

2046 2350 2162 2418 tha,
2195 2351 2287 2421 qui
2319 2351 2512 2406 dextro
2561 2354 2755 2408 cornui
2795 2366 3047 2424 praeerat,
3078 2355 3344 2427 impetum
3398 2359 3453 2414 in
3493 2377 3621 2416 eum

2046 2442 2200 2498 facit.
2234 2443 2489 2513 Cumque
2522 2445 2705 2499 Persae
2739 2445 3003 2515 impetum
3042 2447 3189 2503 illius
3213 2450 3485 2505 sustinere
3515 2469 3621 2507 non

2046 2543 2291 2602 possent,
2322 2534 2416 2588 sed
2456 2543 2645 2603 aperte
2672 2535 2894 2590 ordines
2921 2537 3259 2604 desererent,
3289 2541 3427 2597 Curs
3455 2544 3626 2599 maxio

2047 2637 2192 2676 mam
2250 2623 2493 2677 hostium
2542 2631 2779 2693 stragem
2829 2625 3023 2681 edidit.
3060 2627 3268 2682 Deinde
3317 2640 3623 2687 extremum

2046 2728 2238 2783 agmen
2272 2714 2562 2768 Persarum
2589 2728 2885 2786 aggressus
2934 2727 3039 2782 est,
3101 2719 3195 2774 ubi
3240 2719 3512 2779 Chosroes
3570 2735 3627 2780 et

2049 2806 2349 2861 universus,
2388 2807 2508 2877 ejus
2531 2808 2812 2863 exercitus
2844 2810 3238 2880 impedimenta
3292 2830 3356 2869 ac
3386 2818 3628 2874 sarcinas

2048 2899 2303 2954 habebat.
2330 2899 2575 2955 Cunctos
2624 2900 2791 2972 igitur
2824 2904 2970 2972 regis
3006 2903 3296 2960 thesauros
3320 2917 3376 2962 et
3407 2910 3626 2965 univer-

375 2988 471 3042 τοῦ
507 2990 687 3059 Κοὺρς
715 2988 1037 3059 ἡγουμένου.
1084 2981 1251 3051 Οὗτος
1286 2989 1384 3056 μὲν
1423 2987 1514 3041 οὖν
1547 2991 1643 3042 σὺν
1670 2993 1779 3052 τοῖς
1807 2991 1942 3060 ἀμφ’

2046 3005 2136 3045 sas
2178 2991 2424 3046 sarcinas
2470 2992 2638 3061 cepit,
2674 2993 2794 3061 ipso
2828 2991 3075 3049 Chosroe
3112 3005 3398 3064 spectante
3463 3009 3626 3069 atque

378 3078 540 3134 αὑτὸν
570 3078 818 3150 μεγάλων
845 3078 1141 3149 χρημάτων
1169 3081 1260 3132 καὶ
1284 3079 1540 3150 λαφύρων
1561 3080 1833 3151 ἐγκρατὴς
1859 3098 1949 3149 γε-

379 3172 642 3241 νόμενος,
692 3172 760 3227 τά
801 3188 860 3224 τε
912 3172 1218 3243 σκευοφόρα
1260 3171 1367 3224 τῶν
1421 3170 1576 3234 ζώων
1628 3172 1723 3225 σὺν
1767 3174 1947 3236 αὐτοῖς

380 3262 619 3332 φορτίοις
642 3262 845 3332 φέρων,
873 3263 930 3315 ὲν
959 3257 1037 3324 οἷς
1065 3262 1157 3314 καὶ
1180 3261 1242 3314 τὸ
1273 3261 1513 3332 Χοσρόου
1539 3261 1799 3315 σεϐαστὸν
1816 3262 1947 3333 πῦρ,

378 3351 409 3404 δ
440 3351 569 3413 Θεὸς
620 3351 1008 3419 καθειστήκει,
1063 3350 1405 3421 περιελαύνει
1452 3351 1548 3420 μὲν
1607 3351 1668 3404 τὸ
1725 3352 1950 3424 Περσῶν

384 3444 742 3515 στρατόπεδον
765 3443 1088 3508 παιανίζων.
1137 3442 1468 3511 ’Δφικνείται
1518 3444 1573 3497 δὲ
1631 3444 1781 3513 παρά
1827 3445 1952 3507 τοὺς

381 3534 614 3597 οἰκείους
634 3534 777 3603 ἀμφὶ
804 3533 901 3597 τὰς
923 3532 1269 3602 έπιλυχνίους
1291 3531 1458 3602 ὧρας,
1479 3532 1580 3604 ήδη
1605 3532 1952 3595 διαλυθέντας

2055 3080 2347 3144 tolerante,
2372 3089 2427 3134 et
2457 3080 2882 3150 impressionem
2903 3095 3057 3135 suam
3088 3081 3306 3138 facilius
3333 3100 3494 3154 quam
3522 3086 3627 3141 im-

2056 3176 2242 3238 petum
2269 3167 2409 3223 Curs
2439 3167 2702 3223 sustineri
2734 3183 2893 3237 posse
2922 3168 3290 3226 existimante.
3320 3171 3435 3226 Hoc
3464 3174 3629 3228 modo

2056 3258 2198 3314 Curs
2219 3274 2327 3313 una
2366 3272 2492 3313 cum
2540 3258 2655 3313 suis
2709 3259 3005 3325 militibus,
3039 3261 3293 3318 maximis
3334 3264 3532 3332 Opibus
3564 3280 3630 3320 ac

2057 3349 2249 3420 spoliis
2299 3349 2528 3419 potitus,
2578 3357 2635 3404 et
2662 3350 2911 3420 jumenta
2935 3366 3060 3405 cum
3103 3353 3363 3407 omnibus
3400 3354 3629 3408 sarcinis

2058 3439 2340 3496 adducens
2394 3440 2539 3494 inter
2576 3455 2713 3510 quas
2738 3448 2858 3495 erat
2901 3441 3067 3496 etiam
3109 3442 3251 3512 ignis
3277 3458 3433 3498 sacer
3463 3459 3626 3513 quem

2059 3531 2334 3586 Chosroes
2396 3540 2456 3585 ut
2521 3531 2691 3586 Deum
2745 3532 3012 3587 colebat:
3060 3534 3353 3590 Persarum
3401 3535 3625 3605 quidem

1673 3672 1907 3728 VARUE
1943 3671 2343 3729 LECTiONES.

457 3768 504 3798 “
534 3767 716 3821 ίππιυν
741 3783 798 3818 τε
833 3765 1100 3837 τοσαύτης
1130 3768 1223 3820 καλ⁵
1245 3768 1521 3838 τοιαύτης.

1569 3878 1840 3934 νΑιΕειι
1875 3878 2426 3932 ΑΝΝΟΤΑΤΙΟΝΙΞΞ.

458 3975 568 4044 (69)
619 3974 765 4026 Ὑπὸ
824 3970 1239 4044 Ἰουστινιαιτξι.
1294 3973 1467 4043 llujus
1492 3971 1786 4044 Iustiniani
1832 3988 1949 4044 ma-

388 4042 544 4117 gistri
606 4045 840 4117 militum
891 4058 988 4117 per
1033 4042 1314 4117 Orientem
1360 4042 1611 4096 meminit
1653 4042 1950 4117 Menander

390 4111 697 4177 Protector,
765 4114 822 4165 in
868 4111 961 4166 lib.
1000 4128 1053 4165 vi
1104 4112 1649 4180 Historiarum,.pag.
1710 4111 1831 4164 l59.
1883 4111 1951 4164 Et

389 4183 944 4255 Theopliylactus,‘in
970 4196 1071 4255 cap
1108 4181 1323 4255 l2,lib.
1355 4198 1433 4255 in.
1468 4181 1546 4255 _Et
1579 4180 1817 4255 Joannes
1856 4181 1948 4234 Bi-

389 4249 676 4308 clariensis
725 4253 781 4305 in
831 4249 1088 4307 Chronico
1125 4267 1144 4305 :
1181 4252 1335 4306 Anno
1383 4252 1416 4305 9
1455 4250 1651 4305 Justini
1700 4249 1951 4305 Chosroes

392 4323 673 4376 Persarum
716 4323 1026 4392 imperator,
1055 4338 1173 4375 cum
1224 4322 1389 4374 nimia
1429 4320 1761 4374 multitudine
1800 4337 1952 4374 exere

390 4394 545 4455 citus,
577 4394 645 4445 ad
674 4392 956 4445 vastandos
983 4392 1343 4445 Romanorum
1373 4394 1622 4444 terminos
1646 4401 1911 4460 promovet
1937 4410 1951 4445 :

390 4464 472 4515 cui
525 4461 856 4531 Justiniunus
896 4460 1146 4531 Romana:
1205 4463 1311 4513 dux
1358 4461 1562 4515 militia:
1606 4469 1660 4531 et
1707 4462 1957 4531 magister

390 4531 621 4585 militum
646 4530 870 4585 Orientis
925 4548 956 4583 a
988 4530 1188 4584 Tiberio
1218 4531 1530 4593 destinatus,
1558 4528 1753 4583 bellum
1775 4528 1954 4599 parat,

389 4612 438 4653 et
476 4604 530 4653 in
569 4603 766 4670 campis
825 4603 915 4670 qui
957 4601 1095 4653 inter
1133 4601 1303 4654 Duras
1332 4609 1380 4652 et
1421 4600 1639 4653 Nisibim
1667 4610 1954 4669 ponuntur,

390 4671 514 4738 forti
558 4686 736 4741 pugna
780 4686 1107 4741 congressus,
1143 4671 1335 4741 habenis
1362 4686 1535 4724 serum
1568 4677 1746 4739 gentes
1777 4671 1955 4739 fortis-

386 4740 571 4805 simas,
612 4756 727 4805 qua:
757 4740 981 4793 barbaro
1005 4755 1242 4792 sermone
1273 4740 1528 4793 Hermani
1562 4749 1953 4808 nuncupantur,

392 4818 741 4880 memoratum
770 4811 1145 4880 imperatorem
1169 4809 1575 4880 bellousuperqt.
1605 4807 1957 4879 llaeel’agius

392 4880 562 4933 refert
613 4878 682 4932 ad
726 4877 931 4932 annum
984 4877 1191 4932 Christi
1240 4877 1367 4940 575,
1405 4877 1467 4932 n.
1512 4879 1562 4931 7.

464 4948 573 5019 (70)
627 4948 961 5019 ἰουστίνου
982 4947 1251 5019 dentato);
1267 4948 1666 5019 ἀνῃρημένοιρ
1690 4947 1847 5003 Hunc
1869 4949 1952 5002 lo-

390 5033 517 5071 cum
557 5017 629 5072 ex
685 5032 815 5073 mss.
854 5017 1142 5071 codicibus
1196 5018 1511 5073 Florentino
1540 5028 1596 5071 et
1621 5017 1951 5083 Telleriano,

392 5086 793 5158 itagsupple‘vi:
827 5087 1125 5158 1‘d6eiqui
1177 5088 1463 5158 Ἰουστὶνου
1510 5088 1603 5140 τοῦ
1650 5088 1785 5158 πρὸς
1822 5089 1953 5158 Ὶου⁹

393 5155 579 5228 στίνοιξ
602 5155 1240 5228 δειλαίῳςᾷᾁνῃρημένου.
1267 5157 1395 5211 Erat
1420 5172 1551 5226 ergo
1579 5157 1950 5228 hicAJustinia-

392 5241 498 5297 nus
540 5224 795 5297 Germani
826 5224 1010 5297 filius",
1030 5224 1178 5297 quod
1215 5235 1450 5297 testatur
1469 5224 1637 5280 etiam
1666 5226 1955 5297 Theopby-

390 5295 568 5349 lactus
599 5295 654 5349 in
689 5296 785 5350 lib.
842 5311 898 5349 ιιι
935 5296 1105 5350 frater
1146 5296 1349 5351 Justini
1397 5296 1565 5360 illius,
1598 5297 1691 5365 qui
1746 5297 1814 5349 ab
1854 5295 1956 5349 im-

389 5365 991 5490 pgzagoi'pbiritterfectus
1011 5365 1211 5432 fuerat,
1236 5373 1297 5420 ut
1317 5366 1485 5421 refert
1505 5366 1768 5436 Evagrius
1795 5367 1954 5420 initio

431 5449 556 5489 unus
587 5449 713 5489 llDl‘l
724 5473 737 5488 .

275 5496 281 5501 ,
389 5452 556 5504 auius
587 5452 737 5489 non.

452 5505 572 5576 Δ(71)
602 5503 846 5576 ξζίπεισνι
868 5503 1104 5576 ,Κίιὺρςγ
1138 5506 1171 5558 ό
1192 5505 1477 5576 nosam.
1504 5503 1803 5576 Hujusviri
1836 5520 1952 5559 me-

389 5572 561 5645 minit
601 5572 1041 5645 Theophylactus
1093 5575 1147 5645 in
1210 5575 1313 5645 lib.
1366 5590 1443 5645 nt,
1497 5572 1603 5644 cap
1643 5575 1741 5637 16;
1788 5584 1845 5629 et
1896 5576 1950 5628 in

390 5590 551 5629 manu
602 5590 754 5629 tneo
796 5590 1041 5645 nytactus
1093 5591 1147 5628 tn
1216 5590 1313 5628 nn.
1366 5590 1443 5637 ιιι,
1497 5590 1599 5644 cap
1643 5590 1741 5637 ιυς
1788 5590 1845 5629 et
1896 5590 1948 5628 ιη

390 5641 489 5698 lib.
532 5658 567 5708 ι,
845 5643 1058 5710 Quibus
1100 5644 1158 5697 in
1207 5644 1343 5701 locis
1394 5643 1672 5713 interpres
1722 5645 1948 5699 Latinus

2057 3972 2314 4025 Cursium
2361 3969 2546 4025 vertit.
2603 3969 2798 4025 Melius
2841 3980 3025 4025 tamen
3060 3971 3293 4026 Cursum
3346 3973 3624 4031 vertisset.

2058 4040 2148 4095 Sic
2171 4042 2316 4094 enim
2352 4056 2478 4093 eum
2499 4048 2658 4094 vocat
2689 4040 2987 4093 Menander
3020 4042 3311 4096 Protector
3352 4042 3409 4097 in
3447 4045 3543 4099 lib.
3574 4063 3626 4101 ιιι

2055 4111 2433 4181 Historiarum,
2480 4125 2601 4178 pag.
2641 4109 2762 4172 159,
2814 4110 3076 4181 editionis
3118 4112 3309 4181 regias.
3338 4112 3397 4167 In
3445 4114 3626 4170 Theo-

2055 4181 2253 4254 phanis
2270 4179 2548 4254 Chronico,
2581 4194 2701 4254 pag.
2738 4179 2863 4254 ‘ZAl-d.
2892 4181 3074 4254 ᾕροὺς
3096 4179 3321 4254 dicitur,
3344 4196 3623 4254 corrupte.

2130 4250 2241 4324 (7,2)
2293 4248 2712 4324 ’Arsxroréedr
2748 4248 2953 4324 δὲίῆς·
2982 4250 3199 4324 ἑαυτοῦ
3231 4248 3624 4324 “mw-’7"

2058 4319 2226 4390 Magis
2261 4320 2437 4389 probo
2468 4319 2759 4373 lectionem
2814 4319 3130 4390 Nicephori,
3165 4337 3289 4389 quas
3326 4323 3406 4376 sic
3429 4319 3622 4379 habet:

2073 4389 2462 4463 ξΑνεκτοτέραν
2501 4390 2556 4441 δὲ
2584 4390 2679 4458 τὴν
2710 4389 2902 4463 ἑαυτοῦ
2940 4393 3275 4463 ἐπιστροφὴν
3318 4392 3411 4463 τοῦ
3445 4394 3626 4463 Χοὺρς

2059 4461 2382 4530 ἡγουμένου.
2422 4459 2654 4530 Tantum
2683 4460 2899 4512 mallem
2940 4460 3234 4530 articulum
3266 4461 3467 4517 addere
3521 4459 3626 4519 hoc

2058 4528 2261 4584 modo:
2288 4530 2383 4597 τῆς
2418 4528 2511 4580 τοῦ
2546 4529 2726 4596 Χοὺρς
2756 4529 3081 4597 ἡγουμένου.
3137 4530 3195 4583 ld
3225 4541 3329 4593 est,
3369 4540 3429 4584 ut
3461 4534 3625 4587 vertit

2055 4600 2293 4655 Joannes
2320 4598 2537 4669 Langys
2570 4616 2584 4652 :
2616 4600 2762 4663 Quod
2791 4598 2996 4667 [acilius
3028 4602 3425 4669 impressionem
3452 4618 3622 4665 suam,

2056 4685 2215 4738 quam
2250 4669 2411 4738 ipsius
2446 4666 2584 4722 Curs
2616 4666 2864 4721 sustineri
2911 4684 3058 4736 posse
3087 4666 3427 4723 existimaret.
3458 4672 3625 4725 l’orro

2060 4739 2199 4793 hanc
2234 4740 2523 4792 Persarum
2560 4740 2762 4807 fugam,
2811 4746 2867 4790 et
2895 4738 3272 4792 Romanorum
3319 4741 3624 4803 victoriam,

2059 4808 2383 4878 Theophan.
2432 4808 2654 4876 quidem
2704 4807 2759 4878 in
2811 4811 3006 4878 Chron.
3040 4810 3209 4861 refert
3254 4818 3373 4877 post
3397 4819 3625 4865 Incrtem

2058 4876 2409 4946 imperatoris
2444 4878 2645 4932 Justini
2695 4876 2964 4948 Junioris,
2993 4876 3406 4948 cumrTiberius
3436 4880 3626 4948 singu-

2059 4949 2172 5002 lare
2202 4948 2496 5014 imperium
2526 4948 2822 5001 obtineret.
2850 4946 3047 5017 Ve_rum
3078 4946 3625 5017 TheophylactusJex

2057 5032 2169 5086 quo
2211 5033 2308 5071 sua
2350 5017 2566 5071 videtur
2609 5018 2857 5071 hausisse
2913 5014 3627 5085 Theophanes,'superstite

2058 5088 2241 5143 adhuc
2278 5087 2496 5141 Justino
2530 5089 2582 5141 id
2611 5087 2874 5141 accidisse
2920 5095 3171 5150 testatur,
3199 5101 3323 5140 cum
3372 5088 3628 5143 'l'iberius

2056 5159 2291 5211 (Laesaris
2312 5159 2578 5211 duntaxat
2602 5172 2799 5211 nomen
2817 5172 2879 5209 ac
2900 5156 3226 5226 dignitatem
3244 5172 3463 5226 gerens,
3486 5174 3629 5212 rem-

2056 5228 2332 5296 publicam
2368 5228 2797 5287 adtninistraret,
2834 5234 2894 5279 ut
2944 5225 3132 5279 videre
3164 5225 3323 5281 estin
3358 5243 3480 5295 cap.
3542 5231 3625 5289 Η,

2055 5295 2151 5351 lib.
2182 5313 2259 5376 ιιι.
2311 5295 2413 5376 C_ui
2436 5298 2710 5376 consentit
2737 5297 3013 5376 Evagrius
3034 5305 3227 5376 noster
3258 5298 3503 5376 {quippe
3532 5299 3624 5376 qui

2057 5375 2290 5419 mortem
2336 5367 2538 5420 Justini
2570 5367 2816 5421 Junioris
2854 5366 3021 5434 refert
3072 5366 3233 5427 infra,
3281 5366 3335 5419 in
3380 5384 3500 5434 cap.
3536 5369 3623 5430 19,
3714 5392 3725 5401 κ

2055 5436 2219 5505 hujus
2259 5437 2407 5489 libri.
2444 5436 2545 5490 Ubi
2581 5436 2787 5490 diserte
2816 5433 3011 5490 scribit
3056 5434 3365 5505 Tiberium,
3406 5433 3625 5491 mortuo

2053 5504 2273 5576 demum
2295 5505 2535 5576 Justino,
2569 5505 2811 5576 magistri
2839 5505 3077 5559 militum
3111 5504 3433 5573 dignitatem
3460 5506 3621 5561 abroo

2053 5591 2207 5644 gasse
2238 5574 2569 5629 Justiniano.
