4114 6296
335 378 476 444 2833

1289 381 1676 442 Hismara:
1714 348 2309 445 scciasms'rtca
2351 382 2586 447 LIBER
2625 382 2692 450 ν.

3469 386 3606 450 9834

336 496 538 555 ὠσατο,
668 492 729 544 τὸ
757 492 857 562 μὲν
887 492 1220 560 κινδύνευμα
1250 491 1536 546 εὐϐουλίαν
1564 488 1724 557 εἶναι,
1744 493 1837 547 τὸν
1866 494 1924 548 δὲ

2044 511 2151 565 tua:
2184 505 2358 550 mater
2392 505 2476 550 est
2504 493 2851 557 temeritatis,
2890 500 2946 548 et
2976 494 3046 548 ab
3075 509 3138 547 ea
3163 492 3515 562 disjunctam,
3544 510 3613 550 ac

337 583 505 637 ὄκνον
546 581 882 650 ἀσφάλειαν,
939 582 1284 653 ἀνδρείαςλτε
1329 584 1424 637 καὶ
1461 586 1776 656 φρονήσεως
1812 588 1926 649 τοῖς

340 678 554 746 καιροῖς
602 675 950 745 ὀχουμένων,
1001 677 1095 729 καὶ
1139 674 1241 739 τὰς
1282 676 1440 745 ἡνίας
1476 677 1925 747 πρυτανευόντων

342 764 476 836 πρὸς
501 764 531 817 ὃ
562 764 630 818 ἂν
659 767 693 836 ἡ
720 765 881 835 χρεία
914 764 1203 836 ἐπιτάττῃ,
1232 765 1326 817 καλ⁵
1349 765 1447 834 τὴν
1474 764 1666 835 ὕφεσιν
1693 767 1784 820 καὶ
1810 766 1926 820 ἐπί-

341 873 501 911 τασιν
530 857 712 910 αὐτῶν
744 857 853 909 τῶν
878 856 1066 927 ὁρμῶν
1088 896 1104 921 ,
1145 857 1329 928 μέτρῳ
1352 858 1463 909 τινί
1494 857 1586 910 καὶ
1618 857 1813 928 ῥυθμῷ
1836 859 1924 928 γί-

343 948 587 1016 γνεσθαι.
623 947 758 1019 Περὶ
782 940 844 1001 οὗ
876 947 1207 1018 τελεώτερον
1238 950 1431 1008 ἐντοῖς
1461 945 1590 1018 ἑξῆς
1620 949 1923 1020 εξρήσεται.

342 1036 513 1104 η’(λσος
560 1040 669 1112 γὰρ
715 1040 811 1094 καὶ
850 1036 982 1105 οἷος,
1016 1041 1083 1110 τῇ
1113 1039 1367 1110 βασιλείᾳ
1398 1038 1699 1107 φυλακτέον
1718 1080 1742 1106 τ
1769 1043 1805 1112 ἢ
1834 1032 1931 1095 τὸν

343 1131 514 1202 ἄνδρα
542 1128 886 1202 τρανώτερον
912 1128 1233 1200 διεσάφησε,
1265 1129 1344 1199 τῷ
1373 1128 1705 1200 αὐτεξουσίῳ
1738 1130 1832 1184 καὶ
1860 1132 1927 1185 τά

343 1222 490 1276 ἔνδον
518 1219 896 1286 ἀναπτύξασα.
949 1212 1121 1283 Οὗτος
1158 1219 1258 1299 μὲν
1310 1214 1407 1272 οὖν
1436 1219 1464 1271 ό
1489 1219 1799 1288 Μαυρίκιος
1829 1219 1929 1285 τὰς

345 1311 795 1384 ἑπιστρατεύσεις
841 1312 1219 1381 ποιησάμενος
1266 1312 1413 1365 κατά
1457 1310 1556 1380 τῆς
1598 1309 1927 1382 ὑπερορίας,

346 1405 533 1469 πόλεις
561 1421 623 1458 τε
657 1404 751 1458 καὶ
782 1403 1018 1475 φρούρια
1050 1402 1291 1472 Πέρσαις
1318 1402 1718 1473 ἐπικαιρότατα
1746 1405 1926 1473 αίρείτ

346 1496 497 1551 λείαν
538 1513 598 1549 τε
648 1495 920 1567 τοσαύτην
967 1493 1347 1566 περιεϐάλετο,
1385 1492 1529 1547 ὥστε
1558 1494 1629 1547 τὰ
1657 1511 1932 1563 σαγηνευ-

348 1589 514 1644 θέντα
570 1589 897 1661 αἰχμάλωτα
948 1587 1285 1658 ὁλοκλήρους
1325 1589 1523 1653 νήσους
1575 1585 1670 1640 καὶ
1724 1586 1927 1650 πόλεις,

347 1681 555 1754 ἀγρούς
598 1699 659 1736 τε
709 1680 1100 1753 ὲρημωθέντας
1145 1678 1227 1750 τῷ
1262 1681 1443 1751 χρόνῳ
1480 1678 1763 1748 ἐξοικῆσαι
1795 1678 1929 1748 (90),

348 1778 449 1847 τήν
492 1791 553 1830 τε
604 1775 709 1846 γῆν
758 1774 979 1845 ἐνεργὸν
1027 1771 1475 1844 καταστήσασθαι
1524 1772 1703 1841 πάντη
1740 1770 1932 1842 πρώην

349 1867 703 1938 ἀγεώργητον
724 1862 911 1933 οὖσαν,
937 1864 1280 1932 στρατόπεδά
1299 1881 1359 1917 τε
1384 1863 1442 1928 ἐξ
1461 1864 1641 1918 αὐτῶν
1666 1863 1929 1932 συστῆναι
1954 1844 2004 1903 Β

353 1957 659 2030 πολύανδρα
692 1958 836 2012 κατά
861 1957 971 2012 τῶν
998 1958 1176 2013 ἄλλων
1207 1955 1378 2011 ἐθνῶν
1411 1956 1557 2026 μάλα
1583 1955 1850 2023 γεννικῶς
1871 1972 1931 2008 τε

353 2053 449 2105 καὶ
478 2050 742 2121 ἀνδρείως
768 2049 1188 2120 ἀγωνισάμεναο
1231 2048 1588 2121 πληρωθῆναι
1613 2047 1670 2101 δὲ
1703 2048 1797 2100 καὶ
1827 2048 1932 2101 πά-

354 2159 426 2214 σῃ
464 2142 619 2214 ἑστίᾳ
660 2142 763 2204 τὰς
794 2140 1072 2205 οἰκετικὰς
1104 2140 1295 2212 χρείας
1323 2178 1338 2202 ,
1390 2139 1448 2202 ἐς
1494 2137 1556 2191 τὸ
1601 2137 1932 2207 κουφότατον

352 2235 461 2287 τῶν
494 2233 840 2303 ἀνδραπόδων
870 2233 1305 2302 ὲκποιουμὲνων.

2028 585 2395 639 nihilominus
2430 585 2780 655 conjunctam
2816 581 3115 653 ignaviam,
3139 580 3215 634 ita
3252 580 3321 634 ab
3351 595 3411 635 se
3438 580 3612 649 depu-

2027 675 2188 739 lerat,
2221 685 2281 730 ut
2307 676 2527 745 quoties
2554 676 2614 729 in
2644 674 2944 728 discrimen
2977 671 3213 736 veniret,
3251 671 3559 741 prudentia:
3594 688 3619 724 ιι

2027 764 2191 837 447
2224 766 2442 835 quoties
2468 774 2844 830 cunctaretur,
2880 761 3161 819 securitati
3185 760 3616 839 adscribendum

2027 863 2194 911 esset.
2223 854 2435 925 Quippe
2460 854 2725 910 fortitudo
2760 870 2823 910 ac
2850 853 3147 927 prudentia
3179 851 3612 922 opportunitati—

2028 946 2135 1003 bus
2168 955 2498 1019 temporum,
2538 948 2690 1003 velut
2735 962 2880 1017 equo
2923 946 3142 1001 cuidam
3178 944 3518 1009 insidebant,
3558 953 3612 999 et

2029 1041 2274 1097 habenas
2292 1041 2720 1097 moderabantur
2736 1042 2894 1113 juxta
2924 1040 2978 1095 id
3003 1039 3150 1110 quod
3173 1040 3389 1094 utilitas
3412 1037 3617 1109 Reipu-

2030 1134 2189 1190 blicae
2220 1135 2598 1206 praecipiebat.
2629 1136 2820 1203 itaque
2864 1133 3084 1203 quoties
3114 1133 3382 1204 impetum
3426 1131 3620 1186 remit—

2032 1225 2183 1280 tebat
2242 1233 2335 1279 aut
2385 1225 2684 1291 relaxabat,
2717 1220 2772 1279 id
2833 1222 2998 1278 ﬁebat
3053 1239 3162 1278 non
3195 1224 3313 1279 sine
3360 1238 3617 1277 mensura

2029 1315 2267 1385 quadam
2323 1324 2488 1386 atque
2520 1318 2756 1372 ratione.
2782 1315 2892 1372 Sed
2927 1315 2995 1371 de
3038 1315 3144 1370 hac
3194 1331 3254 1370 re
3303 1315 3619 1370 accuratiis

2031 1415 2154 1477 post
2203 1408 2320 1461 haec
2349 1407 2551 1463 dicturi
2587 1424 2800 1464 sumus.
2854 1408 3042 1476 Qualis
3072 1409 3221 1463 enim
3269 1416 3618 1479 quantusque

2031 1499 2327 1563 exstiterit,
2378 1500 2612 1570 imperio
2648 1501 2826 1570 ipsius
2875 1499 3272 1554 reservandum
3323 1508 3427 1554 est.
3461 1497 3619 1565 Quod

2032 1588 2255 1658 quidem
2303 1604 2486 1644 mores
2541 1592 2663 1662 ejus
2691 1592 2853 1662 longe
2897 1590 3250 1650 manifestius
3295 1591 3615 1651 declaravit,

2034 1679 2164 1734 dum
2214 1679 2393 1735 libera
2424 1680 2685 1737 facultate
2737 1682 2959 1752 quidvis
2989 1683 3187 1755 agendi
3227 1683 3278 1737 ei
3332 1697 3615 1745 concessa,

2036 1770 2255 1827 interna
2299 1774 2420 1844 ejus
2452 1774 2713 1830 omnibus
2761 1774 3042 1845 patefecit.
3087 1775 3188 1830 llic
3214 1776 3382 1847 igitur
3414 1775 3639 1832 Mauris"

2034 1862 2175 1926 cius,
2210 1880 2334 1918 cum
2371 1866 2621 1921 exercitu
2655 1868 2906 1921 Romano
2944 1868 2998 1921 in
3022 1868 3315 1922 Persarum
3341 1868 3618 1939 regionem

2037 1956 2343 2027 ingressus,
2382 1958 2549 2013 urbes
2605 1967 2660 2013 et
2696 1958 2921 2015 castella
2966 1968 3275 2029 Opportune
3322 1958 3620 2015 admodum

2040 2047 2145 2103 sita
2177 2048 2510 2118 occupavit:
2567 2056 2883 2120 tantamque
2909 2051 3150 2121 praedam
3194 2051 3362 2120 cepit,
3413 2058 3474 2105 ut
3528 2066 3622 2106 ca—

2040 2139 2175 2210 ptivi
2204 2153 2344 2209 quos
2368 2155 2439 2195 ex
2464 2140 2690 2197 Perside
2712 2141 3036 2206 abduxerat,
3072 2142 3316 2214 integras
3338 2141 3546 2198 insulas
3569 2150 3627 2197 et

2042 2230 2229 2296 urbes,
2266 2239 2616 2304 atque~agros
2653 2232 2984 2306 jampridem
3013 2233 3267 2289 desertos
3294 2233 3623 2297 incolerent,

356 2336 413 2384 et
441 2336 664 2392 terram,
691 2341 813 2396 qua:
872 2325 1029 2396 prius
1062 2324 1271 2380 inculta
1319 2331 1456 2389 erat,
1497 2321 1788 2377 fecundam
1840 2321 2137 2378 redderent
2168 2342 2183 2378 :
2213 2333 2384 2394 utque
2426 2340 2493 2379 ex
2560 2325 2668 2381 illis
2712 2326 2964 2397 ingentes
2991 2326 3273 2383 exercitus
3321 2329 3623 2398 conscripti

354 2422 584 2486 fuerint,
610 2421 704 2492 qui
742 2429 942 2492 postea.
957 2430 1149 2476 contra
1176 2419 1313 2474 alias
1346 2417 1718 2473 Barbarorum
1748 2425 1943 2490 gentes
1980 2425 2209 2475 strenue
2268 2436 2332 2476 ac
2373 2420 2592 2476 fortiter
2626 2420 3016 2492 depugnarunt
3053 2442 3066 2476 :
3135 2422 3379 2494 denique
3411 2434 3470 2479 ut
3520 2423 3629 2479 sin-

354 2518 496 2588 gulae
552 2515 752 2571 domus
803 2514 1074 2571 haberent
1137 2512 1238 2584 qui
1264 2510 1489 2567 servilia»
1519 2525 1748 2568 munera
1811 2510 2127 2582 implerent,
2173 2525 2297 2567 cum
2327 2513 2494 2568 servi.
2550 2528 2614 2568 ac
2647 2512 2919 2586 mancipia
2948 2513 3217 2573 vilissimo
3249 2507 3430 2586 pretio
3473 2530 3634 2572 corn--

354 2616 708 2681 pararentur.

992 2740 1253 2798 ΚΕΦᾹΛ.
1288 2743 1373 2797 κν.

312 2821 323 2824 ’
365 2830 464 2900 Ὠς
501 2832 896 2905 Tayxoapdn‘r
938 2831 1473 2905 acalfAdaapptirnr
1498 2828 1642 2905 rain;-
1690 2826 1941 2897 Περσῶν

638 2900 1009 2972 στρατηγοὺς
1036 2903 1286 2968 ἐνίκησε
1316 2900 1656 2969 Μαυρίκιος.

426 3014 820 3084 Συνανεπλάκη
847 3013 905 3067 δὲ
953 3014 1050 3066 καὶ
1087 3014 1199 3074 τοῖς
1224 3011 1470 3083 ἀρίστοις
1501 3009 1749 3080 Περσῶν,
1772 3008 1853 3081 τῷ
1881 3027 1942 3064 τε

2040 2825 2320 2893 Quomodo
2356 2827 2642 2899 Mauricius
2667 2736 3088 2884 Ἰᾳαῖιῗιιοξὲοεηι
3126 2839 3176 2884 et
3203 2829 3628 2899 Adaarmanem,

2400 2896 2687 2952 Persarum
2724 2898 2902 2978 duces,
2944 2900 3214 2956 devicerit.

2110 3009 2372 3067 Conﬂixit
2402 3012 2572 3068 etiam
2592 3027 2717 3068 cum
2748 3013 3223 3083 praestantissimis
3247 3015 3483 3073 ducibus
3502 3018 3634 3074 Per—

357 3108 691 3180 Ταμχοσρόῃ
718 3109 814 3161 καὶ
857 3105 1205 3175 Ἀδααρμάνῃ
1237 3103 1374 3174 μετά
1399 3102 1677 3170 ἀξιολόγου
1711 3101 1940 3174 στρατοῦ

2051 3117 2275 3167 sarum,
2313 3101 2726 3159 Tamchosdroe
2772 3103 2986 3159 scilicet
3035 3114 3092 3159 et
3117 3104 3503 3173 Adaarmane,
3540 3109 3635 3180 qui

358 3199 847 3271 ἐπιστρατεύσασι·
880 3196 975 3249 καὶ
1001 3196 1150 3257 ὅπως
1182 3194 1302 3264 μὲν,
1333 3194 1426 3246 καλ⁸
1458 3193 1560 3255 ότι,
1587 3193 1679 3245 καὶ
1710 3193 1819 3261 ὅπη
1854 3191 1946 3245 πέ-

359 3305 625 3364 πρακται,
656 3289 807 3345 ἄλλοι
851 3287 1194 3359 γραφόντων,
1247 3284 1279 3356 ἢ
1310 3284 1405 3339 καὶ
1437 3284 1567 3354 παρ’
1602 3284 1760 3356 ἡμῶν
1812 3284 1942 3347 ἴσως

359 3386 417 3438 ὲν
445 3383 619 3453 ἑτέρῳ
662 3381 937 3447 λελέξεται
990 3379 1157 3449 πόνῳ,
1204 3375 1303 3447 τῆς
1341 3375 1647 3447 παρούσης·
1679 3392 1943 3446 πραγμαο

360 3472 514 3536 τείας
539 3472 703 3542 ἕτερα
757 3471 991 3542 μάλιστα
1037 3462 1645 3536 κατεπαγγελλομένης.
1673 3465 1869 3518 Πίπτει
1897 3463 1942 3517 δ’

360 3561 457 3618 οὖν
484 3565 634 3633 ὅμως
665 3563 811 3617 κατά
835 3561 934 3633 τὴν
963 3559 1274 3633 παράταξιν
1308 3558 1338 3611 ὁ
1396 3556 1756 3630 Ταμχοσρόης
1788 3558 1899 3629 (91)
1927 3596 1943 3620 ,

360 3657 466 3711 οὐκ
518 3655 744 3726 ἀνδρεία
772 3654 867 3709 τοῦ
926 3653 1216 3726 Ῥωμαίων
1282 3650 1512 3723 στρατοῦ
1537 3690 1575 3717 ,κ
1605 3647 1859 3721 εὐλαϐείᾳ
1888 3648 1947 3701 δὲ

368 3749 529 3822 μόνην
563 3749 665 3803 καὶ
707 3750 775 3819 τῇ
801 3749 859 3811 ἒς
911 3746 1055 3800 Θεὸν.
1092 3746 1295 3801 πίστει-
1318 3743 1415 3799 τοῦ
1449 3745 1780 3814 στρατηγοῦ,
1811 3744 1947 3796 Φεύ.

362 3858 451 3912 γει
480 3841 539 3894 δὲ
563 3841 659 3895 καὶ
691 3842 720 3894 ὁ
762 3838 1161 3910 Ἀδααρμάνης,
1204 3837 1547 3907 κατακράτος
1587 3836 1645 3889 ὲν
1669 3837 1734 3906 τῇ
1796 3835 1949 3907 μάχῃ

365 3929 621 3993 πταίσας,
671 3930 767 3982 καὶ
812 3926 1041 3991 πολλοὺς
1087 3927 1197 3995 τῶν
1231 3925 1452 3981 οἰκείων
1507 3922 1816 3979 ἀποϐαλώνι
1854 3925 1946 3978 καὶ

362 4018 536 4073 ταῦτα
586 4018 1026 4089 ’Λλαμουνδάρου
1084 4016 1521 4088 καταπροδόντος
1574 4014 1696 4084 (f),
1732 4013 1792 4076 ὃς
1837 4013 1947 4068 τῶν

364 4110 657 4182 Σκηνητῶν
689 4112 875 4180 ἡγεῖτο
905 4108 1221 4182 βαρϐάρων,
1252 4109 1347 4162 καὶ
1404 4106 1495 4160 τὸν
1528 4104 1822 4177 Εὐφράτην
1850 4107 1949 4178 οὐχ

366 4201 627 4270 ἑλομένου
665 4200 922 4267 διαϐῆναι
978 4201 1243 4270 ποταμὸν,
1304 4199 1401 4253 καλ⁴
1469 4197 1833 4269 συμμαχῆσαι
1870 4196 1948 4267 τῷ

363 4292 661 4362 Μαυρικίῳ
696 4292 838 4346 κατά
884 4292 994 4346 τῶν
1035 4291 1365 4355 ἀπεναντίας
1411 4289 1704 4361 Σκηνητῶν
1744 4288 1951 4359 βαρϐά-

368 4398 480 4451 ρων
505 4383 572 4438 ”.
620 4382 1079 4452 Ἀκαταγώνιστοι
1109 4381 1218 4453 γὰρ
1242 4384 1355 4444 τοῖς
1388 4379 1568 4443 ἄλλοις
1595 4379 1684 4432 διὰ
1714 4378 1813 4451 τὴν
1840 4381 1950 4433 τῶν

2049 3206 2179 3246 cum
2206 3192 2414 3262 ingenti
2439 3193 2689 3248 exercitu
2725 3194 2784 3248 in
2831 3192 2969 3250 fines
3004 3194 3379 3252 Romanorum
3422 3198 3637 3270 irrupe-

2051 3292 2194 3340 rant.
2229 3283 2374 3352 Quid
2419 3293 2605 3341 antem
2656 3296 2874 3358 gestum
2927 3287 3020 3353 sit,
3056 3296 3113 3343 et
3158 3303 3400 3359 quonam
3448 3293 3636 3359 modo,

2049 3377 2365 3449 quibusque
2390 3377 2447 3440 in
2470 3377 2630 3444 locis,
2659 3377 2909 3434 scribant
2934 3378 3027 3433 alii
3064 3396 3080 3433 :
3112 3388 3215 3433 aut
3245 3395 3276 3434 a
3308 3381 3473 3436 nobis
3519 3381 3637 3437 for-

2052 3480 2197 3527 tasse
2238 3469 2294 3524 in
2330 3468 2443 3524 alio
2467 3483 2634 3539 opere
2663 3477 2995 3538 exponetur.
3042 3469 3293 3524 Praesens
3312 3470 3459 3524 enim
3498 3484 3641 3541 opus

2050 3561 2212 3633 longe
2243 3561 2475 3635 aliarum
2505 3574 2694 3615 rerum
2718 3559 3096 3614 narrationem
3130 3560 3444 3630 pollicetur.
3474 3560 3639 3618 Ceci-

2052 3649 2541 3707 dit‘nihilominus
2590 3648 2648 3703 in
2692 3664 2759 3704 ea
2809 3665 2991 3720 pugna
3044 3649 3467 3719 Tamchosroes,
3523 3668 3635 3710 non

2051 3742 2330 3798 exercitus
2360 3740 2595 3796 Romani
2627 3739 2976 3807 fortitudine,
3007 3741 3105 3797 sed
3129 3741 3289 3798 ducis
3321 3759 3516 3799 eorum
3540 3762 3633 3801 ro-

2052 3835 2258 3905 ligione
2286 3841 2343 3889 et
2369 3833 2433 3887 in‘
2454 3833 2631 3888 Deum
2663 3830 2794 3888 ﬁde.
2830 3831 3211 3890 Adaarmanes
3238 3849 3369 3890 vero
3388 3877 3403 3903 ,
3431 3835 3642 3908 ingenti

2052 3924 2207 3981 clade
2222 3931 2467 3994 accepta,
2500 3934 2561 3979 et
2586 3922 2779 3978 multis
2798 3939 3029 3980 suorum
3062 3926 3307 3993 amissis,
3334 3928 3643 3983 contentis-

2053 4016 2194 4071 sime
2224 4015 2406 4086 fugit:
2436 4014 2603 4084 idque
2649 4015 2872 4071 tametsi
2902 4015 3310 4075 Alamundarus
3339 4017 3645 4075 Saraceno-

2054 4121 2180 4162 rum
2205 4104 2317 4159 dux
2348 4102 2706 4174 prodidisset,
2736 4119 2842 4160 nec
2878 4105 3219 4176 Euphratem
3243 4123 3464 4163 amnem
3491 4110 3646 4180 traji-

2055 4213 2205 4263 cere,
2227 4204 2285 4252 et
2308 4194 2571 4251 Mauricio
2591 4194 2859 4251 adversus
2871 4195 3176 4254 Saracenos
3203 4200 3299 4270 qui
3330 4200 3387 4255 in
3403 4200 3646 4257 hostium

2056 4291 2175 4347 acie
2202 4298 2386 4355 erant,
2415 4288 2702 4359 suppetias
2728 4286 2878 4344 ferre
2901 4289 3191 4346 voluisset.
3217 4291 3355 4348 Nam
3384 4292 3646 4348 Saraceni

2057 4381 2127 4437 ab
2162 4380 2286 4436 aliis
2357 4377 2612 4449 superari
2652 4387 2775 4457 non
2805 4388 3041 4447 possunt
3091 4384 3646 4453 propter‘equorum

367 4471 552 4525 ῐππων
634 4472 926 4545 ὠκύτητα,
975 4471 1101 4527 οὔτε
1171 4469 1758 4543 καταλαμϐανόμενοι,
1791 4471 1940 4526 εἴποι

2056 4472 2468 4544 pernicitatem.
2499 4470 2714 4542 Quippe
2742 4472 2839 4556 qui
2868 4488 2973 4529 nec
2998 4476 3394 4545 comprehendi
3431 4476 3648 4548 possint
3676 4500 3677 4503 η

1703 4630 1939 4687 γιιιιΑι
1987 4630 2409 4703 ιεετιοΝε5.τ

444 4746 490 4791 δ’
512 4754 573 4811 C.
607 4754 667 4810 C.
710 4751 980 4827 Ἀράϐων.

1597 4871 1867 4929 vaces"
1898 4832 2462 4934 ANNo'rartones.

445 4989 556 5058 (90)
576 4987 928 5058 Ὲξοικισαι.
949 4986 1008 5041 lu
1026 4987 1219 5058 codice
1235 4987 1847 5058 Florentinoscriptum
1871 4992 1955 5043 in-

369 5056 495 5137 veni
529 5058 827 5137 ἐξοικῆσαι.
851 5056 1209 5137 Nicephorus
1234 5074 1385 5137 gero
1417 5056 1956 5137 simpliciter-posuit

370 5126 729 5202 aiatfoat._Ego
744 5126 854 5183 non
870 5126 1068 5181 dubito
1077 5129 1213 5202 quin
1234 5127 1503 5202 Evagrius
1514 5126 1799 5202 scripserit
1814 5133 1955 5202 ἐσοις

371 5199 548 5323 ζέσαι.
573 5197 724 5324 luga.
760 5206 936 5254 estea
962 5210 1099 5252 voce
1138 5197 1407 5270 Evagrins
1444 5197 1501 5252 in
1548 5197 1670 5269 cap.
1724 5199 1749 5253 1
1811 5214 1876 5254 ac
1919 5198 1956 5253 ‘2

416 5285 541 5324 mus
595 5286 610 5323 ι
658 5286 729 5324 rt-

416 5285 541 5332 unus
573 5285 730 5332 nun.

573 5285 1127 5412 {l'lgli'ayoquéng
1185 5336 1565 5412 Scribendum
1627 5346 1721 5412 es_t_
1750 5340 1943 5412 procul

371 5408 546 5463 dubio
576 5408 964 5482 Ταμχοσρόηὲῖ
993 5410 1086 5482 Sic
1107 5410 1259 5482 enim
1299 5408 1474 5482 paulo
1522 5416 1655 5482 ante
1682 5408 1951 5479 Evagrius

369 5495 500 5534 eum
528 5477 983 5536 vocat.Me'mi'nit
1008 5480 1181 5551 hujus
1213 5477 1375 5534 ducis
1425 5477 1725 5534 Menander
1765 5477 1953 5549 prote-

2061 4999 2183 5065 ctor
2211 4991 2264 5045 in
2291 4992 2583 5065 Excerptis
2607 4992 2972 5065 legationum,
3002 5005 3068 5065 et
3106 4992 3554 5065 Theophylactus
3587 4995 3643 5048 in

2062 5060 2206 5133 libro
2228 5078 2307 5133 ιιι.
2339 5060 2593 5133 Qualiter
2627 5060 2758 5118 vero
2784 5064 2841 5118 in
2885 5064 3077 5133 przelio
3119 5060 3391 5117 adversus
3434 5063 3653 5118 Mauri--

2063 5131 2570 5204 ciuminterfectus
2598 5133 2692 5204 sit,
2728 5131 2902 5189 refert
2940 5134 3086 5188 idem
3118 5133 3564 5204 'l‘ltcophylactus
3591 5137 3648 5188 in

2061 5217 2186 5271 cap.
2216 5201 2285 5256 18
2331 5202 2459 5275 libri
2489 5220 2570 5258 ιιι.
2602 5203 2775 5275 quue
2824 5213 3195 5275 gestumresse
3244 5201 3492 5275 testatur;
3522 5213 3650 5275 post

2064 5280 2300 5327 mortem
2351 5272 2704 5343 imperatoris
2735 5272 2966 5340 Justini,
3000 5273 3227 5329 Tiberio
3249 5274 3362 5343 jam
3428 5273 3497 5328 ad
3525 5272 3645 5328 ᾉιι-

2059 5345 2278 5409 gustum
2310 5344 2529 5398 culmen
2562 5353 2777 5400 evecto.
2812 5344 2872 5399 ln
2908 5343 3101 5402 codice
3156 5343 3466 5401 Tclleriano
3507 5344 3645 5399 scri-

2058 5421 2214 5480 ptttm
2235 5422 2321 5468 est
2341 5414 2579 5484 χοσρόις.

1756 5651 1763 5659 -
1833 5620 2220 5680 VARIOBUM.

447 5743 466 5811 ί
483 5742 507 5810 f
520 5741 555 5816 λ
574 5744 1016 5814 Ἀλιιμουδάρου
1056 5746 1562 5816 καταπροδόντος.
1608 5747 1946 5804 Alamunda-

370 5825 489 5882 rus,
524 5812 913 5874 Romanorum
932 5817 989 5873 in
1032 5816 1138 5875 hac
1157 5812 1506 5891 expeditione
1525 5833 1733 5892 comes,
1758 5834 1952 5877 eorum

2060 5748 2287 5804 consilia
2326 5750 2619 5805 Persarum
2653 5748 2765 5820 regi
2807 5748 3120 5820 prodidisse
3175 5747 3368 5807 fertur.
3434 5744 3647 5818 t'agius.

2061 5820 2176 5877 haec
2197 5820 2365 5878 refert
2399 5836 2547 5877 anno
2579 5820 2701 5891 581,
2722 5817 2910 5876 ἠίίι.
