4114 6296
560 311 705 377 2847

1735 315 2053 383 EVAGRII
2097 318 2591 384 SCHOLASTICI
3681 325 3803 395 2848

555 441 674 482 cem
704 438 759 481 et
783 426 1100 483 Palaestinas
1128 435 1259 495 tres,
1292 443 1396 499 ope
1425 428 1787 486 barbarorum
1818 447 1959 500 quos
1990 432 2138 488 circa

2250 430 2349 485 τῶν
2392 431 2531 501 ἀμφ’
2560 431 2722 486 αὑτὸν
2752 430 3065 504 βαρϐάρων,
3098 435 3186 489 ὅτε
3223 430 3655 511 Ἀλαμούνδαρος
3681 438 3799 512 ἥλω,

555 532 614 573 se
670 517 927 582 habebat,
989 522 1285 591 pepulatus
1334 521 1535 581 fuerat.
1594 532 1650 577 et
1705 525 1757 578 in
1813 526 2136 580 servitutem

2250 523 2466 576 πάντων
2513 521 2681 577 αὑτοῦ
2712 522 2941 577 Θάνατον
2988 528 3553 599 καταψηφισαμένων.
3586 533 3641 586 ὲν
3672 535 3804 588 ἐλευ-

557 608 866 680 redegerat,
886 627 954 667 eo
979 621 1227 683 tempore
1247 630 1357 684 quo
1378 623 1571 685 captus
1589 624 1674 670 est
1694 616 2099 671 Alamundarus
2122 635 2134 670 :

558 716 683 755 cum
721 717 915 758 omnes
938 705 1155 774 judices
1185 721 1313 760 eum
1341 707 1561 776 capitali
1593 709 1864 777 supplicio
1894 709 2139 765 allicien-

558 789 689 845 dum
718 806 841 846 esse
882 794 1262 860 censuissent,
1299 796 1354 848 in
1390 796 1567 850 libera
1601 799 1850 853 custodia
1876 798 2136 865 detinuit,

2247 613 2383 685 Θέρᾳ
2428 613 2642 685 φυλακῇ
2697 619 2942 686 φρουρεῖ,
2995 619 3163 690 μηδὲν
3214 622 3476 675 ἐπέκεινα
3515 624 3710 679 κακῶν.
3747 629 3802 679 ’Δ

2247 710 2342 762 καὶ
2381 709 2467 776 ἐφ’
2526 707 2739 777 ἑτέροις
2782 708 3107 781 ἀναρίθμοις
3157 711 3466 785 πέπραχεν,
3516 714 3590 778 ὡς
3617 715 3801 769 ἕκαστα

2248 800 2573 870 προσφόρως
2604 798 2901 862 λελέξεται.
2940 863 2953 871 _

560 887 712 943 nullo
742 889 979 958 amplius
1002 890 1146 944 malo
1171 906 1296 947 eum
1327 892 1587 946 multans.
1619 892 1822 948 Eadem
1849 893 2139 949 clementia
2176 910 2312 951 usus
2342 903 2425 950 est
2454 893 2620 949 etiam
2684 906 2812 964 erga
2846 874 2984 953 alios
3013 896 3469 964 innumerabiles,
3505 909 3566 957 ut
3630 902 3799 972 singil~

563 983 712 1037 latim
742 984 992 1038 dicemus
1019 1000 1121 1040 suo
1146 984 1288 1041 loco.

1116 1102 1279 1174 455
1304 1103 1456 1159 CAP.
1487 1096 1576 1160 ιιι.

563 1162 639 1245 De
668 1190 877 1246 Joanne
925 1200 974 1245 et
1017 1162 1336 1263 Phil‘ip'pi-co,
1382 1195 1652 1264 magistris
1688 1186 1952 1259 militum,
1989 1194 2038 1248 et
2079 1186 2142 1247 de

1013 1263 1163 1317 rebus
1188 1265 1253 1318 ab
1288 1263 1482 1318 iisdem
1503 1265 1682 1334 gestis.

634 1373 806 1429 Porro
833 1375 1155 1445 magistrum
1189 1374 1489 1430 Orientalis
1518 1376 1748 1439 militiae,
1786 1375 1965 1446 primo
2016 1370 2144 1445 qui»-

564 1466 689 1522 dem
726 1466 990 1521 Ioannem
1027 1466 1200 1530 misit,
1226 1466 1525 1522 oriundum
1558 1474 1622 1522 ex
1658 1466 1914 1521 Thracia.
1949 1465 2052 1532 Qui
2088 1467 2143 1521 in

565 1556 776 1627 aliquot
805 1557 1039 1627 proeliis,
1074 1558 1352 1613 interdum
1408 1558 1660 1623 adversa,
1707 1556 1983 1611 interdum
2022 1561 2147 1626 pro-

566 1656 812 1728 speriore
842 1654 1063 1713 fortuna
1096 1674 1250 1725 usus,
1277 1658 1418 1713 nihil
1449 1658 1716 1713 memoria
1750 1650 1975 1728 dignum
2017 1671 2145 1726 ges-

566 1744 659 1804 sit.
711 1747 849 1806 lluic
881 1742 1080 1806 deinde
1131 1766 1513 1806 successorem
1562 1750 1712 1805 misit
1755 1740 2145 1818 Philippicum,

2846 1105 3096 1161 ΚΕΦΑΛ.
3149 1108 3224 1162 Γδ..

2248 1188 2393 1265 Περὶ
2441 1188 2552 1266 τῆς
2580 1199 2967 1288 στρατηγίας
2991 1199 3273 1288 ’ἔφανας-ου
3306 1200 3407 1254 καὶ
3445 1204 3802 1272 Φιλιππικοῦ,

2741 1269 2839 1322 καὶ
2879 1269 2969 1324 ὧν
2996 1269 3367 1340 πεπράκασι.

2322 1379 2586 1450 Πέπομφε
2646 1372 2745 1450 μὲν
2794 1376 2890 1434 οὖν
2943 1383 2972 1435 ὁ
3022 1383 3332 1453 Μαυρεκιος
3379 1390 3678 1459 στρατηγὸν
3710 1391 3803 1444 τῶν

2267 1470 2446 1542 Ἐᾠων
2482 1471 2802 1542 ταγμάτων,
2838 1473 3034 1545 πρῶτα
3065 1474 3164 1544 μὲν
3227 1477 3488 1547 Ἰωάννην
3534 1482 3606 1550 (Ii)
3639 1481 3804 1553 Θρᾷκα

2250 1561 2427 1629 γένος.
2461 1565 2557 1627 Ὃς
2589 1562 2710 1617 τινὰ
2759 1563 2857 1634 μὲν
2899 1566 3154 1630 πταίσας,
3181 1569 3306 1621 τινὰ
3336 1569 3395 1623 δὲ
3432 1573 3525 1624 καὶ
3551 1573 3803 1643 ἀναμαχε-

2253 1655 2510 1725 σὰμενος,
2540 1656 2696 1711 οὐδὲν
2722 1657 2751 1710 ὅ
2776 1674 2827 1711 τι
2859 1659 2954 1711 καὶ
2996 1659 3156 1726 λόγου
3194 1659 3346 1725 ἀξιον
3376 1662 3648 1734 πέπραχε.
3690 1666 3804 1718 Μετ’

2253 1744 2417 1798 αὐτὸν
2455 1744 2515 1798 δὲ
2544 1745 2894 1811 Φιλιππικὸν,
2925 1747 3087 1814 κῆδος
3123 1748 3259 1819 πρὸς
3297 1748 3465 1802 αὑτὸν
3493 1752 3694 1822 ἔχοντα*
3719 1750 3806 1821 τὴν

566 1838 828 1896 allinitate
857 1835 958 1912 ipsi
989 1843 1369 1912 eonjunctum.
1402 1841 1643 1897 Alteram
1677 1841 1824 1895 enim
1853 1855 1920 1894 ex
1948 1836 2149 1893 Mauri-

2253 1834 2448 1905 ὲτὲραν
2480 1834 2587 1906 γὰρ
2607 1837 2727 1891 ταῖν
2759 1810 3018 1905 ἀδελφαῖν
3042 1810 3209 1891 αὐτοῦ
3240 1810 3579 1910 γεγαμήκει.
3614 1844 3698 1905 ‘0;
3724 1810 3806 1895 καὶ

567 1932 637 1987 cii
670 1933 976 1999 sororibus,
1009 1948 1235 1988 uxorem
1258 1933 1510 1988 duxerat.
1545 1931 1650 1999 Qui
1681 1931 1737 1985 in
1769 1929 2013 1985 hostium
2065 1944 2151 1983 re-

568 2018 788 2091 gionem
830 2020 1159 2092 ingressus,
1196 2029 1254 2077 et
1283 2021 1446 2077 obvia
1494 2036 1729 2091 quaeque
1762 2018 2148 2089 dep0pulatus,

569 2112 778 2183 ingenti
803 2112 984 2182 praeda
1019 2109 1233 2185 potitus
1268 2122 1375 2169 est.
1410 2113 1611 2167 Multos
1641 2127 1862 2181 quoque
1890 2126 1957 2164 ex
1987 2108 2149 2163 nobi-

570 2204 718 2259 libus
746 2204 1044 2270 Nisibenis,
1077 2214 1135 2261 et
1179 2212 1247 2261 ex
1276 2206 1401 2260 aliis
1423 2204 1656 2259 urbibus
1677 2218 1801 2273 quae
1830 2211 1960 2258 sunt
2005 2200 2150 2255 intra

568 2294 798 2350 ﬂuvium
844 2296 1073 2367 Tigrim.
1123 2288 1420 2352 interfecit.
1483 2286 1744 2351 Conﬂixit
1800 2291 1967 2349 etiam
2023 2306 2150 2347 cum

571 2387 753 2444 Persis
788 2404 800 2440 ε
833 2389 1235 2458 commissaque
1259 2387 1465 2458 ingenti
1503 2402 1707 2458 pugna,
1734 2394 1791 2440 et
1832 2383 2023 2439 multis
2056 2382 2151 2453 qui

573 2479 719 2533 inter
761 2480 957 2534 Persas
990 2478 1179 2533 eximii
1210 2476 1580 2540 habebantur,
1621 2475 1841 2539 occisis,
1874 2488 1984 2528 non
2020 2488 2155 2542 pau—

571 2583 666 2624 cos
695 2569 850 2623 vivos
885 2568 1054 2638 cepit.
1094 2566 1357 2623 Turmam
1418 2567 1551 2621 item
1606 2557 1897 2620 Persarum
1941 2579 2064 2633 quae
2097 2562 2153 2617 in

555 2660 764 2734 collem
807 2659 1100 2731 quemdam
1153 2659 1287 2716 satis
1339 2652 1629 2714 commode
1668 2657 1834 2712 situm
1882 2664 2151 2720 evaserat,

572 2767 697 2806 cum
753 2766 949 2821 capere
1029 2758 1237 2822 posset,
1301 2749 1525 2805 illaesam
1583 2746 1815 2814 dimisit,
1863 2755 2155 2818 postquam

573 2841 803 2910 polliciti
851 2849 1037 2897 essent
1069 2856 1433 2912 persuasuros
1472 2855 1531 2894 se
1592 2839 1706 2909 regi
1753 2839 2042 2893 Persarum
2097 2842 2158 2892 ut

576 2931 786 3000 legatos
813 2929 881 2984 de
907 2945 1042 3001 pace
1069 2930 1480 3012 quamprimum
1506 2928 1770 2985 mitteret.
1791 2928 1912 2984 Alia
1937 2937 2159 2999 praeter-

576 3039 663 3088 ea,
698 3040 826 3079 cum
901 3025 1080 3095 c0piis
1126 3025 1504 3080 Romanorum
1563 3030 1846 3095 praeesset,
1894 3022 2159 3093 praeclare

576 3114 748 3187 gessit
775 3133 789 3169 :
824 3115 1027 3185 quippe
1067 3116 1159 3186 qui
1185 3125 1393 3170 cuncta
1427 3130 1549 3185 qua:
1582 3114 1859 3184 superﬂua
1892 3121 2076 3178 erant,
2103 3120 2160 3168 et

579 3206 647 3261 ad
670 3206 857 3261 luxum
892 3222 959 3262 ac
990 3206 1219 3262 delicias
1246 3205 1681 3272 accommodata,
1706 3204 1775 3259 ab
1803 3204 2047 3259 exercitu
2072 3219 2160 3259 re-

583 3295 841 3360 moverit,
863 3304 917 3350 et
942 3295 1148 3351 milites
1195 3295 1264 3350 ad
1286 3294 1615 3350 modestiam
1639 3302 1803 3363 atque
1829 3293 2161 3364 obsequium

583 3393 949 3447 revocaverit.
991 3373 1196 3447 Verum
1243 3388 1758 3459 haec-relinquenda
1801 3395 1934 3443 sunt
1976 3388 2046 3443 iis
2066 3386 2161 3458 qui

581 3481 651 3536 de
678 3480 765 3537 his
792 3469 957 3538 rebus
995 3482 1291 3552 scripsere,
1327 3482 1413 3538 vel
1446 3481 1538 3551 qui
1558 3481 1670 3552 jam
1699 3479 1969 3542 scribunt,
1999 3488 2163 3549 prout

583 3570 688 3639 ipsi
727 3571 812 3625 vel
837 3572 1119 3627 auditione
1146 3572 1485 3642 acceperint,
1540 3570 1627 3627 vel
1652 3569 1915 3640 opinione
1945 3568 2162 3624 ducun-

2253 1924 2395 1977 κατὰ
2448 1922 2547 1995 τὴν
2579 1923 2881 1995 ὑπερορίαν
2930 1923 3148 1989 διαϐὰς,
3181 1927 3365 1981 πάντα
3398 1945 3459 1982 τε
3491 1931 3560 1983 τὰ
3606 1930 3660 1982 ὲν
3700 1930 3803 1982 ποσὶ

2251 2014 2605 2085 ληϊσάμενος,
2649 2016 2900 2085 μεγάλων
2954 2015 3215 2088 λαφύρων
3258 2020 3540 2092 ἐγκρατὴς
3586 2021 3801 2089 γέγονεν,

2252 2106 2430 2160 ἀνεῖλέ
2472 2123 2531 2159 τε
2585 2104 2815 2170 πολλοὺς
2856 2106 2964 2163 τῶν
2997 2107 3235 2185 εὐγενῶν
3267 2126 3332 2164 τε
3363 2111 3465 2165 καὶ
3493 2111 3808 2185 εὐπατριδῶν

2251 2198 2351 2269 τῆς
2376 2196 2670 2261 Νισίϐεως,
2709 2195 2943 2261 καὶκτῶν
2981 2198 3157 2254 ἄλλων
3187 2200 3298 2254 τῶν
3334 2202 3490 2264 ἐντὸς
3524 2202 3613 2256 τοῦ
3640 2204 3803 2272 Τίγρι-

2255 2291 2345 2353 δος
2377 2288 2647 2357 ποταμοῦ.
2684 2289 3003 2361 Συνεπλάκη
3040 2291 3098 2345 δὲ
3140 2291 3236 2346 καὶ
3286 2293 3550 2365 Πέρσαις·
3589 2293 3678 2348 καὶ
3717 2293 3807 2364 μᾶς

2207 2448 2209 2451 τ
2253 2397 2355 2452 χης
2391 2382 2665 2453 καρτερᾶς
2708 2382 3030 2452 γενομένης,
3076 2382 3292 2439 πολλῶν
3325 2402 3388 2439 τε
3419 2386 3516 2439 καὶ
3543 2384 3808 2452 ἀξιολόγων

2255 2470 2480 2538 Περσῶν
2511 2470 2900 2536 πεπτωκότων,
2926 2470 3022 2524 καὶ
3052 2472 3294 2544 ζωγρξας
3327 2473 3554 2538 πολλοὺς
3583 2468 3705 2538 εἷλε,
3725 2472 3806 2526 καὶ

2255 2579 2375 2615 τινα
2406 2554 2561 2631 λόχον
2594 2561 2942 2633 ἐκδραμόντα
2990 2562 3048 2617 ἐν
3082 2580 3189 2617 τινι
3229 2565 3342 2618 τῶν
3393 2565 3606 2634 εὐφυῶν
3628 2565 3800 2634 γεωλό·

2257 2670 2373 2723 φων
2410 2652 2709 2724 δυνάμενος
2739 2653 2961 2720 ἐξελεῖν,
2994 2654 3215 2725 ἀφῆκεν
3241 2656 3501 2723 ἀπαθεῖς,
3536 2656 3811 2727 ὑποσχομέσ

2256 2762 2382 2807 νους
2414 2741 2626 2813 πείθειν
2674 2744 2768 2798 τὸν
2829 2745 2980 2814 σφῶν
3025 2746 3250 2816 βασιλέα
3282 2749 3514 2819 εἰρήνης
3558 2748 3675 2817 πέρι
3720 2748 3802 2816 τὴν

2255 2834 2520 2907 ταχίστην
2551 2835 2879 2906 ἐκπέμπειν.
2943 2839 3052 2891 Καὶ
3071 2838 3234 2909 ἕτερα
3258 2840 3322 2893 δὲ
3355 2840 3664 2911 στρατηγῶν
3690 2854 3802 2892 κατε

2260 2927 2557 3000 επράξατο,
2579 2927 2687 2982 τῶν
2728 2929 3001 3000 περιττῶν
3032 2930 3126 2984 καὶ
3143 2932 3201 2994 ἐς
3233 2932 3451 3004 τρυφὴν
3481 2934 3708 3001 ἀγόντων
3721 2929 3800 2983 τὸν

2263 3023 2494 3093 στρατὸν
2529 3021 2928 3095 ἐλευθερώσας,
2958 3023 3057 3077 καὶ
3094 3024 3232 3096 πρὸς
3264 3025 3333 3078 τὸ
3366 3026 3588 3096 κόσμιον
3636 3022 3805 3077 καὶεύο

2262 3112 2449 3177 πειθὲς
2481 3112 2678 3176 αὐτοὺς
2724 3113 3051 3193 χαλινώσας.
3089 3117 3159 3169 Ἀ
3208 3119 3324 3180 τοῖς
3369 3116 3724 3188 συγγράψασιν
3773 3112 3800 3180 ἢ

2261 3204 2357 3258 καὶ
2390 3206 2768 3276 συγγράφουσι
2797 3204 3195 3275 καταληπτέον,
3224 3206 3304 3270 ὡς
3337 3207 3405 3262 ἂν
3434 3209 3599 3278 ἀκοῆς
3622 3204 3803 3277 ἢ’δόξης

2261 3294 2456 3366 ἔχοιεν,
2486 3296 2519 3367 ἢ
2566 3298 2663 3351 καὶ
2694 3299 3016 3367 ἐσχήκασιν.
3044 3293 3140 3362 Οἷς
3167 3300 3197 3351 ὁ
3234 3299 3396 3369 λόγος
3431 3304 3497 3371 τῇ
3533 3300 3712 3370 ἀγνοίᾳ
3726 3312 3802 3349 m-

2263 3385 2641 3458 ριολισθαινων
2673 3388 2771 3441 καὶ
2819 3388 3215 3458 ἀποχωλεύων,
3255 3390 3288 3460 ἢ
3342 3389 3674 3463 προσπαθεῑα
3694 3388 3802 3457 θρυ-

2261 3478 2521 3549 πτόμεος,
2553 3478 2586 3550 ἦ
2614 3479 2940 3551 ἀντιπαθειᾳ
2962 3481 3313 3551 τυφλώττων,
3348 3485 3455 3538 τῶν
3480 3482 3683 3554 ἀληθῶν
3706 3479 3804 3531 διας

2266 3587 2550 3642 μαρτανει.

584 3658 694 3717 tur.
719 3662 963 3731 Quorum
993 3664 1218 3734 quidem
1249 3664 1426 3719 oratio
1448 3664 1520 3720 ob
1552 3661 1955 3735 ignorationem
1975 3675 2164 3717 rerum
2201 3662 2480 3733 cespitans
2513 3671 2570 3717 et
2604 3662 2943 3730 claudicans,
2983 3672 3040 3719 et
3097 3666 3183 3721 vel
3248 3667 3382 3723 odio
3404 3668 3680 3729 obezecata,
3708 3666 3805 3719 Ion.

410 3736 415 3743 ’
478 3778 487 3787 -
584 3751 706 3822 gius
740 3770 770 3807 a
808 3769 939 3809 vero
969 3754 1227 3810 aberrare
1265 3754 1423 3810 solet.

1227 3871 1382 3928 CAP.
1425 3869 1516 3927 IV.

588 3979 665 4033 De
684 3975 866 4032 Prisco
895 3978 1151 4046 magistro
1186 3975 1453 4030 militum:
1477 3984 1525 4029 et
1549 3993 1798 4046 quanam
1826 3992 2010 4041 passus
2032 3977 2101 4030 sit
2130 3994 2164 4031 α

789 4046 1040 4102 militibus
1068 4047 1318 4101 adversus
1338 4048 1511 4118 ipsum
1542 4046 1950 4117 insurgentibus.
1997 4073 2001 4077 -

661 4162 793 4235 Post
813 4160 966 4215 hunc
997 4160 1256 4231 magister
1294 4160 1532 4215 militum
1552 4168 1772 4216 creatus
1800 4169 1886 4215 est
1912 4159 2167 4215 Priscus:

591 4254 678 4308 vir
702 4252 1126 4322 haudquaquam
1159 4251 1337 4306 facilis
1361 4251 1537 4317 aditu,
1559 4266 1663 4305 nec
1692 4250 1796 4305 nisi
1831 4251 1902 4305 ob
1935 4265 2022 4304 res
2071 4264 2167 4303 ne-

590 4341 858 4396 cessarias
883 4340 939 4394 in
971 4338 1252 4410 publicum
1293 4338 1515 4407 prodire
1555 4337 1771 4391 solitus.
1803 4335 2016 4405 Quippe
2047 4335 2165 4390 exi-

2864 3866 2911 3920 K
2922 3867 3114 3921 ΕΦᾹΛ.
3161 3868 3238 3922 Δ’.

2266 3969 2408 4040 Περὶ
2447 3971 2813 4039 στρατηγίας
2836 3971 3127 4039 Πρίσκου,
3159 3974 3259 4025 καὶ
3281 3951 3372 4026 ὧν·
3402 3973 3688 4029 πέπονθεν
3707 3969 3801 4029 ὑπὸ

2506 4041 2614 4095 τοῦ
2643 4041 2908 4110 στρατοῦ
2946 4042 3408 4112 ἐπαναστάντος
3432 4044 3602 4111 αὐτῷ.

2341 4157 2477 4210 Μετ’
2511 4157 2673 4209 αὑτὸν
2717 4156 2774 4209 δὲ
2824 4156 3065 4226 Πρίσκος
3109 4157 3209 4226 τὴν
3240 4157 3569 4229 στρατηγίδα
3601 4156 3802 4227 μέτεισιν

2273 4250 2469 4319 ἀρχήν
2493 4249 2591 4301 οὐκ
2616 4246 2941 4318 εὑπρόσοδός
2959 4260 3064 4312 τις,
3088 4248 3210 4301 οὐδὲ
3239 4248 3373 4320 ἄτερ
3400 4250 3507 4303 τῶν
3537 4242 3801 4314 ἀναγκαίων

2273 4340 2666 4413 εὐπρόσὸατοςυ
2699 4339 2761 4392 τὸ
2789 4341 2893 4393 πᾶν
2922 4339 2979 4392 δὲ
3005 4339 3241 4409 νομίζων
3273 4338 3741 4410 καταπράττεσθαι,
3764 4334 3802 4385 ει

591 4433 870 4495 stimabat,
913 4440 1112 4488 cuncta
1158 4446 1217 4485 se
1249 4428 1463 4496 facilius
1511 4428 1910 4498 perfecturum,
1942 4426 1986 4482 si
2022 4427 2157 4482 solus

2276 4432 2344 4485 τὰ
2381 4430 2553 4486 πολλά
2582 4431 2701 4484 κατ’
2722 4430 2886 4485 αὐτὸν
2914 4432 3021 4504 εἴη,
3054 4432 3128 4498 ὡς
3159 4432 3408 4487 ἐντεῦθεν
3436 4422 3649 4487 καὶτῶν
3673 4443 3803 4497 στρα-

590 4530 842 4579 maneret
887 4530 949 4577 ut
994 4522 1340 4591 plurimum:
1402 4520 1559 4589 quasi
1605 4519 1812 4574 milites
1859 4519 2170 4587 hoc‘pacto

593 4624 744 4672 metu
766 4612 1014 4678 adducti,
1048 4613 1315 4682 imperata
1344 4611 1512 4667 citius
1537 4610 1738 4666 I‘acturi
1768 4619 1973 4666 essent.
2006 4610 2169 4667 Certe

588 4722 702 4776 quo
739 4705 978 4776 primum
1029 4716 1276 4773 tempore
1321 4703 1389 4759 ad
1436 4713 1613 4760 castra
1663 4704 2038 4758 Romanorum
2075 4719 2173 4758 ve-

594 4797 697 4863 nit,
753 4796 903 4852 elato
959 4796 1279 4866 supercilio,
1331 4812 1361 4851 e
1395 4795 1617 4851 sublimi
1648 4795 1983 4866 despiciens,
2017 4803 2073 4851 et
2105 4794 2170 4849 ad

2277 4523 2565 4594 τευμάτων
2596 4523 2706 4577 δέει
2754 4525 2955 4594 μᾶλλον
2988 4525 3319 4590 ὑπειξόντων
3352 4526 3485 4595 πρὸς
3513 4524 3577 4577 τὲ
3619 4514 3800 4575 κελευόσ

2283 4630 2440 4682 μενα.
2474 4614 2602 4667 Ὅτε
2661 4613 2709 4667 δ’
2740 4614 2834 4667 οὖν
2881 4614 3017 4684 πρὸς
3069 4615 3131 4669 τὸ
3193 4615 3549 4686 στρατόπεδον
3593 4610 3796 4680 ἀφίκετο.

2279 4702 2571 4771 ὀφρυάξων
2609 4703 2704 4756 καὶ
2735 4704 3118 4774 ὑπερὸλέπων,
3155 4707 3251 4758 καὶ
3300 4706 3436 4777 πρὸς
3462 4703 3520 4757 τὸ
3555 4695 3798 4771 κομπωδέ·

2285 4809 2474 4865 στερον
2506 4793 2900 4865 ἐξησκημένος,
2935 4796 3214 4865 προύτίθει
3236 4797 3357 4851 τινὰ
3381 4795 3488 4867 (10)
3516 4788 3633 4861 περί
3655 4803 3705 4840 τε
3724 4783 3799 4849 τῆς

594 4885 795 4941 fastum
818 4902 883 4943 ac
917 4901 1175 4960 pompam
1200 4886 1436 4942 vestitus
1494 4894 1659 4955 atque
1707 4892 1957 4949 ornatus,
1987 4885 2157 4940 edict:

2277 4884 2386 4937 τῶν
2418 4885 2766 4957 στρατιωτῶν
2817 4887 2875 4952 ὲς
2916 4889 3043 4952 τοὺς
3074 4888 3344 4960 πολέμους
3373 4884 3666 4959 καρτερίας,
3699 4873 3799 4946 περί

1786 5030 2053 5087 VALESII
2119 5031 2679 5090 ANNOTA'IIONES.

667 5150 779 5222 (10)
821 5154 1128 5219 Προῠτίθει
1186 5153 1337 5206 τινά.
1382 5152 1509 5207 “me
1552 5153 1718 5207 verba
1777 5152 1845 5206 de
1895 5151 2095 5207 edictis
2141 5168 2171 5207 a

598 5222 785 5276 Prisco
812 5223 1111 5292 propositis
1141 5222 1497 5293 intelligenda
1520 5232 1667 5277 sunt.
1703 5222 1758 5293 Id
1782 5223 1929 5293 enim
1967 5223 2174 5277 indicat

598 5306 703 5346 vox
731 5292 1067 5362 προτιθέναι,
1103 5308 1225 5364 qua:
1273 5292 1393 5347 eam
1440 5292 1547 5346 vim
1600 5308 1664 5347 ac
1717 5292 2171 5362 signiﬁcationem

2283 5152 2451 5208 habet
2486 5168 2650 5223 quam
2684 5154 2818 5209 dixi.
2849 5155 3264 5223 Expositionem
3286 5164 3518 5211 nostram
3560 5144 3799 5223 continual

2285 5171 2451 5208 nanet
2486 5171 2650 5223 quam
2684 5171 2818 5209 (lle.
2849 5171 2925 5209 nx
2970 5171 3264 5212 osmonem
3286 5171 3518 5211 nostram
3560 5171 3799 5221 (ξονι-ητις·-

2282 5222 2733 5348 ΤΙιιεοιῖΙιδειαιειιιε
2781 5225 2835 5278 in
2888 5171 2986 5279 lig.
3038 5244 3114 5291 ιιι,
3171 5242 3291 5297 cap.
3337 5228 3384 5290 l,
3434 5238 3584 5294 quem
3618 5221 3799 5269 οιιιιιιιιυ

2282 5310 2450 5348 censu
2477 5311 2527 5348 c.

2281 5310 2527 5349 CODSUIC.

2035 5430 2419 5488 νΑιιιοῐιυΜ.

671 5522 745 5609 (Ιι)
774 5522 1080 5609 Ἰῡωέιηνῃη
1122 5523 1230 5579 Hoc
1270 5542 1410 5609 tumo
1444 5523 1607 5609 k[5_8£]
1640 5505 2178 5609 itltgrediente,_lo‘anf

599 5608 688 5665 nes
715 5593 830 5665 (qui
862 5594 1101 5665 Mystaco
1140 5593 1630 5661 vocabaturl'ducis
1668 5593 1778 5659 loco
1836 5606 2090 5661 movetur,
2120 5603 2175 5650 ut

599 5664 690 5728 qui
729 5662 1165 5739 [fersis'uesciret
1191 5667 1455 5739 resistere.
1488 5667 1962 5739 Theophylactns,
1994 5666 2098 5739 lib.
2135 5683 2173 5731 ι,

599 5745 723 5800 cap.
760 5732 844 5798 η,
878 5733 972 5802 qui
1001 5743 1193 5789 narrat
1222 5735 1402 5806 capite
1445 5732 1811 5808 sequedtifin
1842 5737 1964 5808 ejus
1993 5737 2178 5797 locum

2281 5513 2594 5612 sublectum
2615 5528 2791 5612 fuisse
2815 5528 3184 5612 Philippirum
3212 5524 3575 5612 Orientalium

2283 5576 2506 5659 ducem:
2536 5576 3031 5669 qui
3042 5576 3571 5655 sero-rmn'iiordiam

2286 5649 2926 5724 fniddiéiriabhikil‘blias
2939 5649 3020 5724 aa
3043 5649 3234 5727 sua;
3243 5649 3509 5725 iacimus
3541 5649 3794 5727 τερατιὲιζὲι

2284 5715 2920 5810 ἰδὶιῖἰῌρἱὲἱιὲῖῐιὶιὲὧῖιῖ
2953 5715 3509 5810 ’Ξιὶιιὶὄέἐῗλῖιῖῐὲὲξιῖιὶ
3541 5715 3667 5784 ειιήιο
3695 5715 3789 5773 εδδ.
