4072 6304
384 433 526 498 Ξ865

1305 435 1685 497 HISTORIA?
1723 435 2313 497 ECCLESIASTICIE
2352 433 2584 496 LIBER
2620 433 2722 496 VI.

3527 431 3670 495 9866'

388 544 584 597 λοιντο.
643 544 1079 614 Μεταπέμπεται
1149 543 1436 616 τοιγαροῦν
1511 545 1842 600 Φιλιππικὸν
1913 548 1951 596 ἐκ

2079 544 2216 602 Cum
2245 547 2555 610 universos,
2597 544 2710 600 duo
2733 543 2958 599 circiter
2984 542 3272 597 hominum
3302 543 3496 607 millia,
3526 544 3630 597 tori
3652 563 3666 591 ς

388 633 590 705 Ταρσῷ
619 636 715 706 τῆς
745 635 998 700 Κιλικίας
1022 634 1299 704 διάγοντα,
1333 635 1694 708 ἐπειγόμενόν
1739 654 1800 690 τε
1831 636 1973 691 κατὰ

387 725 486 794 τὴν
508 725 768 796 βασιλέως
782 725 915 798 (58),
938 725 1303 800 ἀναγαγὼντῇ
1327 727 1572 800 βασιλείᾳ
1591 728 1715 801 περὶ
1743 729 1973 793 τούτων,

389 817 605 881 στείλας
646 835 706 871 τε
745 818 838 872 καὶ
868 817 968 882 τὰς
1002 820 1155 890 παρὰ
1189 819 1285 874 τοῦ
1340 821 1574 891 στρατοῦ
1607 822 1741 892 περὶ
1775 821 1971 875 Φιλιπ-

385 907 551 962 πικοῦ
579 909 811 980 δεήσεις.
849 910 1160 965 Ὑπαντῶσι
1195 911 1376 967 τοίνυν
1401 912 1481 984 τῷ
1498 911 1807 984 Φιλιππικῷ
1831 913 1972 968 κατὰ

383 1001 484 1071 τὴν
540 1001 915 1056 Θεουπολιτῶν
958 1005 1277 1076 γενομένῳ,
1329 1005 1424 1058 καὶ
1462 1005 1590 1069 τοὺς
1627 1003 1970 1075 ἠξιωμένους

381 1097 480 1166 τῆς
504 1095 657 1160 »θείας
687 1097 1114 1166 παλιγγενεσίας
1161 1100 1221 1165 ἐς
1264 1100 1500 1154 ἱκετείαν
1529 1099 1970 1172 προσλαϐόμενοι

379 1190 816 1258 προσπίπτουσιν
852 1191 1002 1264 αύτῷ
1025 1207 1040 1223 ⁶
1073 1195 1168 1248 καὶ
1208 1193 1390 1260 δεξιὰς
1429 1194 1740 1264 ἀμνηστίας
1778 1192 1969 1246 λαϐόν-

2083 635 2138 690 ἱιι
2163 636 2408 707 gramine
2435 633 2792 690 tumultuarie
2815 632 3134 704 compositis
3158 648 3313 689 coena
3336 634 3662 704 excepisset,

2082 728 2352 799 postridie
2391 727 2616 782 domum
2665 741 2920 782 reversus
2961 733 3065 781 est.
3119 726 3406 780 Placuerat
3456 737 3666 791 autem,

2080 830 2143 876 ut
2176 820 2381 875 milites
2413 836 2524 890 quo
2556 819 2608 874 in
2638 821 2762 874 loco
2799 819 3026 884 vellent,
3073 818 3128 872 in
3181 833 3349 871 unum
3399 818 3663 873 conveni-

2081 922 2224 966 rent.
2276 911 2574 984 Gregorius
2621 911 2789 983 igitur
2838 910 3207 982 Philippicum
3257 911 3494 965 accersit
3545 913 3660 981 qui,

2083 1013 2197 1058 tum
2248 1003 2394 1074 apud
2443 1003 2676 1060 Tarsum
2725 1004 2916 1059 urbem
2966 1003 3172 1058 Ciliciae
3211 1004 3558 1067 morabatur,
3607 1017 3662 1059 et
3702 1042 3711 1073 λ

2071 1094 2607 1165 Constantinopolim
2651 1095 3059 1166 quamprimum
3102 1094 3375 1165 proﬁcisci
3411 1095 3657 1165 parabat.

2073 1188 2246 1246 Porro
2285 1189 2354 1244 de
2381 1189 2470 1244 his
2503 1188 2673 1244 rebus
2701 1187 2770 1242 ad
2802 1188 3193 1258 imperatorem
3237 1188 3445 1254 retulit,
3479 1188 3681 1254 missis.

375 1294 488 1342 τες,
520 1280 617 1334 σὺν
660 1281 812 1351 αύτῷ
855 1283 954 1346 τὰς
984 1284 1440 1354 ὲπιστρατεύσεις
1471 1285 1773 1339 ποιοῦνται.
1811 1281 1951 1336 Οὖτιι

2073 1281 2241 1336 etiam
2261 1279 2760 1352 supplicationibus
2781 1279 3042 1344 militum,
3065 1280 3657 1351 quibusPhilippicum

377 1367 479 1436 μὲν
508 1369 573 1440 δή
602 1373 1028 1442 προκεχωρήκει
1061 1373 1260 1429 ταῦτα.

2073 1373 2269 1464 ducem
2316 1373 2693 1444 postulabant.
2735 1372 2871 1430 Cum
2911 1387 3043 1444 ergo
3085 1372 3429 1442 Philippicus
3464 1372 3660 1426 Antio-

374 1461 558 1518 chiam
589 1468 856 1534 venisset,
883 1468 1088 1525 milites
1116 1469 1231 1525 illic
1260 1469 1311 1524 ei
1341 1479 1684 1526 occurrunt:
1717 1482 1773 1528 et
1805 1472 1872 1527 iis
1903 1472 2005 1542 qui
2037 1461 2237 1527 divinae
2277 1467 2712 1540 regenerationis
2748 1467 3027 1522 lavacrum
3094 1465 3382 1538 promeriti
3418 1465 3657 1526 fuerant,

371 1555 440 1610 ad
477 1557 902 1626 supplicandum
932 1575 1036 1631 pro
1074 1563 1490 1633 seassumptis,
1526 1563 1592 1618 ad
1661 1579 1838 1635 genua
1907 1564 2026 1636 ejus
2085 1561 2478 1634 procumbunt.
2533 1560 2636 1628 Qui
2688 1576 2813 1617 cum
2881 1560 3072 1616 dextra
3140 1559 3263 1614 data
3324 1558 3657 1615 oblivionem

375 1653 784 1720 praeteritorum
833 1657 918 1713 eis
963 1658 1374 1726 conﬁrmasset,
1425 1660 1632 1716 milites
1679 1677 1788 1716 una
1836 1677 1961 1718 cum
2023 1659 2146 1726 illo
2185 1660 2240 1715 in
2271 1658 2682 1732 expeditionem
2725 1654 2956 1728 profecti
2991 1665 3152 1712 sunt-
3183 1657 3361 1726 Atque
3392 1656 3507 1711 haec
3531 1657 3657 1727 (μή-

349 1749 500 1804 dem
528 1751 678 1807 hunc
710 1751 764 1807 in
789 1753 1014 1809 modum
1036 1769 1379 1825 processere.

952 1881 1205 1939 ΚΕΦΛΛ.
1267 1887 1364 1940 1Δ’.

502 1974 642 2043 Περὶ
675 1974 786 2042 τῆς
829 1975 1112 2044 ἁλώσεως
1158 1980 1671 2048 Μαρτυροπόλεως
1713 1980 1824 2049 (τι)-

439 2089 634 2154 Σίττας
689 2090 749 2144 δέ
800 2108 886 2155 τις
947 2091 1057 2146 τῶν
1094 2093 1154 2147 ἐν
1215 2094 1638 2166 Μαρτυροπό).ει
1689 2093 1957 2167 δεκαδάρ-

367 2199 482 2251 χων
515 2181 650 2252 (59),
682 2182 819 2254 πρός
866 2201 988 2238 τινα
1026 2183 1136 2238 τῶν
1183 2185 1372 2240 αὐτόοι
1415 2185 1828 2258 στρατιωτικῶν
1858 2187 1958 2258 άρ-

367 2274 572 2344 χόντων
623 2273 911 2346 λυπηθεὶς,
967 2277 1414 2349 καταπροδιδῶσι.
1461 2280 1564 2351 τὴν
1623 2279 1806 2346 πόλιν,
1855 2279 1957 2351 τὴν

366 2365 656 2436 ἀπόλειψιν
680 2366 790 2421 τῶν
816 2366 1212 2440 ἐγκαθημένων
1249 2369 1419 2441 αὐτὴν
1458 2370 1569 2442 (40)
1606 2370 1955 2442 στρατιωτῶν

365 2457 737 2527 ἐπιτηρήσαςο
768 2458 863 2512 καὶ
899 2458 1055 2530 λόχον
1101 2461 1372 2532 Περσικὸν
1413 2462 1525 2535 (Ill)
1567 2461 1642 2527 ὡς
1681 2458 1954 2532 Ῥωμαῖον

363 2547 699 2617 εἰσαγαγὼν,
719 2550 818 2622 τὴν
844 2551 1000 2606 πόλιν
1033 2554 1320 2625 κατέσχεν,
1350 2555 1778 2628 ἐπικαιροτάτην
1821 2555 1954 2609 Ῥω-

364 2633 549 2703 μαίοις
587 2635 966 2692 καθεστῶσαν
1010 2641 1080 2695 τὰ
1116 2641 1216 2712 μὲν
1248 2643 1418 2698 πολλὰ
1443 2643 1554 2698 τῶν
1580 2644 1820 2713 γυναίων
1841 2644 1952 2698 τῶν

363 2725 738 2797 σφριγιῦντων,
781 2731 915 2785 εἵσω
953 2735 1255 2807 κρατήσας
1295 2734 1544 2800 ἅπαντας
1586 2736 1643 2790 δὲ
1691 2736 1820 2801 τοὺς
1856 2736 1950 2790 άλ-

2590 1884 2755 1957 m
2785 1883 2938 1941 CAP.
2980 1885 3118 1940 xw.

2362 1977 2639 2044 Quomodo
2663 1985 2821 2048 capta
2845 1976 2914 2030 sit
2942 1975 3344 2048 Martyropolis.

2134 2096 2347 2151 Interea
2377 2093 2547 2150 Sittas
2588 2091 2837 2164 quidam,
2882 2091 2978 2162 qui
3009 2091 3252 2149 decanus
3293 2101 3414 2148 erat
3449 2093 3648 2166 Marty-

2060 2185 2258 2257 ropoli,
2305 2184 2558 2257 injuriam
2604 2181 2710 2238 sibi
2754 2182 2961 2238 illatam
2991 2197 3021 2236 a
3051 2182 3290 2253 quodam
3329 2198 3396 2238 ex
3435 2184 3646 2241 militia

2058 2275 2370 2332 recteribus
2415 2287 2557 2346 aegre
2602 2272 2806 2340 ferens,
2852 2273 3048 2329 urbem
3088 2273 3343 2330 hostibus
3376 2276 3643 2346 prodidit,

2057 2366 2354 2422 observato
2383 2375 2632 2437 tempore
2658 2381 2771 2436 quo
2806 2365 3013 2420 milites
3042 2365 3373 2436 praesidiarii
3404 2383 3471 2423 ex
3505 2369 3643 2424 urbe

2055 2455 2425 2514 discesserant
2461 2475 2474 2511 :
2503 2456 2925 2526 introductaque
2951 2457 3241 2512 Persarum
3265 2459 3516 2525 cohorte,
3549 2476 3645 2530 pe-

2053 2549 2213 2604 rinde
2260 2565 2324 2604 ac
2365 2549 2410 2604 si
2451 2564 2517 2603 ea
2558 2548 2932 2602 Romanorum
2974 2548 3178 2604 cohors
3225 2559 3397 2614 esset,
3445 2552 3639 2606 urbem

2052 2641 2346 2712 occupavit
2391 2641 2693 2696 admodum
2726 2648 3093 2710 opportunam
3147 2641 3432 2698 Romanis.
3470 2645 3537 2698 Et
3569 2659 3636 2699 ex

2046 2732 2365 2803 junioribus
2403 2731 2624 2802 quidem
2658 2730 2896 2798 feminis,
2927 2731 3221 2803 plerasque
3262 2733 3405 2788 intra
3438 2735 3632 2790 urbem

359 2818 486 2882 λους
538 2821 711 2891 χωρὶς
764 2824 923 2877 ἐνίων
978 2827 1211 2881 οἰκετῶν
1260 2827 1540 2895 ἐξελάσας.
1589 2829 1808 2894 Εὐθέως
1849 2829 1948 2901 μὲν

2055 2823 2320 2880 reti-nuit:
2357 2824 2602 2894 reliquos
2644 2833 2827 2879 autem
2873 2839 3090 2891 omnes,
3139 2827 3389 2897 exceptis
3421 2828 3633 2899 aliquot

358 2906 454 2964 οὖν
489 2913 518 2966 ό
560 2913 888 2979 Φιλιππικδς
931 2915 1098 2970 αὑτοῦ
1139 2918 1240 2988 τὴν
1295 2917 1483 2972 ἔλασιν
1527 2920 1768 2974 ἐποιεῖτο
1793 2961 1807 2983 ,
1851 2921 1946 2972 καὶ

2055 2917 2309 2980 servulis,
2363 2917 2544 2988 eiecit.
2595 2916 2896 2972 Confestim
2953 2918 3123 2989 igitur
3175 2919 3515 2990 Philippicus
3564 2938 3630 2974 eo

361 3002 742 3074 περικαθήσας
782 3003 827 3037 ³⁸
870 3005 972 3076 τὴν
1013 3005 1172 3059 πόλιν
1205 3006 1540 3078 ἐπολιόρκει,
1565 3008 1717 3062 οὐδὲν
1754 3009 1862 3062 τῶν
1886 3011 1944 3072 ἐς

2055 3005 2348 3076 profectus,
2402 3007 2596 3062 urbem
2639 3006 2932 3062 obsidione
2975 3007 3168 3072 cinxit,
3223 3011 3437 3064 tametsi
3492 3011 3630 3065 nihil

359 3091 684 3164 πολιορκίαν
737 3095 1062 3166 ἐπιτηδείων
1111 3096 1272 3168 ἔχων·
1323 3100 1472 3169 ὅμως
1522 3100 1566 3151 δ’
1604 3097 1699 3152 οὖν
1738 3100 1802 3152 ἐκ
1833 3099 1942 3152 τῶν

2055 3113 2240 3153 eorum
2272 3114 2394 3168 quae
2443 3097 2510 3153 ad
2561 3098 2908 3155 obsidionem
2963 3102 3272 3157 necessaria
3321 3111 3474 3169 sunt,
3525 3105 3628 3176 ipsi

361 3182 649 3250 παρόντων
693 3184 844 3254 αὐτῷ
871 3185 1186 3258 διεμάχετο,
1234 3189 1329 3241 καί
1359 3205 1514 3252 τινας
1549 3189 1818 3260 διώρυχας
1848 3191 1940 3258 ἐρ-

2055 3199 2386 3260 suppeteret.
2426 3190 2800 3246 Nihilominus
2846 3192 2913 3247 iis
2950 3206 3074 3262 qua:
3103 3193 3172 3248 ad
3206 3209 3429 3250 manum
3468 3209 3630 3253 erant

357 3271 688 3341 γασάμενος,
720 3273 902 3343 ῥίπτει
928 3275 1039 3328 τῶν
1071 3276 1294 3346 πύργων
1313 3277 1431 3330 ἕνα.
1461 3278 1536 3330 Ού
1572 3278 1679 3350 μὴν
1706 3277 1805 3348 τὴν
1850 3279 1945 3331 πό-

2055 3291 2232 3345 utens,
2263 3281 2458 3336 urbem
2482 3283 2842 3352 oppugnavit,
2889 3285 3139 3354 actisque
3167 3287 3500 3356 quibusdam
3531 3306 3623 3345 eu-

358 3359 442 3414 λιν
472 3363 724 3433 ἐξίσχυσε
754 3367 1182 3438 περιστήσεσθαι
1209 3369 1306 3439 (ο),
1347 3368 1456 3422 τῶν
1497 3369 1722 3438 Περσῶν
1757 3371 1938 3424 διανυ-

358 3454 774 3522 κτερευσάντων
802 3497 816 3521 ,
857 3457 954 3509 καὶ
1005 3457 1068 3510 τὸ
1107 3461 1397 3522 πεπτωκὸς
1450 3461 1939 3532 κατασφαλισαμέ-

352 3559 480 3596 νων.
531 3544 621 3607 Ὣς
659 3545 716 3598 δὲ
763 3549 932 3618 συχνὰ
975 3550 1411 3620 προσϐάλλοντες
1447 3553 1498 3604 οἱ
1555 3551 1816 3623 Ῥωμαῖοι
1860 3554 1937 3626 τῷ

349 3633 542 3704 τνεῐχει,
593 3636 964 3706 ἀπεκρούοντο
996 3640 1016 3710 (
1044 3641 1317 3696 ἐπίσκοπα
1371 3645 1478 3716 γάρ
1509 3643 1568 3712 ἐξ
1608 3645 1936 3716 ὑπερδεξιῶν

349 3723 582 3796 ἐφέρετο
613 3729 738 3781 κατ’
766 3729 948 3783 αὐτῶν
979 3731 1047 3789 τὰ
1097 3731 1249 3804 βέλη,
1291 3736 1385 3788 καὶ
1413 3736 1575 3791 πλέον
1603 3737 1936 3792 ἐϐλάπτοντο

347 3813 381 3884 ἢ
423 3815 551 3880 τοὺς
601 3815 747 3871 ἔνδον
773 3817 1052 3886 ἐλύπουν),
1109 3822 1298 3879 λύουσι
1323 3828 1423 3899 τὴν
1459 3831 1796 3902 πολιορκίαν·
1841 3833 1934 3885 καὶ

349 3906 580 3978 σμικρὸν
606 3907 947 3975 διαστάντες,
981 3917 1498 3983 στρατοπεδεύονται
1534 3923 1718 3992 μόνον,
1758 3923 1819 3976 τὺ
1856 3923 1931 3994 μὴ

347 3996 569 4068 ἐτέρους
594 4001 959 4072 προστεθῆναι
993 4003 1232 4076 Πέρσας,
1282 4010 1694 4083 ἐπιτηροῦντες.
1726 4014 1931 4068 Κελεύ-

347 4105 519 4158 σμασι
539 4090 596 4146 δὲ
626 4092 957 4166 Μαυρικίου,
981 4095 1079 4149 καὶ
1119 4097 1418 4170 Γρηγόριος
1451 4105 1762 4172 ἀφικνεῖται
1793 4104 1930 4175 πρὸς

2044 3373 2249 3428 uiculis
2295 3389 2462 3428 unam
2505 3388 2575 3429 ex
2608 3375 2854 3429 turribus
2885 3375 3105 3447 dejecit.
3140 3376 3247 3433 Sed
3285 3395 3411 3434 cum
3448 3382 3627 3437 Persae

2044 3473 2162 3520 tota.
2184 3473 2342 3520 nocte
2379 3465 2681 3531 insomnes,
2723 3466 2776 3521 id
2807 3468 2954 3536 quod
2989 3470 3295 3540 collapsum
3327 3472 3509 3528 fuerat
3540 3473 3624 3530 in—

2041 3566 2404 3623 staurassent,
2462 3557 2656 3613 urbem
2709 3574 3030 3631 expugnare
3080 3579 3190 3616 non
3236 3565 3431 3632 potuit.
3485 3567 3622 3622 Cum

2040 3649 2209 3720 igitur
2253 3649 2485 3705 Romani
2526 3652 2728 3707 crebro
2763 3668 2983 3707 murum
3013 3654 3216 3720 adorti,
3267 3657 3488 3713 assidue
3531 3677 3620 3715 re-

2038 3739 2414 3809 pellerentur;
2463 3741 2566 3794 tela
2613 3740 2760 3796 enim
2803 3757 2871 3796 ex
2921 3743 3210 3813 superiore
3257 3747 3378 3801 loco
3427 3747 3480 3801 in
3521 3763 3620 3803 eos

2037 3832 2227 3896 missa,
2280 3847 2406 3886 raro
2456 3848 2486 3886 a
2533 3847 2702 3902 scopo
2754 3833 3105 3900 aberrabant,
3145 3836 3216 3890 ita
3254 3846 3311 3891 ut
3347 3838 3449 3908 ipsi
3493 3840 3630 3909 plus

2035 3921 2356 3977 detrimenti
2407 3923 2728 3993 acciperent
2777 3941 2941 3994 quam
3001 3925 3260 3983 hostibus
3309 3929 3612 3996 inferrent;

2032 4013 2378 4069 obsidionem
2412 4015 2718 4070 solverunt.
2758 4017 2838 4072 Ac
2867 4017 3152 4088 paululum
3187 4019 3314 4076 inde
3357 4023 3610 4094 digressi,

2032 4107 2405 4161 castrametati
2459 4117 2608 4174 sunt,
2648 4108 2704 4162 id
2745 4124 2914 4165 unum
2959 4109 3197 4168 sollicite
3231 4112 3610 4180 observantes,

1656 4259 1889 4319 VARIAE
1929 4260 2333 4317 LECTIONES.

417 4363 460 4395 ³⁸
485 4362 547 4420 C.
573 4364 635 4422 C.
678 4368 1100 4442 παρακαθήσας.

1540 4493 1808 4552 VALESII
1840 4496 2397 4556 ANNOTATIONES.

571 4621 990 4710 ’grretp‘p‘erdr
1023 4643 1088 4681 τε
1124 4628 1274 4710 κριτρ
1305 4630 1422 4710 τῂν
1457 4632 1781 4710 βασιλέως.
1803 4635 1920 4710 _A_s-
1945 4634 2000 4694 D
2027 4635 2124 4710 κοῦ
2149 4637 2463 4710 -τάγματος
2518 4639 2896 4710 καθεστηκώς.
2948 4642 3014 4697 Hi
3060 4661 3091 4699 a
3143 4645 3356 4704 Latinis
3405 4648 3601 4705 decani

333 4689 1085 4774 sentiOrncbrisftpphorsono
1131 4706 1189 4753 et
1221 4689 1472 4774 Saviliqi
1497 4703 1603 4774 qui
1627 4689 1754 4774 post
1803 4689 1921 4762 haec

332 4760 504 4815 verba
525 4760 940 4844 distinctionem
965 4760 1496 4844 apposuerunt._Est
1515 4760 1668 4844 enim
1689 4760 1918 4844 prorsus

332 4832 662 4911 necessaria.
689 4833 796 4889 Sed
816 4846 879 4911 et
896 4832 1025 4911 ante
1041 4832 1177 4894 illos
1200 4839 1546 4911 Nicephorus
1567 4832 1715 4899 hunc
1733 4846 1916 4901 locum

332 4899 780 4986 italdi‘stinx‘erat‘.
816 4906 1033 4986 Mnelius
1051 4917 1236 4965 tamen
1267 4899 1616 4983 Nicepltorus
1645 4899 1914 4986 scriptum

331 4968 499 5042 habet
540 4971 678 5039 πρὸς
709 4975 808 5042 τὴν
850 4976 1134 5040 βασιλέως.

401 5039 514 5108 (59)
562 5042 692 5124 Τῶη
725 5039 796 5124 ἐᾷ·
824 5039 1278 5124 Μαρτῃρὸπέᾷει
1326 5049 1653 5124 δεκάρχων.
1689 5055 1916 5113 Rectius

330 5107 385 5162 in
417 5107 808 5185 manuscriptis
832 5107 1118 5173 codicibus
1148 5107 1556 5179 Florentino'é't
1578 5107 1942 5185 ίτειῑὲὶῖἆιῑό-

327 5180 595 5268 scribitur
613 5180 985 5268 δεκαδάρχων,
1020 5190 1489 5268 quemadmodum
1511 5180 1678 5268 etiam
1699 5180 1905 5253 νυιὲόἰ

326 5247 452 5330 bius
481 5266 546 5307 ac
562 5251 802 5330 Savilius
822 5247 887 5310 ἰιῖ
907 5247 1158 5330 margine
1179 5275 1405 5316 suorum
1430 5247 1686 5320 codicum
1716 5247 1907 5323 emen-

324 5318 548 5400 (larunt.
579 5322 927 5400 Nicephorus
956 5328 1012 5400 in
1032 5318 1163 5400 cap.
1189 5330 1255 5385 17
1275 5331 1376 5386 lib.
1403 5349 1550 5400 xvnt,
1574 5318 1741 5391 hunc
1754 5318 1903 5393 E65.

321 5391 425 5456 grii
455 5391 637 5448 locum
667 5391 739 5450 ita
769 5399 996 5467 exponit
1033 5415 1048 5453 :
1088 5391 1319 5465 Ᾰεκάδος
1358 5391 1548 5475 ἄρχων
1582 5391 1900 5476 στρατιωτι-

2023 4705 2376 4778 dicebantur,
2408 4725 2518 4765 non
2544 4719 2728 4766 autem
2748 4705 3118 4778 decuriones,
3149 4729 3208 4772 ut
3240 4719 3520 4774 Musculus
3551 4733 3605 4776 et

2021 4776 2577 4852 Christophorsonus
2603 4781 3064 4852 interpretantur.
3099 4776 3360 4843 Testatur
3396 4790 3448 4844 id
3498 4789 3604 4846 Ve-

2020 4846 2206 4924 getius
2236 4846 2292 4924 in
2315 4851 2498 4924 cap._'8
2523 4851 2623 4906 lib.
2655 4868 2715 4924 ιι,
2739 4846 2907 4924 agens
2939 4855 3008 4910 de
3037 4861 3461 4916 centurionibus
3485 4861 3602 4917 sive

2020 4917 2610 4993 Ordinariistrant,
2661 4917 2864 4993 inquit,
2915 4926 3102 4980 ὀρείαιιὶ
3151 4929 3298 4984 denis
3352 4931 3602 4987 militibus

2019 4991 2323 5065 pugnosith
2351 4993 2608 5065 quinum:
2640 4991 2801 5065 caput
2845 5000 3178 5053 contubernii
3214 5011 3494 5058 vocantur.

2088 5059 2201 5134 (ιο)
2248 5059 2372 5134 Τῶν
2430 5059 2856 5134 ἐγκαθημένων
2919 5066 3132 5134 αὐτὴν.
3181 5071 3376 5127 Procul
3430 5073 3601 5129 dubio

2017 5129 2376 5254 sttrlibfndum
2403 5129 2488 5188 cst
2515 5129 2674 5206 αὐτῇῖ
2702 5133 2794 5192 Sic
2820 5135 2970 5192 enim
3000 5129 3086 5193 lein
3111 5143 3466 5212 grammatica
3502 5162 3599 5215 po-

2017 5215 2042 5254 s
2072 5218 2104 5254 u
2131 5217 2160 5254 a
2194 5243 2206 5254 .

2014 5210 2206 5256 stulat.

2085 5271 2199 5353 (4f)
2243 5273 2438 5342 Λόχον
2481 5277 2797 5353 Περ-στικόχ.
2844 5280 3287 5353 Quadringentos
3343 5284 3596 5340 homines

2007 5351 2290 5467 laigmzlttos,
2350 5352 2414 5398 ut
2477 5347 2675 5404 scribit
2725 5347 3207 5423 Theophylact'us,
3283 5355 3336 5408 in
3405 5371 3524 5424 cap.
3564 5357 3596 5408 5

2093 5452 2106 5466 .
2164 5428 2220 5466 ιι.

2030 5427 2106 5466 Π).
2143 5427 2220 5466 Ill.

1773 5558 2156 5620 V'ARIORUM.

390 5653 780 5747 £2t_)l:l1epllrt}c
826 5664 1106 5747 άλιίισεως
1126 5670 1659 5747 ,Μαρτυροξτόμωᾳ
1688 5673 1862 5747 Marty

316 5727 552 5814 rtrpulis.
579 5727 876 5814 ur_bs"'erat
893 5727 1204 5814 _i_\rtnei_tite_
1223 5727 1455 5814 'Majbris
1488 5743 1544 5814 in
1572 5727 1889 5814 sophanirie

317 5799 691 5884 tractu,jttx't‘a
713 5801 1042 5873 Nymphium
1078 5799 1333 5876 fluvium:
1382 5810 1440 5866 in
1491 5799 1892 5884 Mesopotamia:

316 5867 578 5922 conﬁnio.
628 5867 928 5927 ΒΑι-ιὶιιιιέι).

2073 5678 2144 5751 (0)
2179 5685 2257 5767 Qa)
2278 5687 2406 5752 μὴν
2430 5687 2538 5754 τὴν
2565 5692 2748 5767 τςόλιις
2775 5692 3072 5761 ἐξίσχυσε
3096 5696 3588 5767 περιστήσεσθαι.

2002 5750 2839 5839 Ιιρεοιιιίυἰιιιηπαραστήσασοςι-ιξ
2869 5750 2976 5839 qua
3009 5781 3142 5821 voce
3165 5750 3418 5826 'usnscst

2007 5822 2160 5890 grins
2211 5823 2273 5878 ad
2313 5822 2476 5881 ίίιιριίι
2515 5822 2730 5899 capitis.
2765 5833 2849 5888 W.
2887 5822 3113 5890 anrn.
