4114 6296
638 399 778 460 28⁸ῖὸ

1849 405 2161 466 EVAGRII
2203 408 2693 470 SCIIOLASTICI

3746 405 3859 468 ιιτι

639 522 850 577 regum,
885 506 1028 562 filius
1073 506 1400 571 llortnisdaa,
1436 507 1538 562 ista
1587 508 1642 562 iu
1687 508 1791 564 hoc
1824 509 1978 564 disco
2024 510 2219 563 inscri-

2257 521 2294 571 Α
2323 514 2457 584 τῷδε
2493 516 2572 585 τῷ
2625 515 2792 585 δίσκῳ
2833 514 3215 585 γεγραμμένα,
3271 515 3370 567 οὒκ
3404 516 3487 577 εἰς
3518 512 3645 567 θέαν
3688 515 3859 587 ἀνθρώ-

638 597 814 652 ιιειιιίυ
838 598 1048 664 curavi,
1074 615 1183 654 non
1215 608 1272 652 ιιι
1303 598 1371 653 ab
1397 599 1718 656 hominibus
1740 603 2218 671 conspicerentur,

638 707 740 746 nec
766 700 823 745 ut
843 692 1150 760 amplitudo
1179 693 1478 749 venerandi
1502 694 1743 748 nominis
1772 694 1848 748 tui
1873 694 2223 750 sermonibus

639 786 776 840 meis
805 786 1195 850 innotesceret,
1222 787 1315 841 sed
1343 795 1456 842 tum
1484 787 1556 842 ob
1586 803 1769 841 rerum
1796 802 1918 856 quae
1945 787 2223 857 inscripta:

638 886 763 932 sunt
794 878 1099 940 veritatem,
1134 885 1246 932 tmn
1282 880 1354 933 ob
1381 880 1552 935 multa
1591 888 1646 933 et
1687 880 1922 934 maxima
1951 878 2225 934 beneﬁcia

638 970 842 1039 quibus
872 986 958 1023 me
988 970 1243 1024 all‘ecisti.
1284 970 1588 1026 Felicitatis
1615 971 1761 1026 enim
1792 972 1916 1027 loco
1941 972 2076 1026 mihi
2118 982 2221 1036 est,

638 1061 786 1130 quod
813 1078 1010 1116 nomen
1036 1076 1214 1114 meum
1240 1061 1405 1131 469
1428 1062 1480 1114 in
1508 1062 1678 1116 sacris
1694 1063 1841 1118 vasis
1861 1063 1969 1117 tuis
1987 1065 2222 1118 incisum

644 1154 970 1222 reperiatur.
1009 1151 1144 1207 Cum
1194 1168 1369 1207 essent
1403 1154 1457 1208 in
1506 1153 1628 1208 loco
1673 1155 1767 1223 qui
1806 1154 2013 1208 dicitur
2055 1155 2223 1209 Bera-

645 1244 799 1306 mais,
837 1244 1104 1313 postulavi
1138 1260 1167 1297 a
1197 1251 1270 1306 te,
1308 1243 1390 1296 vir
1417 1254 1625 1308 sancte,
1661 1255 1719 1298 ut
1751 1245 1887 1299 mihi
1920 1260 2078 1315 opem
2109 1246 2225 1300 fer-

645 1352 750 1392 res.
802 1347 968 1402 utque
1012 1334 1130 1389 Sira
1177 1335 1231 1397 i,n
1281 1344 1441 1388 utero
1488 1336 1828 1404 conciperet.
1863 1336 1930 1391 Et
1959 1335 2222 1406 quoniam

643 1423 762 1475 Sira
791 1423 1009 1491 quidem
1037 1422 1348 1476 Christiana
1375 1431 1526 1487 erat,
1558 1439 1660 1493 ego
1693 1440 1823 1478 vero
1851 1425 2073 1495 gentilis
2093 1465 2106 1489 ,
2137 1425 2224 1479 lex

643 1514 864 1585 quidem
894 1522 1077 1569 nostra
1107 1515 1271 1570 nobis
1304 1515 1528 1569 minime
1559 1516 1919 1585 permittebat
1962 1526 2022 1571 ut
2048 1516 2224 1572 Chri—

642 1605 874 1659 slianam
909 1623 1131 1661 uxorem
1164 1606 1517 1662 haberemus.
1554 1607 1669 1677 Ego
1718 1615 1899 1661 tamen
1943 1609 2014 1662 ob
2046 1623 2221 1662 meam

641 1711 767 1765 erga
801 1704 852 1749 te
876 1697 1339 1760 benevolentiam,
1371 1697 1535 1767 hujus
1573 1696 1822 1751 mulieris
1850 1712 2013 1752 causa
2048 1698 2221 1769 legem

645 1784 853 1854 neglexi
879 1826 892 1848 ,
928 1801 1158 1855 eamque
1188 1802 1299 1855 praa
1327 1786 1541 1840 caeteris
1573 1787 1839 1840 uxoribus
1864 1788 1999 1841 meis
2029 1788 2223 1856 praeei-

643 1891 749 1943 puo
791 1892 977 1931 amore
1022 1877 1223 1941 dilexi,
1273 1887 1435 1948 atque
1478 1877 1532 1931 in
1564 1877 1683 1932 dies
1723 1879 1895 1948 magis
1941 1880 2220 1950 magisque

641 1968 830 2037 diligo.
864 1968 1051 2037 Itaque
1077 1970 1293 2023 decrevi
1328 1970 1722 2039 benignitatem
1753 1979 1899 2024 tuam
1931 1988 2077 2025 nunc
2123 1973 2222 2026 itu-

643 2057 878 2125 plorare,
905 2060 990 2111 vir
1018 2068 1224 2125 sancte,
1256 2069 1310 2113 ut
1335 2060 1425 2113 illa
1466 2059 1690 2130 gravida
1724 2059 1900 2114 ﬁeret.
1941 2060 2220 2116 Postulavi

640 2150 808 2219 igitur
854 2158 909 2205 et
954 2160 1141 2205 votum
1188 2152 1543 2222 nuncupavi,
1587 2151 1792 2207 si-Sira
1829 2153 2049 2223 gravida
2078 2154 2219 2209 facta

639 2249 804 2299 esset,
842 2256 927 2293 tne
954 2257 1173 2295 crucem
1205 2259 1367 2312 quam
1399 2244 1487 2298 illa
1522 2252 1718 2314 gestat,
1747 2243 1812 2297 ad
1850 2245 2219 2299 venerandam

638 2329 810 2382 sedem
845 2339 991 2383 tuam
1023 2330 1167 2384 dono
1199 2333 1493 2387 missurum
1528 2350 1670 2388 esse.
1705 2335 1855 2389 Ilane
1894 2335 1966 2389 ob
1998 2351 2217 2389 causam

638 2438 740 2490 ego
782 2433 837 2475 et
876 2422 995 2477 Sira
1050 2425 1469 2489 constituimus,
1509 2426 1565 2480 in
1610 2428 1935 2482 memoriam
1980 2430 2220 2484 nominis

640 2514 740 2578 tui,
771 2515 857 2568 vir
882 2524 1092 2575 sancte,
1121 2516 1263 2570 hanc
1295 2532 1515 2571 crucem
1550 2518 1811 2572 retinere.
1860 2519 1930 2573 Et
1978 2535 2079 2589 pro
2128 2520 2217 2575 illa

636 2608 1051 2661 :estituationem
1089 2607 1209 2676 ejus
1258 2625 1379 2678 qua:
1416 2617 1613 2677 quater
1663 2609 1814 2664 mille
1858 2618 1913 2664 et
1953 2611 2217 2681 quadrin-

636 2708 829 2767 gentos
858 2708 1091 2754 stateres
1116 2700 1479 2755 milliarenses
1514 2701 1741 2756 minime
1774 2702 2022 2764 excedit,
2056 2704 2218 2773 quin-

636 2806 742 2859 que
779 2799 1044 2845 staterum
1091 2792 1263 2846 millia
1314 2792 1687 2867 transmittere
1731 2793 2101 2849 decrevimus.
2139 2796 2217 2849 Ex

636 2898 745 2952 quo
776 2894 959 2938 autem
1006 2884 1113 2939 hoc
1152 2884 1294 2953 apud
1342 2901 1426 2939 me
1473 2896 1659 2940 votum
1704 2889 1959 2958 concepi,
2001 2896 2059 2942 et
2100 2888 2219 2944 lucc

637 2991 848 3029 mecum
880 2978 995 3045 ipse
1024 2977 1278 3046 cogitavi.
1314 2977 1673 3048 quoadusque
1708 2979 2214 3036 Bosumchosdrum

638 3066 888 3134 perveni,
920 3082 1028 3120 non
1063 3069 1250 3136 plures
1278 3084 1439 3137 quam
1471 3070 1660 3124 decem
1692 3070 1812 3125 dies
1844 3071 2173 3126 eﬂluxerunt
2200 3089 2212 3126 :

638 3171 761 3207 cum
788 3161 867 3213 tu.
895 3155 980 3208 vir
1010 3163 1219 3215 sancte.
1249 3172 1355 3209 non
1383 3157 1527 3225 quod
1553 3173 1654 3227 ego
1680 3158 1731 3211 id
1760 3160 1993 3214 meritus
2014 3177 2213 3226 essem,

2328 623 2463 671 πων,
2494 606 2614 659 οὐδὲ
2651 606 2736 658 ἵνα
2760 606 2832 659 ὲκ
2878 604 2987 658 τῶν
3034 604 3209 672 λόγων
3264 621 3363 675 μου
3421 605 3486 658 τὸ
3529 604 3745 674 μέγεθος
3783 608 3857 660 τοῦ

2326 696 2636 750 πανσέπτου
2668 696 2934 766 ὀνόματος
2954 695 3195 767 γνωσθῇ.
3227 696 3363 749 ἀλλὰ
3396 695 3491 748 διὰ
3519 695 3616 767 τὴν
3642 696 3858 765 ἀλήθειαν

2324 788 2434 842 τῶν
2466 788 2891 858 γεγραμμένων,
2918 787 3012 839 καὶ
3042 786 3131 839 διὰ
3159 786 3257 849 τὰς
3300 785 3506 849 πολλὰς
3547 786 3761 857 χάριτας
3787 792 3858 841 καὶ

2325 880 2646 951 εὐεργεσίας
2692 878 2757 941 ἃς
2816 878 2974 948 ἔσχον
3020 876 3170 947 παρὰ
3217 876 3330 931 σοῦ.
3376 878 3621 949 Εὐτυχία
3668 883 3764 951 γάρ
3791 882 3858 950 μοί

2326 972 2498 1034 ἐστιν,
2534 971 2621 1024 ἵνα
2653 971 2716 1023 τὸ
2753 972 2883 1041 ἐμὸν
2908 972 3079 1042 ὄνομα
3114 972 3426 1041 ἐμφέρηται
3464 974 3580 1032 τοῖς
3612 972 3761 1042 ἱεροῖς
3787 989 3856 1025 σου

2329 1061 2603 1115 σκεύεσιν.
2644 1062 2733 1115 Ἕν
2750 1062 2827 1131 τῷ
2861 1058 2999 1116 εἷναί
3041 1080 3107 1133 με
3142 1065 3199 1114 ὲν
3229 1061 3306 1132 τῷ
3338 1060 3651 1131 Βεραμαῒς,
3689 1061 3858 1133 ᾐτησά-

2329 1166 2437 1219 μην
2461 1152 2611 1221 παρὰ
2642 1152 2755 1217 σοῦ,
2788 1153 3115 1220 ἆγιε,ἑλθείν
3135 1155 3215 1215 εἰς
3241 1153 3340 1222 τὴν
3372 1151 3629 1222 βοήθειάν
3660 1170 3768 1220 μου,
3788 1153 3858 1205 καὶ

2327 1240 2383 1292 έν
2409 1244 2607 1311 γαστρί
2639 1242 2920 1295 συλλαϐεῖν
2958 1244 3148 1314 Σιρήν.
3179 1244 3288 1296 Καὶ
3321 1242 3518 1313 ἐπειδὴ
3545 1243 3723 1314 ήΣιρὴ
3751 1243 3858 1310 Χρι-

2329 1333 2519 1402 στιανή
2541 1334 2688 1385 ἐστιν
2712 1331 3068 1403 κὰγὼἝλλην
3086 1334 3177 1404 (ε),
3194 1336 3221 1387 ὀ
3235 1333 3510 1402 ἡμέτερος
3530 1333 3688 1403 νόμος
3712 1330 3860 1387 ἄδειαν

2327 1424 2457 1492 ἡμῖν
2472 1424 2532 1475 οὐ
2551 1424 2779 1495 παρέχει
2797 1424 3123 1494 Χριστιανὴν
3139 1424 3280 1494 ἔχειν
3297 1424 3571 1494 γαμετήν.
3588 1421 3773 1477 Διὰοῦν
3787 1425 3862 1492 τὴν

2326 1512 2463 1584 ἐμὴν
2475 1514 2609 1584 πρὸς
2627 1515 2685 1568 σὲ
2704 1514 3146 1586 εὐγνωμοσύνην,
3163 1515 3241 1579 εἰς
3254 1515 3460 1584 ταύτην
3480 1514 3571 1568 τὸν
3592 1516 3742 1585 νόμον
3754 1530 3862 1583 παρ-

2328 1602 2490 1662 εῖδον,
2531 1604 2626 1656 καὶ
2668 1603 2872 1674 ταύτην
2903 1605 2959 1656 ὲν
2985 1600 3231 1672 γυναιξὶν
3261 1603 3485 1673 ἡμέραν
3519 1603 3578 1668 ἐξ
3605 1603 3795 1672 ἡμέρας
3818 1604 3863 1655 ἑν

2326 1694 2643 1765 γνησιότητι
2667 1694 2823 1765 ἔσχον
2842 1696 2934 1748 καὶ
2959 1695 3088 1763 ἔχω.
3122 1694 3230 1746 Καὶ
3259 1691 3435 1759 οὕτως
3468 1694 3512 1726 ³⁹
3550 1694 3766 1746 συνεῖδον
3789 1692 3861 1744 νῦν

2326 1785 2588 1857 δεηθῆναι
2614 1786 2712 1856 τῆς
2742 1785 2840 1855 σῆς
2863 1786 3218 1856 ἁγαθὰεητος,
3242 1785 3479 1853 ἆγιειὲν
3503 1787 3696 1856 γαστρί
3709 1785 3861 1838 συλλα-

2257 1869 2297 1923 Β
2324 1876 2436 1931 δεῖν
2458 1879 2645 1948 αὐτήν.
2662 1880 2769 1932 Kal
2794 1880 3084 1950 ᾐτησάμην
3105 1880 3197 1932 καὶ
3215 1879 3621 1950 συνεταξὰμην,
3639 1878 3859 1932 Evasiva

2327 1972 2527 2040 γαστρὶ
2559 1969 2805 2042 συλλάϐῃ
2838 1970 2996 2041 Σιρὴ,
3032 1970 3123 2021 τὸν
3154 1970 3388 2038 σταυρὸν
3431 1970 3523 2022 τὸν
3573 1967 3859 2037 φορούμενον

2328 2061 2455 2132 παρ’
2478 2060 2644 2129 αὐτῆς
2663 2060 2863 2130 πέμψω
2886 2058 2962 2130 τῷ
2983 2060 3272 2129 πανσέπτῳ
3294 2076 3388 2113 σου
3413 2058 3567 2130 οἴκῳ.
3587 2059 3691 2112 Καὶ
3707 2056 3857 2110 τούτου

2326 2151 2487 2206 ἕνεκα
2531 2153 2685 2220 κάγὼ
2732 2153 2823 2205 καὶ
2857 2152 2992 2224 Σιρὴ
3044 2153 3136 2205 τὸν
3199 2152 3403 2206 σκοπὸν
3442 2152 3631 2205 τοῦτον
3678 2150 3854 2221 ἔχομεν.

2327 2243 2415 2295 ἵνα
2445 2244 2523 2306 εἰς
2559 2242 2902 2314 μνημόσυνον
2926 2242 3020 2297 τοῦ
3065 2243 3330 2314 ὀνόματός
3363 2260 3486 2305 σου,
3516 2242 3657 2311 ἅγιε,
3705 2240 3855 2293 τοῦτον

2324 2334 2417 2386 τὸν
2448 2334 2681 2403 σταυρὸν
2709 2333 3020 2404 κρατῶμεν.
3070 2333 3181 2387 Καὶ
3230 2332 3550 2402 συνείδομεν
3598 2328 3855 2384 ἀντάὐτοῦ

2326 2425 2425 2496 τὴν
2471 2425 2637 2496 τιμὴν
2666 2425 2830 2480 αὑτοῦ
2870 2426 2946 2496 μὴ
3005 2425 3390 2478 συντείνουσαν
3434 2423 3732 2495 περαιτέρω
3770 2421 3853 2473 τῶν

2324 2517 2778 2587 τετρακισχιλίων
2831 2516 3203 2587 τετρακοσίων
3282 2519 3574 2588 στατήρων
3647 2513 3856 2584 μιλιαρη·

2326 2608 2456 2661 σίων
2488 2610 2573 2677 (t),
2613 2608 3079 2678 πεντακισχιλίους
3123 2606 3404 2678 στατῆρας
3449 2606 3732 2677 ἐκπέμψαι.
3768 2604 3853 2657 Καὶ

2324 2698 2383 2764 ἐξ
2416 2692 2476 2751 οὗ
2505 2698 2603 2769 τὴν
2657 2699 2915 2767 τοιαύτην
2964 2698 3144 2770 ἑαυτῷ
3189 2698 3347 2769 ἔσχον
3401 2698 3615 2770 αἴτησιν
3641 2697 3760 2767 (5|),
3781 2696 3854 2746 καὶ

2323 2791 2496 2843 ταῦτα
2528 2789 2938 2861 διελογισάμην,
2997 2788 3103 2852 ἓως
3154 2782 3215 2842 οὗ
3265 2790 3585 2860 ἐφθάσαμεν
3611 2790 3667 2843 τδ
3703 2788 3852 2841 Ῥὸσον

2324 2884 2517 2954 χόσρον
2558 2878 2693 2955 (5‘2),
2728 2882 2858 2936 δέκα
2878 2884 3085 2955 ἡμέραι
3126 2882 3291 2937 πλέον
3318 2885 3381 2937 οὐ
3412 2883 3651 2954 διῆλθον·
3684 2884 3763 2938 καὶ
3783 2881 3865 2943 σὺ.-

2324 2976 2469 3043 ἅγιε,
2507 2977 2565 3029 οὐ
2618 2976 2707 3028 διὰ
2756 2975 2817 3028 τὸ
2846 2970 2987 3029 εἷναί
3024 2993 3090 3045 με
3127 2975 3296 3040 ἄξιον,
3337 2976 3475 3031 ἀλλὰ
3525 2976 3609 3031 διὰ
3647 2976 3732 3046 τὴν
3774 2972 3852 3041 σὴν

2323 3066 2678 3135 ἀγαθότητα,
2731 3066 2937 3135 ἐφάνης
3002 3082 3092 3135 μοι
3158 3067 3214 3118 έν
3270 3067 3514 3137 ὁράματι
3558 3066 3649 3137 τῆς
3677 3063 3849 3124 νυκτὸς,

2323 3158 2417 3210 καὶ
2447 3159 2627 3227 τρίτον
2660 3153 2818 3214 alni:
2846 3174 2957 3228 μοι,
2984 3158 3065 3211 ὅτι
3098 3157 3324 3228 Σιρὴ.έν
3360 3160 3555 3229 γαστρί
3576 3158 3695 3222 ἔξει.
3716 3152 3849 3221 Κάγὼ

639 3245 732 3299 sed
763 3262 859 3314 pro
887 3255 975 3299 tua
1000 3245 1359 3316 benignitate,
1385 3222 1549 3301 noctu
1575 3222 1710 3302 mihi
1741 3250 1796 3303 in
1823 3252 2032 3306 somnis
2052 3269 2217 3322 appa-

2257 3222 2286 3279 Β
2323 3249 2381 3300 ὲν
2410 3222 2554 3318 αὐτῷ
2583 3249 2659 3319 τῷ
2682 3222 2922 3319 ὁράματι
2946 3249 3128 3319 τρίτον
3149 3222 3555 3321 ἀνταπεκρίθην
3578 3266 3656 3302 σοι
3679 3247 3845 3314 λέγων·

643 3338 820 3401 ruisti,
851 3349 1045 3407 terque
1076 3338 1208 3392 mihi
1235 3337 1514 3393 allirmasti
1543 3339 1819 3409 gravidam
1871 3341 1988 3397 fore
2017 3342 2215 3411 Siram.

639 3430 819 3498 Atque
850 3444 951 3499 ego
984 3430 1037 3483 in
1069 3428 1261 3483 eadem
1305 3429 1517 3485 visione
1563 3432 1726 3485 tertio
1768 3431 1869 3486 tibi
1893 3435 2167 3506 'reSpondi
2204 3454 2217 3490 :

642 3520 828 3573 Recte.
860 3519 927 3575 Et
955 3520 1215 3589 quoniam
1245 3535 1306 3574 ea
1335 3536 1455 3590 qua!
1479 3537 1510 3575 a
1540 3527 1593 3577 te
1620 3523 1969 3592 postulantur
2000 3526 2216 3592 tribuis,

637 3627 707 3665 ex
750 3627 818 3666 eo
858 3611 948 3666 die
979 3611 1099 3667 Sira
1139 3627 1249 3666 non
1282 3614 1458 3667 sensit
1497 3614 1808 3669 muliebria.
1841 3615 1954 3687 Ego
1986 3633 2119 3673 vero
2150 3618 2219 3674 de

637 3702 743 3758 hac
776 3718 836 3757 re
864 3701 1093 3758 fortasse
1127 3703 1464 3759 dubitassem
1486 3744 1500 3769 ,
1534 3704 1643 3758 nisi
1679 3705 1862 3761 verbis
1894 3706 2006 3761 tuis
2034 3708 2219 3763 credi-

639 3791 866 3856 dissem,
899 3792 1162 3861 quoniam
1194 3792 1279 3845 vir
1311 3801 1538 3847 sanctus
1576 3808 1671 3860 es,
1698 3804 1754 3849 et
1778 3794 1949 3850 donas
1973 3811 2095 3865 quae
2124 3811 2221 3867 pe-

640 3893 854 3949 tuntur,
899 3882 1078 3939 Siram
1107 3883 1368 3953 deinceps
1395 3900 1507 3941 non
1539 3901 1662 3941 esse
1696 3901 1984 3941 sensuram
2019 3890 2218 3944 mulie-

640 3974 781 4030 bria.
824 3975 904 4030 Ex
940 3990 1008 4030 eo
1038 3976 1205 4047 igitur
1229 3976 1495 4031 virtutem
1535 3978 1801 4044 visionis,
1835 3986 1891 4034 et
1927 3980 2217 4035 veritatem

638 4083 830 4122 eorum
884 4084 1005 4138 quae
1061 4068 1160 4123 abs
1215 4078 1269 4124 te
1321 4069 1583 4139 praedicta
1641 4080 1793 4139 sunt,
1854 4072 2214 4143 deprehendi.

639 4158 1003 4223 Quamobrem
1042 4160 1191 4214 illico
1233 4176 1455 4215 crucem
1511 4162 1688 4232 ipsam
1719 4172 1775 4217 et
1812 4164 1932 4233 ejus
1981 4164 2216 4233 pretium

639 4247 706 4300 ad
738 4248 1107 4303 venerandam
1136 4248 1308 4303 aedem
1334 4257 1481 4304 tuam
1512 4250 1811 4315 transmisi,
1838 4252 2040 4321 jubens
2066 4260 2128 4306 ut
2152 4268 2220 4307 ex

638 4339 759 4408 ejus
787 4339 969 4408 pretio
1011 4339 1197 4394 discus
1225 4355 1371 4394 unus
1406 4348 1462 4395 et
1501 4341 1758 4410 poculum
1804 4359 1974 4397 unum
2014 4344 2105 4397 fiat
2148 4344 2217 4399 ad

641 4445 799 4485 usum
838 4444 1121 4485 sacrorum
1168 4431 1556 4502 mysteriorum
1594 4449 1607 4485 :
1641 4448 1775 4487 crux
1816 4433 1946 4489 item
1997 4450 2119 4504 qua:
2160 4435 2216 4489 in

2323 3340 2540 3402 Καλῶς.
2575 3340 2684 3395 Καὶ
2712 3340 2800 3392 διὰ
2830 3339 2889 3392 τὸ
2910 3335 3049 3393 εἷναί
3074 3355 3133 3392 σε
3161 3338 3365 3412 δοτῆρα
3393 3341 3503 3394 τῶν
3522 3340 3779 3410 αἰτήσεων,
3801 3335 3849 3387 lx

2321 3433 2420 3503 τῆς
2467 3433 2682 3503 ἡμέρας
2734 3432 2945 3502 ἐκείνης
2982 3434 3015 3502 ἡ
3048 3432 3181 3505 Σιρὴ
3212 3431 3273 3485 τὸ
3316 3433 3621 3503 εἰθισμένον
3647 3433 3751 3493 ταῖς
3777 3443 3848 3496 γυ-

2322 3523 2495 3589 ναιξὶν
2523 3524 2622 3577 οὐκ
2655 3520 2815 3578 εἶδεν.
2864 3523 3005 3593 Ἐγὼ
3039 3525 3098 3578 δὲ
3150 3524 3415 3591 διστάσας
3448 3525 3557 3597 (55)
3591 3525 3662 3587 εἰς
3704 3521 3846 3577 τοῦτο.

2322 3618 2371 3670 εἰ
2402 3617 2477 3687 μὴ
2507 3619 2617 3680 τοῖς
2654 3617 2834 3685 λόγοις
2863 3634 2954 3671 σου
3009 3619 3330 3685 ἐπίστευσα,
3365 3620 3463 3674 καὶ
3512 3621 3591 3672 ὅτι
3636 3618 3770 3684 ἆγιος
3810 3612 3847 3664 εἶ

2322 3711 2416 3763 καὶ
2444 3708 2606 3781 δοτὴρ
2632 3707 2741 3761 τῶν
2796 3710 3084 3779 αἰτήσεων,
3121 3710 3260 3779 μετᾶ
3293 3712 3471 3764 ταῦτα
3517 3712 3581 3764 τὰ
3609 3706 3844 3778 γυναικεία

2324 3800 2401 3872 μὴ
2451 3802 2762 3870 ὑπομεῖναι.
2809 3801 2903 3853 Ἐκ
2950 3801 3141 3856 τούτου
3176 3803 3348 3871 ἔγνων
3393 3805 3492 3876 τὴν
3520 3803 3727 3871 δύναμιν
3772 3794 3842 3848 τοῦ

2320 3894 2620 3965 ὁράματος,
2651 3894 2745 3947 καὶ
2763 3893 2861 3965 τὴν
2885 3893 2992 3947 τῶν
3015 3894 3167 3965 παρὰ
3197 3894 3287 3948 σοῦ
3319 3897 3591 3967 ῥηθέντων
3611 3892 3840 3961 ἀλήθειαν.

2323 3984 2459 4056 Παρ’
2496 3985 2634 4037 αὐτὰ
2664 3980 2757 4039 οὖν
2788 3984 3009 4056 ἔπεμψα
3058 3987 3151 4038 τὸν
3183 3987 3347 4041 αὐτὸν
3386 3987 3629 4058 σταυρὸν,
3667 3979 3840 4047 καίτήν

2319 4076 2512 4130 τούτου
2550 4077 2715 4147 τιμὴν
2771 4078 2829 4130 ὲν
2860 4078 2936 4147 τῷ
2968 4078 3266 4148 πανσέπτῳ
3303 4097 3400 4133 σου
3444 4080 3596 4149 οἴκῳ,
3624 4072 3840 4130 κελεύσας

2321 4167 2385 4220 ἐκ
2414 4168 2513 4235 τῆς
2538 4167 2729 4220 τούτου
2754 4169 2918 4237 τιμῆς
2950 4168 3134 4222 δίσκον
3164 4169 3261 4221 ἕνα
3279 4170 3375 4222 καὶ
3411 4174 3653 4240 ποτήριον
3691 4166 3740 4217 ἒν
3763 4178 3835 4227 γε·

2320 4256 2528 4323 νέσθαι,
2556 4258 2633 4321 εἰς
2665 4257 2822 4327 λόγον
2880 4259 2988 4311 τῶν
3020 4259 3179 4314 θείων
3209 4261 3543 4332 μυστηρίων.
3589 4257 3729 4312 Ἀλλὰ
3755 4252 3835 4322 MV

2321 4349 2414 4401 καὶ
2445 4349 2679 4419 σταυρὸν
2725 4351 3001 4418 γενέσθαι,
3034 4353 3129 4404 καὶ
3180 4352 3455 4423 πηχθῆναι
3496 4349 3744 4419 ὀφείλοντα
3766 4341 3834 4395 ἐπὶ

2320 4440 2418 4510 τῆς
2464 4439 2650 4509 τιμίας
2704 4439 3002 4512 τραπέζης,
3039 4444 3133 4496 καί
3187 4443 3567 4519 θυμιατήριον,
3594 4440 3657 4497 τὰ
3698 4437 3831 4493 πάντα

1923 4571 2161 4627 νΑΙὶΗΕ
2215 4571 2627 4631 LECTIONES.

712 4660 752 4689 ”
782 4658 843 4715 C.
878 4658 941 4714 C.
969 4659 1157 4723 ὅντως.

1848 4775 2119 4832 VALESII
2150 4777 2704 4834 ANNOTATIONES.

711 4888 822 4955 (5i)
869 4887 1156 4971 Τοιαςξζην
1180 4886 1370 4971 {aer
1405 4887 1551 4971 ἕχον
1579 4889 1843 4971 αιτῃίζεγ.
1867 4892 2024 4971 Apud
2053 4892 2216 4948 Nice-
2249 4901 2291 4955 ι)
2319 4894 2700 4971 Nicephorum
2759 4893 2963 4971 legitur
2989 4912 3125 4971 _una
3163 4913 3297 4971 voce
3358 4894 3725 4971 Ῥοσωχοσρὼν.
3768 4886 3826 4942 1³³

638 4959 870 5033 phorum
909 4960 1176 5033 scribitur
1206 4961 1263 5012 ἐν
1304 4959 1524 5033 ἑαυτῴη
1555 4961 1700 5030 apud
1742 4959 2211 5033 Theophylactum

640 5028 1155 5115 verpnfl‘tpnapzq),
1207 5044 1373 5115 quam
1420 5028 1756 5115 script—uram
1804 5028 2207 5115 m_agis'probo.

706 5096 819 5165 (52)
844 5097 915 5152 Τὸ
939 5096 1625 5171 ῬόσσονΧύσρον,Αριι‹1
1656 5096 2126 5173 Τίιεορίιῇισρίιιηι
2156 5111 2211 5157 et

2322 4978 2546 5087 quosq’ue
2596 4963 2862 5033 scriptum
2914 4966 3082 5021 habet
3132 4970 3304 5024 codex
3350 4963 3690 5025 Tellerianus.
3742 5027 3754 5045 ι

2392 5036 2407 5087 (
2490 5039 2504 5087 l
2553 5032 2694 5087 Ἐγὼ
2722 5034 2789 5087 δὲ
2820 5034 3137 5087 διστάσαο.
3169 5038 3479 5087 Lenendum
3519 5048 3640 5087 nuto
3678 5036 3754 5087 ιγιι

2318 5023 2789 5157 ὲδέσὸἓσέἰγὼδὲ
2820 5034 3137 5103 διστάσας·
3169 5023 3490 5110 Ιιοεέιιᾶιιωί
3518 5048 3640 5109 puto
3678 5023 3825 5099 ιγὼδδ

1972 5256 1977 5262 ·
2087 5238 2474 5297 VARIORUM.

707 5327 773 5397 (ε)
807 5327 977 5397 Κητὼ
1023 5327 1280 5395 Ἕλλην.
1331 5330 1613 5386 Chosroen
1639 5331 1799 5386 ﬁdem
1854 5332 2220 5388 Christianam

637 5398 943 5473 suscepisse
974 5438 987 5456 .
1060 5399 1676 5473 Abbasbielarieusis,
1729 5403 2095 5473 Fredegarius
2155 5404 2209 5457 in

638 5467 913 5542 Chronico,
961 5470 1516 5542 et_Tbeopbylaetus
1564 5467 1936 5542 scripserunt:
1984 5473 2088 5528 Sed
2131 5472 2210 5528 fa-

639 5540 770 5594 bula
816 5549 920 5602 cst,
953 5539 1087 5613 inde
1115 5539 1243 5597 nata
1264 5539 1411 5613 quod
1445 5539 1719 5613 Chosroes
1763 5559 1863 5612 pro
1896 5559 1995 5598 sua
2024 5544 2079 5598 in
2114 5559 2206 5597 re-

637 5625 804 5684 gnum
837 5610 1209 5684 restitutione.
1243 5610 1434 5684 sancto
1475 5612 1666 5684 Sergio
1732 5610 1959 5684 martyri
2014 5623 2201 5669 votum

640 5679 850 5758 t'ecerit,
879 5681 1363 5761 etnutlllaurici‘um
1380 5679 2204 5761 imp.demerereturtseChri-

639 5748 875 5801 stianum
925 5748 1040 5801 ﬁeri
1076 5752 1212 5803 velle
1248 5748 1481 5805 tinxerit.
1517 5753 1799 5807 Chosroen
1830 5748 2196 5809 Christianam

642 5816 802 5867 lidettt
840 5819 1092 5884 amplrcti
1136 5821 1375 5874 uoluisse
1414 5822 1632 5889 scripsit
1682 5824 1746 5877 ad
1787 5835 2036 5876 sanetum
2072 5825 2199 5877 Gre-

2326 5334 2540 5410 gorium
2575 5346 2797 5410 sanctus
2825 5336 3181 5410 Domitianus
3206 5329 3823 5410 episeopus_Melitina:._l_lf

2330 5406 2503 5479 liquet
2532 5419 2606 5479 _ex
2639 5406 2874 5475 epistola
2905 5423 3068 5477 quam
3105 5411 3172 5465 ad
3198 5403 3329 5479 eum
3353 5403 3619 5479 rescripsit
3643 5403 3822 5479 ⁵³ηείἶὲ

2315 5473 2640 5551 Gregorius,
2676 5473 2821 5547 'quze
2867 5473 3044 5551 cistat
3076 5480 3173 5535 lib.
3215 5496 3272 5544 tt,
3322 5474 3486 5551 epist.
3520 5473 3615 5537 '65,
3673 5475 3817 5524 ωθυεθ

2313 5546 2559 5621 Augusto
2590 5546 2755 5621 _data,
2805 5563 2977 5621 _annoi
2998 5550 3127 5621 595.
3365 5546 3380 5551 -
3508 5619 3517 5621 _
3640 5610 3667 5621 ν,

2383 5612 2445 5685 (i)
2488 5618 2916 5682 Μιλιαρησίων.
2956 5620 3318 5685 Miliart'st'um,
3372 5612 3693 5685 Nomismatis
3718 5612 3814 5685 pars

2311 5674 2684 5763 «ιιῴίιρςίηιτιξ
2712 5674 2927 5763 Clossze
2958 5674 3178 5763 Basilio.
3216 5674 3532 5763 μιλιαρίσιον
3550 5674 3811 5763 ,ιτδργιξξξέ

2312 5757 2433 5833 στῆν
2468 5756 2562 5824 τῆς
2600 5757 2691 5808 τοῦ
2733 5760 2933 5827 χρυσοῦ
2965 5761 3153 5831 λίτρας
3328 5745 3542 5817 (ἰλςςιιις
3571 5756 3617 5807 itt
3646 5745 3811 5805 (31054?

2305 5828 2426 5883 rio).
