4072 6304
343 319 480 379 ρυυυ
824 278 833 285 ’
1105 316 1164 375 s.
1207 313 1592 375 EULOGIUS
1647 314 2000 375 ARCHIEP.
2043 314 2857 379 ALEXAND.—NOTITIA.
3448 318 3590 383 2910

347 426 631 492 convenit,
687 427 769 482 uti
818 424 912 480 hic
956 423 1009 477 in
1062 424 1293 496 Eulogio
1344 436 1400 480 et
1437 425 1643 497 Cyrillo
1688 425 1840 480 sedis
1894 425 2140 495 ejusdem
2187 427 2480 496 episc0pis.
2534 427 2668 482 Esse
2723 438 2904 482 autem
2963 427 3173 499 Eulogii
3227 429 3424 485 suadet
3473 440 3585 487 tota

351 516 604 579 materia,
653 527 958 582 magnaque
992 512 1080 565 illa
1114 512 1233 581 ejus
1274 512 1506 565 allinitas
1550 527 1675 566 cum
1720 512 1843 566 aliis
1883 512 2129 582 ejusdem
2170 513 2383 584 Eulogii
2421 513 2700 568 deﬂoratis
2742 530 2771 568 a
2822 514 3035 569 Pbotio.
3076 516 3288 584 Ubique
3332 518 3478 573 acris
3531 519 3589 573 in

352 601 718 672 Eutychianos
750 599 1045 669 depugnat,
1082 598 1278 666 dignus
1306 599 1486 666 plane,
1530 613 1692 666 quem
1726 614 1864 667 papa
1897 597 2110 668 Agatho
2144 600 2200 652 in
2243 615 2338 654 sua
2379 599 2448 654 ad
2495 609 2702 654 sextam
2739 599 3006 670 synodum
3037 603 3404 669 suggestione,
3444 603 3592 659 inter

354 690 559 758 primos
608 702 671 741 ac
714 686 1020 756 praecipuos
1066 684 1260 755 synodi
1290 682 1756 739 Chalcedonensis
1793 699 1857 738 ac
1902 687 2033 740 tomi
2064 686 2265 741 Leonis
2301 686 2625 741 defensores
2667 697 3013 756 percenseat.
3050 687 3151 741 Est
3176 690 3367 743 oratio.
3388 690 3586 758 partim

350 778 562 842 festiva,
610 775 809 844 partim
838 773 1125 843 polemica.
1160 771 1393 826 Pulchre
1425 770 1568 849 ludit
1597 771 1652 824 in
1685 770 1872 826 verbis
1906 788 1969 828 ac
2017 773 2195 833 sensis
2233 772 2553 842 Scripturae.
2586 772 2947 842 Antiquarius
2979 783 3166 828 noster
3199 775 3434 829 mediam
3473 774 3589 830 fere

351 865 648 931 abruperat
677 878 692 914 :
728 858 874 928 quod
905 858 1014 913 illis
1044 858 1284 928 plagium
1327 857 1476 911 haud
1504 856 1731 912 omnino
1772 857 2017 913 insolens
2050 869 2134 914 est
2165 875 2180 925 ;
2214 859 2350 914 alias
2393 874 2612 929 quoque
2651 859 3057 929 deprehensum
3105 862 3161 914 in
3205 860 3597 931 Amphilocbio

351 961 408 1008 et
436 950 850 1021 Chrysostomo.

1437 1235 1946 1326 NOTITIA
2044 1234 2542 1322 ALTERA.

1191 1426 1512 1497 (Fasslcws,
1540 1423 1784 1480 Biblioth.
1812 1438 1970 1494 graec.
1998 1422 2086 1478 ed.
2118 1422 2328 1478 Harles.
2365 1431 2406 1477 t.
2436 1422 2505 1489 Χ,
2533 1439 2589 1493 p.
2623 1422 2773 1495 755.)

423 1663 636 1734 Eulogii
668 1660 993 1733 patriarcha:
1022 1657 1281 1735 Μοιχῷ)
1307 1657 1479 1728 (Opus
1503 1657 1764 1712 adversus
1801 1657 2094 1721 Novatum,
2117 1655 2346 1710 Photius
2390 1654 2551 1710 codd.
2574 1653 2697 1724 I82,
2732 1652 2857 1719 208,
2892 1653 3019 1718 280,
3068 1662 3122 1708 et
3145 1654 3250 1710 alia
3268 1655 3471 1724 scripta
3494 1655 3599 1709 2l5

354 1754 554 1825 seqq.)
587 1752 777 1822 τεῦχος
833 1750 1048 1818 τρίτον,
1084 1748 1340 1804 volumen
1402 1748 1645 1815 tertium,
1700 1747 1962 1817 deperditl

1996 1762 2083 1812 m,
2125 1747 2181 1801 in
2230 1747 2405 1813 libros
2467 1745 2789 1801 distinctum
2847 1744 3101 1800 undecim
3138 1787 3152 1811 ,
3203 1761 3436 1816 quorum
3496 1742 3604 1814 pri-

355 1853 478 1893 mus
546 1836 865 1892 continebat
908 1833 1222 1905 Apologiam
1287 1849 1389 1904 pro
1455 1834 1657 1889 litteris
1716 1833 1995 1905 synodicis
2037 1834 2104 1890 ad
2150 1834 2470 1904 episcopum
2522 1833 2683 1888 Rom.
2717 1832 3060 1901 (Gregorium
3086 1833 3160 1887 M.
3190 1833 3262 1904 (b)
3293 1833 3515 1896 missis,
3542 1832 3598 1885 in

359 1925 565 1995 quibus
607 1921 1140 1993 reprehendebatur,
1177 1921 1322 1990 quod
1353 1935 1458 1976 nec
1489 1930 1725 1990 quatuOr
1759 1920 1994 1975 concilia
2023 1921 2384 1985 reclinienica,
2439 1934 2542 1974 nec
2595 1919 2797 1974 Leonis
2832 1918 2994 1973 Rom.
3052 1919 3341 1988 epistolam
3376 1920 3598 1972 nomine

360 2021 520 2065 tenus
564 2010 893 2080 probasset,
942 2023 1046 2064 nec
1105 2007 1397 2062 anathema
1426 2006 1653 2063 dixisset
1689 2007 1942 2079 Eutychi,
1999 2008 2261 2063 Dioscoro
2297 2022 2362 2061 ac
2404 2006 2609 2063 Severo
2637 2022 2652 2071 ;
2678 2004 2954 2060 secundus
2983 2006 3382 2075 expositionem
3419 2005 3547 2060 ﬁdei
3582 2022 3597 2070 ;

360 2097 577 2160 tertius,
632 2102 860 2165 quartus
889 2104 947 2150 et
999 2094 1227 2164 quintus
1259 2093 1580 2165 Apologiam
1632 2109 1731 2163 pro
1763 2093 1974 2165 synodo
2025 2092 2458 2149 Chalcedonensi
2494 2102 2553 2147 et
2573 2092 2777 2164 Cyrillo
2806 2090 2959 2146 Alex.
2990 2092 3256 2148 adversus
3290 2092 3598 2147 calumnias

359 2184 793 2249 haereticorum;
845 2194 1066 2249 sextus,
1134 2182 1399 2238 adversus
1452 2197 1549 2237 eos
1589 2182 1685 2251 qui
1745 2190 1940 2252 putant
1997 2183 2254 2237 humanis
2314 2183 2431 2237 sive
2480 2180 2882 2251 philosophicis
2920 2180 3379 2252 conceptionibus
3413 2195 3599 2235 veram

366 2273 695 2343 theologiam
735 2271 1107 2327 Christianam
1148 2285 1309 2341 posse
1350 2270 1566 2341 subjici,
1610 2269 1745 2340 πρὸς
1776 2270 1902 2332 τοὺς
1933 2271 1974 2322 οι

1987 2269 2215 2339 ομένους
2252 2269 2621 2338 ἀνθρωπίναις
2660 2269 2926 2329 ὲπινοίαις
2968 2267 3230 2322 δύνασθαι
3269 2268 3371 2338 τὴν
3420 2266 3594 2337 ἀληθῆ

359 2359 466 2412 τῶν
494 2358 838 2428 Χριστιανῶν
873 2357 1198 2413 ὑποϐάλλειν
1236 2356 1513 2427 Θεολογίαν
1546 2373 1560 2388 ο
1597 2356 1886 2427 septimus,
1916 2370 1967 2410 at

2015 2354 2388 2410 Domitianum
2414 2354 2701 2410 Melitenes
2736 2354 3051 2423 (Armeniae)
3070 2347 3424 2425 'episcopum,
3455 2353 3599 2421 quod

363 2455 513 2501 recte
545 2445 764 2500 dicatur
800 2445 896 2516 μία
929 2445 1091 2514 φύσις
1137 2444 1231 2498 τοῦ
1264 2445 1438 2512 Λόγου
1478 2443 1872 2515 σεσαρκωμένη
1914 2443 1971 2513 (cl

2004 2484 2007 2495 .
2049 2442 2317 2509 Octavus,
2351 2442 2431 2515 Ad
2474 2442 2936 2513 Christophorum
2984 2442 3301 2514 quemdam,
3353 2440 3424 2497 de
3466 2439 3612 2497 locis-

361 2534 691 2604 quibusdam
723 2550 893 2590 sacrae
922 2535 1221 2604 Scriptura:
1263 2533 1588 2597 solutiOnes,
1635 2541 1691 2588 et
1718 2534 1776 2585 ἐν
1816 2532 1893 2602 τῷ
1927 2530 1969 2585 θ’
1998 2531 2209 2602 σημείῳ
2242 2530 2296 2584 in
2324 2545 2473 2584 nono
2502 2531 2717 2600 capite,
2754 2530 2882 2585 vitae
2910 2528 3228 2584 monasticae
3256 2526 3602 2583 Encomium.

360 2620 571 2683 Nonus,
603 2621 905 2677 Parasnesis
949 2621 1019 2676 ad
1060 2637 1177 2686 eos,
1222 2622 1316 2691 qui
1360 2621 1430 2676 ab
1466 2620 1711 2675 Ecclesia
1757 2620 2153 2682 discesserunt,
2202 2618 2306 2688 ipsi
2349 2618 2496 2672 inter
2540 2633 2598 2672 se
2631 2617 2686 2671 in
2734 2617 2916 2672 varias
2946 2617 3144 2671 iterum
3178 2626 3368 2686 partes
3404 2614 3607 2670 misere

361 2706 545 2761 divisi.
576 2708 852 2774 Decimus,
890 2707 1158 2763 adversus
1185 2707 1464 2778 Agnoetas
1501 2705 1820 2772 monachos,
1860 2705 2007 2775 quod
2032 2705 2301 2775 scriptum
2328 2704 2586 2760 laudatur
2608 2719 2637 2757 a
2664 2703 2931 2774 Gregorio
2960 2703 3153 2775 Magno
3185 2704 3243 2758 in
3277 2701 3510 2772 epistola
3536 2699 3605 2755 ad

364 2794 653 2864 Eulogium
691 2794 844 2849 Alex.
876 2810 927 2851 a.
955 2794 1018 2850 C.
1053 2794 1177 2860 600,
1205 2803 1446 2861 exarata,
1478 2794 1577 2849 lib.
1613 2809 1729 2856 vm,
1763 2793 1854 2849 42.
1889 2792 2241 2857 Undecimus,
2275 2792 2536 2861 denique,
2575 2791 2739 2846 Gesta
2774 2792 2968 2863 synodi
3001 2807 3149 2846 anno
3181 2791 3418 2861 septimo
3450 2789 3605 2843 Mau-

365 2881 483 2935 ricii
512 2882 606 2951 (ita
641 2881 935 2953 legendum
974 2898 1074 2951 pro
1111 2882 1431 2949 Marciano),
1473 2880 1680 2937 Christi
1709 2879 1835 2944 588,
1866 2878 2068 2934 habitae
2094 2877 2360 2934 adversus
2392 2877 2692 2933 Samaritas
2725 2879 3089 2934 Dositheanos
3118 2878 3219 2949 (ά),
3267 2877 3608 2932 Dosthenum

363 2969 479 3024 sive
499 2969 824 3024 Dositheum
847 2969 1161 3040 quemdam,
1191 2968 1433 3025 Simonis
1454 2968 1589 3039 Magi
1610 2968 1877 3040 aequalem
1928 2965 2083 3037 (non,
2114 2974 2176 3020 ut
2200 2965 2291 3020 alii
2319 2965 2668 3031 Samaritani,
2691 2965 2936 3029 Josuam,
2962 2965 3281 3029 ncc‘Jcsum
3308 2961 3603 3029 nostrum),

363 3069 465 3125 pro
494 3071 690 3127 magno
720 3057 816 3112 illo
849 3056 1119 3127 propheta
1153 3072 1252 3125 per
1282 3057 1503 3126 Moysen
1538 3056 1696 3111 Deut.
1726 3057 1877 3119 xvm,
1907 3053 1996 3116 15,
2025 3053 2286 3124 praedicto
2329 3052 2619 3112 habentes,
2649 3063 2704 3107 et
2752 3052 3216 3106 resurrectionem
3261 3059 3610 3105 mortuorum

367 3140 696 3221 inﬁciantes,
723 3159 888 3214 quam
917 3158 985 3198 ex
1023 3143 1275 3199 Mosaicis
1302 3143 1524 3213 scriptis
1552 3142 1817 3214 Eulogius
1849 3141 2213 3198 conﬁrmavit.

823 3252 1095 3309 Indiculus
1127 3256 1445 3324 scriptorum
1478 3261 1527 3307 et
1556 3253 1951 3316 haereticorum,
1988 3249 2052 3303 ab
2089 3248 2313 3319 Eulogio
2344 3250 2399 3302 in
2431 3249 2508 3302 his
2540 3247 2685 3301 libris
2718 3257 3154 3300 memoratarum.

1132 3361 1207 3424 Ad
1230 3360 1429 3425 paginas
1452 3359 1685 3410 editionis
1706 3359 1889 3410 Grasse
1910 3357 2078 3410 Photii
2098 3357 2475 3409 Hmscheliante.

433 3495 714 3565 Agnoetae,
743 3497 938 3546 contra
972 3505 1111 3559 quos
1144 3488 1338 3546 scribit
1367 3488 1650 3559 Eulogius,
1683 3488 1787 3542 464
1818 3503 1936 3558 seq.

434 3577 796 3637 Ambrosius:
844 3575 900 3628 '0
926 3573 1228 3644 θαυμάσιος
1263 3576 1319 3626 ὲν
1344 3573 1421 3643 τῷ
1456 3572 1586 3643 περὶ
1609 3573 2042 3645 ἐνανθρωπήσεω

1826 3575 2076 3645 υπήσεως
2106 3575 2353 3644 τετάρτῳ
2384 3570 2550 3640 λόγῳ,
2580 3569 2706 3635 414,
2739 3569 2864 3634 452,
2904 3569 2970 3624 ad
2996 3567 3282 3633 Albinum,
3310 3566 3434 3621 445.

436 3665 856 3738 Amphilochius
901 3663 1060 3718 Sides
1106 3663 1276 3732 episc.
1310 3662 1454 3716 465.
1534 3649 1537 3657 ’

435 3754 808 3827 Apollinarius
853 3751 1033 3816 ἄνους.
1071 3751 1196 3815 457,
1227 3750 1350 3815 458,
1382 3749 1508 3815 459,
1545 3746 1671 3813 MO,
1694 3746 1821 3815 445,
1848 3744 1973 3813 447,
2009 3746 2133 3813 448.
2176 3746 2258 3798 Τὰ
2298 3743 2672 3814 ’Λπολιναρίου
2719 3742 2986 3806 νοοῦντες,
3065 3740 3209 3806 451,
3279 3740 3611 3807 Νοσοῢντες,

369 3844 491 3901 552.
537 3845 625 3898 Ἐν
657 3844 735 3913 τῷ
760 3841 889 3913 περὶ
921 3842 1249 3911 σαρκώσεως
1276 3841 1439 3911 λόγῳ,
1469 3839 1595 3893 447.

438 3932 621 4000 Arius,
652 3930 773 3985 448.
815 3929 877 3981 Ἢ
909 3928 1019 3982 τῶν
1059 3927 1352 4000 Ἀρειανῶν
1388 3926 1571 3997 μανία,
1602 3923 1729 3978 466.

442 4018 796 4081 Athanasius,
830 4016 953 4081 458,
985 4016 1108 4073 449.
1149 4016 1234 4069 Ἐν
1263 4015 1341 4085 τῷ
1376 4014 1502 4084 περὶ
1532 4011 1863 4084 σαρκώσεως
1891 4008 2058 4077 λόγῳ,
2090 4008 2214 4067 445.

442 4106 764 4171 Baradatus,
797 4106 923 4161 465.
1784 4092 1793 4107 ³

438 4193 673 4253 Basilius
707 4193 776 4247 M.
813 4193 939 4257 419,
978 4191 1104 4253 457,
1142 4204 1173 4243 a
1206 4185 1517 4242 Severianis
1549 4182 1980 4256 perstringitur:
2020 4184 2046 4238 'l

2020 4184 2088 4238 Ἥ
2115 4183 2223 4237 τῶν
2256 4181 2640 4237 Καππαδόκων
2675 4178 2997 4255 καινοτομία
3026 4178 3120 4232 καὶ
3161 4178 3508 4234 ’Λθανασίου.
3545 4180 3610 4233 'H

371 4281 566 4352 οἴησις,
601 4280 725 4336 448.
757 4279 1012 4340 Basilius,
1060 4277 1147 4330 Ἐν
1172 4275 1250 4346 τῷ
1278 4275 1414 4345 πρὸς
1447 4274 1539 4327 τὸν
1582 4273 1857 4343 ’Δνόμοιον
1887 4272 1979 4341 ἀγῤ

1456 4274 1539 4327 τὸν
1582 4273 1857 4343 ’Δνόμοιον
1887 4271 2056 4341 ἀγῶνι
2085 4267 2288 4341 (Libris
2313 4267 2519 4324 Contra
2543 4264 2899 4336 Eunomium)
2936 4264 3064 4320 457.

332 4373 344 4379 ”
440 4367 899 4438 Christophorus,
944 4364 1012 4420 ad
1041 4379 1204 4434 quem
1233 4362 1427 4418 scribit
1451 4361 1734 4433 Eulogius,
1774 4359 1939 4415 ὁσιώτ

1130 4379 1204 4418 em
1233 4362 1427 4418 scribit
1451 4361 1734 4433 Eulogius,
1774 4359 2068 4418 ὁσιώτατον
2102 4371 2232 4413 cum
2272 4356 2574 4427 appellans,
2612 4354 2738 4410 461.

442 4454 676 4526 Cyrillus
702 4454 855 4509 Alex.
891 4455 1016 4518 458,
1052 4451 1179 4515 444,
1213 4451 1337 4515 445,
1371 4450 1497 4516 446,
1539 4450 1666 4515 459,
1706 4448 1829 4513 465,
1865 4447 1989 4504 466.
2034 4445 2461 4511 ’θ’διδάσκαλος,
2507 4443 2635 4508 446,
2673 4442 2799 4507 447,
2832 4442 2958 4505 457,
2990 4441 3114 4498 458.
3174 4443 3241 4496 '0
3273 4441 3475 4515 θερμὸς
3514 4443 3616 4511 τῆς

373 4541 657 4613 ἀκριϐείας
697 4541 953 4611 ἐραστής,
983 4538 1107 4593 441.
1147 4538 1243 4600 Τίς
1278 4537 1344 4591 ἂν
1378 4536 1538 4601 ἄλλος
1581 4535 2090 4609 μεγαλοφωνότερος
2122 4533 2155 4603 ἤ
2193 4530 2653 4602 ἀξιοπιστότερος,
2689 4530 2815 4599 448.
2855 4530 3030 4594 Πολὺς
3071 4531 3132 4585 ἐν
3172 4530 3384 4603 διανοίᾳ
3409 4531 3471 4586 οὐ
3506 4533 3619 4594 τοῖς

375 4628 585 4701 ῥήμασι
622 4627 716 4682 καὶ
750 4629 861 4690 τοῖς
897 4626 1156 4696 ὀνόμασιν
1199 4626 1285 4678 ἀεὶ
1311 4624 1403 4678 τὸν
1445 4623 1571 4678 νοῦν
1608 4622 2058 4689 καταπιστεύων,
2091 4625 2202 4687 τοῖς
2242 4622 2300 4676 δὲ
2344 4622 2581 4692 νοήμασι
2619 4620 2715 4673 καὶ
2756 4621 2825 4674 τὰ
2862 4620 3084 4692 ῥήματα
3118 4621 3214 4674 καὶ
3264 4621 3334 4673 τὰ
3376 4620 3621 4691 ὀνόματα

377 4716 812 4787 συμμεταφέρων
840 4731 899 4768 τε
928 4715 1022 4768 καὶ
1053 4711 1552 4783 μεθαρμοζόμενος,
1588 4710 1714 4766 446.
1756 4710 1814 4765 '0
1841 4710 2074 4782 γνώμων
2102 4711 2201 4781 τῆς
2229 4708 2515 4780 ἀκριϐείας
2535 4707 2790 4777 452.Τῆς
2806 4706 3092 4778 ἀρκιὸείας
3118 4705 3458 4770 διδάσκαλος,
3490 4706 3617 4761 454.

376 4801 635 4873 Epistolas
666 4800 736 4857 ad
767 4799 1126 4866 Succensum,
1154 4799 1278 4865 459,
1312 4799 1438 4864 446,
1469 4798 1595 4864 447,
1627 4796 1754 4862 440,
1779 4797 1900 4852 450.
1948 4798 1984 4852 A

2013 4797 2427 4865 lValerianum,
2459 4795 2631 4851 lconii
2655 4796 2829 4867 episc.
2851 4795 2978 4861 431,
3017 4795 3141 4861 449,
3174 4796 3303 4859 452,
3334 4795 3463 4859 455,
3494 4793 3621 4867 46ὶ.

376 4887 457 4955 Ad
480 4886 1058 4955 Acacium,Melitenes
1081 4887 1254 4964 episc.
1286 4886 1391 4959 442
1418 4900 1536 4956 seq.
1569 4885 1691 4945 452.
1722 4884 1802 4939 ΑοΙ
1839 4884 1984 4953 Ευιοι

2017 4885 2150 4951 ium,
2180 4884 2306 4951 445,
2331 4883 2454 4941 447.
2490 4881 2578 4937 Ἐν
2609 4880 2688 4952 τῷ
2704 4881 2997 4954 Θησαυρῷ,
3021 4882 3147 4937 453.
3186 4880 3273 4934 Ἐν
3304 4880 3383 4950 τῷ
3420 4878 3624 4952 πρώτῳ

376 4973 483 5028 τῶν
513 4974 838 5047 Θησαυρῶν,
856 4974 979 5031 446.
997 4974 1086 5028 Ἐν
1114 4973 1347 5045 διαλόγῳ
1365 4974 1424 5039 ὃς
1446 4974 1812 5044 ἐπιγράφεται
1841 4974 1925 5028 ὅτι
1951 4969 2030 5038 εἷς
2055 4975 2085 5028 ὁ
2111 4971 2494 5044 Χριστός,447.
2530 4971 2619 5039 Ἐν
2646 4968 2724 5041 τῷ
2742 4968 2979 5042 δευτέρῳ
3007 4965 3461 5040 ἀναθεματισμῷ.
3492 4966 3621 5043 450.

388 5062 473 5114 Ἐν
502 5062 581 5132 τῷ
601 5061 741 5132 πρὸς
768 5061 1039 5131 βασιλίδας
1069 5063 1524 5136 προσφωνητικῷ,
1555 5061 1678 5136 450,
1713 5060 1803 5124 Ἐν
1831 5060 2111 5138 λεγομένῳ
2133 5057 2333 5130 πρώτῳ
2360 5058 2530 5130 τόμῳ,
2563 5058 2687 5114 451.
2734 5056 2824 5112 Ἐν
2851 5059 2918 5129 τῇ
2951 5055 3086 5127 πρὸς
3115 5055 3177 5109 σέ
3208 5054 3265 5109 δε
3295 5057 3312 5078 ⁸
3343 5053 3622 5131 ἑπιστολῇ,
3661 5092 3670 5101 .

405 5146 530 5209 460,
563 5146 721 5204 locus
749 5156 1063 5218 corruptus.
1560 5168 1569 5175 ·
1904 5140 1909 5143 ’

451 5240 762 5308 Dioscorus,
791 5242 914 5307 457,
946 5242 1071 5311 447,
1098 5240 1217 5306 450,
1243 5241 1367 5311 451.

451 5376 713 5455 (a)__Cor_il‘.
758 5379 866 5434 vol.
925 5380 1029 5447 lX,
1077 5397 1135 5451 p.
1187 5380 1329 5455 616,
1384 5389 1439 5437 et
1484 5380 1686 5451 saepius
1740 5382 1794 5437 in
1840 5382 1947 5440 hoc
2056 5384 2479 5453 imlidt.t,Cpist
2526 5384 2616 5455 29.

380 5447 797 5535 vollx'.'ll.\nt;‘
970 5519 1002 5531 η
1078 5447 1122 5530 ’⁸
1286 5451 1384 5535 ’ἠ
1431 5520 1444 5535 ι
1525 5447 1580 5530 .’

2130 5454 2197 5535 (c)
2229 5447 2388 5535 (Ionii
2414 5454 2701 5535 Galacker.
2731 5456 2953 5535 Opprp‘.
2983 5452 3068 5506 42.
3102 5451 3243 5535 (ἔχει
3264 5450 3391 5535 ᾷξϐέ
3416 5454 3482 5507 Α.

437 5516 532 5601 .(bt
555 5517 731 5601 llujus'
758 5518 1004 5601 Gregorii
1038 5519 1202 5601 epist.
1232 5519 1299 5573 ad
1344 5519 1657 5601 Eulogium,
1691 5521 1786 5601 lib.
1830 5538 1942 5583 vm,
2129 5516 2206 5589 ((1⁷)
2233 5523 2747 5601 _Adde.ul_.ampium
2777 5516 2853 5579 in
2903 5516 3213 5579 Conuncnt.
3265 5521 3320 5576 in
3359 5522 3628 5580 Joannem

379 5586 448 5670 fili
484 5597 539 5641 et
568 5586 670 5669 42,⁴
706 5586 909 5670 quibus
940 5586 1139 5670 laudat
1179 5604 1326 5670 eum,
1361 5586 1639 5670 “adversus
1676 5591 1947 5670 Agnoetas
2059 5586 2197 5648 tom.
2230 5595 2269 5657 l,
2302 5610 2355 5664 p.
2386 5596 2504 5647 7i8.

382 5655 520 5724 bene
568 5655 875 5728 scripsisse.
929 5658 1003 5711 Ad
1060 5658 1311 5712 eumdem
1359 5658 1647 5727 Eulogium
1700 5655 1792 5714 lib.
1840 5678 1943 5728 ιιι,
