4072 6304
489 334 626 400 2911
1534 332 1593 393 S.
1638 332 1953 394 EULOGII
1994 332 2347 392 ARCHIEP.
2389 332 2760 394 ALEXAND.
3434 362 3443 367 ι
3634 334 3802 397 2912

563 442 929 508 Domitianus,
954 444 1240 498 Melitenes
1266 443 1579 512 episcopus,
1609 442 1674 496 ad
1704 458 1865 511 quem
1895 441 2087 496 scribit
2119 442 2405 513 Eulogius,
2438 446 2560 509 459,
2591 447 2717 500 461.

565 529 804 584 Dosthen
828 529 943 607 sive
966 530 1278 591 Dositheus,
1312 546 1341 583 a
1376 545 1485 598 quo
1519 529 1854 594 Dnsitheani,
1885 539 2074 583 contra
2101 544 2239 598 quos
2265 532 2460 586 scribit
2500 532 2781 603 Eulogius,
2807 533 2930 597 466,
2961 532 3085 599 467,
3113 536 3235 591 468.
3281 552 3290 559 '

569 616 862 688 Eutyches,
895 617 1020 680 457,
1045 616 1168 679 458,
1198 616 1321 678 459,
1347 615 1471 677 440,
1501 615 1623 680 448,
1658 616 1782 669 451.

3616 674 3626 691 Ι

567 705 805 760 Flaviani
840 702 1062 775 (CPol.)
1087 703 1307 757 libellus
1328 702 1639 757 Theodosio
1661 703 1793 771 imp.
1818 703 2035 758 oblatus
2058 708 2088 755 4
2104 704 2181 767 l4,
2205 706 2329 781 460.
2355 707 2553 763 Lectus
2579 710 2632 763 in
2656 698 2892 777 concilio
2914 712 3373 781 Chalcedonensi,
3394 715 3508 771 451
3524 757 3543 782 ,
3593 716 3737 771 460.

563 793 866 862 Gregorius
927 790 1404 855 Neocmsariensis,
1435 792 1489 841 ὲν
1522 790 1600 857 τῷ
1634 793 1761 858 περὶ
1792 792 1886 858 τῆς
1915 793 2055 843 κατᾶ
2090 793 2171 864 μέι

1092 790 1404 855 esariensis,
1435 792 1489 841 ὲν
1522 790 1600 857 τῷ
1634 793 1761 858 περὶ
1792 792 1886 858 τῆς
1915 793 2055 843 κατᾶ
2090 793 2252 864 μέρος
2286 796 2545 857 πίστεως,
2579 798 2700 851 445.

565 879 867 944 Gregorius
898 878 1205 947 theologus,
1239 878 1362 943 447.
1392 878 1516 942 457,
1552 876 1672 931 466.
1715 878 1802 929 Ἐν
1834 877 1912 946 τῷ
1958 878 2173 945 ἀπολογ1

1458 878 1516 942 .7,
1552 876 1672 931 466.
1715 878 1802 929 Ἐν
1834 877 1912 946 τῷ
1958 878 2360 948 ἀπολογητικῷ,
2393 883 2517 936 452.
2557 884 2619 934 Οἱ
2650 883 2910 952 θεολόγοι,
2943 887 3066 941 455.

564 966 810 1036 Gregorii
847 966 1245 1037 (Nazianzenus
1272 974 1324 1019 et
1359 965 1683 1034 Nyssenus),
1715 966 1838 1030 448,
1879 965 2005 1020 449.

550 1054 801 1135 ὅ[οειιιηοε
833 1050 1211 1108 Antiochenus
1250 1051 1421 1120 episc.
1452 1049 1576 1104 441.

560 1140 705 1193 Julio
732 1141 890 1193 Rom.
917 1139 1121 1192 tributa
1154 1136 1386 1206 epistola
1410 1136 1475 1189 ad
1517 1136 1836 1205 Dionysium
1870 1144 2139 1205 suspectae
2173 1138 2323 1203 ﬁdei,
2354 1140 2478 1204 445,
2510 1141 2632 1195 448.
2678 1140 2808 1210 Ejus
2833 1140 3064 1211 epistola
3097 1143 3164 1197 ad
3209 1142 3465 1209 Decium,
3530 1147 3782 1200 laudata

490 1243 519 1281 a
559 1226 764 1297 Cyrillo
794 1226 851 1279 in
893 1224 1101 1294 synodo
1136 1223 1432 1291 Ephesina,
1461 1221 1585 1283 445,
1627 1220 1751 1274 446.
3454 1234 3467 1249 ι

555 1315 666 1367 Leo
700 1328 861 1382 papa,
888 1312 1010 1365 465.
1042 1312 1173 1378 Ejus
1202 1308 1455 1378 epistola,
1489 1308 1613 1373 457,
1641 1307 1762 1360 461.
1796 1308 2158 1379 Perstringitu

1877 1309 2191 1379 rstringitur
2215 1330 2246 1366 a
2276 1312 2593 1370 Severianis
2621 1316 2729 1369 τῶν
2746 1319 2803 1369 ὲν
2848 1319 3045 1387 Ἰταλίᾳ
3076 1318 3104 1369 ὀ
3133 1318 3320 1385 τύφος,
3352 1319 3482 1374 448.

557 1404 759 1456 Leonis
784 1402 916 1470 imp.
944 1400 1206 1467 ἐγκύκλια
1261 1399 1566 1466 γράμματα
1586 1437 1602 1461 ,
1638 1397 1841 1460 quibus
1867 1397 2165 1452 Chalcedor

1689 1397 1841 1451 uibus
1867 1397 2335 1453 Chalcedonensis
2366 1402 2559 1471 synodi
2589 1403 2815 1460 decreta
2842 1404 3150 1468 ﬁrmantur,
3176 1406 3297 1459 462.

556 1491 760 1551 Manes,
791 1488 915 1550 440,
950 1486 1075 1541 448.
1105 1485 1384 1540 Manichaai
1414 1483 1642 1551 epistola
1668 1484 1733 1536 ad
1765 1483 2145 1553 Scythianum,
2177 1485 2300 1539 447.

559 1575 827 1645 Μωσαῖκὴ
860 1574 1239 1641 ὐκτάτευχος,
1266 1571 1391 1634 466,
1420 1568 1557 1624 Octo
1587 1570 1713 1623 libri
1738 1569 1859 1623 Vel.
1886 1569 2035 1625 Test.
2065 1571 2118 1625 in
2149 1587 2167 1641 ς

1690 1570 1713 1623 ·ἰ
1738 1569 1859 1623 Vet.
1886 1569 2035 1625 Test.
2065 1571 2118 1625 in
2149 1572 2349 1641 quibus
2376 1573 2641 1630 familiam
2673 1576 2883 1632 ducunt
2912 1578 3110 1650 Moysis
3148 1578 3298 1633 libri.

558 1663 867 1725 Nestorius,
899 1660 1023 1723 440,
1051 1660 1173 1720 442,
1200 1660 1323 1723 445,
1350 1659 1474 1720 446,
1503 1657 1625 1721 45‘2,
1659 1657 1782 1711 455.

557 1748 924 1801 Orientalium
957 1746 1113 1810 ﬁdes,
1147 1744 1272 1805 442,
1305 1744 1429 1806 444,
1472 1745 1596 1807 452,
1632 1743 1755 1807 455,
1801 1743 1927 1797 454.

558 1838 620 1888 Ui
662 1835 911 1905 Θεοφοροι
946 1831 1210 1899 Πατέρες,
1244 1834 1368 1887 457.
1401 1831 1620 1895 Πολλοῖς
1650 1832 1759 1884 τῶν
1796 1832 2077 1901 Πατέρων,
2113 1831 2237 1898 457,
2273 1841 2381 1889 etc.

559 1922 782 1985 Paulus,
812 1922 1102 1990 episcopus
1122 1910 1444 1984 Einesenus,
1474 1920 1599 1985 44l,
1630 1919 1754 1973 442.

557 2010 759 2064 Paulus
788 2008 1200 2069 Samosatcnus,
1234 2007 1355 2060 448.

569 2093 628 2149 ὐ
658 2094 1119 2165 Πνευματομάχος
1145 2090 1556 2163 (Macedonius),
1589 2093 1643 2146 in
1673 2093 1880 2164 synodo
1907 2092 2068 2149 CPol.
2098 2111 2177 2150 cm

1076 2112 1119 2157 ig
1145 2090 1556 2163 (Macedonius),
1589 2093 1643 2146 in
1673 2093 1880 2164 synodo
1907 2092 2068 2149 CPol.
2098 2096 2522 2160 condemnatus,
2560 2098 2684 2154 450.

558 2182 855 2245 Polemius,
883 2181 1207 2251 Apollinarii
1236 2180 1565 2249 discipulus,
1596 2180 1715 2233 447.

556 2269 907 2329 Samaritani,
936 2277 1124 2322 contra
1158 2283 1296 2337 quos
1321 2266 1515 2321 scribit
1549 2266 1834 2336 Eulogius,
1864 2267 1966 2322 466
1992 2283 2108 2337 seq.

558 2354 818 2418 Severus,
845 2354 970 2417 457,
1001 2355 1126 2417 444,
1159 2353 1284 2417 460,
1317 2353 1440 2407 465.
1491 2354 1553 2405 Ol
1588 2352 1693 2405 ἀπὸ
1728 2352 1984 2422 Σευῆρον,
2028 2355 2129 2409 447
2161 2369 2277 2426 seq.
2320 2357 2463 2429 Πρὸς
2503 2358 2595 2411 τὸν
2633 2359 3018 2429 γραμματικὸν
3063 2361 3289 2431 Σέργιον
3318 2363 3582 2431 γράφων,
3621 2365 3752 2417 461.

513 2439 571 2494 Ὀ
604 2441 788 2504 καινὸς
823 2440 1137 2511 νομοθέτης,
1164 2440 1288 2495 457.
1323 2440 1435 2507 Τῆς
1458 2441 1695 2510 Σευήρου
1724 2441 2043 2512 διασπορᾶς,
2078 2442 2202 2497 462.

556 2528 779 2582 Simeon
804 2528 1049 2599 Stylites,
1083 2527 1206 2583 465.
1249 2527 1307 2581 '0
1339 2526 1511 2597 μέγας
1544 2528 1775 2598 Συμεὼν
1804 2530 1831 2581 ὁ
1862 2530 1919 2581 ὲν
1945 2529 2022 2599 τῷ
2056 2528 2164 2581 στύ]

1913 2529 2022 2599 ’τῷ
2056 2528 2233 2600 στύλῳ
2266 2526 2357 2583 ιτὸν
2391 2532 2681 2601 ἀγγελικδν
2720 2535 2928 2586 ἐκεῖνον
2960 2533 3072 2603 βίον
3101 2535 3521 2605 διανυσάμενος.

557 2614 745 2669 Simon
769 2615 973 2686 Magus,
1004 2615 1128 2670 466.

555 2704 760 2774 Synodi
798 2705 1177 2759 Alexandrina:
1217 2704 1400 2767 πίστις
1434 2703 1731 2774 ἔγγραφος,
1768 2704 1929 2758 missa
1961 2720 1990 2758 a
2026 2704 2233 2774 Cyrillo
2269 2705 2334 2759 ad
2367 2705 2680 2761 Nestorium
2714 2719 2842 2761 ante
2876 2708 3144 2778 synodum
3178 2709 3437 2777 Ephesin.
3475 2712 3613 2763 450.
3648 2709 3751 2778 δῖε

484 2790 663 2846 nodus
687 2791 1173 2854 Chalcedonensis,
1202 2793 1327 2857 444,
1357 2792 1480 2853 447,
1511 2793 1634 2855 448,
1664 2792 1787 2855 451,
1810 2792 1932 2855 460,
1960 2791 2085 2845 461.
2110 2790 2223 2846 Sub
2248 2791 2520 2847 Marciano
2544 2801 2599 2848 et
2628 2792 2811 2849 Leone
2837 2790 3096 2860 (Thrace)
3128 2795 3277 2864 impp
3324 2795 3447 2850 465.
3476 2795 3747 2867 Synodus

483 2873 796 2940 CPolitana,
823 2878 946 2942 447,
981 2877 1103 2931 450.
1135 2877 1388 2947 Synodus
1419 2877 1655 2941 Nicaena,
1684 2878 1807 2941 448,
1837 2876 1961 2944 450,
1994 2878 2117 2932 457.

559 2963 942 3018 Theodoretus
976 2963 1181 3018 sanctis
1208 2963 1340 3017 viris
1365 2962 1782 3029 adnumeratur,
1816 2964 1938 3019 462.

567 3048 629 3102 Ὀ
664 3050 924 3118 Θεολόγος
948 3052 1209 3121 (Joannes
1233 3039 1616 3121 evangelista),
1641 3051 1763 3106 459.

562 3136 889 3192 Timotheus
914 3138 1229 3201 haereticus,
1255 3137 1379 3191 465.

561 3224 891 3278 Theodorus
921 3224 1359 3293 Mopsueslenus,
1391 3226 1516 3290 45l,
1545 3226 1650 3280 452

561 3312 885 3367 Valentinus
918 3313 1229 3377 haereticus,
1264 3312 1385 3366 448.
1415 3314 1546 3383 Ejus
1570 3314 1735 3368 verba
1762 3332 1774 3368 :
1803 3315 1922 3367 Τῶν
1960 3315 2169 3369 Palliai

2127 3315 2256 3369 αίων
2280 3315 2371 3369 ἐπὶ
2393 3315 2627 3385 Χριστοῦ
2662 3315 2753 3369 δύο
2784 3315 2970 3383 φύσεις
3002 3316 3289 3382 λεγόντων,
3325 3317 3535 3369 πλατὺν
3562 3334 3733 3370 κατα-

488 3399 689 3472 χέομεν
719 3400 934 3468 γέλωτα
955 3414 969 3428 ⁸
998 3400 1159 3469 ἡμεῖς
1185 3399 1293 3468 γὰρ
1322 3398 1415 3452 τοῦ
1449 3401 1645 3469 ὁρατοῦ
1678 3402 1770 3454 καὶ
1805 3402 2034 3472 ἀοράτου
2071 3403 2200 3472 μίαν
2233 3400 2371 3455 εἶναι
2410 3405 2507 3471 τὴν
2537 3404 2699 3468 φύσιν
2733 3403 2936 3472 φαμέν,
2970 3403 3093 3457 446.

557 3488 710 3542 Libri
734 3488 844 3541 duo
868 3486 1080 3556 pridem
1110 3486 1382 3555 deperditi
1406 3487 1472 3542 ad
1501 3488 1871 3543 Domitianum
1903 3490 2190 3545 Melitenes
2218 3494 2538 3559 episcopum
2565 3504 2663 3557 pro
2688 3489 2887 3543 Leonis
2910 3490 3165 3553 Romani,
3192 3491 3495 3545 Nestorium
3522 3490 3727 3557 pariter

490 3584 547 3630 et
592 3576 891 3645 Eutychem
925 3574 1231 3629 aversantis
1258 3614 1271 3639 ,
1306 3582 1456 3629 tomo
1488 3575 1804 3646 Apologiam
1847 3577 2116 3646 complexi
2159 3575 2421 3632 adversus
2469 3575 2775 3645 Acepha‘os
2820 3576 3170 3629 Timotheum
3200 3617 3213 3633 ,
3255 3578 3344 3646 qui
3391 3576 3617 3631 acutius.
3664 3581 3719 3624 et

493 3663 779 3728 Severum,
811 3662 905 3732 qui
934 3661 1107 3716 fusius
1142 3663 1295 3715 illum
1331 3666 1759 3732 oppugnaverat.
1789 3664 1849 3719 In
1876 3665 1979 3719 hoc
2006 3665 2218 3735 Eulogii
2250 3664 2457 3732 scripto
2485 3662 2743 3732 praeclare
2770 3663 3209 3717 demonstratum
3243 3676 3326 3717 est
3357 3682 3369 3715 :
3403 3664 3491 3731 Μὴ
3521 3662 3623 3713 δΞῖν
3653 3661 3715 3709 ἐκ

496 3750 694 3817 μέρους
719 3749 786 3801 τὰ
820 3749 1227 3818 συγγράμματα
1256 3749 1486 3818 κρίνειν,
1538 3749 1660 3819 μηδ’
1692 3752 2178 3821 ἁποσπαρᾶγματά
2217 3769 2339 3804 τινα
2376 3750 2752 3818 λαμϐάνοντας
2780 3750 2863 3801 διὰ
2910 3749 3114 3803 τούτων
3165 3753 3262 3818 τὴν
3304 3751 3428 3819 ὃλην
3472 3748 3557 3801 τοῦ
3586 3745 3715 3816 γρά·

494 3852 686 3902 φοντος
724 3835 1090 3887 ὲνδιαϐάλλειν
1130 3834 1390 3900 διάνοιαν,
1436 3834 1511 3889 De
1539 3839 1748 3906 scriptis
1784 3838 1865 3893 uel
1904 3840 2096 3909 scripto

2109 3854 2220 3891 rum
2252 3846 2423 3891 mente
2454 3853 2557 3889 non
2592 3852 2698 3889 esse
2732 3836 3005 3905 ferendum
3030 3837 3291 3907 judicium
3320 3854 3383 3890 ea:
3409 3836 3637 3906 partibus
3672 3839 3717 3884 et

494 3921 722 3987 laciniis,
775 3939 941 3990 neque
972 3923 1093 3977 hinc
1136 3922 1255 3977 illo:
1302 3924 1596 3978 onerandas
1644 3925 1934 3980 calumnia.
1986 3925 2198 3980 Laudat
2240 3925 2383 3978 inter
2434 3924 2539 3976 alia
2587 3922 2859 3976 Eustatbii
2898 3923 3225 3977 Antiocheni
3262 3924 3461 3977 librum
3513 3929 3719 3976 sextum

490 4021 686 4064 contra
720 4010 983 4076 Arianos;
1022 4011 1097 4066 ita
1151 4012 1302 4066 enim
1357 4012 1672 4081 legendum,
1716 4016 1772 4066 ὲν
1807 4015 1950 4085 ἕκτῳ
1981 4014 2098 4083 λόγ(

2109 4031 2126 4064 ›
2169 4012 2311 4065 κατὰ
2359 4011 2656 4082 Ἀρειανῶν
2704 4026 2803 4080 pro
2851 4013 2906 4061 ἐν
2940 4011 3000 4074 ἐξ
3040 4012 3235 4078 λόγοις,
3281 4010 3556 4079 siquidem
3603 4015 3717 4061 octo

490 4099 666 4153 libros
696 4100 960 4154 adversus
992 4099 1226 4155 Arianos
1254 4102 1553 4170 scripserat
1582 4101 1927 4166 Eustathius,
1959 4101 2028 4155 de
2057 4100 2261 4169 quibus
2282 4099 2396 4154 dixi
2424 4099 2531 4153 vol.
2565 4097 2704 4162 V’lll,
2740 4112 2792 4164 p.
2826 4096 2927 4151 170
2956 4113 3052 4166 seq
3112 4097 3243 4168 [vo].
3277 4097 3370 4162 IX,
3404 4113 3436 4166 p
3486 4095 3582 4150 155
3602 4108 3710 4159 seq.

491 4209 550 4248 ιι.
589 4192 772 4265 edit.].
804 4195 1075 4249 Praeterea
1116 4195 1302 4248 Basilii
1341 4195 1629 4264 epistolam
1675 4195 1744 4249 ad
1783 4195 2153 4263 Sozopolitas,
2180 4203 2234 4248 et
2265 4194 2333 4247 ad
2364 4193 2682 4247 monachos.
2727 4192 2991 4247 Memorat
3018 4201 3076 4245 ct
3110 4192 3303 4247 Severi
3336 4190 3610 4260 epistolam
3649 4186 3713 4239 ad

489 4280 767 4333 Julianum
804 4280 1303 4334 Halicarnasscum.
1344 4281 1649 4334 Nonnullos
1681 4281 1999 4348 interpretis
2030 4279 2243 4334 Schotti
2279 4281 2335 4334 in
2367 4280 2471 4334 hoc
2499 4288 2553 4334 et
2586 4279 2832 4347 proximo
2867 4279 3046 4332 Pbot'u
3084 4277 3265 4346 capite
3301 4279 3490 4346 lapsus
3524 4285 3576 4331 et
3605 4272 3721 4327 hal-

490 4365 858 4421 luciuationes
885 4367 1100 4420 notavit
1130 4367 1191 4420 D.
1223 4366 1372 4420 Elias
1402 4367 1645 4420 Veielius
1683 4367 1736 4420 in
1777 4366 2016 4420 Diatribe
2044 4369 2098 4422 de

2106 4387 2109 4398 ’
2135 4369 2299 4434 sacris
2330 4367 2640 4435 οἰκονομίας
2669 4365 2940 4436 generibus
2999 4380 3051 4435 p.
3090 4364 3155 4417 19
3181 4379 3294 4433 seq.
3319 4365 3466 4418 Ulm.
3503 4362 3647 4425 1688,
3680 4361 3714 4411 l.

494 4451 576 4523 ιν.
605 4451 852 4507 Thesaur.
884 4451 1114 4519 epistol.,
1147 4452 1491 4515 Lacroziau.,
1521 4462 1653 4506 tom.
1683 4453 1772 4518 111,
1798 4470 1850 4522 p.
1877 4453 2030 4525 202.]
2801 4440 2810 4448 ’

562 4543 823 4613 Ejusdem
870 4544 1085 4613 Eulogii
1135 4544 1439 4614 presbyteri
1481 4543 1720 4612 primum
1762 4544 2091 4599 Autiocheni
2131 4550 2188 4595 et
2248 4540 2464 4600 abbatis
2506 4540 2564 4595 S.
2602 4539 2787 4594 Marize
2826 4527 3299 4595 Justinianeorum
3326 4579 3340 4603 ,
3392 4554 3454 4593 ac
3493 4532 3721 4598 denique

488 4628 849 4685 Alexandrini
874 4646 1029 4699 papa:
1060 4629 1175 4685 sive
1207 4630 1477 4700 episcopi,
1512 4645 1612 4700 pro
1648 4631 1844 4687 eodem
1873 4631 2075 4687 Leonis
2106 4629 2263 4685 Rom.
2308 4639 2456 4684 tomo
2489 4629 2629 4682 liber
2662 4629 2928 4685 adversus
2967 4627 3344 4683 Theodosium
3382 4636 3435 4681 et
3466 4625 3719 4678 Severum

490 4717 823 4787 Aeeplialos,
873 4717 929 4771 in
976 4717 1159 4773 Leone
1199 4717 1713 4788 reprehendentes,
1760 4734 1883 4789 qua:
1939 4734 2052 4773 non
2102 4719 2267 4773 modo
2308 4718 2552 4788 synodus
2592 4716 3056 4772 Chalcedonensis
3106 4725 3165 4771 et
3212 4715 3461 4787 Cyrillus,
3516 4710 3612 4765 sed
3673 4712 3727 4760 et

493 4805 590 4859 SS.
635 4806 891 4860 doetores
919 4805 1279 4871 Athanasius,
1308 4804 1635 4877 Gregorius,
1684 4807 1940 4873 Basilius,
1973 4806 2298 4862 Ambrosius
2327 4818 2383 4861 et
2420 4806 2842 4877 Amphilochius
2870 4804 3147 4875 suﬂ‘ragiis
3179 4807 3299 4860 suis
3330 4802 3731 4860 conﬁrmarant.

491 4889 621 4946 meo
649 4907 871 4960 quoque
894 4892 1109 4963 Eulogii
1137 4892 1449 4949 lucubratio
1485 4893 1789 4949 intercidit.
1814 4895 1939 4950 Vid.
1975 4894 2221 4958 Reines.,
2252 4892 2406 4949 Varr.
2447 4892 2588 4956 lect.,
2616 4908 2671 4961 p.
2706 4892 2827 4946 452.
3644 4906 3655 4916 ί

566 4979 826 5047 Ejusdem
859 4981 1039 5038 sancti
1072 4982 1179 5036 viri
1213 4982 1618 5052 στηλιτευτικὸς
1650 4983 1765 5038 sive
1798 4983 2063 5038 Invectiva
2099 4982 2153 5036 in

2121 4997 2153 5035 n
2193 4980 2672 5037 Theodosianorum
2700 4989 2748 5033 et
2778 4977 3065 5039 Γαῖνιτῶν,
3113 4975 3232 5032 Caii
3279 4975 3369 5046 (de
3411 4989 3522 5043 quo
3553 4983 3728 5040 supra.

493 5083 550 5138 p.
589 5068 714 5133 2l6,
758 5068 849 5122 ed.
892 5068 1055 5141 vet.),
1096 5078 1417 5127 sectatorum
1465 5070 1812 5125 subitaneam
1857 5086 1920 5125 ac
1963 5084 2090 5123 mox
2135 5067 2335 5121 iterum
2384 5068 2672 5122 rescissam
2724 5065 3231 5121 reconciliationem
3280 5072 3336 5117 et
3383 5059 3733 5116 concordiam,

493 5155 641 5209 conf.
689 5156 911 5212 Reines.
962 5156 1334 5228 Var.Lect.,p.
1364 5157 1487 5212 466.
1533 5159 1637 5213 Per
1665 5157 1978 5228 οἰκονομίαν
2000 5157 2054 5210 in
2086 5155 2194 5210 hoc
2225 5155 2402 5225 capite
2442 5145 2552 5209 non
2599 5154 2905 5209 incarnatio
2954 5150 3310 5220 intelligenda
3350 5163 3475 5203 cum
3514 5147 3738 5201 Sehotto

425 5222 451 5329 ξ
493 5251 576 5296 est
615 5243 708 5312 (ε),
760 5244 887 5298 mde
922 5253 1089 5299 totam
1124 5246 1428 5299 orationem
1461 5245 1755 5298 obscuram
1802 5244 1961 5299 reddi
1998 5244 2104 5299 fuit
2142 5260 2399 5307 necesse,
2444 5244 2538 5298 sed
2584 5241 2923 5312 dispensatio
2966 5239 3341 5293 ecclesiastica
3386 5236 3442 5289 in
3475 5230 3735 5323 servanda

494 5345 631 5399 pace
680 5346 805 5385 cum
851 5331 1248 5387 dissidentibus
1289 5341 1346 5387 et
1389 5332 1629 5386 vitandis
1666 5331 1845 5386 turbis
1879 5347 1942 5386 ac
1989 5333 2349 5396 tumultibus,
2383 5332 2546 5386 modo
2591 5347 2721 5385 sana
2752 5326 3001 5382 doctrina
3050 5325 3191 5379 nihil
3244 5323 3375 5377 inde
3422 5321 3731 5375 detrimenti

498 5417 681 5486 capiat
733 5419 1208 5484 Quemadmodum
1233 5419 1532 5489 Gregorius
1562 5420 1695 5475 Naz.
1731 5420 1809 5473 ait
1856 5419 2218 5475 Athanasium
2252 5420 2305 5473 in
2337 5420 2523 5473 verbis
2551 5420 2782 5472 cessisse
2806 5432 2868 5469 ac
2900 5415 3069 5468 fuisse
3100 5411 3339 5474 facilem,
3376 5408 3469 5464 ubi
3496 5408 3549 5460 iu
3580 5404 3737 5459 rebus

500 5518 833 5562 consensum
868 5508 1349 5564 animadvertisset
1376 5527 1388 5561 :
1414 5517 1578 5578 atque
1602 5512 1656 5562 in
1681 5508 1832 5565 Orat.
1859 5510 1921 5561 de
1946 5509 2108 5563 Pente

2121 5516 2249 5562 rostc
2285 5506 2637 5575 reprehendit
2670 5507 2794 5565 τοὺς
2830 5504 2944 5564 ταῖς
2973 5497 3264 5560 συλλαϐαῖς
3286 5494 3729 5569 δυσχεραίνοντας

581 5714 651 5784 (c)
699 5716 871 5782 Quem
924 5735 989 5772 eo
1039 5721 1261 5774 nomine
1321 5720 1677 5788 reprehendit
1711 5720 1959 5774 Valesius
1982 5720 2049 5773 ad
2093 5719 2398 5787 Pillltlritll‘g
2458 5735 2527 5779 ιι,
