4072 6304
466 420 611 483 2915

1497 408 1558 467 Β.
1601 395 1916 468 EULOGII
1957 401 2312 464 ARCHIEP.
2347 401 2723 462 ALEXAND.

3582 401 3728 466 2‘16

461 531 660 586 fantes.
683 519 1136 595 bymnosdicitr;
1171 505 1454 588 discipuli,
1492 515 1814 586 praedicate;
1857 527 2042 568 sacer-

2159 509 2212 565 τὰ
2239 508 2399 580 ἡμῶν
2438 506 2463 544 ³³
2495 509 2717 578 ῥήματα
2739 507 3002 578 γενόμενα
3032 508 3351 582 πράγματα.
3383 511 3446 563 οι
3482 510 3732 578 βουνοί,

375 665 386 681 .
461 610 950 684 dotes,loquimini_
978 601 1653 678 theologi.gloriticate(‘z);
1675 605 1868 660 incolae
1883 603 2038 662 Sion,

395 697 399 709 λ
462 706 776 769 occurrite;
812 711 1031 776 gentes.
1079 699 1523 772 congregamini;
1561 698 1830 762 eti-lestia,
1864 705 2042 750 terre-

399 818 406 826 ·
464 799 602 855 atria
616 806 672 853 et
701 795 918 852 inform
938 812 953 852 :
979 793 1158 848 omnis
1173 791 1312 846 ordo
1331 798 1386 846 et
1405 789 1725 846 tetasNenit
1744 787 1892 842 enim
1912 799 2043 856 erga

462 907 657 947 omnes
712 889 1037 944 munificus:
1096 884 1355 954 apparuit
1406 897 1599 938 omnes
1647 881 2042 944 miseraturus;

465 982 758 1037 universos
781 978 980 1049 gaudio
1007 975 1416 1045 impertiturus.
1439 973 1542 1040 Qui
1577 973 1723 1026 Deus
1753 976 1922 1034 esset,
1966 967 2043 1022 fa-

464 1084 586 1128 ctus
611 1080 694 1126 est
723 1070 910 1132 homo,
947 1078 1122 1134 estque
1175 1068 1312 1121 uisus
1335 1067 1391 1120 in
1439 1073 1606 1127 terra,
1632 1071 1680 1115 et
1709 1067 2041 1114 conversatus

464 1181 584 1218 tum
615 1161 908 1217 hominibus
931 1160 972 1212 ⁸.
1002 1160 1138 1214 Cum
1169 1174 1348 1212 servis
1385 1157 1690 1212 Dominus:
1729 1168 1853 1208 cum
1883 1150 2042 1205 debi-

465 1255 685 1310 toribus
724 1268 972 1307 summus
1029 1267 1092 1305 ac
1128 1252 1387 1321 princeps
1421 1256 1706 1318 erogator;
1748 1260 1876 1300 cum
1916 1257 2044 1312 per-

464 1347 597 1402 ditis
627 1346 808 1409 salus;
833 1361 956 1398 cum
991 1344 1264 1398 damnatis
1307 1341 1660 1409 redemptor;
1689 1352 1813 1391 cum
1846 1335 2042 1403 despe-

465 1429 598 1492 ratis
621 1454 781 1507 spes;
813 1452 938 1490 cum
972 1436 1202 1505 deiectis
1234 1434 1444 1487 erectio
1471 1448 1484 1496 ;
1510 1447 1634 1485 cum
1661 1428 1910 1484 scelestis
1944 1425 2046 1480 mi-

465 1528 740 1592 sericors;
773 1543 897 1580 cum
945 1525 1192 1595 fugitivis
1236 1524 1537 1586 liberator;
1577 1535 1702 1573 cum
1741 1519 1852 1571 reis
1880 1518 2042 1569 inno-

465 1635 634 1682 cens;
695 1633 818 1671 cum
881 1615 1267 1686 peccatoribus
1320 1613 1469 1667 omni
1527 1619 1753 1680 peccato
1808 1621 2040 1674 vacans,

465 1725 590 1764 cum
620 1710 870 1778 ingratis,
906 1707 1126 1761 abunde
1149 1706 1202 1759 in
1228 1719 1424 1759 omnes
1455 1701 1725 1756 liberalis.

2143 598 2530 668 σκιρτήσατεο
2561 600 2608 652 οἱ
2640 598 2812 669 ὄχλοι,
2866 599 3169 664 ἀλαλάξατε
3191 617 3204 631 ·
3233 601 3302 655 τά
3329 601 3520 672 νήπια,
3548 600 3729 670 ὑμνή-

2142 709 2292 746 σατε⁸
2314 691 2575 763 μαθηταὶ,
2601 689 2895 761 κηρύξατεδ
2925 693 3112 762 ίερεῐς,
3145 691 3432 762 ).αλήσατε’
3452 690 3726 760 θεολόγοι,

2141 783 2424 850 δοξάσατε⁵
2442 785 2491 836 οἱ
2509 784 2566 836 έν
2586 781 2747 848 Σιὼν,
2765 781 3133 854 ὑπαντήσατε·
3150 783 3218 836 τά
3234 783 3384 852 ἔθνη,
3406 784 3733 853 συνάχθητε,

2143 875 2212 930 τὰ
2243 875 2494 945 οὐράνια,
2521 874 2590 927 τὰ
2619 874 2860 942 ἐπίγεια,
2894 875 2964 926 τά
2987 873 3320 944 καταχθόνια
3343 915 3359 939 ,
3400 875 3554 927 πᾶσα
3606 874 3740 938 ἀξία

2147 965 2241 1019 καὶ
2263 965 2451 1035 ἡλικία
2472 982 2486 998 ο
2514 965 2722 1028 πάντας
2761 964 2871 1036 γὰρ
2902 966 3279 1037 εὐεργετήσων
3306 966 3522 1036 ἔρχεται
3552 983 3567 995 ο
3592 967 3732 1018 πάνυ

2145 1063 2245 1121 τας
2277 1058 2516 1126 ὲλεὴσων
2549 1058 2787 1127 έπέφανε
2810 1073 2824 1087 ⁸
2859 1059 2992 1110 πᾶσι
3021 1058 3380 1128 χαριζόμενος
3425 1057 3521 1126 τὴν
3562 1056 3734 1123 ἀγαλ-

2147 1148 2347 1200 λίασιν.
2389 1147 2521 1210 Θεὸς
2570 1147 2686 1212 ὢν,
2727 1149 2950 1216 γέγονεν
2980 1149 3286 1219 ἄνθρωπος,
3345 1148 3442 1200 καὶ
3479 1148 3578 1200 ἐπὶ
3629 1145 3738 1214 γῆς

2094 1239 2111 1264 ί
2151 1239 2341 1308 ὤφθην
2382 1230 2482 1292 καὶ
2514 1242 2638 1304 τοῖς
2665 1239 3001 1307 ἀνθρώποις
3028 1238 3528 1306 συνανεστράφη.
3581 1237 3738 1290 Μετά

2148 1331 2255 1383 τῶν
2272 1318 2486 1384 ’δούλων
2516 1333 2544 1384 6
2572 1330 2851 1400 Δεσπότης
2880 1348 2894 1362 ο
2933 1329 3071 1399 μετὰ
3114 1329 3220 1382 τῶν
3254 1327 3672 1399 χρεωφειλετῶν
3706 1327 3732 1376 6

2151 1423 2448 1492 πληρωτὴς
2471 1439 2484 1451 ⁸
2523 1423 2662 1492 μετά
2682 1421 2788 1474 τῶν
2820 1421 3050 1474 ἀσώτων
3084 1423 3116 1491 ή
3155 1420 3400 1490 σωτηρία
3423 1438 3436 1451 ο
3469 1418 3612 1488 μετά
3635 1417 3739 1468 τῶν

2151 1515 2460 1568 καταδίκων
2510 1515 2538 1566 6
2572 1516 2883 1585 ἀγοραστής
2913 1525 2959 1553 ε·
2994 1516 3132 1584 μετά
3154 1532 3262 1568 των
3296 1510 3737 1580 ἀπεγνωσμένων

2150 1603 2400 1675 ἠέλπίτσ
2444 1603 2583 1674 μετὰ
2633 1605 2741 1656 τῶν
2790 1603 2944 1656 κάτω
2994 1605 3264 1674 κειμένων
3314 1605 3348 1672 ἡ
3401 1604 3738 1661 ἀνάστασις·

2155 1695 2294 1764 μετά
2322 1695 2430 1748 τῶν
2459 1695 2792 1764 ἀγνωμόνων
2819 1697 2848 1747 6
2876 1695 2995 1763 ὲλεή
3006 1713 3122 1765 μων
3164 1713 3176 1725 ·
3224 1697 3364 1764 μετά
3387 1695 3492 1746 τῶν
3526 1694 3733 1762 δραπε-

466 1803 620 1854 τῶνὸ
650 1801 1022 1870 ἐλευθερωτής
1077 1799 1125 1837 δ’
1174 1796 1311 1866 μετά
1372 1795 1481 1847 τῶν
1513 1793 1829 1847 ὑπευθύνων
1862 1795 1887 1844 ὁ
1925 1787 2234 1851 ἀνεύθυνος.
2293 1787 2447 1841 Μετά
2511 1788 2620 1841 τῶν
2666 1787 3008 1858 ἁμαρτωλῶν
3057 1789 3086 1841 6
3133 1790 3520 1859 ἀναμάρτητος
3548 1805 3562 1817 ο
3609 1789 3741 1856 πρὸς

468 1895 593 1955 τοὺς
628 1892 984 1961 ἀχαρίστους.
1022 1892 1044 1942 ἐ
1078 1888 1326 1955 ἀφθόνως
1358 1889 1489 1939 πᾶσι
1521 1884 1899 1955 χαριζόμενος.

539 1984 605 2037 ll.
638 1958 918 2044 Vidistiu‘,
958 1981 1306 2041 charissime,
1332 1978 1653 2032 festivitatis
1698 1973 2054 2047 mysterium?

2230 1958 2304 2020 B’.
2347 1966 2506 2029 Ἴδες,
2535 1967 2810 2037 ἀγαπητὲ,
2839 1968 2939 2036 τῆς
2970 1967 3164 2040 ἑορτῆς
3183 1963 3243 2021 τδ
3276 1970 3612 2038 μυστήριονς
3640 1968 3742 2030 ἴδες

469 2073 723 2126 Vidistin‘
769 2072 1054 2141 praesentis
1101 2069 1208 2123 diei
1246 2068 1508 2123 miracula
1554 2067 1577 2120 ?
1617 2067 1744 2121 fleri
1780 2065 2047 2120 Bethania

471 2163 668 2216 festum
704 2160 849 2215 diem
894 2161 1126 2229 agebat;
1167 2159 1332 2213 hodie
1366 2167 1561 2212 cuncta
1589 2157 1832 2212 Ecclesia
1863 2156 2046 2210 divina

473 2253 678 2306 fruitur
723 2252 1037 2322 praesentia.
1087 2251 1214 2304 lleri
1279 2251 1445 2304 vitam
1509 2249 1600 2303 alii
1646 2249 1876 2318 largitus
1925 2255 2044 2301 est:

473 2342 639 2396 hodie
665 2343 777 2412 ipse
803 2342 870 2395 ad
907 2352 1142 2396 mortem
1170 2341 1344 2396 venit.
1373 2340 1500 2395 Heri
1527 2341 1930 2411 quatriduanus
1959 2339 2049 2392 ille

474 2435 745 2490 excitatus
783 2443 868 2489 est
906 2451 920 2498 ;
970 2433 1136 2488 hodie
1168 2433 1454 2487 triduanus
1493 2433 1666 2487 adest.
1718 2431 2050 2497 Quatridua-

473 2542 605 2579 num
647 2526 911 2580 Lazarum
945 2525 1013 2578 ad
1053 2526 1222 2580 vitam
1255 2525 1555 2589 revocavit,
1591 2531 1651 2577 ut
1674 2523 1930 2578 humana:
1950 2537 2051 2576 na-

474 2625 611 2672 tura:
636 2633 702 2671 ex
745 2617 1034 2671 elementis
1071 2625 1311 2686 quatuor
1357 2615 1674 2685 composita:
1703 2629 2050 2669 communem

475 2709 940 2762 resurrectionem
970 2708 1172 2777 prtevie
1202 2707 1581 2761 confirmaret.
1617 2705 1912 2760 Enimvero
1938 2705 2053 2758 illic

475 2800 700 2870 quidem
738 2799 951 2852 Martha
980 2799 1334 2863 distrahitur,
1377 2798 1569 2868 legalis
1597 2797 1778 2851 cultus
1820 2796 2052 2866 ﬁguram

475 2906 673 2959 gerens
701 2909 713 2942 :
763 2891 855 2943 hic
879 2901 1062 2943 autem
1117 2890 1283 2943 Maria
1326 2889 1540 2943 Domini
1569 2888 1804 2958 pedibus
1829 2887 2052 2951 assidet,

475 2979 742 3033 Ecclesiae
783 2980 837 3032 in
863 2995 990 3033 eum
1023 2980 1227 3034 amoris
1259 2979 1369 3032 vim
1407 2995 1470 3033 ac
1504 2979 1886 3034 assiduitatem
1921 2995 2055 3048 pra:-

475 3069 683 3124 ferens.
720 3069 938 3138 Quique
987 3079 1116 3122 ante
1147 3085 1240 3123 sex
1275 3070 1395 3123 dies
1433 3069 1653 3124 Pascha:
1690 3085 1787 3138 per
1811 3069 2056 3139 quinque

477 3161 731 3230 corporis
770 3175 969 3214 sensus
996 3159 1434 3228 quatriduanum
1469 3160 1759 3222 Lazarum,
1791 3175 1960 3215 unum
1999 3161 2056 3214 in

476 3251 702 3306 duabus
734 3250 960 3304 fratrem
994 3250 1250 3319 largitus,
1285 3251 1433 3305 illius
1452 3251 1670 3306 vincula
1697 3251 1832 3306 solvi
1863 3252 2054 3324 jubet:

2153 2056 2254 2124 τῆς
2303 2057 2585 2126 παρούσης
2627 2057 2839 2127 ἡμέρας
2873 2057 2942 2110 τὰ
2975 2057 3258 2127 θαύματα;
3291 2059 3477 2128 Χθὲςή
3504 2059 3741 2130 Βηθανία

2157 2144 2422 2218 ἑώρταζε,
2448 2151 2687 2218 σήμερον
2720 2151 2868 2203 πᾶσα
2907 2150 3278 2220 ἡ”Εκκλησία
3329 2153 3616 2221 ἀπή>.αυσε
3648 2154 3742 2220 τῆς

2154 2239 2342 2310 θεῖκῆς
2361 2241 2690 2310 παρουσίας.
2723 2242 2863 2305 Χθὲς
2889 2242 3034 2312 ἄλλῳ
3057 2243 3116 2296 τὸ
3142 2243 3242 2313 ζῇν
3273 2245 3571 2312 ἐχαρίσατο
3607 2264 3618 2275 ·
3651 2247 3738 2310 σή-

2161 2347 2323 2401 μερον
2356 2331 2517 2394 αὐτὸς
2565 2332 2658 2384 ἐπὶ
2683 2333 2774 2385 τδν
2791 2333 3019 2386 θάνατον
3051 2333 3290 2403 ἔρχεται.
3323 2335 3460 2398 Χθὲς
3489 2339 3516 2388 6
3549 2353 3740 2403 1:197.-

2158 2424 2362 2492 ήμερος
2408 2421 2662 2476 ἀνίστατο
2692 2439 2704 2450 ·
2741 2423 2982 2494 σήμερον
3012 2427 3039 2476 6
3083 2427 3383 2496 τριήμερφς
3430 2427 3737 2492 ὲφέσταται.

2159 2513 2548 2582 Τετραήμερον
2578 2513 2843 2584 ἀνέστησε
2871 2515 3142 2585 Λάζαρον,
3177 2517 3266 2569 ἵνα
3289 2517 3388 2585 τῆς
3430 2519 3494 2569 ὲκ
3540 2521 3740 2569 τεσσά-

2162 2622 2270 2674 ρων
2298 2604 2576 2674 στοιχείων
2600 2607 2969 2676 συγκειμένης
2997 2607 3153 2676 ἡμῶν
3177 2609 3411 2676 φύσεως,
3431 2611 3531 2676 τὴν
3561 2612 3740 2678 κοινὴν

2159 2695 2453 2748 ἀνάστασιν
2487 2697 2962 2768 προπιστώσηται.
3001 2687 3147 2751 Ἄλλ⁸
3194 2701 3312 2752 ἐκεῖ
3342 2701 3442 2767 μὲν
3479 2703 3510 2770 ἡ
3547 2702 3740 2771 Μάρθα

2161 2787 2521 2855 περισπᾶται,
2547 2786 2718 2839 τύπον
2759 2789 2858 2858 τῆς
2906 2789 3138 2860 νομικῆς
3185 2790 3443 2861 λατρείας
3492 2791 3691 2862 ἔχουσα
3725 2809 3737 2820 '

2162 2876 2395 2930 ἐνταῦθα
2423 2877 2500 2939 δὲ,
2533 2879 2721 2948 Μαρία
2759 2881 2869 2942 τοῖς
2899 2881 3025 2932 ποσὶ
3057 2880 3151 2934 τοῦ
3187 2883 3459 2935 Δεσπότου
3498 2884 3737 2953 προσκά-

2164 2969 2344 3038 θηται,
2376 2968 2473 3037 τῆς
2505 2968 2834 3039 Ἐκκλησίας
2861 2971 2921 3024 τὸ
2971 2971 3106 3041 πρὶς
3160 2973 3323 3026 αὑτὸν
3359 2974 3585 3043 φίλτρον
3653 2976 3737 3026 καὶ

2164 3061 2490 3131 προσεδρὶαν
2519 3062 2933 3132 ὕπογράφουσα.
2965 3067 3075 3118 Καὶ
3107 3068 3133 3118 6
3171 3067 3277 3134 πρὸ
3307 3065 3366 3132 ἒξ
3402 3069 3624 3138 ἡμερῶν
3649 3067 3734 3118 τοῦ

2166 3153 2381 3222 Πάσχα,
2409 3153 2497 3206 διὰ
2530 3154 2639 3206 τῶν
2672 3155 2835 3208 πέντε
2860 3156 2955 3210 τοῦ
2993 3157 3243 3226 σώματος
3276 3159 3618 3229 αἰσθήσεων,
3652 3162 3735 3210 τὸν

2167 3246 2547 3315 τετραήμερον
2577 3245 2827 3320 Λάζαρον
2857 3250 2913 3303 ὲν
2953 3253 3071 3314 ταῖς
3100 3250 3220 3303 δυσὶ
3258 3250 3349 3303 τὸν
3381 3252 3478 3304 ’ένα
3513 3251 3731 3321 χαρισάδ

479 3343 598 3413 ipse
632 3356 782 3396 nunc
817 3341 971 3395 venit
993 3341 1218 3396 vincula
1248 3351 1599 3410 experturus.
1649 3343 1811 3398 Venit
1849 3323 2054 3407 autem,

2169 3353 2328 3408 μενος
2361 3337 2587 3406 ἀδελφὸν
2607 3379 2621 3402 ,
2651 3340 2862 3393 ἐκείνου
2893 3340 2994 3410 μὲν
3017 3342 3084 3394 τὰ
3117 3342 3294 3412 δεσμά
3325 3345 3607 3412 ἐπιτρέπει
3644 3345 3726 3394 λυ-

479 3449 592 3488 non
621 3449 748 3488 cum
802 3433 966 3487 turba
1019 3441 1117 3487 aut
1167 3433 1444 3498 tumultu;
1482 3449 1662 3504 neque
1695 3434 1964 3500 Virtutes,
1997 3451 2062 3490 ac

476 3526 850 3596 Principatus,
873 3525 1290 3594 Potestatesque
1321 3526 1564 3596 undique
1593 3526 1947 3584 invisibiliter
1975 3543 2064 3582 sa-

484 3618 676 3673 tellitio
710 3616 1076 3672 circumfusas
1128 3616 1376 3671 habens:
1411 3633 1519 3672 non
1558 3618 1758 3673 sedens
1780 3619 1836 3672 iu
1864 3619 2063 3672 throno

480 3711 700 3765 excelso
740 3717 798 3764 et
841 3710 1056 3764 elevato
1085 3711 1106 3741 ’
1142 3728 1154 3764 :
1183 3725 1294 3763 non
1327 3708 1427 3763 alis
1471 3709 1803 3779 quibusdam
1830 3725 1893 3765 ac
1918 3710 2062 3781 igni-

478 3801 755 3857 formibus
777 3800 915 3855 rotis
947 3809 1003 3855 et
1043 3800 1389 3855 multioculis
1420 3809 1747 3868 contectus;
1782 3816 1891 3856 non
1918 3801 2066 3856 tubis

479 3906 550 3946 ac
573 3891 894 3952 virtutibus,
953 3888 1336 3960 prodigiisque
1381 3888 1706 3942 concutiens
1739 3888 1925 3942 omnia
1951 3896 2066 3942 ter-

478 3981 812 4049 ritausque;
853 3979 950 4040 sed
997 3979 1053 4032 in
1086 3978 1326 4032 humana
1357 3979 1669 4032 occultatus
1706 3988 1920 4032 natura.
1963 3976 2066 4030 Be-

479 4074 776 4144 nignitatis
813 4072 960 4128 enim
1011 4071 1284 4126 adventus
1331 4079 1435 4134 est,
1495 4084 1608 4122 non
1641 4067 2069 4138 potestatis:iu-

479 4166 803 4236 dulgentiae,
840 4180 952 4219 non
982 4163 1383 4227 districtionis;
1421 4161 1928 4223 condescensionis,
1957 4175 2067 4214 non

481 4257 734 4313 ultionis.
770 4257 890 4311 Non
917 4256 973 4310 in
1010 4254 1186 4309 Patris
1241 4253 1414 4322 gloria
1439 4261 1687 4320 apparet,
1725 4250 1821 4304 sed
1858 4251 1913 4303 in
1945 4263 2060 4302 ma-

480 4353 587 4406 tris
617 4351 946 4404 humilitate.
980 4348 1120 4402 Eum
1156 4345 1317 4400 nobis
1361 4344 1660 4398 adventum
1698 4343 1904 4397 dudum
1936 4360 2072 4412 prae.

476 4441 679 4494 dicans
721 4438 1044 4500 Zacharias,
1088 4435 1460 4502 universaque
1491 4441 1673 4486 creata
1720 4431 1792 4484 ad
1822 4431 2069 4486 laetitiam

482 4546 815 4602 provocans,
847 4529 1001 4582 velut
1050 4527 1107 4580 in
1157 4525 1418 4579 Ecclesiae
1469 4538 1704 4592 persona
1754 4523 1821 4576 ad
1847 4523 2070 4578 Jerusa-

481 4624 593 4678 lem
618 4618 1094 4681 clamavit,dicens
1115 4635 1126 4670 :
1151 4616 1334 4672 Gaude
1353 4616 1697 4678 vehementer,
1725 4613 1837 4682 ﬁlia
1855 4612 1979 4668 Sion
1999 4615 2062 4669 ‘°.

484 4717 601 4772 ilac
630 4730 851 4786 quoque
885 4713 1108 4768 Gabriel
1137 4726 1268 4764 voce
1323 4724 1458 4764 usus
1503 4707 1573 4761 ad
1625 4708 1904 4780 Virginem
1949 4709 2060 4764 ait:

482 4810 696 4871 (ἵηηάρ,
726 4808 987 4877 gratiosa,
1029 4804 1280 4857 Dominus
1309 4811 1478 4855 tecum
1504 4802 1567 4854 ¹¹.
1600 4799 1713 4856 Hac
1735 4810 1790 4855 et
1813 4801 2064 4856 Salvator

483 4901 626 4968 ipse,
655 4915 777 4951 cum
824 4914 850 4951 a
881 4897 1114 4950 mortuis
1155 4895 1510 4958 surrexisset,
1539 4893 1865 4948 mulieribus
1899 4893 2068 4948 incla-

555 5039 579 5067 ⁸
625 5038 834 5095 Barwh
872 5054 950 5099 ιιι,
985 5037 1072 5090 58.
1151 5037 1170 5068 ⁹
1199 5034 1300 5089 lsa.
1326 5050 1402 5100 γι,
1429 5034 1483 5088 1.

2165 3428 2324 3496 θῆναι
2350 3444 2364 3460 ο
2401 3429 2564 3494 αὐτὸς
2588 3430 2646 3483 δὲ
2673 3431 2770 3484 νῦν
2800 3435 3162 3503 παραγίνεται
3195 3434 3575 3504 δεσμευθῆναι.
3626 3436 3720 3486 Καὶ

2165 3520 2548 3590 παραγίνεται,
2579 3523 2638 3576 οὐ
2669 3524 3000 3587 σοσῶν,οὑδὲ
3021 3525 3287 3596 θορυϐῶν,
3317 3528 3436 3580 οὐδὲ
3462 3528 3715 3595 δυνάμεις,

2167 3615 2262 3666 καὶ
2295 3614 2490 3683 ἀρχὰς,
2525 3615 2618 3668 καὶ
2649 3616 2896 3680 ἐξουσίας
2939 3618 3184 3688 ἀοράτως
3219 3618 3604 3689 δορυφορούσας
3631 3632 3721 3668 πι-

2165 3705 2513 3776 ρικείμενοςο
2549 3707 2650 3759 οὑκ
2680 3707 2771 3760 ἐπὶ
2801 3707 2994 3778 θρόνου
3024 3707 3230 3778 ὕψηλοῦ
3281 3711 3374 3762 καὶ
3435 3707 3726 3778 ἐπηρμένον

2168 3796 2483 3867 καθήμενος
2503 3813 2517 3826 ⁸
2547 3798 2609 3852 ού
2641 3799 2868 3866 πτέρυξί
2904 3817 3013 3854 τισι
3036 3841 3050 3864 ,
3088 3800 3182 3852 καὶ
3220 3801 3586 3872 πυριμόρφοις
3617 3816 3734 3868 τρο-

2166 3889 2318 3956 χοῖς,
2372 3889 2466 3942 καὶ
2531 3890 2942 3959 πολυομμάτοες
2979 3904 3004 3932 ε
3055 3894 3573 3962 συγκαλυπτόμενος
3617 3909 3630 3922 '
3678 3886 3736 3944 οὗ

2172 3978 2448 4048 σάλπιγξι,
2473 3981 2567 4033 καὶ
2589 3981 2872 4052 δυνάμεσι,
2907 3985 3000 4038 καὶ
3029 3984 3219 4056 τέρασι
3250 3979 3713 4039 κατασιωπῶνταί

2171 4071 2284 4126 ἀλλ’
2302 4073 2357 4124 έν
2376 4071 2692 4144 ἀνθρωπεία
2723 4072 2883 4142 φύσει
2908 4077 3302 4146 κρυπτόμενος.
3327 4073 3742 4146 Φιλανθρωπίας

2170 4164 2279 4234 γὰρ
2303 4165 2336 4234 ἡ
2360 4163 2652 4234 παρουσία,
2674 4164 2774 4218 οὐκ
2796 4165 3046 4229 ἔξουσίας
3085 4165 3559 4240 [συγχιυρήσεως],
3584 4167 3642 4219 οὐ
3670 4165 3744 4216 δι-

2172 4255 2515 4327 καιοκρισίας
2545 4271 2559 4285 ·
2598 4258 3081 4323 συγκαταϐάσεως,
3110 4260 3169 4312 ού
3202 4259 3498 4321 κολάσεως.
3553 4259 3664 4312 υύκ
3691 4258 3742 4307 ὲν

2172 4350 2236 4418 τῇ
2263 4345 2357 4400 τοῦ
2386 4347 2599 4416 Πατρὸς
2629 4346 2776 4420 δόξῃ,
2811 4347 2924 4401 ἀλλ’
2956 4352 3013 4402 έν
3036 4352 3100 4420 τῇ
3132 4348 3461 4402 ταπεινώσει
3493 4349 3595 4418 τῆς
3632 4350 3746 4414 Μη-

2173 4435 2298 4505 τρὸς
2334 4435 2697 4505 ἐπιφαίνεται.
2756 4439 2858 4490 Ἦν
2897 4439 3201 4508 παρουσίαν
3233 4439 3518 4510 πόρρωθεν
3566 4441 3692 4509 ἡμῖν
3720 4437 3745 4486 6

2175 4527 2478 4598 θαυμάσιος
2497 4528 2772 4599 Ζαχαρίας
2798 4530 3144 4601 διηγόρευσε,
3179 4530 3271 4584 καὶ
3304 4530 3440 4600 πρὸς
3479 4528 3740 4600 εὐφροσύ-

2175 4638 2272 4688 νην
2301 4620 2740 4690 συγκαλούμενος
2770 4621 2870 4692 τὴν
2893 4623 3070 4676 κτίσιν
3110 4625 3189 4686 είς
3224 4624 3520 4693 πρόσωπον
3561 4623 3747 4686 ὥσπερ

2173 4711 2272 4780 τῆς
2299 4711 2629 4780 Ἐκκλησίας
2657 4714 2722 4782 τῇ
2758 4713 3114 4784 Ἰερουσαλὴμ
3142 4715 3512 4786 ἀνακέκραγε,
3537 4712 3711 4779 λέγων
3735 4728 3745 4740 ·

2175 4803 2350 4871 Χαῖρε
2374 4804 2630 4872 σφόδρα,
2663 4805 2914 4874 θύγατερ
2947 4809 3118 4860 Σιών.
3151 4807 3337 4877 Ταύτῃ
3367 4810 3434 4878 τῇ
3470 4810 3623 4876 φωνῇ
3665 4803 3752 4854 καὶ

2173 4895 2418 4966 Γαϐριὴλ
2446 4899 2511 4967 τῇ
2556 4897 2817 4968 Παρθένῳ
2847 4898 2875 4937 ε
2923 4897 3188 4970 κέχρηται
3215 4937 3232 4964 ,
3264 4898 3440 4966 λέγων
3473 4916 3488 4931 ο
3544 4898 3750 4964 Χαῖρε,

1561 5036 1604 5066 ³ο
1631 5035 1797 5088 Zach.
1829 5052 1902 5098 ιιι,
1939 5036 1989 5089 9.
2071 5037 2110 5066 ¹¹
2140 5035 2272 5089 Luc.
2310 5052 2345 5099 ι,
2377 5035 2469 5090 28.

1865 5175 2096 5230 VARIAS
2135 5177 2544 5232 LECTIONES.

485 5345 843 5412 λυομμάτοις.
885 5342 1058 5396 Oxon.
1087 5342 1473 5414 πολυὸμμασι.

481 5418 585 5484 τὴν
615 5414 910 5483 Παρθένον.

557 5275 588 5314 1»
632 5273 836 5341 Ὶῐμῶν.
879 5273 1006 5345 Erg.
1039 5272 1353 5345 προφητῶν.
1433 5272 2450 5345 θ’Ᾱ-ιςοραστής,ΟΧᾉΟΠᾸλευΘι-τρωτής.
2533 5275 2556 5314 ά
2591 5275 3015 5345 Ἐλευθερωτὴς.
3067 5276 3240 5332 Oxon.
3265 5275 3498 5340 δίκαιος.

1175 5341 1473 5413 λυὸμμασι.
1558 5341 1576 5381 ί
1611 5341 2089 5395 Κατασιωπῶντα.
2122 5341 2255 5413 Leg.
2304 5341 2608 5399 κατασείων
2634 5341 2840 5400 Πάντα.

2923 5281 3015 5343 ἧς.
3067 5281 3240 5332 Oxon.
3265 5281 3498 5340 δίκαιος,
3585 5291 3612 5320 ο
3655 5281 3753 5333 [ιο.

2923 5348 2946 5386 ⁸
2971 5349 3048 5419 Τῇ
3085 5345 3364 5416 Παρθένῳ.
3398 5347 3591 5405 Oxon.
3624 5351 3754 5422 πρὸς

1995 5531 2227 5589 NOTAE.

559 5625 944 5699 (2)ATIzer'logi,
984 5630 1300 5699 gloriﬁcare.
1352 5627 1656 5699 Δοξάσατε·
1691 5626 1762 5684 Ut
1795 5627 1846 5682 id
1885 5628 2061 5698 ipsum

482 5694 603 5772 fere
651 5694 894 5772 inculcet
937 5694 1081 5772 quod
1121 5694 1506 5772 praecesserat,
1559 5698 1720 5772 ἱερεῖς
1765 5694 2051 5772 λαλήσατε.

484 5763 593 5830 Ipsi
629 5764 773 5840 enim
803 5763 1039 5840 theologi
1081 5763 1144 5821 ac
1177 5769 1452 5840 doctores,
1487 5767 1582 5840 qui
1610 5763 1961 5840 sacerdotes,
1996 5785 2058 5822 ac

483 5834 764 5902 νινε-ἱρυο
795 5834 954 5902 primi
989 5834 1124 5891 :uec
1159 5847 1350 5890 auctor
1381 5836 1444 5889 ad
1478 5835 1614 5889 alios
1649 5836 1738 5889 hic
1776 5851 2061 5889 sermones

2172 5640 2457 5703 provocat,
2509 5647 2671 5703 quam
2707 5631 2881 5688 laudis
2910 5649 2975 5690 ac
3021 5633 3461 5703 glorificationis.
3501 5636 3757 5692 Insolens

2163 5708 2245 5786 est
2281 5701 2425 5786 quod
2457 5702 2699 5786 reddidit
2735 5703 3010 5786 interpres
3026 5701 3761 5786 Cyrilli-:_Theoloqi,r{ec.r«

2167 5772 2294 5845 nite,
2323 5785 2424 5825 nec
2454 5783 2643 5840 aptum
2675 5773 2828 5845 satis.
2861 5773 3002 5838 Quid
3055 5772 3198 5828 enim
3233 5773 3324 5825 hic
3354 5775 3422 5827 ad
3449 5772 3763 5845 opinion-9?

2171 5855 2233 5893 ac
2258 5839 2548 5894 doctorum
2576 5844 2912 5896 sententias?
2934 5845 3160 5898 Counrr.
