4114 6296
418 319 557 381 Ξ925

1504 312 1757 370 SERMO
1796 307 1870 366 IN
1918 308 2170 365 RAMOS
2201 301 2640 368 PALMARUM.

3518 302 3662 366 2926

424 442 524 489 πος
563 424 737 476 σῶσαι
768 425 915 493 ἡμᾶς
964 423 1062 474 οὐκ
1090 424 1294 491 ἴσχυεν·
1342 422 1462 473 ἐπξὶ
1508 419 1750 487 Μωῦσῆς
1791 417 1918 485 ἄρα,
1957 416 1990 485 ἧ

2104 413 2285 479 utique
2334 412 2579 481 Moyses,
2628 419 2723 463 aut
2760 425 2897 463 unus
2948 410 3071 478 quis
3116 409 3508 479 prophetarum
3561 428 3660 480 pm

420 534 504 578 τις
529 519 594 567 ὲκ
616 515 725 567 τῶν
752 512 1046 582 προφητῶν
1080 513 1221 581 ὑπὲρ
1253 511 1408 579 ἡμῶν
1440 512 1802 577 ἀποθνήσκειν
1827 508 1989 576 ἔμελ-

419 608 530 659 λεν·
556 605 690 659 ἀλλὰ
723 605 921 668 πάντες
958 603 1062 656 ὑπὸ
1091 602 1366 673 ἁμαρτίαν
1392 600 1707 669 ἐτύγχανον·
1736 598 1816 651 διὸ
1840 597 1993 666 ἐδεή-

422 699 597 766 θημεν
642 693 737 747 τοῦ
790 693 925 746 Θεοῦ
975 692 1365 762 ἀναμαρτήτου
1420 687 1864 758 σεσαρκωμένου,
1900 689 1993 740 καὶ

422 788 512 840 τὸν
542 785 682 854 ὑπὲρ
730 783 887 853 ἡμῶν
918 783 1144 836 θάνατον
1199 781 1364 850 σαρκὶ
1411 780 1864 849 καταδεχομένου.
1896 777 1995 830 Διά

424 876 581 931 τοῦτο
613 877 641 928 6
674 875 914 943 ἄσαρκος
956 872 1254 943 σαρκοῦται
1278 912 1293 935 ,
1341 871 1426 923 ἵνα
1460 872 1598 940 ὅπερ
1632 868 1742 938 ἔχει
1777 869 1866 921 διὰ
1896 867 1993 936 τῆς

427 966 677 1034 θεότητος
729 962 1009 1025 ἀδύνατον,
1037 961 1196 1015 τοῦτο
1227 964 1329 1031 σχῇ
1364 961 1430 1013 δι’
1462 960 1879 1028 ἀνθρωπότητος
1908 958 1999 1012 δυ-

424 1057 602 1111 νατόν.

495 1149 579 1201 Η’.
620 1149 844 1217 Πάσχει,
869 1144 961 1198 καὶ
987 1145 1045 1196 οὐ
1068 1144 1286 1212 πάσχει·
1310 1141 1369 1193 τὸ
1399 1140 1633 1210 πρῶτον,
1658 1139 1718 1191 οὐ
1741 1138 1816 1209 τῷ
1836 1139 1993 1207 Λόγῳ

426 1241 658 1307 λόγισαι·
684 1240 746 1291 τδ
765 1239 1036 1306 δεύτερον,
1053 1235 1149 1303 τῆς
1169 1232 1368 1302 σαρκὸς
1383 1230 1476 1284 τοῦ
1501 1231 1673 1298 Λόγου
1694 1230 1769 1300 μὴ
1789 1228 1993 1298 νόμιζε·

429 1332 597 1404 [ὅμως
632 1330 688 1382 δὲ
715 1330 813 1400 τὴν
845 1328 1023 1397 σάρκα
1052 1325 1145 1379 τοῦ
1178 1325 1350 1392 Λόγου
1386 1324 1461 1394 μὴ
1494 1320 1741 1393 χώριζε.]
1766 1322 1838 1373 Οὐ
1891 1322 1998 1388 γὰρ

428 1422 666 1492 χωρίζω,
695 1421 829 1473 ἀλλὰ
847 1418 1116 1488 γνωρίζω,
1147 1416 1246 1484 τῆς
1277 1415 1539 1486 ἑκατέρας
1555 1414 1737 1476 οὐσίας
1769 1413 1830 1465 τὸ
1843 1413 1992 1467 ἴδιον.

430 1511 803 1581 Συμμένοντά,
833 1509 949 1561 ἁλλ’
977 1509 1097 1577 οὐχὶ
1123 1506 1476 1575 συμπαθόντα
1510 1505 1602 1557 τὸν
1633 1503 1806 1571 Λόγον
1833 1504 1994 1568 λέγω·

431 1602 901 1670 συγκρεμάμενον,
929 1599 1044 1651 ἀλλ’
1070 1599 1168 1667 οὐχ
1188 1598 1350 1666 ἥλους
1379 1598 1458 1658 εἰς
1487 1596 1620 1648 ἰδίαν
1657 1593 1819 1663 φύσιν
1847 1593 1997 1657 δεξὰ-

431 1680 619 1760 μενονί
669 1688 1128 1757 συνθαπτόμενον,
1181 1687 1296 1740 ἀλλ’
1361 1687 1420 1739 οὐ
1476 1684 1989 1753 συνθανατούμενῡν·

2101 502 2260 556 nobis
2313 502 2549 556 habebat
2595 503 2735 554 mori
2775 519 2786 552 :
2838 509 2893 553 at
2939 514 3130 554 omnes
3173 509 3399 570 peccato
3442 502 3661 556 obnoxii

2100 602 2256 647 erant
2303 592 2414 662 (9);
2470 592 2702 661 proinde
2769 606 3054 646 necessum
3099 591 3203 644 fuit
3258 593 3664 661 impeccabiiem

2103 685 2271 738 Deum
2301 684 2599 746 incarnari,
2633 698 2695 737 ac
2718 691 2949 737 mortem
2998 698 3161 737 carne
3208 697 3307 751 pro
3349 683 3509 738 nobis
3540 698 3667 738 sus-

2102 777 2303 845 cipere.
2352 778 2589 844 Ideoque
2630 777 2745 845 ipse
2777 776 2957 830 carnis
3011 789 3206 844 expers
3235 776 3570 840 incarnatur,
3607 786 3670 831 ut

2101 867 2246 933 quod
2281 882 2388 921 non
2422 875 2603 935 potest
2633 882 2730 935 per
2759 866 3122 930 divinitatem,
3156 866 3209 920 id
3245 868 3416 936 possit
3441 882 3538 937 per
3568 867 3671 921 hu-

2104 959 2444 1012 manitatem.

2175 1130 2310 1187 Vlll.
2379 1134 2609 1199 Patitur,
2667 1143 2721 1188 et
2776 1148 2886 1188 non
2932 1134 3184 1204 patitur:
3243 1132 3363 1191 Noli
3432 1137 3671 1207 primum

2105 1224 2283 1279 Verbo
2311 1225 2554 1279 tribuere
2580 1242 2593 1277 :
2625 1226 2953 1289 secundum,
2988 1242 3056 1280 ne
3085 1227 3266 1281 carnis
3282 1227 3446 1282 Verbi
3472 1237 3669 1296 putes:

2105 1322 2159 1367 at
2191 1329 2292 1368 nec
2329 1329 2549 1369 carnem
2593 1331 2622 1369 a
2671 1315 2852 1371 Verbo
2901 1331 3121 1385 separes
3163 1333 3176 1369 :
3223 1317 3343 1371 Non
3387 1318 3536 1371 enim
3581 1333 3672 1372 se-

2105 1419 2280 1472 paro;
2329 1405 2424 1458 sed
2471 1405 2618 1473 quod
2671 1406 2958 1474 utriusque
2995 1414 3205 1460 natura:
3238 1406 3527 1475 proprium
3565 1414 3670 1468 est,

2106 1496 2353 1563 designo.
2390 1494 2755 1565 Conjunctum
2799 1510 3021 1549 manere
3070 1495 3311 1550 Verbum
3358 1495 3514 1561 dico;
3563 1510 3673 1550 non

2106 1587 2270 1640 simul
2316 1588 2428 1655 pati
2462 1601 2527 1640 ac
2564 1585 2699 1640 allici
2733 1604 2744 1639 :
2795 1587 2957 1641 simul
2987 1588 3266 1655 pendere;
3318 1588 3463 1642 haud
3489 1596 3670 1642 tamen

2106 1676 2290 1729 clavos
2335 1676 2389 1728 in
2423 1685 2670 1729 naturam
2723 1691 2877 1730 suam
2918 1677 3236 1747 accepisse:
3270 1678 3671 1747 consepultum,

432 1753 868 1850 συγκλειόμενον,
900 1753 1014 1831 ἀλλ’
1046 1779 1105 1831 οὐ
1162 1776 1773 1848 συμπεριγραφόμενον·
1823 1775 1998 1843 ψυχὴν

2104 1766 2199 1821 sed
2232 1782 2341 1820 non
2375 1775 2776 1821 commortuum
2816 1784 2829 1819 :
2872 1783 2978 1822 una
3008 1769 3276 1833 clausum,
3323 1769 3417 1824 sed
3448 1784 3557 1823 non
3580 1784 3677 1838 pa-

428 1873 491 1923 ὲκ
535 1869 785 1940 σώματος
835 1867 1234 1940 χωριζομένην,
1271 1866 1407 1922 ἀλλὰ
1456 1868 1546 1919 τὸν
1582 1865 1755 1933 Λόγον
1789 1864 2013 1939 οὐδενὸς.

428 1961 606 2014 αὐτῶν
652 1960 1042 2028 ἀφιστάμενον.
1090 1958 1253 2009 Ὅθεν
1303 1958 1333 2010 6
1368 1958 1463 2026 μὲν
1508 1955 1640 2026 ᾇδης
1677 1954 1998 2022 ἐσκυλεὺοη,

427 2051 527 2120 τῆς
560 2049 741 2102 ἐνθέου
767 2049 942 2118 ψυχῆς
976 2050 1093 2100 ἐκεῖ
1140 2046 1526 2116 κατελοούσης.
1574 2046 1866 2115 Πορευοεὶς
1893 2046 2000 2115 γὰρ

429 2140 660 2210 ἐκήρυξε
688 2140 780 2192 καὶ
818 2142 931 2203 τοῖς
961 2141 1020 2192 ὲν
1048 2139 1150 2209 ᾅδῃ
1184 2138 1507 2207 πνεύμασιν·
1536 2139 1591 2188 ἐν
1621 2136 1675 2188 δὲ
1711 2135 1788 2204 τῷ
1819 2137 1995 2205 τάφῳ,

428 2230 720 2301 διαφθορὰν
769 2232 867 2282 οὐκ
924 2227 1032 2282 εἶδε
1079 2230 1139 2281 τὸ
1186 2228 1342 2295 ἅγιον
1372 2239 1399 2266 ιι
1437 2226 1614 2297 σῶμα.
1654 2228 1761 2279 Καὶ
1792 2228 1900 2296 γὰρ
1934 2223 2000 2295 ἦν

429 2318 729 2387 ἀχώριστος
765 2321 792 2370 ό
820 2319 991 2385 Λόγος
1013 2317 1111 2386 τῆς
1148 2318 1280 2379 ἰδίας
1305 2314 1528 2384 σαρκὸς,
1558 2317 1616 2367 ἐν
1639 2316 1852 2383 ἑκάστῳ
1879 2331 2000 2368 και-

431 2409 530 2481 ρῷ,
571 2409 809 2479 οὐδαμοῦ
838 2408 991 2478 ψιλὸν
1019 2408 1051 2477 ἦ
1088 2408 1291 2479 ἔρημον
1316 2406 1470 2475 ἁφῶν
1497 2405 1723 2477 ταύτην,
1752 2407 1785 2476 ἢ
1820 2407 1995 2470 ἄθεον,

430 2500 464 2566 ἢ
503 2500 577 2563 ὡς
629 2500 744 2563 ἐνὸς
794 2499 901 2551 τῶν
944 2498 1066 2552 καθ’
1112 2500 1260 2568 ἡμᾶς
1291 2497 1666 2566 τυγχάνουσαν
1710 2498 1994 2565 σωμάτων.

435 2590 621 2659 Ὅμως
663 2590 711 2641 εἰ
740 2588 834 2640 καὶ
877 2587 1059 2657 ὴνώοη
1104 2588 1225 2639 καθ’
1255 2587 1552 2651 ὑπόστασιν
1582 2584 1657 2655 τῷ
1678 2583 1888 2653 Λόγῳή
1917 2584 2000 2635 λο-

431 2678 562 2747 γικὴ
591 2677 746 2746 ἡμῶν
776 2676 960 2745 φύσις,
998 2677 1112 2730 ἀλλ’
1139 2677 1238 2729 οὐκ
1272 2674 1468 2745 ἐσώθη.
1498 2673 1625 2741 Πῶς
1673 2673 1778 2743 γὰρ
1825 2672 1999 2743 σωθή-

434 2785 583 2821 σεται
612 2776 641 2806 ν
669 2767 748 2836 τῷ
783 2766 1093 2837 προαιωνίῳ
1122 2767 1180 2818 τὸ
1208 2765 1554 2837 πρόσφατον;
1585 2764 1618 2834 ἢ
1655 2763 1770 2825 πῶς
1796 2765 1995 2832 ὁμοιω-

434 2855 658 2924 Θήσεται
707 2855 786 2927 τῷ
824 2857 1064 2927 ἀνάρχῳ,
1098 2858 1158 2909 τὸ
1190 2856 1451 2926 ἕναρχον;
1481 2855 1562 2907 διὸ
1609 2856 1701 2908 καὶ
1739 2855 1871 2925 ὁρᾷς
1900 2855 1995 2907 αὑ-

432 2948 523 3001 τὶν
555 2947 647 2999 ἐπὶ
678 2945 856 2999 πῶλον
883 2928 1142 3016 σήμερον·
1177 2944 1294 2997 ἀλλ’
1327 2944 1400 3008 ὼς
1433 2943 1740 3014 ἄνθρωπον·
1776 2942 1997 3011 διπλοῦς

433 3036 540 3105 γὰρ
568 3031 655 3106 ἦν.
702 3036 876 3101 Ἐπεὶ,
913 3036 1008 3088 καὶ
1037 3034 1265 3106 ηὔξησε,
1316 3036 1411 3088 καὶ
1456 3033 1707 3104 ὲθήλασε,
1743 3035 1835 3085 καὶ
1874 3033 1995 3086 ἐδά-

436 3144 625 3197 κρυσε,
660 3128 753 3180 καὶ
798 3128 1074 3197 ἡγωνίασε
1118 3129 1266 3197 νόμῳ
1314 3128 1411 3198 τῆς
1445 3126 1718 3197 ἡμετέρας
1761 3126 1996 3193 φύσεως.

435 3219 508 3292 0-3
552 3218 659 3286 γὰρ
705 3220 980 3289 ἠρνήσατο
1022 3220 1090 3272 τὰ
1134 3221 1232 3289 τῆς
1262 3218 1475 3287 φύσεως
1504 3218 1658 3288 ἡμῶν
1699 3217 2000 3287 ἀδιάϐλητσ.

436 3310 580 3380 πάθη
604 3311 906 3379 σαρκωοεὶς
944 3310 971 3361 ό
1009 3308 1141 3370 Θεὸς
1172 3307 1364 3375 Λόγος·
1398 3308 1520 3360 ἐπεὶ
1562 3306 1668 3377 ἄρα
1701 3306 1871 3376 αὐτὴν
1898 3305 2003 3376 πρὸ

435 3401 638 3453 τούτων
666 3401 960 3470 ἠρνήσατο.
1005 3400 1117 3469 Οὐχ
1169 3399 1330 3451 ὑπνοῖ
1377 3399 1434 3449 ὲν
1489 3395 1567 3467 τῷ
1599 3395 1765 3465 πλοίῳ
1799 3398 1827 3448 ὁ
1873 3394 2003 3458 Θεὸς

435 3493 627 3560 Λόγος·
662 3494 743 3545 Οὐ
768 3490 1058 3555 νυστάξει
1089 3490 1219 3561 γὰρ,
1244 3489 1387 3543 οὐδὲ
1419 3487 1683 3544 ὑπνώσει
1710 3492 1743 3542 δ
1762 3487 2003 3558 φυλάσ-

434 3599 563 3640 σων
592 3584 700 3638 τὸν
754 3583 1020 3651 Ἰσραήλ·
1062 3582 1178 3653 ᾀλλ⁹
1208 3583 1368 3635 ὑπνοῖ
1420 3582 1453 3653 ἠ
1489 3581 1625 3652 σὰρξ
1669 3582 1702 3651 ἡ
1734 3580 2001 3651 ἡμετέρα,

436 3675 500 3743 ῆν
534 3671 819 3725 ἐνεδύσατο
846 3674 875 3724 6
901 3672 995 3725 τοῦ
1041 3671 1177 3725 Θεοῦ
1207 3671 1398 3739 Λόγος.
1428 3672 1501 3724 Οὐ
1543 3671 1721 3741 πεινᾷ,
1750 3672 1809 3724 οὐ
1838 3671 2004 3739 κοπιᾷ

435 3764 500 3816 ὲκ
529 3763 626 3832 τῆς
650 3762 958 3832 ὁδοιπορίας
991 3764 1023 3833 ἡ
1055 3763 1173 3816 θεία
1207 3762 1390 3833 φύσις,
1427 3762 1503 3826 ὼς
1547 3761 1774 3825 Ἡσαΐας
1816 3762 2000 3832 φησίν·

447 3852 501 3905 Ὁ
542 3853 685 3918 Θεὸς
727 3857 759 3906 d
778 3851 968 3922 μέγας
994 3852 1091 3905 καὶ
1138 3853 1408 3921 ἰσχυρὸς,
1438 3853 1508 3906 οὐ
1535 3852 1828 3917 πεινάσει,
1862 3852 2005 3905 οὐδέ

436 3943 734 3998 κοπιάσει.
767 3945 890 4006 Πῶς
927 3940 1020 3997 οὖν
1047 3946 1245 4014 πεινᾷ;
1282 3945 1452 4014 Σαρκὶ
1479 3947 1544 4013 τῇ
1572 3943 1631 4006 ἐξ
1672 3942 1849 4012 ἡμῶν.
1883 3944 2005 4007 Πῶς

436 4014 670 4103 πάσχεις
694 4033 866 4103 Σαρκὶ
894 4035 961 4103 τῇ
992 4032 1051 4096 ἐξ
1084 4031 1260 4101 ἡμῶν.
1296 4032 1417 4095 Πῶς
1448 4030 1672 4102 δακρύει
1699 4047 1714 4096 ;
1751 4032 1922 4101 Σαρκὶ
1937 4035 2002 4102 τῇ

435 4121 497 4186 ἐξ
532 4121 710 4190 ἡμῶν.
767 4121 887 4183 Πῶς
925 4119 1269 4190 ὲθανατώθης
1320 4121 1524 4189 Σαρκι·
1562 4119 1902 4183 ζωοποιεῖται
1948 4120 2005 4173 δὲ

438 4211 727 4280 πνεύματι.
763 4212 885 4273 Πῶς
916 4212 1022 4279 γῆν
1057 4211 1297 4277 σαλεύει;
1331 4210 1555 4279 Θεότητι
1585 4212 1649 4280 τῇ
1681 4213 1743 4263 ἐκ
1772 4212 2001 4281 Πατρός.

439 4305 558 4367 Πῶς
588 4306 677 4356 τον
708 4305 837 4375 ᾅδην
885 4305 1044 4355 πατεῖ
1070 4320 1084 4367 ;
1113 4304 1357 4372 Θεότητι,
1395 4303 1495 4353 οὐκ
1554 4300 1613 4365 ἐξ
1657 4301 1831 4372 ἡμῶν.
1882 4303 2004 4365 Πῶς

2106 1859 2239 1913 riter
2259 1857 2546 1913 deﬁnitum
2575 1876 2588 1912 :
2619 1860 2856 1913 animam
2878 1875 2908 1913 a
2927 1874 3163 1929 corpore
3179 1868 3505 1930 separatam,
3538 1861 3677 1916 Ver-

2105 1950 2233 2005 bum
2254 1960 2434 2005 tamcn
2461 1967 2490 2005 a
2514 1959 2709 2003 neutro
2733 1951 3047 2005 recessisse.
3082 1950 3447 2016 Quamobrem
3471 1952 3673 2020 spolia-

2107 2054 2194 2097 tus
2229 2041 2447 2110 quidem
2491 2042 2592 2095 fuit
2643 2041 2888 2096 infernus
2929 2056 3055 2095 cum
3095 2041 3282 2096 divina
3323 2042 3503 2096 anima
3544 2042 3676 2097 illuc

2103 2130 2497 2185 descendisset.
2549 2130 2833 2185 Profectus
2860 2130 3030 2195 enim,
3073 2130 3236 2185 etiam
3278 2132 3473 2200 positis
3500 2131 3556 2186 in
3584 2130 3676 2185 in~

2103 2218 2259 2273 terno
2291 2218 2574 2287 spiritibus
2594 2218 2975 2288 praedicavitu
3004 2236 3017 2280 ;
3047 2228 3102 2273 at
3122 2217 3176 2271 in
3204 2220 3459 2288 sepulcro
3475 2218 3521 2249 δ’
3545 2234 3668 2273 san-

2102 2317 2252 2362 ctum
2298 2310 2418 2379 ejus
2459 2323 2659 2377 corpus
2711 2308 3123 2378 corruptionem
3157 2324 3266 2363 non
3301 2309 3461 2363 vidit.
3508 2309 3675 2364 Nullo

2102 2398 2249 2452 enim
2275 2407 2522 2467 tempore
2545 2398 2784 2453 Verbum
2811 2397 3055 2467 separari
3091 2397 3270 2466 potuit
3294 2412 3326 2451 a
3348 2413 3446 2452 sua
3468 2412 3633 2452 carne
3656 2438 3674 2461 ,

2103 2497 2164 2541 ut
2193 2502 2313 2542 eam
2361 2488 2563 2542 nudatn
2610 2502 2674 2541 ac
2718 2487 2910 2549 solam,
2941 2494 3035 2539 aut
3066 2486 3184 2540 sine
3223 2485 3355 2550 Deo,
3398 2486 3484 2540 vel
3516 2486 3676 2555 quasi

2100 2594 2301 2647 corpus
2350 2594 2518 2632 unum
2547 2578 2753 2632 nostris
2774 2578 2951 2633 simile
2974 2577 3287 2639 habentem,
3314 2577 3671 2646 relinqueret.

2100 2673 2394 2736 Cteterum,
2431 2673 2560 2727 licet
2612 2671 2895 2726 rationalis
2937 2678 3127 2723 nostra
3165 2677 3360 2723 natura
3403 2669 3559 2723 unita
3601 2670 3674 2723 sit

2099 2767 2280 2824 Verbo
2330 2766 2632 2821 secundum
2681 2763 3039 2835 hypostasim,
3070 2762 3217 2817 haud
3259 2771 3440 2816 tamen
3485 2773 3570 2816 est
3622 2758 3677 2815 ei

2098 2857 2399 2926 adaequata.
2450 2855 2553 2922 Qui
2603 2855 2750 2909 enim
2783 2852 2928 2923 quod
2982 2867 3158 2921 nuper
3200 2853 3411 2908 editum
3455 2862 3562 2917 est,
3621 2858 3674 2909 ei

2101 2950 2421 3019 adaequetur
2451 2948 2599 3018 quod
2629 2956 2713 3001 est
2739 2954 2865 3000 ante
2894 2946 3092 3001 szecula
3115 2946 3138 2998 ?
3164 2947 3270 2999 Aut
3292 2945 3570 3014 quomodo
3598 2945 3677 3000 si-

2109 3043 2234 3097 mile
2265 3042 2339 3097 sit
2365 3041 2511 3110 quod
2547 3040 2714 3092 habet
2746 3038 2986 3101 initium,
3014 3037 3065 3091 ei
3097 3036 3243 3107 quod
3288 3037 3565 3106 principio
3586 3052 3677 3092 ca-

2106 3133 2233 3188 ret?
2275 3132 2486 3187 Idcirco
2526 3131 2688 3185 etiam
2738 3129 2894 3184 vides
2936 3129 3100 3183 hodie
3144 3128 3293 3198 pullo
3328 3128 3673 3189 insidentem,

2104 3226 2201 3279 sed
2259 3233 2318 3278 ut
2372 3222 2669 3276 hominem.
2721 3221 2929 3289 Duplex
2987 3220 3193 3288 quippe
3246 3226 3384 3273 erat.
3441 3218 3576 3274 Nam
3618 3228 3677 3273 et

2104 3315 2297 3379 crevit,
2322 3323 2378 3368 et
2413 3313 2562 3367 suxit
2596 3311 2784 3375 ubera,
2814 3320 2871 3365 et
2898 3308 3067 3372 ﬂevit,
3100 3315 3156 3363 et
3185 3316 3269 3363 est
3293 3308 3672 3369 contristatus,

2105 3420 2209 3475 pro
2234 3404 2444 3459 ratione
2484 3410 2694 3457 natum
2736 3410 2963 3457 nostrae.
3012 3399 3132 3453 Non
3169 3398 3319 3453 enim
3362 3398 3677 3453 incarnatus

2106 3496 2253 3552 Deus
2276 3495 2515 3551 Verbum
2539 3492 2843 3562 inculpatas
2871 3498 3081 3545 natum:
3106 3498 3310 3544 nostra:
3342 3489 3527 3553 renuit
3549 3504 3677 3558 pas-

2104 3587 2321 3652 siones;
2361 3583 2941 3657 alioqui(10)priorem
2992 3581 3105 3635 illis
3152 3580 3328 3649 ipsam
3376 3579 3671 3633 tenuisset.

2106 3675 2223 3729 Non
2250 3674 2454 3728 dormit
2477 3675 2530 3728 in
2560 3673 2778 3744 navigio
2798 3674 2941 3728 Deus
2963 3670 3203 3726 Verbum
3253 3669 3300 3704 ⁸⁸
3371 3687 3386 3723 :
3412 3668 3529 3723 Non
3552 3669 3677 3723 dor-

2108 3764 2312 3818 mitabit
2341 3764 2510 3827 enim,
2540 3779 2706 3830 neque
2739 3763 2982 3827 dormiet,
3015 3763 3105 3832 qui
3145 3762 3368 3817 custodit
3396 3761 3570 3817 Israel
3591 3761 3673 3827 “;

2105 3855 2201 3911 sed
2234 3855 2439 3910 dormit
2471 3871 2598 3910 caro
2632 3863 2842 3920 nostra,
2872 3870 3035 3924 quam
3069 3854 3167 3909 Dei
3202 3854 3443 3909 Verbum
3471 3855 3673 3910 induit.

2104 3945 2225 4000 Non
2248 3946 2443 4011 esurit,
2479 3961 2579 4000 nec
2619 3944 2825 4000 fatiscit
2865 3961 2931 4001 ex
2972 3945 3170 4001 itinere
3221 3945 3411 4000 divina
3449 3954 3669 4009 natura,

2107 4036 2567 4106 quemadmodum
2604 4036 2681 4091 ait
2725 4037 2934 4091 Isaias:
2978 4036 3114 4091 Deus
3155 4052 3378 4107 magnus
3405 4044 3454 4091 et
3500 4037 3671 4108 fortis,

2108 4141 2212 4177 non
2243 4127 2453 4189 esuriat,
2482 4141 2648 4195 neque
2675 4124 2933 4179 laborabit
2966 4126 3032 4179 “.
3062 4123 3347 4190 Quomodo
3382 4141 3516 4197 ergo
3542 4142 3673 4182 esu-

2110 4212 2219 4265 rit?
2246 4212 2445 4275 Carne,
2477 4228 2639 4284 quam
2672 4215 2904 4282 sumpsit
2937 4230 3004 4267 ex
3038 4214 3217 4269 nobis.
3255 4212 3542 4279 Quomodo
3570 4234 3671 4287 pa-

2109 4302 2283 4355 titur?
2310 4301 2487 4357 Carne
2517 4310 2727 4357 nostra.
2755 4303 3043 4368 Quomodo
3060 4304 3189 4361 ﬂet?
3215 4306 3465 4367 Humana
3483 4323 3668 4364 carne.

440 4413 621 4465 φησιν·
665 4397 812 4463 Ἐγὼ
842 4396 939 4448 καὶ
986 4398 1017 4448 ό
1059 4395 1258 4461 Πατὴρ
1295 4394 1364 4445 ἓν
1391 4393 1613 4462 ἐσμενς
1651 4394 1728 4462 Τῇ
1764 4394 1874 4445 ἄνω
1901 4393 1998 4463 πρὸ

2106 4392 2390 4459 Quomodo
2440 4393 2546 4447 fuit
2594 4394 2843 4449 occisus?
2884 4394 3061 4451 Carne
3104 4410 3173 4451 ex
3218 4399 3380 4453 nobis
3409 4409 3669 4469 sumpta:

438 4489 645 4539 αἰώνων
661 4488 820 4556 γεννή
831 4504 930 4538 σει.
956 4485 1100 4550 Πῶς,
1136 4485 1190 4536 ’0
1216 4485 1414 4551 Πατὴρ
1430 4484 1645 4553 μείζων
1662 4486 1780 4553 μού
1800 4486 1930 4537 ἐστι
1983 4501 2002 4546 ;

439 4576 520 4645 Τῇ
552 4580 722 4640 κάτω,
758 4576 819 4627 ὲκ
853 4573 1131 4643 Παρθένου
1159 4575 1430 4642 γεννήσει.
1463 4573 1609 4637 Πῶς,
1641 4572 1703 4627 Ὀ
1730 4572 2004 4641 ἐωραῖῖὼς

438 4664 563 4731 ἐμὲ,
592 4663 811 4731 ἑώρακε
858 4664 964 4716 τὸν
1014 4664 1275 4731 Πατέραί
1304 4663 1383 4733 Τῇ
1414 4663 1653 4734 ἀκτίστῳ
1685 4662 1777 4716 τοῦ
1830 4664 1999 4729 Λόγου

439 4753 618 4821 φύσει.
658 4753 801 4819 Πῶς,
826 4756 908 4809 Οὐ
947 4755 1202 4822 δύναμαι
1236 4753 1428 4807 ποιεῖν
1471 4753 1572 4806 ἀπ’
1607 4753 1869 4822 ἐμαυτοῦ
1899 4755 2002 4806 οὐ·

444 4962 510 5011 δ’)
538 4892 578 4922 ⁴¹
624 4892 644 4946 1
676 4893 822 4947 Petr.
852 4910 931 4957 ιιι,
958 4893 1044 4947 19.
1142 4894 1187 4925 ⁸³
1229 4895 1345 4949 Act.
1384 4910 1443 4958 ιι,
1473 4893 1560 4947 51.

1672 4894 1718 4924 ⁸³
1756 4894 1946 4948 Matth.
1976 4912 2092 4961 vm,
2119 4896 2208 4948 24.

2107 4501 2300 4540 verum
2348 4485 2550 4554 spiritu
2597 4486 2929 4543 viviticatur.
2982 4486 3268 4553 Quomodo
3308 4497 3509 4545 terram
3540 4505 3671 4547 con-

2110 4576 2279 4631 cutit?
2324 4575 2619 4632 Dirinitate
2659 4592 2820 4646 quam
2868 4578 3035 4635 habet
3079 4594 3110 4633 a
3158 4579 3336 4637 Patre.
3388 4580 3672 4648 Quomodo

2110 4664 2398 4719 conculcat
2446 4664 2689 4720 inferos?
2742 4667 3057 4728 Divinitate,
3112 4683 3232 4739 non.
3273 4670 3512 4727 humana
3560 4672 3673 4725 vir-

2114 4761 2252 4807 tute.
2288 4754 2574 4820 Quomodo
2619 4756 2696 4811 ait
2723 4776 2737 4808 :
2770 4757 2881 4828 Ego
2906 4766 2955 4812 et
2990 4757 3153 4814 Pater
3185 4776 3351 4816 unum
3387 4778 3566 4816 sumus
3590 4762 3676 4813 “‘2

2306 4898 2349 4927 “
2388 4898 2530 4951 Psal.
2562 4913 2681 4962 cxx,
2715 4900 2767 4952 ι.
2876 4901 2917 4932 ⁵⁵
2961 4902 3063 4955 lsa.
3087 4918 3173 4968 ιιι..
3201 4902 3288 4958 28.
3347 4903 3391 4936 "
3433 4906 3586 4961 Joan.
3621 4919 3676 4969 ιε,

1704 5057 1939 5111 νΛῐῖΙιΕ
1982 5058 2383 5113 LECTIONES.

514 5165 539 5191 ιι
568 5152 774 5219 ”Αγιον.
800 5150 973 5206 Oxon.
1000 5152 1199 5207 ἔνθεον.

1277 5162 1303 5188 ν
1336 5152 1665 5222 Σωοήσεται.
1700 5152 1889 5208 Scribe
1923 5156 2270 5225 ἰσωθήσεται.

1971 5292 2203 5349 ΝΟΤίΕ.

517 5381 596 5455 (9)
615 5380 809 5455 Οηιηεε-
825 5390 1036 5455 peccato
1057 5382 1265 5436 obnoxii
1291 5391 1462 5437 erant.
1483 5382 1616 5455 Cum
1640 5383 1868 5455 Moyses,
1894 5396 2007 5440 tum

445 5452 726 5522 propheta:
764 5452 878 5513 alii,
913 5453 1117 5521 quibus
1150 5460 1208 5505 ut
1241 5454 1605 5507 sanctioribus
1640 5452 2008 5522 reparationis

447 5528 648 5575 nostrae
662 5523 938 5591 negotium
962 5522 1252 5591 videbatur
1274 5522 1477 5577 debere
1506 5524 1799 5587 committi,
1832 5533 1891 5579 ut
1911 5527 2006 5580 ulli

446 5604 597 5665 purae
648 5600 935 5665 creaturae
960 5590 1155 5646 fuisset
1193 5592 1665 5665 committendum.
1728 5593 2006 5665 lnterpres

446 5673 552 5712 non
584 5661 722 5714 bene
745 5661 811 5715 ad
842 5660 1153 5730 redemptos
1181 5661 1367 5716 refert.
1398 5662 1629 5716 Cousnr.

2190 5389 2298 5459 (10)
2323 5390 2533 5460 Alioqui
2581 5392 2810 5460 priorem
2841 5393 2948 5445 illis
2987 5409 3105 5447 eam
3134 5397 3407 5450 renuisset.
3443 5399 3679 5459 Pulchra

2117 5459 2467 5530 sententiain
2498 5459 2669 5514 noros
2700 5462 3072 5530 Eutychianos
3096 5465 3332 5520 humana
3360 5467 3683 5528 interimen-

2117 5538 2202 5604 tes
2228 5529 2281 5604 in
2321 5527 2542 5604 Christo
2573 5527 2823 5604 homine.
2848 5531 3122 5604 Interpres
3165 5533 3353 5604 Cyrilli
3380 5555 3393 5590 :
3429 5527 3683 5603 Quando-

2113 5598 2324 5672 quidem
2376 5598 2545 5672 ipsum
2597 5607 2720 5652 ante
2746 5598 3110 5672 istasrcnuit;
3146 5598 3348 5672 quibus
3378 5598 3678 5669 absurdum

2113 5667 2178 5719 ab
2201 5666 2429 5737 Eulogio
2461 5677 2821 5738 assumptum,
2847 5671 2969 5740 ejus
2988 5666 3257 5728 assertum
3284 5675 3432 5731 facit.
