4114 6296
507 275 646 339 2927

1522 280 1580 340 S.
1622 279 1944 341 EULOGII
1984 279 2334 342 ARCHIEP.
2376 281 2750 346 ALEXAND.

3608 291 3749 355 2928

504 386 752 452 Superna
806 381 900 438 illa
953 379 1244 439 nativitate
1304 392 1430 439 ante
1479 386 1698 442 saecula.
1760 385 2066 451 Quomodo,

2178 385 2323 452 der;
2354 388 2407 440 τί
2433 387 2526 442 οῦν
2550 405 2566 454 ;
2596 388 2857 452 ἀδύνατος
2904 390 2933 442 6
2956 389 3126 457 Λόγος
3150 392 3300 462 παρὰ
3329 393 3419 445 τὸν
3444 402 3469 429 ι
3500 395 3745 466 lla-ripa;

472 475 670 529 .Pater
700 475 874 547 major
912 492 995 530 me
1033 485 1110 530 est
1138 476 1218 530 ἰτῖ
1259 476 1556 532 Nativitate
1610 477 1665 531 in
1713 477 2073 532 inferioribus

446 616 450 625 .
500 582 569 622 ex
618 567 860 637 Virgine.
909 567 1216 633 Quomodo,
1264 568 1366 633 Qui
1411 569 1536 623 vidit
1583 585 1683 634 me,
1719 571 1846 624 vidit
1880 578 1930 622 et
1966 568 2073 623 Pa-

447 713 455 721 ,
503 670 639 713 trem
682 658 777 712 Mi?
820 659 1068 714 lncreata
1107 660 1272 715 Verbi
1326 669 1544 715 natura.
1589 659 1898 727 Quomodo,
1954 659 2073 713 Non

503 763 713 818 possum
742 747 913 816 facere
929 748 1215 817 quidquam
1243 765 1275 801 a
1307 748 1609 816 memetipso
1632 747 1716 799 “9?
1738 745 1878 812 Quid
1906 744 2074 814 ergo?

502 839 744 894 Verbum
767 854 839 893 ne
866 838 1070 892 minori
1094 854 1201 908 pra:
1229 839 1387 892 Patre
1423 839 1667 908 potentia
1707 837 1829 893 est?
1871 835 2072 891 Procul

500 931 573 984 sit
597 929 799 983 Ariana
847 928 939 982 illa
979 928 1222 982 vesania.
1270 926 1411 993 Quid
1438 936 1522 982 est
1556 927 1702 997 quod
1731 926 1867 981 dicit
1898 944 1913 979 :
1948 924 2075 980 Cla-

501 1021 652 1089 riﬁca
682 1035 785 1085 me,
819 1019 983 1072 Pater
999 1019 1085 1072 '°?
1126 1018 1342 1088 Corpus
1364 1019 1550 1074 Verbi.
1576 1018 1711 1083 Quis
1735 1017 1868 1071 dicit
1904 1033 1916 1068 :
1957 1015 2071 1085 Ego

497 1114 555 1167 in
582 1112 764 1175 Patre,
800 1120 848 1164 et
886 1109 1046 1163 Pater
1085 1111 1141 1162 in
1171 1126 1253 1162 me
1284 1118 1358 1162 est
1390 1109 1480 1161 5‘?
1524 1109 1763 1164 Verbum
1798 1106 1943 1176 quod
1985 1115 2072 1160 est.

501 1205 556 1257 in
583 1218 829 1273 corpore.
876 1201 1163 1268 Quomodo
1199 1202 1276 1255 ait
1319 1219 1332 1254 :
1378 1201 1594 1255 Patrem
1641 1215 1832 1261 meum,
1868 1206 1916 1250 et
1958 1197 2069 1252 Pa-

500 1305 633 1348 trem
659 1302 885 1348 vestrum
915 1294 1003 1346 In?
1032 1294 1192 1347 Pater
1223 1291 1446 1361 quidem
1485 1292 1646 1345 Pater
1677 1298 1781 1352 est,
1810 1304 1921 1342 non
1943 1303 2067 1342 car-

498 1388 604 1447 nis,
660 1385 754 1440 sed
806 1385 901 1439 Dei
951 1384 1118 1439 Verbi
1163 1382 1310 1451 quod
1341 1389 1426 1436 est
1459 1398 1522 1436 ex
1569 1383 1709 1450 ipso.
1758 1380 2066 1446 Quomodo.

500 1478 665 1529 Deum
725 1492 916 1539 meum,
971 1482 1021 1527 et
1075 1475 1241 1527 Deum
1292 1474 1560 1526 vestrum?
1616 1473 1762 1526 Deus
1803 1479 1910 1531 est,
1956 1486 2065 1524 non

2178 479 2358 545 ἄπαγε
2388 482 2487 549 τῆς
2524 479 2867 551 Ἀρειανικῆς
2899 482 3352 551 φρενοϐλαϐείαςῑ
3390 485 3454 536 Τί
3492 485 3552 537 τὸ
3573 485 3748 553 λέγονο

2177 575 2452 637 Δόξασόν
2472 592 2571 643 με,
2618 574 2849 641 Πάτερ;
2880 577 2953 628 Τὸ
2998 576 3154 646 σῶμα
3196 577 3289 629 τοῦ
3340 577 3530 645 Λόγου.
3585 579 3680 641 Τίς
3723 582 3752 632 6

2174 665 2369 733 λέγων·
2416 666 2561 736 Ἐγὼ
2591 666 2660 719 ἐν
2693 665 2773 732 τῷ
2806 668 3010 734 "arpi,
3043 669 3141 721 καὶ
3184 673 3216 722 ὁ
3247 669 3446 737 Πατὴρ
3477 670 3547 722 ἐν·
3584 669 3749 737 apol;

2186 756 2245 810 ’0
2264 760 2320 810 ἐν
2340 756 2416 827 τῷ
2435 757 2644 828 σώματι
2666 758 2856 826 Λόγος.
2895 759 3036 823 Πῶς,
3070 760 3298 829 Πατέρα
3318 778 3458 828 μου,
3502 760 3599 813 καί
3636 763 3753 813 Πα-

2175 847 2317 915 τέρα
2367 847 2574 917 ὐμῶν;
2616 849 2804 918 Πατὴρ
2851 848 2951 917 μὲν
2997 852 3025 902 6
3060 850 3268 918 Πατὴρ,
3297 851 3356 902 οῦ
3390 851 3487 920 τῆς
3527 851 3747 920 σαρκὸς,

2172 938 2308 992 ἀλλὰ
2345 939 2440 992 τοῦ
2471 940 2529 1003 ἐξ
2561 940 2725 993 αὐτοῦ
2747 941 2879 994 Θεοῦ
2906 941 3099 1009 Λόγου.
3135 943 3286 994 Θεόν
3302 960 3443 1009 μου,
3480 943 3574 993 καὶ
3602 942 3750 995 Θεὸν

2171 1028 2374 1097 ὑμῶν;
2405 1029 2557 1092 Θεὸς,
2582 1030 2641 1081 οὐ
2664 1030 2757 1083 τοῦ
2781 1031 2978 1097 Λόγου·
3023 1030 3141 1091 πῶς
3174 1030 3282 1100 γάρ
3317 1031 3468 1082 ἔσται
3493 1030 3589 1082 τοῦ
3632 1032 3746 1082 ἴσου

2176 1117 2345 1171 αὑτοῦ
2396 1118 2530 1171 Θεοῦ
2572 1120 2733 1185 Θεός;
2769 1119 2902 1173 ἀλλὰ
2930 1120 3061 1179 Θεὸς
3090 1120 3187 1188 τῆς
3219 1122 3275 1171 ὲν
3304 1120 3382 1188 τῷ
3418 1121 3578 1189 Λόγῳ
3612 1136 3744 1189 μορ-

2173 1208 2282 1277 φῆς
2309 1208 2403 1261 τοῦ
2447 1208 2657 1265 δούλου.
2699 1210 2818 1278 Πρὸ
2855 1210 2962 1264 τοῦ
3006 1209 3252 1278 Ἀϐραὰμ
3298 1210 3596 1278 γενέσθαι,
3634 1209 3751 1278 ἐγώ

2170 1302 2327 1369 εὶμι;
2364 1300 2422 1351 Ὀ
2443 1302 2499 1353 ἐν
2521 1303 2588 1370 τῇ
2627 1301 2789 1370 σαρκὶ
2822 1300 2954 1364 Θεὸς
2980 1301 3171 1368 Λόγος.
3202 1302 3416 1368 Κύριος
3442 1297 3570 1354 εἶπε
3599 1301 3748 1367 πρός

2171 1407 2262 1455 με·
2313 1391 2449 1455 Υἱός
2474 1406 2595 1458 μου
2620 1386 2675 1443 εἷ
2695 1390 2798 1453 σὺ,
2830 1391 2943 1460 ἐγὼ
2971 1393 3237 1460 σήμερον
3268 1391 3599 1460 γεγέννηκά
3633 1407 3741 1455 σε;

2169 1481 2248 1550 Τῇ
2276 1482 2575 1551 προσφάτῳ
2609 1482 2702 1534 τοῦ
2732 1484 2907 1550 Λόγου
2933 1484 3224 1552 σαρκώσει.
3259 1484 3333 1535 Οὐ
3360 1487 3467 1551 γὰρ
3498 1482 3652 1544 ἄλλος
3675 1478 3745 1553 ἦν

499 1568 686 1621 Verbi.
737 1565 1020 1632 Quomodo
1060 1564 1208 1619 enim
1256 1565 1401 1618 Deus
1440 1563 1667 1618 exsistat
1702 1561 1931 1631 aequalis
1961 1560 2066 1614 sibi

2165 1571 2194 1620 6
2221 1569 2327 1638 πρὸ
2364 1570 2643 1638 ἑωσφόρον
2681 1573 2745 1623 ἐκ
2776 1571 2986 1641 Πατρός
3018 1571 3322 1641 γεννηθεὶς,
3367 1570 3463 1623 καὶ
3502 1570 3679 1633 ἄλλος,
3716 1573 3744 1623 6

496 1659 630 1712 Dei?
653 1658 743 1711 sed
774 1658 916 1711 Dens
938 1655 1085 1710 illius
1109 1671 1231 1725 qua:
1254 1664 1338 1709 est
1366 1654 1419 1707 in
1446 1654 1645 1712 Verbo.
1678 1653 1870 1706 formae
1892 1652 2061 1706 servi.

2170 1659 2228 1710 ὲν
2262 1659 2509 1728 Βηθλεὲμ
2541 1660 2605 1711 ὲκ
2643 1660 2850 1731 μητρὸς
2882 1661 3207 1730 σαρκωθείς.
3248 1662 3311 1712 Et
3341 1660 3450 1729 γὰρ
3480 1662 3571 1713 καὶ
3598 1661 3744 1712 Παῦ-

496 1751 792 1817 Antequam
837 1745 1106 1800 Abraham
1128 1720 1326 1812 Ἕρνιξι,
1359 1759 1452 1812 ego
1480 1759 1594 1796 sum
1626 1742 1710 1795 ⁸³2
1755 1742 1899 1796 Deus
1926 1741 2065 1795 Ver-

2168 1749 2259 1812 λος
2289 1751 2316 1802 6
2342 1720 2717 1819 Σαμωσατεῦς
2739 1720 2912 1804 ταῦτα
2948 1720 3316 1821 παραφρονεῖ,
3351 1720 3465 1804 άλλέ
3503 1754 3564 1804 οὐ
3598 1750 3749 1804 Παῦε-

497 1843 627 1895 bum
667 1838 812 1909 quod
862 1848 949 1892 est
993 1837 1049 1891 in
1099 1850 1284 1892 carne.
1346 1834 1602 1888 Dominus
1631 1834 1762 1887 dixit
1812 1834 1882 1887 ad
1931 1849 2013 1886 me
2044 1849 2063 1888 :

2168 1839 2258 1901 λος
2299 1843 2325 1892 6
2369 1841 2613 1911 Ταρσεὺς
2665 1841 2839 1894 ταῦτα
2874 1842 3135 1895 νουθετεῖ.
3190 1842 3330 1895 Ἀλλ’
3362 1843 3449 1894 ὅτε
3498 1843 3597 1911 μὲν
3644 1844 3745 1911 τὴν

500 1932 662 1986 Filius
696 1949 838 1986 meus
871 1947 921 1984 es
953 1938 1051 1983 tu‘:
1085 1945 1177 1999 ego
1206 1929 1355 1982 hodie
1390 1928 1543 1997 genui
1586 1936 1636 1979 te
1659 1925 1745 1978 3‘?
1791 1925 2064 1979 Nimirum

2173 1924 2266 1977 τοῦ
2301 1924 2436 1978 Θεοῦ
2473 1927 2684 1996 μορφὴν
2719 1928 2776 1979 ὲν
2805 1930 2873 1998 τῇ
2898 1927 2993 1980 τοῦ
3027 1928 3214 1981 δοῦλου
3255 1930 3434 1998 μορφῇ
3465 1929 3742 1997 σημαίνει.

497 2039 635 2076 nava
685 2020 1063 2076 incarnatione
1103 2018 1265 2073 Verbi
1316 2035 1328 2070 :
1390 2033 1500 2071 non
1538 2018 1684 2070 enim
1734 2016 1875 2071 alius
1921 2024 2062 2083 erat,

2175 2016 2293 2087 βοᾷ·
2337 2019 2439 2083 Ὃς
2467 2016 2553 2070 ὢν
2579 2019 2946 2089 ἀπαύγασμα
2992 2019 3103 2086 τῆς
3130 2019 3334 2085 δόξης·
3362 2023 3450 2073 ὅτε
3482 2021 3539 2072 δὲ
3573 2021 3736 2072 πάλιν

472 2115 588 2183 qui
625 2122 751 2167 ante
770 2112 1059 2166 luciferum
1093 2124 1159 2163 ex
1188 2110 1350 2165 Patre
1378 2108 1595 2178 genitus
1621 2108 1788 2172 est",
1815 2106 2064 2177 aliusque

2171 2111 2271 2180 τῆς
2307 2111 2364 2162 ὲν
2420 2109 2498 2180 τῷ
2545 2111 2704 2181 Λόγῳ
2757 2112 3050 2179 ἑνωθείσης
3095 2113 3297 2182 σαρκὸς
3342 2112 3439 2181 τὴν
3478 2112 3744 2181 διαφορὰν

497 2205 591 2274 qui
623 2221 691 2260 ex
724 2212 896 2257 matre
923 2204 978 2256 in
1009 2200 1327 2256 Bethlebem
1353 2199 1665 2254 incarnatus
1695 2207 1796 2253 est.
1823 2199 2063 2255 Tametsi

2174 2200 2450 2269 σημαίνει,
2479 2200 2646 2270 λέγει’
2690 2202 2760 2254 Ὃ
2801 2200 2867 2254 δὲ
2897 2203 3040 2268 Θεὸς
3067 2202 3164 2255 καὶ
3192 2203 3293 2254 τὸν
3326 2203 3545 2269 Κύριον
3583 2201 3745 2271 ἤγειρ-

496 2296 642 2351 enim
688 2294 889 2347 Paulus
919 2288 1314 2347 Samosatensis
1344 2287 1459 2341 haec
1512 2286 1752 2346 delirat;
1802 2283 1947 2338 haud
1984 2294 2064 2338 ta-

2165 2306 2309 2356 ρεν·
2357 2290 2442 2342 ἵνα
2493 2291 2814 2359 ἀμφοτέρων
2865 2291 2972 2345 τῶν
3019 2295 3076 2343 ὲν
3129 2291 3206 2360 τῷ
3250 2290 3460 2359 σώματι
3520 2291 3746 2361 μορφῶν

496 2404 623 2442 men
682 2386 885 2441 Paulus
932 2381 1218 2436 Tarsensis
1262 2380 1368 2433 ista
1416 2377 1618 2432 docet:
1651 2375 1749 2430 sed
1793 2390 1918 2429 cum
1962 2372 2061 2429 Dei

2172 2379 2464 2444 ἀποδείξας
2509 2380 2608 2449 τὴν
2657 2381 2966 2450 διάγνωσιν,
2996 2383 3089 2435 καὶ⁸
3125 2383 3380 2435 Μάνεντα
3420 2382 3509 2434 τὸν
3537 2398 3745 2448 φαντα-

492 2480 724 2533 t‘ormam
758 2477 814 2530 in
843 2474 984 2530 servi
1014 2473 1188 2527 forma
1220 2466 1507 2540 signiﬁcat,
1536 2469 1735 2522 clamat
1766 2484 1779 2519 :
1817 2466 1917 2531 Qui
1945 2483 2062 2519 cum

2173 2469 2453 2540 σιομάχον,
2503 2473 2597 2526 καὶ
2631 2473 2841 2526 Παῦλον
2875 2472 2966 2526 τὸν
3016 2473 3498 2546 ἀνθρωπολάτρην,
3530 2471 3745 2534 Παῦλος

491 2575 560 2626 sit
587 2570 834 2641 splendor
860 2567 1045 2637 gloria!
1076 2565 1124 2597 ⁸⁸
1155 2581 1168 2618 :
1205 2577 1438 2630 cumque
1464 2574 1656 2615 rursus
1678 2559 2062 2614 carnis'Verbo

2171 2561 2199 2612 6
2234 2560 2524 2625 ἀπόστολος
2554 2564 2890 2635 καταϐάλλῃ.

496 2661 661 2715 unitas
699 2656 1067 2714 differentiam
1110 2652 1380 2722 designat,
1426 2650 1505 2704 ait
1544 2665 1559 2703 :
1609 2648 1747 2701 Deus
1785 2652 1963 2701 autem
2004 2655 2055 2700 et
2090 2646 2373 2703 Dominum
2433 2655 2808 2718 suscitauit";
2842 2663 2901 2708 ut
2966 2654 3252 2721 utriusque
3283 2654 3472 2710 formae
3529 2655 3586 2708 in
3617 2668 3742 2708 eor-

494 2770 628 2824 pore
677 2752 976 2808 discrimen
1019 2747 1335 2811 ostendens,
1396 2759 1521 2800 cum
1572 2742 1844 2798 Manetem
1904 2742 2059 2796 illum
2097 2746 2459 2800 oeconomiam
2506 2747 2795 2817 phantasia
2838 2748 3242 2806 discernentem
3310 2767 3375 2806 ac
3434 2750 3582 2805 inani
3611 2765 3742 2821 spe-

494 2848 597 2905 cie,
647 2852 760 2897 tum
796 2841 1036 2896 Paulum
1083 2835 1472 2891 hominicolam
1524 2832 1726 2887 Paulus
1777 2832 2060 2902 apostolus
2097 2844 2429 2903 prosternat.

564 2936 657 2990 ιχ.
699 2934 780 2989 Tn
832 2946 963 2985 vero
998 2928 1131 3001 quid
1180 2929 1294 2984 ais?
1342 2925 1482 2995 Quid
1524 2924 1738 2991 statuis,
1770 2940 1909 2979 nove
1941 2925 2055 2979 Ma-

2239 2927 2316 2984 Θ’.
2366 2931 2438 2983 Σὺ
2484 2929 2540 2983 δὲ
2587 2931 2640 2984 τί
2673 2931 2893 3001 λέγεις;
2941 2934 2995 2986 τί
3023 2934 3353 3005 νομοθετεῖς,
3380 2935 3426 2994 ὧ
3459 2935 3544 2988 vis
3569 2936 3744 2989 Mth-

496 3029 704 3085 nieha‘e
741 3042 804 3081 ac
838 3042 975 3095 pure
1018 3033 1259 3094 puteque
1304 3022 1451 3076 illius
1480 3021 1737 3075 defensor
1762 3016 2065 3074 amentiae?

2169 3022 2311 3091 χαῖε,
2347 3020 2443 3074 καὶ
2472 3022 2679 3093 καθαρὲ
2704 3025 2804 3094 τῆς
2840 3027 3050 3079 ὲκεῖνου
3085 3026 3284 3096 μανίας
3318 3026 3606 3097 ὑπερμαχε
3631 3044 3647 3093 ;
3673 3029 3738 3080 οὐ

503 3125 620 3177 Non
654 3119 914 3175 concedis
958 3132 1178 3171 carnem
1202 3125 1453 3170 naturam
1487 3112 1798 3168 nominari?
1837 3114 1906 3166 At
1942 3110 2064 3166 Illic

2167 3111 2321 3176 δίδως
2366 3113 2428 3167 τδ
2459 3112 2747 3183 ὀνομάζειν
2805 3114 2904 3185 τὴν
2957 3115 3134 3186 σάρκα
3175 3116 3371 3184 φύσιν;
3423 3115 3536 3168 ἀλλ’
3588 3116 3747 3169 Ἐκεῖ

497 3214 727 3284 trepidas
776 3213 980 3275 timore,
1038 3209 1124 3261 ubi
1173 3224 1277 3262 non
1321 3216 1438 3260 erat
1470 3208 1626 3260 timor
1660 3205 1726 3259 ⁸⁸.
1775 3203 1888 3258 Nec
1930 3216 2062 3257 vero

2166 3204 2393 3274 δειλιᾷς
2415 3207 2576 3274 φόϐῳ
2597 3204 2669 3264 οὗ
2702 3210 2810 3262 οὐκ
2857 3203 2935 3279 ἦν
2977 3209 3184 3278 φόϐος.
3226 3209 3362 3262 Οὐδὲ
3401 3208 3493 3262 τὸν
3536 3209 3742 3262 Δεσπό-

498 3308 785 3365 Dominum
809 3303 1087 3360 revereris
1110 3302 1166 3356 in
1190 3311 1433 3372 tempore
1451 3299 1721 3371 passionis
1745 3298 2017 3352 dicentem
2045 3311 2057 3347 :

2165 3315 2265 3367 την
2292 3299 2515 3371 ᾔδεισθα
2544 3309 2574 3347 γ
2596 3300 2822 3368 λέγοντα
2855 3302 2914 3355 ὲν
2953 3301 3031 3371 τῷ
3069 3301 3246 3372 καιρῷ
3272 3299 3367 3355 τοῦ
3403 3300 3628 3363 πάθους·
3664 3299 3737 3353 Τὸ

496 3401 722 3470 Spiritus
739 3397 946 3465 quidem
973 3403 1244 3466 promptus
1261 3403 1358 3459 est,
1390 3409 1514 3447 care
1539 3398 1713 3445 autem
1734 3388 1950 3457 inﬁrma
1977 3386 2061 3439 "?

496 3492 553 3547 Si
603 3496 894 3559 promptus,
928 3485 1202 3557 quomodo
1243 3485 1458 3554 inﬁrma
1485 3482 1511 3535 ?
1550 3483 1810 3548 Qumnam
1856 3476 2059 3533 Christi

495 3583 704 3638 format
729 3574 913 3650 qualis
928 3593 1055 3632 caro
1076 3576 1325 3631 inﬁrma?
1351 3574 1589 3630 Omnino
1615 3571 1706 3625 illa
1726 3569 1941 3630 Adami,
1963 3567 2058 3637 qui

497 3671 804 3725 inﬁrmatus
820 3677 923 3723 est.
954 3666 1058 3733 Qui
1084 3679 1214 3720 vero
1238 3664 1401 3719 etiam
1432 3661 1629 3733 positis
1641 3659 1875 3732 genibus
1902 3658 2059 3713 orat?

494 3764 707 3833 Ergone
752 3760 993 3817 Verbum
1037 3755 1330 3826 precatur?
1374 3751 1660 3818 Quomodo
1717 3759 1902 3827 autem
1933 3765 2057 3805 cum

494 3856 641 3911 Deus
671 3854 763 3916 sit,
799 3858 1058 3921 precatur
1099 3849 1270 3902 Deum
1316 3863 1330 3898 :
1386 3842 1658 3913 siquidem
1705 3850 1790 3897 est
1834 3842 2061 3911 aequalis

494 3942 661 4006 Patri,
698 3941 779 3995 uti
813 3948 963 3994 certe
990 3936 1217 4006 aequalis
1250 3934 1370 3989 est?
1400 3935 1567 3989 Plane
1610 3942 1871 4003 precatur
1910 3932 2059 3987 haud

494 4035 718 4096 deitate,
741 4031 840 4087 sed
868 4045 975 4101 qua
1017 4036 1101 4084 est
1145 4028 1330 4082 homo.
1361 4025 1745 4095 Nam’alioqui
1782 4025 2059 4095 quomodo

493 4123 670 4178 dicit:
703 4122 1019 4175 Potestatem
1045 4117 1207 4173 habeo
1247 4117 1469 4188 ponendi
1510 4117 1747 4169 animam
1781 4132 1974 4179 meam,
2011 4123 2060 4168 et

495 4221 801 4285 potestatem
826 4212 1198 4271 habeatiterum
1226 4208 1463 4261 sumendi
1490 4223 1607 4261 eam
1632 4206 1712 4259 “'l
1752 4206 1857 4271 Qui
1892 4205 2060 4261 habet

2160 3389 2278 3458 μὲν
2325 3390 2562 3459 πνεῦμα
2602 3393 2928 3461 πρόθυμον,
2974 3393 3013 3460 ἡ
3048 3392 3117 3445 δὲ
3148 3392 3304 3460 σὰρξ
3340 3391 3647 3458 ἀσθενής-ς
3685 3393 3736 3444 εί

2165 3496 2247 3547 πρ
2284 3481 2507 3549 θυμος,
2548 3482 2666 3545 πῶς
2698 3483 3006 3552 ἀσθενής;
3045 3484 3173 3536 ποία
3228 3483 3469 3552 Χριστοῦ
3517 3484 3733 3552 μορφῆς

2166 3568 2295 3622 ποία
2348 3570 2487 3640 σὰρξ
2518 3573 2787 3644 ἀσθενήςς
2844 3575 3060 3636 πάντως
3108 3576 3159 3645 ή“
3191 3573 3286 3626 τοῦ
3340 3573 3737 3642 ἀσθενήσαντος

2177 3661 2366 3732 Ἀδάμ.
2401 3663 2526 3727 Πῶς
2552 3663 2608 3716 δὲ
2641 3665 2737 3717 καὶ
2777 3664 2972 3718 κλίνων
2997 3667 3065 3718 τὰ
3095 3666 3295 3733 γόνατα
3340 3664 3733 3734 προσεύχεται;

2124 3764 2127 3765 ⁷
2165 3747 2273 3820 ἆρα
2289 3753 2317 3803 6
2337 3751 2509 3819 Λόγος
2535 3751 2752 3823 εὔχεται
2776 3771 2791 3821 ;
2825 3755 2918 3807 καὶ
2942 3755 3054 3815 πῶς
3076 3753 3208 3818 Θεὸς
3236 3754 3332 3819 ὢν,
3356 3754 3489 3806 Θεοῦ
3512 3753 3729 3818 δέεταις

2164 3845 2338 3914 εἰμὲν
2376 3844 2470 3898 οὖν
2503 3847 2617 3909 ἶσος
2645 3846 2722 3916 τῷ
2753 3848 2949 3918 Πατρὶ,
2985 3847 3172 3918 ὥσπερ
3215 3849 3309 3901 καὶ
3343 3848 3475 3911 ἴσος·
3525 3848 3586 3900 οὐ
3616 3846 3735 3899 0:6-

2163 3949 2287 4004 τητι
2325 3933 2563 4004 εὔχεται,
2616 3935 2732 3988 ἀλλ’
2784 3936 2858 3998 ὡς
2892 3935 3196 4006 ἄνθρωπος.
3242 3937 3570 4000 Ἐξουσίιιν
3616 3936 3733 4003 ἔχω

2165 4026 2350 4079 θεῖναι
2382 4026 2496 4094 τὴν
2526 4027 2739 4096 ψυχήν
2762 4045 2902 4097 μου,
2945 4028 3043 4081 καὶ
3070 4028 3362 4093 ἐξουσίαν
3394 4029 3511 4096 ἔχω
3548 4026 3734 4079 πάλιν

2163 4117 2372 4170 λαϐεῖν
2401 4119 2633 4185 αὑτήν;
2668 4120 2695 4171 6
2730 4118 2978 4183 ἐξουσίαν
3014 4118 3172 4188 ἔχων,
3227 4118 3345 4182 πῶς
3383 4118 3545 4172 ἄλλου
3596 4118 3732 4187 πρὸς

2167 4207 2415 4277 βοήθειαν
2445 4209 2657 4274 δέεται;
2699 4211 2726 4262 6
2778 4208 2970 4276 λέγων·
3006 4212 3244 4264 Λύσατε
3280 4210 3388 4264 τὸν
3419 4210 3570 4263 ναὸν
3594 4208 3731 4262 τοῖι-

494 4311 858 4371 potestatem,
915 4297 1192 4369 quomodo
1246 4297 1477 4352 alterius
1531 4296 1734 4350 auxilio
1804 4293 2059 4363 indiget?

2164 4316 2287 4353 τογ’
2323 4301 2489 4370 ἤγουν
2537 4301 2635 4371 τὴν
2664 4298 2858 4355 ἑαυτοῦ
2897 4303 3097 4372 σάρκα·
3132 4302 3231 4355 καὶ
3256 4302 3326 4354 ἐν
3356 4301 3555 4367 τρισίν
3583 4300 3732 4369 ἠμέ-

493 4394 599 4459 Qui
652 4391 788 4446 dicit
838 4408 850 4442 :

495 4481 671 4551 ipsius
702 4479 921 4534 carnem
952 4495 966 4531 :
1008 4485 1056 4531 et
1086 4479 1143 4530 in
1170 4476 1343 4530 triduo
1376 4476 1608 4530 excitabo
1644 4473 1781 4529 illud
1805 4474 1847 4505 “
1866 4513 1881 4539 ,
1928 4488 2063 4543 quo-

494 4569 680 4635 modo,
710 4584 745 4622 o
765 4567 985 4624 deitatis
1008 4577 1368 4639 oppugnator,
1392 4569 1486 4637 qui
1512 4566 1773 4636 templum
1789 4580 1951 4620 suum
1970 4580 2063 4620 ex-

494 4662 649 4721 citat,
681 4674 807 4714 cum
848 4659 1052 4728 templo
1101 4658 1367 4714 solvitur?
1414 4656 1472 4713 Si
1510 4655 1914 4726 quidem‘enim
1948 4656 2064 4726 ipse

497 4755 709 4809 solutus
733 4744 817 4807 est
841 4750 973 4823 (11),
1006 4750 1233 4807 omnino
1259 4759 1380 4821 eget
1407 4749 1716 4805 excitante?
1741 4747 1820 4803 'l‘u
1841 4748 2062 4818 quidem

567 4912 608 4939 ⁸⁷
643 4909 796 4964 Joan.
832 4925 939 4971 xw,
976 4908 1065 4964 28.
1156 4906 1201 4938 ⁸⁸
1244 4906 1378 4961 ibid.
1408 4905 1460 4959 9.
1538 4905 1764 4961 "’Joan.
1801 4923 1852 4972 ν,
1902 4908 1985 4962 19.

499 4981 539 5009 ’ν
578 4979 736 5033 Joan.
780 4995 901 5042 ‘vm,
941 4978 1027 5032 58.
1105 4976 1149 5008 ⁸⁸
1188 4976 1327 5030 Psal-
1362 4991 1418 5040 ιι,
1462 4974 1514 5027 7-

913 4387 1106 4444 Solvite
1155 4386 1406 4457 temwum
1444 4388 1537 4441 hoc
1576 4403 1595 4441 :
1637 4386 1694 4440 id
1740 4394 1841 4449 est,
1903 4399 2059 4439 suam

2164 4405 2288 4456 ραις
2322 4389 2505 4458 ἐγερῶ
2556 4393 2772 4445 αὐτόν·
2794 4463 2799 4467 ξ
2819 4392 2959 4454 πῶς,
2988 4386 3033 4444 ὦ
3063 4390 3316 4461 θεομάχε,
3348 4393 3439 4445 τὸν
3475 4390 3599 4444 ναὸν
3638 4391 3732 4443 τὸν

2163 4479 2364 4555 ἑαυῖοῦ
2401 4483 2650 4553 ἐγείρων,
2696 4481 2793 4534 σὺν
2828 4480 2904 4551 τῷ
2927 4481 3041 4552 ναῷ
3088 4480 3314 4547 λῦεταις
3345 4484 3392 4534 εί
3430 4482 3537 4550 γάρ
3571 4481 3734 4544 αὐτὸς

2163 4568 2399 4635 λέλυται,
2433 4571 2549 4623 ἀλλ’
2581 4572 2643 4624 οὐ
2686 4571 2902 4634 πάντως
2939 4571 3032 4624 τοῦ
3080 4572 3383 4642 ἐγείροντος
3429 4571 3637 4635 liis-cat;
3665 4572 3732 4623 σὺ

2169 4659 2267 4728 μὲν
2291 4662 2398 4732 γὰρ
2426 4662 2684 4731 φοϐῆσαι,
2715 4662 2789 4727 ὡς
2815 4664 3011 4728 δοκεῖς,
3042 4663 3118 4734 μὴ
3156 4663 3315 4734 σῶμα
3348 4662 3482 4716 Θεοῦ
3516 4662 3735 4716 ἁκούων

2168 4749 2342 4804 παθόν
2375 4767 2448 4817 τι,
2478 4752 2620 4825 ψιλῷ
2657 4753 2915 4823 κτίσματι
2960 4755 3342 4825 προσκυνήσῃς
3382 4756 3477 4807 καὶ
3538 4769 3730 4804 uotum-

2083 4907 2129 4940 "
2168 4902 2327 4961 Ioam
2361 4923 2489 4973 xvn,
2528 4911 2582 4965 5.
2659 4910 2702 4941 ⁸¹
2738 4911 2900 4966 'Ioan.
2951 4911 3157 4971 xrv,'10.
3236 4913 3281 4944 "
3317 4912 3473 4966 Joan.
3516 4928 3605 4973 ις,
3642 4911 3734 4965 17.

1624 4976 1670 5008 ⁸⁸
1710 4976 1852 5030 Psal.
1904 4993 2009 5042 eix,
2043 4978 2095 5030 5.

496 5053 541 5082 ⁵⁵
577 5048 765 5104 Matth.
799 5064 941 5115 sxw,
972 5048 1057 5102 41.
1135 5047 1178 5077 ⁶⁰
1215 5045 1371 5101 Joan.
1397 5061 1449 5111 χ,
1479 5044 1563 5098 18.
1639 5047 1680 5078 ⁶¹
1720 5045 1873 5101 Joan.
1915 5062 1968 5113 ιι,
2005 5048 2092 5102 19.

2196 4976 2241 5008 ⁵⁸
2278 4976 2446 5031 Hebr.
2470 4995 2512 5044 ι,
2545 4984 2600 5038 '5.
2675 4980 2721 5015 ⁸⁷
2763 4980 2784 5035 1
2825 4979 2950 5034 Cor.
2992 4997 3061 5047 vr,
3096 4982 3179 5035 14.
3251 4984 3296 5016 ⁵⁸
3328 4982 3472 5038 Psal.
3508 4997 3624 5044 mn.
3675 4981 3731 5036 5.

1765 5192 2003 5248 VARIA'I
2039 5195 2442 5253 LECTIONES.

576 5308 600 5334 ι
635 5293 793 5364 Παρὰ
817 5294 928 5345 τόν.
960 5293 1137 5346 Oxon.
1174 5290 1305 5360 πρὸς
1332 5290 1441 5344 τόν.
1517 5300 1545 5338 7
1569 5289 1852 5363 ᾝδεισθα.
1882 5290 2057 5346 Oxon.
2086 5294 2326 5362 αίδῆσαι.

2006 5379 2237 5437 NOTAE.

577 5475 687 5543 (ll)
716 5472 835 5544 Ipse
856 5472 1056 5527 solutus
1088 5479 1183 5544 est.
1226 5470 1395 5544 Αὐτὸς
1424 5473 1451 5524 6
1480 5471 1703 5544 ἐγείρων
1728 5486 1744 5544 ζ
1777 5469 1867 5539 qui
1897 5469 2063 5544 habet

502 5540 786 5599 excitare:
827 5560 938 5597 non
977 5545 1135 5604 αὐτὸς
1162 5542 1190 5593 ὁ
1232 5542 1355 5605 ναός
1381 5557 1393 5570 ·
1427 5540 1695 5612 templum
1732 5540 1939 5609 ipsum;
1983 5540 2064 5594 uti

507 5615 646 5668 male
674 5612 845 5667 refert
881 5615 1151 5682 interpres
1182 5611 1388 5681 Cyrilli.
1425 5610 1560 5682 Levi
1590 5612 1894 5682 mutatione
1925 5626 2065 5682 cras-

508 5685 785 5739 sissimum
815 5680 1060 5738 errorem
1079 5680 1264 5736 verbis
1281 5681 1638 5750 sequentibus
1657 5680 1924 5750 corrigas,
1949 5681 2069 5732 ἀντὶ

2159 5468 2276 5533 τοῦ,
2318 5470 2488 5540 ἁλλάέ
2541 5470 2796 5525 restituto
2842 5468 3405 5540 apainterrogativo,
3449 5484 3575 5524 cum
3626 5484 3739 5540 quo

2164 5540 2311 5611 clara
2345 5539 2571 5594 omnino
2621 5555 2685 5594 ac
2729 5538 2902 5611 solida
2928 5538 3409 5611 procediﬁCyrilli
3437 5542 3598 5593 ratio.
3638 5538 3737 5594 \el

2166 5609 2284 5663 sine
2309 5611 2742 5681 interrogatione
2772 5605 3006 5680 legendo
3024 5611 3133 5679 ἄρα
3156 5605 3283 5664 οὖνῖ
3307 5609 3503 5665 eodem
3544 5624 3733 5663 sensu.
