4072 6304
329 407 468 474 2929

1386 418 1642 479 SERMO
1680 417 1759 478 ΙΝ
1802 415 2057 478 RAMOS
2098 419 2543 482 PALMARUM.

3442 423 3582 487 2930

332 523 518 596 νήσῃς·
560 522 672 593 ἐγὼ
717 524 773 579 δὲ
808 523 965 581 τοῦτο
996 525 1200 597 τρέμω,
1233 524 1307 600 μὴ
1353 525 1584 598 θεότητα
1619 530 1901 585 παθοῦσαν

2007 540 2254 587 metuere
2271 532 2501 596 videris,
2533 547 2601 585 ne
2624 544 2748 585 cum
2783 530 2878 586 Dei
2909 516 3110 602 corpus
3134 547 3351 602 passum
3376 534 3581 604 aliquid

331 616 428 669 καὶ
457 614 722 669 θανοῦσαν
751 616 909 682 εἴπω,
935 619 1027 671 καὶ⁸
1051 619 1111 670 τὸ
1142 620 1248 672 πᾶν
1270 621 1365 688 τῆς
1393 621 1623 689 Τριάδος
1648 622 1904 691 ἀτιμάσω

335 702 656 775 μυστήριον.
703 698 766 758 Εἰ
797 707 894 776 μὲν
926 707 1035 777 γὰρ
1063 710 1089 761 6
1120 707 1292 777 Λόγος
1321 706 1544 775 ἔπαθεν,
1570 711 1599 763 6
1628 711 1685 765 δὲ
1715 712 1905 784 Πατὴρ

331 792 579 862 ἀπαθοῦς
610 800 726 852 ἐστι
778 796 1010 868 φύσεως.
1045 807 1263 865 πάντως
1311 803 1446 875 ἄλλη
1494 798 1562 877 ἦν
1602 808 1761 861 οὐσία
1808 807 1904 861 τοῦ

332 891 534 959 Λόγου,
563 892 658 945 καὶ
688 892 817 961 ἄλλη
851 895 882 961 ὴ
914 892 1006 945 τοῦ
1033 893 1169 947 Θεοῦ
1212 895 1444 965 Πατρός.
1486 897 1595 951 Καὶ
1627 897 1679 950 τί
1719 898 1906 952 λοιπὸν

346 981 642 1051 ’Λρειανοῖς
673 982 938 1052 μάχεσθαι
966 983 1054 1036 διὰ
1080 985 1266 1053 τοῦτο;
1293 988 1342 1039 εἰ
1373 986 1431 1040 δὲ
1463 987 1561 1057 μία
1605 988 1763 1043 οὐσία
1795 990 1908 1043 Πα-

333 1073 482 1143 τρὺς,
536 1072 629 1125 καὶ
683 1072 775 1126 τοῦ
843 1074 1041 1141 Λόγου,
1096 1076 1321 1130 καὶτοῦ
1362 1077 1520 1145 ἁγίου
1565 1079 1903 1151 Πνεύματος,

332 1161 498 1214 ἔπαθε
532 1161 588 1214 δὲ
616 1164 643 1214 6
668 1162 762 1215 τοῦ
794 1163 930 1217 Θεοῦ
957 1165 1129 1235 Λόγος
1173 1169 1232 1220 ἐν
1268 1170 1465 1239 σαρκὶ,
1490 1169 1741 1241 παθητῆς
1773 1172 1906 1225 πάν-

331 1270 437 1315 τως
459 1252 647 1318 οὐσίας
675 1255 770 1307 καὶ
800 1255 1021 1327 θνητῆς,
1053 1260 1146 1311 καὶ
1176 1261 1204 1311 ὀ
1230 1260 1440 1330 Πατὴρ,
1473 1261 1651 1315 καὶτὸ
1686 1262 1909 1329 Πνεῦμα

330 1343 392 1396 τὸ
423 1343 596 1413 ἅγιον.
633 1346 695 1397 Et
718 1346 827 1417 γὰρ
862 1349 1168 1419 συνέπασχε
1198 1352 1264 1421 τῇ
1297 1351 1464 1423 σαρκὶ
1492 1354 1521 1405 6
1547 1353 1744 1419 Λόγος,
1776 1355 1910 1407 πάν-

332 1453 436 1499 τως
471 1436 566 1490 καὶ
603 1438 951 1509 συντέθνηκε.
1000 1441 1110 1492 Καὶ
1163 1442 1212 1494 εί
1265 1442 1611 1514 συντέθνηκε,
1659 1444 1779 1509 πῶς
1817 1446 1907 1499 τὸν

331 1527 463 1598 ᾅδην
492 1528 821 1593 ὲσκύλευσες
850 1529 966 1592 πῶς
982 1530 1107 1594 τοὺς
1127 1533 1352 1600 νεκροὺς
1382 1535 1716 1606 ἀνέστησεν;
1747 1537 1907 1608 εὐρε-

290 1692 294 1696 1
331 1618 555 1689 θήσεται
585 1618 642 1670 δὲ
676 1619 770 1671 καὶ
798 1618 974 1672 θανὼν
1022 1622 1310 1692 χωρισθεὶς
1339 1626 1553 1687 πάντως
1579 1623 1675 1679 τοῦ
1705 1624 1908 1691 ζῶντος

331 1710 564 1779 Πατρός.
593 1711 704 1764 Καὶ
734 1713 783 1764 εί
809 1711 989 1778 τοῦτο,
1011 1714 1111 1767 οὐκ
1135 1714 1214 1768 ἔτι
1240 1716 1424 1770 λοιπὸν
1455 1718 1624 1789 Τριὰς
1654 1720 1713 1771 ὲν
1741 1720 1906 1790 οὐρα-

330 1800 406 1870 νῷ
443 1801 587 1854 κατὰ
617 1802 708 1856 τὸν
745 1802 841 1856 τοῦ
876 1804 1082 1866 πάθους
1105 1807 1317 1876 καιρδν,
1344 1808 1477 1861 ἀλλὰ
1514 1808 1667 1876 δυὰς,
1701 1810 1906 1879 ἀναμέ-

329 1905 494 1942 νουσα
525 1889 613 1942 τὸν
640 1890 833 1959 Λόγον,
868 1892 956 1945 ἵνα
983 1894 1092 1947 ἀπὸ
1113 1895 1206 1948 τοῦ
1236 1898 1448 1968 Πατρὸς
1472 1900 1702 1970 ἀναστῇ,
1734 1902 1829 1954 καὶ
1849 1903 1907 1956 ὲν

326 1979 543 2050 οὐρανῷ
561 1980 780 2052 ἀνέλθῃ.
821 1983 885 2034 Ὢ
912 1984 1011 2053 τῆς
1037 1984 1297 2056 ἀθεμίτου
1323 1987 1561 2059 τόλμηςῑ
1595 1992 1747 2055 ποῖος
1785 1991 1908 2062 ὄφις

325 2066 619 2138 ψιθυρίσας
664 2070 916 2143 ήπάτησε
973 2073 1096 2137 τοὺς
1159 2075 1462 2147 θεομάχους
1516 2078 1760 2150 παθητὸν
1813 2080 1905 2134 τὸν

325 2158 511 2227 ἀπαθῆ
555 2161 974 2231 ἀποφήνασθαι;
1014 2165 1065 2218 οἳ
1112 2165 1205 2220 τὸν
1250 2168 1489 2239 Κτίστην
1533 2170 1747 2225 ποιοῦσι
1796 2171 1905 2225 τῶν

326 2249 640 2320 κτισμάτων
674 2250 1078 2325 ἀσθενέστερον.
1111 2256 1228 2310 Οὐκ
1269 2257 1528 2332 ὲντρέπῃ,
1561 2254 1607 2313 ὧ
1634 2260 1900 2332 αἱρετικὲ,

326 2339 479 2411 ἥλιον
522 2344 579 2394 ὲν
626 2341 826 2414 δένδρῳ
864 2339 1237 2415 τυγχάνοντα,
1284 2351 1381 2403 καὶ
1424 2350 1488 2403 τὸ
1542 2352 1639 2420 μὲν
1688 2352 1907 2422 δένδρον

329 2431 681 2502 τεμνόμενον,
703 2432 796 2488 τὸν
825 2434 882 2487 δὲ
906 2435 1057 2505 ἥλιον
1078 2437 1200 2491 οὐδὲ
1218 2439 1611 2510 χωριζόμενον,
1635 2442 1757 2497 οὐδὲ
1776 2458 1906 2496 συν-

327 2524 660 2595 τεμνόμενον
679 2541 694 2556 ο
722 2525 813 2581 τὸν
849 2527 906 2580 δὲ
943 2529 1043 2598 τῆς
1070 2529 1419 2602 δικαιοσύνης
1445 2533 1634 2587 Ἥλιον
1667 2534 1906 2606 παθητὸν

328 2619 504 2688 λέγων
533 2622 591 2673 ἂν
613 2621 688 2692 τῷ
720 2622 835 2693 ἰδίῳ
863 2623 1077 2694 σώματι
1098 2626 1389 2697 γενόμενον
1414 2645 1428 2695 ;
1450 2630 1571 2683 οὐδὲ
1598 2632 1765 2699 φονέα
1784 2632 1908 2686 τινὰ

329 2711 364 2782 ἦ
389 2712 720 2784 κακοῦργον,
755 2709 801 2766 ὦ
828 2716 1130 2788 κακοῦργε,
1166 2718 1420 2790 ἑώρακας
1449 2722 1690 2795 κεφαλὴν
1718 2724 1750 2794 ἢ
1789 2727 1904 2794 χεῖ-

331 2820 431 2875 ρας
458 2804 843 2875 στερούμενον,
875 2807 973 2878 τὴν
996 2808 1054 2862 δὲ
1087 2810 1356 2864 ἀθάνατον
1384 2821 1407 2849 ι
1433 2812 1612 2884 ψυχὴν
1633 2815 1799 2869 αὐτοῦ
1830 2819 1905 2888 μὴ

331 2896 884 2968 συναποθνήσκουσαν
914 2899 993 2970 τῷ
1034 2899 1286 2971 σώματις
1319 2898 1439 2958 εἶτα
1477 2904 1668 2960 ἔλαϐον
1700 2920 1727 2948 ι
1761 2903 1906 2963 οῦτοι

327 2989 551 3059 καιρίαν
578 2991 678 3059 τὴν
721 2991 938 3062 πληγὴν
970 2991 1075 3045 ὑπὸ
1102 2993 1198 3046 τοῦ
1233 2995 1435 3062 Λόγου,
1488 2997 1582 3050 καὶ
1614 2999 1909 3055 πέπτωκεν

324 3079 671 3152 όμθεομάχος·
697 3083 859 3136 πάλιν
888 3083 1220 3138 ἀνέπνευσεν
1241 3087 1270 3138 6
1301 3087 1704 3160 Χριστομάχος⁹
1746 3092 1907 3147 πάλιν

326 3174 675 3243 ἀναισχυντεῖ
713 3176 741 3227 6
781 3174 1051 3242 Ἰουδαῖος.
1082 3179 1148 3233 Τί
1173 3179 1347 3249 λέγων
1350 3198 1378 3270 ἑ
1702 3211 1707 3219 -

2008 623 2188 685 audis,
2232 625 2436 678 nudam
2479 629 2785 677 creaturam
2830 621 3054 687 adores,
3075 623 3239 692 eique
3270 626 3582 678 communi-

2007 729 2138 769 ces:
2170 724 2226 770 at
2265 730 2367 784 ego
2401 713 2535 768 illud
2577 712 2899 778 reformido,
2945 729 3012 768 ne
3060 713 3320 789 deitatem
3368 729 3582 783 passam

2007 814 2171 875 atque
2216 814 2490 861 mortuam
2535 805 2735 869 dicam,
2782 812 3071 874 totumque
3129 803 3417 859 Trinitatis
3462 819 3584 876 my.

2008 893 2238 948 sterium
2282 895 2489 963 probro
2514 892 2769 947 afﬁciam.
2800 891 2858 946 Si
2892 891 3118 961 quidem
3168 892 3315 946 enim
3342 892 3583 947 Verbum

2007 999 2228 1053 passum
2279 993 2385 1049 est,
2433 984 2594 1037 Pater
2638 988 2823 1037 autem
2874 990 2961 1036 est
2994 980 3316 1050 impatibilis
3349 988 3582 1044 naturae,

2008 1074 2233 1128 omnino
2259 1075 2367 1128 erit
2404 1074 2508 1128 alia
2549 1071 2716 1128 .Verbi
2755 1070 3015 1136 essentia,
3069 1085 3136 1124 ac
3181 1070 3288 1124 alia
3335 1069 3435 1125 Dei
3479 1071 3583 1124 Pa-

2010 1165 2130 1220 tris.
2183 1164 2327 1230 Quid
2371 1179 2503 1219 vero
2532 1166 2645 1235 jam
2691 1178 2760 1218 eo
2818 1164 3045 1218 nomine
3096 1154 3398 1217 habeamus
3456 1177 3586 1217 cum

2007 1258 2230 1312 Arionis
2255 1256 2534 1327 pugnare?
2565 1255 2722 1322 Quod
2756 1254 2803 1310 si
2850 1269 2960 1309 una
3013 1263 3099 1309 est
3131 1254 3372 1310 essentia
3405 1253 3586 1308 Patris

1996 1342 2066 1401 et
2106 1346 2269 1400 Verbi
2300 1360 2365 1399 ac
2399 1345 2640 1414 Spiritus
2671 1345 2869 1409 sancti,
2901 1358 3123 1414 passum
3154 1351 3339 1398 autem
3365 1352 3452 1398 est
3485 1343 3585 1398 Dei

2009 1440 2249 1496 Verbum
2281 1440 2338 1494 in
2367 1455 2576 1505 carne;
2611 1438 2803 1507 utique
2846 1446 3011 1492 erunt
3056 1444 3112 1491 et
3152 1436 3335 1501 Pater,
3380 1444 3437 1489 et
3460 1433 3586 1503 Spi-

2009 1534 2150 1588 ritus
2194 1540 2438 1596 sanctus,
2466 1530 2712 1600 patibilis
2741 1546 2805 1585 ac
2843 1529 3090 1584 mortalis
3141 1527 3485 1582 substantiae.
3528 1525 3584 1579 Si

2007 1624 2155 1679 enim
2183 1623 2422 1679 Verbum
2466 1636 2576 1675 una
2605 1636 2730 1675 cum
2757 1635 2924 1675 carne
2959 1633 3180 1686 passum
3202 1627 3308 1683 est,
3356 1616 3585 1672 omnino

2008 1717 2174 1772 etiam
2201 1730 2326 1793 cum
2357 1713 2448 1767 illa
2478 1721 2761 1767 mortuum
2789 1720 2893 1766 est.
2918 1709 3074 1776 Quod
3096 1719 3185 1766 est
3207 1712 3417 1780 pariter
3438 1725 3584 1765 mor-

2008 1815 2187 1872 tuum,
2224 1804 2503 1876 quomodo
2529 1803 2786 1875 spoliavit
2821 1803 3067 1857 inferos?
3119 1802 3405 1868 Quomodo
3434 1817 3583 1857 mor-

2010 1907 2131 1953 tuos
2152 1895 2453 1952 excitavit?
2480 1894 2588 1951 Sed
2618 1903 2674 1949 et
2710 1895 2856 1964 quod
2897 1902 3149 1948 mortuus
3178 1893 3270 1957 sit,
3309 1892 3471 1962 plane
3502 1892 3587 1946 in-

2006 1990 2263 2045 venietur
2288 2004 2320 2042 a
2353 1988 2516 2043 Patre
2540 1987 2762 2043 vivente
2792 1995 3099 2056 separatus.
3127 1984 3284 2051 Quod
3308 1985 3353 2040 si
3377 1986 3454 2039 ita
3477 1992 3582 2046 est,

2006 2098 2119 2137 non
2144 2080 2381 2151 amplius
2421 2089 2540 2134 erat
2562 2079 2618 2133 in
2647 2079 2788 2134 caelo
2822 2077 3068 2132 Trinitas
3098 2085 3344 2146 tempore
3372 2075 3584 2142 passio-

2006 2173 2115 2237 nis,
2144 2171 2243 2226 sed
2271 2170 2495 2234 binitas,
2520 2177 2847 2238 exspectans
2881 2175 2943 2222 ut
2970 2167 3213 2223 Verbum
3248 2166 3576 2222 excitaretur

2006 2281 2037 2320 a
2068 2266 2250 2328 Patre,
2297 2270 2355 2317 et
2386 2261 2594 2317 rediret
2639 2261 2693 2315 in
2733 2260 2954 2315 ccelum.
3010 2257 3056 2313 Ο
3085 2257 3379 2313 nefandam
3414 2257 3572 2312 auda-

2007 2355 2190 2411 ciam?
2217 2353 2353 2419 Quis
2373 2366 2603 2422 serpens
2628 2350 2790 2406 sibilo
2819 2364 2921 2404 suo
2953 2347 3175 2402 deitatis
3200 2347 3391 2403 hostes
3421 2346 3589 2403 dece-

2005 2447 2108 2519 pit,
2128 2455 2191 2503 ut
2207 2446 2491 2517 patibilem
2511 2458 2655 2510 esse,
2676 2440 3036 2511 impatibilem
3055 2441 3230 2495 Deum
3250 2449 3582 2502 assererem,

2008 2539 2462 2610 qniCreatorem,
2498 2533 2700 2590 creatis
2730 2533 2898 2588 rebus
2927 2531 3133 2588 facient
3181 2531 3540 2587 infirmiorem
3562 2531 3587 2581 ’ἲ

2006 2632 2130 2687 Non
2160 2639 2215 2685 te
2245 2628 2441 2699 pudet,
2482 2644 2516 2683 o
2538 2627 2819 2692 haeretice,
2850 2635 2913 2681 ut
2942 2625 3116 2681 solem
3150 2623 3373 2695 quidem
3404 2622 3458 2676 in
3490 2638 3583 2676 ar—

2005 2724 2142 2779 bore
2169 2722 2548 2786 exsistentem,
2568 2734 2707 2775 caesa
2733 2718 2953 2784 arbore,
2975 2732 3080 2773 nec
3106 2715 3350 2787 separari
3373 2716 3442 2770 ab
3470 2714 3584 2779 illa,

2012 2827 2118 2868 nec
2142 2811 2349 2883 pariter
2375 2809 2533 2874 caadi,
2557 2807 2743 2874 dicas;
2774 2806 2959 2861 Solem
2985 2822 3118 2861 vero
3144 2805 3392 2877 iustitiae,
3411 2805 3467 2859 in
3487 2819 3589 2860 suo

2007 2918 2225 2962 asseras
2268 2915 2501 2971 corpore
2549 2898 2755 2954 factum
2798 2898 3125 2969 patibilem?
3154 2897 3366 2967 Neque,
3392 2913 3426 2951 o
3457 2913 3587 2966 per-

2008 3000 2145 3065 dite,
2190 2998 2403 3062 vidisti,
2440 2996 2521 3051 sic
2560 2993 2902 3049 homicidam
2942 3003 3040 3049 aut
3070 2993 3448 3048 facinorosum
3482 2990 3581 3045 ali-

2008 3107 2196 3162 quem,
2246 3089 2428 3159 capite
2457 3095 2553 3142 aut
2576 3086 2834 3142 manibus
2860 3085 3127 3149 truncari,
3172 3092 3235 3138 ut
3264 3093 3446 3138 tamen
3483 3082 3585 3136 im-

1934 3183 1979 3240 C
2011 3183 2261 3240 mortalis
2290 3182 2413 3252 ejus
2450 3180 2634 3234 anima
2684 3177 2833 3233 haud
2877 3175 3132 3231 interiret
3166 3173 3276 3246 (12)
3322 3190 3427 3229 una
3460 3189 3585 3229 cum

324 3266 597 3334 corpore?
624 3266 950 3335 Quanquam
993 3270 1051 3324 hi
1083 3271 1287 3328 lethale
1331 3266 1533 3330 vulnus
1568 3289 1895 3348 argumento
1931 3280 2037 3334 hoc
2078 3281 2433 3345 acceperunt,
2506 3271 2828 3340 corruitque
2896 3269 2997 3324 Dei
3044 3276 3424 3339 oppugnator;
3455 3283 3584 3323 rur-

324 3375 451 3416 sum
508 3367 690 3413 tamen
739 3361 951 3416 animos
1003 3364 1300 3434 resumpsit
1349 3377 1698 3439 oppugnator
1754 3369 1962 3427 Christi

324 3454 433 3509 bus
467 3452 695 3508 verbis?

393 3550 454 3608 l'.
491 3551 655 3621 Ὅρα,
710 3551 897 3622 φησὶν,
929 3554 1011 3607 ὅτι
1044 3555 1105 3608 οὐ
1136 3556 1292 3623 Θεὸν,
1330 3560 1446 3614 ἀλλ’
1477 3563 1767 3638 ἄνθρωπον
1792 3571 1906 3624 ἀπ-

321 3640 665 3712 εκτείναμεν.
696 3642 840 3712 Πρὸς
862 3643 923 3697 ὃν
969 3644 1174 3711 εὐθέως
1207 3649 1374 3707 καλὸν
1415 3656 1615 3723 εἰπεῖν,
1660 3661 1862 3716 Σιώπα
1887 3678 1898 3690 ·

320 3731 637 3802 πεφίμωσο
664 3746 678 3763 ·
720 3732 855 3787 λάσε
886 3736 1140 3806 κατόχιον
1171 3740 1264 3794 ἐπὶ
1284 3741 1364 3813 τῷ
1397 3746 1648 3817 στόματι.
1682 3751 1865 3806 Ἔστω
1888 3770 1902 3784 ·

322 3822 489 3893 νόμον
538 3822 815 3894 ὴθέτησας
839 3840 854 3856 ο
908 3824 1067 3893 ἔστω,
1131 3832 1446 3900 προφήτας
1504 3837 1904 3908 ἀπέκτεινας.

321 3915 445 3970 οὐδὲ
471 3915 564 3972 τὸν
585 3915 752 3971 Δαὸὶδ
781 3917 1045 3991 ἐρυθριᾷς
1074 3922 1201 3992 περὶ
1228 3923 1325 3977 τοῦ
1354 3926 1594 3996 Χριστοῦ
1632 3930 1861 4001 λέγοντα
1884 3951 1900 3965 ·

336 4006 440 4062 Ἐκ
461 4007 723 4075 γαστρὸς
757 4006 874 4076 πρὸ
909 4008 1220 4079 ἑωσφόρον
1242 4014 1538 4085 ἐγέννησέ
1559 4037 1670 4089 ys;
1708 4023 1766 4077 ὀ
1788 4027 1902 4078 Πα-

318 4098 427 4170 τὴρ
463 4098 595 4156 ἀνω.
642 4098 754 4153 Καὶ
787 4100 954 4155 πάλιν
975 4118 990 4134 ο
1028 4104 1244 4172 Κύριος
1279 4103 1412 4162 εἷπε
1454 4112 1605 4180 πρός
1622 4131 1700 4183 με
1723 4118 1905 4183 ’Υἱός

313 4208 436 4264 μου
472 4188 529 4246 εἷ
555 4193 659 4262 σὺ,
691 4194 808 4280 ἐγὼ
858 4194 1129 4266 σήμερον
1166 4201 1496 4271 γεγέννηκά
1526 4219 1622 4260 σε.
1653 4206 1758 4261 Δύο
1786 4208 1903 4280 ἔχει

317 4281 607 4353 γεννήσεις
638 4284 668 4336 6
698 4279 780 4347 εἷς
809 4286 904 4338 καὶ
937 4287 1099 4357 μόνος
1124 4289 1362 4361 Χριστός
1382 4308 1397 4322 ·
1423 4292 1552 4363 μίαν
1583 4297 1647 4349 ὲκ
1687 4279 1903 4369 Πατρδς

316 4371 585 4442 ἀχρόνως,
621 4375 717 4428 καὶ
748 4375 915 4447 ἄλλην
959 4379 1025 4432 ἐκ
1060 4381 1269 4452 μητρὸς
1296 4383 1557 4456 ἀσπόρως
1588 4402 1602 4416 ·
1636 4388 1767 4443 ὅταν
1807 4385 1907 4445 οῦν

316 4463 470 4534 λέγει
495 4480 510 4494 ο
555 4466 676 4521 Τὸν
696 4467 893 4523 νῶτόν
914 4489 1037 4539 μου
1054 4471 1286 4526 δέδωκα
1315 4476 1403 4542 εις
1437 4478 1762 4549 μάστιγας,
1795 4483 1907 4548 τὰς

314 4554 390 4608 δὲ
419 4558 710 4627 σιαγόνας
753 4578 877 4629 μου
918 4563 1005 4626 εἰς
1051 4563 1404 4635 ῥαπίσματα
1431 4581 1446 4596 ο
1485 4568 1660 4624 ταῦτα
1712 4572 1778 4625 ὲκ
1805 4574 1905 4643 τῆς

2036 3389 2051 3426 :
2117 3381 2314 3424 rursus
2366 3363 2719 3435 impudenter
2789 3360 3013 3418 Iudaeus
3059 3360 3396 3431 aggreditur.
3448 3360 3584 3429 Qui-

2078 3570 2146 3626 X.
2185 3567 2344 3635 Vide,
2396 3565 2596 3636 inquit,
2643 3571 2705 3617 ut
2752 3578 2865 3617 non
2909 3563 3107 3627 Deum,
3158 3562 3255 3617 sed
3302 3556 3585 3615 hominem

2005 3662 2474 3721 interfecerimus.
2507 3657 2608 3713 Cui
2644 3655 2908 3712 continuo
2943 3670 3125 3725 Operae
3168 3642 3417 3725 pretium.
3438 3650 3590 3706 dice-

2006 3772 2131 3812 mus
2156 3773 2171 3810 :
2212 3754 2365 3819 Tace,
2397 3753 2689 3806 obmutesce
2713 3750 2778 3816 ⁶¹;
2806 3747 2892 3802 ori
2920 3746 3137 3802 frenum
3163 3745 3385 3801 adhibe.
3416 3744 3546 3799 Esto
3568 3760 3587 3795 :

2003 3848 2183 3917 legem
2222 3849 2548 3913 aspernatus
2591 3840 2668 3895 sis
2716 3857 2732 3894 :
2782 3846 2938 3903 esto,
2971 3839 3250 3908 prophetas
3284 3835 3530 3890 occideris
3571 3851 3587 3887 :

2008 3953 2123 3993 non
2165 3934 2440 3991 revereris
2488 3931 2752 3986 Davidem
2783 3930 3058 3986 dicentem
3090 3929 3161 3984 de
3202 3927 3423 3983 Christo
3460 3945 3473 3981 :
3506 3927 3589 3983 Ex

2010 4036 2159 4083 utero
2188 4036 2312 4081 ante
2343 4010 2622 4093 laciferum
2652 4023 2833 4094 genuit
2860 4037 2943 4075 me
2973 4021 3055 4073 ‘3?
3078 4020 3287 4090 Nempe
3313 4033 3589 4088 supernus

2010 4119 2193 4176 Pater.
2249 4117 2318 4171 Et
2360 4128 2581 4170 rursum
2618 4130 2632 4166 :
2678 4113 2931 4166 Dominus
2970 4112 3102 4165 dixit
3145 4110 3215 4165 ad
3258 4124 3389 4164 me:
3422 4108 3588 4163 Filius

2012 4226 2157 4265 meus
2189 4225 2241 4263 es
2268 4215 2362 4264 tu:
2400 4222 2492 4277 ego
2519 4204 2670 4259 hodie
2704 4203 2860 4274 genui
2896 4211 2945 4256 te
2972 4202 3036 4256 “.
3079 4202 3225 4257 Duas
3251 4201 3420 4256 habet
3442 4200 3588 4255 nati-

2010 4302 2230 4369 vitates,
2262 4314 2409 4355 unus
2438 4299 2556 4368 ipse
2583 4312 2646 4353 ac
2672 4295 2967 4367 singularis
3001 4294 3291 4361 Christus;
3326 4308 3492 4348 unam
3521 4291 3610 4348 εξ(

2003 4394 2166 4465 Patre
2215 4392 2334 4448 sine
2384 4399 2652 4460 tempore,
2687 4388 2960 4457 aliamque
2993 4402 3064 4443 ex
3115 4395 3292 4442 matre
3337 4386 3456 4441 sine
3499 4401 3588 4440 se-

2001 4485 2174 4540 mine.
2204 4482 2342 4547 Cum
2367 4497 2499 4552 ergo
2532 4480 2641 4535 ait:
2667 4478 2803 4534 Dedi
2828 4478 3044 4533 dorsum
3061 4496 3235 4534 meum
3254 4480 3311 4533 in
3343 4476 3585 4549 ﬂagella,

1996 4586 2051 4631 et
2080 4592 2241 4648 genas
2268 4591 2414 4630 meas
2444 4574 2515 4628 ad
2553 4572 2746 4644 alapas
2764 4573 2812 4604 "
2837 4590 2852 4640 ;
2882 4572 3001 4628 haec
3037 4588 3106 4627 ex
3132 4572 3301 4627 Maria
3324 4587 3392 4627 ex
3439 4570 3586 4626 tribu

316 4644 540 4751 ἕαρίας
593 4648 695 4751 τῆς
731 4649 793 4714 ἐξ
856 4650 1218 4708 Ἰοῦδαΐλαϐε
1243 4672 1257 4686 ο
1306 4659 1402 4711 καὶ
1434 4659 1583 4730 ἅπερ
1621 4661 1682 4726 ἐξ
1732 4663 1904 4717 Ἰούδα

2005 4644 2141 4726 Iuda
2169 4670 2449 4739 suscepit:
2487 4676 2543 4723 et
2573 4682 2698 4738 quae
2741 4682 2808 4721 ex
2845 4665 2987 4722 Juda
3039 4666 3304 4736 suscepit,
3339 4667 3458 4721 haec
3484 4665 3585 4722 Ju-

317 4737 503 4836 ἔλαϐε,
535 4738 712 4794 ταῦτα
746 4741 1023 4809 Ἰουδαίοις
1057 4746 1312 4817 ῥαπίζειν
1343 4749 1440 4803 κα)⁸
1491 4750 1778 4820 μαστίζειν
1807 4754 1897 4808 δέ-

2005 4761 2135 4817 dteis
2166 4737 2529 4831 percutienda
2578 4737 2645 4814 ac
2693 4757 3017 4829 flagellanda
3047 4757 3293 4814 tradidit.
3326 4757 3458 4823 Quae
3489 4771 3587 4811 an-

314 4828 489 4883 δωκεν
518 4846 532 4860 ·
571 4831 607 4885 ἃ
633 4832 689 4887 δὲ
720 4834 796 4899 ὡς
829 4834 962 4901 Θεὸς
994 4841 1139 4892 κατὰ
1168 4839 1332 4909 φύσιν
1357 4840 1496 4912 ἔχει,
1524 4845 1647 4898 Οὐκ
1687 4844 1900 4914 ὄψεται

2005 4854 2115 4908 tem
2167 4828 2231 4906 ut
2278 4852 2422 4907 Deus
2476 4866 2577 4920 per
2627 4828 2883 4904 naturam
2938 4849 3126 4915 habet,
3157 4865 3222 4905 ea
3271 4849 3443 4903 Homo
3480 4865 3586 4902 non

312 4920 629 4991 ἄνθρωπος
663 4925 886 4992 ἐκεῖνα,
944 4928 1043 4983 καὶ
1081 4928 1344 5001 ζήσεται.
1390 4935 1531 4988 Ἀλλ’
1569 4937 1599 4990 6
1647 4937 1899 5004 Ἰουδαῖος

2005 4940 2218 5006 videbit,
2249 4950 2297 4993 et
2325 4940 2460 4994 vivet
2478 4940 2545 4992 ⁸⁵.
2570 4937 2675 4994 Sed
2706 4938 2874 4992 instat
2895 4953 3112 4992 rursum
3145 4936 3409 4992 Judaaus:
3438 4935 3586 5002 Quo-

316 5013 481 5069 πάλιν
499 5029 517 5048 ο
552 5015 677 5080 Πῶς
703 5012 796 5072 οὖν
823 5019 852 5072 ὁ
881 5022 1169 5093 προφήτης
1201 5027 1331 5093 περὶ
1350 5025 1444 5080 τοῦ
1478 5028 1899 5101 Σταυρωθέντος

2006 5033 2171 5088 modo
2206 5047 2337 5102 ergo
2364 5031 2636 5103 propheta
2678 5029 2747 5084 de
2796 5028 3222 5087 Cruciﬁxo.ait:
3256 5027 3325 5082 Et
3359 5029 3584 5087 vidimus

388 5148 435 5180 ”
468 5147 628 5206 Marc.
670 5167 742 5217 iv,
774 5154 864 5210 '59.
939 5155 983 5187 ⁸³
1020 5156 1164 5212 Psal.
1190 5173 1295 5224 cxx,
1324 5159 1381 5216 5.
1455 5162 1502 5194 “
1540 5164 1682 5221 Psal.
1717 5181 1775 5233 n,
1805 5168 1856 5220 7.

2027 5167 2132 5223 lsa.
2161 5185 2211 5232 L,
2230 5168 2285 5223 6.
2376 5169 2420 5200 ⁸⁸
2456 5167 2629 5222 Exod.
2658 5182 2842 5233 xxxnl,
2864 5167 2951 5221 20.

1636 5304 1871 5362 νΑιιιιΕ
1908 5304 2316 5361 LECTIONES.

393 5389 418 5417 ²
445 5383 511 5435 Δὲ
552 5384 838 5441 ἀθάνατον.
866 5389 1002 5445 Male
1030 5388 1206 5446 Oxon.
1231 5391 1320 5447 διὰ
1356 5393 1606 5449 θάνατον.
1683 5408 1709 5437 α
1748 5392 1904 5451 Εἶτα.
1951 5398 2119 5454 Forte
2146 5401 2278 5454 εἴτε.

1829 5534 2062 5595 ΝΟΤᾹΞ.
2078 5586 2083 5592 .

390 5611 960 5705 ρξχίζαιιάνὶριενὶτει
988 5635 1096 5674 una
1120 5637 1244 5705 gum
1266 5638 1504 5705 corpore.
1535 5624 1627 5705 ψ,
1662 5642 1897 5680 συναπο-
2006 5645 2109 5685 seu
2140 5630 2325 5705 potius
2356 5632 2588 5705 prelum
2615 5633 2824 5705 utejus
2870 5640 3251 5705 repraesentet,
3297 5633 3441 5703 quod
3460 5637 3586 5690 'sal—

314 5683 785 5774 @ﬁ‘fzguaav‘tgi
833 5688 1067 5774 σῴματι.
1115 5691 1289 5774 Quam
1342 5683 1488 5774 bona
1514 5683 1749 5774 _G_r'a-ca,
1787 5704 1896 5751 tam
2008 5683 2116 5774 iégij
2140 5683 2821 5774 Ebiiéén‘éiv'éiiiaéélééﬁi
2840 5683 3587 5774 ηὶέἷιὶιίὲζ⁷ί“ἱέῑιὶίθέἶὲὶιὶὄὲ-

276 5768 289 5782 ’
318 5755 462 5846 graia
490 5754 856 5846 ἐξαίρεε-ιιι)νί
886 5754 1207 5846 interpretis
1233 5762 1681 5846 Cyrilli,'o'mis.sa
1728 5754 1896 5846 ᾕρεε·
2007 5754 2284 5829 niibus'ac—
2296 5754 2639 5843 periculosis
2648 5754 3389 5846 ,"ééiiii'ésET-I'éés'ifg‘aiﬁn1;

320 5832 454 5890 tiva,
490 5832 552 5879 ut
578 5832 819 5883 animam
860 5845 969 5884 una
1003 5847 1126 5887 cum
1176 5832 1410 5906 corpore
1456 5835 1681 5890 interire
1713 5832 1896 5905 dicat;
