4072 6304
356 415 497 481 Ξ933

1411 418 1663 479 SERMO
1704 419 1786 479 IN
1823 419 2078 480 ΒΑΜοὲ
2116 418 2558 479 PALMARUM.

3330 415 3587 481 .2934

355 525 590 581 τεκοῦσα
630 526 941 598 Παρθένος·
1005 528 1367 597 Ἠγαλλίασε
1399 527 1466 582 τὸ
1503 526 1740 595 πνεῦμά
1796 545 1916 597 μου

2036 529 2187 583 nea"
2209 545 2222 593 ;
2247 543 2372 583 cum
2406 542 2525 582 eam
2556 525 2796 595 Spiritus
2834 535 3058 593 sanctus
3098 527 3472 586 obumbravit.
3507 531 3587 585 Tu

356 619 454 673 ἐπὶ
478 618 558 684 τῷ
585 617 706 684 Θεῷ
734 619 813 685 τῷ
861 619 1091 687 Σωτῆρι
1134 637 1276 689 μου,
1308 617 1471 689 ἡνίκα
1503 618 1563 671 τὸ
1604 618 1832 687 Πνεῦμα
1859 618 1919 671 τδ

2036 636 2153 676 vero
2191 620 2323 674 mihi
2370 633 2558 689 pensa,
2607 616 2784 671 ﬁdelis
2827 617 3083 683 auditor,
3129 621 3406 688 quomodo
3464 636 3592 675 san-

358 710 512 773 ἄγιον
556 710 642 763 ἐπ’
673 711 841 781 αὐτὴν
866 710 1182 766 ὲπεσκίασε.
1218 709 1290 762 Σὺ
1327 709 1385 762 δέ
1418 725 1507 779 μοι
1535 708 1729 762 σκόπει
1772 708 1799 759 ὁ
1828 725 1920 761 πι-

2020 710 2265 765 ctissima
2290 710 2454 778 Virgo
2489 708 2683 762 Filium
2722 721 2904 771 suum,
2932 708 3104 763 Deum
3135 709 3442 778 appellarit.
3472 709 3592 767 Uti-

359 800 482 865 στὸς
511 794 807 868 ἀκροατὴς,
858 800 974 864 πῶς
1006 802 1039 870 ἡ
1082 798 1324 869 παναγίᾳ
1361 798 1637 870 Παρθένος
1669 797 1802 851 Θεὸν
1832 797 1923 851 τὸν

2036 814 2152 869 lue,
2190 799 2389 867 inquit,
2440 798 2581 851 Deus
2628 814 2794 861 meus,
2845 799 3152 854 secundum
3196 800 3439 854 divinam
3472 802 3594 871 ejus

366 892 487 945 Υἰδν
534 891 706 960 αὐτῆς
746 892 1174 964 προσηγόρευσε.
1214 891 1324 945 Καί
1370 908 1549 963 φησι·
1603 891 1747 955 Θεός
1777 907 1921 958 μου,

362 983 500 1036 κοιτά
530 982 627 1052 τὴν
660 982 850 1051 θεῖκὴν
883 981 1049 1034 αὐτοῦ
1079 982 1290 1035 οὐσίαν
1345 981 1472 1044 Υἱός
1507 997 1630 1052 μου,
1661 979 1803 1034 κατά
1828 978 1925 1047 τὴν

360 1072 537 1142 ἑαυτῷ
571 1073 880 1124 ὑποστᾶσαν
904 1070 965 1137 ἐξ
994 1071 1125 1142 ὲ.μοῦ
1160 1072 1371 1125 οὐσίαν.
1404 1072 1477 1126 Οὐ
1498 1071 1606 1140 γὰρ
1634 1069 1820 1123 ἔτεκον
1848 1069 1927 1139 τῷ

358 1163 547 1232 κόσμῳ
576 1161 729 1231 ψιλὸν
768 1163 1074 1233 ἄνθρωπον,
1120 1161 1256 1216 ἀλλᾶ
1292 1162 1426 1215 Θεὸν
1483 1161 1923 1232 σεσαρκωμένον.

359 1253 469 1307 Καὶ
499 1252 707 1322 μάρτυς
746 1253 1081 1319 ἀξιόπιστος,
1129 1256 1162 1324 ἡ
1200 1255 1435 1323 σφραγὶς
1481 1253 1581 1321 τῆς
1631 1251 1929 1322 παρθενίας

362 1361 488 1412 μου.
521 1344 613 1413 Μὴ
645 1346 940 1415 ἀτιμάσῃς,
970 1337 1016 1396 ὦ
1060 1343 1338 1413 ἄνθρωπε,
1369 1344 1506 1413 ὅπερ
1534 1342 1594 1407 ἐξ
1620 1341 1754 1412 ἐμοῦ
1805 1341 1928 1395 ἐλα-

357 1433 450 1487 ϐεν
479 1435 507 1485 ό
541 1435 673 1497 Θεὸς
702 1434 1075 1506 περιϐόλαιον,
1111 1435 1198 1488 ἵνα
1241 1434 1317 1505 μὴ
1343 1434 1434 1487 τὸν
1462 1433 1925 1505 περιϐαλλόμενον

357 1521 732 1593 κπιθυϐρίσῃς⁸
798 1524 875 1593 μὴ
927 1522 1160 1593 ὑϐρίσῃς
1218 1523 1318 1594 τὴν
1367 1522 1592 1593 σκηνὴν,
1629 1524 1712 1576 ὅτι
1758 1523 1929 1585 ὅντως

356 1614 484 1668 ἄνευ
509 1612 691 1682 χειρός
726 1613 1041 1683 συνεῤῥάφη
1072 1612 1150 1684 τῷ
1173 1611 1532 1685 σκηνώσαντι.
1567 1613 1659 1684 Μὴ
1696 1612 1929 1684 μερίσῃς

358 1701 419 1753 τὸ
451 1699 565 1769 ἱρῶς
616 1702 680 1754 ὲκ
732 1703 834 1772 τῆς
883 1702 1154 1773 σαρκικῆς
1199 1719 1301 1770 μου
1359 1701 1661 1772 λαμπάδος,
1710 1701 1797 1754 ἵνα
1852 1702 1927 1772 μὴ

361 1792 531 1865 σϐέσῃ
572 1793 758 1856 κακῶς
811 1792 902 1846 τὸν
940 1792 1017 1863 τῷ
1065 1793 1254 1864 κόσμῳ
1301 1793 1590 1863 λάμψαντα
1619 1793 1795 1864 ἥλιον,
1833 1793 1928 1845 καὶ

2024 889 2383 944 substantiam
2411 907 2424 943 :
2456 887 2625 943 Filius
2647 903 2820 953 meus,
2847 889 3150 942 secundum
3182 903 3307 944 eam
3335 889 3592 944 substan-

2025 978 2157 1033 tiam
2185 992 2347 1048 quam
2375 976 2480 1032 sibi
2515 977 2583 1031 de
2613 992 2700 1031 me
2727 977 3043 1046 assumpsit.
3076 977 3198 1032 Non
3219 978 3367 1032 enim
3391 978 3598 1033 mundo

2028 1068 2217 1138 peperi
2251 1083 2452 1137 purum
2510 1067 2809 1130 hominem,
2852 1068 2951 1123 sed
2998 1067 3170 1122 Deum
3225 1069 3594 1123 incarnatum.

2026 1158 2195 1227 Cujus
2235 1158 2314 1212 rei
2348 1157 2507 1212 testis
2545 1165 2633 1212 est
2667 1158 2936 1227 locuples,
2971 1165 3230 1213 constans
3264 1158 3601 1229 virginitatis

2027 1248 2389 1319 signaculum.
2422 1248 2501 1302 Ne
2538 1236 2936 1311 dedecores,-o
2980 1248 3175 1314 homo,
3216 1262 3479 1318 quamlex
3511 1263 3598 1302 me

2027 1339 2171 1394 Deus
2202 1337 2439 1407 sumpsit
2466 1345 2697 1398 vestem,
2739 1352 2808 1391 ne
2836 1337 2888 1391 ei
2923 1338 3017 1406 qui
3050 1338 3199 1392 illam
3224 1336 3426 1397 induit.
3467 1352 3601 1391 con-

2029 1433 2311 1487 tumeliam
2337 1431 2564 1502 irroges.
2586 1430 2663 1485 Ne
2693 1429 2895 1499 injuria
2916 1427 3122 1483 adicias
3150 1428 3596 1490 tabernaculum;

2028 1538 2218 1578 revera
2265 1522 2411 1577 enim
2461 1520 2611 1575 nulla
2660 1535 2924 1575 manuum
2955 1534 3125 1588 opera
3156 1519 3427 1574 habitanti
3453 1520 3509 1573 in
3533 1534 3600 1573 eo

2027 1615 2131 1669 fuit
2163 1622 2480 1670 consutum.
2532 1612 2611 1666 Ne
2642 1612 2827 1665 lumen
2856 1589 2885 1665 5
2911 1611 3119 1666 carnali
3165 1625 3288 1665 mea
3350 1610 3601 1680 lampade

2027 1720 2266 1774 separes,
2319 1712 2379 1758 ut
2419 1718 2490 1758 ne
2523 1702 2664 1757 male
2712 1703 2884 1757 solem
2928 1704 3242 1773 exstinguas
3278 1702 3372 1772 qui
3425 1702 3604 1756 illuxit

2028 1795 2255 1859 mundo,
2286 1795 2490 1863 quique
2519 1794 2640 1848 sine
2678 1793 2903 1848 homine
2931 1795 3094 1847 homo
3135 1793 3311 1847 factus
3341 1803 3445 1848 est.
3481 1793 3599 1847 Non

359 1882 650 1951 γενόμενον
680 1883 850 1953 χωρὶς
882 1883 1172 1955 ἀνθρώπου
1212 1884 1523 1954 ἄνθρωπον.
1561 1884 1635 1938 Ού
1664 1883 1774 1955 γὰρ
1825 1886 1924 1937 ἐπ-

2036 1883 2175 1937 enim
2205 1885 2440 1953 cognovi
2480 1883 2782 1947 hominem,
2834 1898 3148 1952 quanquam
3185 1884 3358 1937 Deum
3391 1882 3517 1937 novi
3548 1881 3600 1935 in

361 1973 533 2040 ἑγνων
578 1973 885 2044 ἄνθρωπον.
919 1977 968 2028 εί
1018 1975 1112 2029 καὶ
1138 1974 1306 2043 ἔγνων
1340 1975 1473 2028 Θεὸν
1506 1976 1564 2029 ὲν
1606 1974 1730 2045 ἐμοὶ
1775 1976 1926 2043 γενό-

369 2078 531 2132 μενον
558 2061 861 2132 ἄνθρωπον.

430 2150 532 2207 IA’.
567 2154 769 2222 Ἔχεις,
813 2148 857 2206 ὦ
889 2155 1206 2207 πιστότατον
1249 2154 1342 2207 καὶ
1378 2152 1665 2223 ἱερώτατον
1690 2151 1927 2224 Χριστοῦ

364 2243 634 2313 ποίμνιον,
654 2243 723 2296 τὰ
746 2244 844 2313 τῆς
865 2244 1056 2315 ἑορτῆς
1087 2243 1338 2312 ἐγκώμια
1355 2257 1370 2272 ο
1404 2243 1713 2313 σκίρτησον.
1749 2242 1929 2311 Ἔχεις

359 2335 432 2389 τὰ
457 2334 575 2388 θεῖα
593 2337 686 2389 καὶ
701 2335 904 2405 ἄμωμα
920 2334 1017 2404 τῆς
1031 2334 1357 2404 Ἐκκλησίας
1377 2334 1698 2404 διδάγματα·
1722 2332 1929 2403 τρύφη-

363 2443 474 2479 σσν.
509 2427 692 2495 Ἔχεις
716 2427 785 2481 τὰ
814 2425 952 2478 ὅπλα
982 2426 1048 2478 τὰ
1092 2425 1436 2494 πνευματικά
1463 2440 1476 2453 °
1514 2424 1655 2479 κατὰ
1687 2424 1796 2477 τῶν
1838 2423 1930 2476 λύε

361 2533 474 2570 κων
509 2516 608 2584 τῆς
633 2517 869 2587 ποίμνης
891 2516 1198 2586 πολέμησον
1220 2533 1232 2544 ·
1260 2516 1549 2569 παίδευσον
1582 2515 1655 2585 μὴ
1691 2514 1930 2584 βλασφη-

365 2610 524 2679 μεῖν·
559 2607 767 2672 δίδαξον
817 2608 957 2679 ὑπὲρ
1010 2607 1266 2678 ἀληθείας
1315 2607 1612 2674 άγωνίσοιι·
1653 2606 1931 2672 ἀπόδειξον

361 2701 441 2753 ὅτι
474 2698 691 2769 καθαρά
719 2699 827 2754 ἀπὸ
859 2701 1078 2754 πάντων
1107 2700 1215 2753 τῶν
1245 2700 1500 2763 ζιζανίων
1532 2700 1631 2768 τῆς
1660 2698 1816 2768 ἡμῶν
1837 2699 1929 2751 καὶ

362 2792 600 2863 Χριστοῦ
647 2791 975 2862 Ἐκκλησίας
1020 2793 1053 2861 ἡ
1084 2792 1313 2863 ἄρουρα.
1367 2791 1429 2843 Et
1463 2790 1561 2860 μὲν
1587 2784 1696 2843 οἷόν
1726 2806 1785 2842 τε
1818 2790 1929 2842 Λά-

364 2880 530 2950 ζαρός
558 2896 642 2943 τις
669 2875 740 2944 εἷ,
769 2882 981 2950 σειραῖς
1007 2881 1368 2950 πταισμάτων
1388 2879 1421 2950 ἦ
1441 2878 1700 2932 ἐναντίων
1730 2879 1934 2948 δογμά-

363 2988 473 3025 των
496 2969 884 3042 δεσμούμενος,
939 2970 1179 3043 σήμερον
1205 2970 1310 3024 ὑπὸ
1352 2969 1444 3023 τοῦ
1476 2970 1646 3038 Λόγου
1703 2970 1934 3023 ἄκουσον

364 3061 671 3130 φωνοῦντος
704 3080 800 3116 σου
828 3079 840 3091 '
873 3062 1056 3131 Δεῦρο
1094 3062 1230 3127 ἔξω,
1269 3062 1364 3116 καὶ¹
1405 3062 1620 3132 λύθητι,
1676 3062 1772 3116 καὶ
1800 3060 1931 3114 ἀνά-

367 3152 545 3225 στηθι.
579 3151 643 3205 ΕΞ
689 3153 746 3205 δὲ
779 3152 1024 3224 μαθητής
1057 3171 1139 3217 τις
1162 3150 1234 3217 εἴ,
1263 3154 1359 3206 καὶ
1385 3153 1494 3208 τῶν
1518 3153 1654 3224 πρὸς
1685 3154 1937 3206 διδασκα-

365 3218 488 3293 λίαν
541 3218 847 3310 ἐπιτήδειος
875 3218 923 3306 α,
973 3218 1361 3313 ἀποστάλθητι,
1418 3243 1513 3297 καὶ
1543 3218 1711 3305 λύσας
1762 3240 1938 3309 ἄγαγε
1965 3218 2010 3279 C

368 3331 592 3403 Χριστῷ
631 3331 812 3385 πῶλον
867 3333 961 3386 καὶ
1016 3332 1252 3399 πώλους,
1296 3335 1389 3387 κα)⁸
1443 3333 1674 3395 πολλοὺς
1703 3332 1830 3395 τοὺς
1880 3334 1939 3384 ὲν

365 3421 547 3507 πλάνῃ
579 3423 1061 3493 προσδεδεμένους,
1083 3425 1176 3476 καὶ
1195 3425 1275 3487 εἰς
1296 3424 1395 3495 τὴν
1424 3425 1708 3478 κατέναντι
1733 3423 1938 3488 πίστιν,

363 3514 460 3568 καὶ
520 3512 715 3583 κώμην
794 3514 1224 3584 ἀντικειμένους.
1304 3515 1423 3568 Κᾶν
1510 3531 1656 3577 τινες
1725 3511 1938 3568 ἀντιλέ-

358 3620 542 3675 γουσι,
618 3603 712 3658 καὶ
773 3602 871 3675 τὴν
920 3604 1074 3657 λύσιν
1126 3604 1235 3659 τῶν
1297 3604 1689 3675 πεπεδημένων
1752 3602 1940 3666 κακῶς

364 3692 684 3763 ἐμποδίζειν
722 3692 1095 3762 δοκιμάζουσι,
1148 3693 1450 3767 φάσκοντες
1475 3709 1489 3723 ·
1528 3695 1588 3749 Τί
1623 3694 1791 3758 λύεις
1832 3691 1940 3744 τόν

346 3781 779 3859 ¹στῶλονηκαθὲι
811 3782 908 3836 καὶ
954 3783 1067 3845 τοῖς
1108 3783 1325 3850 τυφλοῖς
1367 3781 1643 3850 ἐπετίμων
1695 3784 1768 3852 μὴ
1798 3782 1936 3852 κρά-

354 3873 516 3940 ζειν·
545 3875 665 3928 εἰπὲ
699 3874 795 3928 καὶ
835 3875 930 3941 σὺ,
977 3873 1172 3928 Ὅτιό
1222 3874 1437 3941 Κύριος
1491 3872 1686 3927 αὐτῶν
1727 3873 1941 3942 χρείαν

352 3963 510 4033 ἔχει.
554 3966 766 4033 Κύριος
824 3964 934 4033 γὰρ
986 3965 1121 4018 λύει
1170 3963 1621 4032 πεπεδημένους
1649 3980 1663 3994 ο
1725 3964 1939 4031 Κύριος

360 4054 555 4125 σοφοῖ
602 4054 896 4125 τυφλοὺς,
941 4053 1124 4119 καθὼς
1181 4056 1418 4127 σήμερον
1460 4053 1552 4107 τοῦ
1604 4053 1940 4122 Εὐαγγελίου

358 4147 621 4219 ῆκουσας.
701 4145 917 4217 Ἐπειδὴ
949 4144 1057 4216 γάρ
1092 4143 1182 4197 τὸν
1234 4146 1332 4214 τῆς
1379 4144 1724 4213 δικαιοσύνης
1751 4143 1941 4197 Ἥλιον

263 4293 266 4296 ,
364 4236 783 4309 ἔπιδημήσαντα
808 4235 1077 4304 ἔγνωκαν,
1110 4236 1316 4298 εἰκότος
1333 4236 1469 4305 πρὸς
1501 4234 1662 4287 αὑτὸν
1683 4233 1935 4304 ἐκραζοψ

374 4328 680 4394 Ἐλέησον
720 4326 899 4397 ἡμᾶς,
941 4328 1135 4395 Κύριε,
1182 4325 1276 4379 υἱὲ
1312 4324 1504 4382 Δαϐίδ.
1544 4326 1607 4379 Ὢ
1644 4323 1809 4390 ξένων
1844 4323 1940 4377 καὶ

366 4420 691 4488 παραδόξων
721 4419 1050 4490 θαυμάτωνί
1082 4419 1130 4470 οἱ
1172 4416 1364 4487 τυφλοὶ
1411 4415 1797 4478 ἀναϐλέπουσι,
1844 4414 1940 4468 καὶ

2034 1990 2120 2030 mc
2159 1974 2365 2029 factum
2390 1973 2690 2029 hominem.

2104 2152 2195 2207 XI.
2219 2152 2419 2217 Habes,
2450 2151 2765 2207 ﬁdelissime
2789 2165 2857 2207 ac
2869 2148 3217 2206 sanctissime
3228 2148 3432 2205 Christi
3452 2164 3604 2218 grex.

2036 2233 2351 2299 festivitatis
2368 2243 2618 2298 encomia
2642 2261 2657 2297 :
2682 2243 2917 2299 exsulta.
2940 2240 3122 2297 Habes
3152 2240 3394 2296 divinam
3418 2254 3483 2295 ac
3519 2240 3609 2294 in-

2036 2335 2307 2403 culpatam
2319 2333 2578 2388 Ecclesiae
2593 2332 2902 2387 doctrinam
2926 2349 2941 2385 :
2960 2331 3240 2386 deliciare.
3257 2330 3440 2387 Habes
3453 2345 3606 2387 arma

2036 2425 2303 2495 spiritalia
2323 2443 2335 2479 ε
2360 2432 2548 2479 contra
2564 2423 2912 2494 gregislupos
2932 2423 3183 2493 depugna
3207 2440 3220 2477 :
3237 2422 3373 2477 doce
3385 2437 3485 2477 eos
3499 2438 3608 2476 non

2038 2514 2451 2583 blasphemare:
2485 2513 2620 2568 doce
2648 2521 2859 2568 certare
2914 2526 3016 2582 pro
3061 2513 3328 2567 veritate:
3356 2511 3607 2573 ostende.

2037 2605 2297 2660 Ecclesiae
2341 2613 2545 2659 nostrae
2566 2618 2631 2658 ac
2655 2602 2862 2657 Christi
2894 2618 3084 2672 agrum
3119 2617 3147 2657 a
3179 2602 3409 2657 sizaniis
3434 2601 3610 2657 omni-

2039 2696 2142 2750 bus
2170 2692 2437 2747 mundum
2478 2707 2622 2746 esse.
2666 2691 2722 2746 Si
2769 2691 2823 2745 in
2853 2690 3077 2745 modum
3108 2690 3299 2745 Lazari
3327 2688 3611 2757 cujusdam

2039 2785 2229 2847 habes,
2257 2789 2609 2851 peccatorum
2634 2779 2874 2834 vinculis
2923 2787 3019 2833 aut
3063 2778 3471 2833 contrariorum
3517 2776 3614 2832 do-

2039 2884 2280 2947 gmatum
2306 2873 2611 2937 revinctus,
2630 2871 2757 2925 audi
2786 2870 2950 2925 hodie
2971 2886 3002 2925 a
3016 2869 3221 2932 Verbo,
3240 2868 3366 2922 Veni
3383 2868 3526 2937 {oras
3544 2868 3610 2931 ⁷⁸,

2040 2985 2105 3024 ac
2132 2968 2363 3030 solvere,
2382 2974 2437 3020 et
2464 2979 2708 3034 resurge.
2735 2962 2829 3016 Sin
2851 2971 3037 3017 autem
3059 2960 3285 3031 quidam
3306 2960 3615 3030 discipulus

2039 3078 2122 3126 es,
2148 3069 2205 3116 et
2257 3060 2327 3113 ad
2375 3056 2684 3113 doctrinam
2727 3053 2979 3117 idoneus,
3024 3051 3165 3107 vade
3216 3051 3475 3106 mittente
3505 3049 3615 3104 Do-

2040 3152 2213 3215 mino,
2239 3149 2569 3216 solvensque
2597 3145 2777 3199 adduc
2801 3143 3022 3200 Christo
3054 3143 3288 3213 pullum.
3336 3156 3403 3199 ac
3435 3139 3615 3211 pullos

2041 3244 2337 3313 pluresque
2368 3239 2422 3293 in
2451 3253 2642 3293 errore
2675 3238 2895 3309 ligatos,
2922 3244 3088 3305 atque
3132 3234 3192 3289 in
3247 3232 3477 3290 adversa
3508 3231 3615 3288 ﬁde

2039 3345 2104 3385 ac
2157 3326 2385 3383 castello
2431 3324 2735 3396 oppositos.
2777 3323 2837 3379 Si
2875 3323 2973 3393 qui
3017 3331 3203 3378 autem
3250 3320 3614 3384 reluctentur,

2039 3432 2103 3472 ac
2136 3416 2298 3480 male,
2328 3429 2400 3469 ne
2442 3412 2739 3483 compediti
2772 3411 3077 3473 solvantur,
3121 3408 3391 3479 impedire
3419 3408 3614 3471 velint,

2039 3504 2330 3560 dicentes:
2363 3499 2500 3565 Quid
2533 3498 2741 3571 pullum
2785 3498 2942 3553 solvis
2959 3497 3048 3549 ὀἳ
3075 3509 3268 3550 eorum
3315 3495 3491 3549 instar
3518 3494 3613 3564 qui

2041 3598 2215 3649 caecos
2244 3589 2603 3661 increpabant
2634 3605 2707 3644 ne
2735 3589 3070 3644 clamarent:
3118 3585 3208 3641 dic
3258 3594 3317 3639 tu
3352 3599 3613 3654 quoque:

2042 3688 2179 3754 Quia
2213 3687 2469 3741 Dominus
2510 3686 2588 3738 his
2618 3700 2746 3755 Opus
2775 3684 2969 3739 habet:
3004 3682 3259 3736 Dominus
3306 3682 3445 3734 enim
3462 3681 3619 3736 soluit

2040 3777 2355 3847 compeditos
2379 3791 2398 3840 ;
2428 3774 2682 3829 Dominus
2707 3774 2969 3843 sapientes
2991 3772 3118 3842 facit
3142 3787 3306 3826 eazcos
3327 3770 3397 3835 ",
3424 3785 3618 3839 quem-

2041 3866 2338 3922 admodum
2391 3865 2560 3920 hodie
2603 3862 2810 3919 audisti
2845 3864 2901 3918 in
2934 3862 3253 3933 Evangelia.
3278 3861 3418 3916 Cum
3468 3861 3618 3916 enim

2043 3955 2225 4011 Solem
2256 3954 2486 4026 iustitia:
2514 3953 2802 4009 advenisse
2852 3952 3258 4024 cognovissent,
3302 3952 3502 4007 merito
3547 3951 3618 4006 ad

2040 4062 2166 4101 eum
2181 4045 2513 4121 clamabant;
2529 4044 2779 4099 Miserere
2796 4047 2983 4109 nostri,
3010 4044 3251 4110 Domine,
3267 4042 3349 4112 ﬁli
3364 4044 3535 4099 David
3548 4045 3616 4100 ".

2043 4139 2084 4191 Ο
2113 4137 2359 4192 inaudita
2403 4144 2460 4191 et
2494 4136 2714 4191 insolita
2761 4134 3059 4191 miracula!
3097 4135 3239 4192 Caeci
3271 4137 3451 4192 visum
3480 4138 3619 4193 reci—

2042 4226 2221 4295 piunt.
2272 4223 2339 4279 Hi
2383 4225 2676 4280 Dominum
2708 4221 3083 4291 conﬁtentur;
3115 4223 3342 4294 illique:
3374 4225 3503 4289 Quis
3543 4234 3619 4278 est

2041 4314 2223 4368 hic"?
2249 4320 2660 4383 percontantur.
2709 4312 2802 4367 Ait
2845 4311 2997 4367 enim
3029 4313 3398 4382 evangelista:
3434 4313 3619 4367 Turba:

2044 4415 2223 4461 autem
2248 4421 2366 4477 qua:
2390 4404 2755 4468 praecedebant
2790 4413 2840 4457 et
2874 4418 2992 4473 qum
3023 4404 3393 4474 sequebantur,
3416 4404 3619 4459 clama-

363 4510 414 4562 ot
446 4506 734 4577 βλέποντες
783 4506 1020 4560 Ἰουδαῖοι
1056 4505 1476 4573 τυφλώττουσιν.
1519 4496 1677 4556 Οὗτοι
1733 4500 1935 4572 Κύριον

2043 4498 2170 4551 bant
2226 4496 2451 4549 dicentes
2482 4510 2502 4547 :
2549 4493 2803 4548 Hosanna
2837 4508 2856 4548 :
2885 4493 3192 4547 Benedictus
3250 4493 3339 4564 qui
3387 4494 3527 4547 venit
3564 4496 3620 4547 in

364 4563 728 4668 ὁμολογοῦσι,
764 4596 1042 4649 κάκεῖνοι⁸
1099 4563 1194 4660 Τίς
1229 4594 1401 4646 ἐστιν
1457 4586 1669 4656 οὗτος;
1727 4563 1935 4661 ἐπε-ρω-

2045 4589 2256 4642 nomine
2291 4585 2520 4640 Domini.
2571 4585 2642 4639 Et
2700 4602 2819 4639 cum
2872 4585 3122 4639 intrasset
3174 4583 3617 4656 Hierosolymam,

363 4687 527 4740 τῶσι.
560 4685 699 4757 Φησὶ⁸
726 4684 836 4755 γὰρ
884 4685 913 4738 ό
967 4682 1393 4754 εύαγγελιστής·
1442 4684 1508 4736 Ol
1561 4681 1630 4735 δὲ
1677 4680 1849 4750 ὄχλοι
1885 4682 1942 4734 οἱ

366 4776 761 4846 προάγοντες,
808 4774 909 4828 καὶ
972 4777 1024 4829 ot
1081 4773 1560 4838 ἀκολουθοῦντες
1583 4811 1597 4835 ,
1655 4770 1938 4840 ἔκραζον,

379 4865 679 4924 Ὠσαννάο
714 4866 1138 4935 Εὐλογημένος
1182 4868 1215 4919 ὀ
1250 4866 1574 4933 ἐρχόμενος
1596 4863 1663 4915 ἐν
1696 4863 1942 4931 ὀνόματι

369 4959 612 5027 Κυρίου.
634 4960 746 5013 Καὶ
768 4958 1144 5022 εῑσελθόντος
1167 4956 1352 5011 αὐτοῦ
1392 4958 1479 5019 εις
1510 4950 1907 5021 Ἰερουσαλὴμ
1929 4991 1942 5013 ,

370 5048 619 5117 ἐσείσθη
640 5048 811 5104 πᾶσα
831 5049 871 5117 ἡ
889 5049 1083 5114 πόλις,
1107 5049 1376 5116 λέγουσα
1396 5064 1408 5077 ’
1434 5046 1527 5111 Τίς
1550 5046 1719 5099 ἐστιν
1741 5038 1940 5106 οὗτος

374 5141 481 5203 ίδες
512 5140 572 5193 τὸ
628 5140 779 5207 ξένον
824 5138 919 5193 τοῦ
960 5130 1222 5210 βασιλέως
1264 5138 1591 5208 μυστήριον;
1632 5134 1726 5187 ἐπὶ
1759 5131 1939 5185 πώλου

2042 4688 2302 4735 commota
2332 4689 2405 4734 est
2431 4680 2675 4732 universa
2717 4679 2902 4732 civitas
2931 4677 3109 4732 dicens
3136 4695 3153 4732 :
3185 4677 3312 4743 Quis
3334 4686 3412 4732 est
3438 4678 3518 4730 hic
3531 4676 3620 4730 ‘°?

2046 4771 2245 4826 Vidisti
2280 4785 2484 4825 novum
2536 4784 2602 4824 ac
2654 4767 2981 4823 admirabile
3037 4768 3203 4838 Regis
3258 4768 3619 4839 mysterium?

2047 4861 2204 4915 Pullo
2234 4860 2480 4915 insidens
2505 4858 2785 4914 civitatem
2805 4867 3137 4924 commovet,
3155 4873 3220 4914 ac
3246 4857 3399 4913 cruci
3428 4856 3619 4913 afﬁxus

2045 4953 2235 5008 orbem
2266 4958 2541 5005 terrarum
2589 4950 2876 5016 concutit;
2925 4958 2988 5003 ut
3030 4949 3280 5004 docearis
3305 4948 3523 5004 venisse
3552 4950 3618 5002 ad

2047 5036 2344 5105 idolorum,
2371 5036 2609 5107 plurium
2624 5036 2911 5091 numinum
2940 5035 3090 5090 cultu
3122 5034 3349 5105 impium
3373 5050 3618 5090 errorem

2049 5128 2466 5185 convellendum
2496 5142 2559 5182 ac
2590 5127 2968 5182 evertendum.
3070 5144 3083 5154 ο

377 5233 687 5304 καθήμενος
711 5234 846 5287 σείει
876 5233 975 5304 τὴν
1002 5233 1181 5300 πόλιν,
1207 5232 1300 5285 καὶ
1330 5233 1387 5284 ὲν
1418 5229 1637 5301 σταυρῷ
1667 5227 2071 5299 καθηλούμενος
2115 5226 2249 5279 σείει
2313 5226 2413 5297 τὴν
2480 5224 2804 5295 οἰκουμένην
2825 5242 2838 5255 ο
2884 5225 2971 5277 ἵνα
3037 5226 3098 5276 σὺ
3162 5224 3356 5296 μάθῃς,
3402 5225 3490 5275 ὅτι
3523 5222 3614 5293 τὴν

375 5328 633 5382 πολύθεον
663 5328 771 5381 τῶν
801 5326 1034 5383 είδὼλων
1065 5327 1275 5396 πλάνην
1304 5327 1480 5378 σεῖσαι
1515 5326 1609 5378 καὶ
1635 5322 1933 5376 καταλῦσαι
1971 5320 2248 5391 ὶλήλυθεν.

485 5492 534 5523 ⁷⁸
562 5492 697 5547 Luc.
725 5508 763 5556 ι,
788 5493 876 5549 47.
953 5493 1000 5525 ⁷⁸
1023 5492 1180 5548 Joan.
1212 5507 1287 5556 xx,
1320 5493 1409 5547 65.
1480 5491 1525 5521 ⁷⁸
1552 5483 1920 5553 Luc.xnx,3'5.

378 5560 425 5591 ⁸⁸
452 5560 590 5615 ibid.
625 5564 680 5627 9,
723 5563 810 5616 10.

2040 5489 2081 5517 ⁷⁷
2120 5487 2262 5540 Psal.
2287 5483 2509 5551 cxr.v,8.
2557 5487 2604 5518 "
2631 5484 2931 5547 Matthsxx,
2952 5483 3039 5537 50.
3118 5486 3157 5514 "
3190 5483 3377 5536 Matth.
3401 5499 3509 5549 xxi,
3536 5484 3616 5538 ιιι.

1662 5672 1890 5728 ΥΑΒΙᾸΕ
1933 5668 2329 5725 LECTlONES.

453 5766 477 5794 θ
510 5763 868 5837 Ἐπιτήδειος.
891 5766 1052 5823 Forte
1082 5765 1421 5836 ἐπιτηδείων.
