  <div class='ocr_page' id='page_1' title='image "/cluster/home/n/w/nwhite01/storage/ocr_20150623/86 pt.2/mdp.39015008855424/595.png"; bbox 0 0 4114 6296; ppageno 0'>
   <div class='ocr_carea' id='block_1_1' title="bbox 419 283 563 345">
    <p class='ocr_par' dir='ltr' id='par_1_1' title="bbox 419 283 563 345">
     <span class='ocr_line' id='line_1_1' title="bbox 419 283 563 345; baseline 0 0"><span class='ocrx_word' id='word_1_1' title='bbox 419 283 563 345; x_wconf 72' lang='lat'><strong>2935</strong></span> 
     </span>
    </p>
   </div>
   <div class='ocr_carea' id='block_1_2' title="bbox 1378 240 2676 341">
    <p class='ocr_par' dir='ltr' id='par_1_2' title="bbox 1378 240 2676 341">
     <span class='ocr_line' id='line_1_2' title="bbox 1378 240 2676 341; baseline 0.001 -2"><span class='ocrx_word' id='word_1_2' title='bbox 1378 244 1506 341; x_wconf 49' lang='lat' dir='ltr'><strong>Qs.</strong></span> <span class='ocrx_word' id='word_1_3' title='bbox 1548 279 1862 339; x_wconf 83' lang='lat' dir='ltr'><strong>EULOGll</strong></span> <span class='ocrx_word' id='word_1_4' title='bbox 1902 277 2257 341; x_wconf 76' lang='lat' dir='ltr'><strong>AchtEP.</strong></span> <span class='ocrx_word' id='word_1_5' title='bbox 2297 278 2676 340; x_wconf 72' lang='lat' dir='ltr'><strong>ALEXAND.</strong></span> 
     </span>
    </p>
   </div>
   <div class='ocr_carea' id='block_1_3' title="bbox 3540 282 3683 350">
    <p class='ocr_par' dir='ltr' id='par_1_3' title="bbox 3540 282 3683 350">
     <span class='ocr_line' id='line_1_3' title="bbox 3540 282 3683 350; baseline 0 0"><span class='ocrx_word' id='word_1_6' title='bbox 3540 282 3683 350; x_wconf 78' lang='lat'><strong>2936</strong></span> 
     </span>
    </p>
   </div>
   <div class='ocr_carea' id='block_1_4' title="bbox 483 387 1973 468">
    <p class='ocr_par' dir='ltr' id='par_1_4' title="bbox 483 389 1973 449">
     <span class='ocr_line' id='line_1_4' title="bbox 483 389 1973 449; baseline -0.005 0"><span class='ocrx_word' id='word_1_7' title='bbox 483 393 597 449; x_wconf 75' lang='lat' dir='ltr'><strong>Xll.</strong></span> <span class='ocrx_word' id='word_1_8' title='bbox 650 392 828 448; x_wconf 77' lang='lat' dir='ltr'><strong>Cerne</strong></span> <span class='ocrx_word' id='word_1_9' title='bbox 895 401 1080 449; x_wconf 86' lang='lat' dir='ltr'><strong>autem</strong></span> <span class='ocrx_word' id='word_1_10' title='bbox 1135 393 1450 447; x_wconf 88' lang='lat' dir='ltr'><strong>abstrusum</strong></span> <span class='ocrx_word' id='word_1_11' title='bbox 1512 406 1577 445; x_wconf 87' lang='lat' dir='ltr'><strong>ac</strong></span> <span class='ocrx_word' id='word_1_12' title='bbox 1641 389 1973 446; x_wconf 66' lang='lat' dir='ltr'><strong>reconditur:</strong></span> 
     </span>
    </p>
   </div>
   <div class='ocr_carea' id='block_1_5' title="bbox 2080 387 3685 468">
    <p class='ocr_par' dir='ltr' id='par_1_5' title="bbox 2170 387 3685 468">
     <span class='ocr_line' id='line_1_5' title="bbox 2170 387 3685 468; baseline 0.007 -26"><span class='ocrx_word' id='word_1_13' title='bbox 2170 391 2268 443; x_wconf 84' lang='lat' dir='ltr'><strong>lB’.</strong></span> <span class='ocrx_word' id='word_1_14' title='bbox 2304 392 2447 463; x_wconf 83' lang='grc' dir='ltr'>Ὅρα</span> <span class='ocrx_word' id='word_1_15' title='bbox 2475 393 2530 445; x_wconf 84' lang='grc' dir='ltr'><strong>δέ</strong></span> <span class='ocrx_word' id='word_1_16' title='bbox 2562 410 2651 462; x_wconf 88' lang='grc' dir='ltr'><strong>μοι</strong></span> <span class='ocrx_word' id='word_1_17' title='bbox 2671 391 2764 445; x_wconf 79' lang='grc' dir='ltr'>τοῦ</span> <span class='ocrx_word' id='word_1_18' title='bbox 2790 387 2912 445; x_wconf 71' lang='grc' dir='ltr'>κατ’</span> <span class='ocrx_word' id='word_1_19' title='bbox 2939 392 3102 447; x_wconf 71' lang='grc' dir='ltr'>αὐτόν</span> <span class='ocrx_word' id='word_1_20' title='bbox 3122 396 3219 465; x_wconf 80' lang='grc' dir='ltr'>τῆς</span> <span class='ocrx_word' id='word_1_21' title='bbox 3237 394 3547 466; x_wconf 75' lang='grc' dir='ltr'><strong>οἰκονομίας</strong></span> <span class='ocrx_word' id='word_1_22' title='bbox 3578 417 3685 468; x_wconf 86' lang='grc' dir='ltr'>μυ-</span> 
     </span>
    </p>
   </div>
   <div class='ocr_carea' id='block_1_6' title="bbox 412 476 1995 551">
    <p class='ocr_par' dir='ltr' id='par_1_6' title="bbox 412 476 1995 551">
     <span class='ocr_line' id='line_1_6' title="bbox 412 476 1995 551; baseline -0.003 -16"><span class='ocrx_word' id='word_1_23' title='bbox 412 480 871 551; x_wconf 67' lang='grc' dir='ltr'>ωοοιιοωίωοῇιιε</span> <span class='ocrx_word' id='word_1_24' title='bbox 890 480 1239 551; x_wconf 74' lang='lat' dir='ltr'><strong>mysterium.</strong></span> <span class='ocrx_word' id='word_1_25' title='bbox 1263 478 1402 534; x_wconf 89' lang='lat' dir='ltr'><strong>Cum</strong></span> <span class='ocrx_word' id='word_1_26' title='bbox 1443 478 1498 532; x_wconf 91' lang='lat' dir='ltr'><strong>in</strong></span> <span class='ocrx_word' id='word_1_27' title='bbox 1528 478 1747 532; x_wconf 86' lang='lat' dir='ltr'><strong>inferno</strong></span> <span class='ocrx_word' id='word_1_28' title='bbox 1779 476 1995 547; x_wconf 88' lang='lat' dir='ltr'><strong>positus</strong></span> 
     </span>
    </p>
   </div>
   <div class='ocr_carea' id='block_1_7' title="bbox 409 563 1992 636">
    <p class='ocr_par' dir='ltr' id='par_1_7' title="bbox 409 563 1992 636">
     <span class='ocr_line' id='line_1_7' title="bbox 409 563 1992 636; baseline 0 -17"><span class='ocrx_word' id='word_1_29' title='bbox 409 567 532 634; x_wconf 60' lang='lat' dir='ltr'><strong>eius</strong></span> <span class='ocrx_word' id='word_1_30' title='bbox 560 565 667 620; x_wconf 90' lang='lat' dir='ltr'><strong>loci</strong></span> <span class='ocrx_word' id='word_1_31' title='bbox 698 580 977 621; x_wconf 88' lang='lat' dir='ltr'><strong>carcerem</strong></span> <span class='ocrx_word' id='word_1_32' title='bbox 1003 566 1270 636; x_wconf 88' lang='lat' dir='ltr'><strong>pulsaret,</strong></span> <span class='ocrx_word' id='word_1_33' title='bbox 1316 565 1685 620; x_wconf 73' lang='lat' dir='ltr'><strong>clamantibus</strong></span> <span class='ocrx_word' id='word_1_34' title='bbox 1735 563 1992 634; x_wconf 83' lang='lat' dir='ltr'><strong>supernis</strong></span> 
     </span>
    </p>
   </div>
   <div class='ocr_carea' id='block_1_8' title="bbox 408 654 1993 727">
    <p class='ocr_par' dir='ltr' id='par_1_8' title="bbox 408 654 1993 727">
     <span class='ocr_line' id='line_1_8' title="bbox 408 654 1993 727; baseline -0.001 -19"><span class='ocrx_word' id='word_1_35' title='bbox 408 654 719 712; x_wconf 79' lang='lat' dir='ltr'><strong>Virtutibus</strong></span> <span class='ocrx_word' id='word_1_36' title='bbox 746 658 814 713; x_wconf 90' lang='lat' dir='ltr'><strong>ad</strong></span> <span class='ocrx_word' id='word_1_37' title='bbox 846 659 1086 713; x_wconf 90' lang='lat' dir='ltr'><strong>infernas</strong></span> <span class='ocrx_word' id='word_1_38' title='bbox 1111 676 1128 713; x_wconf 87' lang='lat'><strong>:</strong></span> <span class='ocrx_word' id='word_1_39' title='bbox 1157 657 1342 711; x_wconf 86' lang='lat' dir='ltr'><strong>Tollite</strong></span> <span class='ocrx_word' id='word_1_40' title='bbox 1364 666 1565 727; x_wconf 88' lang='lat' dir='ltr'><strong>portas,</strong></span> <span class='ocrx_word' id='word_1_41' title='bbox 1605 658 1884 727; x_wconf 70' lang='lat' dir='ltr'><strong>principes,</strong></span> <span class='ocrx_word' id='word_1_42' title='bbox 1908 672 1993 708; x_wconf 72' lang='lat' dir='ltr'><strong>ve.</strong></span> 
     </span>
    </p>
   </div>
   <div class='ocr_carea' id='block_1_9' title="bbox 407 745 1986 819">
    <p class='ocr_par' dir='ltr' id='par_1_9' title="bbox 407 745 1986 819">
     <span class='ocr_line' id='line_1_9' title="bbox 407 745 1986 819; baseline 0.001 -20"><span class='ocrx_word' id='word_1_43' title='bbox 407 748 628 812; x_wconf 74' lang='lat' dir='ltr'><strong>stras“,</strong></span> <span class='ocrx_word' id='word_1_44' title='bbox 654 756 715 801; x_wconf 92' lang='lat' dir='ltr'><strong>ut</strong></span> <span class='ocrx_word' id='word_1_45' title='bbox 745 748 1090 819; x_wconf 75' lang='lat' dir='ltr'><strong>ingrediatur</strong></span> <span class='ocrx_word' id='word_1_46' title='bbox 1118 748 1213 817; x_wconf 85' lang='lat' dir='ltr'><strong>qui</strong></span> <span class='ocrx_word' id='word_1_47' title='bbox 1238 749 1404 803; x_wconf 87' lang='lat' dir='ltr'><strong>dicit:</strong></span> <span class='ocrx_word' id='word_1_48' title='bbox 1436 748 1549 818; x_wconf 84' lang='lat' dir='ltr'><strong>Ego</strong></span> <span class='ocrx_word' id='word_1_49' title='bbox 1571 765 1689 801; x_wconf 91' lang='lat' dir='ltr'><strong>sum</strong></span> <span class='ocrx_word' id='word_1_50' title='bbox 1714 745 1986 811; x_wconf 83' lang='lat' dir='ltr'><strong>ostium&quot;;</strong></span> 
     </span>
    </p>
   </div>
   <div class='ocr_carea' id='block_1_10' title="bbox 408 833 1988 904">
    <p class='ocr_par' dir='ltr' id='par_1_10' title="bbox 408 833 1988 904">
     <span class='ocr_line' id='line_1_10' title="bbox 408 833 1988 904; baseline -0.001 -18"><span class='ocrx_word' id='word_1_51' title='bbox 408 836 660 890; x_wconf 72' lang='lat' dir='ltr'><strong>attonita:</strong></span> <span class='ocrx_word' id='word_1_52' title='bbox 703 836 949 890; x_wconf 74' lang='lat' dir='ltr'><strong>adversa:</strong></span> <span class='ocrx_word' id='word_1_53' title='bbox 988 837 1226 890; x_wconf 90' lang='lat' dir='ltr'><strong>virtutes</strong></span> <span class='ocrx_word' id='word_1_54' title='bbox 1265 835 1709 904; x_wconf 83' lang='lat' dir='ltr'><strong>respondebant:</strong></span> <span class='ocrx_word' id='word_1_55' title='bbox 1756 833 1882 898; x_wconf 83' lang='lat' dir='ltr'><strong>Quis</strong></span> <span class='ocrx_word' id='word_1_56' title='bbox 1913 842 1988 886; x_wconf 85' lang='lat' dir='ltr'><strong>est</strong></span> 
     </span>
    </p>
   </div>
   <div class='ocr_carea' id='block_1_11' title="bbox 406 922 2011 993">
    <p class='ocr_par' dir='ltr' id='par_1_11' title="bbox 406 922 2011 993">
     <span class='ocr_line' id='line_1_11' title="bbox 406 922 2011 993; baseline -0.001 -18"><span class='ocrx_word' id='word_1_57' title='bbox 406 924 505 976; x_wconf 84' lang='lat' dir='ltr'><strong>iste</strong></span> <span class='ocrx_word' id='word_1_58' title='bbox 532 939 624 976; x_wconf 86' lang='lat' dir='ltr'><strong>rex</strong></span> <span class='ocrx_word' id='word_1_59' title='bbox 651 923 877 993; x_wconf 68' lang='lat' dir='ltr'><strong>gloria?</strong></span> <span class='ocrx_word' id='word_1_60' title='bbox 901 924 962 977; x_wconf 93' lang='lat' dir='ltr'><strong>ln</strong></span> <span class='ocrx_word' id='word_1_61' title='bbox 985 931 1263 978; x_wconf 80' lang='lat' dir='ltr'><strong>terrenam</strong></span> <span class='ocrx_word' id='word_1_62' title='bbox 1310 924 1631 977; x_wconf 87' lang='lat' dir='ltr'><strong>introeunte</strong></span> <span class='ocrx_word' id='word_1_63' title='bbox 1656 922 2011 984; x_wconf 82' lang='lat' dir='ltr'><strong>Jerusalem,-</strong></span> 
     </span>
    </p>
   </div>
   <div class='ocr_carea' id='block_1_12' title="bbox 406 1009 1987 1081">
    <p class='ocr_par' dir='ltr' id='par_1_12' title="bbox 406 1009 1987 1081">
     <span class='ocr_line' id='line_1_12' title="bbox 406 1009 1987 1081; baseline 0.001 -17"><span class='ocrx_word' id='word_1_64' title='bbox 406 1012 488 1065; x_wconf 90' lang='lat' dir='ltr'><strong>rei</strong></span> <span class='ocrx_word' id='word_1_65' title='bbox 519 1012 765 1067; x_wconf 81' lang='lat' dir='ltr'><strong>novitate</strong></span> <span class='ocrx_word' id='word_1_66' title='bbox 790 1010 1109 1081; x_wconf 81' lang='lat' dir='ltr'><strong>stupefacti,</strong></span> <span class='ocrx_word' id='word_1_67' title='bbox 1134 1020 1424 1080; x_wconf 70' lang='lat' dir='ltr'><strong>quaerunt:</strong></span> <span class='ocrx_word' id='word_1_68' title='bbox 1452 1009 1580 1075; x_wconf 84' lang='lat' dir='ltr'><strong>Quis</strong></span> <span class='ocrx_word' id='word_1_69' title='bbox 1604 1019 1679 1065; x_wconf 84' lang='lat' dir='ltr'><strong>est</strong></span> <span class='ocrx_word' id='word_1_70' title='bbox 1710 1013 1808 1064; x_wconf 84' lang='lat' dir='ltr'><strong>iste</strong></span> <span class='ocrx_word' id='word_1_71' title='bbox 1827 1009 1987 1065; x_wconf 68' lang='grc' dir='ltr'><strong>2οω-</strong></span> 
     </span>
    </p>
   </div>
   <div class='ocr_carea' id='block_1_13' title="bbox 406 1102 1984 1173">
    <p class='ocr_par' dir='ltr' id='par_1_13' title="bbox 406 1102 1984 1173">
     <span class='ocr_line' id='line_1_13' title="bbox 406 1102 1984 1173; baseline -0.002 -16"><span class='ocrx_word' id='word_1_72' title='bbox 406 1103 600 1158; x_wconf 87' lang='lat' dir='ltr'><strong>lestem</strong></span> <span class='ocrx_word' id='word_1_73' title='bbox 655 1104 960 1159; x_wconf 84' lang='lat' dir='ltr'><strong>Jerusalem</strong></span> <span class='ocrx_word' id='word_1_74' title='bbox 1032 1112 1349 1173; x_wconf 85' lang='lat' dir='ltr'><strong>repetente,</strong></span> <span class='ocrx_word' id='word_1_75' title='bbox 1417 1109 1710 1157; x_wconf 83' lang='lat' dir='ltr'><strong>cernentes</strong></span> <span class='ocrx_word' id='word_1_76' title='bbox 1764 1102 1984 1156; x_wconf 90' lang='lat' dir='ltr'><strong>intelle-</strong></span> 
     </span>
    </p>
   </div>
   <div class='ocr_carea' id='block_1_14' title="bbox 403 1195 1983 1265">
    <p class='ocr_par' dir='ltr' id='par_1_14' title="bbox 403 1195 1983 1265">
     <span class='ocr_line' id='line_1_14' title="bbox 403 1195 1983 1265; baseline -0.002 -15"><span class='ocrx_word' id='word_1_77' title='bbox 403 1195 615 1250; x_wconf 88' lang='lat' dir='ltr'><strong>ctuales</strong></span> <span class='ocrx_word' id='word_1_78' title='bbox 653 1195 891 1251; x_wconf 86' lang='lat' dir='ltr'><strong>virtutes</strong></span> <span class='ocrx_word' id='word_1_79' title='bbox 912 1210 1039 1250; x_wconf 90' lang='lat' dir='ltr'><strong>cum</strong></span> <span class='ocrx_word' id='word_1_80' title='bbox 1068 1210 1301 1265; x_wconf 85' lang='lat' dir='ltr'><strong>corpore</strong></span> <span class='ocrx_word' id='word_1_81' title='bbox 1334 1210 1460 1250; x_wconf 91' lang='lat' dir='ltr'><strong>eum</strong></span> <span class='ocrx_word' id='word_1_82' title='bbox 1497 1210 1661 1264; x_wconf 86' lang='lat' dir='ltr'><strong>quem</strong></span> <span class='ocrx_word' id='word_1_83' title='bbox 1699 1209 1983 1264; x_wconf 87' lang='lat' dir='ltr'><strong>nunquam</strong></span> 
     </span>
    </p>
   </div>
   <div class='ocr_carea' id='block_1_15' title="bbox 400 1284 1984 1359">
    <p class='ocr_par' dir='ltr' id='par_1_15' title="bbox 400 1284 1984 1359">
     <span class='ocr_line' id='line_1_15' title="bbox 400 1284 1984 1359; baseline 0 -20"><span class='ocrx_word' id='word_1_84' title='bbox 400 1287 673 1359; x_wconf 85' lang='lat' dir='ltr'><strong>vidissent</strong></span> <span class='ocrx_word' id='word_1_85' title='bbox 703 1296 931 1356; x_wconf 81' lang='lat' dir='ltr'><strong>propter</strong></span> <span class='ocrx_word' id='word_1_86' title='bbox 978 1285 1361 1355; x_wconf 86' lang='lat' dir='ltr'><strong>incorpoream</strong></span> <span class='ocrx_word' id='word_1_87' title='bbox 1393 1284 1685 1350; x_wconf 76' lang='lat' dir='ltr'><strong>rationem,</strong></span> <span class='ocrx_word' id='word_1_88' title='bbox 1721 1300 1984 1340; x_wconf 88' lang='lat' dir='ltr'><strong>ascensus</strong></span> 
     </span>
    </p>
   </div>
   <div class='ocr_carea' id='block_1_16' title="bbox 400 1376 1977 1447">
    <p class='ocr_par' dir='ltr' id='par_1_16' title="bbox 400 1376 1977 1447">
     <span class='ocr_line' id='line_1_16' title="bbox 400 1376 1977 1447; baseline -0.001 -17"><span class='ocrx_word' id='word_1_89' title='bbox 400 1378 625 1433; x_wconf 88' lang='lat' dir='ltr'><strong>modum</strong></span> <span class='ocrx_word' id='word_1_90' title='bbox 668 1378 970 1442; x_wconf 68' lang='lat' dir='ltr'><strong>admiratae,</strong></span> <span class='ocrx_word' id='word_1_91' title='bbox 1008 1377 1361 1447; x_wconf 78' lang='lat' dir='ltr'><strong>ambigebant</strong></span> <span class='ocrx_word' id='word_1_92' title='bbox 1411 1377 1669 1442; x_wconf 87' lang='lat' dir='ltr'><strong>invicem,</strong></span> <span class='ocrx_word' id='word_1_93' title='bbox 1693 1376 1977 1431; x_wconf 87' lang='lat' dir='ltr'><strong>dicentes:</strong></span> 
     </span>
    </p>
   </div>
   <div class='ocr_carea' id='block_1_17' title="bbox 401 1465 1979 1537">
    <p class='ocr_par' dir='ltr' id='par_1_17' title="bbox 401 1465 1979 1537">
     <span class='ocr_line' id='line_1_17' title="bbox 401 1465 1979 1537; baseline 0 -17"><span class='ocrx_word' id='word_1_94' title='bbox 401 1467 529 1532; x_wconf 85' lang='lat' dir='ltr'><strong>Quis</strong></span> <span class='ocrx_word' id='word_1_95' title='bbox 545 1475 622 1521; x_wconf 76' lang='lat' dir='ltr'><strong>est</strong></span> <span class='ocrx_word' id='word_1_96' title='bbox 650 1469 766 1532; x_wconf 83' lang='lat' dir='ltr'><strong>iste,</strong></span> <span class='ocrx_word' id='word_1_97' title='bbox 786 1469 875 1537; x_wconf 88' lang='lat' dir='ltr'><strong>qui</strong></span> <span class='ocrx_word' id='word_1_98' title='bbox 891 1482 1125 1536; x_wconf 91' lang='lat' dir='ltr'><strong>corpore</strong></span> <span class='ocrx_word' id='word_1_99' title='bbox 1150 1466 1413 1536; x_wconf 71' lang='lat' dir='ltr'><strong>praaditus</strong></span> <span class='ocrx_word' id='word_1_100' title='bbox 1432 1465 1487 1519; x_wconf 93' lang='lat' dir='ltr'><strong>in</strong></span> <span class='ocrx_word' id='word_1_101' title='bbox 1515 1466 1635 1521; x_wconf 89' lang='lat' dir='ltr'><strong>loca</strong></span> <span class='ocrx_word' id='word_1_102' title='bbox 1654 1466 1979 1535; x_wconf 89' lang='lat' dir='ltr'><strong>incorporea</strong></span> 
     </span>
    </p>
   </div>
   <div class='ocr_carea' id='block_1_18' title="bbox 398 1538 1981 1627">
    <p class='ocr_par' dir='ltr' id='par_1_18' title="bbox 398 1538 1981 1627">
     <span class='ocr_line' id='line_1_18' title="bbox 398 1538 1981 1627; baseline 0.001 -17"><span class='ocrx_word' id='word_1_103' title='bbox 398 1558 579 1611; x_wconf 78' lang='lat' dir='ltr'><strong>venit?</strong></span> <span class='ocrx_word' id='word_1_104' title='bbox 605 1556 709 1612; x_wconf 87' lang='lat' dir='ltr'><strong>Sed</strong></span> <span class='ocrx_word' id='word_1_105' title='bbox 741 1566 797 1612; x_wconf 90' lang='lat' dir='ltr'><strong>et</strong></span> <span class='ocrx_word' id='word_1_106' title='bbox 831 1557 975 1612; x_wconf 88' lang='lat' dir='ltr'><strong>illud</strong></span> <span class='ocrx_word' id='word_1_107' title='bbox 1008 1538 1342 1622; x_wconf 69' lang='lat' dir='ltr'><strong>mirandum,</strong></span> <span class='ocrx_word' id='word_1_108' title='bbox 1374 1557 1653 1626; x_wconf 91' lang='lat' dir='ltr'><strong>quomodo</strong></span> <span class='ocrx_word' id='word_1_109' title='bbox 1690 1558 1852 1627; x_wconf 70' lang='lat' dir='ltr'><strong>regis:</strong></span> <span class='ocrx_word' id='word_1_110' title='bbox 1876 1558 1981 1613; x_wconf 72' lang='lat' dir='ltr'><strong>illae</strong></span> 
     </span>
    </p>
   </div>
   <div class='ocr_carea' id='block_1_19' title="bbox 397 1646 1975 1719">
    <p class='ocr_par' dir='ltr' id='par_1_19' title="bbox 397 1646 1975 1719">
     <span class='ocr_line' id='line_1_19' title="bbox 397 1646 1975 1719; baseline -0.001 -18"><span class='ocrx_word' id='word_1_111' title='bbox 397 1649 634 1704; x_wconf 83' lang='lat' dir='ltr'><strong>virtutes</strong></span> <span class='ocrx_word' id='word_1_112' title='bbox 663 1656 1084 1719; x_wconf 88' lang='lat' dir='ltr'><strong>percontentur,</strong></span> <span class='ocrx_word' id='word_1_113' title='bbox 1107 1646 1234 1713; x_wconf 82' lang='lat' dir='ltr'><strong>Quis</strong></span> <span class='ocrx_word' id='word_1_114' title='bbox 1263 1658 1335 1701; x_wconf 84' lang='lat' dir='ltr'><strong>est</strong></span> <span class='ocrx_word' id='word_1_115' title='bbox 1361 1648 1460 1700; x_wconf 84' lang='lat' dir='ltr'><strong>iste</strong></span> <span class='ocrx_word' id='word_1_116' title='bbox 1479 1648 1568 1716; x_wconf 85' lang='lat' dir='ltr'><strong>qui</strong></span> <span class='ocrx_word' id='word_1_117' title='bbox 1588 1647 1822 1701; x_wconf 70' lang='lat' dir='ltr'><strong>venit”?</strong></span> <span class='ocrx_word' id='word_1_118' title='bbox 1851 1662 1975 1700; x_wconf 91' lang='lat' dir='ltr'><strong>cum</strong></span> 
     </span>
    </p>
   </div>
   <div class='ocr_carea' id='block_1_20' title="bbox 2106 476 3681 555">
    <p class='ocr_par' dir='ltr' id='par_1_20' title="bbox 2106 476 3681 555">
     <span class='ocr_line' id='line_1_20' title="bbox 2106 476 3681 555; baseline 0.008 -26"><span class='ocrx_word' id='word_1_119' title='bbox 2106 479 2325 549; x_wconf 83' lang='grc' dir='ltr'>υτηρίου</span> <span class='ocrx_word' id='word_1_120' title='bbox 2363 481 2425 532; x_wconf 83' lang='grc' dir='ltr'>τὸ</span> <span class='ocrx_word' id='word_1_121' title='bbox 2465 481 2761 548; x_wconf 77' lang='grc' dir='ltr'><strong>ἄγνωστον.</strong></span> <span class='ocrx_word' id='word_1_122' title='bbox 2798 481 2886 533; x_wconf 86' lang='grc' dir='ltr'>Ἐν</span> <span class='ocrx_word' id='word_1_123' title='bbox 2915 478 2994 551; x_wconf 81' lang='grc' dir='ltr'><strong>τῷ</strong></span> <span class='ocrx_word' id='word_1_124' title='bbox 3022 476 3124 555; x_wconf 74' lang='grc' dir='ltr'><strong>ᾅδῃ</strong></span> <span class='ocrx_word' id='word_1_125' title='bbox 3161 482 3397 543; x_wconf 83' lang='grc' dir='ltr'><strong>σείοντος</strong></span> <span class='ocrx_word' id='word_1_126' title='bbox 3420 485 3583 539; x_wconf 80' lang='grc' dir='ltr'>αὑτοῦ</span> <span class='ocrx_word' id='word_1_127' title='bbox 3617 490 3681 541; x_wconf 73' lang='grc' dir='ltr'><strong>τὸ</strong></span> 
     </span>
    </p>
   </div>
   <div class='ocr_carea' id='block_1_21' title="bbox 2105 570 3678 648">
    <p class='ocr_par' dir='ltr' id='par_1_21' title="bbox 2105 570 3678 648">
     <span class='ocr_line' id='line_1_21' title="bbox 2105 570 3678 648; baseline 0.005 -28"><span class='ocrx_word' id='word_1_128' title='bbox 2105 570 2224 621; x_wconf 84' lang='grc' dir='ltr'>ἐκεῖ</span> <span class='ocrx_word' id='word_1_129' title='bbox 2249 570 2643 641; x_wconf 82' lang='grc' dir='ltr'><strong>δεσμωτήριον,</strong></span> <span class='ocrx_word' id='word_1_130' title='bbox 2673 572 2749 635; x_wconf 87' lang='grc' dir='ltr'>ὼς</span> <span class='ocrx_word' id='word_1_131' title='bbox 2774 571 3006 642; x_wconf 78' lang='grc' dir='ltr'><strong>ἔκραζον</strong></span> <span class='ocrx_word' id='word_1_132' title='bbox 3034 575 3089 626; x_wconf 84' lang='grc' dir='ltr'><strong>αἰ</strong></span> <span class='ocrx_word' id='word_1_133' title='bbox 3110 572 3223 627; x_wconf 73' lang='grc' dir='ltr'>ἄνω</span> <span class='ocrx_word' id='word_1_134' title='bbox 3242 574 3514 642; x_wconf 81' lang='grc' dir='ltr'><strong>Δυνάμεις</strong></span> <span class='ocrx_word' id='word_1_135' title='bbox 3543 580 3678 648; x_wconf 69' lang='grc' dir='ltr'>πρὸς</span> 
     </span>
    </p>
   </div>
   <div class='ocr_carea' id='block_1_22' title="bbox 2100 661 3672 736">
    <p class='ocr_par' dir='ltr' id='par_1_22' title="bbox 2100 661 3672 736">
     <span class='ocr_line' id='line_1_22' title="bbox 2100 661 3672 736; baseline 0.006 -24"><span class='ocrx_word' id='word_1_136' title='bbox 2100 661 2197 724; x_wconf 86' lang='grc' dir='ltr'>τὰς</span> <span class='ocrx_word' id='word_1_137' title='bbox 2237 662 2389 714; x_wconf 78' lang='grc' dir='ltr'>κάτω</span> <span class='ocrx_word' id='word_1_138' title='bbox 2413 662 2670 731; x_wconf 82' lang='grc' dir='ltr'>δυνάμεις</span> <span class='ocrx_word' id='word_1_139' title='bbox 2703 680 2717 693; x_wconf 97' lang='grc'><strong>·</strong></span> <span class='ocrx_word' id='word_1_140' title='bbox 2759 664 2972 731; x_wconf 83' lang='grc' dir='ltr'>Ἀρατε</span> <span class='ocrx_word' id='word_1_141' title='bbox 3020 666 3241 731; x_wconf 78' lang='grc' dir='ltr'>πύλας,</span> <span class='ocrx_word' id='word_1_142' title='bbox 3274 667 3330 719; x_wconf 86' lang='grc' dir='ltr'><strong>οἰ</strong></span> <span class='ocrx_word' id='word_1_143' title='bbox 3366 667 3672 736; x_wconf 77' lang='grc' dir='ltr'>ἄρχοντες,</span> 
     </span>
    </p>
   </div>
   <div class='ocr_carea' id='block_1_23' title="bbox 2099 752 3669 829">
    <p class='ocr_par' dir='ltr' id='par_1_23' title="bbox 2099 752 3669 829">
     <span class='ocr_line' id='line_1_23' title="bbox 2099 752 3669 829; baseline 0.006 -25"><span class='ocrx_word' id='word_1_144' title='bbox 2099 752 2285 819; x_wconf 80' lang='grc' dir='ltr'>ὑμῶν,</span> <span class='ocrx_word' id='word_1_145' title='bbox 2320 754 2407 807; x_wconf 82' lang='grc' dir='ltr'><strong>ἴνα</strong></span> <span class='ocrx_word' id='word_1_146' title='bbox 2459 754 2675 827; x_wconf 77' lang='grc' dir='ltr'><strong>εἰσέλθῃ</strong></span> <span class='ocrx_word' id='word_1_147' title='bbox 2722 758 2750 808; x_wconf 85' lang='grc' dir='ltr'>ὁ</span> <span class='ocrx_word' id='word_1_148' title='bbox 2779 755 2989 825; x_wconf 80' lang='grc' dir='ltr'>λέγων·</span> <span class='ocrx_word' id='word_1_149' title='bbox 3050 759 3186 825; x_wconf 82' lang='grc' dir='ltr'>Εἰμί</span> <span class='ocrx_word' id='word_1_150' title='bbox 3235 758 3351 827; x_wconf 72' lang='grc' dir='ltr'><strong>ἐγὼ</strong></span> <span class='ocrx_word' id='word_1_151' title='bbox 3394 760 3434 826; x_wconf 78' lang='grc' dir='ltr'><em>ἠ</em></span> <span class='ocrx_word' id='word_1_152' title='bbox 3490 762 3669 829; x_wconf 87' lang='grc' dir='ltr'>θύρα·</span> 
     </span>
    </p>
   </div>
   <div class='ocr_carea' id='block_1_24' title="bbox 2099 841 3671 918">
    <p class='ocr_par' dir='ltr' id='par_1_24' title="bbox 2099 841 3671 918">
     <span class='ocr_line' id='line_1_24' title="bbox 2099 841 3671 918; baseline 0.008 -27"><span class='ocrx_word' id='word_1_153' title='bbox 2099 841 2537 911; x_wconf 83' lang='grc' dir='ltr'>ὲκπληττόμεναι</span> <span class='ocrx_word' id='word_1_154' title='bbox 2561 844 2872 898; x_wconf 80' lang='grc' dir='ltr'>αἱὲναντίαι</span> <span class='ocrx_word' id='word_1_155' title='bbox 2901 846 3162 917; x_wconf 81' lang='grc' dir='ltr'>δυνάμεις</span> <span class='ocrx_word' id='word_1_156' title='bbox 3198 849 3632 918; x_wconf 79' lang='grc' dir='ltr'>ἀντεφθέγγοντο</span> <span class='ocrx_word' id='word_1_157' title='bbox 3655 866 3671 882; x_wconf 90' lang='grc'><strong>·</strong></span> 
     </span>
    </p>
   </div>
   <div class='ocr_carea' id='block_1_25' title="bbox 2103 927 3676 1011">
    <p class='ocr_par' dir='ltr' id='par_1_25' title="bbox 2103 927 3676 1011">
     <span class='ocr_line' id='line_1_25' title="bbox 2103 927 3676 1011; baseline 0.007 -30"><span class='ocrx_word' id='word_1_158' title='bbox 2103 930 2200 994; x_wconf 83' lang='grc' dir='ltr'>Τίς</span> <span class='ocrx_word' id='word_1_159' title='bbox 2234 931 2407 984; x_wconf 80' lang='grc' dir='ltr'>ἐστιν</span> <span class='ocrx_word' id='word_1_160' title='bbox 2444 927 2636 996; x_wconf 81' lang='grc' dir='ltr'>οὗτος</span> <span class='ocrx_word' id='word_1_161' title='bbox 2667 936 2699 986; x_wconf 85' lang='grc' dir='ltr'><strong>ό</strong></span> <span class='ocrx_word' id='word_1_162' title='bbox 2721 934 3027 1001; x_wconf 76' lang='grc' dir='ltr'>,βασιλεὺς</span> <span class='ocrx_word' id='word_1_163' title='bbox 3060 935 3173 1003; x_wconf 83' lang='grc' dir='ltr'>τῆς</span> <span class='ocrx_word' id='word_1_164' title='bbox 3212 936 3439 1004; x_wconf 82' lang='grc' dir='ltr'>δόξης;</span> <span class='ocrx_word' id='word_1_165' title='bbox 3468 941 3548 1002; x_wconf 87' lang='grc' dir='ltr'><strong>εἰς</strong></span> <span class='ocrx_word' id='word_1_166' title='bbox 3576 940 3676 1011; x_wconf 76' lang='grc' dir='ltr'>τὴν</span> 
     </span>
    </p>
   </div>
   <div class='ocr_carea' id='block_1_26' title="bbox 2095 1017 3673 1094">
    <p class='ocr_par' dir='ltr' id='par_1_26' title="bbox 2095 1017 3673 1094">
     <span class='ocr_line' id='line_1_26' title="bbox 2095 1017 3673 1094; baseline 0.007 -25"><span class='ocrx_word' id='word_1_167' title='bbox 2095 1017 2190 1070; x_wconf 69' lang='grc' dir='ltr'><strong>ἐπὶ</strong></span> <span class='ocrx_word' id='word_1_168' title='bbox 2245 1019 2350 1088; x_wconf 82' lang='grc' dir='ltr'>γῆς</span> <span class='ocrx_word' id='word_1_169' title='bbox 2423 1019 2777 1090; x_wconf 77' lang='grc' dir='ltr'>Ἰερουσαλὴμ</span> <span class='ocrx_word' id='word_1_170' title='bbox 2845 1020 3178 1093; x_wconf 81' lang='grc' dir='ltr'><strong>ξενιζόμενοι</strong></span> <span class='ocrx_word' id='word_1_171' title='bbox 3226 1024 3486 1079; x_wconf 81' lang='grc' dir='ltr'>πύθονται</span> <span class='ocrx_word' id='word_1_172' title='bbox 3515 1044 3530 1057; x_wconf 93' lang='grc'><strong>·</strong></span> <span class='ocrx_word' id='word_1_173' title='bbox 3579 1029 3673 1094; x_wconf 82' lang='grc' dir='ltr'>Τίς</span> 
     </span>
    </p>
   </div>
   <div class='ocr_carea' id='block_1_27' title="bbox 2097 1105 3675 1188">
    <p class='ocr_par' dir='ltr' id='par_1_27' title="bbox 2097 1105 3675 1188">
     <span class='ocr_line' id='line_1_27' title="bbox 2097 1105 3675 1188; baseline 0.006 -28"><span class='ocrx_word' id='word_1_174' title='bbox 2097 1108 2270 1163; x_wconf 85' lang='grc' dir='ltr'>ἐστιν</span> <span class='ocrx_word' id='word_1_175' title='bbox 2318 1105 2491 1173; x_wconf 86' lang='grc' dir='ltr'>οὗτος</span> <span class='ocrx_word' id='word_1_176' title='bbox 2534 1110 2590 1183; x_wconf 85' lang='grc' dir='ltr'>[ό</span> <span class='ocrx_word' id='word_1_177' title='bbox 2634 1113 2938 1178; x_wconf 74' lang='grc' dir='ltr'>,βασιλεὺς</span> <span class='ocrx_word' id='word_1_178' title='bbox 2976 1114 3087 1180; x_wconf 84' lang='grc' dir='ltr'>τῆς</span> <span class='ocrx_word' id='word_1_179' title='bbox 3118 1115 3382 1188; x_wconf 77' lang='grc' dir='ltr'>δόξης;]</span> <span class='ocrx_word' id='word_1_180' title='bbox 3440 1120 3519 1181; x_wconf 84' lang='grc' dir='ltr'><strong>εἰς</strong></span> <span class='ocrx_word' id='word_1_181' title='bbox 3578 1120 3675 1188; x_wconf 82' lang='grc' dir='ltr'>τὴν</span> 
     </span>
    </p>
   </div>
   <div class='ocr_carea' id='block_1_28' title="bbox 2104 1200 3673 1279">
    <p class='ocr_par' dir='ltr' id='par_1_28' title="bbox 2104 1200 3673 1279">
     <span class='ocr_line' id='line_1_28' title="bbox 2104 1200 3673 1279; baseline 0.007 -26"><span class='ocrx_word' id='word_1_182' title='bbox 2104 1200 2220 1253; x_wconf 81' lang='grc' dir='ltr'>ἀνω</span> <span class='ocrx_word' id='word_1_183' title='bbox 2262 1201 2619 1272; x_wconf 79' lang='grc' dir='ltr'>Ἰερουσαλὴμ</span> <span class='ocrx_word' id='word_1_184' title='bbox 2645 1205 3013 1275; x_wconf 79' lang='grc' dir='ltr'>ἀνερχομένου</span> <span class='ocrx_word' id='word_1_185' title='bbox 3039 1207 3225 1274; x_wconf 79' lang='grc' dir='ltr'>αὑτοῦ,</span> <span class='ocrx_word' id='word_1_186' title='bbox 3254 1209 3489 1279; x_wconf 78' lang='grc' dir='ltr'>ὁρῶντες</span> <span class='ocrx_word' id='word_1_187' title='bbox 3512 1210 3673 1265; x_wconf 73' lang='grc' dir='ltr'>αὐτὸν</span> 
     </span>
    </p>
   </div>
   <div class='ocr_carea' id='block_1_29' title="bbox 2100 1291 3672 1363">
    <p class='ocr_par' dir='ltr' id='par_1_29' title="bbox 2100 1291 3672 1363">
     <span class='ocr_line' id='line_1_29' title="bbox 2100 1291 3672 1363; baseline 0.008 -21"><span class='ocrx_word' id='word_1_188' title='bbox 2100 1291 2239 1359; x_wconf 86' lang='grc' dir='ltr'>μετὰ</span> <span class='ocrx_word' id='word_1_189' title='bbox 2269 1292 2546 1361; x_wconf 82' lang='grc' dir='ltr'>σώματος,</span> <span class='ocrx_word' id='word_1_190' title='bbox 2601 1296 2658 1348; x_wconf 87' lang='grc' dir='ltr'>αἱ</span> <span class='ocrx_word' id='word_1_191' title='bbox 2714 1296 2975 1349; x_wconf 78' lang='grc' dir='ltr'>οὐδέποτε</span> <span class='ocrx_word' id='word_1_192' title='bbox 3023 1298 3224 1360; x_wconf 77' lang='grc' dir='ltr'><strong>ἰδόντες</strong></span> <span class='ocrx_word' id='word_1_193' title='bbox 3281 1300 3469 1363; x_wconf 80' lang='grc' dir='ltr'>αὑτὸν,</span> <span class='ocrx_word' id='word_1_194' title='bbox 3500 1300 3672 1354; x_wconf 76' lang='grc' dir='ltr'>διὰτὸ</span> 
     </span>
    </p>
   </div>
   <div class='ocr_carea' id='block_1_30' title="bbox 2088 1384 3667 1459">
    <p class='ocr_par' dir='ltr' id='par_1_30' title="bbox 2088 1384 3667 1459">
     <span class='ocr_line' id='line_1_30' title="bbox 2088 1384 3667 1459; baseline 0.005 -23"><span class='ocrx_word' id='word_1_195' title='bbox 2088 1384 2399 1455; x_wconf 82' lang='grc' dir='ltr'>ἀσώματον,</span> <span class='ocrx_word' id='word_1_196' title='bbox 2438 1388 2623 1457; x_wconf 75' lang='grc' dir='ltr'>νοεραὶ</span> <span class='ocrx_word' id='word_1_197' title='bbox 2647 1387 2924 1458; x_wconf 84' lang='grc' dir='ltr'>δυνάμεις,</span> <span class='ocrx_word' id='word_1_198' title='bbox 2954 1389 3335 1459; x_wconf 71' lang='grc' dir='ltr'>θαυμάζουσαι</span> <span class='ocrx_word' id='word_1_199' title='bbox 3364 1392 3460 1444; x_wconf 82' lang='grc' dir='ltr'><strong>τοῦ</strong></span> <span class='ocrx_word' id='word_1_200' title='bbox 3513 1392 3667 1458; x_wconf 83' lang='grc' dir='ltr'>ξένου</span> 
     </span>
    </p>
   </div>
   <div class='ocr_carea' id='block_1_31' title="bbox 2087 1477 3667 1551">
    <p class='ocr_par' dir='ltr' id='par_1_31' title="bbox 2087 1477 3667 1551">
     <span class='ocr_line' id='line_1_31' title="bbox 2087 1477 3667 1551; baseline 0.004 -23"><span class='ocrx_word' id='word_1_201' title='bbox 2087 1477 2290 1547; x_wconf 83' lang='grc' dir='ltr'>τρόπου</span> <span class='ocrx_word' id='word_1_202' title='bbox 2321 1478 2418 1549; x_wconf 83' lang='grc' dir='ltr'>τὴν</span> <span class='ocrx_word' id='word_1_203' title='bbox 2452 1478 2662 1543; x_wconf 79' lang='grc' dir='ltr'>ἄνοδον,</span> <span class='ocrx_word' id='word_1_204' title='bbox 2694 1479 2988 1549; x_wconf 86' lang='grc' dir='ltr'>διηπόρουν</span> <span class='ocrx_word' id='word_1_205' title='bbox 3021 1481 3156 1551; x_wconf 85' lang='grc' dir='ltr'>πρὸς</span> <span class='ocrx_word' id='word_1_206' title='bbox 3189 1480 3451 1550; x_wconf 80' lang='grc' dir='ltr'><strong>ἀλλήλας,</strong></span> <span class='ocrx_word' id='word_1_207' title='bbox 3481 1482 3667 1549; x_wconf 86' lang='grc' dir='ltr'>λέγου-</span> 
     </span>
    </p>
   </div>
   <div class='ocr_carea' id='block_1_32' title="bbox 2089 1566 3670 1639">
    <p class='ocr_par' dir='ltr' id='par_1_32' title="bbox 2089 1566 3670 1639">
     <span class='ocr_line' id='line_1_32' title="bbox 2089 1566 3670 1639; baseline 0.004 -21"><span class='ocrx_word' id='word_1_208' title='bbox 2089 1582 2178 1618; x_wconf 88' lang='grc' dir='ltr'><strong>σαι</strong></span> <span class='ocrx_word' id='word_1_209' title='bbox 2209 1582 2224 1598; x_wconf 92' lang='grc'><strong>·</strong></span> <span class='ocrx_word' id='word_1_210' title='bbox 2259 1567 2355 1632; x_wconf 82' lang='grc' dir='ltr'>Τίς</span> <span class='ocrx_word' id='word_1_211' title='bbox 2381 1568 2553 1622; x_wconf 85' lang='grc' dir='ltr'>ἐστιν</span> <span class='ocrx_word' id='word_1_212' title='bbox 2579 1566 2755 1633; x_wconf 85' lang='grc' dir='ltr'>οὗτος</span> <span class='ocrx_word' id='word_1_213' title='bbox 2790 1571 3268 1639; x_wconf 77' lang='grc' dir='ltr'>,παραγενόμενος</span> <span class='ocrx_word' id='word_1_214' title='bbox 3299 1574 3356 1622; x_wconf 85' lang='grc' dir='ltr'>ὲν</span> <span class='ocrx_word' id='word_1_215' title='bbox 3387 1574 3498 1633; x_wconf 73' lang='grc' dir='ltr'>τοῖς</span> <span class='ocrx_word' id='word_1_216' title='bbox 3525 1571 3670 1624; x_wconf 82' lang='grc' dir='ltr'>ἀσω-</span> 
     </span>
    </p>
   </div>
   <div class='ocr_carea' id='block_1_33' title="bbox 2089 1657 3755 1729">
    <p class='ocr_par' dir='ltr' id='par_1_33' title="bbox 2089 1657 3755 1729">
     <span class='ocr_line' id='line_1_33' title="bbox 2089 1657 3755 1729; baseline 0.001 -19"><span class='ocrx_word' id='word_1_217' title='bbox 2089 1657 2280 1726; x_wconf 85' lang='grc' dir='ltr'>μάτοις</span> <span class='ocrx_word' id='word_1_218' title='bbox 2313 1659 2532 1729; x_wconf 86' lang='grc' dir='ltr'>χωρίοις</span> <span class='ocrx_word' id='word_1_219' title='bbox 2556 1658 2908 1729; x_wconf 75' lang='grc' dir='ltr'>ὲνσὼματοςς</span> <span class='ocrx_word' id='word_1_220' title='bbox 2941 1660 3220 1728; x_wconf 81' lang='grc' dir='ltr'>θαυμάσαι</span> <span class='ocrx_word' id='word_1_221' title='bbox 3263 1660 3319 1712; x_wconf 79' lang='grc' dir='ltr'>δὲ</span> <span class='ocrx_word' id='word_1_222' title='bbox 3351 1659 3521 1724; x_wconf 79' lang='grc' dir='ltr'>ἄξιον,</span> <span class='ocrx_word' id='word_1_223' title='bbox 3548 1659 3666 1725; x_wconf 82' lang='grc' dir='ltr'><strong>πῶς</strong></span> <span class='ocrx_word' id='word_1_224' title='bbox 3748 1666 3755 1671; x_wconf 82' lang='grc'><em>’</em></span> 
     </span>
    </p>
   </div>
   <div class='ocr_carea' id='block_1_34' title="bbox 397 1738 1973 1819">
    <p class='ocr_par' dir='ltr' id='par_1_34' title="bbox 397 1738 1973 1811">
     <span class='ocr_line' id='line_1_34' title="bbox 397 1738 1973 1811; baseline -0.001 -18"><span class='ocrx_word' id='word_1_225' title='bbox 397 1742 453 1793; x_wconf 88' lang='lat' dir='ltr'><strong>in</strong></span> <span class='ocrx_word' id='word_1_226' title='bbox 484 1741 699 1811; x_wconf 83' lang='lat' dir='ltr'><strong>ejusin</strong></span> <span class='ocrx_word' id='word_1_227' title='bbox 726 1748 875 1795; x_wconf 91' lang='lat' dir='ltr'><strong>terra</strong></span> <span class='ocrx_word' id='word_1_228' title='bbox 915 1739 1205 1793; x_wconf 87' lang='lat' dir='ltr'><strong>nativitate</strong></span> <span class='ocrx_word' id='word_1_229' title='bbox 1254 1738 1462 1808; x_wconf 88' lang='lat' dir='ltr'><strong>pariter</strong></span> <span class='ocrx_word' id='word_1_230' title='bbox 1506 1738 1865 1792; x_wconf 88' lang='lat' dir='ltr'><strong>clamaverint</strong></span> <span class='ocrx_word' id='word_1_231' title='bbox 1917 1751 1973 1791; x_wconf 89' lang='lat' dir='ltr'><strong>ac</strong></span> 
     </span>
    </p>
   </div>
   <div class='ocr_carea' id='block_1_35' title="bbox 2080 1738 3666 1819">
    <p class='ocr_par' dir='ltr' id='par_1_35' title="bbox 2086 1745 3666 1819">
     <span class='ocr_line' id='line_1_35' title="bbox 2086 1745 3666 1819; baseline 0 -18"><span class='ocrx_word' id='word_1_232' title='bbox 2086 1749 2372 1816; x_wconf 82' lang='grc' dir='ltr'>πύθονται,</span> <span class='ocrx_word' id='word_1_233' title='bbox 2430 1753 2529 1815; x_wconf 82' lang='grc' dir='ltr'><strong>Τις</strong></span> <span class='ocrx_word' id='word_1_234' title='bbox 2579 1750 2753 1802; x_wconf 81' lang='grc' dir='ltr'>ἐστιν</span> <span class='ocrx_word' id='word_1_235' title='bbox 2773 1745 2953 1816; x_wconf 88' lang='grc' dir='ltr'>οὗτος</span> <span class='ocrx_word' id='word_1_236' title='bbox 2988 1752 3021 1803; x_wconf 86' lang='grc' dir='ltr'><strong>ό</strong></span> <span class='ocrx_word' id='word_1_237' title='bbox 3070 1750 3572 1819; x_wconf 78' lang='grc' dir='ltr'>παραγενόμενος,</span> <span class='ocrx_word' id='word_1_238' title='bbox 3607 1752 3666 1804; x_wconf 83' lang='grc' dir='ltr'><strong>αἰ</strong></span> 
     </span>
    </p>
   </div>
   <div class='ocr_carea' id='block_1_36' title="bbox 396 1829 1978 1898">
    <p class='ocr_par' dir='ltr' id='par_1_36' title="bbox 396 1829 1978 1898">
     <span class='ocr_line' id='line_1_36' title="bbox 396 1829 1978 1898; baseline 0 -16"><span class='ocrx_word' id='word_1_239' title='bbox 396 1830 732 1886; x_wconf 85' lang='lat' dir='ltr'><strong>cecinerim:</strong></span> <span class='ocrx_word' id='word_1_240' title='bbox 764 1831 946 1886; x_wconf 83' lang='lat' dir='ltr'><strong>Gloria</strong></span> <span class='ocrx_word' id='word_1_241' title='bbox 971 1832 1026 1884; x_wconf 85' lang='lat' dir='ltr'><strong>in</strong></span> <span class='ocrx_word' id='word_1_242' title='bbox 1046 1830 1321 1884; x_wconf 86' lang='lat' dir='ltr'><strong>altissimis</strong></span> <span class='ocrx_word' id='word_1_243' title='bbox 1339 1829 1447 1883; x_wconf 89' lang='lat' dir='ltr'><strong>Deo</strong></span> <span class='ocrx_word' id='word_1_244' title='bbox 1464 1840 1561 1894; x_wconf 24' lang='lat' dir='ltr'><strong>;‘et</strong></span> <span class='ocrx_word' id='word_1_245' title='bbox 1582 1831 1637 1883; x_wconf 91' lang='lat' dir='ltr'><strong>in</strong></span> <span class='ocrx_word' id='word_1_246' title='bbox 1669 1839 1814 1882; x_wconf 86' lang='lat' dir='ltr'><strong>terra</strong></span> <span class='ocrx_word' id='word_1_247' title='bbox 1840 1845 1978 1898; x_wconf 92' lang='lat' dir='ltr'><strong>pax;</strong></span> 
     </span>
    </p>
   </div>
   <div class='ocr_carea' id='block_1_37' title="bbox 397 1920 1977 1991">
    <p class='ocr_par' dir='ltr' id='par_1_37' title="bbox 397 1920 1977 1991">
     <span class='ocr_line' id='line_1_37' title="bbox 397 1920 1977 1991; baseline 0.001 -19"><span class='ocrx_word' id='word_1_248' title='bbox 397 1921 452 1974; x_wconf 89' lang='lat' dir='ltr'><strong>in</strong></span> <span class='ocrx_word' id='word_1_249' title='bbox 485 1922 778 1976; x_wconf 83' lang='lat' dir='ltr'><strong>hominibus</strong></span> <span class='ocrx_word' id='word_1_250' title='bbox 820 1922 955 1975; x_wconf 83' lang='lat' dir='ltr'><strong>bona</strong></span> <span class='ocrx_word' id='word_1_251' title='bbox 990 1920 1328 1987; x_wconf 70' lang='lat' dir='ltr'><strong>voluntas“;</strong></span> <span class='ocrx_word' id='word_1_252' title='bbox 1362 1936 1391 1974; x_wconf 85' lang='lat' dir='ltr'><strong>a</strong></span> <span class='ocrx_word' id='word_1_253' title='bbox 1425 1921 1629 1989; x_wconf 87' lang='lat' dir='ltr'><strong>quibus</strong></span> <span class='ocrx_word' id='word_1_254' title='bbox 1652 1929 1806 1974; x_wconf 87' lang='lat' dir='ltr'><strong>certe</strong></span> <span class='ocrx_word' id='word_1_255' title='bbox 1833 1936 1977 1991; x_wconf 72' lang='lat' dir='ltr'><strong>prae-</strong></span> 
     </span>
    </p>
   </div>
   <div class='ocr_carea' id='block_1_38' title="bbox 394 2011 1975 2081">
    <p class='ocr_par' dir='ltr' id='par_1_38' title="bbox 394 2011 1975 2081">
     <span class='ocr_line' id='line_1_38' title="bbox 394 2011 1975 2081; baseline 0.001 -16"><span class='ocrx_word' id='word_1_256' title='bbox 394 2011 542 2065; x_wconf 83' lang='lat' dir='ltr'><strong>clare</strong></span> <span class='ocrx_word' id='word_1_257' title='bbox 572 2011 754 2065; x_wconf 87' lang='lat' dir='ltr'><strong>edocti</strong></span> <span class='ocrx_word' id='word_1_258' title='bbox 805 2021 935 2066; x_wconf 91' lang='lat' dir='ltr'><strong>sunt</strong></span> <span class='ocrx_word' id='word_1_259' title='bbox 980 2011 1337 2066; x_wconf 64' lang='lat' dir='ltr'><strong>Hebraeorum</strong></span> <span class='ocrx_word' id='word_1_260' title='bbox 1390 2011 1630 2081; x_wconf 78' lang='lat' dir='ltr'><strong>theologi</strong></span> <span class='ocrx_word' id='word_1_261' title='bbox 1682 2012 1839 2081; x_wconf 90' lang='lat' dir='ltr'><strong>pueri</strong></span> <span class='ocrx_word' id='word_1_262' title='bbox 1887 2012 1975 2067; x_wconf 92' lang='lat' dir='ltr'><strong>di-</strong></span> 
     </span>
    </p>
   </div>
   <div class='ocr_carea' id='block_1_39' title="bbox 395 2098 1977 2170">
    <p class='ocr_par' dir='ltr' id='par_1_39' title="bbox 395 2098 1977 2170">
     <span class='ocr_line' id='line_1_39' title="bbox 395 2098 1977 2170; baseline -0.001 -18"><span class='ocrx_word' id='word_1_263' title='bbox 395 2106 624 2153; x_wconf 80' lang='lat' dir='ltr'><strong>centes:</strong></span> <span class='ocrx_word' id='word_1_264' title='bbox 657 2098 915 2153; x_wconf 78' lang='lat' dir='ltr'><strong>HOsanna</strong></span> <span class='ocrx_word' id='word_1_265' title='bbox 939 2115 957 2152; x_wconf 92' lang='lat'><strong><em>:</em></strong></span> <span class='ocrx_word' id='word_1_266' title='bbox 1001 2098 1312 2153; x_wconf 78' lang='lat' dir='ltr'><strong>Benedictus</strong></span> <span class='ocrx_word' id='word_1_267' title='bbox 1356 2100 1445 2170; x_wconf 91' lang='lat' dir='ltr'><strong>qui</strong></span> <span class='ocrx_word' id='word_1_268' title='bbox 1487 2101 1624 2153; x_wconf 82' lang='lat' dir='ltr'><strong>venit</strong></span> <span class='ocrx_word' id='word_1_269' title='bbox 1658 2100 1714 2152; x_wconf 90' lang='lat' dir='ltr'><strong>in</strong></span> <span class='ocrx_word' id='word_1_270' title='bbox 1748 2101 1977 2165; x_wconf 73' lang='lat' dir='ltr'><strong>nomine</strong></span> 
     </span>
    </p>
   </div>
   <div class='ocr_carea' id='block_1_40' title="bbox 394 2189 1977 2260">
    <p class='ocr_par' dir='ltr' id='par_1_40' title="bbox 394 2189 1977 2260">
     <span class='ocr_line' id='line_1_40' title="bbox 394 2189 1977 2260; baseline 0.003 -19"><span class='ocrx_word' id='word_1_271' title='bbox 394 2189 650 2243; x_wconf 82' lang='lat' dir='ltr'><strong>Domini:</strong></span> <span class='ocrx_word' id='word_1_272' title='bbox 678 2206 785 2260; x_wconf 85' lang='lat' dir='ltr'><strong>pax</strong></span> <span class='ocrx_word' id='word_1_273' title='bbox 813 2193 869 2243; x_wconf 89' lang='lat' dir='ltr'><strong>in</strong></span> <span class='ocrx_word' id='word_1_274' title='bbox 898 2189 1045 2255; x_wconf 75' lang='lat' dir='ltr'><strong>caelo,</strong></span> <span class='ocrx_word' id='word_1_275' title='bbox 1072 2197 1120 2243; x_wconf 88' lang='lat' dir='ltr'><strong>et</strong></span> <span class='ocrx_word' id='word_1_276' title='bbox 1165 2189 1341 2260; x_wconf 88' lang='lat' dir='ltr'><strong>gloria</strong></span> <span class='ocrx_word' id='word_1_277' title='bbox 1384 2191 1439 2244; x_wconf 88' lang='lat' dir='ltr'><strong>in</strong></span> <span class='ocrx_word' id='word_1_278' title='bbox 1491 2189 1762 2244; x_wconf 89' lang='lat' dir='ltr'><strong>altissimis</strong></span> <span class='ocrx_word' id='word_1_279' title='bbox 1779 2190 1845 2244; x_wconf 81' lang='grc'><strong>⁸³.</strong></span> <span class='ocrx_word' id='word_1_280' title='bbox 1886 2190 1977 2246; x_wconf 88' lang='lat' dir='ltr'><strong>Sic</strong></span> 
     </span>
    </p>
   </div>
   <div class='ocr_carea' id='block_1_41' title="bbox 392 2282 1975 2353">
    <p class='ocr_par' dir='ltr' id='par_1_41' title="bbox 392 2282 1975 2353">
     <span class='ocr_line' id='line_1_41' title="bbox 392 2282 1975 2353; baseline 0.001 -17"><span class='ocrx_word' id='word_1_281' title='bbox 392 2282 541 2336; x_wconf 88' lang='lat' dir='ltr'><strong>enim</strong></span> <span class='ocrx_word' id='word_1_282' title='bbox 572 2283 747 2338; x_wconf 89' lang='lat' dir='ltr'><strong>Lucas</strong></span> <span class='ocrx_word' id='word_1_283' title='bbox 775 2284 962 2339; x_wconf 86' lang='lat' dir='ltr'><strong>habet.</strong></span> <span class='ocrx_word' id='word_1_284' title='bbox 982 2285 1224 2353; x_wconf 89' lang='lat' dir='ltr'><strong>Eratque</strong></span> <span class='ocrx_word' id='word_1_285' title='bbox 1248 2284 1441 2339; x_wconf 88' lang='lat' dir='ltr'><strong>videre</strong></span> <span class='ocrx_word' id='word_1_286' title='bbox 1461 2284 1518 2338; x_wconf 90' lang='lat' dir='ltr'><strong>in</strong></span> <span class='ocrx_word' id='word_1_287' title='bbox 1544 2283 1699 2350; x_wconf 91' lang='lat' dir='ltr'><strong>Sion,</strong></span> <span class='ocrx_word' id='word_1_288' title='bbox 1727 2285 1975 2340; x_wconf 69' lang='lat' dir='ltr'><strong>caelestia</strong></span> 
     </span>
    </p>
   </div>
   <div class='ocr_carea' id='block_1_42' title="bbox 392 2375 1974 2445">
    <p class='ocr_par' dir='ltr' id='par_1_42' title="bbox 392 2375 1974 2445">
     <span class='ocr_line' id='line_1_42' title="bbox 392 2375 1974 2445; baseline 0.001 -18"><span class='ocrx_word' id='word_1_289' title='bbox 392 2375 604 2444; x_wconf 86' lang='lat' dir='ltr'><strong>pariter</strong></span> <span class='ocrx_word' id='word_1_290' title='bbox 628 2390 693 2431; x_wconf 88' lang='lat' dir='ltr'><strong>ac</strong></span> <span class='ocrx_word' id='word_1_291' title='bbox 718 2377 1002 2431; x_wconf 86' lang='lat' dir='ltr'><strong>terrestria</strong></span> <span class='ocrx_word' id='word_1_292' title='bbox 1041 2377 1266 2431; x_wconf 87' lang='lat' dir='ltr'><strong>vicariis</strong></span> <span class='ocrx_word' id='word_1_293' title='bbox 1312 2375 1417 2431; x_wconf 85' lang='lat' dir='ltr'><strong>sibi</strong></span> <span class='ocrx_word' id='word_1_294' title='bbox 1459 2375 1845 2445; x_wconf 87' lang='lat' dir='ltr'><strong>respondentia</strong></span> <span class='ocrx_word' id='word_1_295' title='bbox 1877 2392 1974 2430; x_wconf 86' lang='lat' dir='ltr'><strong>vo-</strong></span> 
     </span>
    </p>
   </div>
   <div class='ocr_carea' id='block_1_43' title="bbox 392 2466 1972 2539">
    <p class='ocr_par' dir='ltr' id='par_1_43' title="bbox 392 2466 1972 2539">
     <span class='ocr_line' id='line_1_43' title="bbox 392 2466 1972 2539; baseline 0 -20"><span class='ocrx_word' id='word_1_296' title='bbox 392 2466 582 2531; x_wconf 84' lang='lat' dir='ltr'><strong>cibus,</strong></span> <span class='ocrx_word' id='word_1_297' title='bbox 639 2481 809 2536; x_wconf 86' lang='lat' dir='ltr'><strong>seque</strong></span> <span class='ocrx_word' id='word_1_298' title='bbox 861 2478 1058 2523; x_wconf 88' lang='lat' dir='ltr'><strong>mutuo</strong></span> <span class='ocrx_word' id='word_1_299' title='bbox 1120 2467 1441 2522; x_wconf 90' lang='lat' dir='ltr'><strong>salutantia.</strong></span> <span class='ocrx_word' id='word_1_300' title='bbox 1489 2466 1690 2520; x_wconf 88' lang='lat' dir='ltr'><strong>Dicunt</strong></span> <span class='ocrx_word' id='word_1_301' title='bbox 1745 2467 1972 2539; x_wconf 88' lang='lat' dir='ltr'><strong>superi:</strong></span> 
     </span>
    </p>
   </div>
   <div class='ocr_carea' id='block_1_44' title="bbox 391 2557 1976 2627">
    <p class='ocr_par' dir='ltr' id='par_1_44' title="bbox 391 2557 1976 2627">
     <span class='ocr_line' id='line_1_44' title="bbox 391 2557 1976 2627; baseline -0.002 -12"><span class='ocrx_word' id='word_1_302' title='bbox 391 2558 575 2615; x_wconf 76' lang='lat' dir='ltr'><strong>Gloria</strong></span> <span class='ocrx_word' id='word_1_303' title='bbox 604 2561 664 2612; x_wconf 88' lang='lat' dir='ltr'><strong>in</strong></span> <span class='ocrx_word' id='word_1_304' title='bbox 693 2560 969 2614; x_wconf 81' lang='lat' dir='ltr'><strong>altissimis</strong></span> <span class='ocrx_word' id='word_1_305' title='bbox 1000 2559 1126 2623; x_wconf 87' lang='lat' dir='ltr'><strong>Deo,</strong></span> <span class='ocrx_word' id='word_1_306' title='bbox 1153 2568 1202 2613; x_wconf 86' lang='lat' dir='ltr'><strong>et</strong></span> <span class='ocrx_word' id='word_1_307' title='bbox 1232 2560 1290 2612; x_wconf 90' lang='lat' dir='ltr'><strong>in</strong></span> <span class='ocrx_word' id='word_1_308' title='bbox 1315 2566 1460 2612; x_wconf 88' lang='lat' dir='ltr'><strong>terra</strong></span> <span class='ocrx_word' id='word_1_309' title='bbox 1492 2572 1636 2627; x_wconf 91' lang='lat' dir='ltr'><strong>pax;</strong></span> <span class='ocrx_word' id='word_1_310' title='bbox 1668 2557 1837 2611; x_wconf 87' lang='lat' dir='ltr'><strong>inferi</strong></span> <span class='ocrx_word' id='word_1_311' title='bbox 1888 2574 1976 2613; x_wconf 87' lang='lat' dir='ltr'><strong>re-</strong></span> 
     </span>
    </p>
   </div>
   <div class='ocr_carea' id='block_1_45' title="bbox 390 2648 1977 2721">
    <p class='ocr_par' dir='ltr' id='par_1_45' title="bbox 390 2648 1977 2721">
     <span class='ocr_line' id='line_1_45' title="bbox 390 2648 1977 2721; baseline 0 -16"><span class='ocrx_word' id='word_1_312' title='bbox 390 2651 660 2720; x_wconf 83' lang='lat' dir='ltr'><strong>spondent</strong></span> <span class='ocrx_word' id='word_1_313' title='bbox 679 2669 692 2705; x_wconf 94' lang='lat'><strong>:</strong></span> <span class='ocrx_word' id='word_1_314' title='bbox 709 2650 827 2705; x_wconf 82' lang='lat' dir='ltr'><strong>Pax</strong></span> <span class='ocrx_word' id='word_1_315' title='bbox 842 2652 897 2704; x_wconf 86' lang='lat' dir='ltr'><strong>in</strong></span> <span class='ocrx_word' id='word_1_316' title='bbox 916 2651 1063 2716; x_wconf 67' lang='lat' dir='ltr'><strong>caelo,</strong></span> <span class='ocrx_word' id='word_1_317' title='bbox 1082 2660 1131 2704; x_wconf 90' lang='lat' dir='ltr'><strong>et</strong></span> <span class='ocrx_word' id='word_1_318' title='bbox 1146 2649 1320 2721; x_wconf 87' lang='lat' dir='ltr'><strong>gloria</strong></span> <span class='ocrx_word' id='word_1_319' title='bbox 1336 2651 1391 2703; x_wconf 89' lang='lat' dir='ltr'><strong>in</strong></span> <span class='ocrx_word' id='word_1_320' title='bbox 1404 2648 1694 2704; x_wconf 81' lang='lat' dir='ltr'><strong>altissimis.</strong></span> <span class='ocrx_word' id='word_1_321' title='bbox 1709 2651 1977 2705; x_wconf 80' lang='lat' dir='ltr'><strong>Dixerunt</strong></span> 
     </span>
    </p>
   </div>
   <div class='ocr_carea' id='block_1_46' title="bbox 388 2740 1974 2811">
    <p class='ocr_par' dir='ltr' id='par_1_46' title="bbox 388 2740 1974 2811">
     <span class='ocr_line' id='line_1_46' title="bbox 388 2740 1974 2811; baseline 0.001 -17"><span class='ocrx_word' id='word_1_322' title='bbox 388 2741 603 2811; x_wconf 79' lang='lat' dir='ltr'><strong>angeli:</strong></span> <span class='ocrx_word' id='word_1_323' title='bbox 638 2740 705 2795; x_wconf 86' lang='lat' dir='ltr'><strong>In</strong></span> <span class='ocrx_word' id='word_1_324' title='bbox 739 2749 883 2795; x_wconf 83' lang='lat' dir='ltr'><strong>terra</strong></span> <span class='ocrx_word' id='word_1_325' title='bbox 919 2757 1068 2811; x_wconf 82' lang='lat' dir='ltr'><strong>pax;</strong></span> <span class='ocrx_word' id='word_1_326' title='bbox 1099 2740 1356 2795; x_wconf 86' lang='lat' dir='ltr'><strong>homines</strong></span> <span class='ocrx_word' id='word_1_327' title='bbox 1385 2741 1693 2795; x_wconf 90' lang='lat' dir='ltr'><strong>clamarunt</strong></span> <span class='ocrx_word' id='word_1_328' title='bbox 1717 2758 1730 2794; x_wconf 91' lang='lat'><strong>:</strong></span> <span class='ocrx_word' id='word_1_329' title='bbox 1756 2740 1875 2795; x_wconf 84' lang='lat' dir='ltr'><strong>Pax</strong></span> <span class='ocrx_word' id='word_1_330' title='bbox 1917 2742 1974 2795; x_wconf 90' lang='lat' dir='ltr'><strong>in</strong></span> 
     </span>
    </p>
   </div>
   <div class='ocr_carea' id='block_1_47' title="bbox 388 2831 1973 2905">
    <p class='ocr_par' dir='ltr' id='par_1_47' title="bbox 388 2831 1973 2905">
     <span class='ocr_line' id='line_1_47' title="bbox 388 2831 1973 2905; baseline 0.002 -19"><span class='ocrx_word' id='word_1_331' title='bbox 388 2831 975 2900; x_wconf 74' lang='lat' dir='ltr'><strong>cml&#39;o..Quamobrem?</strong></span> <span class='ocrx_word' id='word_1_332' title='bbox 1015 2833 1172 2900; x_wconf 86' lang='lat' dir='ltr'><strong>Quod</strong></span> <span class='ocrx_word' id='word_1_333' title='bbox 1219 2834 1486 2888; x_wconf 88' lang='lat' dir='ltr'><strong>nimirum</strong></span> <span class='ocrx_word' id='word_1_334' title='bbox 1541 2834 1633 2889; x_wconf 88' lang='lat' dir='ltr'><strong>ille</strong></span> <span class='ocrx_word' id='word_1_335' title='bbox 1682 2834 1845 2900; x_wconf 86' lang='lat' dir='ltr'><strong>adsit,</strong></span> <span class='ocrx_word' id='word_1_336' title='bbox 1877 2835 1973 2905; x_wconf 90' lang='lat' dir='ltr'><strong>qui</strong></span> 
     </span>
    </p>
   </div>
   <div class='ocr_carea' id='block_1_48' title="bbox 387 2923 1974 2996">
    <p class='ocr_par' dir='ltr' id='par_1_48' title="bbox 387 2923 1974 2996">
     <span class='ocr_line' id='line_1_48' title="bbox 387 2923 1974 2996; baseline 0.001 -17"><span class='ocrx_word' id='word_1_337' title='bbox 387 2924 651 2981; x_wconf 81' lang='lat' dir='ltr'><strong>omnibus</strong></span> <span class='ocrx_word' id='word_1_338' title='bbox 689 2926 921 2980; x_wconf 89' lang='lat' dir='ltr'><strong>clamat:</strong></span> <span class='ocrx_word' id='word_1_339' title='bbox 955 2923 1072 2978; x_wconf 87' lang='lat' dir='ltr'><strong>Pax</strong></span> <span class='ocrx_word' id='word_1_340' title='bbox 1118 2924 1345 2978; x_wconf 78' lang='lat' dir='ltr'><strong>vobis“.</strong></span> <span class='ocrx_word' id='word_1_341' title='bbox 1398 2924 1507 2979; x_wconf 93' lang='lat' dir='ltr'><strong>Pro</strong></span> <span class='ocrx_word' id='word_1_342' title='bbox 1555 2940 1666 2995; x_wconf 90' lang='lat' dir='ltr'><strong>quo</strong></span> <span class='ocrx_word' id='word_1_343' title='bbox 1703 2926 1974 2996; x_wconf 88' lang='lat' dir='ltr'><strong>propheta</strong></span> 
     </span>
    </p>
   </div>
   <div class='ocr_carea' id='block_1_49' title="bbox 2086 1839 3662 1911">
    <p class='ocr_par' dir='ltr' id='par_1_49' title="bbox 2086 1839 3662 1911">
     <span class='ocr_line' id='line_1_49' title="bbox 2086 1839 3662 1911; baseline -0.001 -18"><span class='ocrx_word' id='word_1_344' title='bbox 2086 1841 2365 1911; x_wconf 71' lang='grc' dir='ltr'>βασιλικαὶ</span> <span class='ocrx_word' id='word_1_345' title='bbox 2397 1840 2678 1911; x_wconf 86' lang='grc' dir='ltr'>δυνάμεις,</span> <span class='ocrx_word' id='word_1_346' title='bbox 2710 1842 2766 1892; x_wconf 87' lang='grc' dir='ltr'><strong>αἰ</strong></span> <span class='ocrx_word' id='word_1_347' title='bbox 2804 1841 2860 1891; x_wconf 78' lang='grc' dir='ltr'>ὲν</span> <span class='ocrx_word' id='word_1_348' title='bbox 2886 1842 2952 1909; x_wconf 77' lang='grc' dir='ltr'>τῇ</span> <span class='ocrx_word' id='word_1_349' title='bbox 3004 1839 3157 1908; x_wconf 83' lang='grc' dir='ltr'><strong>κάτῳ</strong></span> <span class='ocrx_word' id='word_1_350' title='bbox 3182 1842 3433 1910; x_wconf 83' lang='grc' dir='ltr'>γεννήσει</span> <span class='ocrx_word' id='word_1_351' title='bbox 3474 1840 3662 1903; x_wconf 79' lang='grc' dir='ltr'>αὐτοῦ,</span> 
     </span>
    </p>
   </div>
   <div class='ocr_carea' id='block_1_50' title="bbox 2082 1931 3751 2004">
    <p class='ocr_par' dir='ltr' id='par_1_50' title="bbox 2082 1931 3751 2004">
     <span class='ocr_line' id='line_1_50' title="bbox 2082 1931 3751 2004; baseline 0 -19"><span class='ocrx_word' id='word_1_352' title='bbox 2082 1935 2346 2004; x_wconf 85' lang='grc' dir='ltr'>βοήσασαι</span> <span class='ocrx_word' id='word_1_353' title='bbox 2373 1933 2489 2001; x_wconf 84' lang='grc' dir='ltr'>ἅμα</span> <span class='ocrx_word' id='word_1_354' title='bbox 2526 1933 2619 1985; x_wconf 76' lang='grc' dir='ltr'><strong>καὶ</strong></span> <span class='ocrx_word' id='word_1_355' title='bbox 2653 1932 2965 2002; x_wconf 78' lang='grc' dir='ltr'>ὕμνήσασαι</span> <span class='ocrx_word' id='word_1_356' title='bbox 2989 1949 3002 1962; x_wconf 96' lang='grc'><strong>·</strong></span> <span class='ocrx_word' id='word_1_357' title='bbox 3054 1931 3210 1994; x_wconf 82' lang='grc' dir='ltr'>Δόξα</span> <span class='ocrx_word' id='word_1_358' title='bbox 3251 1931 3321 1984; x_wconf 74' lang='grc' dir='ltr'>ἑν</span> <span class='ocrx_word' id='word_1_359' title='bbox 3375 1934 3665 2001; x_wconf 70' lang='grc' dir='ltr'>ὑψίστοις</span> <span class='ocrx_word' id='word_1_360' title='bbox 3748 1970 3751 1971; x_wconf 49' lang='grc' dir='ltr'><strong>ν</strong></span> 
     </span>
    </p>
   </div>
   <div class='ocr_carea' id='block_1_51' title="bbox 2082 2020 3662 2091">
    <p class='ocr_par' dir='ltr' id='par_1_51' title="bbox 2082 2020 3662 2091">
     <span class='ocr_line' id='line_1_51' title="bbox 2082 2020 3662 2091; baseline -0.003 -13"><span class='ocrx_word' id='word_1_361' title='bbox 2082 2022 2225 2089; x_wconf 82' lang='grc' dir='ltr'>Θεῷ,</span> <span class='ocrx_word' id='word_1_362' title='bbox 2269 2022 2368 2076; x_wconf 82' lang='grc' dir='ltr'><strong>καί</strong></span> <span class='ocrx_word' id='word_1_363' title='bbox 2390 2023 2488 2076; x_wconf 78' lang='grc' dir='ltr'><strong>ἐπὶ</strong></span> <span class='ocrx_word' id='word_1_364' title='bbox 2511 2021 2625 2091; x_wconf 74' lang='grc' dir='ltr'>γῆς</span> <span class='ocrx_word' id='word_1_365' title='bbox 2651 2022 2883 2090; x_wconf 77' lang='grc' dir='ltr'>εἰρήνη,</span> <span class='ocrx_word' id='word_1_366' title='bbox 2911 2023 2982 2075; x_wconf 77' lang='grc' dir='ltr'>ἐν</span> <span class='ocrx_word' id='word_1_367' title='bbox 3008 2020 3340 2088; x_wconf 79' lang='grc' dir='ltr'>ἀνθρώποις</span> <span class='ocrx_word' id='word_1_368' title='bbox 3370 2021 3618 2075; x_wconf 81' lang='grc' dir='ltr'>εὐδοκία</span> <span class='ocrx_word' id='word_1_369' title='bbox 3646 2039 3662 2052; x_wconf 93' lang='grc'><strong>·</strong></span> 
     </span>
    </p>
   </div>
   <div class='ocr_carea' id='block_1_52' title="bbox 2078 2111 3663 2184">
    <p class='ocr_par' dir='ltr' id='par_1_52' title="bbox 2078 2111 3663 2184">
     <span class='ocr_line' id='line_1_52' title="bbox 2078 2111 3663 2184; baseline -0.001 -17"><span class='ocrx_word' id='word_1_370' title='bbox 2078 2111 2159 2178; x_wconf 76' lang='grc' dir='ltr'>οἷς</span> <span class='ocrx_word' id='word_1_371' title='bbox 2188 2130 2270 2182; x_wconf 76' lang='grc' dir='ltr'><strong>γε,</strong></span> <span class='ocrx_word' id='word_1_372' title='bbox 2297 2115 2475 2177; x_wconf 81' lang='grc' dir='ltr'>καλῶς</span> <span class='ocrx_word' id='word_1_373' title='bbox 2508 2113 2890 2184; x_wconf 84' lang='grc' dir='ltr'>ὲμαθήτευσαν</span> <span class='ocrx_word' id='word_1_374' title='bbox 2928 2111 3037 2164; x_wconf 84' lang='grc' dir='ltr'><strong>τῶν</strong></span> <span class='ocrx_word' id='word_1_375' title='bbox 3085 2112 3351 2183; x_wconf 75' lang='grc' dir='ltr'>Ἑϐραίων</span> <span class='ocrx_word' id='word_1_376' title='bbox 3394 2114 3443 2165; x_wconf 81' lang='lat' dir='ltr'><strong>oi</strong></span> <span class='ocrx_word' id='word_1_377' title='bbox 3481 2113 3663 2165; x_wconf 82' lang='grc' dir='ltr'>θεολό-</span> 
     </span>
    </p>
   </div>
   <div class='ocr_carea' id='block_1_53' title="bbox 2078 2204 3659 2277">
    <p class='ocr_par' dir='ltr' id='par_1_53' title="bbox 2078 2204 3659 2277">
     <span class='ocr_line' id='line_1_53' title="bbox 2078 2204 3659 2277; baseline -0.001 -17"><span class='ocrx_word' id='word_1_378' title='bbox 2078 2224 2164 2275; x_wconf 89' lang='grc' dir='ltr'><strong>γοι</strong></span> <span class='ocrx_word' id='word_1_379' title='bbox 2190 2207 2381 2269; x_wconf 83' lang='grc' dir='ltr'>παῖδες</span> <span class='ocrx_word' id='word_1_380' title='bbox 2410 2207 2476 2276; x_wconf 84' lang='grc' dir='ltr'><strong>σή</strong></span> <span class='ocrx_word' id='word_1_381' title='bbox 2488 2223 2551 2275; x_wconf 87' lang='grc' dir='ltr'><strong>με</strong></span> <span class='ocrx_word' id='word_1_382' title='bbox 2560 2222 2652 2277; x_wconf 92' lang='grc' dir='ltr'><strong>ρον</strong></span> <span class='ocrx_word' id='word_1_383' title='bbox 2678 2204 2930 2272; x_wconf 78' lang='grc' dir='ltr'>λέγοντες</span> <span class='ocrx_word' id='word_1_384' title='bbox 2955 2219 2968 2232; x_wconf 92' lang='grc'><strong>·</strong></span> <span class='ocrx_word' id='word_1_385' title='bbox 3015 2204 3292 2259; x_wconf 84' lang='grc' dir='ltr'>·⁰Ωσαννά</span> <span class='ocrx_word' id='word_1_386' title='bbox 3316 2221 3331 2235; x_wconf 94' lang='grc'><strong>·</strong></span> <span class='ocrx_word' id='word_1_387' title='bbox 3387 2206 3659 2274; x_wconf 73' lang='grc' dir='ltr'>Εὐλογη-</span> 
     </span>
    </p>
   </div>
   <div class='ocr_carea' id='block_1_54' title="bbox 2071 2296 3660 2368">
    <p class='ocr_par' dir='ltr' id='par_1_54' title="bbox 2071 2296 3660 2368">
     <span class='ocr_line' id='line_1_54' title="bbox 2071 2296 3660 2368; baseline -0.003 -16"><span class='ocrx_word' id='word_1_388' title='bbox 2071 2299 2258 2368; x_wconf 81' lang='grc' dir='ltr'>μένος</span> <span class='ocrx_word' id='word_1_389' title='bbox 2290 2301 2323 2352; x_wconf 86' lang='grc' dir='ltr'><strong>ό</strong></span> <span class='ocrx_word' id='word_1_390' title='bbox 2356 2298 2684 2367; x_wconf 75' lang='grc' dir='ltr'>ἐρχόμενος</span> <span class='ocrx_word' id='word_1_391' title='bbox 2710 2299 2779 2350; x_wconf 81' lang='grc' dir='ltr'>ὲν</span> <span class='ocrx_word' id='word_1_392' title='bbox 2834 2297 3081 2366; x_wconf 78' lang='grc' dir='ltr'>ὀνόματι</span> <span class='ocrx_word' id='word_1_393' title='bbox 3135 2297 3359 2365; x_wconf 83' lang='grc' dir='ltr'>Κυρίου</span> <span class='ocrx_word' id='word_1_394' title='bbox 3394 2312 3407 2324; x_wconf 91' lang='grc'><strong>·</strong></span> <span class='ocrx_word' id='word_1_395' title='bbox 3448 2296 3660 2366; x_wconf 79' lang='grc' dir='ltr'>εἰρήνη</span> 
     </span>
    </p>
   </div>
   <div class='ocr_carea' id='block_1_55' title="bbox 2076 2387 3664 2459">
    <p class='ocr_par' dir='ltr' id='par_1_55' title="bbox 2076 2387 3664 2459">
     <span class='ocr_line' id='line_1_55' title="bbox 2076 2387 3664 2459; baseline -0.001 -17"><span class='ocrx_word' id='word_1_396' title='bbox 2076 2389 2147 2442; x_wconf 82' lang='grc' dir='ltr'>ἐν</span> <span class='ocrx_word' id='word_1_397' title='bbox 2175 2389 2429 2458; x_wconf 82' lang='grc' dir='ltr'>οὐρανῷ,</span> <span class='ocrx_word' id='word_1_398' title='bbox 2472 2390 2570 2442; x_wconf 82' lang='grc' dir='ltr'><strong>καί</strong></span> <span class='ocrx_word' id='word_1_399' title='bbox 2595 2389 2747 2453; x_wconf 79' lang='grc' dir='ltr'>δόξα</span> <span class='ocrx_word' id='word_1_400' title='bbox 2785 2389 2854 2442; x_wconf 83' lang='grc' dir='ltr'>ἐν</span> <span class='ocrx_word' id='word_1_401' title='bbox 2908 2390 3218 2457; x_wconf 72' lang='grc' dir='ltr'>ὑψίστοις.</span> <span class='ocrx_word' id='word_1_402' title='bbox 3256 2387 3445 2450; x_wconf 78' lang='grc' dir='ltr'>Οὕτως</span> <span class='ocrx_word' id='word_1_403' title='bbox 3497 2387 3664 2459; x_wconf 73' lang='grc' dir='ltr'>γὰρό</span> 
     </span>
    </p>
   </div>
   <div class='ocr_carea' id='block_1_56' title="bbox 2076 2475 3658 2551">
    <p class='ocr_par' dir='ltr' id='par_1_56' title="bbox 2076 2475 3658 2551">
     <span class='ocr_line' id='line_1_56' title="bbox 2076 2475 3658 2551; baseline -0.002 -16"><span class='ocrx_word' id='word_1_404' title='bbox 2076 2482 2291 2543; x_wconf 75' lang='grc' dir='ltr'>Λουκᾶς</span> <span class='ocrx_word' id='word_1_405' title='bbox 2344 2481 2554 2551; x_wconf 81' lang='grc' dir='ltr'>είρηκε.</span> <span class='ocrx_word' id='word_1_406' title='bbox 2600 2481 2711 2533; x_wconf 73' lang='grc' dir='ltr'><strong>Καὶ</strong></span> <span class='ocrx_word' id='word_1_407' title='bbox 2739 2475 2808 2550; x_wconf 77' lang='grc' dir='ltr'>ἧν</span> <span class='ocrx_word' id='word_1_408' title='bbox 2844 2482 2899 2533; x_wconf 83' lang='grc' dir='ltr'>ὲν</span> <span class='ocrx_word' id='word_1_409' title='bbox 2928 2480 3067 2532; x_wconf 82' lang='grc' dir='ltr'>Σιὼν</span> <span class='ocrx_word' id='word_1_410' title='bbox 3102 2478 3309 2531; x_wconf 76' lang='grc' dir='ltr'>ἰδέσθαι</span> <span class='ocrx_word' id='word_1_411' title='bbox 3340 2479 3529 2549; x_wconf 80' lang='grc' dir='ltr'>ὥσπερ</span> <span class='ocrx_word' id='word_1_412' title='bbox 3560 2481 3658 2532; x_wconf 83' lang='grc' dir='ltr'><strong>ἀν-</strong></span> 
     </span>
    </p>
   </div>
   <div class='ocr_carea' id='block_1_57' title="bbox 2076 2569 3661 2643">
    <p class='ocr_par' dir='ltr' id='par_1_57' title="bbox 2076 2569 3661 2643">
     <span class='ocr_line' id='line_1_57' title="bbox 2076 2569 3661 2643; baseline -0.002 -16"><span class='ocrx_word' id='word_1_413' title='bbox 2076 2572 2484 2643; x_wconf 72' lang='grc' dir='ltr'>τιφθεγγὸμενα</span> <span class='ocrx_word' id='word_1_414' title='bbox 2527 2575 2622 2626; x_wconf 83' lang='grc' dir='ltr'>καὶ</span> <span class='ocrx_word' id='word_1_415' title='bbox 2655 2572 3110 2639; x_wconf 78' lang='grc' dir='ltr'>ἀντασπαζόμενα</span> <span class='ocrx_word' id='word_1_416' title='bbox 3133 2569 3415 2639; x_wconf 81' lang='grc' dir='ltr'>ἄλληλατὰ</span> <span class='ocrx_word' id='word_1_417' title='bbox 3433 2573 3661 2641; x_wconf 76' lang='grc' dir='ltr'>οὐράνια</span> 
     </span>
    </p>
   </div>
   <div class='ocr_carea' id='block_1_58' title="bbox 2077 2661 3659 2734">
    <p class='ocr_par' dir='ltr' id='par_1_58' title="bbox 2077 2661 3659 2734">
     <span class='ocr_line' id='line_1_58' title="bbox 2077 2661 3659 2734; baseline -0.003 -15"><span class='ocrx_word' id='word_1_418' title='bbox 2077 2665 2262 2719; x_wconf 79' lang='grc' dir='ltr'>καὶτὰ</span> <span class='ocrx_word' id='word_1_419' title='bbox 2296 2667 2534 2734; x_wconf 71' lang='grc' dir='ltr'>ἐπίγεια.</span> <span class='ocrx_word' id='word_1_420' title='bbox 2576 2666 2640 2718; x_wconf 81' lang='lat' dir='ltr'><strong>Ol</strong></span> <span class='ocrx_word' id='word_1_421' title='bbox 2684 2665 2794 2717; x_wconf 86' lang='grc' dir='ltr'>ἄνω</span> <span class='ocrx_word' id='word_1_422' title='bbox 2814 2662 3053 2724; x_wconf 77' lang='grc' dir='ltr'>λέγουσι·</span> <span class='ocrx_word' id='word_1_423' title='bbox 3086 2661 3241 2725; x_wconf 79' lang='grc' dir='ltr'>Δόξα</span> <span class='ocrx_word' id='word_1_424' title='bbox 3267 2661 3338 2714; x_wconf 84' lang='grc' dir='ltr'>ἐν</span> <span class='ocrx_word' id='word_1_425' title='bbox 3369 2663 3659 2730; x_wconf 68' lang='grc' dir='ltr'>ὑψίστοις</span> 
     </span>
    </p>
   </div>
   <div class='ocr_carea' id='block_1_59' title="bbox 2079 2753 3654 2825">
    <p class='ocr_par' dir='ltr' id='par_1_59' title="bbox 2079 2753 3654 2825">
     <span class='ocr_line' id='line_1_59' title="bbox 2079 2753 3654 2825; baseline -0.004 -13"><span class='ocrx_word' id='word_1_426' title='bbox 2079 2757 2223 2823; x_wconf 85' lang='grc' dir='ltr'>Θεῷ,</span> <span class='ocrx_word' id='word_1_427' title='bbox 2265 2758 2363 2811; x_wconf 84' lang='grc' dir='ltr'><strong>καί</strong></span> <span class='ocrx_word' id='word_1_428' title='bbox 2409 2757 2507 2811; x_wconf 80' lang='grc' dir='ltr'><strong>ἐπὶ</strong></span> <span class='ocrx_word' id='word_1_429' title='bbox 2558 2755 2673 2825; x_wconf 69' lang='grc' dir='ltr'><strong>τῆς</strong></span> <span class='ocrx_word' id='word_1_430' title='bbox 2695 2755 2901 2821; x_wconf 77' lang='grc' dir='ltr'>εἰρήνη</span> <span class='ocrx_word' id='word_1_431' title='bbox 2926 2773 2937 2783; x_wconf 96' lang='grc'><strong>·</strong></span> <span class='ocrx_word' id='word_1_432' title='bbox 2966 2756 3018 2806; x_wconf 90' lang='grc' dir='ltr'>οἱ</span> <span class='ocrx_word' id='word_1_433' title='bbox 3055 2753 3206 2807; x_wconf 80' lang='grc' dir='ltr'>κάτω</span> <span class='ocrx_word' id='word_1_434' title='bbox 3233 2753 3654 2823; x_wconf 79' lang='grc' dir='ltr'>ἀποκρίνονται·</span> 
     </span>
    </p>
   </div>
   <div class='ocr_carea' id='block_1_60' title="bbox 2072 2846 3655 2920">
    <p class='ocr_par' dir='ltr' id='par_1_60' title="bbox 2072 2846 3655 2920">
     <span class='ocr_line' id='line_1_60' title="bbox 2072 2846 3655 2920; baseline -0.007 -13"><span class='ocrx_word' id='word_1_435' title='bbox 2072 2849 2299 2917; x_wconf 77' lang='grc' dir='ltr'>Είρήνη</span> <span class='ocrx_word' id='word_1_436' title='bbox 2313 2851 2381 2903; x_wconf 87' lang='grc' dir='ltr'>ἐν</span> <span class='ocrx_word' id='word_1_437' title='bbox 2396 2849 2651 2917; x_wconf 66' lang='grc' dir='ltr'>οὐρανῷ,</span> <span class='ocrx_word' id='word_1_438' title='bbox 2665 2851 2762 2903; x_wconf 83' lang='grc' dir='ltr'><strong>κιιί</strong></span> <span class='ocrx_word' id='word_1_439' title='bbox 2777 2852 2927 2916; x_wconf 79' lang='grc' dir='ltr'>δόξα</span> <span class='ocrx_word' id='word_1_440' title='bbox 2940 2851 3007 2904; x_wconf 83' lang='grc' dir='ltr'>ἐν</span> <span class='ocrx_word' id='word_1_441' title='bbox 3028 2850 3398 2920; x_wconf 67' lang='grc' dir='ltr'>ὑψίστοις.οἰ</span> <span class='ocrx_word' id='word_1_442' title='bbox 3410 2846 3655 2915; x_wconf 77' lang='grc' dir='ltr'>ἄγγελοι,</span> 
     </span>
    </p>
   </div>
   <div class='ocr_carea' id='block_1_61' title="bbox 2078 2937 3659 3014">
    <p class='ocr_par' dir='ltr' id='par_1_61' title="bbox 2078 2937 3659 3014">
     <span class='ocr_line' id='line_1_61' title="bbox 2078 2937 3659 3014; baseline -0.004 -19"><span class='ocrx_word' id='word_1_443' title='bbox 2078 2941 2209 2995; x_wconf 82' lang='grc' dir='ltr'>Ἕπί</span> <span class='ocrx_word' id='word_1_444' title='bbox 2227 2940 2340 3010; x_wconf 79' lang='grc' dir='ltr'>γῆς</span> <span class='ocrx_word' id='word_1_445' title='bbox 2362 2943 2591 3009; x_wconf 81' lang='grc' dir='ltr'>εἰρήνη,</span> <span class='ocrx_word' id='word_1_446' title='bbox 2612 2944 2902 3014; x_wconf 83' lang='grc' dir='ltr'>εἰρήκασιν</span> <span class='ocrx_word' id='word_1_447' title='bbox 2924 2959 2937 2973; x_wconf 92' lang='grc'><strong>·</strong></span> <span class='ocrx_word' id='word_1_448' title='bbox 2961 2945 3009 2994; x_wconf 81' lang='grc' dir='ltr'>οἱ</span> <span class='ocrx_word' id='word_1_449' title='bbox 3026 2942 3319 3012; x_wconf 77' lang='grc' dir='ltr'>ἄνθρωποι,</span> <span class='ocrx_word' id='word_1_450' title='bbox 3344 2938 3570 3006; x_wconf 75' lang='grc' dir='ltr'>Εἰρήνη</span> <span class='ocrx_word' id='word_1_451' title='bbox 3586 2937 3659 2989; x_wconf 77' lang='grc' dir='ltr'>ἐν</span> 
     </span>
    </p>
   </div>
   <div class='ocr_carea' id='block_1_62' title="bbox 385 3013 1973 3102">
    <p class='ocr_par' dir='ltr' id='par_1_62' title="bbox 385 3013 1972 3086">
     <span class='ocr_line' id='line_1_62' title="bbox 385 3013 1972 3086; baseline 0 -17"><span class='ocrx_word' id='word_1_452' title='bbox 385 3016 741 3085; x_wconf 83' lang='lat' dir='ltr'><strong>precabatur,</strong></span> <span class='ocrx_word' id='word_1_453' title='bbox 771 3015 994 3072; x_wconf 88' lang='lat' dir='ltr'><strong>dicens:</strong></span> <span class='ocrx_word' id='word_1_454' title='bbox 1026 3014 1253 3069; x_wconf 85' lang='lat' dir='ltr'><strong>Domine</strong></span> <span class='ocrx_word' id='word_1_455' title='bbox 1296 3013 1432 3069; x_wconf 86' lang='lat' dir='ltr'><strong>Deus</strong></span> <span class='ocrx_word' id='word_1_456' title='bbox 1460 3022 1658 3082; x_wconf 83' lang='lat' dir='ltr'><strong>noster,</strong></span> <span class='ocrx_word' id='word_1_457' title='bbox 1691 3032 1873 3086; x_wconf 87' lang='lat' dir='ltr'><strong>pacem</strong></span> <span class='ocrx_word' id='word_1_458' title='bbox 1902 3017 1972 3069; x_wconf 87' lang='lat' dir='ltr'><strong>da</strong></span> 
     </span>
    </p>
   </div>
   <div class='ocr_carea' id='block_1_63' title="bbox 2080 3013 3654 3102">
    <p class='ocr_par' dir='ltr' id='par_1_63' title="bbox 2080 3027 3654 3102">
     <span class='ocr_line' id='line_1_63' title="bbox 2080 3027 3654 3102; baseline -0.005 -15"><span class='ocrx_word' id='word_1_459' title='bbox 2080 3033 2333 3100; x_wconf 81' lang='grc' dir='ltr'>οὐρανῷ,</span> <span class='ocrx_word' id='word_1_460' title='bbox 2351 3034 2857 3102; x_wconf 83' lang='grc' dir='ltr'>κεκράγασι.Διατί;</span> <span class='ocrx_word' id='word_1_461' title='bbox 2879 3027 3065 3099; x_wconf 73' lang='grc' dir='ltr'>ἐπειδὴ</span> <span class='ocrx_word' id='word_1_462' title='bbox 3083 3033 3286 3101; x_wconf 73' lang='grc' dir='ltr'>ἐπέστη</span> <span class='ocrx_word' id='word_1_463' title='bbox 3303 3032 3330 3083; x_wconf 84' lang='grc' dir='ltr'><strong>ὁ</strong></span> <span class='ocrx_word' id='word_1_464' title='bbox 3344 3029 3654 3099; x_wconf 79' lang='grc' dir='ltr'>πᾶσιβοῶν·</span> 
     </span>
    </p>
   </div>
   <div class='ocr_carea' id='block_1_64' title="bbox 386 3083 1973 3195">
    <p class='ocr_par' dir='ltr' id='par_1_64' title="bbox 386 3083 1966 3176">
     <span class='ocr_line' id='line_1_64' title="bbox 386 3083 1966 3176; baseline -0.001 -16"><span class='ocrx_word' id='word_1_465' title='bbox 386 3083 625 3169; x_wconf 73' lang='lat' dir='ltr'><strong>nobis&quot;;</strong></span> <span class='ocrx_word' id='word_1_466' title='bbox 668 3107 773 3162; x_wconf 89' lang='lat' dir='ltr'><strong>hoc</strong></span> <span class='ocrx_word' id='word_1_467' title='bbox 814 3113 919 3173; x_wconf 88' lang='lat' dir='ltr'><strong>est,</strong></span> <span class='ocrx_word' id='word_1_468' title='bbox 955 3106 1108 3161; x_wconf 85' lang='lat' dir='ltr'><strong>Mitte</strong></span> <span class='ocrx_word' id='word_1_469' title='bbox 1159 3106 1359 3161; x_wconf 89' lang='lat' dir='ltr'><strong>Filium</strong></span> <span class='ocrx_word' id='word_1_470' title='bbox 1410 3116 1563 3160; x_wconf 91' lang='lat' dir='ltr'><strong>tuum</strong></span> <span class='ocrx_word' id='word_1_471' title='bbox 1600 3083 1966 3176; x_wconf 85' lang='lat' dir='ltr'><strong>unigenitum,</strong></span> 
     </span>
    </p>
   </div>
   <div class='ocr_carea' id='block_1_65' title="bbox 2080 3083 3652 3195">
    <p class='ocr_par' dir='ltr' id='par_1_65' title="bbox 2080 3083 3652 3195">
     <span class='ocr_line' id='line_1_65' title="bbox 2080 3083 3652 3195; baseline -0.003 -16"><span class='ocrx_word' id='word_1_472' title='bbox 2080 3083 2304 3195; x_wconf 40' lang='lat' dir='ltr'><strong>sig-£59,}</strong></span> <span class='ocrx_word' id='word_1_473' title='bbox 2322 3083 2333 3098; x_wconf 90' lang='grc'><em>’</em></span> <span class='ocrx_word' id='word_1_474' title='bbox 2349 3083 2522 3194; x_wconf 61' lang='grc' dir='ltr'>ὑμῖν·</span> <span class='ocrx_word' id='word_1_475' title='bbox 2539 3083 2717 3195; x_wconf 76' lang='grc' dir='ltr'>’περῖ</span> <span class='ocrx_word' id='word_1_476' title='bbox 2731 3083 2857 3177; x_wconf 55' lang='lat' dir='ltr'><strong>si</strong></span> <span class='ocrx_word' id='word_1_477' title='bbox 2876 3083 3176 3194; x_wconf 35' lang='lat' dir='ltr'><strong>spiam;</strong></span> <span class='ocrx_word' id='word_1_478' title='bbox 3195 3083 3414 3192; x_wconf 40' lang='lat' dir='ltr'><strong>eum,</strong></span> <span class='ocrx_word' id='word_1_479' title='bbox 3444 3083 3652 3188; x_wconf 70' lang='grc' dir='ltr'>λέγων·</span> 
     </span>
    </p>
   </div>
   <div class='ocr_carea' id='block_1_66' title="bbox 385 3197 1964 3268">
    <p class='ocr_par' dir='ltr' id='par_1_66' title="bbox 385 3197 1964 3268">
     <span class='ocr_line' id='line_1_66' title="bbox 385 3197 1964 3268; baseline 0 -18"><span class='ocrx_word' id='word_1_480' title='bbox 385 3207 447 3252; x_wconf 86' lang='grc' dir='ltr'><strong>ιιι</strong></span> <span class='ocrx_word' id='word_1_481' title='bbox 475 3213 575 3268; x_wconf 88' lang='lat' dir='ltr'><strong>per</strong></span> <span class='ocrx_word' id='word_1_482' title='bbox 601 3213 728 3252; x_wconf 86' lang='lat' dir='ltr'><strong>eum</strong></span> <span class='ocrx_word' id='word_1_483' title='bbox 789 3197 950 3253; x_wconf 90' lang='lat' dir='ltr'><strong>nobis</strong></span> <span class='ocrx_word' id='word_1_484' title='bbox 996 3197 1395 3263; x_wconf 88' lang='lat' dir='ltr'><strong>reconcilieris,</strong></span> <span class='ocrx_word' id='word_1_485' title='bbox 1453 3197 1659 3252; x_wconf 86' lang='lat' dir='ltr'><strong>videns</strong></span> <span class='ocrx_word' id='word_1_486' title='bbox 1709 3204 1964 3251; x_wconf 85' lang='lat' dir='ltr'><strong>naturam</strong></span> 
     </span>
    </p>
   </div>
   <div class='ocr_carea' id='block_1_67' title="bbox 383 3288 1966 3360">
    <p class='ocr_par' dir='ltr' id='par_1_67' title="bbox 383 3288 1966 3360">
     <span class='ocr_line' id='line_1_67' title="bbox 383 3288 1966 3360; baseline -0.001 -17"><span class='ocrx_word' id='word_1_487' title='bbox 383 3299 635 3345; x_wconf 88' lang='lat' dir='ltr'><strong>nostram</strong></span> <span class='ocrx_word' id='word_1_488' title='bbox 672 3305 773 3360; x_wconf 89' lang='lat' dir='ltr'><strong>per</strong></span> <span class='ocrx_word' id='word_1_489' title='bbox 810 3306 938 3345; x_wconf 91' lang='lat' dir='ltr'><strong>eum</strong></span> <span class='ocrx_word' id='word_1_490' title='bbox 968 3290 1069 3346; x_wconf 93' lang='lat' dir='ltr'><strong>tibi</strong></span> <span class='ocrx_word' id='word_1_491' title='bbox 1092 3292 1326 3345; x_wconf 86' lang='lat' dir='ltr'><strong>unitam.</strong></span> <span class='ocrx_word' id='word_1_492' title='bbox 1357 3290 1529 3355; x_wconf 89' lang='lat' dir='ltr'><strong>Quam</strong></span> <span class='ocrx_word' id='word_1_493' title='bbox 1548 3302 1740 3360; x_wconf 89' lang='lat' dir='ltr'><strong>pacem</strong></span> <span class='ocrx_word' id='word_1_494' title='bbox 1770 3288 1966 3343; x_wconf 86' lang='lat' dir='ltr'><strong>viden-</strong></span> 
     </span>
    </p>
   </div>
   <div class='ocr_carea' id='block_1_68' title="bbox 384 3366 1968 3435">
    <p class='ocr_par' dir='ltr' id='par_1_68' title="bbox 384 3366 1968 3435">
     <span class='ocr_line' id='line_1_68' title="bbox 384 3366 1968 3435; baseline 0.001 -3"><span class='ocrx_word' id='word_1_495' title='bbox 384 3389 469 3433; x_wconf 84' lang='lat' dir='ltr'><strong>tes</strong></span> <span class='ocrx_word' id='word_1_496' title='bbox 492 3379 745 3435; x_wconf 59' lang='lat' dir='ltr'><strong>caelestes</strong></span> <span class='ocrx_word' id='word_1_497' title='bbox 779 3380 934 3435; x_wconf 83' lang='lat' dir='ltr'><strong>chori</strong></span> <span class='ocrx_word' id='word_1_498' title='bbox 980 3366 1328 3435; x_wconf 88' lang='lat' dir='ltr'><strong>clamabant:</strong></span> <span class='ocrx_word' id='word_1_499' title='bbox 1365 3379 1547 3435; x_wconf 81' lang='lat' dir='ltr'><strong>Gloria</strong></span> <span class='ocrx_word' id='word_1_500' title='bbox 1589 3382 1645 3433; x_wconf 86' lang='lat' dir='ltr'><strong>in</strong></span> <span class='ocrx_word' id='word_1_501' title='bbox 1696 3379 1968 3434; x_wconf 85' lang='lat' dir='ltr'><strong>altissimis</strong></span> 
     </span>
    </p>
   </div>
   <div class='ocr_carea' id='block_1_69' title="bbox 384 3464 1970 3537">
    <p class='ocr_par' dir='ltr' id='par_1_69' title="bbox 384 3464 1970 3537">
     <span class='ocr_line' id='line_1_69' title="bbox 384 3464 1970 3537; baseline -0.001 -17"><span class='ocrx_word' id='word_1_502' title='bbox 384 3467 517 3532; x_wconf 84' lang='lat' dir='ltr'><strong>Deo,</strong></span> <span class='ocrx_word' id='word_1_503' title='bbox 549 3476 597 3520; x_wconf 86' lang='lat' dir='ltr'><strong>et</strong></span> <span class='ocrx_word' id='word_1_504' title='bbox 622 3467 679 3520; x_wconf 89' lang='lat' dir='ltr'><strong>in</strong></span> <span class='ocrx_word' id='word_1_505' title='bbox 711 3474 854 3520; x_wconf 85' lang='lat' dir='ltr'><strong>terra</strong></span> <span class='ocrx_word' id='word_1_506' title='bbox 884 3482 1024 3537; x_wconf 86' lang='lat' dir='ltr'><strong>pax;</strong></span> <span class='ocrx_word' id='word_1_507' title='bbox 1056 3466 1111 3521; x_wconf 88' lang='lat' dir='ltr'><strong>id</strong></span> <span class='ocrx_word' id='word_1_508' title='bbox 1160 3476 1267 3533; x_wconf 85' lang='lat' dir='ltr'><strong>est,</strong></span> <span class='ocrx_word' id='word_1_509' title='bbox 1300 3466 1546 3536; x_wconf 89' lang='lat' dir='ltr'><strong>perfecta</strong></span> <span class='ocrx_word' id='word_1_510' title='bbox 1572 3464 1669 3519; x_wconf 90' lang='lat' dir='ltr'><strong>Dei</strong></span> <span class='ocrx_word' id='word_1_511' title='bbox 1705 3480 1831 3519; x_wconf 88' lang='lat' dir='ltr'><strong>cum</strong></span> <span class='ocrx_word' id='word_1_512' title='bbox 1863 3465 1970 3519; x_wconf 90' lang='lat' dir='ltr'><strong>ini-</strong></span> 
     </span>
    </p>
   </div>
   <div class='ocr_carea' id='block_1_70' title="bbox 382 3557 1966 3631">
    <p class='ocr_par' dir='ltr' id='par_1_70' title="bbox 382 3557 1966 3631">
     <span class='ocr_line' id='line_1_70' title="bbox 382 3557 1966 3631; baseline -0.001 -19"><span class='ocrx_word' id='word_1_513' title='bbox 382 3559 544 3614; x_wconf 87' lang='lat' dir='ltr'><strong>micis</strong></span> <span class='ocrx_word' id='word_1_514' title='bbox 566 3560 1145 3631; x_wconf 86' lang='lat' dir='ltr'><strong>reconciliatio,quam</strong></span> <span class='ocrx_word' id='word_1_515' title='bbox 1173 3569 1230 3614; x_wconf 87' lang='lat' dir='ltr'><strong>ct</strong></span> <span class='ocrx_word' id='word_1_516' title='bbox 1251 3557 1408 3629; x_wconf 89' lang='lat' dir='ltr'><strong>pueri</strong></span> <span class='ocrx_word' id='word_1_517' title='bbox 1438 3574 1562 3613; x_wconf 91' lang='lat' dir='ltr'><strong>cum</strong></span> <span class='ocrx_word' id='word_1_518' title='bbox 1582 3557 1729 3612; x_wconf 90' lang='lat' dir='ltr'><strong>docti</strong></span> <span class='ocrx_word' id='word_1_519' title='bbox 1759 3569 1966 3623; x_wconf 88' lang='lat' dir='ltr'><strong>essent,</strong></span> 
     </span>
    </p>
   </div>
   <div class='ocr_carea' id='block_1_71' title="bbox 382 3648 1968 3720">
    <p class='ocr_par' dir='ltr' id='par_1_71' title="bbox 382 3648 1968 3720">
     <span class='ocr_line' id='line_1_71' title="bbox 382 3648 1968 3720; baseline 0.003 -20"><span class='ocrx_word' id='word_1_520' title='bbox 382 3650 731 3705; x_wconf 73' lang='lat' dir='ltr'><strong>clamabant:</strong></span> <span class='ocrx_word' id='word_1_521' title='bbox 769 3648 1028 3704; x_wconf 74' lang='lat' dir='ltr'><strong>&quot;osanna</strong></span> <span class='ocrx_word' id='word_1_522' title='bbox 1048 3667 1066 3704; x_wconf 91' lang='lat'><em>:</em></span> <span class='ocrx_word' id='word_1_523' title='bbox 1097 3667 1205 3719; x_wconf 86' lang='lat' dir='ltr'><strong>pax</strong></span> <span class='ocrx_word' id='word_1_524' title='bbox 1249 3653 1304 3703; x_wconf 90' lang='lat' dir='ltr'><strong>in</strong></span> <span class='ocrx_word' id='word_1_525' title='bbox 1337 3649 1488 3715; x_wconf 78' lang='lat' dir='ltr'><strong>caelo,</strong></span> <span class='ocrx_word' id='word_1_526' title='bbox 1520 3657 1569 3702; x_wconf 91' lang='lat' dir='ltr'><strong>et</strong></span> <span class='ocrx_word' id='word_1_527' title='bbox 1593 3649 1767 3720; x_wconf 87' lang='lat' dir='ltr'><strong>gloria</strong></span> <span class='ocrx_word' id='word_1_528' title='bbox 1801 3652 1854 3703; x_wconf 89' lang='lat' dir='ltr'><strong>in</strong></span> <span class='ocrx_word' id='word_1_529' title='bbox 1886 3652 1968 3705; x_wconf 77' lang='lat' dir='ltr'><strong>al-</strong></span> 
     </span>
    </p>
   </div>
   <div class='ocr_carea' id='block_1_72' title="bbox 382 3741 1966 3812">
    <p class='ocr_par' dir='ltr' id='par_1_72' title="bbox 382 3741 1966 3812">
     <span class='ocr_line' id='line_1_72' title="bbox 382 3741 1966 3812; baseline 0.004 -18"><span class='ocrx_word' id='word_1_530' title='bbox 382 3741 616 3795; x_wconf 78' lang='lat' dir='ltr'><strong>tissimis.</strong></span> <span class='ocrx_word' id='word_1_531' title='bbox 655 3741 790 3796; x_wconf 88' lang='lat' dir='ltr'><strong>Nam</strong></span> <span class='ocrx_word' id='word_1_532' title='bbox 823 3758 946 3812; x_wconf 67' lang='lat' dir='ltr'><strong>quae</strong></span> <span class='ocrx_word' id='word_1_533' title='bbox 985 3742 1117 3797; x_wconf 91' lang='lat' dir='ltr'><strong>olim</strong></span> <span class='ocrx_word' id='word_1_534' title='bbox 1148 3742 1361 3797; x_wconf 85' lang='lat' dir='ltr'><strong>infense</strong></span> <span class='ocrx_word' id='word_1_535' title='bbox 1390 3742 1688 3810; x_wconf 87' lang='lat' dir='ltr'><strong>habebant,</strong></span> <span class='ocrx_word' id='word_1_536' title='bbox 1724 3744 1966 3800; x_wconf 82' lang='lat' dir='ltr'><strong>fraterna</strong></span> 
     </span>
    </p>
   </div>
   <div class='ocr_carea' id='block_1_73' title="bbox 383 3834 1967 3908">
    <p class='ocr_par' dir='ltr' id='par_1_73' title="bbox 383 3834 1967 3908">
     <span class='ocr_line' id='line_1_73' title="bbox 383 3834 1967 3908; baseline 0.004 -23"><span class='ocrx_word' id='word_1_537' title='bbox 383 3848 533 3888; x_wconf 90' lang='lat' dir='ltr'><strong>nunc</strong></span> <span class='ocrx_word' id='word_1_538' title='bbox 564 3834 713 3889; x_wconf 89' lang='lat' dir='ltr'><strong>chari</strong></span> <span class='ocrx_word' id='word_1_539' title='bbox 723 3843 832 3890; x_wconf 91' lang='lat' dir='ltr'><strong>tate</strong></span> <span class='ocrx_word' id='word_1_540' title='bbox 855 3843 1110 3890; x_wconf 89' lang='lat' dir='ltr'><strong>conserta</strong></span> <span class='ocrx_word' id='word_1_541' title='bbox 1127 3843 1258 3889; x_wconf 86' lang='lat' dir='ltr'><strong>sunt</strong></span> <span class='ocrx_word' id='word_1_542' title='bbox 1280 3851 1294 3899; x_wconf 90' lang='lat'><strong>;</strong></span> <span class='ocrx_word' id='word_1_543' title='bbox 1315 3850 1479 3890; x_wconf 88' lang='lat' dir='ltr'><strong>unam</strong></span> <span class='ocrx_word' id='word_1_544' title='bbox 1498 3836 1740 3892; x_wconf 74' lang='lat' dir='ltr'><strong>coelestia</strong></span> <span class='ocrx_word' id='word_1_545' title='bbox 1758 3840 1967 3908; x_wconf 89' lang='lat' dir='ltr'><strong>pariter</strong></span> 
     </span>
    </p>
   </div>
   <div class='ocr_carea' id='block_1_74' title="bbox 368 3925 1967 3993">
    <p class='ocr_par' dir='ltr' id='par_1_74' title="bbox 368 3925 1967 3993">
     <span class='ocr_line' id='line_1_74' title="bbox 368 3925 1967 3993; baseline 0.004 -15"><span class='ocrx_word' id='word_1_546' title='bbox 368 3939 444 3979; x_wconf 91' lang='lat' dir='ltr'><strong>.ac</strong></span> <span class='ocrx_word' id='word_1_547' title='bbox 472 3932 713 3992; x_wconf 88' lang='lat' dir='ltr'><strong>terrena,</strong></span> <span class='ocrx_word' id='word_1_548' title='bbox 736 3925 960 3981; x_wconf 89' lang='lat' dir='ltr'><strong>Christo</strong></span> <span class='ocrx_word' id='word_1_549' title='bbox 992 3926 1203 3981; x_wconf 68' lang='lat' dir='ltr'><strong>caelesti</strong></span> <span class='ocrx_word' id='word_1_550' title='bbox 1246 3926 1409 3981; x_wconf 90' lang='lat' dir='ltr'><strong>simul</strong></span> <span class='ocrx_word' id='word_1_551' title='bbox 1439 3942 1503 3982; x_wconf 90' lang='lat' dir='ltr'><strong>ac</strong></span> <span class='ocrx_word' id='word_1_552' title='bbox 1531 3937 1771 3993; x_wconf 89' lang='lat' dir='ltr'><strong>terreno,</strong></span> <span class='ocrx_word' id='word_1_553' title='bbox 1823 3930 1967 3984; x_wconf 87' lang='lat' dir='ltr'><strong>divi-</strong></span> 
     </span>
    </p>
   </div>
   <div class='ocr_carea' id='block_1_75' title="bbox 379 4016 1962 4077">
    <p class='ocr_par' dir='ltr' id='par_1_75' title="bbox 379 4016 1962 4077">
     <span class='ocr_line' id='line_1_75' title="bbox 379 4016 1962 4077; baseline 0.004 -8"><span class='ocrx_word' id='word_1_554' title='bbox 379 4016 571 4071; x_wconf 87' lang='lat' dir='ltr'><strong>nitatis</strong></span> <span class='ocrx_word' id='word_1_555' title='bbox 616 4018 1024 4074; x_wconf 78' lang='lat' dir='ltr'><strong>confessionem</strong></span> <span class='ocrx_word' id='word_1_556' title='bbox 1084 4034 1150 4073; x_wconf 89' lang='lat' dir='ltr'><strong>ac</strong></span> <span class='ocrx_word' id='word_1_557' title='bbox 1212 4018 1593 4075; x_wconf 89' lang='lat' dir='ltr'><strong>adorationem</strong></span> <span class='ocrx_word' id='word_1_558' title='bbox 1650 4020 1962 4077; x_wconf 83' lang='lat' dir='ltr'><strong>oll&#39;crentia.</strong></span> 
     </span>
    </p>
   </div>
   <div class='ocr_carea' id='block_1_76' title="bbox 376 4108 1975 4180">
    <p class='ocr_par' dir='ltr' id='par_1_76' title="bbox 376 4108 1975 4180">
     <span class='ocr_line' id='line_1_76' title="bbox 376 4108 1975 4180; baseline 0.004 -20"><span class='ocrx_word' id='word_1_559' title='bbox 376 4108 749 4173; x_wconf 84' lang='lat' dir='ltr'><strong>Quamobrem</strong></span> <span class='ocrx_word' id='word_1_560' title='bbox 776 4109 979 4180; x_wconf 86' lang='lat' dir='ltr'><strong>jubent</strong></span> <span class='ocrx_word' id='word_1_561' title='bbox 1015 4109 1224 4179; x_wconf 81' lang='lat' dir='ltr'><strong>superi,</strong></span> <span class='ocrx_word' id='word_1_562' title='bbox 1256 4118 1316 4163; x_wconf 87' lang='lat' dir='ltr'><strong>ut</strong></span> <span class='ocrx_word' id='word_1_563' title='bbox 1355 4109 1408 4164; x_wconf 91' lang='lat' dir='ltr'><strong>ei</strong></span> <span class='ocrx_word' id='word_1_564' title='bbox 1454 4109 1614 4164; x_wconf 86' lang='lat' dir='ltr'><strong>inferi</strong></span> <span class='ocrx_word' id='word_1_565' title='bbox 1652 4111 1975 4167; x_wconf 82' lang='lat' dir='ltr'><strong>Divinitatis</strong></span> 
     </span>
    </p>
   </div>
   <div class='ocr_carea' id='block_1_77' title="bbox 376 4199 1967 4273">
    <p class='ocr_par' dir='ltr' id='par_1_77' title="bbox 376 4199 1967 4273">
     <span class='ocr_line' id='line_1_77' title="bbox 376 4199 1967 4273; baseline 0.001 -19"><span class='ocrx_word' id='word_1_566' title='bbox 376 4199 617 4255; x_wconf 78' lang='lat' dir='ltr'><strong>offerant</strong></span> <span class='ocrx_word' id='word_1_567' title='bbox 640 4200 1042 4256; x_wconf 83' lang='lat' dir='ltr'><strong>confessionem</strong></span> <span class='ocrx_word' id='word_1_568' title='bbox 1070 4218 1082 4254; x_wconf 91' lang='lat'>:</span> <span class='ocrx_word' id='word_1_569' title='bbox 1114 4201 1348 4255; x_wconf 85' lang='lat' dir='ltr'><strong>Adorent</strong></span> <span class='ocrx_word' id='word_1_570' title='bbox 1377 4217 1496 4255; x_wconf 86' lang='lat' dir='ltr'><strong>eum</strong></span> <span class='ocrx_word' id='word_1_571' title='bbox 1546 4218 1723 4256; x_wconf 87' lang='lat' dir='ltr'><strong>omnes</strong></span> <span class='ocrx_word' id='word_1_572' title='bbox 1747 4201 1967 4273; x_wconf 71' lang='lat' dir='ltr'><strong>familiar</strong></span> 
     </span>
    </p>
   </div>
   <div class='ocr_carea' id='block_1_78' title="bbox 377 4291 1966 4363">
    <p class='ocr_par' dir='ltr' id='par_1_78' title="bbox 377 4291 1966 4363">
     <span class='ocr_line' id='line_1_78' title="bbox 377 4291 1966 4363; baseline 0.001 -18"><span class='ocrx_word' id='word_1_573' title='bbox 377 4294 614 4361; x_wconf 87' lang='lat' dir='ltr'><strong>gentium</strong></span> <span class='ocrx_word' id='word_1_574' title='bbox 627 4291 695 4348; x_wconf 80' lang='grc'><strong>⁸⁸.</strong></span> <span class='ocrx_word' id='word_1_575' title='bbox 726 4292 893 4349; x_wconf 91' lang='lat' dir='ltr'><strong>lnferi</strong></span> <span class='ocrx_word' id='word_1_576' title='bbox 930 4293 1147 4363; x_wconf 91' lang='lat' dir='ltr'><strong>superis</strong></span> <span class='ocrx_word' id='word_1_577' title='bbox 1179 4294 1555 4363; x_wconf 88' lang='lat' dir='ltr'><strong>respondent:</strong></span> <span class='ocrx_word' id='word_1_578' title='bbox 1590 4294 1824 4348; x_wconf 81' lang='lat' dir='ltr'><strong>Adorent</strong></span> <span class='ocrx_word' id='word_1_579' title='bbox 1848 4310 1966 4347; x_wconf 88' lang='lat' dir='ltr'><strong>eum</strong></span> 
     </span>
    </p>
   </div>
   <div class='ocr_carea' id='block_1_79' title="bbox 2071 3209 3656 3285">
    <p class='ocr_par' dir='ltr' id='par_1_79' title="bbox 2071 3209 3656 3285">
     <span class='ocr_line' id='line_1_79' title="bbox 2071 3209 3656 3285; baseline -0.004 -18"><span class='ocrx_word' id='word_1_580' title='bbox 2071 3217 2246 3282; x_wconf 82' lang='grc' dir='ltr'>Κύριε</span> <span class='ocrx_word' id='word_1_581' title='bbox 2282 3220 2315 3271; x_wconf 84' lang='grc' dir='ltr'><em>ὁ</em></span> <span class='ocrx_word' id='word_1_582' title='bbox 2338 3216 2481 3282; x_wconf 82' lang='grc' dir='ltr'>Θεὸς</span> <span class='ocrx_word' id='word_1_583' title='bbox 2502 3214 2689 3285; x_wconf 78' lang='grc' dir='ltr'>ἡμῶν,</span> <span class='ocrx_word' id='word_1_584' title='bbox 2710 3215 2960 3284; x_wconf 80' lang='grc' dir='ltr'>εἰρήνην</span> <span class='ocrx_word' id='word_1_585' title='bbox 2983 3214 3089 3277; x_wconf 81' lang='grc' dir='ltr'>δὺς</span> <span class='ocrx_word' id='word_1_586' title='bbox 3128 3212 3291 3282; x_wconf 73' lang='grc' dir='ltr'>ἡμῖν·</span> <span class='ocrx_word' id='word_1_587' title='bbox 3328 3211 3473 3266; x_wconf 81' lang='grc' dir='ltr'>τοῦτ’</span> <span class='ocrx_word' id='word_1_588' title='bbox 3511 3209 3656 3276; x_wconf 76' lang='grc' dir='ltr'>ἐστι,</span> 
     </span>
    </p>
   </div>
   <div class='ocr_carea' id='block_1_80' title="bbox 2071 3302 3652 3377">
    <p class='ocr_par' dir='ltr' id='par_1_80' title="bbox 2071 3302 3652 3377">
     <span class='ocr_line' id='line_1_80' title="bbox 2071 3302 3652 3377; baseline -0.003 -19"><span class='ocrx_word' id='word_1_589' title='bbox 2071 3306 2175 3358; x_wconf 80' lang='grc' dir='ltr'>Τὸν</span> <span class='ocrx_word' id='word_1_590' title='bbox 2210 3306 2337 3359; x_wconf 85' lang='grc' dir='ltr'>Υἰόν</span> <span class='ocrx_word' id='word_1_591' title='bbox 2364 3324 2457 3358; x_wconf 91' lang='grc' dir='ltr'><strong>σου</strong></span> <span class='ocrx_word' id='word_1_592' title='bbox 2492 3308 2584 3359; x_wconf 81' lang='grc' dir='ltr'>τὸν</span> <span class='ocrx_word' id='word_1_593' title='bbox 2618 3307 2881 3377; x_wconf 82' lang='grc' dir='ltr'>μονογενῆ</span> <span class='ocrx_word' id='word_1_594' title='bbox 2909 3303 3250 3368; x_wconf 81' lang='grc' dir='ltr'>ἀπόστειλον,</span> <span class='ocrx_word' id='word_1_595' title='bbox 3280 3303 3367 3357; x_wconf 76' lang='grc' dir='ltr'>ἵνα</span> <span class='ocrx_word' id='word_1_596' title='bbox 3395 3303 3462 3356; x_wconf 78' lang='grc' dir='ltr'><strong>δι’</strong></span> <span class='ocrx_word' id='word_1_597' title='bbox 3486 3302 3652 3357; x_wconf 76' lang='grc' dir='ltr'>αὐτοῦ</span> 
     </span>
    </p>
   </div>
   <div class='ocr_carea' id='block_1_81' title="bbox 2071 3391 3695 3466">
    <p class='ocr_par' dir='ltr' id='par_1_81' title="bbox 2071 3391 3695 3466">
     <span class='ocr_line' id='line_1_81' title="bbox 2071 3391 3695 3466; baseline -0.001 -20"><span class='ocrx_word' id='word_1_598' title='bbox 2071 3394 2417 3466; x_wconf 76' lang='grc' dir='ltr'>καταλλαγῇς</span> <span class='ocrx_word' id='word_1_599' title='bbox 2467 3397 2601 3464; x_wconf 60' lang='grc' dir='ltr'>πρὸς</span> <span class='ocrx_word' id='word_1_600' title='bbox 2644 3397 2815 3465; x_wconf 81' lang='grc' dir='ltr'>ἡμᾶς,</span> <span class='ocrx_word' id='word_1_601' title='bbox 2867 3395 3009 3465; x_wconf 83' lang='grc' dir='ltr'><strong>όρῶν</strong></span> <span class='ocrx_word' id='word_1_602' title='bbox 3040 3393 3139 3464; x_wconf 84' lang='grc' dir='ltr'>τὴν</span> <span class='ocrx_word' id='word_1_603' title='bbox 3165 3394 3445 3463; x_wconf 81' lang='grc' dir='ltr'>ἡμετέραν</span> <span class='ocrx_word' id='word_1_604' title='bbox 3488 3391 3655 3459; x_wconf 80' lang='grc' dir='ltr'>φύσιν</span> <span class='ocrx_word' id='word_1_605' title='bbox 3684 3442 3695 3445; x_wconf 85' lang='grc'><strong>-</strong></span> 
     </span>
    </p>
   </div>
   <div class='ocr_carea' id='block_1_82' title="bbox 2072 3481 3655 3554">
    <p class='ocr_par' dir='ltr' id='par_1_82' title="bbox 2072 3481 3655 3554">
     <span class='ocr_line' id='line_1_82' title="bbox 2072 3481 3655 3554; baseline -0.003 -18"><span class='ocrx_word' id='word_1_606' title='bbox 2072 3484 2362 3537; x_wconf 79' lang='grc' dir='ltr'>ἑνωθείσάν</span> <span class='ocrx_word' id='word_1_607' title='bbox 2394 3502 2477 3537; x_wconf 90' lang='grc' dir='ltr'><strong>σοι</strong></span> <span class='ocrx_word' id='word_1_608' title='bbox 2501 3485 2570 3537; x_wconf 80' lang='grc' dir='ltr'>δι’</span> <span class='ocrx_word' id='word_1_609' title='bbox 2620 3485 2782 3538; x_wconf 77' lang='grc' dir='ltr'>αὐτοῦ</span> <span class='ocrx_word' id='word_1_610' title='bbox 2815 3504 2829 3516; x_wconf 87' lang='grc'><strong>·</strong></span> <span class='ocrx_word' id='word_1_611' title='bbox 2861 3486 3037 3554; x_wconf 78' lang='grc' dir='ltr'>ἤνπερ</span> <span class='ocrx_word' id='word_1_612' title='bbox 3084 3485 3310 3554; x_wconf 81' lang='grc' dir='ltr'>εἰρήνην</span> <span class='ocrx_word' id='word_1_613' title='bbox 3337 3482 3571 3552; x_wconf 83' lang='grc' dir='ltr'>ὁρῶντες</span> <span class='ocrx_word' id='word_1_614' title='bbox 3602 3481 3655 3532; x_wconf 78' lang='grc' dir='ltr'>οἱ</span> 
     </span>
    </p>
   </div>
   <div class='ocr_carea' id='block_1_83' title="bbox 2068 3571 3650 3647">
    <p class='ocr_par' dir='ltr' id='par_1_83' title="bbox 2068 3571 3650 3647">
     <span class='ocr_line' id='line_1_83' title="bbox 2068 3571 3650 3647; baseline -0.003 -19"><span class='ocrx_word' id='word_1_615' title='bbox 2068 3579 2177 3629; x_wconf 82' lang='grc' dir='ltr'>τῶν</span> <span class='ocrx_word' id='word_1_616' title='bbox 2208 3577 2320 3631; x_wconf 85' lang='grc' dir='ltr'>ἄνω</span> <span class='ocrx_word' id='word_1_617' title='bbox 2352 3578 2524 3647; x_wconf 71' lang='grc' dir='ltr'>χοροὶ,</span> <span class='ocrx_word' id='word_1_618' title='bbox 2560 3577 2727 3630; x_wconf 78' lang='grc' dir='ltr'>ἐϐόων</span> <span class='ocrx_word' id='word_1_619' title='bbox 2754 3593 2768 3607; x_wconf 98' lang='grc'><strong>·</strong></span> <span class='ocrx_word' id='word_1_620' title='bbox 2794 3577 2950 3638; x_wconf 82' lang='grc' dir='ltr'>Δόξα</span> <span class='ocrx_word' id='word_1_621' title='bbox 2968 3577 3036 3627; x_wconf 86' lang='grc' dir='ltr'>ἐν</span> <span class='ocrx_word' id='word_1_622' title='bbox 3056 3575 3341 3644; x_wconf 74' lang='grc' dir='ltr'>ὑψίστοις</span> <span class='ocrx_word' id='word_1_623' title='bbox 3371 3571 3512 3637; x_wconf 86' lang='grc' dir='ltr'>Θεῷ,</span> <span class='ocrx_word' id='word_1_624' title='bbox 3548 3572 3650 3623; x_wconf 79' lang='grc' dir='ltr'>καὶ</span> 
     </span>
    </p>
   </div>
   <div class='ocr_carea' id='block_1_84' title="bbox 2069 3663 3651 3738">
    <p class='ocr_par' dir='ltr' id='par_1_84' title="bbox 2069 3663 3651 3738">
     <span class='ocr_line' id='line_1_84' title="bbox 2069 3663 3651 3738; baseline -0.001 -18"><span class='ocrx_word' id='word_1_625' title='bbox 2069 3667 2165 3720; x_wconf 79' lang='grc' dir='ltr'><strong>ἐπὶ</strong></span> <span class='ocrx_word' id='word_1_626' title='bbox 2196 3667 2309 3736; x_wconf 77' lang='grc' dir='ltr'>γῆς</span> <span class='ocrx_word' id='word_1_627' title='bbox 2330 3668 2572 3736; x_wconf 85' lang='grc' dir='ltr'>εἰρήνη·</span> <span class='ocrx_word' id='word_1_628' title='bbox 2610 3668 2778 3737; x_wconf 76' lang='grc' dir='ltr'>ἤγουν</span> <span class='ocrx_word' id='word_1_629' title='bbox 2813 3666 2947 3719; x_wconf 84' lang='grc' dir='ltr'>Θεοῦ</span> <span class='ocrx_word' id='word_1_630' title='bbox 2996 3667 3132 3738; x_wconf 77' lang='grc' dir='ltr'>πρὸς</span> <span class='ocrx_word' id='word_1_631' title='bbox 3178 3664 3407 3737; x_wconf 77' lang='grc' dir='ltr'>ἐχθροὺς</span> <span class='ocrx_word' id='word_1_632' title='bbox 3463 3663 3651 3718; x_wconf 76' lang='grc' dir='ltr'>τελεία</span> 
     </span>
    </p>
   </div>
   <div class='ocr_carea' id='block_1_85' title="bbox 2070 3754 3643 3829">
    <p class='ocr_par' dir='ltr' id='par_1_85' title="bbox 2070 3754 3643 3829">
     <span class='ocr_line' id='line_1_85' title="bbox 2070 3754 3643 3829; baseline -0.002 -19"><span class='ocrx_word' id='word_1_633' title='bbox 2070 3758 2409 3829; x_wconf 78' lang='grc' dir='ltr'>καταλλαγὴ,</span> <span class='ocrx_word' id='word_1_634' title='bbox 2461 3759 2529 3828; x_wconf 82' lang='grc' dir='ltr'>ἣν</span> <span class='ocrx_word' id='word_1_635' title='bbox 2575 3759 2669 3811; x_wconf 73' lang='grc' dir='ltr'>καὶ</span> <span class='ocrx_word' id='word_1_636' title='bbox 2712 3759 2761 3809; x_wconf 86' lang='grc' dir='ltr'>οἱ</span> <span class='ocrx_word' id='word_1_637' title='bbox 2800 3759 2990 3820; x_wconf 84' lang='grc' dir='ltr'>παῖδες</span> <span class='ocrx_word' id='word_1_638' title='bbox 3044 3756 3308 3826; x_wconf 80' lang='grc' dir='ltr'>μαθόντες</span> <span class='ocrx_word' id='word_1_639' title='bbox 3368 3754 3601 3827; x_wconf 81' lang='grc' dir='ltr'>ἔκραζον</span> <span class='ocrx_word' id='word_1_640' title='bbox 3630 3772 3643 3785; x_wconf 91' lang='grc'><strong>·</strong></span> 
     </span>
    </p>
   </div>
   <div class='ocr_carea' id='block_1_86' title="bbox 2079 3843 3646 3913">
    <p class='ocr_par' dir='ltr' id='par_1_86' title="bbox 2079 3843 3646 3913">
     <span class='ocr_line' id='line_1_86' title="bbox 2079 3843 3646 3913; baseline -0.004 -12"><span class='ocrx_word' id='word_1_641' title='bbox 2079 3844 2361 3901; x_wconf 80' lang='grc' dir='ltr'>Ὡσαννά·</span> <span class='ocrx_word' id='word_1_642' title='bbox 2378 3844 2601 3913; x_wconf 82' lang='grc' dir='ltr'>Εἰρήνη</span> <span class='ocrx_word' id='word_1_643' title='bbox 2618 3847 2688 3898; x_wconf 83' lang='grc' dir='ltr'>ἐν</span> <span class='ocrx_word' id='word_1_644' title='bbox 2704 3844 2959 3913; x_wconf 83' lang='grc' dir='ltr'>οὐρανῷ,</span> <span class='ocrx_word' id='word_1_645' title='bbox 2973 3845 3072 3898; x_wconf 80' lang='grc' dir='ltr'>καὶ</span> <span class='ocrx_word' id='word_1_646' title='bbox 3087 3845 3238 3909; x_wconf 81' lang='grc' dir='ltr'>δόξα</span> <span class='ocrx_word' id='word_1_647' title='bbox 3259 3845 3329 3897; x_wconf 84' lang='grc' dir='ltr'>ἐν</span> <span class='ocrx_word' id='word_1_648' title='bbox 3340 3843 3646 3911; x_wconf 68' lang='grc' dir='ltr'>ὑψίστοις.</span> 
     </span>
    </p>
   </div>
   <div class='ocr_carea' id='block_1_87' title="bbox 2069 3918 3650 4006">
    <p class='ocr_par' dir='ltr' id='par_1_87' title="bbox 2069 3918 3650 4006">
     <span class='ocr_line' id='line_1_87' title="bbox 2069 3918 3650 4006; baseline -0.004 -17"><span class='ocrx_word' id='word_1_649' title='bbox 2069 3935 2333 4003; x_wconf 85' lang='grc' dir='ltr'>Γεγόνασι</span> <span class='ocrx_word' id='word_1_650' title='bbox 2367 3937 2475 4005; x_wconf 83' lang='grc' dir='ltr'>γὰρ</span> <span class='ocrx_word' id='word_1_651' title='bbox 2511 3936 2581 3988; x_wconf 88' lang='grc' dir='ltr'>τά</span> <span class='ocrx_word' id='word_1_652' title='bbox 2612 3952 2743 3988; x_wconf 88' lang='grc' dir='ltr'>ποτε</span> <span class='ocrx_word' id='word_1_653' title='bbox 2782 3918 2973 4006; x_wconf 77' lang='grc' dir='ltr'>ἐχθρὰ,</span> <span class='ocrx_word' id='word_1_654' title='bbox 3003 3934 3097 3988; x_wconf 78' lang='grc' dir='ltr'><strong>νῦν</strong></span> <span class='ocrx_word' id='word_1_655' title='bbox 3123 3935 3326 4004; x_wconf 77' lang='grc' dir='ltr'>ἀδελφά</span> <span class='ocrx_word' id='word_1_656' title='bbox 3349 3951 3363 3964; x_wconf 98' lang='grc'><strong>·</strong></span> <span class='ocrx_word' id='word_1_657' title='bbox 3424 3932 3553 4003; x_wconf 83' lang='grc' dir='ltr'>μίαν</span> <span class='ocrx_word' id='word_1_658' title='bbox 3581 3933 3650 3984; x_wconf 65' lang='grc' dir='ltr'>τὰ</span> 
     </span>
    </p>
   </div>
   <div class='ocr_carea' id='block_1_88' title="bbox 2067 4024 3646 4099">
    <p class='ocr_par' dir='ltr' id='par_1_88' title="bbox 2067 4024 3646 4099">
     <span class='ocr_line' id='line_1_88' title="bbox 2067 4024 3646 4099; baseline -0.004 -18"><span class='ocrx_word' id='word_1_659' title='bbox 2067 4027 2315 4099; x_wconf 77' lang='grc' dir='ltr'>οὐράνια,</span> <span class='ocrx_word' id='word_1_660' title='bbox 2347 4027 2539 4080; x_wconf 76' lang='grc' dir='ltr'>καὶτὰ</span> <span class='ocrx_word' id='word_1_661' title='bbox 2592 4026 2810 4094; x_wconf 75' lang='grc' dir='ltr'>ἐπίγεια</span> <span class='ocrx_word' id='word_1_662' title='bbox 2859 4026 3088 4097; x_wconf 84' lang='grc' dir='ltr'>Χριστῷ</span> <span class='ocrx_word' id='word_1_663' title='bbox 3137 4025 3214 4095; x_wconf 82' lang='grc' dir='ltr'>τῷ</span> <span class='ocrx_word' id='word_1_664' title='bbox 3268 4024 3506 4094; x_wconf 80' lang='grc' dir='ltr'>οὐρανίῳ</span> <span class='ocrx_word' id='word_1_665' title='bbox 3551 4024 3646 4075; x_wconf 73' lang='grc' dir='ltr'>καὶ</span> 
     </span>
    </p>
   </div>
   <div class='ocr_carea' id='block_1_89' title="bbox 2069 4113 3641 4193">
    <p class='ocr_par' dir='ltr' id='par_1_89' title="bbox 2069 4113 3641 4193">
     <span class='ocr_line' id='line_1_89' title="bbox 2069 4113 3641 4193; baseline -0.003 -21"><span class='ocrx_word' id='word_1_666' title='bbox 2069 4118 2295 4187; x_wconf 76' lang='grc' dir='ltr'>ὲπιγείῳ</span> <span class='ocrx_word' id='word_1_667' title='bbox 2344 4117 2623 4185; x_wconf 77' lang='grc' dir='ltr'>θεολογίαν</span> <span class='ocrx_word' id='word_1_668' title='bbox 2675 4117 3045 4187; x_wconf 84' lang='grc' dir='ltr'>προσάγοντα,</span> <span class='ocrx_word' id='word_1_669' title='bbox 3102 4118 3195 4193; x_wconf 76' lang='grc' dir='ltr'>καὶ</span> <span class='ocrx_word' id='word_1_670' title='bbox 3249 4113 3641 4186; x_wconf 75' lang='grc' dir='ltr'>προσκύνησιν.</span> 
     </span>
    </p>
   </div>
   <div class='ocr_carea' id='block_1_90' title="bbox 2072 4205 3647 4279">
    <p class='ocr_par' dir='ltr' id='par_1_90' title="bbox 2072 4205 3647 4279">
     <span class='ocr_line' id='line_1_90' title="bbox 2072 4205 3647 4279; baseline -0.005 -17"><span class='ocrx_word' id='word_1_671' title='bbox 2072 4209 2234 4263; x_wconf 84' lang='grc' dir='ltr'>Ὅθεν</span> <span class='ocrx_word' id='word_1_672' title='bbox 2255 4208 2535 4277; x_wconf 74' lang='grc' dir='ltr'>θεολογίαν</span> <span class='ocrx_word' id='word_1_673' title='bbox 2560 4209 2859 4279; x_wconf 84' lang='grc' dir='ltr'>προσάγειν</span> <span class='ocrx_word' id='word_1_674' title='bbox 2909 4208 2958 4259; x_wconf 84' lang='grc' dir='ltr'><strong>οἰ</strong></span> <span class='ocrx_word' id='word_1_675' title='bbox 2993 4207 3105 4261; x_wconf 77' lang='grc' dir='ltr'>ἄνω</span> <span class='ocrx_word' id='word_1_676' title='bbox 3135 4208 3248 4269; x_wconf 87' lang='grc' dir='ltr'>τοῖς</span> <span class='ocrx_word' id='word_1_677' title='bbox 3282 4207 3432 4259; x_wconf 84' lang='grc' dir='ltr'>κάτω</span> <span class='ocrx_word' id='word_1_678' title='bbox 3456 4205 3647 4258; x_wconf 87' lang='grc' dir='ltr'>διακε-</span> 
     </span>
    </p>
   </div>
   <div class='ocr_carea' id='block_1_91' title="bbox 2069 4298 3649 4369">
    <p class='ocr_par' dir='ltr' id='par_1_91' title="bbox 2069 4298 3649 4369">
     <span class='ocr_line' id='line_1_91' title="bbox 2069 4298 3649 4369; baseline -0.004 -15"><span class='ocrx_word' id='word_1_679' title='bbox 2069 4301 2318 4354; x_wconf 86' lang='grc' dir='ltr'>λεύονται</span> <span class='ocrx_word' id='word_1_680' title='bbox 2347 4317 2361 4330; x_wconf 94' lang='grc'><strong>·</strong></span> <span class='ocrx_word' id='word_1_681' title='bbox 2390 4299 3003 4369; x_wconf 69' lang='grc' dir='ltr'>Προσκυνησάτωσαν</span> <span class='ocrx_word' id='word_1_682' title='bbox 3035 4300 3193 4365; x_wconf 83' lang='grc' dir='ltr'>αὐτῷ</span> <span class='ocrx_word' id='word_1_683' title='bbox 3231 4298 3421 4355; x_wconf 77' lang='grc' dir='ltr'>πᾶσαι</span> <span class='ocrx_word' id='word_1_684' title='bbox 3452 4300 3511 4350; x_wconf 81' lang='grc' dir='ltr'><strong>αἰ</strong></span> <span class='ocrx_word' id='word_1_685' title='bbox 3534 4309 3649 4349; x_wconf 76' lang='lat' dir='ltr'><strong>:ra-</strong></span> 
     </span>
    </p>
   </div>
   <div class='ocr_carea' id='block_1_92' title="bbox 376 4376 1973 4464">
    <p class='ocr_par' dir='ltr' id='par_1_92' title="bbox 376 4376 1965 4456">
     <span class='ocr_line' id='line_1_92' title="bbox 376 4376 1965 4456; baseline 0 -19"><span class='ocrx_word' id='word_1_686' title='bbox 376 4399 555 4438; x_wconf 83' lang='lat' dir='ltr'><strong>omnes</strong></span> <span class='ocrx_word' id='word_1_687' title='bbox 586 4385 763 4455; x_wconf 85' lang='lat' dir='ltr'><strong>angeli</strong></span> <span class='ocrx_word' id='word_1_688' title='bbox 788 4385 966 4439; x_wconf 76' lang='lat' dir='ltr'><strong>Dei&quot;.</strong></span> <span class='ocrx_word' id='word_1_689' title='bbox 994 4376 1165 4439; x_wconf 85' lang='lat' dir='ltr'><strong>David</strong></span> <span class='ocrx_word' id='word_1_690' title='bbox 1208 4386 1463 4456; x_wconf 86' lang='lat' dir='ltr'><strong>utrisque</strong></span> <span class='ocrx_word' id='word_1_691' title='bbox 1495 4387 1727 4441; x_wconf 86' lang='lat' dir='ltr'><strong>clamat:</strong></span> <span class='ocrx_word' id='word_1_692' title='bbox 1757 4386 1965 4440; x_wconf 78' lang='lat' dir='ltr'><strong>Lceten-</strong></span> 
     </span>
    </p>
   </div>
   <div class='ocr_carea' id='block_1_93' title="bbox 2080 4376 3643 4464">
    <p class='ocr_par' dir='ltr' id='par_1_93' title="bbox 2080 4389 3643 4462">
     <span class='ocr_line' id='line_1_93' title="bbox 2080 4389 3643 4462; baseline -0.006 -15"><span class='ocrx_word' id='word_1_693' title='bbox 2080 4393 2224 4462; x_wconf 79' lang='grc' dir='ltr'><strong>τριαί</strong></span> <span class='ocrx_word' id='word_1_694' title='bbox 2247 4393 2367 4445; x_wconf 86' lang='grc' dir='ltr'>τῶν</span> <span class='ocrx_word' id='word_1_695' title='bbox 2392 4389 2602 4445; x_wconf 83' lang='grc' dir='ltr'>ἐθνῶν·</span> <span class='ocrx_word' id='word_1_696' title='bbox 2625 4392 2675 4443; x_wconf 84' lang='grc' dir='ltr'><strong>οἰ</strong></span> <span class='ocrx_word' id='word_1_697' title='bbox 2704 4390 2853 4443; x_wconf 83' lang='grc' dir='ltr'>κάτω</span> <span class='ocrx_word' id='word_1_698' title='bbox 2878 4392 2990 4453; x_wconf 84' lang='grc' dir='ltr'>τοῖς</span> <span class='ocrx_word' id='word_1_699' title='bbox 3024 4391 3137 4445; x_wconf 86' lang='grc' dir='ltr'>ἄνω</span> <span class='ocrx_word' id='word_1_700' title='bbox 3162 4389 3609 4458; x_wconf 81' lang='grc' dir='ltr'>ἁντιφθέγγονται</span> <span class='ocrx_word' id='word_1_701' title='bbox 3626 4403 3643 4417; x_wconf 94' lang='grc'><strong>·</strong></span> 
     </span>
    </p>
   </div>
   <div class='ocr_carea' id='block_1_94' title="bbox 377 4477 1963 4550">
    <p class='ocr_par' dir='ltr' id='par_1_94' title="bbox 377 4477 1963 4550">
     <span class='ocr_line' id='line_1_94' title="bbox 377 4477 1963 4550; baseline 0.001 -21"><span class='ocrx_word' id='word_1_702' title='bbox 377 4486 464 4530; x_wconf 84' lang='lat' dir='ltr'><strong>tur</strong></span> <span class='ocrx_word' id='word_1_703' title='bbox 515 4480 651 4545; x_wconf 76' lang='lat' dir='ltr'><strong>caeli,</strong></span> <span class='ocrx_word' id='word_1_704' title='bbox 698 4487 757 4532; x_wconf 79' lang='lat' dir='ltr'><strong>et&#39;</strong></span> <span class='ocrx_word' id='word_1_705' title='bbox 802 4477 1028 4533; x_wconf 74' lang='lat' dir='ltr'><strong>exsultet</strong></span> <span class='ocrx_word' id='word_1_706' title='bbox 1076 4480 1303 4533; x_wconf 79' lang='lat' dir='ltr'><strong>terra”.</strong></span> <span class='ocrx_word' id='word_1_707' title='bbox 1352 4480 1711 4550; x_wconf 82' lang='lat' dir='ltr'><strong>Respondent</strong></span> <span class='ocrx_word' id='word_1_708' title='bbox 1767 4478 1963 4547; x_wconf 88' lang='lat' dir='ltr'><strong>pueri:</strong></span> 
     </span>
    </p>
   </div>
   <div class='ocr_carea' id='block_1_95' title="bbox 376 4568 1893 4639">
    <p class='ocr_par' dir='ltr' id='par_1_95' title="bbox 376 4568 1893 4639">
     <span class='ocr_line' id='line_1_95' title="bbox 376 4568 1893 4639; baseline -0.001 -16"><span class='ocrx_word' id='word_1_709' title='bbox 376 4568 635 4624; x_wconf 77' lang='lat' dir='ltr'><strong>[lasanna</strong></span> <span class='ocrx_word' id='word_1_710' title='bbox 665 4589 684 4625; x_wconf 85' lang='lat'><strong><em>:</em></strong></span> <span class='ocrx_word' id='word_1_711' title='bbox 704 4569 1020 4625; x_wconf 84' lang='lat' dir='ltr'><strong>Benedictus</strong></span> <span class='ocrx_word' id='word_1_712' title='bbox 1041 4570 1133 4639; x_wconf 87' lang='lat' dir='ltr'><strong>qui</strong></span> <span class='ocrx_word' id='word_1_713' title='bbox 1160 4572 1298 4625; x_wconf 81' lang='lat' dir='ltr'><strong>venit</strong></span> <span class='ocrx_word' id='word_1_714' title='bbox 1328 4572 1385 4625; x_wconf 93' lang='lat' dir='ltr'><strong>in</strong></span> <span class='ocrx_word' id='word_1_715' title='bbox 1418 4571 1630 4626; x_wconf 85' lang='lat' dir='ltr'><strong>nomine</strong></span> <span class='ocrx_word' id='word_1_716' title='bbox 1654 4568 1893 4623; x_wconf 87' lang='lat' dir='ltr'><strong>Domini.</strong></span> 
     </span>
    </p>
   </div>
   <div class='ocr_carea' id='block_1_96' title="bbox 2072 4475 3645 4549">
    <p class='ocr_par' dir='ltr' id='par_1_96' title="bbox 2072 4475 3645 4549">
     <span class='ocr_line' id='line_1_96' title="bbox 2072 4475 3645 4549; baseline -0.004 -13"><span class='ocrx_word' id='word_1_717' title='bbox 2072 4478 2690 4549; x_wconf 83' lang='grc' dir='ltr'>Προσκυνησάτωσαν</span> <span class='ocrx_word' id='word_1_718' title='bbox 2721 4479 2882 4545; x_wconf 85' lang='grc' dir='ltr'>αὐτῷ</span> <span class='ocrx_word' id='word_1_719' title='bbox 2914 4479 3137 4547; x_wconf 81' lang='grc' dir='ltr'>πάντες</span> <span class='ocrx_word' id='word_1_720' title='bbox 3174 4479 3418 4549; x_wconf 74' lang='grc' dir='ltr'>ἄγγελοι</span> <span class='ocrx_word' id='word_1_721' title='bbox 3472 4475 3645 4531; x_wconf 81' lang='grc' dir='ltr'>Θεοῦ.</span> 
     </span>
    </p>
   </div>
   <div class='ocr_carea' id='block_1_97' title="bbox 2081 4569 3647 4642">
    <p class='ocr_par' dir='ltr' id='par_1_97' title="bbox 2081 4569 3647 4642">
     <span class='ocr_line' id='line_1_97' title="bbox 2081 4569 3647 4642; baseline -0.003 -17"><span class='ocrx_word' id='word_1_722' title='bbox 2081 4572 2144 4625; x_wconf 87' lang='lat'><strong>&#39;0</strong></span> <span class='ocrx_word' id='word_1_723' title='bbox 2177 4570 2340 4625; x_wconf 76' lang='grc' dir='ltr'>Δασὶδ</span> <span class='ocrx_word' id='word_1_724' title='bbox 2369 4573 2475 4634; x_wconf 83' lang='grc' dir='ltr'>τοῖς</span> <span class='ocrx_word' id='word_1_725' title='bbox 2504 4569 2838 4640; x_wconf 80' lang='grc' dir='ltr'>ἀμφοτέροις</span> <span class='ocrx_word' id='word_1_726' title='bbox 2867 4571 2985 4642; x_wconf 81' lang='grc' dir='ltr'>βοᾷ·</span> <span class='ocrx_word' id='word_1_727' title='bbox 3015 4570 3566 4640; x_wconf 75' lang='grc' dir='ltr'>Εὐφραινέσθωσαν</span> <span class='ocrx_word' id='word_1_728' title='bbox 3591 4571 3647 4623; x_wconf 82' lang='grc' dir='ltr'>οἱ</span> 
     </span>
    </p>
   </div>
   <div class='ocr_carea' id='block_1_98' title="bbox 372 4659 3648 4738">
    <p class='ocr_par' dir='ltr' id='par_1_98' title="bbox 372 4659 3648 4738">
     <span class='ocr_line' id='line_1_98' title="bbox 372 4659 3648 4738; baseline -0.001 -22"><span class='ocrx_word' id='word_1_729' title='bbox 372 4662 641 4731; x_wconf 75' lang='grc' dir='ltr'>οὐρανοὶ,</span> <span class='ocrx_word' id='word_1_730' title='bbox 697 4662 796 4718; x_wconf 83' lang='grc' dir='ltr'><strong>καί</strong></span> <span class='ocrx_word' id='word_1_731' title='bbox 834 4662 1224 4731; x_wconf 75' lang='grc' dir='ltr'>ἀταλλιάσθω</span> <span class='ocrx_word' id='word_1_732' title='bbox 1283 4665 1327 4732; x_wconf 77' lang='grc' dir='ltr'><strong><em>ἡ</em></strong></span> <span class='ocrx_word' id='word_1_733' title='bbox 1372 4660 1472 4732; x_wconf 76' lang='grc' dir='ltr'><strong>γῆ.</strong></span> <span class='ocrx_word' id='word_1_734' title='bbox 1508 4661 1572 4714; x_wconf 87' lang='grc' dir='ltr'><strong>Οἰ</strong></span> <span class='ocrx_word' id='word_1_735' title='bbox 1627 4659 1814 4723; x_wconf 83' lang='grc' dir='ltr'>παῖδες</span> <span class='ocrx_word' id='word_1_736' title='bbox 1860 4662 2218 4738; x_wconf 85' lang='grc' dir='ltr'>ἀπεκρίνοντο</span> <span class='ocrx_word' id='word_1_737' title='bbox 2241 4680 2254 4694; x_wconf 90' lang='grc'><strong>·</strong></span> <span class='ocrx_word' id='word_1_738' title='bbox 2315 4660 2614 4717; x_wconf 80' lang='grc' dir='ltr'>Ὡσαννά·</span> <span class='ocrx_word' id='word_1_739' title='bbox 2673 4661 3098 4733; x_wconf 70' lang='grc' dir='ltr'>Εὐλογημένος</span> <span class='ocrx_word' id='word_1_740' title='bbox 3141 4665 3175 4716; x_wconf 84' lang='grc' dir='ltr'><strong>ό</strong></span> <span class='ocrx_word' id='word_1_741' title='bbox 3222 4662 3547 4733; x_wconf 74' lang='grc' dir='ltr'>ἐρχόμενος</span> <span class='ocrx_word' id='word_1_742' title='bbox 3577 4660 3648 4712; x_wconf 87' lang='grc' dir='ltr'>ἐν</span> 
     </span>
    </p>
   </div>
   <div class='ocr_carea' id='block_1_99' title="bbox 379 4755 899 4825">
    <p class='ocr_par' dir='ltr' id='par_1_99' title="bbox 379 4755 899 4825">
     <span class='ocr_line' id='line_1_99' title="bbox 379 4755 899 4825; baseline 0 -16"><span class='ocrx_word' id='word_1_743' title='bbox 379 4757 627 4825; x_wconf 76' lang='grc' dir='ltr'>ὀνόματι</span> <span class='ocrx_word' id='word_1_744' title='bbox 656 4755 899 4823; x_wconf 81' lang='grc' dir='ltr'><strong>Κυρίου.</strong></span> 
     </span>
    </p>
   </div>
   <div class='ocr_carea' id='block_1_100' title="bbox 444 4847 1959 4924">
    <p class='ocr_par' dir='ltr' id='par_1_100' title="bbox 444 4847 1959 4924">
     <span class='ocr_line' id='line_1_100' title="bbox 444 4847 1959 4924; baseline -0.002 -18"><span class='ocrx_word' id='word_1_745' title='bbox 444 4850 583 4907; x_wconf 82' lang='lat' dir='ltr'><strong>Xlll.</strong></span> <span class='ocrx_word' id='word_1_746' title='bbox 621 4849 759 4906; x_wconf 90' lang='lat' dir='ltr'><strong>Cum</strong></span> <span class='ocrx_word' id='word_1_747' title='bbox 813 4851 1018 4924; x_wconf 89' lang='lat' dir='ltr'><strong>quibus</strong></span> <span class='ocrx_word' id='word_1_748' title='bbox 1051 4866 1152 4907; x_wconf 92' lang='lat' dir='ltr'><strong>nos</strong></span> <span class='ocrx_word' id='word_1_749' title='bbox 1200 4864 1420 4922; x_wconf 90' lang='lat' dir='ltr'><strong>quoque</strong></span> <span class='ocrx_word' id='word_1_750' title='bbox 1451 4848 1760 4915; x_wconf 87' lang='lat' dir='ltr'><strong>laudemus,</strong></span> <span class='ocrx_word' id='word_1_751' title='bbox 1791 4864 1855 4904; x_wconf 87' lang='lat' dir='ltr'><strong>ac</strong></span> <span class='ocrx_word' id='word_1_752' title='bbox 1880 4847 1959 4903; x_wconf 83' lang='lat' dir='ltr'><strong>fe-</strong></span> 
     </span>
    </p>
   </div>
   <div class='ocr_carea' id='block_1_101' title="bbox 374 4941 1961 5014">
    <p class='ocr_par' dir='ltr' id='par_1_101' title="bbox 374 4941 1961 5014">
     <span class='ocr_line' id='line_1_101' title="bbox 374 4941 1961 5014; baseline 0 -18"><span class='ocrx_word' id='word_1_753' title='bbox 374 4953 515 4997; x_wconf 85' lang='lat' dir='ltr'><strong>stam</strong></span> <span class='ocrx_word' id='word_1_754' title='bbox 549 4958 702 4998; x_wconf 93' lang='lat' dir='ltr'><strong>nunc</strong></span> <span class='ocrx_word' id='word_1_755' title='bbox 732 4958 958 5014; x_wconf 80' lang='lat' dir='ltr'><strong>agamus</strong></span> <span class='ocrx_word' id='word_1_756' title='bbox 983 4945 1187 5010; x_wconf 87' lang='lat' dir='ltr'><strong>lucem,</strong></span> <span class='ocrx_word' id='word_1_757' title='bbox 1228 4957 1339 4996; x_wconf 91' lang='lat' dir='ltr'><strong>non</strong></span> <span class='ocrx_word' id='word_1_758' title='bbox 1383 4941 1716 5011; x_wconf 84' lang='lat' dir='ltr'><strong>pompatice,</strong></span> <span class='ocrx_word' id='word_1_759' title='bbox 1746 4942 1842 4997; x_wconf 88' lang='lat' dir='ltr'><strong>sed</strong></span> <span class='ocrx_word' id='word_1_760' title='bbox 1875 4942 1961 4996; x_wconf 91' lang='lat' dir='ltr'><strong>di-</strong></span> 
     </span>
    </p>
   </div>
   <div class='ocr_carea' id='block_1_102' title="bbox 375 5027 1960 5096">
    <p class='ocr_par' dir='ltr' id='par_1_102' title="bbox 375 5027 1960 5096">
     <span class='ocr_line' id='line_1_102' title="bbox 375 5027 1960 5096; baseline 0.002 -15"><span class='ocrx_word' id='word_1_761' title='bbox 375 5032 540 5083; x_wconf 78' lang='lat' dir='ltr'><strong>vine:</strong></span> <span class='ocrx_word' id='word_1_762' title='bbox 566 5029 776 5086; x_wconf 88' lang='lat' dir='ltr'><strong>nedum</strong></span> <span class='ocrx_word' id='word_1_763' title='bbox 807 5046 996 5095; x_wconf 91' lang='lat' dir='ltr'><strong>manu,</strong></span> <span class='ocrx_word' id='word_1_764' title='bbox 1025 5030 1123 5085; x_wconf 91' lang='lat' dir='ltr'><strong>sed</strong></span> <span class='ocrx_word' id='word_1_765' title='bbox 1169 5036 1227 5082; x_wconf 86' lang='lat' dir='ltr'><strong>et</strong></span> <span class='ocrx_word' id='word_1_766' title='bbox 1258 5027 1466 5091; x_wconf 88' lang='lat' dir='ltr'><strong>animo,</strong></span> <span class='ocrx_word' id='word_1_767' title='bbox 1516 5027 1834 5096; x_wconf 87' lang='lat' dir='ltr'><strong>palmarum.</strong></span> <span class='ocrx_word' id='word_1_768' title='bbox 1874 5045 1960 5083; x_wconf 86' lang='lat' dir='ltr'><strong>ra-</strong></span> 
     </span>
    </p>
   </div>
   <div class='ocr_carea' id='block_1_103' title="bbox 377 5098 1955 5186">
    <p class='ocr_par' dir='ltr' id='par_1_103' title="bbox 377 5098 1955 5186">
     <span class='ocr_line' id='line_1_103' title="bbox 377 5098 1955 5186; baseline -0.001 -15"><span class='ocrx_word' id='word_1_769' title='bbox 377 5130 499 5171; x_wconf 87' lang='lat' dir='ltr'><strong>mos</strong></span> <span class='ocrx_word' id='word_1_770' title='bbox 546 5123 834 5183; x_wconf 90' lang='lat' dir='ltr'><strong>tenentes,</strong></span> <span class='ocrx_word' id='word_1_771' title='bbox 867 5098 1107 5186; x_wconf 82' lang='lat' dir='ltr'><strong>eumque</strong></span> <span class='ocrx_word' id='word_1_772' title='bbox 1151 5130 1318 5183; x_wconf 89' lang='lat' dir='ltr'><strong>supra</strong></span> <span class='ocrx_word' id='word_1_773' title='bbox 1368 5114 1551 5168; x_wconf 87' lang='lat' dir='ltr'><strong>nivem</strong></span> <span class='ocrx_word' id='word_1_774' title='bbox 1599 5113 1955 5181; x_wconf 89' lang='lat' dir='ltr'><strong>dealbantes,</strong></span> 
     </span>
    </p>
   </div>
   <div class='ocr_carea' id='block_1_104' title="bbox 374 5205 1956 5278">
    <p class='ocr_par' dir='ltr' id='par_1_104' title="bbox 374 5205 1956 5278">
     <span class='ocr_line' id='line_1_104' title="bbox 374 5205 1956 5278; baseline -0.002 -15"><span class='ocrx_word' id='word_1_775' title='bbox 374 5223 595 5263; x_wconf 90' lang='lat' dir='ltr'><strong>omnem</strong></span> <span class='ocrx_word' id='word_1_776' title='bbox 633 5207 812 5278; x_wconf 90' lang='lat' dir='ltr'><strong>ipsum</strong></span> <span class='ocrx_word' id='word_1_777' title='bbox 841 5207 1054 5263; x_wconf 86' lang='lat' dir='ltr'><strong>veteris</strong></span> <span class='ocrx_word' id='word_1_778' title='bbox 1096 5221 1160 5260; x_wconf 90' lang='lat' dir='ltr'><strong>ac</strong></span> <span class='ocrx_word' id='word_1_779' title='bbox 1199 5205 1444 5275; x_wconf 81' lang='lat' dir='ltr'><strong>pelliceae</strong></span> <span class='ocrx_word' id='word_1_780' title='bbox 1470 5206 1671 5260; x_wconf 82' lang='lat' dir='ltr'><strong>tunicae</strong></span> <span class='ocrx_word' id='word_1_781' title='bbox 1705 5207 1956 5261; x_wconf 87' lang='lat' dir='ltr'><strong>mortali-</strong></span> 
     </span>
    </p>
   </div>
   <div class='ocr_carea' id='block_1_105' title="bbox 375 5298 1960 5368">
    <p class='ocr_par' dir='ltr' id='par_1_105' title="bbox 375 5298 1960 5368">
     <span class='ocr_line' id='line_1_105' title="bbox 375 5298 1960 5368; baseline -0.001 -13"><span class='ocrx_word' id='word_1_782' title='bbox 375 5308 565 5366; x_wconf 83' lang='lat' dir='ltr'><strong>tatem,</strong></span> <span class='ocrx_word' id='word_1_783' title='bbox 592 5301 741 5355; x_wconf 89' lang='lat' dir='ltr'><strong>omni</strong></span> <span class='ocrx_word' id='word_1_784' title='bbox 775 5300 918 5355; x_wconf 89' lang='lat' dir='ltr'><strong>fastu</strong></span> <span class='ocrx_word' id='word_1_785' title='bbox 965 5313 1027 5353; x_wconf 88' lang='lat' dir='ltr'><strong>ac</strong></span> <span class='ocrx_word' id='word_1_786' title='bbox 1075 5299 1313 5354; x_wconf 83' lang='lat' dir='ltr'><strong>elatione</strong></span> <span class='ocrx_word' id='word_1_787' title='bbox 1362 5298 1631 5368; x_wconf 89' lang='lat' dir='ltr'><strong>deposita,</strong></span> <span class='ocrx_word' id='word_1_788' title='bbox 1669 5313 1960 5353; x_wconf 78' lang='lat' dir='ltr'><strong>exuamus.</strong></span> 
     </span>
    </p>
   </div>
   <div class='ocr_carea' id='block_1_106' title="bbox 372 5390 1964 5463">
    <p class='ocr_par' dir='ltr' id='par_1_106' title="bbox 372 5390 1964 5463">
     <span class='ocr_line' id='line_1_106' title="bbox 372 5390 1964 5463; baseline -0.001 -17"><span class='ocrx_word' id='word_1_789' title='bbox 372 5390 587 5448; x_wconf 87' lang='lat' dir='ltr'><strong>Idcirco</strong></span> <span class='ocrx_word' id='word_1_790' title='bbox 634 5394 784 5449; x_wconf 86' lang='lat' dir='ltr'><strong>enim</strong></span> <span class='ocrx_word' id='word_1_791' title='bbox 830 5391 1125 5463; x_wconf 89' lang='lat' dir='ltr'><strong>spirituum</strong></span> <span class='ocrx_word' id='word_1_792' title='bbox 1173 5407 1290 5458; x_wconf 80' lang='lat' dir='ltr'><strong>rex,</strong></span> <span class='ocrx_word' id='word_1_793' title='bbox 1339 5407 1451 5446; x_wconf 88' lang='lat' dir='ltr'><strong>non</strong></span> <span class='ocrx_word' id='word_1_794' title='bbox 1502 5391 1557 5445; x_wconf 86' lang='lat' dir='ltr'><strong>in</strong></span> <span class='ocrx_word' id='word_1_795' title='bbox 1607 5390 1865 5445; x_wconf 89' lang='lat' dir='ltr'><strong>curribus</strong></span> <span class='ocrx_word' id='word_1_796' title='bbox 1907 5399 1964 5444; x_wconf 92' lang='lat' dir='ltr'><strong>et</strong></span> 
     </span>
    </p>
   </div>
   <div class='ocr_carea' id='block_1_107' title="bbox 377 5483 1958 5555">
    <p class='ocr_par' dir='ltr' id='par_1_107' title="bbox 377 5483 1958 5555">
     <span class='ocr_line' id='line_1_107' title="bbox 377 5483 1958 5555; baseline 0.001 -19"><span class='ocrx_word' id='word_1_797' title='bbox 377 5483 715 5540; x_wconf 74' lang='lat' dir='ltr'><strong>exercitibus</strong></span> <span class='ocrx_word' id='word_1_798' title='bbox 742 5484 913 5550; x_wconf 86' lang='lat' dir='ltr'><strong>venit,</strong></span> <span class='ocrx_word' id='word_1_799' title='bbox 940 5483 1039 5541; x_wconf 90' lang='lat' dir='ltr'><strong>sed</strong></span> <span class='ocrx_word' id='word_1_800' title='bbox 1064 5484 1350 5555; x_wconf 84' lang='lat' dir='ltr'><strong>misero_ac</strong></span> <span class='ocrx_word' id='word_1_801' title='bbox 1375 5484 1470 5539; x_wconf 84' lang='lat' dir='ltr'><strong>vili</strong></span> <span class='ocrx_word' id='word_1_802' title='bbox 1501 5484 1655 5554; x_wconf 87' lang='lat' dir='ltr'><strong>pullo</strong></span> <span class='ocrx_word' id='word_1_803' title='bbox 1688 5483 1958 5546; x_wconf 86' lang='lat' dir='ltr'><strong>insidens,</strong></span> 
     </span>
    </p>
   </div>
   <div class='ocr_carea' id='block_1_108' title="bbox 2128 4841 3647 4920">
    <p class='ocr_par' dir='ltr' id='par_1_108' title="bbox 2128 4841 3647 4920">
     <span class='ocr_line' id='line_1_108' title="bbox 2128 4841 3647 4920; baseline -0.005 -18"><span class='ocrx_word' id='word_1_804' title='bbox 2128 4848 2370 4903; x_wconf 86' lang='grc' dir='ltr'><strong>ΙΓ’.Μεθ’</strong></span> <span class='ocrx_word' id='word_1_805' title='bbox 2385 4841 2459 4904; x_wconf 80' lang='grc' dir='ltr'>ὧν</span> <span class='ocrx_word' id='word_1_806' title='bbox 2473 4848 2565 4902; x_wconf 74' lang='grc' dir='ltr'><strong>καὶ</strong></span> <span class='ocrx_word' id='word_1_807' title='bbox 2578 4849 2737 4920; x_wconf 83' lang='grc' dir='ltr'>ἡμεῖς</span> <span class='ocrx_word' id='word_1_808' title='bbox 2753 4847 2850 4902; x_wconf 84' lang='grc' dir='ltr'>ἀνυ</span> <span class='ocrx_word' id='word_1_809' title='bbox 2858 4848 3171 4919; x_wconf 82' lang='grc' dir='ltr'>μνήσωμεν,</span> <span class='ocrx_word' id='word_1_810' title='bbox 3186 4848 3282 4900; x_wconf 73' lang='grc' dir='ltr'>καὶ</span> <span class='ocrx_word' id='word_1_811' title='bbox 3299 4845 3647 4918; x_wconf 77' lang='grc' dir='ltr'>ἐορτάσωμεν</span> 
     </span>
    </p>
   </div>
   <div class='ocr_carea' id='block_1_109' title="bbox 2070 4938 3647 5013">
    <p class='ocr_par' dir='ltr' id='par_1_109' title="bbox 2070 4938 3647 5013">
     <span class='ocr_line' id='line_1_109' title="bbox 2070 4938 3647 5013; baseline -0.003 -18"><span class='ocrx_word' id='word_1_812' title='bbox 2070 4943 2309 5013; x_wconf 85' lang='grc' dir='ltr'>σήμερον</span> <span class='ocrx_word' id='word_1_813' title='bbox 2329 4958 2341 4971; x_wconf 93' lang='grc'><strong>·</strong></span> <span class='ocrx_word' id='word_1_814' title='bbox 2376 4941 2451 5013; x_wconf 86' lang='grc' dir='ltr'>μὴ</span> <span class='ocrx_word' id='word_1_815' title='bbox 2488 4940 2899 5011; x_wconf 85' lang='grc' dir='ltr'>πανηγυρικῶς,</span> <span class='ocrx_word' id='word_1_816' title='bbox 2935 4939 3071 4994; x_wconf 84' lang='grc' dir='ltr'>ἀλλὰ</span> <span class='ocrx_word' id='word_1_817' title='bbox 3112 4939 3312 5001; x_wconf 86' lang='grc' dir='ltr'>θεῖκῶς</span> <span class='ocrx_word' id='word_1_818' title='bbox 3337 4954 3351 4970; x_wconf 94' lang='grc'><strong>·</strong></span> <span class='ocrx_word' id='word_1_819' title='bbox 3380 4938 3456 5008; x_wconf 82' lang='grc' dir='ltr'>μὴ</span> <span class='ocrx_word' id='word_1_820' title='bbox 3484 4939 3647 5009; x_wconf 83' lang='grc' dir='ltr'>μόνον</span> 
     </span>
    </p>
   </div>
   <div class='ocr_carea' id='block_1_110' title="bbox 2067 5030 3646 5105">
    <p class='ocr_par' dir='ltr' id='par_1_110' title="bbox 2067 5030 3646 5105">
     <span class='ocr_line' id='line_1_110' title="bbox 2067 5030 3646 5105; baseline -0.002 -21"><span class='ocrx_word' id='word_1_821' title='bbox 2067 5036 2133 5105; x_wconf 80' lang='grc' dir='ltr'>τῇ</span> <span class='ocrx_word' id='word_1_822' title='bbox 2163 5034 2332 5105; x_wconf 76' lang='grc' dir='ltr'>χειρὶ,</span> <span class='ocrx_word' id='word_1_823' title='bbox 2353 5032 2491 5088; x_wconf 81' lang='grc' dir='ltr'>ἀλλὰ</span> <span class='ocrx_word' id='word_1_824' title='bbox 2521 5033 2617 5086; x_wconf 74' lang='grc' dir='ltr'>καὶ</span> <span class='ocrx_word' id='word_1_825' title='bbox 2653 5035 2722 5104; x_wconf 72' lang='grc' dir='ltr'>τῇ</span> <span class='ocrx_word' id='word_1_826' title='bbox 2753 5031 2924 5104; x_wconf 75' lang='grc' dir='ltr'>ψυχῇ,</span> <span class='ocrx_word' id='word_1_827' title='bbox 2968 5032 3096 5101; x_wconf 75' lang='grc' dir='ltr'>βαΐα</span> <span class='ocrx_word' id='word_1_828' title='bbox 3125 5030 3486 5100; x_wconf 79' lang='grc' dir='ltr'>κατέχοντες·</span> <span class='ocrx_word' id='word_1_829' title='bbox 3548 5030 3646 5082; x_wconf 76' lang='grc' dir='ltr'>καὶ</span> 
     </span>
    </p>
   </div>
   <div class='ocr_carea' id='block_1_111' title="bbox 2068 5118 3645 5194">
    <p class='ocr_par' dir='ltr' id='par_1_111' title="bbox 2068 5118 3645 5194">
     <span class='ocr_line' id='line_1_111' title="bbox 2068 5118 3645 5194; baseline -0.004 -17"><span class='ocrx_word' id='word_1_830' title='bbox 2068 5124 2274 5194; x_wconf 83' lang='grc' dir='ltr'>ταύτην</span> <span class='ocrx_word' id='word_1_831' title='bbox 2314 5124 2455 5194; x_wconf 83' lang='grc' dir='ltr'>ὑπὲρ</span> <span class='ocrx_word' id='word_1_832' title='bbox 2508 5125 2662 5194; x_wconf 89' lang='grc' dir='ltr'>χιόνα</span> <span class='ocrx_word' id='word_1_833' title='bbox 2712 5123 3098 5186; x_wconf 84' lang='grc' dir='ltr'>λευκάναντες,</span> <span class='ocrx_word' id='word_1_834' title='bbox 3147 5122 3329 5174; x_wconf 82' lang='grc' dir='ltr'>πᾶσαν</span> <span class='ocrx_word' id='word_1_835' title='bbox 3364 5118 3425 5186; x_wconf 79' lang='grc' dir='ltr'><strong>ὲξ</strong></span> <span class='ocrx_word' id='word_1_836' title='bbox 3473 5118 3645 5188; x_wconf 83' lang='grc' dir='ltr'>αὐτῆς</span> 
     </span>
    </p>
   </div>
   <div class='ocr_carea' id='block_1_112' title="bbox 2069 5208 3646 5282">
    <p class='ocr_par' dir='ltr' id='par_1_112' title="bbox 2069 5208 3646 5282">
     <span class='ocr_line' id='line_1_112' title="bbox 2069 5208 3646 5282; baseline -0.003 -18"><span class='ocrx_word' id='word_1_837' title='bbox 2069 5211 2162 5265; x_wconf 80' lang='grc' dir='ltr'>τοῦ</span> <span class='ocrx_word' id='word_1_838' title='bbox 2191 5211 2424 5266; x_wconf 83' lang='grc' dir='ltr'>παλαιοῦ</span> <span class='ocrx_word' id='word_1_839' title='bbox 2472 5211 2569 5265; x_wconf 79' lang='grc' dir='ltr'>καὶ</span> <span class='ocrx_word' id='word_1_840' title='bbox 2601 5211 2927 5282; x_wconf 84' lang='grc' dir='ltr'>δερματίνου</span> <span class='ocrx_word' id='word_1_841' title='bbox 2965 5209 3189 5281; x_wconf 84' lang='grc' dir='ltr'>χιτῶνος</span> <span class='ocrx_word' id='word_1_842' title='bbox 3246 5210 3346 5278; x_wconf 85' lang='grc' dir='ltr'>τὴν</span> <span class='ocrx_word' id='word_1_843' title='bbox 3377 5208 3646 5278; x_wconf 81' lang='grc' dir='ltr'>νέκρωσιν</span> 
     </span>
    </p>
   </div>
   <div class='ocr_carea' id='block_1_113' title="bbox 2069 5297 3646 5371">
    <p class='ocr_par' dir='ltr' id='par_1_113' title="bbox 2069 5297 3646 5371">
     <span class='ocr_line' id='line_1_113' title="bbox 2069 5297 3646 5371; baseline -0.002 -17"><span class='ocrx_word' id='word_1_844' title='bbox 2069 5300 2493 5370; x_wconf 85' lang='grc' dir='ltr'>ἀποδυσώμεθα,</span> <span class='ocrx_word' id='word_1_845' title='bbox 2525 5300 2703 5354; x_wconf 82' lang='grc' dir='ltr'>πάντα</span> <span class='ocrx_word' id='word_1_846' title='bbox 2731 5297 2899 5367; x_wconf 84' lang='grc' dir='ltr'>τύφον</span> <span class='ocrx_word' id='word_1_847' title='bbox 2929 5299 3026 5352; x_wconf 77' lang='grc' dir='ltr'>καὶ</span> <span class='ocrx_word' id='word_1_848' title='bbox 3046 5298 3278 5371; x_wconf 73' lang='grc' dir='ltr'>ἔπαρσιν</span> <span class='ocrx_word' id='word_1_849' title='bbox 3306 5297 3646 5368; x_wconf 76' lang='grc' dir='ltr'>ἀπορρίψαν-</span> 
     </span>
    </p>
   </div>
   <div class='ocr_carea' id='block_1_114' title="bbox 2069 5386 3645 5461">
    <p class='ocr_par' dir='ltr' id='par_1_114' title="bbox 2069 5386 3645 5461">
     <span class='ocr_line' id='line_1_114' title="bbox 2069 5386 3645 5461; baseline -0.004 -17"><span class='ocrx_word' id='word_1_850' title='bbox 2069 5408 2179 5454; x_wconf 86' lang='grc' dir='ltr'>τες.</span> <span class='ocrx_word' id='word_1_851' title='bbox 2214 5390 2314 5444; x_wconf 80' lang='grc' dir='ltr'><strong>Διὰ</strong></span> <span class='ocrx_word' id='word_1_852' title='bbox 2345 5389 2505 5443; x_wconf 82' lang='grc' dir='ltr'>τοῦτο</span> <span class='ocrx_word' id='word_1_853' title='bbox 2532 5389 2641 5461; x_wconf 80' lang='grc' dir='ltr'>γὰρ</span> <span class='ocrx_word' id='word_1_854' title='bbox 2663 5392 2691 5443; x_wconf 84' lang='grc' dir='ltr'><strong>ὁ</strong></span> <span class='ocrx_word' id='word_1_855' title='bbox 2736 5388 2990 5459; x_wconf 80' lang='grc' dir='ltr'>βασιλεὺς</span> <span class='ocrx_word' id='word_1_856' title='bbox 3032 5389 3142 5442; x_wconf 86' lang='grc' dir='ltr'><strong>τῶν</strong></span> <span class='ocrx_word' id='word_1_857' title='bbox 3185 5387 3517 5457; x_wconf 80' lang='grc' dir='ltr'>ἀσωμάτων,</span> <span class='ocrx_word' id='word_1_858' title='bbox 3541 5386 3645 5438; x_wconf 80' lang='grc' dir='ltr'>οὐκ</span> 
     </span>
    </p>
   </div>
   <div class='ocr_carea' id='block_1_115' title="bbox 2070 5472 3644 5552">
    <p class='ocr_par' dir='ltr' id='par_1_115' title="bbox 2070 5472 3644 5552">
     <span class='ocr_line' id='line_1_115' title="bbox 2070 5472 3644 5552; baseline -0.005 -18"><span class='ocrx_word' id='word_1_859' title='bbox 2070 5482 2156 5550; x_wconf 78' lang='grc' dir='ltr'><strong>ἐφ’</strong></span> <span class='ocrx_word' id='word_1_860' title='bbox 2184 5481 2447 5552; x_wconf 82' lang='grc' dir='ltr'>ἁρμάτων</span> <span class='ocrx_word' id='word_1_861' title='bbox 2497 5481 2594 5534; x_wconf 80' lang='grc' dir='ltr'>καὶ</span> <span class='ocrx_word' id='word_1_862' title='bbox 2649 5479 3074 5551; x_wconf 83' lang='grc' dir='ltr'>στρατευμάτων</span> <span class='ocrx_word' id='word_1_863' title='bbox 3101 5476 3497 5548; x_wconf 83' lang='grc' dir='ltr'>παραγίνεται·</span> <span class='ocrx_word' id='word_1_864' title='bbox 3527 5472 3644 5528; x_wconf 79' lang='grc' dir='ltr'>ἀλλ’</span> 
     </span>
    </p>
   </div>
   <div class='ocr_carea' id='block_1_116' title="bbox 445 5582 1973 5664">
    <p class='ocr_par' dir='ltr' id='par_1_116' title="bbox 445 5597 1930 5664">
     <span class='ocr_line' id='line_1_116' title="bbox 445 5597 1930 5664; baseline -0.002 -10"><span class='ocrx_word' id='word_1_865' title='bbox 445 5599 487 5629; x_wconf 82' lang='grc'><strong><em>⁸³</em></strong></span> <span class='ocrx_word' id='word_1_866' title='bbox 523 5599 664 5654; x_wconf 88' lang='lat' dir='ltr'><strong>Psal.</strong></span> <span class='ocrx_word' id='word_1_867' title='bbox 697 5616 846 5662; x_wconf 64' lang='grc' dir='ltr'>χχιιι,</span> <span class='ocrx_word' id='word_1_868' title='bbox 878 5600 929 5653; x_wconf 88' lang='grc'>7.</span> <span class='ocrx_word' id='word_1_869' title='bbox 1007 5599 1051 5632; x_wconf 85' lang='grc'><strong>⁸²</strong></span> <span class='ocrx_word' id='word_1_870' title='bbox 1090 5599 1248 5655; x_wconf 84' lang='lat' dir='ltr'><strong>Joan.</strong></span> <span class='ocrx_word' id='word_1_871' title='bbox 1278 5600 1410 5664; x_wconf 72' lang='lat' dir='ltr'><strong>x,.9.</strong></span> <span class='ocrx_word' id='word_1_872' title='bbox 1484 5597 1529 5630; x_wconf 82' lang='grc'>⁸³</span> <span class='ocrx_word' id='word_1_873' title='bbox 1562 5599 1667 5653; x_wconf 85' lang='lat' dir='ltr'><strong>lsa.</strong></span> <span class='ocrx_word' id='word_1_874' title='bbox 1702 5612 1848 5661; x_wconf 79' lang='lat' dir='ltr'><strong>mn,</strong></span> <span class='ocrx_word' id='word_1_875' title='bbox 1882 5599 1930 5651; x_wconf 88' lang='lat' dir='ltr'><strong>l.</strong></span> 
     </span>
    </p>
   </div>
   <div class='ocr_carea' id='block_1_117' title="bbox 2080 5582 3636 5664">
    <p class='ocr_par' dir='ltr' id='par_1_117' title="bbox 2080 5582 3636 5660">
     <span class='ocr_line' id='line_1_117' title="bbox 2080 5582 3636 5660; baseline -0.006 -10"><span class='ocrx_word' id='word_1_876' title='bbox 2080 5612 2195 5650; x_wconf 41' lang='lat' dir='ltr'><strong>auc.</strong></span> <span class='ocrx_word' id='word_1_877' title='bbox 2242 5611 2300 5660; x_wconf 90' lang='grc' dir='ltr'><strong>ιι,</strong></span> <span class='ocrx_word' id='word_1_878' title='bbox 2352 5596 2435 5650; x_wconf 74' lang='grc' dir='ltr'><strong>ιι.</strong></span> <span class='ocrx_word' id='word_1_879' title='bbox 2516 5596 2559 5626; x_wconf 82' lang='grc'><strong>⁸⁸</strong></span> <span class='ocrx_word' id='word_1_880' title='bbox 2590 5594 2727 5651; x_wconf 86' lang='lat' dir='ltr'><strong>Luc.</strong></span> <span class='ocrx_word' id='word_1_881' title='bbox 2777 5610 2884 5660; x_wconf 73' lang='lat' dir='ltr'><strong>nx,</strong></span> <span class='ocrx_word' id='word_1_882' title='bbox 2925 5593 3013 5649; x_wconf 79' lang='lat'><strong>38.</strong></span> <span class='ocrx_word' id='word_1_883' title='bbox 3091 5592 3137 5623; x_wconf 78' lang='lat'><strong>&quot;</strong></span> <span class='ocrx_word' id='word_1_884' title='bbox 3172 5591 3307 5646; x_wconf 87' lang='lat' dir='ltr'><strong>Luc.</strong></span> <span class='ocrx_word' id='word_1_885' title='bbox 3361 5604 3506 5653; x_wconf 68' lang='grc' dir='ltr'>χχιιι,</span> <span class='ocrx_word' id='word_1_886' title='bbox 3548 5582 3636 5641; x_wconf 70' lang='grc'><strong>36.</strong></span> 
     </span>
    </p>
   </div>
   <div class='ocr_carea' id='block_1_118' title="bbox 375 5665 2483 5737">
    <p class='ocr_par' dir='ltr' id='par_1_118' title="bbox 375 5665 2483 5737">
     <span class='ocr_line' id='line_1_118' title="bbox 375 5665 2483 5737; baseline -0.004 -10"><span class='ocrx_word' id='word_1_887' title='bbox 375 5667 418 5702; x_wconf 81' lang='grc'><strong>⁸⁷</strong></span> <span class='ocrx_word' id='word_1_888' title='bbox 454 5668 556 5727; x_wconf 76' lang='lat' dir='ltr'><strong>15a.</strong></span> <span class='ocrx_word' id='word_1_889' title='bbox 590 5686 732 5736; x_wconf 77' lang='lat' dir='ltr'><strong>xxvi,</strong></span> <span class='ocrx_word' id='word_1_890' title='bbox 772 5671 852 5725; x_wconf 75' lang='lat' dir='ltr'><strong>l2.</strong></span> <span class='ocrx_word' id='word_1_891' title='bbox 930 5671 973 5701; x_wconf 81' lang='grc'><strong>⁸⁸</strong></span> <span class='ocrx_word' id='word_1_892' title='bbox 1005 5670 1379 5737; x_wconf 68' lang='lat' dir='ltr'><strong>Psal.xxr,28.</strong></span> <span class='ocrx_word' id='word_1_893' title='bbox 1448 5668 1491 5699; x_wconf 86' lang='lat'><strong>&quot;&#39;</strong></span> <span class='ocrx_word' id='word_1_894' title='bbox 1528 5668 1671 5723; x_wconf 80' lang='lat' dir='ltr'><strong>Psal.</strong></span> <span class='ocrx_word' id='word_1_895' title='bbox 1702 5684 1840 5731; x_wconf 77' lang='lat' dir='ltr'><strong>xcvt,</strong></span> <span class='ocrx_word' id='word_1_896' title='bbox 1869 5667 1919 5721; x_wconf 91' lang='lat'><strong>8.</strong></span> <span class='ocrx_word' id='word_1_897' title='bbox 1998 5669 2040 5699; x_wconf 73' lang='grc' dir='ltr'><strong>ὀ</strong></span> <span class='ocrx_word' id='word_1_898' title='bbox 2075 5667 2216 5721; x_wconf 80' lang='lat' dir='ltr'><strong>Psal.</strong></span> <span class='ocrx_word' id='word_1_899' title='bbox 2245 5682 2365 5731; x_wconf 61' lang='lat' dir='ltr'><strong>sev,</strong></span> <span class='ocrx_word' id='word_1_900' title='bbox 2401 5665 2483 5718; x_wconf 78' lang='lat' dir='ltr'><strong>li.</strong></span> 
     </span>
    </p>
   </div>
  </div>
