  <div class='ocr_page' id='page_1' title='image "/cluster/home/n/w/nwhite01/storage/ocr_20150623/86 pt.2/mdp.39015008855424/596.png"; bbox 0 0 4072 6304; ppageno 0'>
   <div class='ocr_carea' id='block_1_1' title="bbox 302 381 436 448">
    <p class='ocr_par' dir='ltr' id='par_1_1' title="bbox 302 381 436 448">
     <span class='ocr_line' id='line_1_1' title="bbox 302 381 436 448; baseline -0.03 1"><span class='ocrx_word' id='word_1_1' title='bbox 302 381 436 448; x_wconf 73' lang='lat'><strong>2931</strong></span> 
     </span>
    </p>
   </div>
   <div class='ocr_carea' id='block_1_2' title="bbox 1286 378 2571 443">
    <p class='ocr_par' dir='ltr' id='par_1_2' title="bbox 1286 378 2571 443">
     <span class='ocr_line' id='line_1_2' title="bbox 1286 378 2571 443; baseline 0.003 -6"><span class='ocrx_word' id='word_1_2' title='bbox 1286 378 1549 437; x_wconf 85' lang='lat' dir='ltr'><strong>CAPITA</strong></span> <span class='ocrx_word' id='word_1_3' title='bbox 1590 378 1698 438; x_wconf 83' lang='lat' dir='ltr'><strong>VII</strong></span> <span class='ocrx_word' id='word_1_4' title='bbox 1738 378 1835 437; x_wconf 91' lang='lat' dir='ltr'><strong>DE</strong></span> <span class='ocrx_word' id='word_1_5' title='bbox 1873 380 2174 441; x_wconf 86' lang='lat' dir='ltr'><strong>DUABUS</strong></span> <span class='ocrx_word' id='word_1_6' title='bbox 2214 381 2571 443; x_wconf 82' lang='lat' dir='ltr'><strong>NATURIS.</strong></span> 
     </span>
    </p>
   </div>
   <div class='ocr_carea' id='block_1_3' title="bbox 3398 377 3539 440">
    <p class='ocr_par' dir='ltr' id='par_1_3' title="bbox 3398 377 3539 440">
     <span class='ocr_line' id='line_1_3' title="bbox 3398 377 3539 440; baseline 0.014 -2"><span class='ocrx_word' id='word_1_7' title='bbox 3398 377 3539 440; x_wconf 73' lang='lat'><strong>2938</strong></span> 
     </span>
    </p>
   </div>
   <div class='ocr_carea' id='block_1_4' title="bbox 302 487 1876 561">
    <p class='ocr_par' dir='ltr' id='par_1_4' title="bbox 302 488 1864 561">
     <span class='ocr_line' id='line_1_4' title="bbox 302 488 1864 561; baseline -0.009 -6"><span class='ocrx_word' id='word_1_8' title='bbox 302 498 400 555; x_wconf 65' lang='grc' dir='ltr'><strong>ἰπὶ</strong></span> <span class='ocrx_word' id='word_1_9' title='bbox 419 494 600 549; x_wconf 74' lang='grc' dir='ltr'>πώλου</span> <span class='ocrx_word' id='word_1_10' title='bbox 627 492 843 561; x_wconf 69' lang='grc' dir='ltr'>οἰκτροῦ</span> <span class='ocrx_word' id='word_1_11' title='bbox 906 493 997 544; x_wconf 69' lang='grc' dir='ltr'>καὶ</span> <span class='ocrx_word' id='word_1_12' title='bbox 1044 491 1237 560; x_wconf 73' lang='grc' dir='ltr'>μικροῦ</span> <span class='ocrx_word' id='word_1_13' title='bbox 1289 490 1594 558; x_wconf 80' lang='grc' dir='ltr'>καθήμενος</span> <span class='ocrx_word' id='word_1_14' title='bbox 1625 488 1864 557; x_wconf 80' lang='grc' dir='ltr'>ἔρχεται,</span> 
     </span>
    </p>
   </div>
   <div class='ocr_carea' id='block_1_5' title="bbox 1977 487 3537 561">
    <p class='ocr_par' dir='ltr' id='par_1_5' title="bbox 1977 487 3537 560">
     <span class='ocr_line' id='line_1_5' title="bbox 1977 487 3537 560; baseline -0.003 -14"><span class='ocrx_word' id='word_1_15' title='bbox 1977 507 2080 560; x_wconf 85' lang='lat' dir='ltr'><strong>quo</strong></span> <span class='ocrx_word' id='word_1_16' title='bbox 2108 492 2321 558; x_wconf 80' lang='lat' dir='ltr'><strong>doceat,</strong></span> <span class='ocrx_word' id='word_1_17' title='bbox 2351 504 2411 548; x_wconf 88' lang='lat' dir='ltr'><strong>ut</strong></span> <span class='ocrx_word' id='word_1_18' title='bbox 2457 508 2529 546; x_wconf 90' lang='lat' dir='ltr'><strong>ne</strong></span> <span class='ocrx_word' id='word_1_19' title='bbox 2579 493 2637 544; x_wconf 90' lang='lat' dir='ltr'><strong>in</strong></span> <span class='ocrx_word' id='word_1_20' title='bbox 2683 489 2843 558; x_wconf 87' lang='lat' dir='ltr'><strong>equis</strong></span> <span class='ocrx_word' id='word_1_21' title='bbox 2892 496 2949 543; x_wconf 91' lang='lat' dir='ltr'><strong>et</strong></span> <span class='ocrx_word' id='word_1_22' title='bbox 2998 488 3182 553; x_wconf 83' lang='lat' dir='ltr'><strong>mulis,</strong></span> <span class='ocrx_word' id='word_1_23' title='bbox 3219 487 3403 557; x_wconf 78' lang='lat' dir='ltr'><strong>quibus</strong></span> <span class='ocrx_word' id='word_1_24' title='bbox 3432 505 3537 542; x_wconf 86' lang='lat' dir='ltr'><strong>non</strong></span> 
     </span>
    </p>
   </div>
   <div class='ocr_carea' id='block_1_6' title="bbox 306 577 1864 653">
    <p class='ocr_par' dir='ltr' id='par_1_6' title="bbox 306 577 1864 653">
     <span class='ocr_line' id='line_1_6' title="bbox 306 577 1864 653; baseline -0.015 -10"><span class='ocrx_word' id='word_1_25' title='bbox 306 591 366 643; x_wconf 82' lang='grc' dir='ltr'>σὲ</span> <span class='ocrx_word' id='word_1_26' title='bbox 403 586 674 641; x_wconf 81' lang='grc' dir='ltr'><strong>παιδεύων</strong></span> <span class='ocrx_word' id='word_1_27' title='bbox 706 583 779 653; x_wconf 82' lang='grc' dir='ltr'><strong>μὴ</strong></span> <span class='ocrx_word' id='word_1_28' title='bbox 825 583 909 650; x_wconf 76' lang='grc' dir='ltr'><strong>ἐφ’</strong></span> <span class='ocrx_word' id='word_1_29' title='bbox 955 582 1134 633; x_wconf 73' lang='grc' dir='ltr'>ἵππων</span> <span class='ocrx_word' id='word_1_30' title='bbox 1174 581 1266 632; x_wconf 70' lang='grc' dir='ltr'>καὶ</span> <span class='ocrx_word' id='word_1_31' title='bbox 1307 580 1565 647; x_wconf 77' lang='grc' dir='ltr'>ἡμιόνων,</span> <span class='ocrx_word' id='word_1_32' title='bbox 1608 577 1695 643; x_wconf 84' lang='grc' dir='ltr'>οἷς</span> <span class='ocrx_word' id='word_1_33' title='bbox 1752 581 1864 632; x_wconf 71' lang='grc' dir='ltr'><strong>οὐκ</strong></span> 
     </span>
    </p>
   </div>
   <div class='ocr_carea' id='block_1_7' title="bbox 303 670 1869 743">
    <p class='ocr_par' dir='ltr' id='par_1_7' title="bbox 303 670 1869 743">
     <span class='ocr_line' id='line_1_7' title="bbox 303 670 1869 743; baseline -0.01 -8"><span class='ocrx_word' id='word_1_34' title='bbox 303 682 434 735; x_wconf 77' lang='grc' dir='ltr'>ἐστι</span> <span class='ocrx_word' id='word_1_35' title='bbox 452 678 725 740; x_wconf 85' lang='grc' dir='ltr'><strong>σύνεσις,</strong></span> <span class='ocrx_word' id='word_1_36' title='bbox 745 672 1085 743; x_wconf 76' lang='grc' dir='ltr'>ἐπαίρεσθαι.</span> <span class='ocrx_word' id='word_1_37' title='bbox 1105 670 1197 722; x_wconf 83' lang='grc' dir='ltr'>Διὸ</span> <span class='ocrx_word' id='word_1_38' title='bbox 1226 671 1318 722; x_wconf 73' lang='grc' dir='ltr'>καὶ</span> <span class='ocrx_word' id='word_1_39' title='bbox 1345 673 1504 739; x_wconf 75' lang='grc' dir='ltr'>ἡμεῖς</span> <span class='ocrx_word' id='word_1_40' title='bbox 1530 670 1869 738; x_wconf 74' lang='grc' dir='ltr'>συμμετριά-</span> 
     </span>
    </p>
   </div>
   <div class='ocr_carea' id='block_1_8' title="bbox 305 758 1868 838">
    <p class='ocr_par' dir='ltr' id='par_1_8' title="bbox 305 758 1868 838">
     <span class='ocr_line' id='line_1_8' title="bbox 305 758 1868 838; baseline -0.01 -15"><span class='ocrx_word' id='word_1_41' title='bbox 305 785 489 838; x_wconf 83' lang='grc' dir='ltr'>σωμεν</span> <span class='ocrx_word' id='word_1_42' title='bbox 518 764 758 836; x_wconf 82' lang='grc' dir='ltr'><strong>Χριστῷ,</strong></span> <span class='ocrx_word' id='word_1_43' title='bbox 796 765 884 816; x_wconf 80' lang='grc' dir='ltr'>ἵνα</span> <span class='ocrx_word' id='word_1_44' title='bbox 915 761 1007 814; x_wconf 64' lang='grc' dir='ltr'><strong>καὶ¹</strong></span> <span class='ocrx_word' id='word_1_45' title='bbox 1041 759 1385 828; x_wconf 78' lang='grc' dir='ltr'><strong>συνέλθωμεν</strong></span> <span class='ocrx_word' id='word_1_46' title='bbox 1409 775 1423 787; x_wconf 86' lang='grc'>·</span> <span class='ocrx_word' id='word_1_47' title='bbox 1459 758 1599 827; x_wconf 81' lang='grc' dir='ltr'>μετὰ</span> <span class='ocrx_word' id='word_1_48' title='bbox 1620 758 1868 826; x_wconf 79' lang='grc' dir='ltr'>ἀγγέλων</span> 
     </span>
    </p>
   </div>
   <div class='ocr_carea' id='block_1_9' title="bbox 303 847 1871 927">
    <p class='ocr_par' dir='ltr' id='par_1_9' title="bbox 303 847 1871 927">
     <span class='ocr_line' id='line_1_9' title="bbox 303 847 1871 927; baseline -0.007 -16"><span class='ocrx_word' id='word_1_49' title='bbox 303 859 673 927; x_wconf 78' lang='grc' dir='ltr'>ὑμνήσωμενο</span> <span class='ocrx_word' id='word_1_50' title='bbox 720 854 857 924; x_wconf 83' lang='grc' dir='ltr'>μετά</span> <span class='ocrx_word' id='word_1_51' title='bbox 910 851 1018 906; x_wconf 88' lang='grc' dir='ltr'><strong>τῶν</strong></span> <span class='ocrx_word' id='word_1_52' title='bbox 1068 850 1274 903; x_wconf 86' lang='grc' dir='ltr'>παίδων</span> <span class='ocrx_word' id='word_1_53' title='bbox 1317 848 1632 915; x_wconf 79' lang='grc' dir='ltr'>δοξάσωμεν</span> <span class='ocrx_word' id='word_1_54' title='bbox 1660 865 1674 878; x_wconf 90' lang='grc'><strong>·</strong></span> <span class='ocrx_word' id='word_1_55' title='bbox 1730 847 1871 917; x_wconf 84' lang='grc' dir='ltr'><strong>μετά</strong></span> 
     </span>
    </p>
   </div>
   <div class='ocr_carea' id='block_1_10' title="bbox 305 933 1872 1013">
    <p class='ocr_par' dir='ltr' id='par_1_10' title="bbox 305 933 1872 1013">
     <span class='ocr_line' id='line_1_10' title="bbox 305 933 1872 1013; baseline -0.008 -15"><span class='ocrx_word' id='word_1_56' title='bbox 305 945 399 998; x_wconf 82' lang='grc' dir='ltr'>τοῦ</span> <span class='ocrx_word' id='word_1_57' title='bbox 427 945 583 1013; x_wconf 76' lang='grc' dir='ltr'>ὄχλου</span> <span class='ocrx_word' id='word_1_58' title='bbox 617 943 684 996; x_wconf 87' lang='grc' dir='ltr'><strong>τά</strong></span> <span class='ocrx_word' id='word_1_59' title='bbox 716 941 810 995; x_wconf 80' lang='grc' dir='ltr'>τοῦ</span> <span class='ocrx_word' id='word_1_60' title='bbox 844 940 1001 1010; x_wconf 71' lang='grc' dir='ltr'>ὄχλου</span> <span class='ocrx_word' id='word_1_61' title='bbox 1044 938 1328 1009; x_wconf 82' lang='grc' dir='ltr'>βοήσωμεν</span> <span class='ocrx_word' id='word_1_62' title='bbox 1354 952 1369 966; x_wconf 83' lang='grc'><em>’</em></span> <span class='ocrx_word' id='word_1_63' title='bbox 1430 935 1569 1005; x_wconf 83' lang='grc' dir='ltr'>μετὰ</span> <span class='ocrx_word' id='word_1_64' title='bbox 1602 933 1872 1003; x_wconf 76' lang='grc' dir='ltr'><strong>Βηθανίας</strong></span> 
     </span>
    </p>
   </div>
   <div class='ocr_carea' id='block_1_11' title="bbox 315 1027 1871 1105">
    <p class='ocr_par' dir='ltr' id='par_1_11' title="bbox 315 1027 1871 1105">
     <span class='ocr_line' id='line_1_11' title="bbox 315 1027 1871 1105; baseline -0.006 -17"><span class='ocrx_word' id='word_1_65' title='bbox 315 1037 721 1105; x_wconf 84' lang='grc' dir='ltr'>σκιρτήσωμεν·</span> <span class='ocrx_word' id='word_1_66' title='bbox 766 1031 904 1101; x_wconf 80' lang='grc' dir='ltr'><strong>μετά</strong></span> <span class='ocrx_word' id='word_1_67' title='bbox 954 1027 1204 1100; x_wconf 81' lang='grc' dir='ltr'><strong>Λαζάρου</strong></span> <span class='ocrx_word' id='word_1_68' title='bbox 1243 1028 1352 1081; x_wconf 87' lang='grc' dir='ltr'><strong>τῶν</strong></span> <span class='ocrx_word' id='word_1_69' title='bbox 1418 1027 1630 1097; x_wconf 82' lang='grc' dir='ltr'>νεκρῶν</span> <span class='ocrx_word' id='word_1_70' title='bbox 1692 1027 1871 1097; x_wconf 76' lang='grc' dir='ltr'>ἔργων</span> 
     </span>
    </p>
   </div>
   <div class='ocr_carea' id='block_1_12' title="bbox 307 1114 1872 1189">
    <p class='ocr_par' dir='ltr' id='par_1_12' title="bbox 307 1114 1872 1189">
     <span class='ocr_line' id='line_1_12' title="bbox 307 1114 1872 1189; baseline -0.005 -13"><span class='ocrx_word' id='word_1_71' title='bbox 307 1122 656 1189; x_wconf 76' lang='grc' dir='ltr'>ἀναστῶμενο</span> <span class='ocrx_word' id='word_1_72' title='bbox 706 1119 844 1189; x_wconf 85' lang='grc' dir='ltr'><strong>μετά</strong></span> <span class='ocrx_word' id='word_1_73' title='bbox 885 1117 995 1171; x_wconf 84' lang='grc' dir='ltr'><strong>τῶν</strong></span> <span class='ocrx_word' id='word_1_74' title='bbox 1047 1119 1107 1169; x_wconf 81' lang='grc' dir='ltr'><strong>ὲν</strong></span> <span class='ocrx_word' id='word_1_75' title='bbox 1143 1115 1282 1168; x_wconf 86' lang='grc' dir='ltr'>Σιὼν</span> <span class='ocrx_word' id='word_1_76' title='bbox 1326 1115 1693 1185; x_wconf 71' lang='grc' dir='ltr'>χορεύσωμενθ</span> <span class='ocrx_word' id='word_1_77' title='bbox 1735 1114 1872 1184; x_wconf 86' lang='grc' dir='ltr'><strong>μετά</strong></span> 
     </span>
    </p>
   </div>
   <div class='ocr_carea' id='block_1_13' title="bbox 306 1205 1871 1278">
    <p class='ocr_par' dir='ltr' id='par_1_13' title="bbox 306 1205 1871 1278">
     <span class='ocr_line' id='line_1_13' title="bbox 306 1205 1871 1278; baseline -0.004 -13"><span class='ocrx_word' id='word_1_78' title='bbox 306 1213 415 1265; x_wconf 87' lang='grc' dir='ltr'><strong>τῶν</strong></span> <span class='ocrx_word' id='word_1_79' title='bbox 439 1210 851 1278; x_wconf 75' lang='grc' dir='ltr'>ἀναϐλεψάντων</span> <span class='ocrx_word' id='word_1_80' title='bbox 868 1208 1082 1277; x_wconf 82' lang='grc' dir='ltr'>τυφλῶν</span> <span class='ocrx_word' id='word_1_81' title='bbox 1112 1205 1402 1277; x_wconf 81' lang='grc' dir='ltr'>κράξωμεν</span> <span class='ocrx_word' id='word_1_82' title='bbox 1425 1223 1439 1237; x_wconf 76' lang='grc'><strong><em>⁸</em></strong></span> <span class='ocrx_word' id='word_1_83' title='bbox 1473 1205 1630 1274; x_wconf 73' lang='grc' dir='ltr'><strong>μετὰ⁸</strong></span> <span class='ocrx_word' id='word_1_84' title='bbox 1659 1205 1871 1274; x_wconf 77' lang='grc' dir='ltr'>νηπίων</span> 
     </span>
    </p>
   </div>
   <div class='ocr_carea' id='block_1_14' title="bbox 306 1297 1871 1374">
    <p class='ocr_par' dir='ltr' id='par_1_14' title="bbox 306 1297 1871 1374">
     <span class='ocr_line' id='line_1_14' title="bbox 306 1297 1871 1374; baseline -0.006 -17"><span class='ocrx_word' id='word_1_85' title='bbox 306 1304 401 1357; x_wconf 75' lang='grc' dir='ltr'>καὶ</span> <span class='ocrx_word' id='word_1_86' title='bbox 428 1303 700 1374; x_wconf 86' lang='grc' dir='ltr'><strong>γερόντων</strong></span> <span class='ocrx_word' id='word_1_87' title='bbox 719 1300 1024 1367; x_wconf 67' lang='grc' dir='ltr'>αἰνέσωμεν</span> <span class='ocrx_word' id='word_1_88' title='bbox 1043 1315 1057 1331; x_wconf 73' lang='grc' dir='ltr'><strong><em>ο</em></strong></span> <span class='ocrx_word' id='word_1_89' title='bbox 1085 1299 1223 1367; x_wconf 87' lang='grc' dir='ltr'><strong>μετά</strong></span> <span class='ocrx_word' id='word_1_90' title='bbox 1246 1297 1500 1367; x_wconf 77' lang='grc' dir='ltr'>μαθητῶν</span> <span class='ocrx_word' id='word_1_91' title='bbox 1525 1297 1871 1366; x_wconf 76' lang='grc' dir='ltr'>κηρύξωμενο</span> 
     </span>
    </p>
   </div>
   <div class='ocr_carea' id='block_1_15' title="bbox 306 1382 1876 1456">
    <p class='ocr_par' dir='ltr' id='par_1_15' title="bbox 306 1382 1876 1456">
     <span class='ocr_line' id='line_1_15' title="bbox 306 1382 1876 1456; baseline -0.005 -12"><span class='ocrx_word' id='word_1_92' title='bbox 306 1391 504 1445; x_wconf 70' lang='grc' dir='ltr'>ἐλαιῶν</span> <span class='ocrx_word' id='word_1_93' title='bbox 533 1382 762 1451; x_wconf 83' lang='grc' dir='ltr'><strong>κλάδους</strong></span> <span class='ocrx_word' id='word_1_94' title='bbox 798 1388 867 1440; x_wconf 81' lang='grc' dir='ltr'><strong>δι’</strong></span> <span class='ocrx_word' id='word_1_95' title='bbox 919 1386 1292 1456; x_wconf 77' lang='grc' dir='ltr'>ὲλεημοσύνης</span> <span class='ocrx_word' id='word_1_96' title='bbox 1320 1388 1378 1438; x_wconf 83' lang='grc' dir='ltr'>ὲν</span> <span class='ocrx_word' id='word_1_97' title='bbox 1409 1388 1471 1455; x_wconf 81' lang='grc' dir='ltr'>τῇ</span> <span class='ocrx_word' id='word_1_98' title='bbox 1502 1384 1596 1438; x_wconf 84' lang='grc' dir='ltr'>τοῦ</span> <span class='ocrx_word' id='word_1_99' title='bbox 1631 1385 1747 1455; x_wconf 84' lang='grc' dir='ltr'>βίου</span> <span class='ocrx_word' id='word_1_100' title='bbox 1774 1383 1876 1453; x_wconf 81' lang='grc' dir='ltr'>6δῷ</span> 
     </span>
    </p>
   </div>
   <div class='ocr_carea' id='block_1_16' title="bbox 307 1476 1878 1550">
    <p class='ocr_par' dir='ltr' id='par_1_16' title="bbox 307 1476 1878 1550">
     <span class='ocr_line' id='line_1_16' title="bbox 307 1476 1878 1550; baseline -0.005 -15"><span class='ocrx_word' id='word_1_101' title='bbox 307 1482 488 1544; x_wconf 85' lang='grc' dir='ltr'>καλῶς</span> <span class='ocrx_word' id='word_1_102' title='bbox 545 1478 982 1550; x_wconf 83' lang='grc' dir='ltr'>ὑποστρώσωμεν</span> <span class='ocrx_word' id='word_1_103' title='bbox 1005 1492 1025 1510; x_wconf 76' lang='grc' dir='ltr'><strong><em>ο</em></strong></span> <span class='ocrx_word' id='word_1_104' title='bbox 1079 1477 1221 1530; x_wconf 77' lang='grc' dir='ltr'>κατὰ</span> <span class='ocrx_word' id='word_1_105' title='bbox 1252 1479 1378 1540; x_wconf 77' lang='grc' dir='ltr'>τοὺς</span> <span class='ocrx_word' id='word_1_106' title='bbox 1417 1477 1617 1540; x_wconf 82' lang='grc' dir='ltr'>παῖδας</span> <span class='ocrx_word' id='word_1_107' title='bbox 1651 1476 1878 1547; x_wconf 84' lang='grc' dir='ltr'>περικό-</span> 
     </span>
    </p>
   </div>
   <div class='ocr_carea' id='block_1_17' title="bbox 306 1565 1877 1643">
    <p class='ocr_par' dir='ltr' id='par_1_17' title="bbox 306 1565 1877 1643">
     <span class='ocr_line' id='line_1_17' title="bbox 306 1565 1877 1643; baseline -0.006 -18"><span class='ocrx_word' id='word_1_108' title='bbox 306 1573 497 1643; x_wconf 81' lang='grc' dir='ltr'>ψωμεν</span> <span class='ocrx_word' id='word_1_109' title='bbox 540 1571 641 1639; x_wconf 79' lang='grc' dir='ltr'>τῆς</span> <span class='ocrx_word' id='word_1_110' title='bbox 697 1569 965 1621; x_wconf 80' lang='grc' dir='ltr'>πολυΰλου</span> <span class='ocrx_word' id='word_1_111' title='bbox 1024 1566 1178 1638; x_wconf 78' lang='grc' dir='ltr'><strong>ἡμῶν</strong></span> <span class='ocrx_word' id='word_1_112' title='bbox 1232 1566 1518 1637; x_wconf 79' lang='grc' dir='ltr'>ὑπάρξεως</span> <span class='ocrx_word' id='word_1_113' title='bbox 1550 1566 1640 1618; x_wconf 77' lang='grc' dir='ltr'><strong>τὸν</strong></span> <span class='ocrx_word' id='word_1_114' title='bbox 1672 1565 1835 1633; x_wconf 76' lang='grc' dir='ltr'>ὄγκον</span> <span class='ocrx_word' id='word_1_115' title='bbox 1860 1580 1877 1595; x_wconf 65' lang='grc'>⁸</span> 
     </span>
    </p>
   </div>
   <div class='ocr_carea' id='block_1_18' title="bbox 310 1656 1880 1731">
    <p class='ocr_par' dir='ltr' id='par_1_18' title="bbox 310 1656 1880 1731">
     <span class='ocr_line' id='line_1_18' title="bbox 310 1656 1880 1731; baseline -0.004 -15"><span class='ocrx_word' id='word_1_116' title='bbox 310 1664 404 1716; x_wconf 72' lang='grc' dir='ltr'><strong>καὶ</strong></span> <span class='ocrx_word' id='word_1_117' title='bbox 452 1660 792 1731; x_wconf 77' lang='grc' dir='ltr'>ἐλεημοσύνῃ</span> <span class='ocrx_word' id='word_1_118' title='bbox 825 1659 1050 1722; x_wconf 81' lang='grc' dir='ltr'>ἑαυτοὺς</span> <span class='ocrx_word' id='word_1_119' title='bbox 1089 1658 1528 1728; x_wconf 72' lang='grc' dir='ltr'>ὑποστρώσωμεν</span> <span class='ocrx_word' id='word_1_120' title='bbox 1581 1658 1640 1709; x_wconf 81' lang='grc' dir='ltr'>ὲν</span> <span class='ocrx_word' id='word_1_121' title='bbox 1673 1660 1738 1728; x_wconf 82' lang='grc' dir='ltr'>τῇ</span> <span class='ocrx_word' id='word_1_122' title='bbox 1775 1656 1880 1727; x_wconf 84' lang='grc' dir='ltr'><strong>ὁδῷ</strong></span> 
     </span>
    </p>
   </div>
   <div class='ocr_carea' id='block_1_19' title="bbox 310 1749 1880 1824">
    <p class='ocr_par' dir='ltr' id='par_1_19' title="bbox 310 1749 1880 1824">
     <span class='ocr_line' id='line_1_19' title="bbox 310 1749 1880 1824; baseline -0.001 -20"><span class='ocrx_word' id='word_1_123' title='bbox 310 1757 376 1824; x_wconf 85' lang='grc' dir='ltr'>τῇ</span> <span class='ocrx_word' id='word_1_124' title='bbox 411 1751 645 1821; x_wconf 81' lang='grc' dir='ltr'>λεγούσῃ</span> <span class='ocrx_word' id='word_1_125' title='bbox 672 1768 686 1781; x_wconf 86' lang='grc'><strong>·</strong></span> <span class='ocrx_word' id='word_1_126' title='bbox 730 1750 872 1818; x_wconf 77' lang='grc' dir='ltr'><strong>Ἐγὼ</strong></span> <span class='ocrx_word' id='word_1_127' title='bbox 905 1753 1023 1819; x_wconf 78' lang='grc' dir='ltr'>εἰμι</span> <span class='ocrx_word' id='word_1_128' title='bbox 1054 1750 1094 1817; x_wconf 76' lang='grc' dir='ltr'><strong><em>ἠ</em></strong></span> <span class='ocrx_word' id='word_1_129' title='bbox 1131 1749 1290 1815; x_wconf 74' lang='grc' dir='ltr'><strong>ὁδός-⁸</strong></span> <span class='ocrx_word' id='word_1_130' title='bbox 1320 1750 1468 1811; x_wconf 84' lang='grc' dir='ltr'>ὅπως</span> <span class='ocrx_word' id='word_1_131' title='bbox 1498 1750 1595 1801; x_wconf 78' lang='grc' dir='ltr'>καὶ</span> <span class='ocrx_word' id='word_1_132' title='bbox 1622 1751 1787 1819; x_wconf 81' lang='grc' dir='ltr'><strong>ἡμεῖς</strong></span> <span class='ocrx_word' id='word_1_133' title='bbox 1812 1749 1880 1803; x_wconf 85' lang='grc' dir='ltr'><strong>δι’</strong></span> 
     </span>
    </p>
   </div>
   <div class='ocr_carea' id='block_1_20' title="bbox 1965 577 3539 655">
    <p class='ocr_par' dir='ltr' id='par_1_20' title="bbox 1965 577 3539 655">
     <span class='ocr_line' id='line_1_20' title="bbox 1965 577 3539 655; baseline -0.001 -23"><span class='ocrx_word' id='word_1_134' title='bbox 1965 589 2040 633; x_wconf 73' lang='lat' dir='ltr'><strong>est</strong></span> <span class='ocrx_word' id='word_1_135' title='bbox 2090 582 2475 646; x_wconf 80' lang='lat' dir='ltr'><strong>intellectus&quot;,</strong></span> <span class='ocrx_word' id='word_1_136' title='bbox 2506 580 2774 655; x_wconf 79' lang='lat' dir='ltr'><strong>eﬂ’eraris.</strong></span> <span class='ocrx_word' id='word_1_137' title='bbox 2808 577 3044 633; x_wconf 84' lang='lat' dir='ltr'><strong>Proinde</strong></span> <span class='ocrx_word' id='word_1_138' title='bbox 3078 592 3179 631; x_wconf 87' lang='lat' dir='ltr'><strong>nos</strong></span> <span class='ocrx_word' id='word_1_139' title='bbox 3210 577 3378 630; x_wconf 89' lang='lat' dir='ltr'><strong>etiam</strong></span> <span class='ocrx_word' id='word_1_140' title='bbox 3429 591 3539 630; x_wconf 87' lang='lat' dir='ltr'><strong>una</strong></span> 
     </span>
    </p>
   </div>
   <div class='ocr_carea' id='block_1_21' title="bbox 1966 666 3540 733">
    <p class='ocr_par' dir='ltr' id='par_1_21' title="bbox 1966 666 3540 733">
     <span class='ocr_line' id='line_1_21' title="bbox 1966 666 3540 733; baseline -0.004 -8"><span class='ocrx_word' id='word_1_141' title='bbox 1966 685 2090 725; x_wconf 91' lang='lat' dir='ltr'><strong>cum</strong></span> <span class='ocrx_word' id='word_1_142' title='bbox 2116 671 2336 726; x_wconf 98' lang='lat' dir='ltr'><strong>Christo</strong></span> <span class='ocrx_word' id='word_1_143' title='bbox 2360 671 2680 725; x_wconf 83' lang='lat' dir='ltr'><strong>modestiam</strong></span> <span class='ocrx_word' id='word_1_144' title='bbox 2702 669 2967 733; x_wconf 92' lang='lat' dir='ltr'><strong>colamus,</strong></span> <span class='ocrx_word' id='word_1_145' title='bbox 2993 675 3055 721; x_wconf 87' lang='lat' dir='ltr'><strong>ut</strong></span> <span class='ocrx_word' id='word_1_146' title='bbox 3083 675 3139 721; x_wconf 87' lang='lat' dir='ltr'><strong>et</strong></span> <span class='ocrx_word' id='word_1_147' title='bbox 3160 666 3322 719; x_wconf 85' lang='lat' dir='ltr'><strong>simul</strong></span> <span class='ocrx_word' id='word_1_148' title='bbox 3348 680 3540 721; x_wconf 83' lang='lat' dir='ltr'><strong>ascen-</strong></span> 
     </span>
    </p>
   </div>
   <div class='ocr_carea' id='block_1_22' title="bbox 1966 756 3535 830">
    <p class='ocr_par' dir='ltr' id='par_1_22' title="bbox 1966 756 3535 830">
     <span class='ocr_line' id='line_1_22' title="bbox 1966 756 3535 830; baseline -0.005 -15"><span class='ocrx_word' id='word_1_149' title='bbox 1966 760 2159 816; x_wconf 90' lang='lat' dir='ltr'><strong>damus</strong></span> <span class='ocrx_word' id='word_1_150' title='bbox 2208 779 2222 815; x_wconf 92' lang='lat'><strong>:</strong></span> <span class='ocrx_word' id='word_1_151' title='bbox 2272 777 2399 815; x_wconf 93' lang='lat' dir='ltr'><strong>cum</strong></span> <span class='ocrx_word' id='word_1_152' title='bbox 2447 760 2655 830; x_wconf 83' lang='lat' dir='ltr'><strong>angelis</strong></span> <span class='ocrx_word' id='word_1_153' title='bbox 2695 772 3054 827; x_wconf 89' lang='lat' dir='ltr'><strong>personemus</strong></span> <span class='ocrx_word' id='word_1_154' title='bbox 3098 756 3329 826; x_wconf 83' lang='lat' dir='ltr'><strong>hymnos</strong></span> <span class='ocrx_word' id='word_1_155' title='bbox 3374 770 3535 809; x_wconf 87' lang='lat' dir='ltr'><strong>:cum</strong></span> 
     </span>
    </p>
   </div>
   <div class='ocr_carea' id='block_1_23' title="bbox 1968 846 3543 922">
    <p class='ocr_par' dir='ltr' id='par_1_23' title="bbox 1968 846 3543 922">
     <span class='ocr_line' id='line_1_23' title="bbox 1968 846 3543 922; baseline -0.004 -18"><span class='ocrx_word' id='word_1_156' title='bbox 1968 851 2157 922; x_wconf 86' lang='lat' dir='ltr'><strong>pueris</strong></span> <span class='ocrx_word' id='word_1_157' title='bbox 2194 853 2600 921; x_wconf 83' lang='lat' dir='ltr'><strong>glorilicemus:</strong></span> <span class='ocrx_word' id='word_1_158' title='bbox 2632 866 2757 905; x_wconf 87' lang='lat' dir='ltr'><strong>cum</strong></span> <span class='ocrx_word' id='word_1_159' title='bbox 2811 849 2994 912; x_wconf 89' lang='lat' dir='ltr'><strong>turba,</strong></span> <span class='ocrx_word' id='word_1_160' title='bbox 3048 847 3238 902; x_wconf 87' lang='lat' dir='ltr'><strong>eadem</strong></span> <span class='ocrx_word' id='word_1_161' title='bbox 3298 861 3362 900; x_wconf 91' lang='lat' dir='ltr'><strong>ac</strong></span> <span class='ocrx_word' id='word_1_162' title='bbox 3427 846 3543 915; x_wconf 84' lang='lat' dir='ltr'><strong>ipsa</strong></span> 
     </span>
    </p>
   </div>
   <div class='ocr_carea' id='block_1_24' title="bbox 1971 937 3541 1002">
    <p class='ocr_par' dir='ltr' id='par_1_24' title="bbox 1971 937 3541 1002">
     <span class='ocr_line' id='line_1_24' title="bbox 1971 937 3541 1002; baseline -0.003 -7"><span class='ocrx_word' id='word_1_163' title='bbox 1971 943 2269 998; x_wconf 89' lang='lat' dir='ltr'><strong>clamcmus</strong></span> <span class='ocrx_word' id='word_1_164' title='bbox 2293 961 2306 995; x_wconf 92' lang='lat'><strong>:</strong></span> <span class='ocrx_word' id='word_1_165' title='bbox 2330 958 2454 997; x_wconf 90' lang='lat' dir='ltr'><strong>cum</strong></span> <span class='ocrx_word' id='word_1_166' title='bbox 2479 942 2743 995; x_wconf 89' lang='lat' dir='ltr'><strong>Bethania</strong></span> <span class='ocrx_word' id='word_1_167' title='bbox 2771 938 3109 994; x_wconf 82' lang='lat' dir='ltr'><strong>exsultemus</strong></span> <span class='ocrx_word' id='word_1_168' title='bbox 3132 954 3146 991; x_wconf 91' lang='lat'><strong>:</strong></span> <span class='ocrx_word' id='word_1_169' title='bbox 3172 953 3295 993; x_wconf 89' lang='lat' dir='ltr'><strong>cum</strong></span> <span class='ocrx_word' id='word_1_170' title='bbox 3314 937 3541 1002; x_wconf 86' lang='lat' dir='ltr'><strong>Lazaro,</strong></span> 
     </span>
    </p>
   </div>
   <div class='ocr_carea' id='block_1_25' title="bbox 1972 1028 3545 1102">
    <p class='ocr_par' dir='ltr' id='par_1_25' title="bbox 1972 1028 3545 1102">
     <span class='ocr_line' id='line_1_25' title="bbox 1972 1028 3545 1102; baseline -0.002 -16"><span class='ocrx_word' id='word_1_171' title='bbox 1972 1033 2041 1087; x_wconf 86' lang='lat' dir='ltr'><strong>ab</strong></span> <span class='ocrx_word' id='word_1_172' title='bbox 2072 1034 2335 1102; x_wconf 88' lang='lat' dir='ltr'><strong>operibus</strong></span> <span class='ocrx_word' id='word_1_173' title='bbox 2374 1034 2606 1088; x_wconf 77' lang='lat' dir='ltr'><strong>mortuis</strong></span> <span class='ocrx_word' id='word_1_174' title='bbox 2659 1046 3053 1101; x_wconf 73' lang='lat' dir='ltr'><strong>resurgamus:</strong></span> <span class='ocrx_word' id='word_1_175' title='bbox 3076 1046 3199 1085; x_wconf 91' lang='lat' dir='ltr'><strong>cum</strong></span> <span class='ocrx_word' id='word_1_176' title='bbox 3232 1029 3413 1084; x_wconf 86' lang='lat' dir='ltr'><strong>Sionis</strong></span> <span class='ocrx_word' id='word_1_177' title='bbox 3457 1028 3545 1083; x_wconf 87' lang='lat' dir='ltr'><strong>in-</strong></span> 
     </span>
    </p>
   </div>
   <div class='ocr_carea' id='block_1_26' title="bbox 1972 1119 3545 1192">
    <p class='ocr_par' dir='ltr' id='par_1_26' title="bbox 1972 1119 3545 1192">
     <span class='ocr_line' id='line_1_26' title="bbox 1972 1119 3545 1192; baseline -0.004 -14"><span class='ocrx_word' id='word_1_178' title='bbox 1972 1124 2110 1178; x_wconf 86' lang='lat' dir='ltr'><strong>colis</strong></span> <span class='ocrx_word' id='word_1_179' title='bbox 2168 1125 2368 1178; x_wconf 89' lang='lat' dir='ltr'><strong>cboros</strong></span> <span class='ocrx_word' id='word_1_180' title='bbox 2414 1124 2716 1192; x_wconf 81' lang='lat' dir='ltr'><strong>agitemus:</strong></span> <span class='ocrx_word' id='word_1_181' title='bbox 2753 1136 2877 1176; x_wconf 90' lang='lat' dir='ltr'><strong>cum</strong></span> <span class='ocrx_word' id='word_1_182' title='bbox 2938 1120 3096 1175; x_wconf 80' lang='lat' dir='ltr'><strong>caecis</strong></span> <span class='ocrx_word' id='word_1_183' title='bbox 3143 1120 3345 1188; x_wconf 88' lang='lat' dir='ltr'><strong>quibus</strong></span> <span class='ocrx_word' id='word_1_184' title='bbox 3393 1119 3545 1173; x_wconf 84' lang='lat' dir='ltr'><strong>visus</strong></span> 
     </span>
    </p>
   </div>
   <div class='ocr_carea' id='block_1_27' title="bbox 1972 1210 3546 1281">
    <p class='ocr_par' dir='ltr' id='par_1_27' title="bbox 1972 1210 3546 1281">
     <span class='ocr_line' id='line_1_27' title="bbox 1972 1210 3546 1281; baseline -0.003 -14"><span class='ocrx_word' id='word_1_185' title='bbox 1972 1215 2259 1269; x_wconf 86' lang='lat' dir='ltr'><strong>restitutus</strong></span> <span class='ocrx_word' id='word_1_186' title='bbox 2308 1214 2433 1277; x_wconf 81' lang='lat' dir='ltr'><strong>fuit,</strong></span> <span class='ocrx_word' id='word_1_187' title='bbox 2480 1214 2813 1267; x_wconf 87' lang='lat' dir='ltr'><strong>clamemus:</strong></span> <span class='ocrx_word' id='word_1_188' title='bbox 2845 1227 2970 1267; x_wconf 91' lang='lat' dir='ltr'><strong>cum</strong></span> <span class='ocrx_word' id='word_1_189' title='bbox 3019 1210 3208 1281; x_wconf 87' lang='lat' dir='ltr'><strong>pueris</strong></span> <span class='ocrx_word' id='word_1_190' title='bbox 3234 1218 3291 1262; x_wconf 90' lang='lat' dir='ltr'><strong>et</strong></span> <span class='ocrx_word' id='word_1_191' title='bbox 3323 1210 3546 1262; x_wconf 88' lang='lat' dir='ltr'><strong>senibus</strong></span> 
     </span>
    </p>
   </div>
   <div class='ocr_carea' id='block_1_28' title="bbox 1974 1298 3548 1373">
    <p class='ocr_par' dir='ltr' id='par_1_28' title="bbox 1974 1298 3548 1373">
     <span class='ocr_line' id='line_1_28' title="bbox 1974 1298 3548 1373; baseline -0.003 -16"><span class='ocrx_word' id='word_1_192' title='bbox 1974 1303 2262 1358; x_wconf 84' lang='lat' dir='ltr'><strong>laudemus</strong></span> <span class='ocrx_word' id='word_1_193' title='bbox 2286 1322 2299 1357; x_wconf 93' lang='lat'><strong>:</strong></span> <span class='ocrx_word' id='word_1_194' title='bbox 2331 1320 2456 1358; x_wconf 92' lang='lat' dir='ltr'><strong>cum</strong></span> <span class='ocrx_word' id='word_1_195' title='bbox 2489 1303 2776 1373; x_wconf 78' lang='lat' dir='ltr'><strong>discipulis</strong></span> <span class='ocrx_word' id='word_1_196' title='bbox 2804 1303 3165 1373; x_wconf 68' lang='lat' dir='ltr'><strong>prwdicemus</strong></span> <span class='ocrx_word' id='word_1_197' title='bbox 3199 1319 3211 1354; x_wconf 92' lang='lat'><strong>:</strong></span> <span class='ocrx_word' id='word_1_198' title='bbox 3239 1315 3422 1354; x_wconf 87' lang='lat' dir='ltr'><strong>ramos</strong></span> <span class='ocrx_word' id='word_1_199' title='bbox 3446 1298 3548 1353; x_wconf 89' lang='lat' dir='ltr'><strong>oli-</strong></span> 
     </span>
    </p>
   </div>
   <div class='ocr_carea' id='block_1_29' title="bbox 1976 1390 3545 1460">
    <p class='ocr_par' dir='ltr' id='par_1_29' title="bbox 1976 1390 3545 1460">
     <span class='ocr_line' id='line_1_29' title="bbox 1976 1390 3545 1460; baseline -0.001 -17"><span class='ocrx_word' id='word_1_200' title='bbox 1976 1406 2163 1443; x_wconf 80' lang='lat' dir='ltr'><strong>varum</strong></span> <span class='ocrx_word' id='word_1_201' title='bbox 2196 1407 2295 1460; x_wconf 89' lang='lat' dir='ltr'><strong>per</strong></span> <span class='ocrx_word' id='word_1_202' title='bbox 2325 1392 2759 1447; x_wconf 89' lang='lat' dir='ltr'><strong>misericordiam</strong></span> <span class='ocrx_word' id='word_1_203' title='bbox 2787 1392 2844 1445; x_wconf 89' lang='lat' dir='ltr'><strong>in</strong></span> <span class='ocrx_word' id='word_1_204' title='bbox 2874 1391 2999 1445; x_wconf 75' lang='lat' dir='ltr'><strong>vitae</strong></span> <span class='ocrx_word' id='word_1_205' title='bbox 3029 1390 3224 1444; x_wconf 87' lang='lat' dir='ltr'><strong>itinere</strong></span> <span class='ocrx_word' id='word_1_206' title='bbox 3246 1403 3545 1458; x_wconf 89' lang='lat' dir='ltr'><strong>puerorum</strong></span> 
     </span>
    </p>
   </div>
   <div class='ocr_carea' id='block_1_30' title="bbox 1978 1481 3550 1551">
    <p class='ocr_par' dir='ltr' id='par_1_30' title="bbox 1978 1481 3550 1551">
     <span class='ocr_line' id='line_1_30' title="bbox 1978 1481 3550 1551; baseline 0.001 -18"><span class='ocrx_word' id='word_1_207' title='bbox 1978 1494 2134 1534; x_wconf 90' lang='lat' dir='ltr'><strong>more</strong></span> <span class='ocrx_word' id='word_1_208' title='bbox 2164 1481 2266 1534; x_wconf 89' lang='lat' dir='ltr'><strong>rite</strong></span> <span class='ocrx_word' id='word_1_209' title='bbox 2307 1491 2617 1536; x_wconf 88' lang='lat' dir='ltr'><strong>sternamus</strong></span> <span class='ocrx_word' id='word_1_210' title='bbox 2645 1500 2657 1534; x_wconf 89' lang='lat'><strong>:</strong></span> <span class='ocrx_word' id='word_1_211' title='bbox 2690 1482 3147 1537; x_wconf 88' lang='lat' dir='ltr'><strong>circumcidamus</strong></span> <span class='ocrx_word' id='word_1_212' title='bbox 3178 1482 3337 1551; x_wconf 78' lang='lat' dir='ltr'><strong>longe</strong></span> <span class='ocrx_word' id='word_1_213' title='bbox 3378 1488 3550 1534; x_wconf 89' lang='lat' dir='ltr'><strong>mate—</strong></span> 
     </span>
    </p>
   </div>
   <div class='ocr_carea' id='block_1_31' title="bbox 1979 1570 3549 1640">
    <p class='ocr_par' dir='ltr' id='par_1_31' title="bbox 1979 1570 3549 1640">
     <span class='ocr_line' id='line_1_31' title="bbox 1979 1570 3549 1640; baseline 0 -17"><span class='ocrx_word' id='word_1_214' title='bbox 1979 1570 2132 1624; x_wconf 88' lang='lat' dir='ltr'><strong>rialis</strong></span> <span class='ocrx_word' id='word_1_215' title='bbox 2185 1581 2383 1625; x_wconf 73' lang='lat' dir='ltr'><strong>nostrae</strong></span> <span class='ocrx_word' id='word_1_216' title='bbox 2433 1571 2753 1626; x_wconf 84' lang='lat' dir='ltr'><strong>substantiae</strong></span> <span class='ocrx_word' id='word_1_217' title='bbox 2802 1574 3023 1636; x_wconf 87' lang='lat' dir='ltr'><strong>molem,</strong></span> <span class='ocrx_word' id='word_1_218' title='bbox 3076 1586 3284 1640; x_wconf 89' lang='lat' dir='ltr'><strong>nosque</strong></span> <span class='ocrx_word' id='word_1_219' title='bbox 3333 1571 3549 1625; x_wconf 88' lang='lat' dir='ltr'><strong>miseri-</strong></span> 
     </span>
    </p>
   </div>
   <div class='ocr_carea' id='block_1_32' title="bbox 1980 1661 3548 1734">
    <p class='ocr_par' dir='ltr' id='par_1_32' title="bbox 1980 1661 3548 1734">
     <span class='ocr_line' id='line_1_32' title="bbox 1980 1661 3548 1734; baseline -0.002 -18"><span class='ocrx_word' id='word_1_220' title='bbox 1980 1661 2183 1716; x_wconf 69' lang='lat' dir='ltr'><strong>cordia:</strong></span> <span class='ocrx_word' id='word_1_221' title='bbox 2233 1662 2289 1715; x_wconf 90' lang='lat' dir='ltr'><strong>in</strong></span> <span class='ocrx_word' id='word_1_222' title='bbox 2327 1662 2415 1716; x_wconf 82' lang='lat' dir='ltr'><strong>via</strong></span> <span class='ocrx_word' id='word_1_223' title='bbox 2448 1663 2883 1729; x_wconf 81' lang='lat' dir='ltr'><strong>substernamus,</strong></span> <span class='ocrx_word' id='word_1_224' title='bbox 2933 1680 3055 1734; x_wconf 59' lang='lat' dir='ltr'><strong>quas</strong></span> <span class='ocrx_word' id='word_1_225' title='bbox 3083 1663 3251 1717; x_wconf 77' lang='lat' dir='ltr'><strong>dicit:</strong></span> <span class='ocrx_word' id='word_1_226' title='bbox 3294 1662 3406 1732; x_wconf 87' lang='lat' dir='ltr'><strong>Ego</strong></span> <span class='ocrx_word' id='word_1_227' title='bbox 3431 1678 3548 1714; x_wconf 80' lang='lat' dir='ltr'><strong>sum</strong></span> 
     </span>
    </p>
   </div>
   <div class='ocr_carea' id='block_1_33' title="bbox 1982 1752 3549 1822">
    <p class='ocr_par' dir='ltr' id='par_1_33' title="bbox 1982 1752 3549 1822">
     <span class='ocr_line' id='line_1_33' title="bbox 1982 1752 3549 1822; baseline -0.003 -16"><span class='ocrx_word' id='word_1_228' title='bbox 1982 1753 2120 1807; x_wconf 82' lang='lat' dir='ltr'><strong>via“</strong></span> <span class='ocrx_word' id='word_1_229' title='bbox 2146 1770 2160 1806; x_wconf 91' lang='lat'><strong>:</strong></span> <span class='ocrx_word' id='word_1_230' title='bbox 2193 1762 2255 1807; x_wconf 88' lang='lat' dir='ltr'><strong>ut</strong></span> <span class='ocrx_word' id='word_1_231' title='bbox 2286 1763 2341 1808; x_wconf 90' lang='lat' dir='ltr'><strong>et</strong></span> <span class='ocrx_word' id='word_1_232' title='bbox 2382 1769 2482 1808; x_wconf 89' lang='lat' dir='ltr'><strong>nos</strong></span> <span class='ocrx_word' id='word_1_233' title='bbox 2508 1769 2608 1822; x_wconf 86' lang='lat' dir='ltr'><strong>per</strong></span> <span class='ocrx_word' id='word_1_234' title='bbox 2637 1769 2756 1809; x_wconf 90' lang='lat' dir='ltr'><strong>eam</strong></span> <span class='ocrx_word' id='word_1_235' title='bbox 2781 1763 2838 1807; x_wconf 90' lang='lat' dir='ltr'><strong>et</strong></span> <span class='ocrx_word' id='word_1_236' title='bbox 2865 1770 2988 1810; x_wconf 91' lang='lat' dir='ltr'><strong>cum</strong></span> <span class='ocrx_word' id='word_1_237' title='bbox 3026 1770 3088 1808; x_wconf 93' lang='lat' dir='ltr'><strong>ea</strong></span> <span class='ocrx_word' id='word_1_238' title='bbox 3115 1752 3549 1807; x_wconf 83' lang='lat' dir='ltr'><strong>misericordiam</strong></span> 
     </span>
    </p>
   </div>
   <div class='ocr_carea' id='block_1_34' title="bbox 314 1840 1876 1914">
    <p class='ocr_par' dir='ltr' id='par_1_34' title="bbox 314 1840 1867 1914">
     <span class='ocr_line' id='line_1_34' title="bbox 314 1840 1867 1914; baseline -0.003 -17"><span class='ocrx_word' id='word_1_239' title='bbox 314 1844 483 1913; x_wconf 80' lang='grc' dir='ltr'>αὐτῆς</span> <span class='ocrx_word' id='word_1_240' title='bbox 515 1843 765 1914; x_wconf 83' lang='grc' dir='ltr'>εὕρωμεν</span> <span class='ocrx_word' id='word_1_241' title='bbox 794 1842 945 1904; x_wconf 75' lang='grc' dir='ltr'>ἔλεος</span> <span class='ocrx_word' id='word_1_242' title='bbox 978 1841 1111 1912; x_wconf 80' lang='grc' dir='ltr'><strong>παρ’</strong></span> <span class='ocrx_word' id='word_1_243' title='bbox 1138 1841 1325 1911; x_wconf 76' lang='grc' dir='ltr'>αὐτῆς,</span> <span class='ocrx_word' id='word_1_244' title='bbox 1350 1842 1444 1893; x_wconf 74' lang='grc' dir='ltr'><strong>καὶ</strong></span> <span class='ocrx_word' id='word_1_245' title='bbox 1478 1840 1574 1892; x_wconf 82' lang='grc' dir='ltr'><strong>σὺν</strong></span> <span class='ocrx_word' id='word_1_246' title='bbox 1615 1840 1752 1910; x_wconf 72' lang='grc' dir='ltr'>αὐτῇ</span> <span class='ocrx_word' id='word_1_247' title='bbox 1787 1843 1867 1904; x_wconf 80' lang='grc' dir='ltr'><strong>εἰς</strong></span> 
     </span>
    </p>
   </div>
   <div class='ocr_carea' id='block_1_35' title="bbox 1977 1840 3551 1914">
    <p class='ocr_par' dir='ltr' id='par_1_35' title="bbox 1980 1841 3551 1913">
     <span class='ocr_line' id='line_1_35' title="bbox 1980 1841 3551 1913; baseline -0.001 -17"><span class='ocrx_word' id='word_1_248' title='bbox 1980 1842 2330 1897; x_wconf 83' lang='lat' dir='ltr'><strong>inveniamus</strong></span> <span class='ocrx_word' id='word_1_249' title='bbox 2357 1843 2413 1896; x_wconf 88' lang='lat' dir='ltr'><strong>in</strong></span> <span class='ocrx_word' id='word_1_250' title='bbox 2439 1858 2673 1913; x_wconf 87' lang='lat' dir='ltr'><strong>superna</strong></span> <span class='ocrx_word' id='word_1_251' title='bbox 2703 1844 3023 1898; x_wconf 82' lang='lat' dir='ltr'><strong>Jerusalem.</strong></span> <span class='ocrx_word' id='word_1_252' title='bbox 3050 1842 3107 1897; x_wconf 83' lang='lat' dir='ltr'><strong>In</strong></span> <span class='ocrx_word' id='word_1_253' title='bbox 3131 1858 3385 1912; x_wconf 83' lang='lat' dir='ltr'><strong>magnum</strong></span> <span class='ocrx_word' id='word_1_254' title='bbox 3414 1841 3551 1895; x_wconf 91' lang='lat' dir='ltr'><strong>illud</strong></span> 
     </span>
    </p>
   </div>
   <div class='ocr_carea' id='block_1_36' title="bbox 312 1930 1869 2004">
    <p class='ocr_par' dir='ltr' id='par_1_36' title="bbox 312 1930 1869 2004">
     <span class='ocr_line' id='line_1_36' title="bbox 312 1930 1869 2004; baseline -0.003 -18"><span class='ocrx_word' id='word_1_255' title='bbox 312 1934 410 2004; x_wconf 84' lang='grc' dir='ltr'><strong>τὴν</strong></span> <span class='ocrx_word' id='word_1_256' title='bbox 443 1933 554 1987; x_wconf 84' lang='grc' dir='ltr'>ἄνω</span> <span class='ocrx_word' id='word_1_257' title='bbox 586 1933 959 2003; x_wconf 81' lang='grc' dir='ltr'>Ἰερουσαλήμ.</span> <span class='ocrx_word' id='word_1_258' title='bbox 996 1932 1090 1995; x_wconf 87' lang='grc' dir='ltr'><strong>Εἰς</strong></span> <span class='ocrx_word' id='word_1_259' title='bbox 1117 1931 1177 1983; x_wconf 82' lang='grc' dir='ltr'>τὺ</span> <span class='ocrx_word' id='word_1_260' title='bbox 1204 1931 1347 2001; x_wconf 77' lang='grc' dir='ltr'>ἱερὸν</span> <span class='ocrx_word' id='word_1_261' title='bbox 1382 1931 1443 1982; x_wconf 84' lang='grc' dir='ltr'><strong>τὸ</strong></span> <span class='ocrx_word' id='word_1_262' title='bbox 1469 1930 1614 1999; x_wconf 83' lang='grc' dir='ltr'><strong>μέγα</strong></span> <span class='ocrx_word' id='word_1_263' title='bbox 1653 1947 1869 1984; x_wconf 85' lang='grc' dir='ltr'>συνεισ-</span> 
     </span>
    </p>
   </div>
   <div class='ocr_carea' id='block_1_37' title="bbox 315 2020 1874 2093">
    <p class='ocr_par' dir='ltr' id='par_1_37' title="bbox 315 2020 1874 2093">
     <span class='ocr_line' id='line_1_37' title="bbox 315 2020 1874 2093; baseline -0.003 -16"><span class='ocrx_word' id='word_1_264' title='bbox 315 2025 578 2093; x_wconf 75' lang='grc' dir='ltr'>ἐλθωμεν,</span> <span class='ocrx_word' id='word_1_265' title='bbox 609 2024 704 2076; x_wconf 75' lang='grc' dir='ltr'>καὶ</span> <span class='ocrx_word' id='word_1_266' title='bbox 734 2024 782 2076; x_wconf 82' lang='grc' dir='ltr'>οἱ</span> <span class='ocrx_word' id='word_1_267' title='bbox 809 2024 1158 2093; x_wconf 73' lang='grc' dir='ltr'>προάγοντες,</span> <span class='ocrx_word' id='word_1_268' title='bbox 1201 2022 1295 2074; x_wconf 69' lang='grc' dir='ltr'><strong>καὶ</strong></span> <span class='ocrx_word' id='word_1_269' title='bbox 1350 2021 1400 2074; x_wconf 77' lang='grc' dir='ltr'><strong>οἱ</strong></span> <span class='ocrx_word' id='word_1_270' title='bbox 1433 2020 1874 2083; x_wconf 76' lang='grc' dir='ltr'>ἀκολουθοῦντεςο</span> 
     </span>
    </p>
   </div>
   <div class='ocr_carea' id='block_1_38' title="bbox 317 2111 1878 2185">
    <p class='ocr_par' dir='ltr' id='par_1_38' title="bbox 317 2111 1878 2185">
     <span class='ocr_line' id='line_1_38' title="bbox 317 2111 1878 2185; baseline -0.003 -17"><span class='ocrx_word' id='word_1_271' title='bbox 317 2118 367 2168; x_wconf 87' lang='grc' dir='ltr'>οἱ</span> <span class='ocrx_word' id='word_1_272' title='bbox 398 2117 728 2185; x_wconf 82' lang='grc' dir='ltr'>προάγοντες</span> <span class='ocrx_word' id='word_1_273' title='bbox 755 2114 876 2184; x_wconf 84' lang='grc' dir='ltr'>μὲν,</span> <span class='ocrx_word' id='word_1_274' title='bbox 902 2115 951 2165; x_wconf 81' lang='grc' dir='ltr'><strong>οἱ</strong></span> <span class='ocrx_word' id='word_1_275' title='bbox 986 2114 1042 2166; x_wconf 74' lang='grc' dir='ltr'><strong>ὲν</strong></span> <span class='ocrx_word' id='word_1_276' title='bbox 1070 2114 1138 2182; x_wconf 80' lang='grc' dir='ltr'>τῇ</span> <span class='ocrx_word' id='word_1_277' title='bbox 1168 2111 1325 2183; x_wconf 77' lang='grc' dir='ltr'>τρίτῃ</span> <span class='ocrx_word' id='word_1_278' title='bbox 1362 2111 1502 2183; x_wconf 83' lang='grc' dir='ltr'>ὥρᾳ,</span> <span class='ocrx_word' id='word_1_279' title='bbox 1532 2111 1628 2164; x_wconf 74' lang='grc' dir='ltr'><strong>καὶ</strong></span> <span class='ocrx_word' id='word_1_280' title='bbox 1661 2112 1710 2163; x_wconf 75' lang='grc' dir='ltr'>οἱ</span> <span class='ocrx_word' id='word_1_281' title='bbox 1747 2112 1878 2164; x_wconf 86' lang='grc' dir='ltr'>ἀκο-</span> 
     </span>
    </p>
   </div>
   <div class='ocr_carea' id='block_1_39' title="bbox 319 2202 1884 2274">
    <p class='ocr_par' dir='ltr' id='par_1_39' title="bbox 319 2202 1884 2274">
     <span class='ocr_line' id='line_1_39' title="bbox 319 2202 1884 2274; baseline -0.003 -16"><span class='ocrx_word' id='word_1_282' title='bbox 319 2204 657 2268; x_wconf 79' lang='grc' dir='ltr'>λουθοῦντες,</span> <span class='ocrx_word' id='word_1_283' title='bbox 687 2205 898 2274; x_wconf 76' lang='grc' dir='ltr'>οἱπερὶ</span> <span class='ocrx_word' id='word_1_284' title='bbox 956 2203 1056 2274; x_wconf 84' lang='grc' dir='ltr'>τὴν</span> <span class='ocrx_word' id='word_1_285' title='bbox 1106 2202 1435 2272; x_wconf 75' lang='grc' dir='ltr'>ἑνδεκάτηνο</span> <span class='ocrx_word' id='word_1_286' title='bbox 1494 2203 1588 2255; x_wconf 72' lang='grc' dir='ltr'>καὶ</span> <span class='ocrx_word' id='word_1_287' title='bbox 1649 2202 1699 2254; x_wconf 77' lang='grc' dir='ltr'><strong>οἱ</strong></span> <span class='ocrx_word' id='word_1_288' title='bbox 1746 2218 1884 2273; x_wconf 82' lang='grc' dir='ltr'>προ-</span> 
     </span>
    </p>
   </div>
   <div class='ocr_carea' id='block_1_40' title="bbox 322 2293 1885 2366">
    <p class='ocr_par' dir='ltr' id='par_1_40' title="bbox 322 2293 1885 2366">
     <span class='ocr_line' id='line_1_40' title="bbox 322 2293 1885 2366; baseline -0.004 -15"><span class='ocrx_word' id='word_1_289' title='bbox 322 2299 544 2364; x_wconf 81' lang='grc' dir='ltr'>άγοντες</span> <span class='ocrx_word' id='word_1_290' title='bbox 570 2297 657 2350; x_wconf 83' lang='grc' dir='ltr'><strong>διὰ</strong></span> <span class='ocrx_word' id='word_1_291' title='bbox 686 2296 957 2366; x_wconf 80' lang='grc' dir='ltr'>πράξεων,</span> <span class='ocrx_word' id='word_1_292' title='bbox 995 2295 1086 2347; x_wconf 71' lang='grc' dir='ltr'>καὶ</span> <span class='ocrx_word' id='word_1_293' title='bbox 1108 2295 1156 2346; x_wconf 76' lang='grc' dir='ltr'>οἱ</span> <span class='ocrx_word' id='word_1_294' title='bbox 1189 2293 1604 2356; x_wconf 82' lang='grc' dir='ltr'>ἀκολουθοῦντες</span> <span class='ocrx_word' id='word_1_295' title='bbox 1633 2293 1717 2345; x_wconf 81' lang='grc' dir='ltr'>διὰ</span> <span class='ocrx_word' id='word_1_296' title='bbox 1752 2309 1885 2363; x_wconf 86' lang='grc' dir='ltr'>προ-</span> 
     </span>
    </p>
   </div>
   <div class='ocr_carea' id='block_1_41' title="bbox 321 2382 1883 2458">
    <p class='ocr_par' dir='ltr' id='par_1_41' title="bbox 321 2382 1883 2458">
     <span class='ocr_line' id='line_1_41' title="bbox 321 2382 1883 2458; baseline -0.005 -16"><span class='ocrx_word' id='word_1_297' title='bbox 321 2390 544 2454; x_wconf 77' lang='grc' dir='ltr'>θέσεως,</span> <span class='ocrx_word' id='word_1_298' title='bbox 575 2388 812 2450; x_wconf 81' lang='grc' dir='ltr'>ἀπαντες</span> <span class='ocrx_word' id='word_1_299' title='bbox 860 2384 1006 2458; x_wconf 70' lang='grc' dir='ltr'>[σὺν]</span> <span class='ocrx_word' id='word_1_300' title='bbox 1037 2383 1256 2455; x_wconf 82' lang='grc' dir='ltr'>Χριστῷ</span> <span class='ocrx_word' id='word_1_301' title='bbox 1278 2382 1328 2448; x_wconf 75' lang='grc' dir='ltr'><strong>(ι,</strong></span> <span class='ocrx_word' id='word_1_302' title='bbox 1363 2385 1412 2435; x_wconf 78' lang='grc' dir='ltr'>οἱ</span> <span class='ocrx_word' id='word_1_303' title='bbox 1459 2383 1612 2435; x_wconf 80' lang='grc' dir='ltr'>αὐτοὶ</span> <span class='ocrx_word' id='word_1_304' title='bbox 1653 2398 1883 2435; x_wconf 85' lang='grc' dir='ltr'>συνακο-</span> 
     </span>
    </p>
   </div>
   <div class='ocr_carea' id='block_1_42' title="bbox 322 2471 1882 2545">
    <p class='ocr_par' dir='ltr' id='par_1_42' title="bbox 322 2471 1882 2545">
     <span class='ocr_line' id='line_1_42' title="bbox 322 2471 1882 2545; baseline -0.006 -13"><span class='ocrx_word' id='word_1_305' title='bbox 322 2480 661 2543; x_wconf 79' lang='grc' dir='ltr'>λουθοῦντες,</span> <span class='ocrx_word' id='word_1_306' title='bbox 720 2479 815 2531; x_wconf 72' lang='grc' dir='ltr'><strong>καὶ</strong></span> <span class='ocrx_word' id='word_1_307' title='bbox 867 2475 1335 2545; x_wconf 83' lang='grc' dir='ltr'>ἀκολουθήσαντες</span> <span class='ocrx_word' id='word_1_308' title='bbox 1389 2471 1882 2542; x_wconf 76' lang='grc' dir='ltr'>συμϐασιλεύοντες</span> 
     </span>
    </p>
   </div>
   <div class='ocr_carea' id='block_1_43' title="bbox 324 2560 1884 2638">
    <p class='ocr_par' dir='ltr' id='par_1_43' title="bbox 324 2560 1884 2638">
     <span class='ocr_line' id='line_1_43' title="bbox 324 2560 1884 2638; baseline -0.006 -17"><span class='ocrx_word' id='word_1_309' title='bbox 324 2568 493 2638; x_wconf 82' lang='grc' dir='ltr'>αὐτῷ,</span> <span class='ocrx_word' id='word_1_310' title='bbox 524 2569 618 2621; x_wconf 77' lang='grc' dir='ltr'>καὶ</span> <span class='ocrx_word' id='word_1_311' title='bbox 646 2566 753 2619; x_wconf 77' lang='grc' dir='ltr'><strong>τῶν</strong></span> <span class='ocrx_word' id='word_1_312' title='bbox 787 2566 1021 2620; x_wconf 79' lang='grc' dir='ltr'>αἰωνίων</span> <span class='ocrx_word' id='word_1_313' title='bbox 1056 2563 1277 2631; x_wconf 81' lang='grc' dir='ltr'>ἀγαθῶν</span> <span class='ocrx_word' id='word_1_314' title='bbox 1305 2560 1694 2623; x_wconf 83' lang='grc' dir='ltr'>ἀπολαύοντες,</span> <span class='ocrx_word' id='word_1_315' title='bbox 1724 2560 1884 2625; x_wconf 78' lang='grc' dir='ltr'>δόξαν</span> 
     </span>
    </p>
   </div>
   <div class='ocr_carea' id='block_1_44' title="bbox 325 2651 1881 2727">
    <p class='ocr_par' dir='ltr' id='par_1_44' title="bbox 325 2651 1881 2727">
     <span class='ocr_line' id='line_1_44' title="bbox 325 2651 1881 2727; baseline -0.006 -16"><span class='ocrx_word' id='word_1_316' title='bbox 325 2658 420 2711; x_wconf 80' lang='grc' dir='ltr'><strong>καὶ</strong></span> <span class='ocrx_word' id='word_1_317' title='bbox 477 2658 847 2727; x_wconf 85' lang='grc' dir='ltr'>μεγαλοσύνην</span> <span class='ocrx_word' id='word_1_318' title='bbox 900 2655 1332 2725; x_wconf 78' lang='grc' dir='ltr'>ἀναπέμψωμεν,</span> <span class='ocrx_word' id='word_1_319' title='bbox 1395 2651 1510 2721; x_wconf 75' lang='grc' dir='ltr'><strong>ἅμα</strong></span> <span class='ocrx_word' id='word_1_320' title='bbox 1567 2651 1647 2721; x_wconf 81' lang='grc' dir='ltr'>τῷ</span> <span class='ocrx_word' id='word_1_321' title='bbox 1684 2651 1881 2720; x_wconf 76' lang='grc' dir='ltr'>Πατρὶ,</span> 
     </span>
    </p>
   </div>
   <div class='ocr_carea' id='block_1_45' title="bbox 326 2740 1885 2817">
    <p class='ocr_par' dir='ltr' id='par_1_45' title="bbox 326 2740 1885 2817">
     <span class='ocr_line' id='line_1_45' title="bbox 326 2740 1885 2817; baseline -0.004 -17"><span class='ocrx_word' id='word_1_322' title='bbox 326 2750 419 2801; x_wconf 75' lang='grc' dir='ltr'><strong>καὶ</strong></span> <span class='ocrx_word' id='word_1_323' title='bbox 464 2746 543 2816; x_wconf 85' lang='grc' dir='ltr'>τῷ</span> <span class='ocrx_word' id='word_1_324' title='bbox 587 2747 834 2817; x_wconf 80' lang='grc' dir='ltr'>παναγίῳ</span> <span class='ocrx_word' id='word_1_325' title='bbox 876 2747 971 2799; x_wconf 76' lang='grc' dir='ltr'>καὶ</span> <span class='ocrx_word' id='word_1_326' title='bbox 1016 2744 1265 2812; x_wconf 78' lang='grc' dir='ltr'>ζωοποιῷ</span> <span class='ocrx_word' id='word_1_327' title='bbox 1306 2742 1621 2812; x_wconf 80' lang='grc' dir='ltr'>Πνεύματι,</span> <span class='ocrx_word' id='word_1_328' title='bbox 1665 2740 1760 2795; x_wconf 81' lang='grc' dir='ltr'>νῦν</span> <span class='ocrx_word' id='word_1_329' title='bbox 1792 2743 1885 2795; x_wconf 78' lang='grc' dir='ltr'><strong>καὶ</strong></span> 
     </span>
    </p>
   </div>
   <div class='ocr_carea' id='block_1_46' title="bbox 325 2832 1707 2902">
    <p class='ocr_par' dir='ltr' id='par_1_46' title="bbox 325 2832 1707 2902">
     <span class='ocr_line' id='line_1_46' title="bbox 325 2832 1707 2902; baseline -0.002 -15"><span class='ocrx_word' id='word_1_330' title='bbox 325 2837 434 2901; x_wconf 76' lang='grc' dir='ltr'>ἀεὶ,</span> <span class='ocrx_word' id='word_1_331' title='bbox 464 2837 559 2890; x_wconf 73' lang='grc' dir='ltr'><strong>καὶ</strong></span> <span class='ocrx_word' id='word_1_332' title='bbox 594 2837 675 2898; x_wconf 76' lang='grc' dir='ltr'><strong>εἰς</strong></span> <span class='ocrx_word' id='word_1_333' title='bbox 704 2836 828 2899; x_wconf 82' lang='grc' dir='ltr'>τοὺς</span> <span class='ocrx_word' id='word_1_334' title='bbox 849 2836 1049 2896; x_wconf 78' lang='grc' dir='ltr'>αἰῶνας</span> <span class='ocrx_word' id='word_1_335' title='bbox 1072 2833 1181 2887; x_wconf 81' lang='grc' dir='ltr'><strong>τῶν</strong></span> <span class='ocrx_word' id='word_1_336' title='bbox 1206 2832 1437 2886; x_wconf 78' lang='grc' dir='ltr'>αἰώνων.</span> <span class='ocrx_word' id='word_1_337' title='bbox 1514 2832 1707 2902; x_wconf 83' lang='grc' dir='ltr'>Ἀμήν.</span> 
     </span>
    </p>
   </div>
   <div class='ocr_carea' id='block_1_47' title="bbox 398 2951 1471 3039">
    <p class='ocr_par' dir='ltr' id='par_1_47' title="bbox 398 2951 1471 3039">
     <span class='ocr_line' id='line_1_47' title="bbox 398 2951 1471 3039; baseline -0.002 -12"><span class='ocrx_word' id='word_1_338' title='bbox 398 2972 439 3004; x_wconf 85' lang='grc'><strong>⁹¹</strong></span> <span class='ocrx_word' id='word_1_339' title='bbox 481 2971 626 3027; x_wconf 85' lang='lat' dir='ltr'><strong>Psal.</strong></span> <span class='ocrx_word' id='word_1_340' title='bbox 660 2987 805 3039; x_wconf 71' lang='lat' dir='ltr'><strong>xxxx,</strong></span> <span class='ocrx_word' id='word_1_341' title='bbox 832 2972 885 3027; x_wconf 88' lang='lat'><strong>9.</strong></span> <span class='ocrx_word' id='word_1_342' title='bbox 949 2972 995 3006; x_wconf 86' lang='grc'><strong>⁹²</strong></span> <span class='ocrx_word' id='word_1_343' title='bbox 1022 2971 1179 3028; x_wconf 81' lang='lat' dir='ltr'><strong>Joan.</strong></span> <span class='ocrx_word' id='word_1_344' title='bbox 1206 2985 1317 3037; x_wconf 69' lang='lat' dir='ltr'><strong>xxv,</strong></span> <span class='ocrx_word' id='word_1_345' title='bbox 1348 2970 1404 3025; x_wconf 91' lang='lat'><strong>6.</strong></span> <span class='ocrx_word' id='word_1_346' title='bbox 1461 2951 1471 2963; x_wconf 55' lang='grc'><em>’</em></span> 
     </span>
    </p>
   </div>
   <div class='ocr_carea' id='block_1_48' title="bbox 1978 1932 3549 2003">
    <p class='ocr_par' dir='ltr' id='par_1_48' title="bbox 1978 1932 3549 2003">
     <span class='ocr_line' id='line_1_48' title="bbox 1978 1932 3549 2003; baseline 0.001 -19"><span class='ocrx_word' id='word_1_347' title='bbox 1978 1932 2240 2001; x_wconf 82' lang='lat' dir='ltr'><strong>templum</strong></span> <span class='ocrx_word' id='word_1_348' title='bbox 2277 1933 2484 2001; x_wconf 91' lang='lat' dir='ltr'><strong>pariter</strong></span> <span class='ocrx_word' id='word_1_349' title='bbox 2523 1933 2915 2003; x_wconf 78' lang='lat' dir='ltr'><strong>ingrediamur,</strong></span> <span class='ocrx_word' id='word_1_350' title='bbox 2967 1945 3082 1988; x_wconf 91' lang='lat' dir='ltr'><strong>tum</strong></span> <span class='ocrx_word' id='word_1_351' title='bbox 3140 1935 3233 2003; x_wconf 90' lang='lat' dir='ltr'><strong>qui</strong></span> <span class='ocrx_word' id='word_1_352' title='bbox 3289 1932 3549 2002; x_wconf 67' lang='lat' dir='ltr'><strong>praecedi-</strong></span> 
     </span>
    </p>
   </div>
   <div class='ocr_carea' id='block_1_49' title="bbox 1981 2022 3550 2093">
    <p class='ocr_par' dir='ltr' id='par_1_49' title="bbox 1981 2022 3550 2093">
     <span class='ocr_line' id='line_1_49' title="bbox 1981 2022 3550 2093; baseline 0.001 -20"><span class='ocrx_word' id='word_1_353' title='bbox 1981 2034 2127 2087; x_wconf 87' lang='lat' dir='ltr'><strong>mus,</strong></span> <span class='ocrx_word' id='word_1_354' title='bbox 2159 2029 2277 2074; x_wconf 88' lang='lat' dir='ltr'><strong>tum</strong></span> <span class='ocrx_word' id='word_1_355' title='bbox 2309 2022 2403 2090; x_wconf 89' lang='lat' dir='ltr'><strong>qui</strong></span> <span class='ocrx_word' id='word_1_356' title='bbox 2430 2024 2751 2092; x_wconf 87' lang='lat' dir='ltr'><strong>sequimur:</strong></span> <span class='ocrx_word' id='word_1_357' title='bbox 2783 2025 2876 2093; x_wconf 87' lang='lat' dir='ltr'><strong>qui</strong></span> <span class='ocrx_word' id='word_1_358' title='bbox 2920 2024 3310 2093; x_wconf 85' lang='lat' dir='ltr'><strong>praecedimus,</strong></span> <span class='ocrx_word' id='word_1_359' title='bbox 3344 2023 3438 2093; x_wconf 91' lang='lat' dir='ltr'><strong>qui</strong></span> <span class='ocrx_word' id='word_1_360' title='bbox 3464 2023 3550 2076; x_wconf 90' lang='lat' dir='ltr'><strong>ni-</strong></span> 
     </span>
    </p>
   </div>
   <div class='ocr_carea' id='block_1_50' title="bbox 1982 2110 3553 2184">
    <p class='ocr_par' dir='ltr' id='par_1_50' title="bbox 1982 2110 3553 2184">
     <span class='ocr_line' id='line_1_50' title="bbox 1982 2110 3553 2184; baseline 0.004 -21"><span class='ocrx_word' id='word_1_361' title='bbox 1982 2110 2181 2165; x_wconf 89' lang='lat' dir='ltr'><strong>mirum</strong></span> <span class='ocrx_word' id='word_1_362' title='bbox 2206 2111 2342 2165; x_wconf 89' lang='lat' dir='ltr'><strong>hora</strong></span> <span class='ocrx_word' id='word_1_363' title='bbox 2384 2116 2573 2167; x_wconf 87' lang='lat' dir='ltr'><strong>tertia:</strong></span> <span class='ocrx_word' id='word_1_364' title='bbox 2601 2123 2657 2169; x_wconf 88' lang='lat' dir='ltr'><strong>et</strong></span> <span class='ocrx_word' id='word_1_365' title='bbox 2681 2115 2775 2184; x_wconf 87' lang='lat' dir='ltr'><strong>qui</strong></span> <span class='ocrx_word' id='word_1_366' title='bbox 2804 2115 3088 2184; x_wconf 87' lang='lat' dir='ltr'><strong>sequimur</strong></span> <span class='ocrx_word' id='word_1_367' title='bbox 3109 2156 3124 2182; x_wconf 91' lang='lat'><strong>,</strong></span> <span class='ocrx_word' id='word_1_368' title='bbox 3155 2115 3249 2184; x_wconf 91' lang='lat' dir='ltr'><strong>qui</strong></span> <span class='ocrx_word' id='word_1_369' title='bbox 3275 2115 3419 2169; x_wconf 89' lang='lat' dir='ltr'><strong>circa</strong></span> <span class='ocrx_word' id='word_1_370' title='bbox 3453 2130 3553 2169; x_wconf 89' lang='lat' dir='ltr'><strong>un-</strong></span> 
     </span>
    </p>
   </div>
   <div class='ocr_carea' id='block_1_51' title="bbox 1986 2200 3551 2274">
    <p class='ocr_par' dir='ltr' id='par_1_51' title="bbox 1986 2200 3551 2274">
     <span class='ocr_line' id='line_1_51' title="bbox 1986 2200 3551 2274; baseline 0.003 -21"><span class='ocrx_word' id='word_1_371' title='bbox 1986 2200 2299 2254; x_wconf 87' lang='lat' dir='ltr'><strong>decimam:</strong></span> <span class='ocrx_word' id='word_1_372' title='bbox 2358 2202 2474 2270; x_wconf 91' lang='lat' dir='ltr'><strong>qui,</strong></span> <span class='ocrx_word' id='word_1_373' title='bbox 2521 2204 2770 2272; x_wconf 90' lang='lat' dir='ltr'><strong>inquam,</strong></span> <span class='ocrx_word' id='word_1_374' title='bbox 2827 2220 2926 2274; x_wconf 91' lang='lat' dir='ltr'><strong>per</strong></span> <span class='ocrx_word' id='word_1_375' title='bbox 2980 2213 3099 2258; x_wconf 83' lang='lat' dir='ltr'><strong>acta</strong></span> <span class='ocrx_word' id='word_1_376' title='bbox 3154 2203 3551 2274; x_wconf 61' lang='lat' dir='ltr'><strong>praecedimus;</strong></span> 
     </span>
    </p>
   </div>
   <div class='ocr_carea' id='block_1_52' title="bbox 1987 2290 3555 2365">
    <p class='ocr_par' dir='ltr' id='par_1_52' title="bbox 1987 2290 3555 2365">
     <span class='ocr_line' id='line_1_52' title="bbox 1987 2290 3555 2365; baseline 0.004 -22"><span class='ocrx_word' id='word_1_377' title='bbox 1987 2290 2192 2359; x_wconf 88' lang='lat' dir='ltr'><strong>quique</strong></span> <span class='ocrx_word' id='word_1_378' title='bbox 2242 2294 2529 2362; x_wconf 90' lang='lat' dir='ltr'><strong>sequimur</strong></span> <span class='ocrx_word' id='word_1_379' title='bbox 2578 2309 2676 2363; x_wconf 90' lang='lat' dir='ltr'><strong>per</strong></span> <span class='ocrx_word' id='word_1_380' title='bbox 2717 2296 3055 2365; x_wconf 90' lang='lat' dir='ltr'><strong>propositum</strong></span> <span class='ocrx_word' id='word_1_381' title='bbox 3116 2296 3320 2362; x_wconf 88' lang='lat' dir='ltr'><strong>animi;</strong></span> <span class='ocrx_word' id='word_1_382' title='bbox 3364 2311 3555 2350; x_wconf 85' lang='lat' dir='ltr'><strong>omnes</strong></span> 
     </span>
    </p>
   </div>
   <div class='ocr_carea' id='block_1_53' title="bbox 1986 2378 3556 2457">
    <p class='ocr_par' dir='ltr' id='par_1_53' title="bbox 1986 2378 3556 2457">
     <span class='ocr_line' id='line_1_53' title="bbox 1986 2378 3556 2457; baseline 0.004 -24"><span class='ocrx_word' id='word_1_383' title='bbox 1986 2378 2226 2448; x_wconf 82' lang='lat' dir='ltr'><strong>Christo,</strong></span> <span class='ocrx_word' id='word_1_384' title='bbox 2250 2383 2301 2438; x_wconf 91' lang='lat' dir='ltr'><strong>ei</strong></span> <span class='ocrx_word' id='word_1_385' title='bbox 2332 2399 2478 2440; x_wconf 90' lang='lat' dir='ltr'><strong>nunc</strong></span> <span class='ocrx_word' id='word_1_386' title='bbox 2499 2400 2561 2440; x_wconf 89' lang='lat' dir='ltr'><strong>ac</strong></span> <span class='ocrx_word' id='word_1_387' title='bbox 2579 2386 2709 2439; x_wconf 90' lang='lat' dir='ltr'><strong>olim</strong></span> <span class='ocrx_word' id='word_1_388' title='bbox 2751 2389 2998 2451; x_wconf 88' lang='lat' dir='ltr'><strong>comites,</strong></span> <span class='ocrx_word' id='word_1_389' title='bbox 3024 2403 3147 2443; x_wconf 92' lang='lat' dir='ltr'><strong>cum</strong></span> <span class='ocrx_word' id='word_1_390' title='bbox 3176 2387 3294 2457; x_wconf 81' lang='lat' dir='ltr'><strong>ipso</strong></span> <span class='ocrx_word' id='word_1_391' title='bbox 3324 2402 3556 2457; x_wconf 76' lang='lat' dir='ltr'><strong>regnan-</strong></span> 
     </span>
    </p>
   </div>
   <div class='ocr_carea' id='block_1_54' title="bbox 1988 2476 3555 2546">
    <p class='ocr_par' dir='ltr' id='par_1_54' title="bbox 1988 2476 3555 2546">
     <span class='ocr_line' id='line_1_54' title="bbox 1988 2476 3555 2546; baseline 0.001 -19"><span class='ocrx_word' id='word_1_392' title='bbox 1988 2482 2109 2538; x_wconf 87' lang='lat' dir='ltr'><strong>tes,</strong></span> <span class='ocrx_word' id='word_1_393' title='bbox 2158 2488 2222 2529; x_wconf 86' lang='lat' dir='ltr'><strong>ac</strong></span> <span class='ocrx_word' id='word_1_394' title='bbox 2276 2476 2628 2544; x_wconf 87' lang='lat' dir='ltr'><strong>sempiternis</strong></span> <span class='ocrx_word' id='word_1_395' title='bbox 2673 2477 2834 2531; x_wconf 89' lang='lat' dir='ltr'><strong>bonis</strong></span> <span class='ocrx_word' id='word_1_396' title='bbox 2886 2477 3162 2545; x_wconf 60' lang='lat' dir='ltr'><strong>fruentes,</strong></span> <span class='ocrx_word' id='word_1_397' title='bbox 3212 2476 3441 2546; x_wconf 76' lang='lat' dir='ltr'><strong>gloriam</strong></span> <span class='ocrx_word' id='word_1_398' title='bbox 3491 2490 3555 2528; x_wconf 88' lang='lat' dir='ltr'><strong>ac</strong></span> 
     </span>
    </p>
   </div>
   <div class='ocr_carea' id='block_1_55' title="bbox 1988 2563 3555 2632">
    <p class='ocr_par' dir='ltr' id='par_1_55' title="bbox 1988 2563 3555 2632">
     <span class='ocr_line' id='line_1_55' title="bbox 1988 2563 3555 2632; baseline 0.002 -18"><span class='ocrx_word' id='word_1_399' title='bbox 1988 2563 2448 2632; x_wconf 84' lang='lat' dir='ltr'><strong>magniﬁcentiam</strong></span> <span class='ocrx_word' id='word_1_400' title='bbox 2503 2566 2930 2632; x_wconf 86' lang='lat' dir='ltr'><strong>submittamus,</strong></span> <span class='ocrx_word' id='word_1_401' title='bbox 2994 2582 3103 2621; x_wconf 88' lang='lat' dir='ltr'><strong>una</strong></span> <span class='ocrx_word' id='word_1_402' title='bbox 3169 2580 3293 2621; x_wconf 92' lang='lat' dir='ltr'><strong>cum</strong></span> <span class='ocrx_word' id='word_1_403' title='bbox 3369 2565 3555 2627; x_wconf 78' lang='lat' dir='ltr'><strong>Patre,</strong></span> 
     </span>
    </p>
   </div>
   <div class='ocr_carea' id='block_1_56' title="bbox 1989 2654 3554 2725">
    <p class='ocr_par' dir='ltr' id='par_1_56' title="bbox 1989 2654 3554 2725">
     <span class='ocr_line' id='line_1_56' title="bbox 1989 2654 3554 2725; baseline 0.001 -20"><span class='ocrx_word' id='word_1_404' title='bbox 1989 2654 2446 2725; x_wconf 80' lang='lat' dir='ltr'><strong>sanctissimeque</strong></span> <span class='ocrx_word' id='word_1_405' title='bbox 2475 2671 2538 2711; x_wconf 90' lang='lat' dir='ltr'><strong>ac</strong></span> <span class='ocrx_word' id='word_1_406' title='bbox 2560 2657 2780 2711; x_wconf 81' lang='lat' dir='ltr'><strong>viviﬁco</strong></span> <span class='ocrx_word' id='word_1_407' title='bbox 2804 2656 3042 2725; x_wconf 84' lang='lat' dir='ltr'><strong>Spiritu,</strong></span> <span class='ocrx_word' id='word_1_408' title='bbox 3065 2670 3214 2710; x_wconf 87' lang='lat' dir='ltr'><strong>nunc</strong></span> <span class='ocrx_word' id='word_1_409' title='bbox 3240 2662 3295 2710; x_wconf 92' lang='lat' dir='ltr'><strong>et</strong></span> <span class='ocrx_word' id='word_1_410' title='bbox 3317 2667 3554 2724; x_wconf 83' lang='lat' dir='ltr'><strong>semper,</strong></span> 
     </span>
    </p>
   </div>
   <div class='ocr_carea' id='block_1_57' title="bbox 1989 2744 2946 2803">
    <p class='ocr_par' dir='ltr' id='par_1_57' title="bbox 1989 2744 2946 2803">
     <span class='ocr_line' id='line_1_57' title="bbox 1989 2744 2946 2803; baseline 0.004 -6"><span class='ocrx_word' id='word_1_411' title='bbox 1989 2752 2047 2798; x_wconf 89' lang='lat' dir='ltr'><strong>et</strong></span> <span class='ocrx_word' id='word_1_412' title='bbox 2075 2744 2128 2798; x_wconf 90' lang='lat' dir='ltr'><strong>in</strong></span> <span class='ocrx_word' id='word_1_413' title='bbox 2154 2747 2349 2801; x_wconf 80' lang='lat' dir='ltr'><strong>saecula</strong></span> <span class='ocrx_word' id='word_1_414' title='bbox 2375 2749 2720 2802; x_wconf 72' lang='lat' dir='ltr'><strong>saeculorum.</strong></span> <span class='ocrx_word' id='word_1_415' title='bbox 2753 2750 2946 2803; x_wconf 89' lang='lat' dir='ltr'><strong>Amen.</strong></span> 
     </span>
    </p>
   </div>
   <div class='ocr_carea' id='block_1_58' title="bbox 1593 3063 2278 3122">
    <p class='ocr_par' dir='ltr' id='par_1_58' title="bbox 1593 3063 2278 3122">
     <span class='ocr_line' id='line_1_58' title="bbox 1593 3063 2278 3122; baseline 0.007 -6"><span class='ocrx_word' id='word_1_416' title='bbox 1593 3063 1829 3119; x_wconf 64' lang='grc' dir='ltr'><strong>νΑῐὶΙᾸαέ</strong></span> <span class='ocrx_word' id='word_1_417' title='bbox 1868 3063 2159 3121; x_wconf 75' lang='lat' dir='ltr'><strong>LECTION</strong></span> <span class='ocrx_word' id='word_1_418' title='bbox 2172 3066 2278 3122; x_wconf 83' lang='lat' dir='ltr'><strong>ES.</strong></span> 
     </span>
    </p>
   </div>
   <div class='ocr_carea' id='block_1_59' title="bbox 400 3132 1237 3208">
    <p class='ocr_par' dir='ltr' id='par_1_59' title="bbox 400 3132 1237 3208">
     <span class='ocr_line' id='line_1_59' title="bbox 400 3132 1237 3208; baseline 0.004 -20"><span class='ocrx_word' id='word_1_419' title='bbox 400 3132 428 3172; x_wconf 69' lang='grc' dir='ltr'><strong><em>ἀ</em></strong></span> <span class='ocrx_word' id='word_1_420' title='bbox 459 3134 696 3207; x_wconf 83' lang='grc' dir='ltr'>Χριστῷ.</span> <span class='ocrx_word' id='word_1_421' title='bbox 726 3136 856 3206; x_wconf 80' lang='lat' dir='ltr'><strong>Leg.</strong></span> <span class='ocrx_word' id='word_1_422' title='bbox 887 3135 966 3207; x_wconf 83' lang='grc' dir='ltr'>τῷ</span> <span class='ocrx_word' id='word_1_423' title='bbox 993 3135 1237 3208; x_wconf 82' lang='grc' dir='ltr'>Χριστῷ.</span> 
     </span>
    </p>
   </div>
   <div class='ocr_carea' id='block_1_60' title="bbox 333 3322 3542 3368">
    <p class='ocr_par' dir='ltr' id='par_1_60' title="bbox 333 3333 3541 3368">
     <span class='ocr_line' id='line_1_60' title="bbox 333 3333 3541 3368; baseline -0.006 0"><span class='ocrx_word' id='word_1_424' title='bbox 333 3333 682 3368; x_wconf 58' lang='lat' dir='ltr'><strong>m—</strong></span> <span class='ocrx_word' id='word_1_425' title='bbox 697 3341 3541 3361; x_wconf 44' lang='lat' dir='ltr'><strong>Wﬁw</strong></span> 
     </span>
    </p>
   </div>
   <div class='ocr_carea' id='block_1_61' title="bbox 580 3349 682 3360">
    <p class='ocr_par' dir='ltr' id='par_1_61' title="bbox 580 3349 682 3360">
     <span class='ocr_line' id='line_1_61' title="bbox 580 3349 682 3360; baseline 0 -1"><span class='ocrx_word' id='word_1_426' title='bbox 580 3349 682 3360; x_wconf 62' lang='lat'><strong>4——</strong></span> 
     </span>
    </p>
   </div>
   <div class='ocr_carea' id='block_1_62' title="bbox 2382 3348 2521 3357">
    <p class='ocr_par' dir='ltr' id='par_1_62' title="bbox 2382 3348 2521 3357">
     <span class='ocr_line' id='line_1_62' title="bbox 2382 3348 2521 3357; baseline -0.007 0"><span class='ocrx_word' id='word_1_427' title='bbox 2382 3348 2521 3357; x_wconf 57' lang='grc' dir='ltr'><strong>-ο--ι</strong></span> 
     </span>
    </p>
   </div>
   <div class='ocr_carea' id='block_1_63' title="bbox 720 3418 3194 3613">
    <p class='ocr_par' dir='ltr' id='par_1_63' title="bbox 720 3418 3194 3613">
     <span class='ocr_line' id='line_1_63' title="bbox 720 3418 3194 3613; baseline -0.005 -5"><span class='ocrx_word' id='word_1_428' title='bbox 720 3495 1018 3611; x_wconf 83' lang='grc' dir='ltr'><strong>ΤΟΥ</strong></span> <span class='ocrx_word' id='word_1_429' title='bbox 1126 3490 2322 3613; x_wconf 84' lang='grc' dir='ltr'><strong>ΜΑΚΑΡΙΩΤΑΤΟΥ</strong></span> <span class='ocrx_word' id='word_1_430' title='bbox 2426 3418 3194 3602; x_wconf 72' lang='grc' dir='ltr'><strong>ΕΥΛΟΓΙΟῨ</strong></span> 
     </span>
    </p>
   </div>
   <div class='ocr_carea' id='block_1_64' title="bbox 1553 3700 2361 3763">
    <p class='ocr_par' dir='ltr' id='par_1_64' title="bbox 1553 3700 2361 3763">
     <span class='ocr_line' id='line_1_64' title="bbox 1553 3700 2361 3763; baseline -0.006 0"><span class='ocrx_word' id='word_1_431' title='bbox 1553 3709 1755 3763; x_wconf 80' lang='grc' dir='ltr'><strong>ΠΑΠΑ</strong></span> <span class='ocrx_word' id='word_1_432' title='bbox 1794 3700 2129 3762; x_wconf 81' lang='grc' dir='ltr'><strong>ΑΛΕΞΑΝΔ</strong></span> <span class='ocrx_word' id='word_1_433' title='bbox 2137 3702 2361 3758; x_wconf 79' lang='grc' dir='ltr'><strong>ΡΕΙΑΣ</strong></span> 
     </span>
    </p>
   </div>
   <div class='ocr_carea' id='block_1_65' title="bbox 1480 3863 2418 3951">
    <p class='ocr_par' dir='ltr' id='par_1_65' title="bbox 1480 3863 2418 3951">
     <span class='ocr_line' id='line_1_65' title="bbox 1480 3863 2418 3951; baseline -0.007 1"><span class='ocrx_word' id='word_1_434' title='bbox 1480 3864 2047 3951; x_wconf 87' lang='grc' dir='ltr'><strong>ΚΕΦΑΛΑΙΑ</strong></span> <span class='ocrx_word' id='word_1_435' title='bbox 2118 3863 2418 3948; x_wconf 88' lang='grc' dir='ltr'>ΕΠΤΑ</span> 
     </span>
    </p>
   </div>
   <div class='ocr_carea' id='block_1_66' title="bbox 478 4029 3422 4115">
    <p class='ocr_par' dir='ltr' id='par_1_66' title="bbox 478 4029 3422 4115">
     <span class='ocr_line' id='line_1_66' title="bbox 478 4029 3422 4115; baseline -0.007 -12"><span class='ocrx_word' id='word_1_436' title='bbox 478 4048 632 4104; x_wconf 83' lang='grc' dir='ltr'><strong>ΠΕΡΙ</strong></span> <span class='ocrx_word' id='word_1_437' title='bbox 661 4044 798 4104; x_wconf 83' lang='grc' dir='ltr'><strong>ΤΩΝ</strong></span> <span class='ocrx_word' id='word_1_438' title='bbox 826 4049 958 4104; x_wconf 88' lang='grc' dir='ltr'><strong>ΔΥΟ</strong></span> <span class='ocrx_word' id='word_1_439' title='bbox 988 4048 1254 4105; x_wconf 79' lang='grc' dir='ltr'><strong>ΦΥΣΕΩΝ</strong></span> <span class='ocrx_word' id='word_1_440' title='bbox 1283 4049 1420 4104; x_wconf 89' lang='grc' dir='ltr'><strong>ΤΟΥ</strong></span> <span class='ocrx_word' id='word_1_441' title='bbox 1461 4047 1724 4103; x_wconf 78' lang='grc' dir='ltr'>ΚΥΡΙΟΥ</span> <span class='ocrx_word' id='word_1_442' title='bbox 1757 4047 1881 4101; x_wconf 83' lang='grc' dir='ltr'><strong>ΚΑΙ</strong></span> <span class='ocrx_word' id='word_1_443' title='bbox 1917 4043 2100 4100; x_wconf 84' lang='grc' dir='ltr'>ΘΕΟΥ</span> <span class='ocrx_word' id='word_1_444' title='bbox 2146 4045 2268 4098; x_wconf 80' lang='grc' dir='ltr'><strong>ΚΑΙ</strong></span> <span class='ocrx_word' id='word_1_445' title='bbox 2303 4040 2615 4096; x_wconf 81' lang='grc' dir='ltr'><strong>ΣΩΤΗΡΟΣ</strong></span> <span class='ocrx_word' id='word_1_446' title='bbox 2648 4038 2846 4096; x_wconf 82' lang='grc' dir='ltr'><strong>ΗΜΩΝ</strong></span> <span class='ocrx_word' id='word_1_447' title='bbox 2877 4034 3083 4091; x_wconf 85' lang='grc' dir='ltr'>ΙΗΣΟΥ</span> <span class='ocrx_word' id='word_1_448' title='bbox 3105 4029 3422 4115; x_wconf 62' lang='grc' dir='ltr'><strong>ΧΡΙΣΤΟΥ.</strong></span> 
     </span>
    </p>
   </div>
   <div class='ocr_carea' id='block_1_67' title="bbox 1211 4379 2708 4498">
    <p class='ocr_par' dir='ltr' id='par_1_67' title="bbox 1211 4379 2708 4498">
     <span class='ocr_line' id='line_1_67' title="bbox 1211 4379 2708 4498; baseline -0.005 -3"><span class='ocrx_word' id='word_1_449' title='bbox 1211 4382 2013 4498; x_wconf 89' lang='lat' dir='ltr'><strong>BEATISSIMI</strong></span> <span class='ocrx_word' id='word_1_450' title='bbox 2128 4379 2708 4495; x_wconf 82' lang='lat' dir='ltr'><strong>EULOGII</strong></span> 
     </span>
    </p>
   </div>
   <div class='ocr_carea' id='block_1_68' title="bbox 1597 4598 2323 4657">
    <p class='ocr_par' dir='ltr' id='par_1_68' title="bbox 1597 4598 2323 4657">
     <span class='ocr_line' id='line_1_68' title="bbox 1597 4598 2323 4657; baseline -0.006 0"><span class='ocrx_word' id='word_1_451' title='bbox 1597 4600 1808 4657; x_wconf 72' lang='grc' dir='ltr'><strong>ΡΑΡΑΞ</strong></span> <span class='ocrx_word' id='word_1_452' title='bbox 1839 4598 2323 4656; x_wconf 81' lang='lat' dir='ltr'><strong>ALEXANDRINI</strong></span> 
     </span>
    </p>
   </div>
   <div class='ocr_carea' id='block_1_69' title="bbox 1187 4768 2467 4889">
    <p class='ocr_par' dir='ltr' id='par_1_69' title="bbox 1187 4768 2467 4889">
     <span class='ocr_line' id='line_1_69' title="bbox 1187 4768 2467 4889; baseline -0.01 0"><span class='ocrx_word' id='word_1_453' title='bbox 1187 4768 1193 4773; x_wconf 82' lang='grc'><em>’</em></span> <span class='ocrx_word' id='word_1_454' title='bbox 1373 4796 1787 4889; x_wconf 82' lang='lat' dir='ltr'><strong>CAPITA</strong></span> <span class='ocrx_word' id='word_1_455' title='bbox 1823 4774 1942 4857; x_wconf 72' lang='grc'><strong>(1⁵)</strong></span> <span class='ocrx_word' id='word_1_456' title='bbox 2011 4770 2467 4882; x_wconf 79' lang='lat' dir='ltr'><strong>SEPTEM</strong></span> 
     </span>
    </p>
   </div>
   <div class='ocr_carea' id='block_1_70' title="bbox 451 4976 3472 5059">
    <p class='ocr_par' dir='ltr' id='par_1_70' title="bbox 451 4976 3472 5059">
     <span class='ocr_line' id='line_1_70' title="bbox 451 4976 3472 5059; baseline -0.005 -7"><span class='ocrx_word' id='word_1_457' title='bbox 451 4992 546 5053; x_wconf 89' lang='lat' dir='ltr'><strong>DE</strong></span> <span class='ocrx_word' id='word_1_458' title='bbox 589 4989 886 5051; x_wconf 84' lang='lat' dir='ltr'><strong>DUABUS</strong></span> <span class='ocrx_word' id='word_1_459' title='bbox 934 4986 1263 5051; x_wconf 80' lang='lat' dir='ltr'><strong>NATURIS</strong></span> <span class='ocrx_word' id='word_1_460' title='bbox 1303 4986 1570 5049; x_wconf 79' lang='lat' dir='ltr'><strong>DOMINI</strong></span> <span class='ocrx_word' id='word_1_461' title='bbox 1609 4985 1887 5059; x_wconf 86' lang='lat' dir='ltr'><strong>DEIQUE</strong></span> <span class='ocrx_word' id='word_1_462' title='bbox 1940 4986 2029 5046; x_wconf 87' lang='lat' dir='ltr'><strong>AC</strong></span> <span class='ocrx_word' id='word_1_463' title='bbox 2070 4981 2541 5045; x_wconf 77' lang='lat' dir='ltr'><strong>SALVATORIS</strong></span> <span class='ocrx_word' id='word_1_464' title='bbox 2595 4977 2872 5042; x_wconf 85' lang='lat' dir='ltr'><strong>NOSTRI</strong></span> <span class='ocrx_word' id='word_1_465' title='bbox 2923 4977 3102 5040; x_wconf 82' lang='lat' dir='ltr'><strong>JESU</strong></span> <span class='ocrx_word' id='word_1_466' title='bbox 3150 4976 3472 5040; x_wconf 82' lang='lat' dir='ltr'><strong>CHRISTI.</strong></span> 
     </span>
    </p>
   </div>
   <div class='ocr_carea' id='block_1_71' title="bbox 1520 5145 2449 5213">
    <p class='ocr_par' dir='ltr' id='par_1_71' title="bbox 1520 5145 2449 5213">
     <span class='ocr_line' id='line_1_71' title="bbox 1520 5145 2449 5213; baseline -0.006 -16"><span class='ocrx_word' id='word_1_467' title='bbox 1520 5147 1791 5211; x_wconf 84' lang='lat' dir='ltr'><strong>Inlerprete</strong></span> <span class='ocrx_word' id='word_1_468' title='bbox 1813 5146 2083 5197; x_wconf 71' lang='lat' dir='ltr'><strong>FRANCISCO</strong></span> <span class='ocrx_word' id='word_1_469' title='bbox 2115 5145 2414 5197; x_wconf 73' lang='lat' dir='ltr'><strong>Counmsuo.</strong></span> <span class='ocrx_word' id='word_1_470' title='bbox 2444 5208 2449 5213; x_wconf 15' lang='lat'><strong>0</strong></span> 
     </span>
    </p>
   </div>
   <div class='ocr_carea' id='block_1_72' title="bbox 405 5396 3641 5494">
    <p class='ocr_par' dir='ltr' id='par_1_72' title="bbox 405 5396 3641 5494">
     <span class='ocr_line' id='line_1_72' title="bbox 405 5396 3641 5494; baseline -0.004 -17"><span class='ocrx_word' id='word_1_471' title='bbox 405 5419 494 5477; x_wconf 78' lang='lat' dir='ltr'><strong>A&quot;.</strong></span> <span class='ocrx_word' id='word_1_472' title='bbox 516 5424 577 5476; x_wconf 81' lang='grc' dir='ltr'>Εἰ</span> <span class='ocrx_word' id='word_1_473' title='bbox 600 5426 728 5494; x_wconf 83' lang='grc' dir='ltr'>μιᾶς</span> <span class='ocrx_word' id='word_1_474' title='bbox 744 5424 955 5494; x_wconf 84' lang='grc' dir='ltr'>φύσεως</span> <span class='ocrx_word' id='word_1_475' title='bbox 975 5422 1113 5491; x_wconf 80' lang='grc' dir='ltr'>μετὰ</span> <span class='ocrx_word' id='word_1_476' title='bbox 1141 5420 1241 5491; x_wconf 88' lang='grc' dir='ltr'>τὴν</span> <span class='ocrx_word' id='word_1_477' title='bbox 1260 5422 1450 5475; x_wconf 74' lang='grc' dir='ltr'>ἕνωσιν</span> <span class='ocrx_word' id='word_1_478' title='bbox 1475 5420 1720 5491; x_wconf 79' lang='grc' dir='ltr'>ὁΚὺριος</span> <span class='ocrx_word' id='word_1_479' title='bbox 1748 5420 1902 5490; x_wconf 81' lang='grc' dir='ltr'>ἡμῶν</span> <span class='ocrx_word' id='word_1_480' title='bbox 1931 5426 1978 5487; x_wconf 82' lang='lat' dir='ltr'>c</span> <span class='ocrx_word' id='word_1_481' title='bbox 2074 5420 2115 5475; x_wconf 86' lang='grc' dir='ltr'>Ι.</span> <span class='ocrx_word' id='word_1_482' title='bbox 2162 5420 2217 5475; x_wconf 90' lang='lat' dir='ltr'><strong>Si</strong></span> <span class='ocrx_word' id='word_1_483' title='bbox 2243 5420 2408 5475; x_wconf 88' lang='lat' dir='ltr'><strong>unius</strong></span> <span class='ocrx_word' id='word_1_484' title='bbox 2438 5428 2649 5475; x_wconf 74' lang='lat' dir='ltr'><strong>natura:</strong></span> <span class='ocrx_word' id='word_1_485' title='bbox 2683 5427 2807 5491; x_wconf 91' lang='lat' dir='ltr'><strong>post</strong></span> <span class='ocrx_word' id='word_1_486' title='bbox 2868 5418 3130 5472; x_wconf 87' lang='lat' dir='ltr'><strong>unionem</strong></span> <span class='ocrx_word' id='word_1_487' title='bbox 3180 5423 3265 5470; x_wconf 79' lang='lat' dir='ltr'><strong>est</strong></span> <span class='ocrx_word' id='word_1_488' title='bbox 3316 5410 3582 5468; x_wconf 88' lang='lat' dir='ltr'><strong>Dominus</strong></span> <span class='ocrx_word' id='word_1_489' title='bbox 3640 5396 3641 5399; x_wconf 27' lang='grc'><em>“</em></span> 
     </span>
    </p>
   </div>
   <div class='ocr_carea' id='block_1_73' title="bbox 335 5511 1902 5585">
    <p class='ocr_par' dir='ltr' id='par_1_73' title="bbox 335 5511 1902 5585">
     <span class='ocr_line' id='line_1_73' title="bbox 335 5511 1902 5585; baseline -0.004 -16"><span class='ocrx_word' id='word_1_490' title='bbox 335 5512 564 5583; x_wconf 78' lang='grc' dir='ltr'>Ἰησοῦς</span> <span class='ocrx_word' id='word_1_491' title='bbox 589 5514 824 5585; x_wconf 85' lang='grc' dir='ltr'>Χριστός</span> <span class='ocrx_word' id='word_1_492' title='bbox 859 5517 1025 5580; x_wconf 77' lang='grc' dir='ltr'>ἐστιν,</span> <span class='ocrx_word' id='word_1_493' title='bbox 1059 5513 1199 5579; x_wconf 72' lang='grc' dir='ltr'>εἰπὲ,</span> <span class='ocrx_word' id='word_1_494' title='bbox 1238 5511 1432 5579; x_wconf 76' lang='grc' dir='ltr'>ποιας;</span> <span class='ocrx_word' id='word_1_495' title='bbox 1478 5512 1577 5580; x_wconf 82' lang='grc' dir='ltr'>τῆς</span> <span class='ocrx_word' id='word_1_496' title='bbox 1607 5511 1902 5582; x_wconf 76' lang='grc' dir='ltr'>λαϐούσης,</span> 
     </span>
    </p>
   </div>
   <div class='ocr_carea' id='block_1_74' title="bbox 2010 5504 3583 5582">
    <p class='ocr_par' dir='ltr' id='par_1_74' title="bbox 2010 5504 3583 5582">
     <span class='ocr_line' id='line_1_74' title="bbox 2010 5504 3583 5582; baseline -0.008 -14"><span class='ocrx_word' id='word_1_497' title='bbox 2010 5522 2199 5569; x_wconf 86' lang='lat' dir='ltr'><strong>noster</strong></span> <span class='ocrx_word' id='word_1_498' title='bbox 2228 5514 2388 5569; x_wconf 84' lang='lat' dir='ltr'><strong>Jesus</strong></span> <span class='ocrx_word' id='word_1_499' title='bbox 2414 5512 2669 5568; x_wconf 81' lang='lat' dir='ltr'><strong>Christus</strong></span> <span class='ocrx_word' id='word_1_500' title='bbox 2689 5552 2705 5580; x_wconf 94' lang='lat'><strong>,</strong></span> <span class='ocrx_word' id='word_1_501' title='bbox 2764 5526 2917 5582; x_wconf 77' lang='lat' dir='ltr'><strong>rogo,</strong></span> <span class='ocrx_word' id='word_1_502' title='bbox 2950 5505 3274 5579; x_wconf 85' lang='lat' dir='ltr'><strong>cujusnam?</strong></span> <span class='ocrx_word' id='word_1_503' title='bbox 3314 5504 3434 5575; x_wconf 83' lang='lat' dir='ltr'><strong>ejus</strong></span> <span class='ocrx_word' id='word_1_504' title='bbox 3461 5517 3583 5572; x_wconf 85' lang='lat' dir='ltr'><strong>quae</strong></span> 
     </span>
    </p>
   </div>
   <div class='ocr_carea' id='block_1_75' title="bbox 411 5630 3580 5729">
    <p class='ocr_par' dir='ltr' id='par_1_75' title="bbox 411 5630 3580 5729">
     <span class='ocr_line' id='line_1_75' title="bbox 411 5630 3580 5729; baseline -0.001 -18"><span class='ocrx_word' id='word_1_505' title='bbox 411 5652 532 5723; x_wconf 84' lang='lat' dir='ltr'><strong>(l5)</strong></span> <span class='ocrx_word' id='word_1_506' title='bbox 566 5655 795 5729; x_wconf 76' lang='lat' dir='ltr'><strong>Exstant</strong></span> <span class='ocrx_word' id='word_1_507' title='bbox 840 5656 979 5729; x_wconf 66' lang='lat' dir='ltr'><strong>haec</strong></span> <span class='ocrx_word' id='word_1_508' title='bbox 1005 5660 1210 5729; x_wconf 76' lang='lat' dir='ltr'><strong>septem</strong></span> <span class='ocrx_word' id='word_1_509' title='bbox 1264 5652 1455 5729; x_wconf 63' lang='lat' dir='ltr'><strong>Capita</strong></span> <span class='ocrx_word' id='word_1_510' title='bbox 1490 5630 1665 5729; x_wconf 70' lang='lat' dir='ltr'><strong>sancti</strong></span> <span class='ocrx_word' id='word_1_511' title='bbox 1698 5656 1909 5727; x_wconf 80' lang='lat' dir='ltr'><strong>Eulogii</strong></span> <span class='ocrx_word' id='word_1_512' title='bbox 1946 5659 2091 5715; x_wconf 85' lang='lat' dir='ltr'><strong>inter</strong></span> <span class='ocrx_word' id='word_1_513' title='bbox 2108 5658 2371 5729; x_wconf 85' lang='lat' dir='ltr'><strong>opuscula</strong></span> <span class='ocrx_word' id='word_1_514' title='bbox 2415 5657 2717 5727; x_wconf 80' lang='lat' dir='ltr'><strong>theologica</strong></span> <span class='ocrx_word' id='word_1_515' title='bbox 2756 5654 2930 5712; x_wconf 86' lang='lat' dir='ltr'><strong>sancti</strong></span> <span class='ocrx_word' id='word_1_516' title='bbox 2968 5650 3183 5709; x_wconf 76' lang='lat' dir='ltr'><strong>Maximi</strong></span> <span class='ocrx_word' id='word_1_517' title='bbox 3225 5644 3580 5709; x_wconf 70' lang='lat' dir='ltr'><strong>confessoris.</strong></span> 
     </span>
    </p>
   </div>
   <div class='ocr_carea' id='block_1_76' title="bbox 317 5723 1799 5795">
    <p class='ocr_par' dir='ltr' id='par_1_76' title="bbox 317 5723 1799 5795">
     <span class='ocr_line' id='line_1_76' title="bbox 317 5723 1799 5795; baseline 0.004 -20"><span class='ocrx_word' id='word_1_518' title='bbox 317 5726 486 5795; x_wconf 76' lang='lat' dir='ltr'><strong>Opp.</strong></span> <span class='ocrx_word' id='word_1_519' title='bbox 515 5731 647 5778; x_wconf 92' lang='lat' dir='ltr'><strong>tom.</strong></span> <span class='ocrx_word' id='word_1_520' title='bbox 675 5725 738 5789; x_wconf 92' lang='lat' dir='ltr'><strong>ll,</strong></span> <span class='ocrx_word' id='word_1_521' title='bbox 776 5742 931 5795; x_wconf 68' lang='lat' dir='ltr'><strong>pagg.</strong></span> <span class='ocrx_word' id='word_1_522' title='bbox 966 5723 1191 5793; x_wconf 51' lang='lat' dir='ltr'><strong>llﬁ&#39;scq.</strong></span> <span class='ocrx_word' id='word_1_523' title='bbox 1213 5724 1346 5779; x_wconf 83' lang='lat' dir='ltr'><strong>edit.</strong></span> <span class='ocrx_word' id='word_1_524' title='bbox 1370 5723 1799 5781; x_wconf 65' lang='lat' dir='ltr'><strong>Combt-ﬁsianw.</strong></span> 
     </span>
    </p>
   </div>
  </div>
