  <div class='ocr_page' id='page_1' title='image "/cluster/home/n/w/nwhite01/storage/ocr_20150623/86 pt.2/mdp.39015008855424/597.png"; bbox 0 0 4114 6296; ppageno 0'>
   <div class='ocr_carea' id='block_1_1' title="bbox 532 412 675 477">
    <p class='ocr_par' dir='ltr' id='par_1_1' title="bbox 532 412 675 477">
     <span class='ocr_line' id='line_1_1' title="bbox 532 412 675 477; baseline -0.007 0"><span class='ocrx_word' id='word_1_1' title='bbox 532 412 675 477; x_wconf 72' lang='lat'><strong>£939</strong></span> 
     </span>
    </p>
   </div>
   <div class='ocr_carea' id='block_1_2' title="bbox 1547 418 2769 481">
    <p class='ocr_par' dir='ltr' id='par_1_2' title="bbox 1547 418 2769 481">
     <span class='ocr_line' id='line_1_2' title="bbox 1547 418 2769 481; baseline 0 -2"><span class='ocrx_word' id='word_1_2' title='bbox 1547 422 1609 481; x_wconf 87' lang='lat' dir='ltr'><strong>S.</strong></span> <span class='ocrx_word' id='word_1_3' title='bbox 1649 419 1963 479; x_wconf 80' lang='lat' dir='ltr'><strong>EULOGII</strong></span> <span class='ocrx_word' id='word_1_4' title='bbox 2001 418 2352 479; x_wconf 69' lang='lat' dir='ltr'><strong>ARCHIEP.</strong></span> <span class='ocrx_word' id='word_1_5' title='bbox 2394 420 2769 481; x_wconf 73' lang='lat' dir='ltr'><strong>ALEXAND.</strong></span> 
     </span>
    </p>
   </div>
   <div class='ocr_carea' id='block_1_3' title="bbox 530 525 2112 609">
    <p class='ocr_par' dir='ltr' id='par_1_3' title="bbox 530 525 2112 603">
     <span class='ocr_line' id='line_1_3' title="bbox 530 525 2112 603; baseline 0.002 -19"><span class='ocrx_word' id='word_1_6' title='bbox 530 525 849 596; x_wconf 78' lang='lat' dir='ltr'><strong>assumpsit,</strong></span> <span class='ocrx_word' id='word_1_7' title='bbox 883 534 978 581; x_wconf 87' lang='lat' dir='ltr'><strong>aut</strong></span> <span class='ocrx_word' id='word_1_8' title='bbox 1024 543 1145 596; x_wconf 68' lang='lat' dir='ltr'><strong>qum</strong></span> <span class='ocrx_word' id='word_1_9' title='bbox 1199 537 1478 598; x_wconf 82' lang='lat' dir='ltr'><strong>assumpta</strong></span> <span class='ocrx_word' id='word_1_10' title='bbox 1527 534 1652 586; x_wconf 86' lang='lat' dir='ltr'><strong>est?</strong></span> <span class='ocrx_word' id='word_1_11' title='bbox 1697 533 1900 603; x_wconf 70' lang='lat' dir='ltr'><strong>quidve</strong></span> <span class='ocrx_word' id='word_1_12' title='bbox 1944 534 2112 587; x_wconf 91' lang='lat' dir='ltr'><strong>altera</strong></span> 
     </span>
    </p>
   </div>
   <div class='ocr_carea' id='block_1_4' title="bbox 2214 525 3807 609">
    <p class='ocr_par' dir='ltr' id='par_1_4' title="bbox 2221 535 3807 609">
     <span class='ocr_line' id='line_1_4' title="bbox 2221 535 3807 609; baseline 0.005 -22"><span class='ocrx_word' id='word_1_13' title='bbox 2221 536 2253 606; x_wconf 80' lang='grc' dir='ltr'>ἢ</span> <span class='ocrx_word' id='word_1_14' title='bbox 2284 536 2382 605; x_wconf 81' lang='grc' dir='ltr'><strong>τῆς</strong></span> <span class='ocrx_word' id='word_1_15' title='bbox 2411 535 2750 605; x_wconf 77' lang='grc' dir='ltr'><strong>ληφθείσης;</strong></span> <span class='ocrx_word' id='word_1_16' title='bbox 2812 536 2906 590; x_wconf 75' lang='grc' dir='ltr'><strong>καὶ</strong></span> <span class='ocrx_word' id='word_1_17' title='bbox 2963 538 3013 589; x_wconf 83' lang='grc' dir='ltr'>τί</span> <span class='ocrx_word' id='word_1_18' title='bbox 3059 537 3282 605; x_wconf 80' lang='grc' dir='ltr'><strong>γέγονεν</strong></span> <span class='ocrx_word' id='word_1_19' title='bbox 3319 538 3552 609; x_wconf 61' lang='grc' dir='ltr'>ἡὲτέρα</span> <span class='ocrx_word' id='word_1_20' title='bbox 3581 557 3621 604; x_wconf 83' lang='grc'><strong>;.</strong></span> <span class='ocrx_word' id='word_1_21' title='bbox 3650 541 3807 597; x_wconf 66' lang='grc' dir='ltr'><strong>δι’δέ</strong></span> 
     </span>
    </p>
   </div>
   <div class='ocr_carea' id='block_1_5' title="bbox 529 617 2112 695">
    <p class='ocr_par' dir='ltr' id='par_1_5' title="bbox 529 617 2112 695">
     <span class='ocr_line' id='line_1_5' title="bbox 529 617 2112 695; baseline 0.006 -23"><span class='ocrx_word' id='word_1_22' title='bbox 529 619 734 674; x_wconf 80' lang='lat' dir='ltr'><strong>factum</strong></span> <span class='ocrx_word' id='word_1_23' title='bbox 755 617 1001 672; x_wconf 87' lang='lat' dir='ltr'><strong>est?Sin</strong></span> <span class='ocrx_word' id='word_1_24' title='bbox 1044 626 1226 673; x_wconf 87' lang='lat' dir='ltr'><strong>autem</strong></span> <span class='ocrx_word' id='word_1_25' title='bbox 1277 623 1543 678; x_wconf 76' lang='lat' dir='ltr'><strong>exsistant</strong></span> <span class='ocrx_word' id='word_1_26' title='bbox 1584 624 1779 690; x_wconf 59' lang='lat' dir='ltr'><strong>ambae,</strong></span> <span class='ocrx_word' id='word_1_27' title='bbox 1833 625 2112 695; x_wconf 92' lang='lat' dir='ltr'><strong>quomodo</strong></span> 
     </span>
    </p>
   </div>
   <div class='ocr_carea' id='block_1_6' title="bbox 532 708 2112 783">
    <p class='ocr_par' dir='ltr' id='par_1_6' title="bbox 532 708 2112 783">
     <span class='ocr_line' id='line_1_6' title="bbox 532 708 2112 783; baseline 0.003 -19"><span class='ocrx_word' id='word_1_28' title='bbox 532 717 665 764; x_wconf 89' lang='lat' dir='ltr'><strong>sunt</strong></span> <span class='ocrx_word' id='word_1_29' title='bbox 721 724 854 773; x_wconf 88' lang='lat' dir='ltr'><strong>una,</strong></span> <span class='ocrx_word' id='word_1_30' title='bbox 884 708 990 762; x_wconf 90' lang='lat' dir='ltr'><strong>nisi</strong></span> <span class='ocrx_word' id='word_1_31' title='bbox 1023 724 1090 763; x_wconf 77' lang='lat' dir='ltr'><strong>ex</strong></span> <span class='ocrx_word' id='word_1_32' title='bbox 1120 709 1385 764; x_wconf 88' lang='lat' dir='ltr'><strong>ambabus</strong></span> <span class='ocrx_word' id='word_1_33' title='bbox 1438 728 1547 765; x_wconf 90' lang='lat' dir='ltr'><strong>una</strong></span> <span class='ocrx_word' id='word_1_34' title='bbox 1605 714 1908 783; x_wconf 88' lang='lat' dir='ltr'><strong>composita</strong></span> <span class='ocrx_word' id='word_1_35' title='bbox 1970 714 2112 768; x_wconf 85' lang='lat' dir='ltr'><strong>facta</strong></span> 
     </span>
    </p>
   </div>
   <div class='ocr_carea' id='block_1_7' title="bbox 531 800 2112 873">
    <p class='ocr_par' dir='ltr' id='par_1_7' title="bbox 531 800 2112 873">
     <span class='ocr_line' id='line_1_7' title="bbox 531 800 2112 873; baseline -0.001 -15"><span class='ocrx_word' id='word_1_36' title='bbox 531 810 618 858; x_wconf 88' lang='lat' dir='ltr'><strong>est</strong></span> <span class='ocrx_word' id='word_1_37' title='bbox 636 801 662 855; x_wconf 86' lang='lat'><strong>?</strong></span> <span class='ocrx_word' id='word_1_38' title='bbox 688 800 784 856; x_wconf 90' lang='lat' dir='ltr'><strong>Sin</strong></span> <span class='ocrx_word' id='word_1_39' title='bbox 808 808 991 855; x_wconf 89' lang='lat' dir='ltr'><strong>autem</strong></span> <span class='ocrx_word' id='word_1_40' title='bbox 1023 816 1081 854; x_wconf 89' lang='lat' dir='ltr'><strong>se</strong></span> <span class='ocrx_word' id='word_1_41' title='bbox 1121 816 1211 855; x_wconf 91' lang='lat' dir='ltr'><strong>res</strong></span> <span class='ocrx_word' id='word_1_42' title='bbox 1248 802 1326 854; x_wconf 89' lang='lat' dir='ltr'><strong>sic</strong></span> <span class='ocrx_word' id='word_1_43' title='bbox 1352 802 1537 866; x_wconf 80' lang='lat' dir='ltr'><strong>habet,</strong></span> <span class='ocrx_word' id='word_1_44' title='bbox 1580 805 1858 873; x_wconf 86' lang='lat' dir='ltr'><strong>quomodo</strong></span> <span class='ocrx_word' id='word_1_45' title='bbox 1883 821 1995 859; x_wconf 92' lang='lat' dir='ltr'><strong>non</strong></span> <span class='ocrx_word' id='word_1_46' title='bbox 2024 805 2112 859; x_wconf 87' lang='lat' dir='ltr'><strong>di-</strong></span> 
     </span>
    </p>
   </div>
   <div class='ocr_carea' id='block_1_8' title="bbox 531 892 2114 966">
    <p class='ocr_par' dir='ltr' id='par_1_8' title="bbox 531 892 2114 966">
     <span class='ocr_line' id='line_1_8' title="bbox 531 892 2114 966; baseline 0.003 -21"><span class='ocrx_word' id='word_1_47' title='bbox 531 908 707 948; x_wconf 70' lang='lat' dir='ltr'><strong>versae</strong></span> <span class='ocrx_word' id='word_1_48' title='bbox 733 892 1052 947; x_wconf 65' lang='lat' dir='ltr'><strong>substantiae</strong></span> <span class='ocrx_word' id='word_1_49' title='bbox 1069 892 1323 948; x_wconf 90' lang='lat' dir='ltr'><strong>Christus</strong></span> <span class='ocrx_word' id='word_1_50' title='bbox 1346 909 1377 948; x_wconf 89' lang='lat' dir='ltr'><strong>a</strong></span> <span class='ocrx_word' id='word_1_51' title='bbox 1400 895 1581 961; x_wconf 83' lang='lat' dir='ltr'><strong>Patre,</strong></span> <span class='ocrx_word' id='word_1_52' title='bbox 1603 896 1697 965; x_wconf 87' lang='lat' dir='ltr'><strong>qui</strong></span> <span class='ocrx_word' id='word_1_53' title='bbox 1717 897 1900 951; x_wconf 87' lang='lat' dir='ltr'><strong>omnis</strong></span> <span class='ocrx_word' id='word_1_54' title='bbox 1916 911 2114 966; x_wconf 81' lang='lat' dir='ltr'><strong>expers</strong></span> 
     </span>
    </p>
   </div>
   <div class='ocr_carea' id='block_1_9' title="bbox 532 986 1104 1055">
    <p class='ocr_par' dir='ltr' id='par_1_9' title="bbox 532 986 1104 1055">
     <span class='ocr_line' id='line_1_9' title="bbox 532 986 1104 1055; baseline -0.003 -14"><span class='ocrx_word' id='word_1_55' title='bbox 532 986 949 1055; x_wconf 87' lang='lat' dir='ltr'><strong>compositionis</strong></span> <span class='ocrx_word' id='word_1_56' title='bbox 982 986 1104 1039; x_wconf 86' lang='lat' dir='ltr'><strong>est?</strong></span> 
     </span>
    </p>
   </div>
   <div class='ocr_carea' id='block_1_10' title="bbox 603 1076 2117 1147">
    <p class='ocr_par' dir='ltr' id='par_1_10' title="bbox 603 1076 2117 1147">
     <span class='ocr_line' id='line_1_10' title="bbox 603 1076 2117 1147; baseline 0.003 -15"><span class='ocrx_word' id='word_1_57' title='bbox 603 1078 669 1133; x_wconf 89' lang='lat' dir='ltr'><strong>ll.</strong></span> <span class='ocrx_word' id='word_1_58' title='bbox 713 1077 765 1132; x_wconf 89' lang='lat' dir='ltr'><strong>Si</strong></span> <span class='ocrx_word' id='word_1_59' title='bbox 802 1092 1083 1146; x_wconf 85' lang='lat' dir='ltr'><strong>nunquam</strong></span> <span class='ocrx_word' id='word_1_60' title='bbox 1119 1076 1359 1147; x_wconf 85' lang='lat' dir='ltr'><strong>duplicis</strong></span> <span class='ocrx_word' id='word_1_61' title='bbox 1392 1088 1607 1134; x_wconf 79' lang='lat' dir='ltr'><strong>natura:</strong></span> <span class='ocrx_word' id='word_1_62' title='bbox 1636 1079 1903 1135; x_wconf 90' lang='lat' dir='ltr'><strong>Dominus</strong></span> <span class='ocrx_word' id='word_1_63' title='bbox 1924 1090 2117 1136; x_wconf 88' lang='lat' dir='ltr'><strong>noster</strong></span> 
     </span>
    </p>
   </div>
   <div class='ocr_carea' id='block_1_11' title="bbox 530 1169 2113 1242">
    <p class='ocr_par' dir='ltr' id='par_1_11' title="bbox 530 1169 2113 1242">
     <span class='ocr_line' id='line_1_11' title="bbox 530 1169 2113 1242; baseline 0.002 -16"><span class='ocrx_word' id='word_1_64' title='bbox 530 1170 692 1226; x_wconf 81' lang='lat' dir='ltr'><strong>Jesus</strong></span> <span class='ocrx_word' id='word_1_65' title='bbox 728 1169 980 1225; x_wconf 88' lang='lat' dir='ltr'><strong>Christus</strong></span> <span class='ocrx_word' id='word_1_66' title='bbox 1014 1170 1232 1239; x_wconf 80' lang='lat' dir='ltr'><strong>agnitus</strong></span> <span class='ocrx_word' id='word_1_67' title='bbox 1285 1180 1390 1236; x_wconf 91' lang='lat' dir='ltr'><strong>est,</strong></span> <span class='ocrx_word' id='word_1_68' title='bbox 1440 1172 1717 1240; x_wconf 89' lang='lat' dir='ltr'><strong>quomodo</strong></span> <span class='ocrx_word' id='word_1_69' title='bbox 1772 1184 1953 1242; x_wconf 82' lang='lat' dir='ltr'><strong>potest</strong></span> <span class='ocrx_word' id='word_1_70' title='bbox 2004 1173 2113 1230; x_wconf 91' lang='lat' dir='ltr'><strong>dici</strong></span> 
     </span>
    </p>
   </div>
   <div class='ocr_carea' id='block_1_12' title="bbox 531 1262 2117 1331">
    <p class='ocr_par' dir='ltr' id='par_1_12' title="bbox 531 1262 2117 1331">
     <span class='ocr_line' id='line_1_12' title="bbox 531 1262 2117 1331; baseline 0.002 -14"><span class='ocrx_word' id='word_1_71' title='bbox 531 1262 814 1317; x_wconf 85' lang='lat' dir='ltr'><strong>Christum</strong></span> <span class='ocrx_word' id='word_1_72' title='bbox 871 1269 994 1331; x_wconf 89' lang='lat' dir='ltr'><strong>post</strong></span> <span class='ocrx_word' id='word_1_73' title='bbox 1054 1262 1315 1316; x_wconf 83' lang='lat' dir='ltr'><strong>unionem</strong></span> <span class='ocrx_word' id='word_1_74' title='bbox 1363 1265 1529 1317; x_wconf 90' lang='lat' dir='ltr'><strong>unius</strong></span> <span class='ocrx_word' id='word_1_75' title='bbox 1577 1279 1700 1318; x_wconf 90' lang='lat' dir='ltr'><strong>esse</strong></span> <span class='ocrx_word' id='word_1_76' title='bbox 1758 1273 1989 1328; x_wconf 85' lang='lat' dir='ltr'><strong>naturae,</strong></span> <span class='ocrx_word' id='word_1_77' title='bbox 2020 1275 2117 1320; x_wconf 88' lang='lat' dir='ltr'><strong>aut</strong></span> 
     </span>
    </p>
   </div>
   <div class='ocr_carea' id='block_1_13' title="bbox 532 1353 2115 1422">
    <p class='ocr_par' dir='ltr' id='par_1_13' title="bbox 532 1353 2115 1422">
     <span class='ocr_line' id='line_1_13' title="bbox 532 1353 2115 1422; baseline 0.002 -14"><span class='ocrx_word' id='word_1_78' title='bbox 532 1354 699 1409; x_wconf 90' lang='lat' dir='ltr'><strong>etiam</strong></span> <span class='ocrx_word' id='word_1_79' title='bbox 726 1369 950 1422; x_wconf 87' lang='lat' dir='ltr'><strong>prorsus</strong></span> <span class='ocrx_word' id='word_1_80' title='bbox 972 1353 1282 1422; x_wconf 85' lang='lat' dir='ltr'><strong>nuncupari</strong></span> <span class='ocrx_word' id='word_1_81' title='bbox 1313 1354 1485 1407; x_wconf 88' lang='lat' dir='ltr'><strong>unio?</strong></span> <span class='ocrx_word' id='word_1_82' title='bbox 1512 1354 1607 1409; x_wconf 92' lang='lat' dir='ltr'><strong>Sin</strong></span> <span class='ocrx_word' id='word_1_83' title='bbox 1661 1364 1847 1410; x_wconf 90' lang='lat' dir='ltr'><strong>autem</strong></span> <span class='ocrx_word' id='word_1_84' title='bbox 1878 1355 2012 1410; x_wconf 81' lang='lat' dir='ltr'><strong>lich</strong></span> <span class='ocrx_word' id='word_1_85' title='bbox 2032 1365 2115 1411; x_wconf 88' lang='lat' dir='ltr'><strong>est</strong></span> 
     </span>
    </p>
   </div>
   <div class='ocr_carea' id='block_1_14' title="bbox 533 1443 2115 1520">
    <p class='ocr_par' dir='ltr' id='par_1_14' title="bbox 533 1443 2115 1520">
     <span class='ocr_line' id='line_1_14' title="bbox 533 1443 2115 1520; baseline 0.004 -24"><span class='ocrx_word' id='word_1_86' title='bbox 533 1443 702 1499; x_wconf 84' lang='lat' dir='ltr'><strong>fuisse</strong></span> <span class='ocrx_word' id='word_1_87' title='bbox 730 1443 1012 1499; x_wconf 91' lang='lat' dir='ltr'><strong>Christum</strong></span> <span class='ocrx_word' id='word_1_88' title='bbox 1041 1444 1281 1516; x_wconf 89' lang='lat' dir='ltr'><strong>duplicis</strong></span> <span class='ocrx_word' id='word_1_89' title='bbox 1313 1456 1546 1512; x_wconf 64' lang='lat' dir='ltr'><strong>naturae,</strong></span> <span class='ocrx_word' id='word_1_90' title='bbox 1595 1448 1704 1511; x_wconf 91' lang='lat' dir='ltr'><strong>die,</strong></span> <span class='ocrx_word' id='word_1_91' title='bbox 1745 1464 1899 1520; x_wconf 80' lang='lat' dir='ltr'><strong>rogo,</strong></span> <span class='ocrx_word' id='word_1_92' title='bbox 1935 1465 2115 1519; x_wconf 91' lang='lat' dir='ltr'><strong>quan-</strong></span> 
     </span>
    </p>
   </div>
   <div class='ocr_carea' id='block_1_15' title="bbox 531 1534 2115 1609">
    <p class='ocr_par' dir='ltr' id='par_1_15' title="bbox 531 1534 2115 1609">
     <span class='ocr_line' id='line_1_15' title="bbox 531 1534 2115 1609; baseline 0.005 -22"><span class='ocrx_word' id='word_1_93' title='bbox 531 1534 733 1589; x_wconf 88' lang='lat' dir='ltr'><strong>donam</strong></span> <span class='ocrx_word' id='word_1_94' title='bbox 790 1534 1045 1590; x_wconf 86' lang='lat' dir='ltr'><strong>Christus</strong></span> <span class='ocrx_word' id='word_1_95' title='bbox 1090 1545 1209 1591; x_wconf 89' lang='lat' dir='ltr'><strong>erat</strong></span> <span class='ocrx_word' id='word_1_96' title='bbox 1261 1537 1499 1608; x_wconf 86' lang='lat' dir='ltr'><strong>duplicis</strong></span> <span class='ocrx_word' id='word_1_97' title='bbox 1546 1549 1775 1603; x_wconf 71' lang='lat' dir='ltr'><strong>natum,</strong></span> <span class='ocrx_word' id='word_1_98' title='bbox 1807 1555 1870 1594; x_wconf 91' lang='lat' dir='ltr'><strong>ac</strong></span> <span class='ocrx_word' id='word_1_99' title='bbox 1895 1540 2115 1609; x_wconf 79' lang='lat' dir='ltr'><strong>quando</strong></span> 
     </span>
    </p>
   </div>
   <div class='ocr_carea' id='block_1_16' title="bbox 535 1624 949 1680">
    <p class='ocr_par' dir='ltr' id='par_1_16' title="bbox 535 1624 949 1680">
     <span class='ocr_line' id='line_1_16' title="bbox 535 1624 949 1680; baseline 0 -1"><span class='ocrx_word' id='word_1_100' title='bbox 535 1626 700 1680; x_wconf 88' lang='lat' dir='ltr'><strong>unius</strong></span> <span class='ocrx_word' id='word_1_101' title='bbox 733 1624 949 1680; x_wconf 82' lang='lat' dir='ltr'><strong>factus?</strong></span> 
     </span>
    </p>
   </div>
   <div class='ocr_carea' id='block_1_17' title="bbox 603 1716 2114 1787">
    <p class='ocr_par' dir='ltr' id='par_1_17' title="bbox 603 1716 2114 1787">
     <span class='ocr_line' id='line_1_17' title="bbox 603 1716 2114 1787; baseline 0.005 -17"><span class='ocrx_word' id='word_1_102' title='bbox 603 1716 691 1770; x_wconf 88' lang='lat' dir='ltr'><strong>Ill.</strong></span> <span class='ocrx_word' id='word_1_103' title='bbox 742 1717 1074 1787; x_wconf 82' lang='lat' dir='ltr'><strong>Ejusdemne</strong></span> <span class='ocrx_word' id='word_1_104' title='bbox 1118 1719 1265 1773; x_wconf 87' lang='lat' dir='ltr'><strong>Deus</strong></span> <span class='ocrx_word' id='word_1_105' title='bbox 1294 1719 1530 1773; x_wconf 89' lang='lat' dir='ltr'><strong>Verbum</strong></span> <span class='ocrx_word' id='word_1_106' title='bbox 1593 1736 1718 1776; x_wconf 91' lang='lat' dir='ltr'><strong>cum</strong></span> <span class='ocrx_word' id='word_1_107' title='bbox 1750 1737 1914 1777; x_wconf 92' lang='lat' dir='ltr'><strong>carne</strong></span> <span class='ocrx_word' id='word_1_108' title='bbox 1941 1724 2010 1777; x_wconf 89' lang='lat' dir='ltr'><strong>ab</strong></span> <span class='ocrx_word' id='word_1_109' title='bbox 2047 1740 2114 1778; x_wconf 91' lang='lat' dir='ltr'><strong>eo</strong></span> 
     </span>
    </p>
   </div>
   <div class='ocr_carea' id='block_1_18' title="bbox 532 1810 2112 1884">
    <p class='ocr_par' dir='ltr' id='par_1_18' title="bbox 532 1810 2112 1884">
     <span class='ocr_line' id='line_1_18' title="bbox 532 1810 2112 1884; baseline 0.005 -23"><span class='ocrx_word' id='word_1_110' title='bbox 532 1818 809 1877; x_wconf 84' lang='lat' dir='ltr'><strong>assumpta</strong></span> <span class='ocrx_word' id='word_1_111' title='bbox 844 1810 1166 1864; x_wconf 87' lang='lat' dir='ltr'><strong>substantiae</strong></span> <span class='ocrx_word' id='word_1_112' title='bbox 1221 1820 1326 1877; x_wconf 91' lang='lat' dir='ltr'><strong>est,</strong></span> <span class='ocrx_word' id='word_1_113' title='bbox 1375 1828 1447 1867; x_wconf 90' lang='lat' dir='ltr'><strong>an</strong></span> <span class='ocrx_word' id='word_1_114' title='bbox 1497 1812 1770 1868; x_wconf 70' lang='lat' dir='ltr'><strong>diversae?</strong></span> <span class='ocrx_word' id='word_1_115' title='bbox 1799 1816 1888 1880; x_wconf 85' lang='lat' dir='ltr'><strong>At,</strong></span> <span class='ocrx_word' id='word_1_116' title='bbox 1914 1816 1957 1869; x_wconf 89' lang='lat' dir='ltr'><strong>si</strong></span> <span class='ocrx_word' id='word_1_117' title='bbox 1985 1816 2112 1884; x_wconf 89' lang='lat' dir='ltr'><strong>qui-</strong></span> 
     </span>
    </p>
   </div>
   <div class='ocr_carea' id='block_1_19' title="bbox 2218 627 3807 702">
    <p class='ocr_par' dir='ltr' id='par_1_19' title="bbox 2218 627 3807 702">
     <span class='ocr_line' id='line_1_19' title="bbox 2218 627 3807 702; baseline -0.001 -24"><span class='ocrx_word' id='word_1_118' title='bbox 2218 627 2555 696; x_wconf 82' lang='grc' dir='ltr'>ὑπάρχουσιν</span> <span class='ocrx_word' id='word_1_119' title='bbox 2582 627 2915 697; x_wconf 80' lang='grc' dir='ltr'><strong>ἀμφότεραι,</strong></span> <span class='ocrx_word' id='word_1_120' title='bbox 2957 628 3076 690; x_wconf 81' lang='grc' dir='ltr'><strong>πῶς</strong></span> <span class='ocrx_word' id='word_1_121' title='bbox 3107 628 3226 698; x_wconf 81' lang='grc' dir='ltr'>μία,</span> <span class='ocrx_word' id='word_1_122' title='bbox 3270 631 3320 682; x_wconf 84' lang='grc' dir='ltr'>εἰ</span> <span class='ocrx_word' id='word_1_123' title='bbox 3362 631 3438 699; x_wconf 76' lang='grc' dir='ltr'><strong>μὴ</strong></span> <span class='ocrx_word' id='word_1_124' title='bbox 3470 630 3529 696; x_wconf 75' lang='grc' dir='ltr'><strong>ἐξ</strong></span> <span class='ocrx_word' id='word_1_125' title='bbox 3553 633 3807 702; x_wconf 58' lang='grc' dir='ltr'><strong>ἀμφοτέέ</strong></span> 
     </span>
    </p>
   </div>
   <div class='ocr_carea' id='block_1_20' title="bbox 2219 718 3829 789">
    <p class='ocr_par' dir='ltr' id='par_1_20' title="bbox 2219 718 3829 789">
     <span class='ocr_line' id='line_1_20' title="bbox 2219 718 3829 789; baseline 0.005 -18"><span class='ocrx_word' id='word_1_126' title='bbox 2219 736 2329 788; x_wconf 88' lang='grc' dir='ltr'><strong>ρων</strong></span> <span class='ocrx_word' id='word_1_127' title='bbox 2362 719 2459 789; x_wconf 85' lang='grc' dir='ltr'><strong>μία</strong></span> <span class='ocrx_word' id='word_1_128' title='bbox 2491 718 2828 788; x_wconf 77' lang='grc' dir='ltr'><strong>ἀπετελέσθη</strong></span> <span class='ocrx_word' id='word_1_129' title='bbox 2862 718 3159 785; x_wconf 76' lang='grc' dir='ltr'>σύνθετοςς</span> <span class='ocrx_word' id='word_1_130' title='bbox 3215 722 3264 774; x_wconf 84' lang='grc' dir='ltr'><strong>εί</strong></span> <span class='ocrx_word' id='word_1_131' title='bbox 3322 722 3380 775; x_wconf 78' lang='grc' dir='ltr'><strong>δὲ</strong></span> <span class='ocrx_word' id='word_1_132' title='bbox 3439 724 3623 785; x_wconf 78' lang='grc' dir='ltr'>τοῦτο,</span> <span class='ocrx_word' id='word_1_133' title='bbox 3680 725 3829 788; x_wconf 75' lang='grc' dir='ltr'><strong>πῶς</strong></span> 
     </span>
    </p>
   </div>
   <div class='ocr_carea' id='block_1_21' title="bbox 2215 810 3831 885">
    <p class='ocr_par' dir='ltr' id='par_1_21' title="bbox 2215 810 3831 885">
     <span class='ocr_line' id='line_1_21' title="bbox 2215 810 3831 885; baseline 0.004 -23"><span class='ocrx_word' id='word_1_134' title='bbox 2215 812 2315 880; x_wconf 83' lang='grc' dir='ltr'><strong>οὐχ</strong></span> <span class='ocrx_word' id='word_1_135' title='bbox 2355 810 2690 880; x_wconf 79' lang='grc' dir='ltr'><strong>ἑτεροούσιος</strong></span> <span class='ocrx_word' id='word_1_136' title='bbox 2722 812 2751 864; x_wconf 91' lang='lat'><strong>6</strong></span> <span class='ocrx_word' id='word_1_137' title='bbox 2788 812 3044 882; x_wconf 77' lang='grc' dir='ltr'><strong>Χριστὸς,</strong></span> <span class='ocrx_word' id='word_1_138' title='bbox 3097 813 3189 865; x_wconf 80' lang='grc' dir='ltr'>τοῦ</span> <span class='ocrx_word' id='word_1_139' title='bbox 3242 813 3454 885; x_wconf 76' lang='grc' dir='ltr'>Πατρὸς</span> <span class='ocrx_word' id='word_1_140' title='bbox 3496 817 3831 869; x_wconf 62' lang='grc' dir='ltr'><strong>ἁσυοσθέτςυς</strong></span> 
     </span>
    </p>
   </div>
   <div class='ocr_carea' id='block_1_22' title="bbox 2217 899 2590 970">
    <p class='ocr_par' dir='ltr' id='par_1_22' title="bbox 2217 899 2590 970">
     <span class='ocr_line' id='line_1_22' title="bbox 2217 899 2590 970; baseline 0 -19"><span class='ocrx_word' id='word_1_141' title='bbox 2217 899 2555 970; x_wconf 79' lang='grc' dir='ltr'><strong>ὑπάρχοντος</strong></span> <span class='ocrx_word' id='word_1_142' title='bbox 2576 915 2590 963; x_wconf 88' lang='grc'><strong>;</strong></span> 
     </span>
    </p>
   </div>
   <div class='ocr_carea' id='block_1_23' title="bbox 2288 1072 3792 1148">
    <p class='ocr_par' dir='ltr' id='par_1_23' title="bbox 2288 1072 3792 1148">
     <span class='ocr_line' id='line_1_23' title="bbox 2288 1072 3792 1148; baseline 0.005 -23"><span class='ocrx_word' id='word_1_143' title='bbox 2288 1074 2362 1127; x_wconf 89' lang='lat' dir='ltr'><strong>B&#39;.</strong></span> <span class='ocrx_word' id='word_1_144' title='bbox 2384 1073 2446 1125; x_wconf 84' lang='lat' dir='ltr'><strong>Ei</strong></span> <span class='ocrx_word' id='word_1_145' title='bbox 2475 1072 2731 1125; x_wconf 75' lang='grc' dir='ltr'><strong>οὐδέποτε</strong></span> <span class='ocrx_word' id='word_1_146' title='bbox 2754 1073 2847 1126; x_wconf 86' lang='grc' dir='ltr'><strong>δύο</strong></span> <span class='ocrx_word' id='word_1_147' title='bbox 2867 1074 3078 1143; x_wconf 88' lang='grc' dir='ltr'>φύσεων</span> <span class='ocrx_word' id='word_1_148' title='bbox 3098 1077 3126 1127; x_wconf 97' lang='lat'><strong>6</strong></span> <span class='ocrx_word' id='word_1_149' title='bbox 3151 1076 3351 1146; x_wconf 86' lang='grc' dir='ltr'><strong>Κύριος</strong></span> <span class='ocrx_word' id='word_1_150' title='bbox 3386 1078 3543 1147; x_wconf 78' lang='grc' dir='ltr'><strong>ἡμῶν</strong></span> <span class='ocrx_word' id='word_1_151' title='bbox 3584 1079 3792 1148; x_wconf 75' lang='grc' dir='ltr'><strong>Ἰησοῦς</strong></span> 
     </span>
    </p>
   </div>
   <div class='ocr_carea' id='block_1_24' title="bbox 2216 1162 3803 1240">
    <p class='ocr_par' dir='ltr' id='par_1_24' title="bbox 2216 1162 3803 1240">
     <span class='ocr_line' id='line_1_24' title="bbox 2216 1162 3803 1240; baseline 0.005 -24"><span class='ocrx_word' id='word_1_152' title='bbox 2216 1164 2451 1232; x_wconf 72' lang='grc' dir='ltr'><strong>Χριστὸς</strong></span> <span class='ocrx_word' id='word_1_153' title='bbox 2475 1162 2824 1234; x_wconf 81' lang='grc' dir='ltr'><strong>ὡμολόγηται</strong></span> <span class='ocrx_word' id='word_1_154' title='bbox 2874 1163 2970 1229; x_wconf 82' lang='grc' dir='ltr'><strong>ὢν,</strong></span> <span class='ocrx_word' id='word_1_155' title='bbox 3002 1164 3121 1229; x_wconf 82' lang='grc' dir='ltr'><strong>πῶς</strong></span> <span class='ocrx_word' id='word_1_156' title='bbox 3174 1168 3396 1222; x_wconf 74' lang='grc' dir='ltr'>δυνατὸν</span> <span class='ocrx_word' id='word_1_157' title='bbox 3445 1170 3628 1237; x_wconf 84' lang='grc' dir='ltr'><strong>λέγειν</strong></span> <span class='ocrx_word' id='word_1_158' title='bbox 3665 1173 3803 1240; x_wconf 80' lang='grc' dir='ltr'><strong>μιᾶς</strong></span> 
     </span>
    </p>
   </div>
   <div class='ocr_carea' id='block_1_25' title="bbox 2219 1254 3801 1330">
    <p class='ocr_par' dir='ltr' id='par_1_25' title="bbox 2219 1254 3801 1330">
     <span class='ocr_line' id='line_1_25' title="bbox 2219 1254 3801 1330; baseline 0.007 -25"><span class='ocrx_word' id='word_1_159' title='bbox 2219 1254 2359 1323; x_wconf 77' lang='grc' dir='ltr'><strong>μετὰ</strong></span> <span class='ocrx_word' id='word_1_160' title='bbox 2404 1254 2502 1323; x_wconf 80' lang='grc' dir='ltr'><strong>τὴν</strong></span> <span class='ocrx_word' id='word_1_161' title='bbox 2546 1254 2741 1307; x_wconf 73' lang='grc' dir='ltr'>ἕνωσιν</span> <span class='ocrx_word' id='word_1_162' title='bbox 2790 1255 2883 1309; x_wconf 83' lang='grc' dir='ltr'><strong>τὸν</strong></span> <span class='ocrx_word' id='word_1_163' title='bbox 2938 1258 3265 1329; x_wconf 79' lang='grc' dir='ltr'>Χριστὸν,ἢ</span> <span class='ocrx_word' id='word_1_164' title='bbox 3306 1260 3401 1313; x_wconf 73' lang='grc' dir='ltr'><strong>καὶ</strong></span> <span class='ocrx_word' id='word_1_165' title='bbox 3449 1262 3586 1325; x_wconf 81' lang='grc' dir='ltr'>ὅλως</span> <span class='ocrx_word' id='word_1_166' title='bbox 3616 1263 3801 1330; x_wconf 78' lang='grc' dir='ltr'><strong>λέγειν</strong></span> 
     </span>
    </p>
   </div>
   <div class='ocr_carea' id='block_1_26' title="bbox 2215 1343 3802 1417">
    <p class='ocr_par' dir='ltr' id='par_1_26' title="bbox 2215 1343 3802 1417">
     <span class='ocr_line' id='line_1_26' title="bbox 2215 1343 3802 1417; baseline 0.006 -22"><span class='ocrx_word' id='word_1_167' title='bbox 2215 1343 2447 1408; x_wconf 72' lang='grc' dir='ltr'>ἓνωσινς</span> <span class='ocrx_word' id='word_1_168' title='bbox 2498 1345 2546 1396; x_wconf 82' lang='grc' dir='ltr'><strong>εί</strong></span> <span class='ocrx_word' id='word_1_169' title='bbox 2601 1343 2659 1396; x_wconf 81' lang='grc' dir='ltr'><strong>δὲ</strong></span> <span class='ocrx_word' id='word_1_170' title='bbox 2712 1344 3061 1414; x_wconf 78' lang='grc' dir='ltr'><strong>ὡμολόγηται</strong></span> <span class='ocrx_word' id='word_1_171' title='bbox 3105 1349 3133 1399; x_wconf 90' lang='grc' dir='ltr'>ὁ</span> <span class='ocrx_word' id='word_1_172' title='bbox 3177 1349 3412 1417; x_wconf 84' lang='grc' dir='ltr'><strong>Χριστὸς</strong></span> <span class='ocrx_word' id='word_1_173' title='bbox 3447 1350 3541 1403; x_wconf 82' lang='grc' dir='ltr'>δύο</span> <span class='ocrx_word' id='word_1_174' title='bbox 3578 1350 3802 1417; x_wconf 82' lang='grc' dir='ltr'>φύσεων</span> 
     </span>
    </p>
   </div>
   <div class='ocr_carea' id='block_1_27' title="bbox 2215 1434 3800 1509">
    <p class='ocr_par' dir='ltr' id='par_1_27' title="bbox 2215 1434 3800 1509">
     <span class='ocr_line' id='line_1_27' title="bbox 2215 1434 3800 1509; baseline 0.006 -22"><span class='ocrx_word' id='word_1_175' title='bbox 2215 1434 2520 1503; x_wconf 82' lang='grc' dir='ltr'><strong>γεγονέναι,</strong></span> <span class='ocrx_word' id='word_1_176' title='bbox 2550 1434 2674 1488; x_wconf 74' lang='grc' dir='ltr'>εἰπὲ</span> <span class='ocrx_word' id='word_1_177' title='bbox 2719 1437 2849 1488; x_wconf 81' lang='grc' dir='ltr'>πότε</span> <span class='ocrx_word' id='word_1_178' title='bbox 2886 1436 2979 1490; x_wconf 86' lang='grc' dir='ltr'><strong>δύο</strong></span> <span class='ocrx_word' id='word_1_179' title='bbox 3014 1437 3229 1507; x_wconf 81' lang='grc' dir='ltr'>φύσεων</span> <span class='ocrx_word' id='word_1_180' title='bbox 3261 1436 3327 1509; x_wconf 73' lang='grc' dir='ltr'>ἦν</span> <span class='ocrx_word' id='word_1_181' title='bbox 3354 1442 3382 1492; x_wconf 89' lang='lat'><strong>6</strong></span> <span class='ocrx_word' id='word_1_182' title='bbox 3409 1443 3665 1509; x_wconf 77' lang='grc' dir='ltr'>Χριστὸς,</span> <span class='ocrx_word' id='word_1_183' title='bbox 3702 1447 3800 1496; x_wconf 63' lang='grc' dir='ltr'>καὶ</span> 
     </span>
    </p>
   </div>
   <div class='ocr_carea' id='block_1_28' title="bbox 2216 1527 2894 1595">
    <p class='ocr_par' dir='ltr' id='par_1_28' title="bbox 2216 1527 2894 1595">
     <span class='ocr_line' id='line_1_28' title="bbox 2216 1527 2894 1595; baseline 0.001 -17"><span class='ocrx_word' id='word_1_184' title='bbox 2216 1527 2348 1579; x_wconf 79' lang='grc' dir='ltr'><strong>πότε</strong></span> <span class='ocrx_word' id='word_1_185' title='bbox 2376 1527 2602 1594; x_wconf 82' lang='grc' dir='ltr'><strong>γέγονεν</strong></span> <span class='ocrx_word' id='word_1_186' title='bbox 2633 1528 2695 1579; x_wconf 78' lang='grc' dir='ltr'><strong>ὲκ</strong></span> <span class='ocrx_word' id='word_1_187' title='bbox 2721 1528 2850 1595; x_wconf 75' lang='grc' dir='ltr'><strong>μιᾶς</strong></span> <span class='ocrx_word' id='word_1_188' title='bbox 2878 1544 2894 1592; x_wconf 85' lang='lat'><strong>;</strong></span> 
     </span>
    </p>
   </div>
   <div class='ocr_carea' id='block_1_29' title="bbox 2284 1700 3791 1779">
    <p class='ocr_par' dir='ltr' id='par_1_29' title="bbox 2284 1700 3791 1779">
     <span class='ocr_line' id='line_1_29' title="bbox 2284 1700 3791 1779; baseline 0.003 -24"><span class='ocrx_word' id='word_1_189' title='bbox 2284 1700 2359 1755; x_wconf 63' lang='lat'><strong>1&quot;.</strong></span> <span class='ocrx_word' id='word_1_190' title='bbox 2377 1702 2695 1770; x_wconf 72' lang='grc' dir='ltr'>Ὀμοούσιος</span> <span class='ocrx_word' id='word_1_191' title='bbox 2722 1704 2748 1754; x_wconf 89' lang='lat'><strong>6</strong></span> <span class='ocrx_word' id='word_1_192' title='bbox 2765 1700 2894 1763; x_wconf 69' lang='grc' dir='ltr'><strong>Θεὸς</strong></span> <span class='ocrx_word' id='word_1_193' title='bbox 2912 1702 3080 1769; x_wconf 75' lang='grc' dir='ltr'><strong>Λόγος</strong></span> <span class='ocrx_word' id='word_1_194' title='bbox 3101 1706 3166 1773; x_wconf 80' lang='grc' dir='ltr'><strong>τῇ</strong></span> <span class='ocrx_word' id='word_1_195' title='bbox 3191 1721 3265 1756; x_wconf 85' lang='grc' dir='ltr'><strong>πα</strong></span> <span class='ocrx_word' id='word_1_196' title='bbox 3272 1704 3321 1773; x_wconf 75' lang='grc' dir='ltr'>ρ’</span> <span class='ocrx_word' id='word_1_197' title='bbox 3339 1705 3505 1758; x_wconf 69' lang='grc' dir='ltr'>αὐτοῦ</span> <span class='ocrx_word' id='word_1_198' title='bbox 3526 1706 3791 1779; x_wconf 76' lang='grc' dir='ltr'>ληφθείσῃ</span> 
     </span>
    </p>
   </div>
   <div class='ocr_carea' id='block_1_30' title="bbox 2217 1791 3789 1862">
    <p class='ocr_par' dir='ltr' id='par_1_30' title="bbox 2217 1791 3789 1862">
     <span class='ocr_line' id='line_1_30' title="bbox 2217 1791 3789 1862; baseline 0.005 -19"><span class='ocrx_word' id='word_1_199' title='bbox 2217 1793 2401 1861; x_wconf 76' lang='grc' dir='ltr'>σαρκὶ,</span> <span class='ocrx_word' id='word_1_200' title='bbox 2434 1792 2466 1858; x_wconf 80' lang='grc' dir='ltr'>ἢ</span> <span class='ocrx_word' id='word_1_201' title='bbox 2503 1791 2836 1861; x_wconf 80' lang='grc' dir='ltr'>ὲτεροούσιος</span> <span class='ocrx_word' id='word_1_202' title='bbox 2868 1810 2881 1855; x_wconf 88' lang='grc'>;</span> <span class='ocrx_word' id='word_1_203' title='bbox 2908 1794 3018 1844; x_wconf 70' lang='grc' dir='ltr'><strong>ἀλλ’</strong></span> <span class='ocrx_word' id='word_1_204' title='bbox 3043 1795 3092 1846; x_wconf 86' lang='grc' dir='ltr'>εἰ</span> <span class='ocrx_word' id='word_1_205' title='bbox 3124 1795 3222 1862; x_wconf 81' lang='grc' dir='ltr'><strong>μὲν</strong></span> <span class='ocrx_word' id='word_1_206' title='bbox 3247 1794 3552 1862; x_wconf 71' lang='grc' dir='ltr'><strong>ὀμοούσιος,</strong></span> <span class='ocrx_word' id='word_1_207' title='bbox 3579 1799 3695 1860; x_wconf 84' lang='grc' dir='ltr'><strong>πῶς</strong></span> <span class='ocrx_word' id='word_1_208' title='bbox 3729 1799 3789 1851; x_wconf 81' lang='grc' dir='ltr'><strong>οὐ</strong></span> 
     </span>
    </p>
   </div>
   <div class='ocr_carea' id='block_1_31' title="bbox 533 1883 2112 1970">
    <p class='ocr_par' dir='ltr' id='par_1_31' title="bbox 533 1883 2112 1970">
     <span class='ocr_line' id='line_1_31' title="bbox 533 1883 2112 1970; baseline 0.004 -17"><span class='ocrx_word' id='word_1_209' title='bbox 533 1898 657 1953; x_wconf 88' lang='lat' dir='ltr'><strong>dem</strong></span> <span class='ocrx_word' id='word_1_210' title='bbox 693 1899 940 1970; x_wconf 83' lang='lat' dir='ltr'><strong>ejusdem</strong></span> <span class='ocrx_word' id='word_1_211' title='bbox 988 1910 1093 1964; x_wconf 87' lang='lat' dir='ltr'><strong>est,</strong></span> <span class='ocrx_word' id='word_1_212' title='bbox 1138 1904 1415 1970; x_wconf 90' lang='lat' dir='ltr'><strong>quomodo</strong></span> <span class='ocrx_word' id='word_1_213' title='bbox 1467 1904 1712 1958; x_wconf 88' lang='lat' dir='ltr'><strong>Trinitas</strong></span> <span class='ocrx_word' id='word_1_214' title='bbox 1756 1921 1867 1960; x_wconf 91' lang='lat' dir='ltr'><strong>non</strong></span> <span class='ocrx_word' id='word_1_215' title='bbox 1916 1883 2112 1960; x_wconf 72' lang='lat' dir='ltr'><strong>eﬂ‘eeta</strong></span> 
     </span>
    </p>
   </div>
   <div class='ocr_carea' id='block_1_32' title="bbox 2214 1883 3790 1970">
    <p class='ocr_par' dir='ltr' id='par_1_32' title="bbox 2214 1883 3790 1959">
     <span class='ocr_line' id='line_1_32' title="bbox 2214 1883 3790 1959; baseline 0.004 -25"><span class='ocrx_word' id='word_1_216' title='bbox 2214 1883 2405 1951; x_wconf 83' lang='grc' dir='ltr'><strong>γέγονε</strong></span> <span class='ocrx_word' id='word_1_217' title='bbox 2437 1885 2633 1955; x_wconf 73' lang='grc' dir='ltr'>τετρὰς</span> <span class='ocrx_word' id='word_1_218' title='bbox 2661 1886 2693 1954; x_wconf 84' lang='grc' dir='ltr'><strong>ή</strong></span> <span class='ocrx_word' id='word_1_219' title='bbox 2724 1885 2892 1954; x_wconf 74' lang='grc' dir='ltr'><strong>Τρωὶς</strong></span> <span class='ocrx_word' id='word_1_220' title='bbox 2916 1901 2928 1949; x_wconf 89' lang='grc'><strong>;</strong></span> <span class='ocrx_word' id='word_1_221' title='bbox 2961 1887 3008 1937; x_wconf 82' lang='grc' dir='ltr'>εἰ</span> <span class='ocrx_word' id='word_1_222' title='bbox 3030 1886 3087 1938; x_wconf 72' lang='grc' dir='ltr'><strong>δὲ</strong></span> <span class='ocrx_word' id='word_1_223' title='bbox 3105 1887 3443 1955; x_wconf 79' lang='grc' dir='ltr'><strong>ἐτεροούσιος</strong></span> <span class='ocrx_word' id='word_1_224' title='bbox 3467 1889 3499 1957; x_wconf 82' lang='grc' dir='ltr'><strong>ή</strong></span> <span class='ocrx_word' id='word_1_225' title='bbox 3534 1888 3669 1959; x_wconf 74' lang='grc' dir='ltr'>σὰρξ</span> <span class='ocrx_word' id='word_1_226' title='bbox 3696 1888 3790 1943; x_wconf 78' lang='grc' dir='ltr'><strong>τοῦ</strong></span> 
     </span>
    </p>
   </div>
   <div class='ocr_carea' id='block_1_33' title="bbox 531 1992 2114 2060">
    <p class='ocr_par' dir='ltr' id='par_1_33' title="bbox 531 1992 2114 2060">
     <span class='ocr_line' id='line_1_33' title="bbox 531 1992 2114 2060; baseline 0.004 -16"><span class='ocrx_word' id='word_1_227' title='bbox 531 1992 875 2060; x_wconf 88' lang='lat' dir='ltr'><strong>quaternitas</strong></span> <span class='ocrx_word' id='word_1_228' title='bbox 908 1993 1027 2047; x_wconf 89' lang='lat' dir='ltr'><strong>est?</strong></span> <span class='ocrx_word' id='word_1_229' title='bbox 1068 1992 1161 2047; x_wconf 90' lang='lat' dir='ltr'><strong>Sin</strong></span> <span class='ocrx_word' id='word_1_230' title='bbox 1198 2005 1381 2048; x_wconf 91' lang='lat' dir='ltr'><strong>autem</strong></span> <span class='ocrx_word' id='word_1_231' title='bbox 1416 2010 1545 2050; x_wconf 91' lang='lat' dir='ltr'><strong>caro</strong></span> <span class='ocrx_word' id='word_1_232' title='bbox 1581 1997 1810 2051; x_wconf 70' lang='lat' dir='ltr'><strong>diversa:</strong></span> <span class='ocrx_word' id='word_1_233' title='bbox 1858 1998 2114 2052; x_wconf 86' lang='lat' dir='ltr'><strong>substan-</strong></span> 
     </span>
    </p>
   </div>
   <div class='ocr_carea' id='block_1_34' title="bbox 534 2078 2114 2150">
    <p class='ocr_par' dir='ltr' id='par_1_34' title="bbox 534 2078 2114 2150">
     <span class='ocr_line' id='line_1_34' title="bbox 534 2078 2114 2150; baseline 0.004 -17"><span class='ocrx_word' id='word_1_234' title='bbox 534 2078 623 2133; x_wconf 56' lang='lat' dir='ltr'><strong>tia).</strong></span> <span class='ocrx_word' id='word_1_235' title='bbox 652 2093 682 2131; x_wconf 89' lang='lat' dir='ltr'><strong>a</strong></span> <span class='ocrx_word' id='word_1_236' title='bbox 719 2078 830 2131; x_wconf 91' lang='lat' dir='ltr'><strong>Deo</strong></span> <span class='ocrx_word' id='word_1_237' title='bbox 867 2078 1044 2133; x_wconf 88' lang='lat' dir='ltr'><strong>Verbo</strong></span> <span class='ocrx_word' id='word_1_238' title='bbox 1092 2090 1196 2146; x_wconf 86' lang='lat' dir='ltr'><strong>est,</strong></span> <span class='ocrx_word' id='word_1_239' title='bbox 1230 2082 1507 2150; x_wconf 89' lang='lat' dir='ltr'><strong>quomodo</strong></span> <span class='ocrx_word' id='word_1_240' title='bbox 1554 2083 1809 2141; x_wconf 86' lang='lat' dir='ltr'><strong>Christus</strong></span> <span class='ocrx_word' id='word_1_241' title='bbox 1850 2100 1959 2139; x_wconf 91' lang='lat' dir='ltr'><strong>non</strong></span> <span class='ocrx_word' id='word_1_242' title='bbox 2010 2085 2114 2139; x_wconf 89' lang='lat' dir='ltr'><strong>du-</strong></span> 
     </span>
    </p>
   </div>
   <div class='ocr_carea' id='block_1_35' title="bbox 532 2165 1096 2235">
    <p class='ocr_par' dir='ltr' id='par_1_35' title="bbox 532 2165 1096 2235">
     <span class='ocr_line' id='line_1_35' title="bbox 532 2165 1096 2235; baseline 0.007 -18"><span class='ocrx_word' id='word_1_243' title='bbox 532 2165 693 2235; x_wconf 89' lang='lat' dir='ltr'><strong>plicis</strong></span> <span class='ocrx_word' id='word_1_244' title='bbox 730 2175 816 2221; x_wconf 89' lang='lat' dir='ltr'><strong>est</strong></span> <span class='ocrx_word' id='word_1_245' title='bbox 844 2168 1096 2221; x_wconf 66' lang='lat' dir='ltr'><strong>naturae?</strong></span> 
     </span>
    </p>
   </div>
   <div class='ocr_carea' id='block_1_36' title="bbox 600 2265 2112 2337">
    <p class='ocr_par' dir='ltr' id='par_1_36' title="bbox 600 2265 2112 2337">
     <span class='ocr_line' id='line_1_36' title="bbox 600 2265 2112 2337; baseline 0.005 -16"><span class='ocrx_word' id='word_1_246' title='bbox 600 2265 690 2321; x_wconf 88' lang='lat' dir='ltr'><strong>IV.</strong></span> <span class='ocrx_word' id='word_1_247' title='bbox 725 2266 865 2322; x_wconf 91' lang='lat' dir='ltr'><strong>Sunt</strong></span> <span class='ocrx_word' id='word_1_248' title='bbox 909 2268 1001 2337; x_wconf 92' lang='lat' dir='ltr'><strong>qui</strong></span> <span class='ocrx_word' id='word_1_249' title='bbox 1039 2285 1199 2323; x_wconf 87' lang='lat' dir='ltr'><strong>unatn</strong></span> <span class='ocrx_word' id='word_1_250' title='bbox 1254 2269 1347 2325; x_wconf 86' lang='lat' dir='ltr'><strong>Dei</strong></span> <span class='ocrx_word' id='word_1_251' title='bbox 1378 2271 1538 2326; x_wconf 83' lang='lat' dir='ltr'><strong>Verbi</strong></span> <span class='ocrx_word' id='word_1_252' title='bbox 1574 2282 1828 2328; x_wconf 89' lang='lat' dir='ltr'><strong>naturam</strong></span> <span class='ocrx_word' id='word_1_253' title='bbox 1860 2274 2112 2329; x_wconf 87' lang='lat' dir='ltr'><strong>incarna-</strong></span> 
     </span>
    </p>
   </div>
   <div class='ocr_carea' id='block_1_37' title="bbox 533 2358 2113 2434">
    <p class='ocr_par' dir='ltr' id='par_1_37' title="bbox 533 2358 2113 2434">
     <span class='ocr_line' id='line_1_37' title="bbox 533 2358 2113 2434; baseline 0.006 -23"><span class='ocrx_word' id='word_1_254' title='bbox 533 2369 641 2412; x_wconf 88' lang='lat' dir='ltr'><strong>tam</strong></span> <span class='ocrx_word' id='word_1_255' title='bbox 689 2358 881 2412; x_wconf 89' lang='lat' dir='ltr'><strong>dicunt</strong></span> <span class='ocrx_word' id='word_1_256' title='bbox 927 2359 1073 2430; x_wconf 77' lang='lat'><em>(16):</em></span> <span class='ocrx_word' id='word_1_257' title='bbox 1122 2361 1366 2416; x_wconf 86' lang='lat' dir='ltr'><strong>arbitror</strong></span> <span class='ocrx_word' id='word_1_258' title='bbox 1411 2372 1594 2417; x_wconf 90' lang='lat' dir='ltr'><strong>autem</strong></span> <span class='ocrx_word' id='word_1_259' title='bbox 1649 2379 1745 2418; x_wconf 86' lang='lat' dir='ltr'><strong>vos</strong></span> <span class='ocrx_word' id='word_1_260' title='bbox 1780 2381 2000 2434; x_wconf 89' lang='lat' dir='ltr'><strong>quoque</strong></span> <span class='ocrx_word' id='word_1_261' title='bbox 2032 2367 2113 2421; x_wconf 92' lang='lat' dir='ltr'><strong>sic</strong></span> 
     </span>
    </p>
   </div>
   <div class='ocr_carea' id='block_1_38' title="bbox 531 2449 2112 2526">
    <p class='ocr_par' dir='ltr' id='par_1_38' title="bbox 531 2449 2112 2526">
     <span class='ocr_line' id='line_1_38' title="bbox 531 2449 2112 2526; baseline 0.007 -22"><span class='ocrx_word' id='word_1_262' title='bbox 531 2449 738 2504; x_wconf 88' lang='lat' dir='ltr'><strong>dicere.</strong></span> <span class='ocrx_word' id='word_1_263' title='bbox 765 2451 837 2505; x_wconf 80' lang='lat' dir='ltr'><strong>At</strong></span> <span class='ocrx_word' id='word_1_264' title='bbox 866 2452 1036 2515; x_wconf 89' lang='lat' dir='ltr'><strong>enim,</strong></span> <span class='ocrx_word' id='word_1_265' title='bbox 1072 2452 1117 2506; x_wconf 93' lang='lat' dir='ltr'><strong>si</strong></span> <span class='ocrx_word' id='word_1_266' title='bbox 1160 2453 1267 2507; x_wconf 91' lang='lat' dir='ltr'><strong>hoc</strong></span> <span class='ocrx_word' id='word_1_267' title='bbox 1314 2454 1390 2509; x_wconf 90' lang='lat' dir='ltr'><strong>ita</strong></span> <span class='ocrx_word' id='word_1_268' title='bbox 1447 2455 1884 2526; x_wconf 86' lang='lat' dir='ltr'><strong>intelligendum,</strong></span> <span class='ocrx_word' id='word_1_269' title='bbox 1909 2471 1971 2514; x_wconf 92' lang='lat' dir='ltr'><strong>ut</strong></span> <span class='ocrx_word' id='word_1_270' title='bbox 2005 2476 2112 2515; x_wconf 88' lang='lat' dir='ltr'><strong>una</strong></span> 
     </span>
    </p>
   </div>
   <div class='ocr_carea' id='block_1_39' title="bbox 528 2541 2108 2617">
    <p class='ocr_par' dir='ltr' id='par_1_39' title="bbox 528 2541 2108 2617">
     <span class='ocr_line' id='line_1_39' title="bbox 528 2541 2108 2617; baseline 0.007 -21"><span class='ocrx_word' id='word_1_271' title='bbox 528 2541 602 2596; x_wconf 87' lang='lat' dir='ltr'><strong>sit</strong></span> <span class='ocrx_word' id='word_1_272' title='bbox 630 2542 726 2596; x_wconf 89' lang='lat' dir='ltr'><strong>Dei</strong></span> <span class='ocrx_word' id='word_1_273' title='bbox 758 2558 822 2597; x_wconf 91' lang='lat' dir='ltr'><strong>ac</strong></span> <span class='ocrx_word' id='word_1_274' title='bbox 866 2543 1053 2598; x_wconf 91' lang='lat' dir='ltr'><strong>carnis</strong></span> <span class='ocrx_word' id='word_1_275' title='bbox 1095 2545 1437 2613; x_wconf 88' lang='lat' dir='ltr'><strong>substantia;</strong></span> <span class='ocrx_word' id='word_1_276' title='bbox 1472 2563 1710 2617; x_wconf 90' lang='lat' dir='ltr'><strong>quonam</strong></span> <span class='ocrx_word' id='word_1_277' title='bbox 1768 2551 1932 2606; x_wconf 86' lang='lat' dir='ltr'><strong>modo</strong></span> <span class='ocrx_word' id='word_1_278' title='bbox 1990 2551 2108 2606; x_wconf 82' lang='lat' dir='ltr'><strong>ﬁeri</strong></span> 
     </span>
    </p>
   </div>
   <div class='ocr_carea' id='block_1_40' title="bbox 530 2634 2110 2714">
    <p class='ocr_par' dir='ltr' id='par_1_40' title="bbox 530 2634 2110 2714">
     <span class='ocr_line' id='line_1_40' title="bbox 530 2634 2110 2714; baseline 0.009 -28"><span class='ocrx_word' id='word_1_279' title='bbox 530 2641 710 2702; x_wconf 88' lang='lat' dir='ltr'><strong>potest</strong></span> <span class='ocrx_word' id='word_1_280' title='bbox 757 2643 814 2688; x_wconf 89' lang='lat' dir='ltr'><strong>ut</strong></span> <span class='ocrx_word' id='word_1_281' title='bbox 855 2634 999 2690; x_wconf 89' lang='lat' dir='ltr'><strong>idem</strong></span> <span class='ocrx_word' id='word_1_282' title='bbox 1031 2645 1277 2692; x_wconf 88' lang='lat' dir='ltr'><strong>creatum</strong></span> <span class='ocrx_word' id='word_1_283' title='bbox 1320 2640 1392 2693; x_wconf 90' lang='lat' dir='ltr'><strong>sit</strong></span> <span class='ocrx_word' id='word_1_284' title='bbox 1430 2656 1555 2695; x_wconf 84' lang='lat' dir='ltr'><strong>cum</strong></span> <span class='ocrx_word' id='word_1_285' title='bbox 1582 2641 1850 2709; x_wconf 90' lang='lat' dir='ltr'><strong>increato,</strong></span> <span class='ocrx_word' id='word_1_286' title='bbox 1883 2645 2110 2714; x_wconf 77' lang='lat' dir='ltr'><strong>etquod</strong></span> 
     </span>
    </p>
   </div>
   <div class='ocr_carea' id='block_1_41' title="bbox 527 2725 2110 2804">
    <p class='ocr_par' dir='ltr' id='par_1_41' title="bbox 527 2725 2110 2804">
     <span class='ocr_line' id='line_1_41' title="bbox 527 2725 2110 2804; baseline 0.006 -24"><span class='ocrx_word' id='word_1_287' title='bbox 527 2733 614 2780; x_wconf 87' lang='lat' dir='ltr'><strong>est</strong></span> <span class='ocrx_word' id='word_1_288' title='bbox 647 2725 1045 2792; x_wconf 88' lang='lat' dir='ltr'><strong>sempiternum</strong></span> <span class='ocrx_word' id='word_1_289' title='bbox 1080 2744 1205 2803; x_wconf 88' lang='lat' dir='ltr'><strong>cum</strong></span> <span class='ocrx_word' id='word_1_290' title='bbox 1236 2744 1304 2784; x_wconf 91' lang='lat' dir='ltr'><strong>eo</strong></span> <span class='ocrx_word' id='word_1_291' title='bbox 1338 2732 1486 2799; x_wconf 92' lang='lat' dir='ltr'><strong>quod</strong></span> <span class='ocrx_word' id='word_1_292' title='bbox 1538 2734 1770 2802; x_wconf 90' lang='lat' dir='ltr'><strong>tempori</strong></span> <span class='ocrx_word' id='word_1_293' title='bbox 1801 2735 2110 2804; x_wconf 84' lang='lat' dir='ltr'><strong>subjectum</strong></span> 
     </span>
    </p>
   </div>
   <div class='ocr_carea' id='block_1_42' title="bbox 527 2816 2110 2888">
    <p class='ocr_par' dir='ltr' id='par_1_42' title="bbox 527 2816 2110 2888">
     <span class='ocr_line' id='line_1_42' title="bbox 527 2816 2110 2888; baseline 0.005 -19"><span class='ocrx_word' id='word_1_294' title='bbox 527 2817 651 2869; x_wconf 89' lang='lat' dir='ltr'><strong>est?</strong></span> <span class='ocrx_word' id='word_1_295' title='bbox 677 2816 772 2870; x_wconf 90' lang='lat' dir='ltr'><strong>Sin</strong></span> <span class='ocrx_word' id='word_1_296' title='bbox 806 2825 990 2870; x_wconf 89' lang='lat' dir='ltr'><strong>autem</strong></span> <span class='ocrx_word' id='word_1_297' title='bbox 1014 2816 1244 2883; x_wconf 90' lang='lat' dir='ltr'><strong>ideirco,</strong></span> <span class='ocrx_word' id='word_1_298' title='bbox 1273 2820 1419 2888; x_wconf 92' lang='lat' dir='ltr'><strong>quod</strong></span> <span class='ocrx_word' id='word_1_299' title='bbox 1453 2838 1560 2876; x_wconf 90' lang='lat' dir='ltr'><strong>una</strong></span> <span class='ocrx_word' id='word_1_300' title='bbox 1585 2832 1781 2877; x_wconf 90' lang='lat' dir='ltr'><strong>natura</strong></span> <span class='ocrx_word' id='word_1_301' title='bbox 1810 2823 2009 2877; x_wconf 88' lang='lat' dir='ltr'><strong>habeat</strong></span> <span class='ocrx_word' id='word_1_302' title='bbox 2033 2824 2110 2877; x_wconf 87' lang='lat' dir='ltr'><strong>al-</strong></span> 
     </span>
    </p>
   </div>
   <div class='ocr_carea' id='block_1_43' title="bbox 530 2907 2109 2980">
    <p class='ocr_par' dir='ltr' id='par_1_43' title="bbox 530 2907 2109 2980">
     <span class='ocr_line' id='line_1_43' title="bbox 530 2907 2109 2980; baseline 0.004 -20"><span class='ocrx_word' id='word_1_303' title='bbox 530 2914 726 2971; x_wconf 85' lang='lat' dir='ltr'><strong>teram,</strong></span> <span class='ocrx_word' id='word_1_304' title='bbox 752 2914 846 2959; x_wconf 90' lang='lat' dir='ltr'><strong>aut</strong></span> <span class='ocrx_word' id='word_1_305' title='bbox 875 2907 944 2960; x_wconf 89' lang='lat' dir='ltr'><strong>ab</strong></span> <span class='ocrx_word' id='word_1_306' title='bbox 972 2908 1142 2961; x_wconf 83' lang='lat' dir='ltr'><strong>altera</strong></span> <span class='ocrx_word' id='word_1_307' title='bbox 1179 2908 1470 2974; x_wconf 89' lang='lat' dir='ltr'><strong>habeatur,</strong></span> <span class='ocrx_word' id='word_1_308' title='bbox 1501 2912 1625 2980; x_wconf 88' lang='lat' dir='ltr'><strong>quis</strong></span> <span class='ocrx_word' id='word_1_309' title='bbox 1668 2927 1834 2966; x_wconf 89' lang='lat' dir='ltr'><strong>unam</strong></span> <span class='ocrx_word' id='word_1_310' title='bbox 1859 2922 1915 2967; x_wconf 87' lang='lat' dir='ltr'><strong>et</strong></span> <span class='ocrx_word' id='word_1_311' title='bbox 1942 2927 2109 2967; x_wconf 86' lang='lat' dir='ltr'><strong>unam</strong></span> 
     </span>
    </p>
   </div>
   <div class='ocr_carea' id='block_1_44' title="bbox 529 2997 1633 3068">
    <p class='ocr_par' dir='ltr' id='par_1_44' title="bbox 529 2997 1633 3068">
     <span class='ocr_line' id='line_1_44' title="bbox 529 2997 1633 3068; baseline 0.006 -19"><span class='ocrx_word' id='word_1_312' title='bbox 529 3011 640 3050; x_wconf 91' lang='lat' dir='ltr'><strong>non</strong></span> <span class='ocrx_word' id='word_1_313' title='bbox 661 2997 817 3061; x_wconf 86' lang='lat' dir='ltr'><strong>duas,</strong></span> <span class='ocrx_word' id='word_1_314' title='bbox 852 2997 947 3051; x_wconf 90' lang='lat' dir='ltr'><strong>sed</strong></span> <span class='ocrx_word' id='word_1_315' title='bbox 974 3014 1138 3052; x_wconf 89' lang='lat' dir='ltr'><strong>unam</strong></span> <span class='ocrx_word' id='word_1_316' title='bbox 1162 3000 1427 3068; x_wconf 89' lang='lat' dir='ltr'><strong>appellari</strong></span> <span class='ocrx_word' id='word_1_317' title='bbox 1451 3001 1633 3056; x_wconf 83' lang='lat' dir='ltr'><strong>ferat?</strong></span> 
     </span>
    </p>
   </div>
   <div class='ocr_carea' id='block_1_45' title="bbox 605 3086 2107 3165">
    <p class='ocr_par' dir='ltr' id='par_1_45' title="bbox 605 3086 2107 3165">
     <span class='ocr_line' id='line_1_45' title="bbox 605 3086 2107 3165; baseline 0.007 -24"><span class='ocrx_word' id='word_1_318' title='bbox 605 3086 665 3140; x_wconf 89' lang='lat' dir='ltr'><strong>V.</strong></span> <span class='ocrx_word' id='word_1_319' title='bbox 692 3087 748 3142; x_wconf 91' lang='lat' dir='ltr'><strong>Si</strong></span> <span class='ocrx_word' id='word_1_320' title='bbox 777 3103 884 3142; x_wconf 87' lang='lat' dir='ltr'><strong>una</strong></span> <span class='ocrx_word' id='word_1_321' title='bbox 922 3098 1117 3143; x_wconf 90' lang='lat' dir='ltr'><strong>natura</strong></span> <span class='ocrx_word' id='word_1_322' title='bbox 1154 3090 1251 3144; x_wconf 88' lang='lat' dir='ltr'><strong>Dei</strong></span> <span class='ocrx_word' id='word_1_323' title='bbox 1286 3091 1452 3146; x_wconf 84' lang='lat' dir='ltr'><strong>Verbi</strong></span> <span class='ocrx_word' id='word_1_324' title='bbox 1503 3102 1557 3147; x_wconf 92' lang='lat' dir='ltr'><strong>et</strong></span> <span class='ocrx_word' id='word_1_325' title='bbox 1598 3094 1801 3160; x_wconf 90' lang='lat' dir='ltr'><strong>Patris,</strong></span> <span class='ocrx_word' id='word_1_326' title='bbox 1828 3095 2107 3165; x_wconf 92' lang='lat' dir='ltr'><strong>quomodo</strong></span> 
     </span>
    </p>
   </div>
   <div class='ocr_carea' id='block_1_46' title="bbox 530 3180 2181 3278">
    <p class='ocr_par' dir='ltr' id='par_1_46' title="bbox 530 3180 2181 3278">
     <span class='ocr_line' id='line_1_46' title="bbox 530 3180 2181 3278; baseline 0.007 -48"><span class='ocrx_word' id='word_1_327' title='bbox 530 3192 639 3232; x_wconf 89' lang='lat' dir='ltr'><strong>non</strong></span> <span class='ocrx_word' id='word_1_328' title='bbox 685 3194 791 3231; x_wconf 90' lang='lat' dir='ltr'><strong>una</strong></span> <span class='ocrx_word' id='word_1_329' title='bbox 823 3189 1019 3232; x_wconf 86' lang='lat' dir='ltr'><strong>natura</strong></span> <span class='ocrx_word' id='word_1_330' title='bbox 1049 3180 1147 3235; x_wconf 91' lang='lat' dir='ltr'><strong>Dei</strong></span> <span class='ocrx_word' id='word_1_331' title='bbox 1178 3181 1340 3235; x_wconf 83' lang='lat' dir='ltr'><strong>Verbi</strong></span> <span class='ocrx_word' id='word_1_332' title='bbox 1372 3191 1427 3236; x_wconf 90' lang='lat' dir='ltr'><strong>et</strong></span> <span class='ocrx_word' id='word_1_333' title='bbox 1453 3184 1631 3239; x_wconf 86' lang='lat' dir='ltr'><strong>Patris</strong></span> <span class='ocrx_word' id='word_1_334' title='bbox 1660 3195 1716 3239; x_wconf 92' lang='lat' dir='ltr'><strong>et</strong></span> <span class='ocrx_word' id='word_1_335' title='bbox 1745 3186 1968 3241; x_wconf 78' lang='lat' dir='ltr'><strong>carnis?</strong></span> <span class='ocrx_word' id='word_1_336' title='bbox 2110 3202 2181 3278; x_wconf 58' lang='grc' dir='ltr'><strong>’Β</strong></span> 
     </span>
    </p>
   </div>
   <div class='ocr_carea' id='block_1_47' title="bbox 604 3352 2108 3412">
    <p class='ocr_par' dir='ltr' id='par_1_47' title="bbox 604 3352 2108 3412">
     <span class='ocr_line' id='line_1_47' title="bbox 604 3352 2108 3412; baseline 0.002 -4"><span class='ocrx_word' id='word_1_337' title='bbox 604 3353 690 3408; x_wconf 93' lang='lat' dir='ltr'><strong>Vl.</strong></span> <span class='ocrx_word' id='word_1_338' title='bbox 720 3352 774 3408; x_wconf 89' lang='lat' dir='ltr'><strong>Si</strong></span> <span class='ocrx_word' id='word_1_339' title='bbox 802 3354 951 3408; x_wconf 88' lang='lat' dir='ltr'><strong>nulla</strong></span> <span class='ocrx_word' id='word_1_340' title='bbox 983 3352 1195 3408; x_wconf 83' lang='lat' dir='ltr'><strong>ratione</strong></span> <span class='ocrx_word' id='word_1_341' title='bbox 1226 3353 1369 3408; x_wconf 90' lang='lat' dir='ltr'><strong>Deus</strong></span> <span class='ocrx_word' id='word_1_342' title='bbox 1395 3355 1633 3409; x_wconf 87' lang='lat' dir='ltr'><strong>Verbum</strong></span> <span class='ocrx_word' id='word_1_343' title='bbox 1686 3367 1743 3412; x_wconf 94' lang='lat' dir='ltr'><strong>ct</strong></span> <span class='ocrx_word' id='word_1_344' title='bbox 1799 3373 1928 3411; x_wconf 88' lang='lat' dir='ltr'><strong>caro</strong></span> <span class='ocrx_word' id='word_1_345' title='bbox 1978 3366 2108 3411; x_wconf 91' lang='lat' dir='ltr'><strong>sunt</strong></span> 
     </span>
    </p>
   </div>
   <div class='ocr_carea' id='block_1_48' title="bbox 531 3446 2110 3516">
    <p class='ocr_par' dir='ltr' id='par_1_48' title="bbox 531 3446 2110 3516">
     <span class='ocr_line' id='line_1_48' title="bbox 531 3446 2110 3516; baseline 0 -16"><span class='ocrx_word' id='word_1_346' title='bbox 531 3448 662 3511; x_wconf 83' lang='lat' dir='ltr'><strong>duo,</strong></span> <span class='ocrx_word' id='word_1_347' title='bbox 704 3446 979 3516; x_wconf 91' lang='lat' dir='ltr'><strong>quomodo</strong></span> <span class='ocrx_word' id='word_1_348' title='bbox 1009 3463 1118 3500; x_wconf 89' lang='lat' dir='ltr'><strong>non</strong></span> <span class='ocrx_word' id='word_1_349' title='bbox 1172 3447 1320 3501; x_wconf 90' lang='lat' dir='ltr'><strong>omni</strong></span> <span class='ocrx_word' id='word_1_350' title='bbox 1364 3448 1575 3502; x_wconf 86' lang='lat' dir='ltr'><strong>ratione</strong></span> <span class='ocrx_word' id='word_1_351' title='bbox 1606 3448 1748 3502; x_wconf 88' lang='lat' dir='ltr'><strong>Deus</strong></span> <span class='ocrx_word' id='word_1_352' title='bbox 1784 3446 2023 3501; x_wconf 86' lang='lat' dir='ltr'><strong>Verbum</strong></span> <span class='ocrx_word' id='word_1_353' title='bbox 2054 3454 2110 3502; x_wconf 91' lang='lat' dir='ltr'><strong>et</strong></span> 
     </span>
    </p>
   </div>
   <div class='ocr_carea' id='block_1_49' title="bbox 531 3538 2111 3609">
    <p class='ocr_par' dir='ltr' id='par_1_49' title="bbox 531 3538 2111 3609">
     <span class='ocr_line' id='line_1_49' title="bbox 531 3538 2111 3609; baseline 0 -15"><span class='ocrx_word' id='word_1_354' title='bbox 531 3554 659 3594; x_wconf 86' lang='lat' dir='ltr'><strong>caro</strong></span> <span class='ocrx_word' id='word_1_355' title='bbox 697 3554 869 3593; x_wconf 90' lang='lat' dir='ltr'><strong>unum</strong></span> <span class='ocrx_word' id='word_1_356' title='bbox 913 3540 1075 3592; x_wconf 85' lang='lat' dir='ltr'><strong>sunt?</strong></span> <span class='ocrx_word' id='word_1_357' title='bbox 1118 3540 1215 3604; x_wconf 83' lang='lat' dir='ltr'><strong>Ac,</strong></span> <span class='ocrx_word' id='word_1_358' title='bbox 1247 3540 1291 3595; x_wconf 91' lang='lat' dir='ltr'><strong>si</strong></span> <span class='ocrx_word' id='word_1_359' title='bbox 1323 3539 1546 3609; x_wconf 86' lang='lat' dir='ltr'><strong>quidem</strong></span> <span class='ocrx_word' id='word_1_360' title='bbox 1598 3540 1743 3593; x_wconf 86' lang='lat' dir='ltr'><strong>Deus</strong></span> <span class='ocrx_word' id='word_1_361' title='bbox 1776 3538 2016 3593; x_wconf 88' lang='lat' dir='ltr'><strong>Verbum</strong></span> <span class='ocrx_word' id='word_1_362' title='bbox 2054 3547 2111 3594; x_wconf 90' lang='lat' dir='ltr'><strong>et</strong></span> 
     </span>
    </p>
   </div>
   <div class='ocr_carea' id='block_1_50' title="bbox 530 3628 2109 3698">
    <p class='ocr_par' dir='ltr' id='par_1_50' title="bbox 530 3628 2109 3698">
     <span class='ocr_line' id='line_1_50' title="bbox 530 3628 2109 3698; baseline 0 -14"><span class='ocrx_word' id='word_1_363' title='bbox 530 3646 660 3684; x_wconf 88' lang='lat' dir='ltr'><strong>caro</strong></span> <span class='ocrx_word' id='word_1_364' title='bbox 690 3630 840 3683; x_wconf 89' lang='lat' dir='ltr'><strong>omni</strong></span> <span class='ocrx_word' id='word_1_365' title='bbox 884 3630 1097 3684; x_wconf 87' lang='lat' dir='ltr'><strong>ratione</strong></span> <span class='ocrx_word' id='word_1_366' title='bbox 1157 3630 1304 3684; x_wconf 91' lang='lat' dir='ltr'><strong>idem</strong></span> <span class='ocrx_word' id='word_1_367' title='bbox 1367 3637 1515 3696; x_wconf 89' lang='lat' dir='ltr'><strong>sunt,</strong></span> <span class='ocrx_word' id='word_1_368' title='bbox 1560 3628 1837 3698; x_wconf 89' lang='lat' dir='ltr'><strong>quomodo</strong></span> <span class='ocrx_word' id='word_1_369' title='bbox 1867 3629 2109 3684; x_wconf 89' lang='lat' dir='ltr'><strong>Verbum</strong></span> 
     </span>
    </p>
   </div>
   <div class='ocr_carea' id='block_1_51' title="bbox 532 3719 2108 3789">
    <p class='ocr_par' dir='ltr' id='par_1_51' title="bbox 532 3719 2108 3789">
     <span class='ocr_line' id='line_1_51' title="bbox 532 3719 2108 3789; baseline -0.001 -14"><span class='ocrx_word' id='word_1_370' title='bbox 532 3735 662 3775; x_wconf 92' lang='lat' dir='ltr'><strong>caro</strong></span> <span class='ocrx_word' id='word_1_371' title='bbox 692 3736 800 3774; x_wconf 90' lang='lat' dir='ltr'><strong>non</strong></span> <span class='ocrx_word' id='word_1_372' title='bbox 832 3720 960 3786; x_wconf 88' lang='lat' dir='ltr'><strong>erit,</strong></span> <span class='ocrx_word' id='word_1_373' title='bbox 990 3729 1049 3775; x_wconf 91' lang='lat' dir='ltr'><strong>et</strong></span> <span class='ocrx_word' id='word_1_374' title='bbox 1078 3736 1207 3774; x_wconf 91' lang='lat' dir='ltr'><strong>caro</strong></span> <span class='ocrx_word' id='word_1_375' title='bbox 1234 3720 1496 3784; x_wconf 91' lang='lat' dir='ltr'><strong>Verbum,</strong></span> <span class='ocrx_word' id='word_1_376' title='bbox 1547 3719 1808 3789; x_wconf 87' lang='lat' dir='ltr'><strong>Patrique</strong></span> <span class='ocrx_word' id='word_1_377' title='bbox 1834 3729 2108 3774; x_wconf 66' lang='lat' dir='ltr'><strong>eoa-terna</strong></span> 
     </span>
    </p>
   </div>
   <div class='ocr_carea' id='block_1_52' title="bbox 531 3810 2110 3866">
    <p class='ocr_par' dir='ltr' id='par_1_52' title="bbox 531 3810 2110 3866">
     <span class='ocr_line' id='line_1_52' title="bbox 531 3810 2110 3866; baseline -0.002 0"><span class='ocrx_word' id='word_1_378' title='bbox 531 3821 589 3866; x_wconf 90' lang='lat' dir='ltr'><strong>et</strong></span> <span class='ocrx_word' id='word_1_379' title='bbox 625 3811 1117 3866; x_wconf 88' lang='lat' dir='ltr'><strong>consubstantialis</strong></span> <span class='ocrx_word' id='word_1_380' title='bbox 1171 3810 1317 3865; x_wconf 87' lang='lat' dir='ltr'><strong>haud</strong></span> <span class='ocrx_word' id='word_1_381' title='bbox 1353 3825 1513 3864; x_wconf 83' lang='lat' dir='ltr'><strong>secus</strong></span> <span class='ocrx_word' id='word_1_382' title='bbox 1552 3826 1618 3865; x_wconf 92' lang='lat' dir='ltr'><strong>ac</strong></span> <span class='ocrx_word' id='word_1_383' title='bbox 1658 3810 1802 3865; x_wconf 90' lang='lat' dir='ltr'><strong>Deus</strong></span> <span class='ocrx_word' id='word_1_384' title='bbox 1830 3811 2110 3866; x_wconf 88' lang='lat' dir='ltr'><strong>Verbum?</strong></span> 
     </span>
    </p>
   </div>
   <div class='ocr_carea' id='block_1_53' title="bbox 533 3900 2111 3957">
    <p class='ocr_par' dir='ltr' id='par_1_53' title="bbox 533 3900 2111 3957">
     <span class='ocr_line' id='line_1_53' title="bbox 533 3900 2111 3957; baseline -0.002 0"><span class='ocrx_word' id='word_1_385' title='bbox 533 3902 628 3957; x_wconf 86' lang='lat' dir='ltr'><strong>Sin</strong></span> <span class='ocrx_word' id='word_1_386' title='bbox 668 3911 854 3957; x_wconf 89' lang='lat' dir='ltr'><strong>autem</strong></span> <span class='ocrx_word' id='word_1_387' title='bbox 904 3918 1014 3957; x_wconf 92' lang='lat' dir='ltr'><strong>non</strong></span> <span class='ocrx_word' id='word_1_388' title='bbox 1058 3901 1205 3956; x_wconf 92' lang='lat' dir='ltr'><strong>omni</strong></span> <span class='ocrx_word' id='word_1_389' title='bbox 1251 3901 1412 3954; x_wconf 89' lang='lat' dir='ltr'><strong>modo</strong></span> <span class='ocrx_word' id='word_1_390' title='bbox 1448 3901 1592 3955; x_wconf 90' lang='lat' dir='ltr'><strong>Deus</strong></span> <span class='ocrx_word' id='word_1_391' title='bbox 1630 3900 1869 3956; x_wconf 86' lang='lat' dir='ltr'><strong>Verbum</strong></span> <span class='ocrx_word' id='word_1_392' title='bbox 1894 3908 1951 3956; x_wconf 88' lang='lat' dir='ltr'><strong>et</strong></span> <span class='ocrx_word' id='word_1_393' title='bbox 1980 3916 2111 3956; x_wconf 89' lang='lat' dir='ltr'><strong>caro</strong></span> 
     </span>
    </p>
   </div>
   <div class='ocr_carea' id='block_1_54' title="bbox 2214 1975 3571 2047">
    <p class='ocr_par' dir='ltr' id='par_1_54' title="bbox 2214 1975 3571 2047">
     <span class='ocr_line' id='line_1_54' title="bbox 2214 1975 3571 2047; baseline 0.001 -19"><span class='ocrx_word' id='word_1_394' title='bbox 2214 1975 2350 2028; x_wconf 83' lang='grc' dir='ltr'>Θεοῦ</span> <span class='ocrx_word' id='word_1_395' title='bbox 2391 1975 2593 2044; x_wconf 82' lang='grc' dir='ltr'><strong>Λόγου,</strong></span> <span class='ocrx_word' id='word_1_396' title='bbox 2639 1975 2754 2039; x_wconf 81' lang='grc' dir='ltr'>πῶς</span> <span class='ocrx_word' id='word_1_397' title='bbox 2786 1976 2847 2028; x_wconf 82' lang='grc' dir='ltr'>οὐ</span> <span class='ocrx_word' id='word_1_398' title='bbox 2874 1976 2968 2029; x_wconf 83' lang='grc' dir='ltr'><strong>δύο</strong></span> <span class='ocrx_word' id='word_1_399' title='bbox 3001 1978 3215 2045; x_wconf 69' lang='grc' dir='ltr'>φύσεων</span> <span class='ocrx_word' id='word_1_400' title='bbox 3239 1978 3267 2029; x_wconf 87' lang='lat'><strong>6</strong></span> <span class='ocrx_word' id='word_1_401' title='bbox 3298 1978 3571 2047; x_wconf 80' lang='grc' dir='ltr'><strong>Χριστός;</strong></span> 
     </span>
    </p>
   </div>
   <div class='ocr_carea' id='block_1_55' title="bbox 2283 2253 3791 2325">
    <p class='ocr_par' dir='ltr' id='par_1_55' title="bbox 2283 2253 3791 2325">
     <span class='ocr_line' id='line_1_55' title="bbox 2283 2253 3791 2325; baseline -0.001 -17"><span class='ocrx_word' id='word_1_402' title='bbox 2283 2257 2357 2310; x_wconf 89' lang='grc' dir='ltr'><strong>Δ’.</strong></span> <span class='ocrx_word' id='word_1_403' title='bbox 2391 2256 2535 2309; x_wconf 83' lang='grc' dir='ltr'><strong>Μίαν</strong></span> <span class='ocrx_word' id='word_1_404' title='bbox 2555 2254 2714 2325; x_wconf 82' lang='grc' dir='ltr'>φύσιν</span> <span class='ocrx_word' id='word_1_405' title='bbox 2729 2253 2819 2307; x_wconf 83' lang='grc' dir='ltr'>τοῦ</span> <span class='ocrx_word' id='word_1_406' title='bbox 2837 2254 2970 2307; x_wconf 83' lang='grc' dir='ltr'><strong>Θεοῦ</strong></span> <span class='ocrx_word' id='word_1_407' title='bbox 2996 2254 3170 2321; x_wconf 74' lang='grc' dir='ltr'><strong>Λόγου</strong></span> <span class='ocrx_word' id='word_1_408' title='bbox 3209 2253 3633 2324; x_wconf 75' lang='grc' dir='ltr'><strong>σεσαρκωμένην</strong></span> <span class='ocrx_word' id='word_1_409' title='bbox 3657 2253 3791 2323; x_wconf 80' lang='grc' dir='ltr'>φασί</span> 
     </span>
    </p>
   </div>
   <div class='ocr_carea' id='block_1_56' title="bbox 2212 2344 3790 2418">
    <p class='ocr_par' dir='ltr' id='par_1_56' title="bbox 2212 2344 3790 2418">
     <span class='ocr_line' id='line_1_56' title="bbox 2212 2344 3790 2418; baseline 0 -17"><span class='ocrx_word' id='word_1_410' title='bbox 2212 2366 2355 2412; x_wconf 86' lang='grc' dir='ltr'>τινες</span> <span class='ocrx_word' id='word_1_411' title='bbox 2379 2366 2392 2378; x_wconf 87' lang='grc'><strong>·</strong></span> <span class='ocrx_word' id='word_1_412' title='bbox 2425 2344 2579 2417; x_wconf 73' lang='grc' dir='ltr'>οἶμαι</span> <span class='ocrx_word' id='word_1_413' title='bbox 2608 2347 2664 2400; x_wconf 81' lang='grc' dir='ltr'><strong>δὲ</strong></span> <span class='ocrx_word' id='word_1_414' title='bbox 2696 2347 2790 2399; x_wconf 79' lang='grc' dir='ltr'>καὶ</span> <span class='ocrx_word' id='word_1_415' title='bbox 2821 2345 2966 2415; x_wconf 80' lang='grc' dir='ltr'><strong>ὑμᾶς</strong></span> <span class='ocrx_word' id='word_1_416' title='bbox 2998 2344 3143 2399; x_wconf 77' lang='grc' dir='ltr'><strong>οὕτω</strong></span> <span class='ocrx_word' id='word_1_417' title='bbox 3181 2345 3384 2414; x_wconf 79' lang='grc' dir='ltr'><strong>λέγειν.</strong></span> <span class='ocrx_word' id='word_1_418' title='bbox 3430 2346 3571 2399; x_wconf 84' lang='grc' dir='ltr'>Ἀλλ’</span> <span class='ocrx_word' id='word_1_419' title='bbox 3600 2348 3651 2399; x_wconf 79' lang='grc' dir='ltr'>εἰ</span> <span class='ocrx_word' id='word_1_420' title='bbox 3687 2347 3790 2418; x_wconf 81' lang='grc' dir='ltr'><strong>μὲν</strong></span> 
     </span>
    </p>
   </div>
   <div class='ocr_carea' id='block_1_57' title="bbox 2216 2437 3785 2512">
    <p class='ocr_par' dir='ltr' id='par_1_57' title="bbox 2216 2437 3785 2512">
     <span class='ocr_line' id='line_1_57' title="bbox 2216 2437 3785 2512; baseline -0.001 -19"><span class='ocrx_word' id='word_1_421' title='bbox 2216 2443 2344 2512; x_wconf 80' lang='grc' dir='ltr'>μιᾶς</span> <span class='ocrx_word' id='word_1_422' title='bbox 2371 2440 2561 2504; x_wconf 79' lang='grc' dir='ltr'>οὐσίας</span> <span class='ocrx_word' id='word_1_423' title='bbox 2590 2438 2684 2492; x_wconf 85' lang='grc' dir='ltr'>τοῦ</span> <span class='ocrx_word' id='word_1_424' title='bbox 2724 2438 2861 2491; x_wconf 86' lang='grc' dir='ltr'>Θεοῦ</span> <span class='ocrx_word' id='word_1_425' title='bbox 2889 2438 2982 2490; x_wconf 79' lang='grc' dir='ltr'><strong>καὶ</strong></span> <span class='ocrx_word' id='word_1_426' title='bbox 3009 2437 3107 2507; x_wconf 81' lang='grc' dir='ltr'><strong>τῆς</strong></span> <span class='ocrx_word' id='word_1_427' title='bbox 3136 2438 3339 2507; x_wconf 76' lang='grc' dir='ltr'>σαρκὸς</span> <span class='ocrx_word' id='word_1_428' title='bbox 3356 2437 3515 2491; x_wconf 82' lang='grc' dir='ltr'><strong>τοῦτο</strong></span> <span class='ocrx_word' id='word_1_429' title='bbox 3542 2439 3785 2508; x_wconf 81' lang='grc' dir='ltr'><strong>νοητέον,</strong></span> 
     </span>
    </p>
   </div>
   <div class='ocr_carea' id='block_1_58' title="bbox 2212 2527 3789 2600">
    <p class='ocr_par' dir='ltr' id='par_1_58' title="bbox 2212 2527 3789 2600">
     <span class='ocr_line' id='line_1_58' title="bbox 2212 2527 3789 2600; baseline 0 -14"><span class='ocrx_word' id='word_1_430' title='bbox 2212 2534 2328 2597; x_wconf 86' lang='grc' dir='ltr'><strong>πῶς</strong></span> <span class='ocrx_word' id='word_1_431' title='bbox 2362 2527 2474 2585; x_wconf 75' lang='grc' dir='ltr'><strong>οἷόν</strong></span> <span class='ocrx_word' id='word_1_432' title='bbox 2504 2549 2564 2584; x_wconf 82' lang='grc' dir='ltr'>τε</span> <span class='ocrx_word' id='word_1_433' title='bbox 2607 2531 2670 2583; x_wconf 80' lang='grc' dir='ltr'><strong>τὸ</strong></span> <span class='ocrx_word' id='word_1_434' title='bbox 2699 2528 2915 2582; x_wconf 80' lang='grc' dir='ltr'><strong>κτιστὸν</strong></span> <span class='ocrx_word' id='word_1_435' title='bbox 2958 2528 3038 2598; x_wconf 81' lang='grc' dir='ltr'><strong>τῷ</strong></span> <span class='ocrx_word' id='word_1_436' title='bbox 3076 2529 3339 2600; x_wconf 84' lang='grc' dir='ltr'>ἁκτίστῳ,</span> <span class='ocrx_word' id='word_1_437' title='bbox 3373 2532 3471 2583; x_wconf 72' lang='grc' dir='ltr'><strong>καὶ</strong></span> <span class='ocrx_word' id='word_1_438' title='bbox 3506 2531 3571 2584; x_wconf 79' lang='grc' dir='ltr'><strong>τὸ</strong></span> <span class='ocrx_word' id='word_1_439' title='bbox 3619 2532 3789 2587; x_wconf 72' lang='grc' dir='ltr'>ἀΐδιον</span> 
     </span>
    </p>
   </div>
   <div class='ocr_carea' id='block_1_59' title="bbox 2210 2620 3787 2696">
    <p class='ocr_par' dir='ltr' id='par_1_59' title="bbox 2210 2620 3787 2696">
     <span class='ocr_line' id='line_1_59' title="bbox 2210 2620 3787 2696; baseline -0.002 -17"><span class='ocrx_word' id='word_1_440' title='bbox 2210 2626 2289 2696; x_wconf 85' lang='grc' dir='ltr'><strong>τῷ</strong></span> <span class='ocrx_word' id='word_1_441' title='bbox 2315 2627 2418 2678; x_wconf 80' lang='grc' dir='ltr'>ὑπὸ</span> <span class='ocrx_word' id='word_1_442' title='bbox 2455 2624 2644 2695; x_wconf 81' lang='grc' dir='ltr'>χρόνον</span> <span class='ocrx_word' id='word_1_443' title='bbox 2675 2620 2816 2676; x_wconf 76' lang='grc' dir='ltr'>εἶναι</span> <span class='ocrx_word' id='word_1_444' title='bbox 2855 2622 3089 2686; x_wconf 74' lang='grc' dir='ltr'><strong>ταυτόνς</strong></span> <span class='ocrx_word' id='word_1_445' title='bbox 3125 2623 3174 2675; x_wconf 85' lang='grc' dir='ltr'><strong>εί</strong></span> <span class='ocrx_word' id='word_1_446' title='bbox 3202 2622 3261 2674; x_wconf 80' lang='grc' dir='ltr'>δὲ</span> <span class='ocrx_word' id='word_1_447' title='bbox 3302 2621 3377 2683; x_wconf 86' lang='grc' dir='ltr'><strong>ὡς</strong></span> <span class='ocrx_word' id='word_1_448' title='bbox 3415 2624 3545 2690; x_wconf 83' lang='grc' dir='ltr'><strong>μιᾶς</strong></span> <span class='ocrx_word' id='word_1_449' title='bbox 3570 2624 3787 2691; x_wconf 86' lang='grc' dir='ltr'>φύσεως</span> 
     </span>
    </p>
   </div>
   <div class='ocr_carea' id='block_1_60' title="bbox 2211 2713 3788 2787">
    <p class='ocr_par' dir='ltr' id='par_1_60' title="bbox 2211 2713 3788 2787">
     <span class='ocr_line' id='line_1_60' title="bbox 2211 2713 3788 2787; baseline -0.002 -18"><span class='ocrx_word' id='word_1_450' title='bbox 2211 2716 2439 2787; x_wconf 70' lang='grc' dir='ltr'><strong>ἐχούσης</strong></span> <span class='ocrx_word' id='word_1_451' title='bbox 2465 2714 2682 2786; x_wconf 78' lang='grc' dir='ltr'><strong>ἑτέραν,</strong></span> <span class='ocrx_word' id='word_1_452' title='bbox 2719 2714 2753 2784; x_wconf 78' lang='grc' dir='ltr'><strong>ἢ</strong></span> <span class='ocrx_word' id='word_1_453' title='bbox 2786 2714 3053 2784; x_wconf 76' lang='grc' dir='ltr'><strong>ἐχομένης</strong></span> <span class='ocrx_word' id='word_1_454' title='bbox 3085 2713 3174 2782; x_wconf 77' lang='grc' dir='ltr'><strong>ὑφ’</strong></span> <span class='ocrx_word' id='word_1_455' title='bbox 3208 2715 3425 2785; x_wconf 77' lang='grc' dir='ltr'>ἑτέρας,</span> <span class='ocrx_word' id='word_1_456' title='bbox 3458 2713 3540 2776; x_wconf 86' lang='grc' dir='ltr'><strong>τίς</strong></span> <span class='ocrx_word' id='word_1_457' title='bbox 3573 2714 3788 2767; x_wconf 80' lang='grc' dir='ltr'>ὑποίσει</span> 
     </span>
    </p>
   </div>
   <div class='ocr_carea' id='block_1_61' title="bbox 2215 2804 3484 2879">
    <p class='ocr_par' dir='ltr' id='par_1_61' title="bbox 2215 2804 3484 2879">
     <span class='ocr_line' id='line_1_61' title="bbox 2215 2804 3484 2879; baseline -0.004 -19"><span class='ocrx_word' id='word_1_458' title='bbox 2215 2808 2345 2879; x_wconf 84' lang='grc' dir='ltr'>μίαν</span> <span class='ocrx_word' id='word_1_459' title='bbox 2375 2808 2469 2861; x_wconf 78' lang='grc' dir='ltr'>καὶ</span> <span class='ocrx_word' id='word_1_460' title='bbox 2498 2806 2649 2876; x_wconf 84' lang='grc' dir='ltr'>μίαν,</span> <span class='ocrx_word' id='word_1_461' title='bbox 2685 2806 2749 2859; x_wconf 73' lang='grc' dir='ltr'><strong>οὐ</strong></span> <span class='ocrx_word' id='word_1_462' title='bbox 2780 2805 2896 2869; x_wconf 86' lang='grc' dir='ltr'>δύο,</span> <span class='ocrx_word' id='word_1_463' title='bbox 2929 2804 3066 2858; x_wconf 81' lang='grc' dir='ltr'><strong>ἀλλὰ</strong></span> <span class='ocrx_word' id='word_1_464' title='bbox 3114 2806 3242 2875; x_wconf 80' lang='grc' dir='ltr'>μίαν</span> <span class='ocrx_word' id='word_1_465' title='bbox 3265 2807 3437 2857; x_wconf 81' lang='grc' dir='ltr'>εἰπεῖν</span> <span class='ocrx_word' id='word_1_466' title='bbox 3467 2820 3484 2869; x_wconf 88' lang='grc'>;</span> 
     </span>
    </p>
   </div>
   <div class='ocr_carea' id='block_1_62' title="bbox 2283 3080 3772 3153">
    <p class='ocr_par' dir='ltr' id='par_1_62' title="bbox 2283 3080 3772 3153">
     <span class='ocr_line' id='line_1_62' title="bbox 2283 3080 3772 3153; baseline -0.003 -16"><span class='ocrx_word' id='word_1_467' title='bbox 2283 3084 2356 3137; x_wconf 84' lang='grc' dir='ltr'><strong>Ε’.</strong></span> <span class='ocrx_word' id='word_1_468' title='bbox 2385 3083 2446 3135; x_wconf 81' lang='lat' dir='ltr'><strong>Ei</strong></span> <span class='ocrx_word' id='word_1_469' title='bbox 2485 3082 2583 3153; x_wconf 82' lang='grc' dir='ltr'>μία</span> <span class='ocrx_word' id='word_1_470' title='bbox 2612 3080 2771 3151; x_wconf 84' lang='grc' dir='ltr'>φύσις</span> <span class='ocrx_word' id='word_1_471' title='bbox 2806 3080 2899 3134; x_wconf 84' lang='grc' dir='ltr'>τοῦ</span> <span class='ocrx_word' id='word_1_472' title='bbox 2938 3081 3070 3135; x_wconf 85' lang='grc' dir='ltr'>Θεοῦ</span> <span class='ocrx_word' id='word_1_473' title='bbox 3097 3081 3268 3149; x_wconf 82' lang='grc' dir='ltr'><strong>Λόγου</strong></span> <span class='ocrx_word' id='word_1_474' title='bbox 3292 3082 3385 3134; x_wconf 64' lang='grc' dir='ltr'>καὶ</span> <span class='ocrx_word' id='word_1_475' title='bbox 3417 3081 3509 3135; x_wconf 81' lang='grc' dir='ltr'>τοῦ</span> <span class='ocrx_word' id='word_1_476' title='bbox 3537 3083 3772 3152; x_wconf 70' lang='grc' dir='ltr'>Πατρὸο,</span> 
     </span>
    </p>
   </div>
   <div class='ocr_carea' id='block_1_63' title="bbox 2212 3172 3781 3245">
    <p class='ocr_par' dir='ltr' id='par_1_63' title="bbox 2212 3172 3781 3245">
     <span class='ocr_line' id='line_1_63' title="bbox 2212 3172 3781 3245; baseline -0.001 -18"><span class='ocrx_word' id='word_1_477' title='bbox 2212 3175 2328 3237; x_wconf 66' lang='grc' dir='ltr'><strong>πῶς</strong></span> <span class='ocrx_word' id='word_1_478' title='bbox 2356 3176 2417 3226; x_wconf 78' lang='grc' dir='ltr'><strong>οὐ</strong></span> <span class='ocrx_word' id='word_1_479' title='bbox 2468 3174 2566 3245; x_wconf 74' lang='grc' dir='ltr'>μία</span> <span class='ocrx_word' id='word_1_480' title='bbox 2594 3174 2754 3244; x_wconf 78' lang='grc' dir='ltr'>φύσις</span> <span class='ocrx_word' id='word_1_481' title='bbox 2785 3173 2879 3226; x_wconf 87' lang='grc' dir='ltr'>τοῦ</span> <span class='ocrx_word' id='word_1_482' title='bbox 2917 3172 3056 3226; x_wconf 88' lang='grc' dir='ltr'>Θεοῦ</span> <span class='ocrx_word' id='word_1_483' title='bbox 3097 3174 3272 3241; x_wconf 72' lang='grc' dir='ltr'><strong>Λόγου</strong></span> <span class='ocrx_word' id='word_1_484' title='bbox 3317 3174 3414 3226; x_wconf 76' lang='grc' dir='ltr'>καὶ</span> <span class='ocrx_word' id='word_1_485' title='bbox 3445 3173 3538 3226; x_wconf 78' lang='grc' dir='ltr'>τοῦ</span> <span class='ocrx_word' id='word_1_486' title='bbox 3570 3174 3781 3243; x_wconf 65' lang='grc' dir='ltr'><strong>[ἰατρὸς</strong></span> 
     </span>
    </p>
   </div>
   <div class='ocr_carea' id='block_1_64' title="bbox 2212 3262 2700 3332">
    <p class='ocr_par' dir='ltr' id='par_1_64' title="bbox 2212 3262 2700 3332">
     <span class='ocr_line' id='line_1_64' title="bbox 2212 3262 2700 3332; baseline -0.004 -17"><span class='ocrx_word' id='word_1_487' title='bbox 2212 3265 2306 3315; x_wconf 76' lang='grc' dir='ltr'><strong>καὶ</strong></span> <span class='ocrx_word' id='word_1_488' title='bbox 2335 3263 2431 3331; x_wconf 79' lang='grc' dir='ltr'><strong>τῆς</strong></span> <span class='ocrx_word' id='word_1_489' title='bbox 2463 3262 2663 3332; x_wconf 81' lang='grc' dir='ltr'>σαρκός</span> <span class='ocrx_word' id='word_1_490' title='bbox 2687 3279 2700 3325; x_wconf 89' lang='grc'><strong>;</strong></span> 
     </span>
    </p>
   </div>
   <div class='ocr_carea' id='block_1_65' title="bbox 2286 3353 3788 3424">
    <p class='ocr_par' dir='ltr' id='par_1_65' title="bbox 2286 3353 3788 3424">
     <span class='ocr_line' id='line_1_65' title="bbox 2286 3353 3788 3424; baseline 0 -17"><span class='ocrx_word' id='word_1_491' title='bbox 2286 3357 2375 3421; x_wconf 72' lang='grc' dir='ltr'><strong>ς’.</strong></span> <span class='ocrx_word' id='word_1_492' title='bbox 2398 3356 2460 3407; x_wconf 74' lang='lat' dir='ltr'><strong>Et</strong></span> <span class='ocrx_word' id='word_1_493' title='bbox 2488 3356 2609 3407; x_wconf 78' lang='grc' dir='ltr'>κατ’</span> <span class='ocrx_word' id='word_1_494' title='bbox 2628 3353 2780 3406; x_wconf 83' lang='grc' dir='ltr'>οὐδὲν</span> <span class='ocrx_word' id='word_1_495' title='bbox 2801 3353 2893 3405; x_wconf 88' lang='grc' dir='ltr'><strong>δύο</strong></span> <span class='ocrx_word' id='word_1_496' title='bbox 2920 3356 2948 3407; x_wconf 88' lang='lat'><strong>6</strong></span> <span class='ocrx_word' id='word_1_497' title='bbox 2967 3354 3095 3415; x_wconf 72' lang='grc' dir='ltr'>Θεδς</span> <span class='ocrx_word' id='word_1_498' title='bbox 3117 3354 3287 3422; x_wconf 88' lang='grc' dir='ltr'><strong>Λόγος</strong></span> <span class='ocrx_word' id='word_1_499' title='bbox 3313 3356 3405 3407; x_wconf 68' lang='grc' dir='ltr'><strong>καὶ</strong></span> <span class='ocrx_word' id='word_1_500' title='bbox 3431 3357 3463 3424; x_wconf 80' lang='grc' dir='ltr'>ἡ</span> <span class='ocrx_word' id='word_1_501' title='bbox 3494 3356 3652 3420; x_wconf 75' lang='grc' dir='ltr'>σὰρξ,</span> <span class='ocrx_word' id='word_1_502' title='bbox 3672 3355 3788 3419; x_wconf 75' lang='grc' dir='ltr'><strong>πῶς</strong></span> 
     </span>
    </p>
   </div>
   <div class='ocr_carea' id='block_1_66' title="bbox 2211 3446 3787 3517">
    <p class='ocr_par' dir='ltr' id='par_1_66' title="bbox 2211 3446 3787 3517">
     <span class='ocr_line' id='line_1_66' title="bbox 2211 3446 3787 3517; baseline 0.001 -18"><span class='ocrx_word' id='word_1_503' title='bbox 2211 3447 2273 3500; x_wconf 79' lang='grc' dir='ltr'>οὐ</span> <span class='ocrx_word' id='word_1_504' title='bbox 2297 3447 2437 3499; x_wconf 79' lang='grc' dir='ltr'>κατὰ</span> <span class='ocrx_word' id='word_1_505' title='bbox 2470 3446 2646 3500; x_wconf 78' lang='grc' dir='ltr'>πάντα</span> <span class='ocrx_word' id='word_1_506' title='bbox 2699 3446 2757 3498; x_wconf 80' lang='grc' dir='ltr'>ἓν</span> <span class='ocrx_word' id='word_1_507' title='bbox 2794 3449 2822 3500; x_wconf 89' lang='lat'><strong>6</strong></span> <span class='ocrx_word' id='word_1_508' title='bbox 2854 3447 2985 3511; x_wconf 72' lang='grc' dir='ltr'><strong>Θεὸς</strong></span> <span class='ocrx_word' id='word_1_509' title='bbox 3031 3447 3201 3514; x_wconf 88' lang='grc' dir='ltr'><strong>Λόγος</strong></span> <span class='ocrx_word' id='word_1_510' title='bbox 3227 3448 3322 3502; x_wconf 75' lang='grc' dir='ltr'>καὶ</span> <span class='ocrx_word' id='word_1_511' title='bbox 3350 3450 3382 3517; x_wconf 85' lang='grc' dir='ltr'>ἡ</span> <span class='ocrx_word' id='word_1_512' title='bbox 3419 3448 3588 3516; x_wconf 81' lang='grc' dir='ltr'>σάρξ;</span> <span class='ocrx_word' id='word_1_513' title='bbox 3615 3449 3709 3501; x_wconf 85' lang='grc' dir='ltr'><strong>καὶ</strong></span> <span class='ocrx_word' id='word_1_514' title='bbox 3738 3450 3787 3500; x_wconf 82' lang='grc' dir='ltr'><strong>εί</strong></span> 
     </span>
    </p>
   </div>
   <div class='ocr_carea' id='block_1_67' title="bbox 2214 3536 3790 3608">
    <p class='ocr_par' dir='ltr' id='par_1_67' title="bbox 2214 3536 3790 3608">
     <span class='ocr_line' id='line_1_67' title="bbox 2214 3536 3790 3608; baseline 0 -16"><span class='ocrx_word' id='word_1_515' title='bbox 2214 3536 2359 3593; x_wconf 78' lang='grc' dir='ltr'><strong>κατὰ</strong></span> <span class='ocrx_word' id='word_1_516' title='bbox 2389 3539 2565 3591; x_wconf 84' lang='grc' dir='ltr'>πάντα</span> <span class='ocrx_word' id='word_1_517' title='bbox 2595 3536 2653 3591; x_wconf 79' lang='grc' dir='ltr'>ἓν</span> <span class='ocrx_word' id='word_1_518' title='bbox 2676 3539 2705 3591; x_wconf 89' lang='lat'><strong>6</strong></span> <span class='ocrx_word' id='word_1_519' title='bbox 2741 3537 2876 3601; x_wconf 82' lang='grc' dir='ltr'>θεὸς</span> <span class='ocrx_word' id='word_1_520' title='bbox 2914 3537 3083 3605; x_wconf 91' lang='grc' dir='ltr'><strong>Λόγος</strong></span> <span class='ocrx_word' id='word_1_521' title='bbox 3140 3541 3236 3590; x_wconf 72' lang='grc' dir='ltr'><strong>καὶ</strong></span> <span class='ocrx_word' id='word_1_522' title='bbox 3266 3539 3297 3608; x_wconf 78' lang='grc' dir='ltr'><strong>ἡ</strong></span> <span class='ocrx_word' id='word_1_523' title='bbox 3343 3538 3500 3608; x_wconf 67' lang='grc' dir='ltr'>σὰρξ,</span> <span class='ocrx_word' id='word_1_524' title='bbox 3539 3539 3653 3600; x_wconf 82' lang='grc' dir='ltr'><strong>πῶς</strong></span> <span class='ocrx_word' id='word_1_525' title='bbox 3687 3538 3790 3592; x_wconf 73' lang='grc' dir='ltr'><strong>οὐκ</strong></span> 
     </span>
    </p>
   </div>
   <div class='ocr_carea' id='block_1_68' title="bbox 2215 3628 3788 3699">
    <p class='ocr_par' dir='ltr' id='par_1_68' title="bbox 2215 3628 3788 3699">
     <span class='ocr_line' id='line_1_68' title="bbox 2215 3628 3788 3699; baseline -0.002 -17"><span class='ocrx_word' id='word_1_526' title='bbox 2215 3629 2366 3682; x_wconf 75' lang='grc' dir='ltr'>ἔσται</span> <span class='ocrx_word' id='word_1_527' title='bbox 2402 3630 2431 3680; x_wconf 92' lang='lat'><strong>6</strong></span> <span class='ocrx_word' id='word_1_528' title='bbox 2463 3630 2632 3698; x_wconf 87' lang='grc' dir='ltr'><strong>Λόγος</strong></span> <span class='ocrx_word' id='word_1_529' title='bbox 2657 3629 2817 3699; x_wconf 79' lang='grc' dir='ltr'>σὰρξ,</span> <span class='ocrx_word' id='word_1_530' title='bbox 2849 3629 2999 3698; x_wconf 77' lang='grc' dir='ltr'><strong>κα.ὶή</strong></span> <span class='ocrx_word' id='word_1_531' title='bbox 3035 3628 3171 3697; x_wconf 73' lang='grc' dir='ltr'>σὰρξ</span> <span class='ocrx_word' id='word_1_532' title='bbox 3224 3628 3410 3695; x_wconf 76' lang='grc' dir='ltr'><strong>Λόγος,</strong></span> <span class='ocrx_word' id='word_1_533' title='bbox 3460 3628 3553 3682; x_wconf 76' lang='grc' dir='ltr'>καὶ</span> <span class='ocrx_word' id='word_1_534' title='bbox 3598 3628 3788 3681; x_wconf 79' lang='grc' dir='ltr'>συναΐ-</span> 
     </span>
    </p>
   </div>
   <div class='ocr_carea' id='block_1_69' title="bbox 2212 3716 3789 3788">
    <p class='ocr_par' dir='ltr' id='par_1_69' title="bbox 2212 3716 3789 3788">
     <span class='ocr_line' id='line_1_69' title="bbox 2212 3716 3789 3788; baseline -0.003 -16"><span class='ocrx_word' id='word_1_535' title='bbox 2212 3721 2323 3782; x_wconf 84' lang='grc' dir='ltr'><strong>διος</strong></span> <span class='ocrx_word' id='word_1_536' title='bbox 2352 3719 2429 3787; x_wconf 84' lang='grc' dir='ltr'><strong>τῷ</strong></span> <span class='ocrx_word' id='word_1_537' title='bbox 2461 3718 2661 3788; x_wconf 61' lang='lat' dir='ltr'><strong>&quot;arpi,</strong></span> <span class='ocrx_word' id='word_1_538' title='bbox 2694 3720 2788 3770; x_wconf 70' lang='lat' dir='ltr'><strong>xui.</strong></span> <span class='ocrx_word' id='word_1_539' title='bbox 2828 3716 3114 3787; x_wconf 81' lang='grc' dir='ltr'><strong>ὀμοούσιος</strong></span> <span class='ocrx_word' id='word_1_540' title='bbox 3155 3718 3230 3779; x_wconf 83' lang='grc' dir='ltr'><strong>ὡς</strong></span> <span class='ocrx_word' id='word_1_541' title='bbox 3257 3719 3284 3769; x_wconf 90' lang='lat'><strong>6</strong></span> <span class='ocrx_word' id='word_1_542' title='bbox 3327 3718 3458 3781; x_wconf 81' lang='grc' dir='ltr'>Θεὸς</span> <span class='ocrx_word' id='word_1_543' title='bbox 3494 3717 3701 3783; x_wconf 78' lang='grc' dir='ltr'><strong>Λόγος;</strong></span> <span class='ocrx_word' id='word_1_544' title='bbox 3736 3717 3789 3767; x_wconf 83' lang='grc' dir='ltr'><strong>εί</strong></span> 
     </span>
    </p>
   </div>
   <div class='ocr_carea' id='block_1_70' title="bbox 2211 3808 3787 3877">
    <p class='ocr_par' dir='ltr' id='par_1_70' title="bbox 2211 3808 3787 3877">
     <span class='ocr_line' id='line_1_70' title="bbox 2211 3808 3787 3877; baseline -0.003 -12"><span class='ocrx_word' id='word_1_545' title='bbox 2211 3813 2266 3865; x_wconf 84' lang='grc' dir='ltr'><strong>δὲ</strong></span> <span class='ocrx_word' id='word_1_546' title='bbox 2291 3813 2352 3865; x_wconf 82' lang='grc' dir='ltr'>οὐ</span> <span class='ocrx_word' id='word_1_547' title='bbox 2383 3811 2524 3864; x_wconf 77' lang='grc' dir='ltr'>κατὰ</span> <span class='ocrx_word' id='word_1_548' title='bbox 2567 3810 2745 3865; x_wconf 81' lang='grc' dir='ltr'>πάντα</span> <span class='ocrx_word' id='word_1_549' title='bbox 2773 3810 2830 3862; x_wconf 84' lang='grc' dir='ltr'>ἓν</span> <span class='ocrx_word' id='word_1_550' title='bbox 2858 3814 2883 3865; x_wconf 97' lang='lat'><strong>6</strong></span> <span class='ocrx_word' id='word_1_551' title='bbox 2917 3810 3048 3872; x_wconf 77' lang='grc' dir='ltr'>Θεὸς</span> <span class='ocrx_word' id='word_1_552' title='bbox 3084 3810 3256 3877; x_wconf 88' lang='grc' dir='ltr'><strong>Λόγος</strong></span> <span class='ocrx_word' id='word_1_553' title='bbox 3287 3810 3381 3861; x_wconf 73' lang='grc' dir='ltr'><strong>καὶ</strong></span> <span class='ocrx_word' id='word_1_554' title='bbox 3411 3810 3444 3877; x_wconf 81' lang='grc' dir='ltr'><strong>ἡ</strong></span> <span class='ocrx_word' id='word_1_555' title='bbox 3481 3808 3637 3877; x_wconf 73' lang='grc' dir='ltr'><strong>σὰρξ.</strong></span> <span class='ocrx_word' id='word_1_556' title='bbox 3669 3808 3787 3870; x_wconf 82' lang='grc' dir='ltr'><strong>πῶς</strong></span> 
     </span>
    </p>
   </div>
   <div class='ocr_carea' id='block_1_71' title="bbox 2210 3901 3509 3970">
    <p class='ocr_par' dir='ltr' id='par_1_71' title="bbox 2210 3901 3509 3970">
     <span class='ocr_line' id='line_1_71' title="bbox 2210 3901 3509 3970; baseline -0.002 -13"><span class='ocrx_word' id='word_1_557' title='bbox 2210 3904 2271 3957; x_wconf 83' lang='grc' dir='ltr'>οὐ</span> <span class='ocrx_word' id='word_1_558' title='bbox 2298 3904 2439 3957; x_wconf 74' lang='grc' dir='ltr'>κατὰ</span> <span class='ocrx_word' id='word_1_559' title='bbox 2476 3922 2528 3957; x_wconf 80' lang='grc' dir='ltr'><strong>τι</strong></span> <span class='ocrx_word' id='word_1_560' title='bbox 2562 3903 2655 3957; x_wconf 88' lang='grc' dir='ltr'><strong>δύο</strong></span> <span class='ocrx_word' id='word_1_561' title='bbox 2696 3902 2877 3966; x_wconf 84' lang='grc' dir='ltr'><strong>ὁΘεδς</strong></span> <span class='ocrx_word' id='word_1_562' title='bbox 2908 3903 3080 3967; x_wconf 84' lang='grc' dir='ltr'><strong>Λόγος</strong></span> <span class='ocrx_word' id='word_1_563' title='bbox 3118 3902 3213 3955; x_wconf 77' lang='grc' dir='ltr'><strong>καὶ</strong></span> <span class='ocrx_word' id='word_1_564' title='bbox 3247 3903 3279 3970; x_wconf 78' lang='grc' dir='ltr'>ἡ</span> <span class='ocrx_word' id='word_1_565' title='bbox 3334 3901 3509 3970; x_wconf 79' lang='grc' dir='ltr'>σάρξς</span> 
     </span>
    </p>
   </div>
   <div class='ocr_carea' id='block_1_72' title="bbox 534 3991 3469 4062">
    <p class='ocr_par' dir='ltr' id='par_1_72' title="bbox 534 3991 3469 4062">
     <span class='ocr_line' id='line_1_72' title="bbox 534 3991 3469 4062; baseline 0 -15"><span class='ocrx_word' id='word_1_566' title='bbox 534 4008 702 4047; x_wconf 90' lang='lat' dir='ltr'><strong>unum</strong></span> <span class='ocrx_word' id='word_1_567' title='bbox 761 4002 909 4059; x_wconf 70' lang='lat' dir='ltr'><strong>sunt,</strong></span> <span class='ocrx_word' id='word_1_568' title='bbox 942 3991 1219 4062; x_wconf 84' lang='lat' dir='ltr'><strong>quomodo</strong></span> <span class='ocrx_word' id='word_1_569' title='bbox 1243 4006 1351 4045; x_wconf 91' lang='lat' dir='ltr'><strong>non</strong></span> <span class='ocrx_word' id='word_1_570' title='bbox 1375 3991 1607 4060; x_wconf 89' lang='lat' dir='ltr'><strong>quadam</strong></span> <span class='ocrx_word' id='word_1_571' title='bbox 1632 3991 1843 4045; x_wconf 86' lang='lat' dir='ltr'><strong>ratione</strong></span> <span class='ocrx_word' id='word_1_572' title='bbox 1873 3992 2018 4045; x_wconf 89' lang='lat' dir='ltr'><strong>Deus</strong></span> <span class='ocrx_word' id='word_1_573' title='bbox 2039 3993 2279 4051; x_wconf 85' lang='lat' dir='ltr'><strong>Verbum</strong></span> <span class='ocrx_word' id='word_1_574' title='bbox 2308 4004 2363 4051; x_wconf 85' lang='lat' dir='ltr'><strong>et</strong></span> <span class='ocrx_word' id='word_1_575' title='bbox 2392 4011 2521 4050; x_wconf 91' lang='lat' dir='ltr'><strong>caro</strong></span> <span class='ocrx_word' id='word_1_576' title='bbox 2550 3995 2660 4050; x_wconf 88' lang='lat' dir='ltr'><strong>duo</strong></span> <span class='ocrx_word' id='word_1_577' title='bbox 2690 3993 2857 4049; x_wconf 84' lang='lat' dir='ltr'><strong>sunt?</strong></span> <span class='ocrx_word' id='word_1_578' title='bbox 3432 4008 3469 4033; x_wconf 85' lang='grc'>·</span> 
     </span>
    </p>
   </div>
   <div class='ocr_carea' id='block_1_73' title="bbox 602 4081 2104 4153">
    <p class='ocr_par' dir='ltr' id='par_1_73' title="bbox 602 4081 2104 4153">
     <span class='ocr_line' id='line_1_73' title="bbox 602 4081 2104 4153; baseline 0.001 -17"><span class='ocrx_word' id='word_1_579' title='bbox 602 4083 710 4137; x_wconf 88' lang='lat' dir='ltr'><strong>Vll.</strong></span> <span class='ocrx_word' id='word_1_580' title='bbox 746 4084 801 4138; x_wconf 90' lang='lat' dir='ltr'><strong>Si</strong></span> <span class='ocrx_word' id='word_1_581' title='bbox 839 4083 954 4139; x_wconf 85' lang='lat' dir='ltr'><strong>ﬁeri</strong></span> <span class='ocrx_word' id='word_1_582' title='bbox 989 4099 1095 4138; x_wconf 91' lang='lat' dir='ltr'><strong>non</strong></span> <span class='ocrx_word' id='word_1_583' title='bbox 1130 4093 1311 4153; x_wconf 90' lang='lat' dir='ltr'><strong>potest</strong></span> <span class='ocrx_word' id='word_1_584' title='bbox 1344 4092 1402 4136; x_wconf 93' lang='lat' dir='ltr'><strong>ut</strong></span> <span class='ocrx_word' id='word_1_585' title='bbox 1443 4081 1615 4152; x_wconf 80' lang='lat' dir='ltr'><strong>magis</strong></span> <span class='ocrx_word' id='word_1_586' title='bbox 1654 4081 1916 4135; x_wconf 88' lang='lat' dir='ltr'><strong>uniantur</strong></span> <span class='ocrx_word' id='word_1_587' title='bbox 1960 4083 2104 4139; x_wconf 85' lang='lat' dir='ltr'><strong>Deus</strong></span> 
     </span>
    </p>
   </div>
   <div class='ocr_carea' id='block_1_74' title="bbox 534 4173 2103 4245">
    <p class='ocr_par' dir='ltr' id='par_1_74' title="bbox 534 4173 2103 4245">
     <span class='ocr_line' id='line_1_74' title="bbox 534 4173 2103 4245; baseline -0.001 -15"><span class='ocrx_word' id='word_1_588' title='bbox 534 4173 772 4230; x_wconf 88' lang='lat' dir='ltr'><strong>Verbum</strong></span> <span class='ocrx_word' id='word_1_589' title='bbox 818 4184 872 4229; x_wconf 86' lang='lat' dir='ltr'><strong>et</strong></span> <span class='ocrx_word' id='word_1_590' title='bbox 922 4191 1070 4242; x_wconf 84' lang='lat' dir='ltr'><strong>caro,</strong></span> <span class='ocrx_word' id='word_1_591' title='bbox 1117 4192 1280 4245; x_wconf 88' lang='lat' dir='ltr'><strong>quam</strong></span> <span class='ocrx_word' id='word_1_592' title='bbox 1335 4176 1480 4229; x_wconf 91' lang='lat' dir='ltr'><strong>Deus</strong></span> <span class='ocrx_word' id='word_1_593' title='bbox 1530 4173 1770 4228; x_wconf 84' lang='lat' dir='ltr'><strong>Verbum</strong></span> <span class='ocrx_word' id='word_1_594' title='bbox 1817 4182 1873 4227; x_wconf 87' lang='lat' dir='ltr'><strong>et</strong></span> <span class='ocrx_word' id='word_1_595' title='bbox 1918 4174 2103 4241; x_wconf 89' lang='lat' dir='ltr'><strong>Pater,</strong></span> 
     </span>
    </p>
   </div>
   <div class='ocr_carea' id='block_1_75' title="bbox 532 4264 2105 4334">
    <p class='ocr_par' dir='ltr' id='par_1_75' title="bbox 532 4264 2105 4334">
     <span class='ocr_line' id='line_1_75' title="bbox 532 4264 2105 4334; baseline 0.003 -18"><span class='ocrx_word' id='word_1_596' title='bbox 532 4264 809 4334; x_wconf 86' lang='lat' dir='ltr'><strong>quomodo</strong></span> <span class='ocrx_word' id='word_1_597' title='bbox 838 4266 984 4320; x_wconf 91' lang='lat' dir='ltr'><strong>Deus</strong></span> <span class='ocrx_word' id='word_1_598' title='bbox 1009 4266 1250 4321; x_wconf 85' lang='lat' dir='ltr'><strong>Verbum</strong></span> <span class='ocrx_word' id='word_1_599' title='bbox 1277 4265 1464 4320; x_wconf 91' lang='lat' dir='ltr'><strong>unitus</strong></span> <span class='ocrx_word' id='word_1_600' title='bbox 1488 4272 1544 4319; x_wconf 91' lang='lat' dir='ltr'><strong>ct</strong></span> <span class='ocrx_word' id='word_1_601' title='bbox 1566 4280 1693 4319; x_wconf 90' lang='lat' dir='ltr'><strong>caro</strong></span> <span class='ocrx_word' id='word_1_602' title='bbox 1715 4264 1863 4318; x_wconf 87' lang='lat' dir='ltr'><strong>nulla</strong></span> <span class='ocrx_word' id='word_1_603' title='bbox 1893 4266 2105 4322; x_wconf 86' lang='lat' dir='ltr'><strong>ratione</strong></span> 
     </span>
    </p>
   </div>
   <div class='ocr_carea' id='block_1_76' title="bbox 532 4355 834 4411">
    <p class='ocr_par' dir='ltr' id='par_1_76' title="bbox 532 4355 834 4411">
     <span class='ocr_line' id='line_1_76' title="bbox 532 4355 834 4411; baseline -0.007 -1"><span class='ocrx_word' id='word_1_604' title='bbox 532 4355 834 4411; x_wconf 81' lang='lat' dir='ltr'><strong>suntduo?</strong></span> 
     </span>
    </p>
   </div>
   <div class='ocr_carea' id='block_1_77' title="bbox 2122 4557 2530 4569">
    <p class='ocr_par' dir='ltr' id='par_1_77' title="bbox 2122 4557 2530 4569">
     <span class='ocr_line' id='line_1_77' title="bbox 2122 4557 2530 4569; baseline -0.002 -1"><span class='ocrx_word' id='word_1_605' title='bbox 2122 4557 2530 4569; x_wconf 70' lang='lat'><strong>—.—-—-———</strong></span> 
     </span>
    </p>
   </div>
   <div class='ocr_carea' id='block_1_78' title="bbox 2285 4080 3787 4153">
    <p class='ocr_par' dir='ltr' id='par_1_78' title="bbox 2285 4080 3787 4153">
     <span class='ocr_line' id='line_1_78' title="bbox 2285 4080 3787 4153; baseline -0.007 -11"><span class='ocrx_word' id='word_1_606' title='bbox 2285 4091 2359 4142; x_wconf 91' lang='lat' dir='ltr'><strong>Z&#39;.</strong></span> <span class='ocrx_word' id='word_1_607' title='bbox 2384 4088 2446 4139; x_wconf 78' lang='lat' dir='ltr'><strong>Ei</strong></span> <span class='ocrx_word' id='word_1_608' title='bbox 2466 4086 2727 4141; x_wconf 79' lang='grc' dir='ltr'>ἀδύνατον</span> <span class='ocrx_word' id='word_1_609' title='bbox 2762 4084 2921 4137; x_wconf 73' lang='grc' dir='ltr'>πλέον</span> <span class='ocrx_word' id='word_1_610' title='bbox 2944 4082 3184 4153; x_wconf 78' lang='grc' dir='ltr'><strong>ἡνῶσθαι</strong></span> <span class='ocrx_word' id='word_1_611' title='bbox 3208 4083 3298 4134; x_wconf 77' lang='grc' dir='ltr'><strong>τὸν</strong></span> <span class='ocrx_word' id='word_1_612' title='bbox 3330 4083 3461 4135; x_wconf 71' lang='grc' dir='ltr'>Θεὶν</span> <span class='ocrx_word' id='word_1_613' title='bbox 3482 4083 3652 4149; x_wconf 64' lang='grc' dir='ltr'><strong>Λόγον</strong></span> <span class='ocrx_word' id='word_1_614' title='bbox 3692 4080 3787 4133; x_wconf 80' lang='grc' dir='ltr'><strong>καὶ</strong></span> 
     </span>
    </p>
   </div>
   <div class='ocr_carea' id='block_1_79' title="bbox 2213 4170 3784 4249">
    <p class='ocr_par' dir='ltr' id='par_1_79' title="bbox 2213 4170 3784 4249">
     <span class='ocr_line' id='line_1_79' title="bbox 2213 4170 3784 4249; baseline -0.004 -18"><span class='ocrx_word' id='word_1_615' title='bbox 2213 4180 2310 4249; x_wconf 84' lang='grc' dir='ltr'><strong>τὴν</strong></span> <span class='ocrx_word' id='word_1_616' title='bbox 2350 4178 2551 4248; x_wconf 85' lang='grc' dir='ltr'>σάρκα,</span> <span class='ocrx_word' id='word_1_617' title='bbox 2576 4170 2636 4229; x_wconf 79' lang='grc' dir='ltr'><strong>οῦ</strong></span> <span class='ocrx_word' id='word_1_618' title='bbox 2675 4178 2882 4244; x_wconf 78' lang='grc' dir='ltr'>ἥνωται</span> <span class='ocrx_word' id='word_1_619' title='bbox 2933 4173 2961 4224; x_wconf 89' lang='lat'><strong>6</strong></span> <span class='ocrx_word' id='word_1_620' title='bbox 2991 4173 3125 4235; x_wconf 74' lang='grc' dir='ltr'><strong>Θεὸς</strong></span> <span class='ocrx_word' id='word_1_621' title='bbox 3166 4172 3336 4240; x_wconf 84' lang='grc' dir='ltr'><strong>Λόγος</strong></span> <span class='ocrx_word' id='word_1_622' title='bbox 3379 4175 3471 4225; x_wconf 77' lang='grc' dir='ltr'>καὶ</span> <span class='ocrx_word' id='word_1_623' title='bbox 3501 4175 3527 4224; x_wconf 89' lang='lat'><strong>6</strong></span> <span class='ocrx_word' id='word_1_624' title='bbox 3572 4172 3784 4240; x_wconf 77' lang='grc' dir='ltr'>Πατὴρ,</span> 
     </span>
    </p>
   </div>
   <div class='ocr_carea' id='block_1_80' title="bbox 2214 4263 3784 4337">
    <p class='ocr_par' dir='ltr' id='par_1_80' title="bbox 2214 4263 3784 4337">
     <span class='ocr_line' id='line_1_80' title="bbox 2214 4263 3784 4337; baseline -0.005 -16"><span class='ocrx_word' id='word_1_625' title='bbox 2214 4269 2331 4331; x_wconf 82' lang='grc' dir='ltr'><strong>πῶς</strong></span> <span class='ocrx_word' id='word_1_626' title='bbox 2360 4267 2638 4337; x_wconf 79' lang='grc' dir='ltr'><strong>ἡνωμένος</strong></span> <span class='ocrx_word' id='word_1_627' title='bbox 2667 4269 2694 4319; x_wconf 88' lang='grc' dir='ltr'>ὁ</span> <span class='ocrx_word' id='word_1_628' title='bbox 2719 4267 2850 4328; x_wconf 83' lang='grc' dir='ltr'><strong>Θεὸς</strong></span> <span class='ocrx_word' id='word_1_629' title='bbox 2882 4265 3055 4332; x_wconf 87' lang='grc' dir='ltr'><strong>Λόγος</strong></span> <span class='ocrx_word' id='word_1_630' title='bbox 3089 4265 3183 4317; x_wconf 75' lang='grc' dir='ltr'>καὶ</span> <span class='ocrx_word' id='word_1_631' title='bbox 3222 4266 3255 4334; x_wconf 86' lang='grc' dir='ltr'><strong>ή</strong></span> <span class='ocrx_word' id='word_1_632' title='bbox 3298 4264 3433 4331; x_wconf 75' lang='grc' dir='ltr'>σὰρξ</span> <span class='ocrx_word' id='word_1_633' title='bbox 3466 4264 3586 4316; x_wconf 79' lang='grc' dir='ltr'>κατ’</span> <span class='ocrx_word' id='word_1_634' title='bbox 3630 4263 3784 4314; x_wconf 76' lang='grc' dir='ltr'>οὐδέν</span> 
     </span>
    </p>
   </div>
   <div class='ocr_carea' id='block_1_81' title="bbox 2212 4357 2472 4425">
    <p class='ocr_par' dir='ltr' id='par_1_81' title="bbox 2212 4357 2472 4425">
     <span class='ocr_line' id='line_1_81' title="bbox 2212 4357 2472 4425; baseline -0.012 -14"><span class='ocrx_word' id='word_1_635' title='bbox 2212 4361 2318 4411; x_wconf 79' lang='grc' dir='ltr'>εἰσι</span> <span class='ocrx_word' id='word_1_636' title='bbox 2346 4357 2438 4412; x_wconf 89' lang='grc' dir='ltr'><strong>δύο</strong></span> <span class='ocrx_word' id='word_1_637' title='bbox 2457 4376 2472 4425; x_wconf 88' lang='grc'>;</span> 
     </span>
    </p>
   </div>
   <div class='ocr_carea' id='block_1_82' title="bbox 1637 4717 2660 4850">
    <p class='ocr_par' dir='ltr' id='par_1_82' title="bbox 1637 4717 2660 4850">
     <span class='ocr_line' id='line_1_82' title="bbox 1637 4717 2660 4850; baseline -0.004 -2"><span class='ocrx_word' id='word_1_638' title='bbox 1637 4717 2660 4850; x_wconf 81' lang='lat' dir='ltr'><strong>FRAGMENTA.</strong></span> 
     </span>
    </p>
   </div>
   <div class='ocr_carea' id='block_1_83' title="bbox 532 5094 2112 5176">
    <p class='ocr_par' dir='ltr' id='par_1_83' title="bbox 532 5094 2103 5176">
     <span class='ocr_line' id='line_1_83' title="bbox 532 5094 2103 5176; baseline -0.006 -20"><span class='ocrx_word' id='word_1_639' title='bbox 532 5099 743 5176; x_wconf 66' lang='grc' dir='ltr'><strong>Βαίας]ξὶ</strong></span> <span class='ocrx_word' id='word_1_640' title='bbox 776 5099 1118 5176; x_wconf 65' lang='grc' dir='ltr'><strong>ᾼίεπαηάνῇηὶ</strong></span> <span class='ocrx_word' id='word_1_641' title='bbox 1149 5096 1393 5176; x_wconf 59' lang='lat' dir='ltr'><strong>episcopi.</strong></span> <span class='ocrx_word' id='word_1_642' title='bbox 1423 5110 1609 5176; x_wconf 38' lang='lat' dir='ltr'><strong>.sernto</strong></span> <span class='ocrx_word' id='word_1_643' title='bbox 1657 5094 2013 5176; x_wconf 42' lang='lat' dir='ltr'><strong>(“left-initam</strong></span> <span class='ocrx_word' id='word_1_644' title='bbox 2055 5104 2103 5147; x_wconf 80' lang='lat' dir='ltr'><strong>et</strong></span> 
     </span>
    </p>
   </div>
   <div class='ocr_carea' id='block_1_84' title="bbox 2214 5094 3783 5176">
    <p class='ocr_par' dir='ltr' id='par_1_84' title="bbox 2214 5102 3783 5176">
     <span class='ocr_line' id='line_1_84' title="bbox 2214 5102 3783 5176; baseline -0.004 -16"><span class='ocrx_word' id='word_1_645' title='bbox 2214 5107 2503 5176; x_wconf 76' lang='grc' dir='ltr'><strong>Εὐλογιόυ</strong></span> <span class='ocrx_word' id='word_1_646' title='bbox 2532 5106 2868 5176; x_wconf 66' lang='grc' dir='ltr'><strong>ἐπισκόπου</strong></span> <span class='ocrx_word' id='word_1_647' title='bbox 2901 5102 3367 5176; x_wconf 8' lang='grc' dir='ltr'>,Ἀλεξανδρείας</span> <span class='ocrx_word' id='word_1_648' title='bbox 3423 5102 3604 5176; x_wconf 63' lang='grc' dir='ltr'>,ιρτος</span> <span class='ocrx_word' id='word_1_649' title='bbox 3648 5103 3783 5176; x_wconf 63' lang='grc' dir='ltr'><strong>περὶ</strong></span> 
     </span>
    </p>
   </div>
   <div class='ocr_carea' id='block_1_85' title="bbox 690 5165 1939 5223">
    <p class='ocr_par' dir='ltr' id='par_1_85' title="bbox 690 5165 1939 5223">
     <span class='ocr_line' id='line_1_85' title="bbox 690 5165 1939 5223; baseline -0.006 0"><span class='ocrx_word' id='word_1_650' title='bbox 690 5171 761 5223; x_wconf 84' lang='lat' dir='ltr'><strong>de</strong></span> <span class='ocrx_word' id='word_1_651' title='bbox 791 5170 1153 5222; x_wconf 79' lang='lat' dir='ltr'><strong>incarnatione</strong></span> <span class='ocrx_word' id='word_1_652' title='bbox 1182 5168 1319 5219; x_wconf 85' lang='lat' dir='ltr'><strong>unici</strong></span> <span class='ocrx_word' id='word_1_653' title='bbox 1349 5165 1617 5218; x_wconf 71' lang='lat' dir='ltr'><strong>Trinitatis</strong></span> <span class='ocrx_word' id='word_1_654' title='bbox 1647 5166 1741 5219; x_wconf 75' lang='lat' dir='ltr'><strong>Dei</strong></span> <span class='ocrx_word' id='word_1_655' title='bbox 1781 5166 1939 5219; x_wconf 81' lang='lat' dir='ltr'><strong>Verbi</strong></span> 
     </span>
    </p>
   </div>
   <div class='ocr_carea' id='block_1_86' title="bbox 2285 5169 3785 5242">
    <p class='ocr_par' dir='ltr' id='par_1_86' title="bbox 2285 5169 3785 5242">
     <span class='ocr_line' id='line_1_86' title="bbox 2285 5169 3785 5242; baseline -0.004 -13"><span class='ocrx_word' id='word_1_656' title='bbox 2285 5169 2523 5242; x_wconf 76' lang='grc' dir='ltr'><strong>Τριὶὶδος</strong></span> <span class='ocrx_word' id='word_1_657' title='bbox 2553 5176 2648 5228; x_wconf 75' lang='grc' dir='ltr'><strong>καὶ</strong></span> <span class='ocrx_word' id='word_1_658' title='bbox 2682 5174 2792 5240; x_wconf 83' lang='grc' dir='ltr'><strong>τῆς</strong></span> <span class='ocrx_word' id='word_1_659' title='bbox 2820 5175 2982 5239; x_wconf 80' lang='grc' dir='ltr'>θείας</span> <span class='ocrx_word' id='word_1_660' title='bbox 3005 5169 3350 5241; x_wconf 63' lang='grc' dir='ltr'><strong>οἰκονομίας</strong></span> <span class='ocrx_word' id='word_1_661' title='bbox 3376 5171 3483 5225; x_wconf 78' lang='grc' dir='ltr'>τοῦ</span> <span class='ocrx_word' id='word_1_662' title='bbox 3505 5171 3644 5234; x_wconf 83' lang='grc' dir='ltr'><strong>ἑνὸς</strong></span> <span class='ocrx_word' id='word_1_663' title='bbox 3674 5169 3785 5237; x_wconf 79' lang='grc' dir='ltr'><strong>τῆς</strong></span> 
     </span>
    </p>
   </div>
   <div class='ocr_carea' id='block_1_87' title="bbox 2288 5244 2940 5314">
    <p class='ocr_par' dir='ltr' id='par_1_87' title="bbox 2288 5244 2940 5314">
     <span class='ocr_line' id='line_1_87' title="bbox 2288 5244 2940 5314; baseline -0.003 -16"><span class='ocrx_word' id='word_1_664' title='bbox 2288 5245 2526 5314; x_wconf 60' lang='grc' dir='ltr'><strong>Ίιοιάδος</strong></span> <span class='ocrx_word' id='word_1_665' title='bbox 2557 5244 2703 5298; x_wconf 86' lang='grc' dir='ltr'>Θεοῦ</span> <span class='ocrx_word' id='word_1_666' title='bbox 2726 5245 2940 5311; x_wconf 81' lang='grc' dir='ltr'><strong>Λόγου.</strong></span> 
     </span>
    </p>
   </div>
   <div class='ocr_carea' id='block_1_88' title="bbox 1161 5366 3151 5444">
    <p class='ocr_par' dir='ltr' id='par_1_88' title="bbox 1161 5366 3151 5444">
     <span class='ocr_line' id='line_1_88' title="bbox 1161 5366 3151 5444; baseline -0.002 -21"><span class='ocrx_word' id='word_1_667' title='bbox 1161 5368 1259 5439; x_wconf 73' lang='lat' dir='ltr'><strong>(Ex</strong></span> <span class='ocrx_word' id='word_1_668' title='bbox 1287 5370 1406 5424; x_wconf 89' lang='lat' dir='ltr'><strong>cod.</strong></span> <span class='ocrx_word' id='word_1_669' title='bbox 1436 5370 1607 5425; x_wconf 85' lang='lat' dir='ltr'><strong>Vatic.</strong></span> <span class='ocrx_word' id='word_1_670' title='bbox 1653 5373 1742 5426; x_wconf 89' lang='lat' dir='ltr'><strong>ed.</strong></span> <span class='ocrx_word' id='word_1_671' title='bbox 1771 5377 1903 5443; x_wconf 68' lang='lat' dir='ltr'>Aug.</span> <span class='ocrx_word' id='word_1_672' title='bbox 1936 5374 2057 5435; x_wconf 68' lang='lat' dir='ltr'><strong>MM,</strong></span> <span class='ocrx_word' id='word_1_673' title='bbox 2092 5374 2286 5444; x_wconf 84' lang='lat' dir='ltr'><strong>Script.</strong></span> <span class='ocrx_word' id='word_1_674' title='bbox 2342 5372 2581 5425; x_wconf 82' lang='lat' dir='ltr'><strong>Veterum</strong></span> <span class='ocrx_word' id='word_1_675' title='bbox 2611 5369 2827 5424; x_wconf 88' lang='lat' dir='ltr'><strong>collect.</strong></span> <span class='ocrx_word' id='word_1_676' title='bbox 2854 5367 2967 5431; x_wconf 84' lang='lat' dir='ltr'><strong>VII,</strong></span> <span class='ocrx_word' id='word_1_677' title='bbox 3010 5366 3151 5435; x_wconf 86' lang='lat' dir='ltr'><strong>l77.)</strong></span> 
     </span>
    </p>
   </div>
   <div class='ocr_carea' id='block_1_89' title="bbox 600 5483 2103 5556">
    <p class='ocr_par' dir='ltr' id='par_1_89' title="bbox 600 5483 2103 5556">
     <span class='ocr_line' id='line_1_89' title="bbox 600 5483 2103 5556; baseline -0.001 -16"><span class='ocrx_word' id='word_1_678' title='bbox 600 5487 655 5540; x_wconf 90' lang='lat' dir='ltr'><strong>In</strong></span> <span class='ocrx_word' id='word_1_679' title='bbox 688 5484 963 5556; x_wconf 88' lang='lat' dir='ltr'><strong>principio</strong></span> <span class='ocrx_word' id='word_1_680' title='bbox 1003 5494 1129 5539; x_wconf 86' lang='lat' dir='ltr'><strong>ante</strong></span> <span class='ocrx_word' id='word_1_681' title='bbox 1170 5485 1367 5539; x_wconf 68' lang='lat' dir='ltr'><strong>saaeula</strong></span> <span class='ocrx_word' id='word_1_682' title='bbox 1398 5483 1503 5540; x_wconf 86' lang='lat' dir='ltr'><strong>fuit</strong></span> <span class='ocrx_word' id='word_1_683' title='bbox 1529 5486 1691 5549; x_wconf 88' lang='lat' dir='ltr'><strong>Deus,</strong></span> <span class='ocrx_word' id='word_1_684' title='bbox 1724 5497 1779 5541; x_wconf 80' lang='lat' dir='ltr'><strong>et</strong></span> <span class='ocrx_word' id='word_1_685' title='bbox 1821 5487 1963 5541; x_wconf 92' lang='lat' dir='ltr'><strong>Deus</strong></span> <span class='ocrx_word' id='word_1_686' title='bbox 2001 5486 2103 5540; x_wconf 79' lang='lat' dir='ltr'><strong>fuit</strong></span> 
     </span>
    </p>
   </div>
   <div class='ocr_carea' id='block_1_90' title="bbox 525 5576 2099 5647">
    <p class='ocr_par' dir='ltr' id='par_1_90' title="bbox 525 5576 2099 5647">
     <span class='ocr_line' id='line_1_90' title="bbox 525 5576 2099 5647; baseline -0.003 -14"><span class='ocrx_word' id='word_1_687' title='bbox 525 5587 651 5633; x_wconf 86' lang='lat' dir='ltr'><strong>ante</strong></span> <span class='ocrx_word' id='word_1_688' title='bbox 696 5576 913 5639; x_wconf 63' lang='lat' dir='ltr'><strong>saacula,</strong></span> <span class='ocrx_word' id='word_1_689' title='bbox 946 5584 1000 5631; x_wconf 87' lang='lat' dir='ltr'><strong>et</strong></span> <span class='ocrx_word' id='word_1_690' title='bbox 1046 5582 1173 5630; x_wconf 79' lang='lat' dir='ltr'><strong>ante</strong></span> <span class='ocrx_word' id='word_1_691' title='bbox 1223 5579 1405 5631; x_wconf 89' lang='lat' dir='ltr'><strong>omnia</strong></span> <span class='ocrx_word' id='word_1_692' title='bbox 1458 5578 1560 5631; x_wconf 83' lang='lat' dir='ltr'><strong>fuit</strong></span> <span class='ocrx_word' id='word_1_693' title='bbox 1609 5579 1751 5631; x_wconf 85' lang='lat' dir='ltr'><strong>Deus</strong></span> <span class='ocrx_word' id='word_1_694' title='bbox 1794 5578 2099 5647; x_wconf 51' lang='lat' dir='ltr'><strong>(Verbum),</strong></span> 
     </span>
    </p>
   </div>
   <div class='ocr_carea' id='block_1_91' title="bbox 527 5668 2101 5738">
    <p class='ocr_par' dir='ltr' id='par_1_91' title="bbox 527 5668 2101 5738">
     <span class='ocr_line' id='line_1_91' title="bbox 527 5668 2101 5738; baseline -0.002 -15"><span class='ocrx_word' id='word_1_695' title='bbox 527 5678 652 5723; x_wconf 79' lang='lat' dir='ltr'><strong>ante</strong></span> <span class='ocrx_word' id='word_1_696' title='bbox 681 5668 970 5731; x_wconf 89' lang='lat' dir='ltr'><strong>mundum,</strong></span> <span class='ocrx_word' id='word_1_697' title='bbox 1002 5677 1130 5722; x_wconf 86' lang='lat' dir='ltr'><strong>ante</strong></span> <span class='ocrx_word' id='word_1_698' title='bbox 1165 5671 1391 5738; x_wconf 78' lang='lat' dir='ltr'><strong>angelos</strong></span> <span class='ocrx_word' id='word_1_699' title='bbox 1416 5713 1431 5734; x_wconf 88' lang='lat'><strong>,</strong></span> <span class='ocrx_word' id='word_1_700' title='bbox 1486 5681 1610 5723; x_wconf 88' lang='lat' dir='ltr'><strong>ante</strong></span> <span class='ocrx_word' id='word_1_701' title='bbox 1673 5671 1868 5722; x_wconf 73' lang='grc' dir='ltr'><strong>ριῖιιιιιιη</strong></span> <span class='ocrx_word' id='word_1_702' title='bbox 1898 5711 1910 5733; x_wconf 86' lang='grc'><strong>,</strong></span> <span class='ocrx_word' id='word_1_703' title='bbox 1976 5680 2101 5722; x_wconf 86' lang='lat' dir='ltr'><strong>ante</strong></span> 
     </span>
    </p>
   </div>
   <div class='ocr_carea' id='block_1_92' title="bbox 622 5804 1246 5878">
    <p class='ocr_par' dir='ltr' id='par_1_92' title="bbox 622 5804 1246 5878">
     <span class='ocr_line' id='line_1_92' title="bbox 622 5804 1246 5878; baseline 0.006 -22"><span class='ocrx_word' id='word_1_704' title='bbox 622 5804 706 5874; x_wconf 67' lang='grc'><strong>16)</strong></span> <span class='ocrx_word' id='word_1_705' title='bbox 748 5804 1030 5871; x_wconf 59' lang='lat' dir='ltr'><strong>Athamas,</strong></span> <span class='ocrx_word' id='word_1_706' title='bbox 1067 5808 1246 5878; x_wconf 72' lang='lat' dir='ltr'><strong>Cyrill.</strong></span> 
     </span>
    </p>
   </div>
   <div class='ocr_carea' id='block_1_93' title="bbox 2290 5472 3783 5555">
    <p class='ocr_par' dir='ltr' id='par_1_93' title="bbox 2290 5472 3783 5555">
     <span class='ocr_line' id='line_1_93' title="bbox 2290 5472 3783 5555; baseline -0.006 -18"><span class='ocrx_word' id='word_1_707' title='bbox 2290 5486 2377 5537; x_wconf 83' lang='grc' dir='ltr'>Ἐν</span> <span class='ocrx_word' id='word_1_708' title='bbox 2407 5486 2548 5555; x_wconf 79' lang='grc' dir='ltr'>ἀρχῇ</span> <span class='ocrx_word' id='word_1_709' title='bbox 2583 5482 2690 5553; x_wconf 75' lang='grc' dir='ltr'><strong>πρὸ</strong></span> <span class='ocrx_word' id='word_1_710' title='bbox 2716 5482 2927 5534; x_wconf 83' lang='grc' dir='ltr'>αἰώνων</span> <span class='ocrx_word' id='word_1_711' title='bbox 2955 5476 3023 5552; x_wconf 80' lang='grc' dir='ltr'>ἦν</span> <span class='ocrx_word' id='word_1_712' title='bbox 3049 5482 3078 5533; x_wconf 89' lang='lat'><strong>6</strong></span> <span class='ocrx_word' id='word_1_713' title='bbox 3102 5481 3253 5541; x_wconf 78' lang='grc' dir='ltr'>Θεὸς,</span> <span class='ocrx_word' id='word_1_714' title='bbox 3293 5479 3387 5531; x_wconf 73' lang='grc' dir='ltr'>καὶ</span> <span class='ocrx_word' id='word_1_715' title='bbox 3416 5477 3550 5541; x_wconf 82' lang='grc' dir='ltr'><strong>Θεὸς</strong></span> <span class='ocrx_word' id='word_1_716' title='bbox 3575 5472 3644 5548; x_wconf 74' lang='grc' dir='ltr'>ἦν</span> <span class='ocrx_word' id='word_1_717' title='bbox 3674 5477 3783 5546; x_wconf 84' lang='grc' dir='ltr'><strong>πρὸ</strong></span> 
     </span>
    </p>
   </div>
   <div class='ocr_carea' id='block_1_94' title="bbox 2213 5565 3780 5643">
    <p class='ocr_par' dir='ltr' id='par_1_94' title="bbox 2213 5565 3780 5643">
     <span class='ocr_line' id='line_1_94' title="bbox 2213 5565 3780 5643; baseline -0.005 -15"><span class='ocrx_word' id='word_1_718' title='bbox 2213 5578 2318 5628; x_wconf 81' lang='grc' dir='ltr'><strong>τῶν</strong></span> <span class='ocrx_word' id='word_1_719' title='bbox 2367 5577 2577 5628; x_wconf 73' lang='grc' dir='ltr'>αἰώνων</span> <span class='ocrx_word' id='word_1_720' title='bbox 2598 5613 2612 5639; x_wconf 87' lang='grc'><strong>,</strong></span> <span class='ocrx_word' id='word_1_721' title='bbox 2670 5575 2763 5627; x_wconf 65' lang='grc' dir='ltr'>καὶ</span> <span class='ocrx_word' id='word_1_722' title='bbox 2809 5574 2915 5643; x_wconf 84' lang='grc' dir='ltr'><strong>πρὸ</strong></span> <span class='ocrx_word' id='word_1_723' title='bbox 2951 5572 3167 5627; x_wconf 77' lang='grc' dir='ltr'>πάντων</span> <span class='ocrx_word' id='word_1_724' title='bbox 3198 5568 3265 5643; x_wconf 85' lang='grc' dir='ltr'><strong>ἧν</strong></span> <span class='ocrx_word' id='word_1_725' title='bbox 3297 5573 3324 5624; x_wconf 88' lang='lat'><strong>6</strong></span> <span class='ocrx_word' id='word_1_726' title='bbox 3351 5570 3483 5633; x_wconf 78' lang='grc' dir='ltr'>θεὸς</span> <span class='ocrx_word' id='word_1_727' title='bbox 3516 5565 3780 5641; x_wconf 81' lang='grc' dir='ltr'><strong>[Λόγος],</strong></span> 
     </span>
    </p>
   </div>
   <div class='ocr_carea' id='block_1_95' title="bbox 2213 5658 3784 5738">
    <p class='ocr_par' dir='ltr' id='par_1_95' title="bbox 2213 5658 3784 5738">
     <span class='ocr_line' id='line_1_95' title="bbox 2213 5658 3784 5738; baseline -0.006 -19"><span class='ocrx_word' id='word_1_728' title='bbox 2213 5669 2317 5737; x_wconf 71' lang='grc' dir='ltr'><strong>πρὸ</strong></span> <span class='ocrx_word' id='word_1_729' title='bbox 2351 5668 2577 5738; x_wconf 68' lang='grc' dir='ltr'>κόσμον,</span> <span class='ocrx_word' id='word_1_730' title='bbox 2617 5666 2721 5735; x_wconf 80' lang='grc' dir='ltr'>πρὸ</span> <span class='ocrx_word' id='word_1_731' title='bbox 2749 5665 3017 5733; x_wconf 72' lang='grc' dir='ltr'><strong>ἀγγέλων,</strong></span> <span class='ocrx_word' id='word_1_732' title='bbox 3051 5666 3155 5733; x_wconf 73' lang='grc' dir='ltr'><strong>πρὸ</strong></span> <span class='ocrx_word' id='word_1_733' title='bbox 3180 5660 3432 5735; x_wconf 72' lang='grc' dir='ltr'>οὐρανοῦ,</span> <span class='ocrx_word' id='word_1_734' title='bbox 3468 5659 3575 5731; x_wconf 79' lang='grc' dir='ltr'><strong>πρὸ</strong></span> <span class='ocrx_word' id='word_1_735' title='bbox 3601 5658 3784 5729; x_wconf 71' lang='grc' dir='ltr'>ἡλίου,</span> 
     </span>
    </p>
   </div>
   <div class='ocr_carea' id='block_1_96' title="bbox 3660 421 3897 485">
    <p class='ocr_par' dir='ltr' id='par_1_96' title="bbox 3660 421 3897 485">
     <span class='ocr_line' id='line_1_96' title="bbox 3660 421 3897 485; baseline 0.008 -1"><span class='ocrx_word' id='word_1_736' title='bbox 3660 421 3809 485; x_wconf 65' lang='grc' dir='ltr'>29αίί)</span> <span class='ocrx_word' id='word_1_737' title='bbox 3894 454 3897 455; x_wconf 52' lang='grc' dir='ltr'><em>ν</em></span> 
     </span>
    </p>
   </div>
  </div>
