4072 6304
264 440 398 504 2941

1102 443 1359 504 SERMO
1398 445 1496 503 DE
1535 445 1951 506 TRINITATE
1992 448 2085 506 ET
2127 446 2701 507 INCARNATIONE

3396 448 3541 513 2942

263 555 373 626 πρὸ
400 552 598 622 φωτὸς,
635 552 741 621 πρὸ
774 551 1043 622 ἀστέρων,
1074 553 1183 621 πρὸ
1207 552 1448 621 ἀνέμων,
1481 553 1589 622 πρὸ
1614 554 1841 616 ὑδάτων,
1876 585 1886 613 λ

1973 555 2143 617 .olem,
2166 562 2295 607 ante
2331 554 2531 620 lucem,
2559 561 2686 607 ante
2737 550 2942 617 sidera,
2990 563 3117 608 ante
3157 564 3374 621 ventos,
3408 566 3537 612 ante

266 648 374 718 πρὸ
403 645 593 714 πνοῆς,
633 644 739 715 πρὸ
769 645 868 714 τῆς
898 646 1022 711 γῆς,
1060 643 1166 713 πρὸ
1197 644 1375 714 πάσης
1402 646 1605 715 ὁρατῆς
1632 663 1713 704 τε,
1754 647 1849 700 καὶ

266 737 505 808 ἀοράτου
552 736 819 798 κτίσεως’
875 730 1027 797 οὗτος
1069 735 1251 787 τοίνυν
1292 735 1321 786 6
1359 737 1703 806 προάναρχος
1756 739 1851 791 καὶ

269 825 597 898 πρωιὼνιος
631 828 660 878 6
691 824 942 887 ἅκτιστος
972 825 1104 886 Θεὸς
1139 826 1316 897 οἰκείᾳ
1349 826 1606 897 βουλήσει
1642 829 1734 881 καὶ
1761 830 1852 881 εὐ-

268 917 490 984 δοκήσει
518 916 594 979 ὥς
622 916 781 984 μόνος
810 910 953 968 οἶδεν
980 916 1163 979 αὐτὸς,
1196 918 1289 969 καὶ
1315 920 1402 970 ὅτε
1429 914 1591 983 οἶδεν,
1613 920 1705 970 καὶ
1728 919 1852 972 ὅθεν

270 1003 443 1072 οἶδεν,
483 1006 662 1059 ἔκτισε
695 1006 874 1067 πᾶσας
899 1006 998 1069 τὰς
1025 1006 1315 1077 οὐρανίους
1343 1009 1450 1061 τῶν
1474 1009 1724 1077 ἀγγέλων
1759 1008 1854 1062 καὶ

272 1099 582 1168 ἀσωμάτων
630 1098 1056 1168 στρατευμάτων
1101 1100 1195 1152 καὶ
1229 1101 1546 1169 ταγμάτων,
1577 1100 1851 1171 ἀοράτων,

274 1188 700 1259 πολυομμάτων,
760 1189 1093 1257 ἀομμάτων,
1144 1189 1567 1260 ἑξαπτερύγων,
1616 1191 1851 1259 θρόνων.

273 1281 518 1353 οὐρανῶν
566 1280 856 1351 δυνάμεις·
922 1279 1041 1336 εἶτα
1093 1283 1233 1353 μετά
1281 1284 1486 1346 ταύτας
1532 1284 1857 1353 δημιουργεῖ

272 1375 364 1427 τδν
410 1373 689 1445 ὁρώμενον
735 1375 794 1439 ἐξ
839 1375 1073 1444 οὐρανοῦ
1126 1376 1219 1428 καὶ
1265 1375 1371 1444 γῆς
1399 1376 1641 1445 κόσμον.
1692 1377 1752 1440 ἐξ
1781 1371 1857 1430 ὧν

273 1467 389 1519 ἐστι
422 1467 517 1520 καὶ
548 1468 577 1519 6
602 1465 909 1537 ἄνθρωπος,
947 1466 1173 1535 μίμημα
1202 1468 1301 1535 τῆς
1325 1467 1527 1535 ὁρατῆς
1554 1468 1644 1520 καὶ
1672 1467 1858 1539 [ἀορά-

274 1554 404 1627 του]
438 1555 691 1619 κτίσεως,
726 1556 928 1625 ὁρατὴν
963 1557 1060 1625 μὲν
1089 1557 1228 1626 ἔχων
1261 1557 1359 1626 τὴν
1389 1557 1587 1628 σάρκα,
1622 1560 1857 1627 ἀόρατον

274 1644 332 1696 δὲ
390 1646 490 1713 τὴν
538 1643 737 1713 ψυχήν.
810 1643 1014 1696 Τοῦτον
1070 1644 1160 1696 τὸν
1213 1644 1501 1714 ἄνθρωπον
1549 1643 1858 1696 πλασθέντα

277 1733 635 1803 ἐνουθέτησεν
673 1737 700 1787 6
733 1734 865 1798 Θεὸς
892 1774 905 1795 ,
945 1735 1069 1797 δοὺς
1103 1734 1251 1804 αὑτῷ
1284 1736 1364 1797 εἰς
1394 1735 1731 1806 ἐπιστροφὴν
1761 1735 1859 1806 τὴν

276 1828 341 1879 ἑκ
395 1827 495 1896 τῆς
542 1826 750 1896 πλάνης
796 1827 1243 1903 εἰδωλολατρεξας
1279 1826 1445 1896 νόμον
1494 1828 1739 1897 γραπτὸν
1771 1828 1858 1880 διὰ

277 1922 580 1983 Μωῦσέως.
627 1920 773 1973 Ἀλλ’
818 1918 919 1972 οὐκ
958 1918 1178 1987 ἴσχυσεν
1206 1920 1234 1970 6
1258 1918 1423 1989 νόμος
1452 1919 1544 1972 τὸν
1576 1918 1860 1989 ἄνθρωπον

279 2011 765 2065 ἀνακαλέσασθαι·
841 2004 960 2062 εἶτα
1022 2007 1344 2062 ἀπέστειλεν
1399 2011 1686 2080 προφήτας
1737 2026 1861 2062 νου-

281 2101 605 2165 θετοῦντας,
656 2099 1054 2164 ἀπειλοῦντας,
1095 2099 1673 2170 θαυματουργοῦντας.
1720 2097 1860 2151 Ἀλλ’

279 2190 399 2243 οὐδὲ
429 2189 604 2251 οὕτως
651 2190 680 2241 6
726 2188 1019 2259 πλανηθεὶς
1069 2188 1357 2259 ἄνθρωπος
1412 2190 1475 2240 ὲκ
1524 2188 1622 2257 τῆς
1651 2187 1862 2255 πλάνης

279 2279 607 2349 ὲπεστρέψε.
663 2279 826 2340 Τέλος
873 2278 931 2331 δὲ
978 2277 1165 2331 λοιπὸν
1219 2278 1569 2341 κατοικτίσας
1622 2279 1683 2331 τὸ
1734 2276 1864 2332 ἴδιον

283 2368 526 2439 πλάσμα,
556 2372 582 2421 6
607 2368 738 2432 Θεὸς
759 2369 926 2432 αὐτὸς
955 2370 1049 2423 ἐπὶ
1073 2370 1177 2437 γῆς
1203 2368 1383 2439 ὤφθη,
1408 2370 1502 2422 καὶ
1524 2372 1636 2432 τοῖς
1655 2370 1867 2441 ἀνθρὼ-

281 2477 409 2522 ποις
440 2461 517 2523 ὡς
542 2459 637 2514 ἄνθ
649 2476 828 2527 ρωπος
857 2461 886 2512 6
914 2460 1048 2522 Θεὸς
1078 2459 1251 2528 Λόγος
1280 2461 1696 2529 συνανεστράφη
1721 2500 1735 2524 ,
1769 2460 1865 2514 καὶ

284 2551 466 2623 μορφὴ
497 2549 593 2604 τοῦ
623 2551 897 2604 Δεσπότου
923 2550 1017 2604 ἐπὶ
1038 2551 1142 2619 γῆς
1172 2549 1463 2620 κατῆλθεν,
1499 2550 1586 2602 ἵνα
1618 2552 1651 2621 ἡ
1683 2550 1866 2622 μορφὴ

279 2644 373 2696 τοῦ
400 2642 589 2695 δούλου
625 2643 684 2695 ἐν
710 2645 960 2714 οὐρανοῖς
990 2640 1216 2713 ἀνέλθῃ.

347 2729 483 2788 Εἶτα
532 2733 785 2787 ἐκπεσὼν
822 2734 919 2803 τῆς
954 2734 1229 2803 προτέρας
1266 2733 1477 2804 πλάνης
1528 2735 1621 2787 καὶ
1652 2735 1867 2799 ἐλπίδος

281 2829 309 2879 6
336 2826 568 2897 πονηρὸς
596 2824 703 2877 τῶν
745 2824 1057 2896 ἀνθρώπιον
1093 2824 1372 2895 πολέμιος,
1408 2826 1485 2889 ὡς
1513 2823 1653 2881 εἶδεν
1676 2829 1868 2883 ἑαυτὸν

285 2918 587 2989 ἡττηθέντα
616 2918 710 2973 καὶ
736 2918 820 2971 διὰ
847 2916 1087 2990 Χριστοῦ
1118 2917 1496 2989 συντριϐέντα,
1519 2919 1608 2973 διὰ
1633 2921 1867 2990 σταυροῦ

287 3010 601 3082 πατηθέντα
625 3049 640 3074 ,
678 3011 773 3063 καὶ
805 3009 894 3062 διὰ
925 3009 1303 3079 βαπτίσματος
1333 3009 1684 3079 βυθισθέντα,
1716 3011 1784 3064 τά
1809 3030 1868 3064 τε

286 3101 483 3156 εἴδωλα
537 3098 1036 3170 καταστραφέντα,
1120 3098 1214 3151 καὶ
1271 3099 1369 3166 τὴν
1428 3097 1871 3170 εἰδωλολατρείαν

1952 661 2145 715 aquas,
2193 654 2318 699 ante
2350 645 2562 707 ﬂatum,
2588 653 2718 700 ante
2752 654 2976 707 terram,
3005 655 3131 699 ante
3160 660 3380 700 omnem
3407 647 3541 701 visi-

1952 736 2119 789 bilem
2168 735 2613 804 invisibilemque
2666 743 2999 789 creaturam.
3043 733 3146 789 llic
3190 736 3360 805 igitur
3400 736 3539 791 initii

1952 842 2153 896 expers
2199 834 2552 895 aeternusque
2595 834 2651 879 et
2704 825 2988 879 increatus
3032 824 3176 879 Dens
3201 826 3426 896 propria
3448 840 3545 880 νου

1955 918 2164 972 luntate
2216 926 2271 971 et
2328 916 2698 986 beneplacito,
2749 918 2830 970 uti
2884 917 3043 970 novit
3099 917 3215 986 ipse
3272 917 3442 981 solus,
3488 927 3545 970 et

1954 1008 2176 1078 quando
2204 1007 2355 1060 novit
2387 1016 2443 1060 et
2474 1006 2619 1061 unde
2658 1005 2813 1060 novit
2842 1020 3038 1060 oumes
3082 1006 3334 1061 caalestes
3374 1022 3543 1076 ange-

1955 1102 2133 1155 lorum
2170 1110 2225 1154 et
2262 1101 2713 1168 incorporeorum
2762 1098 3103 1152 exercituum
3153 1107 3210 1152 et
3257 1098 3545 1167 ordinum,

1957 1191 2343 1257 invisibilium,
2382 1198 2440 1244 et
2470 1190 2661 1244 multis
2691 1190 2867 1244 oculis
2900 1189 3257 1259 praeditorum
3285 1199 3341 1245 et
3369 1192 3548 1247 oculis

1956 1282 2284 1347 carentium,
2327 1296 2422 1336 sex
2455 1280 2558 1334 alis
2584 1280 3007 1344 instruetorum,
3044 1280 3394 1344 thronorum,
3431 1295 3548 1334 caa-

1957 1375 2139 1428 lorum
2171 1373 2408 1428 virtutes
2443 1372 2673 1426 creavit.
2702 1370 2840 1424 Tum
2865 1380 2989 1439 post
3016 1370 3137 1424 illas
3168 1378 3323 1423 creat
3353 1369 3545 1423 visibi-
3644 1414 3655 1423 ,

1958 1466 2064 1519 lem
2101 1463 2391 1528 mundum,
2416 1464 2556 1518 caelo
2580 1472 2638 1517 et
2664 1472 2807 1515 terra
2837 1461 3258 1525 consistentem,
3289 1460 3355 1514 ad
3383 1474 3547 1529 quem

1959 1556 2196 1627 pertinet
2230 1555 2416 1619 homo,
2454 1554 2632 1623 imago
2672 1552 2904 1607 visibilis
2934 1551 3013 1622 [et
3045 1550 3359 1622 invisibilis]
3388 1565 3547 1605 erea-

1962 1649 2164 1702 tionis:
2201 1646 2474 1716 siquidem
2524 1660 2744 1699 carnem
2788 1644 2955 1699 habet
2984 1643 3279 1708 visibilem,
3312 1642 3549 1695 animam

1960 1740 2144 1795 autem
2201 1738 2557 1793 invisibilem.
2606 1738 2765 1791 Hunc
2794 1736 3083 1790 hominem
3120 1743 3367 1788 creatura
3400 1748 3553 1787 com-

1964 1830 2181 1884 monuit
2228 1830 2391 1896 Deus,
2440 1828 2727 1899 legemque
2772 1842 2801 1879 a
2845 1825 3028 1895 Moyse
3078 1824 3446 1892 conscriptam
3498 1822 3551 1876 ei

1964 1922 2138 1985 dedit,
2187 1929 2250 1974 ut
2294 1921 2363 1974 ab
2402 1935 2639 1973 erroneo
2685 1916 2960 1972 idolorum
3003 1916 3154 1970 cultu
3185 1922 3550 1969 averteretur.

1963 2012 2233 2078 Quoniam
2277 2018 2461 2065 autem
2488 2010 2576 2063 lex
2605 1992 3178 2063 hominem'revocare
3208 2022 3319 2061 non
3350 2008 3551 2076 potuit,

1965 2106 2117 2160 misit
2172 2103 2383 2175 (Deus)
2435 2103 2735 2173 prophetas
2781 2101 3159 2164 cohortantes,
3205 2099 3552 2161 minitantes,

1966 2197 2232 2252 miracula
2267 2204 2571 2267 patrantcs.
2604 2194 2675 2248 At
2713 2207 2896 2262 neque
2942 2192 3024 2246 sic
3069 2191 3235 2245 homo
3288 2189 3553 2244 seductus

1966 2290 2035 2344 ab
2072 2304 2264 2344 errore
2302 2286 2488 2342 rediit.
2536 2286 2619 2340 Ad
2667 2293 2999 2347 extremum,
3050 2281 3295 2353 figmenti
3332 2281 3415 2335 sui
3450 2280 3555 2334 mi-

1969 2390 2172 2444 sertus,
2209 2381 2358 2434 Deus
2386 2379 2504 2448 ipse
2532 2378 2587 2432 in
2621 2387 2767 2432 terra
2792 2374 3070 2445 apparuit,
3114 2383 3170 2428 et
3214 2389 3339 2427 cum
3372 2373 3550 2426 homi-

1969 2474 2135 2529 nibus
2180 2481 2242 2528 ut
2285 2473 2453 2526 homo
2506 2476 2864 2525 conversatus
2907 2475 2992 2521 est
3020 2467 3165 2520 Deus
3195 2465 3459 2526 Verbum,
3489 2480 3555 2518 ac

1969 2565 2183 2636 species
2239 2563 2460 2618 Domini
2510 2560 2566 2615 in
2614 2569 2819 2615 terram
2868 2556 3187 2621 descendit,
3239 2564 3300 2610 ut
3341 2555 3555 2625 species

1970 2660 2116 2716 servi
2147 2659 2213 2714 ad
2246 2658 2415 2713 caelos
2444 2655 2801 2711 eveheretur.

2042 2752 2180 2805 Tum
2205 2750 2372 2818 igitur
2393 2747 2682 2819 improbus
2703 2745 2993 2801 hominum
3019 2741 3369 2797 adversarius
3385 2740 3556 2809 priori

1971 2859 2160 2899 errore
2207 2853 2374 2912 atque
2421 2855 2518 2910 spe
2556 2837 2782 2893 excidit.
2813 2835 2951 2891 Cum
2983 2842 3168 2889 autem
3196 2832 3409 2886 videret
3434 2845 3556 2885 sese

1972 2945 2295 3004 superatum
2323 2947 2387 2987 ac
2412 2947 2510 3001 per
2537 2929 2823 2985 Christum
2853 2925 3177 2987 contritum,
3210 2940 3309 2993 per
3333 2937 3556 2977 crucem

1973 3000 2382 3086 conculcatum,
2414 3000 2522 3089 per
2567 3016 2842 3086 baptisma
2873 3014 2941 3068 ad
2972 3014 3199 3082 abyssos
3247 3012 3558 3075 detrusum,
3616 3000 3617 3003 “

1974 3132 2141 3187 porro
2167 3113 2316 3168 idola
2342 3125 2558 3175 eversa,
2582 3107 2951 3162 idololatriam
2977 3119 3042 3157 ex
3072 3102 3391 3156 hominibus
3411 3100 3562 3155 dele-

286 3193 471 3247 λοιπὸν
506 3191 566 3257 ἐξ
594 3190 898 3262 ἀνθρώπων
933 3189 1415 3261 καταργηθείςαν,
1467 3192 1560 3244 καὶ
1608 3192 1705 3262 τὴν
1753 3192 1872 3244 θεο-

1973 3218 2108 3270 tam,
2143 3205 2241 3260 Dei
2269 3202 2640 3273 cognitionem
2672 3200 2729 3252 in
2759 3197 2968 3251 mundo
2995 3196 3343 3266 praedicatam
3370 3211 3383 3248 :
3424 3194 3557 3263 quid

287 3284 523 3353 γνωσίαν
549 3286 607 3337 ὲν
632 3284 822 3354 κόσμῳ
844 3282 1234 3353 κηρυχοεῖσαν,
1265 3283 1318 3334 τί
1345 3285 1490 3336 ποιεῖ
1511 3286 1538 3336 6
1562 3284 1868 3355 κακοῦργος

289 3375 388 3429 καὶ
436 3375 843 3445 παμμήχανος;
901 3374 1163 3444 δευτέραν
1207 3373 1376 3443 ἄλλην
1424 3375 1869 3443 εἰδωλολατρείαν

290 3467 388 3522 καὶ
414 3467 623 3536 πλάνην
648 3469 727 3530 εἰς
754 3468 1079 3537 οἰκουμένην
1108 3466 1490 3535 κατέσπειρεν,
1514 3466 1581 3519 τά
1600 3466 1707 3519 τῶν
1724 3468 1872 3538 αἱρέ-

292 3576 431 3612 σεων
463 3556 698 3622 ζιζάνια.
756 3558 973 3621 Εὐθέως
1023 3558 1117 3610 ἐπὶ
1160 3557 1268 3610 τῶν
1308 3557 1620 3609 ἀποστόλων
1651 3558 1872 3627 Σίμωνα

290 3650 382 3703 τὸν
405 3648 596 3717 Μάγον
612 3649 923 3720 ἀναστήσας
943 3649 1298 3720 μυσεράρχην
1317 3647 1534 3716 πρῶτον
1549 3648 1654 3701 τῶν
1676 3648 1770 3701 τοῦ
1792 3650 1874 3701 κό-

294 3760 433 3813 σμου
463 3741 752 3813 αἱρέσεων,
777 3741 1005 3808 λέγοντα
1041 3741 1234 3793 ἑαυτὸν
1264 3736 1403 3793 εἶναι
1430 3740 1573 3793 θεόν.
1602 3735 1734 3792 Εἶτα
1756 3739 1876 3791 δεύ-

292 3850 451 3903 τερον
480 3831 771 3893 Νικόλαον,
806 3829 867 3897 ἐξ
893 3823 953 3883 οὗ
984 3832 1032 3883 εἰ
1061 3831 1105 3882 Ν
1116 3828 1384 3885 ικολαῖται
1436 3830 1706 3896 ἐλέγοντο.
1741 3828 1876 3883 Εἶτα

294 3925 522 3978 Θευδᾶν.
564 3919 698 3977 Εἶτα
738 3922 957 3993 ἐτέρους
988 3922 1223 3991 καθεξῆς
1250 3922 1487 3984 οἰκείους
1516 3922 1753 3992 ἐργάτας
1783 3924 1879 3974 καὶ

294 4017 398 4085 τῆς
423 4015 633 4085 πλάνης
658 4016 957 4085 ὲφευρέτας
976 4052 992 4075 ,
1018 4014 1086 4066 δι’
1111 4013 1205 4071 οὓς
1232 4015 1482 4066 πλεῖσται
1510 4013 1606 4067 καὶ
1631 4014 1878 4084 διάφοροι

296 4109 454 4176 ἆγιαι
502 4106 708 4160 συνόδοι
759 4105 867 4159 ὑπὸ
906 4104 1007 4174 τῆς
1041 4106 1337 4173 καθολικῆς
1376 4104 1702 4174 Ἐκκλησίας
1754 4121 1880 4155 συνο

295 4198 683 4270 ηθροίσθησαν.

369 4286 525 4340 Οὕτω
551 4289 679 4341 ποτὲ
701 4288 821 4342 τότε
851 4287 1049 4360 ἀνέστη
1085 4287 1433 4359 μυσεράρχης
1449 4290 1665 4359 Ἄρειος
1699 4288 1881 4354 Ἀλεξ-

296 4380 549 4451 ανδρείας
592 4379 964 4452 πρεσόῦτερος
988 4421 1003 4443 ,
1038 4381 1212 4448 λέγων
1241 4382 1448 4450 κτίσμα
1472 4377 1609 4435 εἶναι
1638 4382 1730 4434 τὸν
1760 4384 1885 4435 Υίὸν

298 4475 396 4526 καὶ
424 4471 595 4540 Λόγον
623 4471 718 4524 τοῦ
745 4471 903 4535 Θεοῦ,
933 4472 1273 4543 ἑτεροούσιον
1302 4472 1398 4525 τοῦ
1427 4473 1658 4544 Πατρόςο
1678 4472 1798 4526 καθ’
1823 4470 1883 4528 οὗ

296 4564 330 4630 ἡ
363 4561 495 4629 ἁγία
520 4560 735 4624 σύνοδος
766 4562 799 4630 ἡ
831 4562 1086 4632 νικητικὴ
1115 4562 1223 4613 τῶν
1253 4564 1310 4614 ὲν
1339 4543 1554 4633 Νικαίᾳν
1576 4569 1679 4632 τιη¹
1706 4563 1877 4629 ἀγίων

1983 4558 2240 4613 essentia:
2280 4574 2294 4610 :

300 4655 559 4722 Πατέρων
605 4652 970 4726 συνηθροίσθη
997 4693 1011 4717 ,
1050 4655 1339 4724 ὁμοούσιον
1372 4655 1602 4725 ὁρίσασα
1630 4655 1723 4707 τὸν
1755 4656 1883 4709 Υἱὸν

296 4745 377 4815 τῷ
419 4746 597 4812 Πατρὶ
646 4744 789 4798 κατά
832 4745 931 4815 τὴν
976 4746 1205 4816 θεότητα
1232 4787 1247 4811 ,
1311 4747 1408 4799 καὶ
1457 4747 1745 4816 όμοούσιον
1793 4746 1884 4799 τὸν

299 4834 464 4888 αὑτὸν
485 4836 616 4903 ἡμῖν
636 4836 749 4897 τοῖς
778 4835 1086 4905 ἀνθρώποις
1116 4839 1258 4890 κατά
1285 4838 1382 4907 τὴν
1405 4838 1570 4890 αὑτοῦ
1598 4838 1887 4908 ἀνθρωπό-

300 4944 460 4995 τητα,
497 4928 787 4998 κηρύξασα
808 4968 824 4993 ,
858 4930 919 4982 οὐ
950 4930 1156 4999 κτίσμα
1182 4930 1332 4995 ὄντα,
1363 4930 1500 4984 ἀλλὰ
1526 4930 1787 5001 Κτίστην·
1821 4931 1883 4985 οὗ

301 5021 538 5091 ποίημα,
566 5020 705 5075 ἀλλά
733 5022 972 5091 Ποιητὴν
1000 5024 1108 5074 τῶν
1134 5023 1413 5079 ἁπάντων.
1445 5019 1580 5078 Εἶτα
1606 5024 1746 5095 μετά
1762 5024 1887 5095 χρό-

303 5130 427 5177 νους
445 5112 518 5166 vs'
544 5113 783 5185 ἀνεφάνη
813 5113 1139 5177 Μακεδόνως
1165 5114 1193 5165 6
1216 5114 1387 5178 δόλιος
1411 5116 1712 5179 ἐπίσκοπος
1732 5118 1889 5169 Κων-

306 5206 820 5269 σταντινουπόλεως,
857 5206 1069 5275 κτίσμα
1097 5206 1271 5274 λέγων
1295 5206 1357 5259 τὸ
1381 5207 1607 5277 Πνεῦμα
1628 5206 1688 5259 τὸ
1710 5208 1883 5276 ἆγιον.

306 5298 381 5350 Δι’
408 5298 469 5352 ὃν
500 5300 532 5367 ή
559 5299 692 5363 ἁγία
719 5299 936 5361 σόνοδος
957 5298 1067 5351 τῶν
1092 5305 1168 5369 ρν¹
1196 5297 1366 5366 ἁγίων
1393 5300 1652 5369 Πατέρων
1670 5300 1912 5368 γέγονεν,

304 5387 592 5458 ὁμοούσιον
622 5390 857 5458 λέγουσα
882 5391 941 5442 τὸ
967 5390 1191 5459 Πνεῦμα
1218 5390 1279 5443 τὸ
1307 5390 1458 5457 ἅγιον
1487 5391 1580 5444 καὶ
1604 5391 1885 5456 ἄκτιστον,

306 5483 475 5549 ἤγουν
508 5480 634 5551 μίαν
662 5481 851 5533 οὐσίαν
870 5482 1101 5550 Πατρὸς,
1135 5481 1229 5534 καὶ
1254 5481 1517 5545 Υἱοῦ,καὶ
1543 5480 1699 5549 ἁγίου
1722 5482 1889 5535 Πνεῦ-

312 5589 499 5642 ματος,
541 5572 671 5641 μίαν
702 5572 961 5640 θεότητα,
1006 5572 1136 5642 μίαν
1164 5572 1441 5636 ἐξουσίαν,
1481 5573 1607 5645 μίαν
1635 5573 1887 5645 δύναμιν,

311 5666 369 5716 ἐν
395 5679 521 5734 τρισ
547 5681 574 5714 ν
600 5661 985 5715 ὑποστάσεσι-θ.

1973 3290 2084 3369 agit
2116 3295 2405 3365 improbus
2432 3300 2757 3361 astutusque
2780 3289 3048 3343 malorum
3071 3286 3365 3341 inventor?
3386 3286 3560 3339 Aliam

1972 3388 2263 3459 quamdam
2297 3384 2668 3441 idololatriam
2712 3388 2768 3435 et
2806 3394 3051 3434 errorem
3082 3378 3137 3432 in
3171 3378 3363 3433 orbem
3392 3387 3563 3430 terra-

1975 3496 2097 3535 rum
2145 3478 2389 3541 diﬂ‘udit,
2420 3475 2715 3529 haeresium
2749 3471 2979 3526 zizania.
3011 3470 3132 3524 Jam
3159 3468 3304 3522 enim
3335 3477 3561 3535 aposto-

1974 3569 2154 3623 lorum
2198 3575 2445 3635 tcmpore
2480 3560 2740 3616 excitavit
2780 3560 3060 3614 Simonem
3113 3556 3361 3626 Magum,
3411 3554 3556 3607 dcte.

1977 3660 2233 3714 stabilem
2284 3655 2579 3709 haeresium
2626 3648 2820 3704 mundi
2861 3648 3170 3718 principem
3224 3647 3317 3714 qui
3360 3654 3566 3697 semet-

1980 3751 2163 3818 ipsum
2204 3748 2370 3801 deum
2401 3760 2523 3799 esse
2574 3740 2734 3796 dixit.
2778 3738 3034 3794 Secundo
3092 3737 3215 3791 loco
3252 3737 3560 3799 Nicolaum,

1977 3854 2009 3892 e
2039 3853 2150 3907 quo
2182 3834 2464 3890 Nicolaita:
2504 3843 2635 3887 sunt
2673 3828 2966 3900 appellati;
2992 3835 3109 3881 tum
3157 3826 3464 3893 Theudam,
3509 3833 3567 3879 et

1979 3937 2170 3996 postea
2206 3934 2436 3979 caeteros
2485 3922 2750 3989 deinceps
2794 3918 3030 3972 famulos
3076 3931 3206 3972 suos
3247 3915 3567 3984 errorisque

1983 4018 2323 4077 inventores,
2361 4020 2588 4082 propter
2621 4024 2762 4079 quos
2794 4010 2983 4077 plures
3008 4022 3073 4061 ac
3101 4008 3332 4060 diversae
3362 4014 3563 4059 sanetae

1984 4107 2178 4179 synodi
2210 4107 2280 4159 ab
2319 4102 2565 4159 Ecclesia
2605 4100 2874 4156 catholica
2916 4108 3232 4153 convocatae
3271 4104 3418 4150 sunt.

2078 4285 2172 4341 Sic
2238 4281 2503 4353 temporis
2565 4280 2805 4335 decursu
2866 4276 3108 4332 surrexit
3165 4271 3569 4327 abominandus

1986 4375 2149 4431 Arius
2183 4375 2473 4444 presbyter
2500 4369 2927 4432 Alexandrinus,
2960 4367 3150 4421 dicens
3175 4373 3421 4419 creatum
3447 4377 3567 4415 esse

1988 4467 2188 4521 Filium
2227 4465 2579 4532 Verbumque
2608 4460 2728 4526 Dei,
2760 4473 2943 4528 neque
2973 4456 3219 4528 ejusdem
3257 4469 3382 4509 cum
3410 4454 3568 4507 Patre

2351 4562 2544 4610 contra
2604 4566 2767 4622 quem
2813 4558 3001 4605 sancta
3056 4546 3298 4617 synodus
3348 4544 3568 4599 Νἰοαιηιι

1991 4649 2250 4706 trecentis
2301 4646 2609 4703 octodecim
2664 4643 2870 4698 sanctis
2922 4640 3180 4696 Patribus
3227 4635 3567 4707 composita,

1986 4742 2217 4797 collecta
2254 4749 2360 4803 est,
2399 4739 2625 4794 edieens
2663 4736 2862 4791 Filium
2894 4732 3200 4788 secundum
3224 4729 3568 4784 divinitatem

1986 4835 2158 4897 Patri,
2194 4832 2563 4899 eumdemque
2610 4827 2915 4884 secundum
2963 4823 3361 4879 humanitatem
3408 4817 3572 4874 nobis

1987 4922 2510 4980 consubstantialem
2535 4936 2677 4983 esse,
2698 4935 2809 4973 non
2825 4928 3091 4979 creatum,
3111 4912 3205 4969 sed
3225 4913 3570 4978 Creatorem,

1986 5033 2096 5072 non
2122 5016 2347 5080 factum,
2373 5014 2470 5069 sed
2504 5013 2790 5067 Factorem
2819 5008 3086 5064 universi.
3122 5005 3350 5070 Deinde,
3372 5004 3575 5073 elapsis

1988 5109 2388 5179 quinquaginta
2421 5107 2668 5177 quinque
2717 5105 2897 5168 annis,
2940 5101 3151 5172 prodiit
3192 5098 3571 5160 Macedonius,

1988 5200 2213 5255 dolosus
2263 5200 2354 5254 ille
2411 5199 2706 5268 episcopus
2758 5191 3430 5261 Constantiimpolitanus,
3478 5189 3571 5257 qui

1990 5294 2256 5364 Spiritum
2292 5302 2543 5347 sanctum
2576 5298 2887 5345 creaturam
2926 5302 3047 5343 esse
3077 5283 3396 5339 declaravit.
3438 5282 3575 5335 Pro-

1989 5394 2112 5455 pter
2165 5399 2328 5454 quem
2383 5393 2574 5437 sancta
2615 5380 2856 5453 synodus
2908 5387 3130 5434 centum
3177 5374 3574 5445 quinquaginta

1990 5488 2308 5532 sanctorum
2363 5478 2585 5530 Patrum
2641 5482 2830 5530 coacta
2885 5479 2989 5534 est,
3041 5478 3174 5540 qua!
3207 5465 3578 5537 promulgavit

1992 5567 2262 5636 Spiritum
2295 5577 2545 5621 sanetum
2589 5567 2919 5628 inereatum,
2960 5563 3013 5617 id
3044 5570 3150 5624 est,
3185 5574 3350 5614 unam
3381 5573 3576 5613 essen-
3640 5562 3643 5565 ’

1994 5659 2125 5712 tiam
2151 5659 2347 5717 Patris.
2388 5659 2537 5721 Filii,
2564 5667 2621 5712 et
2657 5657 2898 5727 Spiritus
2939 5654 3141 5719 sancti,
3171 5666 3339 5707 unam
3372 5649 3578 5706 divini-

1994 5757 2185 5815 tatem,
2216 5766 2382 5805 unam
2411 5758 2759 5820 potestatem,
2789 5764 2954 5804 unam
2996 5746 3283 5810 virtutem,
3308 5744 3366 5800 in
3396 5742 3581 5799 tribus

1994 5841 2336 5897 substantiis.
