4114 6296
517 394 671 459 2943⁷

1508 403 1566 463 S.
1604 404 1917 467 EULOGII
1960 398 2314 465 ARCIIIEP.
2356 399 2730 463 ALEXAND.

3622 399 3759 466 295A

585 512 968 582 Praeterlapsis
1024 512 1222 566 iterum
1276 512 1435 567 annis
1493 514 1890 586 quinquaginta
1951 533 2061 599 uno

2268 514 2489 583 Χρόνων
2516 513 2572 565 δέ
2601 530 2705 566 που
2734 513 2894 567 πάλιν
2920 513 3000 566 να⁹
3018 512 3449 584 διαδραμόντων,
3478 516 3755 587 προέκυψε

515 606 745 661 emersit
794 604 1104 668 Nestorius,
1156 604 1429 660 nefandus
1481 607 1840 679 impurusque
1890 611 2087 678 praesul

514 695 1191 764 Constantinopolitanus,
1222 697 1316 765 qui
1350 697 1773 767 hominiparam,
1815 716 1924 753 non
1962 702 2091 754 Dei-

516 804 701 859 param
757 802 879 841 esse
934 795 1175 840 sanctam
1229 788 1505 857 Virginem
1555 792 1810 844 asseruit.
1863 792 2091 861 Pr0pter

517 881 668 933 hunc
703 878 888 932 habita
936 886 1019 931 est
1050 879 1202 947 prior
1235 878 1507 947 Ephesina
1557 880 1916 934 ducentorum
1967 897 2091 935 san-

516 979 731 1025 ctorum
781 970 1005 1024 Patrum
1040 969 1299 1038 synodus,
1355 985 1476 1039 qua:
1529 971 1751 1039 proprie
1797 980 1851 1025 et
1898 985 2093 1024 revera

515 1064 802 1131 Deiparam
853 1077 972 1116 esse
1014 1073 1257 1115 sanctam
1294 1063 1573 1132 Virginem
1612 1064 1995 1134 promulgavit,
2033 1071 2099 1117 et

516 1152 833 1207 Nestorium
892 1160 1098 1205 aeterno
1144 1153 1489 1206 anathemate
1538 1155 1829 1221 percussit.
1881 1154 2087 1207 Deinde

514 1251 637 1313 post
673 1243 854 1313 viginti
892 1243 1136 1311 quinque
1180 1244 1401 1297 circiter
1444 1260 1636 1308 annos,
1667 1245 1891 1299 emersit
1920 1245 2087 1315 Euty-

518 1330 652 1385 ches
696 1329 983 1383 nefaustus
1031 1331 1491 1384 monasteriorum
1525 1331 2085 1400 Constantinopolita-

515 1435 713 1474 norum
761 1421 1210 1483 archimandrita,
1254 1420 1443 1475 dicens
1480 1438 1589 1476 non
1620 1422 2085 1476 consubstantiale

514 1510 676 1564 nobis
704 1526 823 1564 esse
857 1525 1058 1578 corpus
1089 1510 1327 1575 Christi;
1359 1511 1662 1580 eodemque
1695 1511 1807 1565 fere
1839 1521 2082 1581 tempore

517 1598 730 1653 exstitit
755 1599 1052 1652 Dioscorus
1081 1615 1218 1667 papa
1257 1599 1659 1653 Alexandrinus
1706 1600 1991 1669 qui‘unam
2028 1601 2082 1655 in

514 1688 734 1743 Christo
769 1696 1017 1741 naturam
1054 1688 1212 1743 dixit.
1254 1689 1480 1758 Pmpter
1507 1688 1607 1743 hos
1637 1689 1773 1742 duos
1806 1689 2083 1743 detestan-

516 1778 616 1832 dos
666 1778 1062 1844 haeresiarchas
1111 1779 1338 1832 collecta
1380 1787 1463 1832 est
1503 1787 1814 1833 sanctorum
1857 1780 2079 1834 Patrum

514 1866 756 1940 synodus
782 1869 1262 1933 Chalcedonensis,
1300 1885 1421 1937 qua:
1448 1878 1646 1937 prmter
1684 1869 1846 1922 modo
1886 1871 2082 1925 citatos

512 1958 904 2013 haresiarchas
954 1959 1264 2013 Nestorium
1312 1976 1528 2029 quoque
1569 1961 2077 2035 anathemati'tavit,

511 2047 793 2103 Christum
859 2059 1040 2102 autem
1105 2051 1405 2104 secundum
1466 2051 1858 2106 humanitatem
1919 2051 2080 2105 nobis

513 2139 1040 2194 consubstantialem
1075 2141 1267 2205 edixit,
1309 2153 1364 2197 et
1407 2144 1544 2197 duas
1575 2143 1936 2197 indivisibiles
1984 2159 2079 2196 na-

514 2240 665 2284 turas
714 2247 835 2283 cum
897 2246 1001 2283 una
1043 2247 1275 2300 persona
1320 2234 1623 2288 credendas
1674 2234 1881 2288 statuit.
1924 2234 2079 2291 Unus

510 2321 656 2374 enim
701 2332 785 2375 est
833 2321 1107 2387 Christus,
1143 2332 1335 2377 etnon
1364 2324 1495 2390 duo,
1534 2336 1601 2379 et-
1621 2325 1921 2393 composita
1960 2326 2081 2396 ejus

511 2410 841 2464 substantia.

580 2484 876 2554 Exstinctis
902 2501 1085 2571 igitur,
1117 2502 1169 2555 id
1187 2512 1270 2556 est
1296 2502 1787 2568 anathematizatis,
1814 2503 1921 2557 illis
1942 2503 2077 2557 duo-

509 2590 614 2645 bus
660 2592 1059 2659 bazresiarchis,
1096 2595 1255 2648 annis
1298 2593 1413 2649 fere
1459 2605 1680 2649 centum
1717 2604 1842 2665 post
1891 2596 2075 2650 habita

507 2692 592 2738 est
633 2684 810 2739 fausta
862 2685 1052 2754 quinta
1083 2686 1342 2755 synodus,
1375 2686 1476 2741 sub
1501 2687 1810 2742 Justiniano
1846 2688 2078 2756 impera-

508 2786 649 2838 tore,
688 2776 949 2829 adversus
986 2775 1296 2846 Origenem,
1350 2778 1638 2849 Didymum
1667 2788 1723 2831 et
1760 2778 2072 2848 Evagrium,

507 2857 625 2936 qui,
652 2881 795 2921 vano
834 2882 997 2921 sensu
1023 2868 1255 2938 abrepti,
1292 2871 1500 2923 animas
1532 2879 1746 2924 nostras
1787 2877 1912 2924 ante
1956 2886 2076 2924 cor-

507 2972 644 3025 pora
669 2959 724 3010 in
746 2960 902 3013 cretis
925 2960 1125 3028 degere
1150 2967 1207 3012 et
1234 2975 1425 3028 pugnas
1452 2969 1685 3015 aeternas
1722 2963 1883 3014 ﬁnem
1922 2961 2075 3014 habi-

509 3062 663 3105 turas
708 3066 862 3115 esse,
913 3051 1301 3120 nugabantur:
1345 3054 1544 3120 quibus
1588 3054 1800 3105 cunctis
1833 3052 2073 3121 rejectis,

2195 605 2288 657 καὶ
2336 604 2631 674 Νεστόριος
2685 606 2713 657 6
2761 606 2954 676 μιαρὸς
3007 607 3101 659 καὶ
3143 607 3448 677 ἁκάθαρτρς
3499 608 3759 678 πρόεδρος

2193 696 2839 759 Κωνσταντινουπόλεως,
2859 696 3272 766 ἀνθρωποτόκον
3290 699 3464 766 λέγων
3485 700 3551 769 τὴ
3564 717 3583 751 ι
3602 699 3761 767 ἁγίαν

2192 786 2490 857 Παρθένον’,
2522 788 2617 840 καὶ
2644 788 2703 840 οὐ
2729 788 3009 840 Θεοτόκοψ
3028 789 3097 841 δι’
3125 789 3184 841 ὂν
3213 791 3433 856 γέγονεν
3464 792 3496 859 ὴ
3523 792 3581 843 ἐν
3605 792 3762 858 Ἑφέ-

2192 895 2269 948 σῳ
2297 879 2357 931 τὸ
2382 878 2645 949 πρότερον
2678 886 2722 931 σ¹
2748 879 2918 946 ἁγίων
2942 880 3201 950 Πατέρων
3229 881 3469 944 σύνοδος,
3500 881 3763 934 Θεοτόκον

2190 969 2393 1039 κυρίως
2424 971 2520 1022 καὶ
2546 969 2757 1039 ἀληθῶς
2787 970 3131 1039 κηρύττουσα
3157 971 3256 1040 τὴν
3280 971 3438 1038 ἁγίαν
3465 972 3760 1041 Παρθένον,

2190 1060 2283 1110 καὶ
2316 1060 2608 1128 Νεστόριον
2641 1060 2845 1127 αἰωνίῳ
2877 1059 3178 1129 ἁναθέματι
3208 1059 3648 1111 ὑποϐαλοῦσα.”0
3672 1057 3765 1111 διὰ.

2189 1149 2405 1201 πάντων
2448 1149 2504 1201 δὲ
2548 1150 2675 1220 περί
2705 1167 2804 1201 που
2836 1148 2915 1201 κε’
2938 1140 3145 1219 χρόνων
3175 1148 3420 1217 Εὑτυχὴς
3445 1149 3473 1200 6
3494 1148 3764 1217 δυστυχὴς

2150 1240 2615 1311 ·ἀρχιμανδρίτης
2676 1241 3057 1311 μοναστηρίων
3109 1241 3761 1304 Κωνσταντινουπόλεως,

2187 1332 2423 1400 ἀνέκυψε
2496 1332 2571 1401 μὴ
2609 1332 2782 1398 λέγων
2827 1330 3113 1399 ὁμοούσιον
3143 1329 3299 1400 ἡμῶν
3332 1325 3471 1382 εἶναι
3504 1331 3567 1382 τὸ
3597 1332 3763 1398 σῶμα

2186 1421 2280 1475 τοῦ
2306 1421 2564 1491 Χριστοῦ.
2597 1421 2796 1474 Λοιπὸν
2823 1420 2880 1471 δὲ
2911 1420 3006 1472 καὶ
3031 1418 3321 1488 Διόσκορος
3346 1418 3586 1487 προῆλθε
3635 1418 3759 1470 τότε

2186 1514 2374 1575 πάπας
2390 1511 2817 1581 Ἀλεξανδρείας,
2838 1510 2967 1578 μίαν
2986 1510 3146 1579 φύσιν
3160 1510 3331 1576 λέγων
3352 1512 3408 1562 ὲν
3421 1509 3499 1577 τῷ
3515 1509 3757 1580 Χριστῷ-

2182 1604 2248 1657 δι’
2285 1602 2376 1667 οἷς
2410 1620 2560 1665 τινας
2604 1601 2696 1654 δύο
2738 1602 2965 1670 μιαροὺς
2997 1600 3351 1670 αίρεσιάρχας
3393 1599 3759 1669 συνηθροίσθη

2182 1697 2214 1765 ἠ
2260 1695 2393 1762 ἁγία
2422 1694 2637 1755 σύνοδος
2676 1694 2707 1760 ἡ
2742 1691 3083 1761 Χαλκηδόνος
3118 1690 3229 1743 τῶν
3257 1688 3551 1759 ὀρθοδόξων
3580 1689 3758 1756 ἁγίων

2184 1785 2446 1854 Πατέρων
2480 1782 2932 1852 ἀναθεματίσασα
2964 1780 3089 1843 τοὺς
3121 1780 3441 1850 εἰρημένους
3471 1779 3757 1849 αίρεσιὰρ-

2183 1894 2323 1945 χας,
2383 1874 2519 1944 ὁμοῦ
2568 1891 2628 1925 τε
2676 1872 2771 1926 καὶ
2812 1872 3139 1940 Νεστόριον,
3189 1870 3470 1940 ὁμοούσιον
3499 1872 3628 1940 ήμίν
3662 1869 3756 1921 τὸν

2182 1965 2413 2036 Χριστὸν
2443 1964 2581 2018 κατὰ
2609 1963 2706 2032 τὴν
2733 1962 3130 2033 ἀνθρωπότητα
3171 1961 3481 2038 κηρύξασα,
3531 1961 3626 2012 καὶ
3658 1960 3758 2013 δύο

2180 2058 2514 2126 ἀδιαιρέτους
2539 2055 2766 2126 ὁρίσασα
2803 2055 2899 2106 σὺν
2934 2054 3013 2105 ὲνὶ
3044 2051 3317 2122 προσώπῳ
3346 2052 3755 2121 γνωριζομένας

2181 2149 2370 2217 φύσεις
2397 2165 2411 2179 σ
2472 2141 2551 2210 εἷς
2600 2147 2708 2215 γάρ
2762 2146 2908 2196 ἐστιν
2951 2145 2979 2195 6
3008 2142 3243 2211 Χριστὸς
3282 2144 3376 2195 καὶ
3404 2144 3463 2195 οὐ
3489 2142 3619 2208 δύο,
3658 2145 3753 2195 καὶ

2182 2239 2436 2303 σύνθετος
2467 2236 2631 2292 αὑτοῦ
2664 2238 2698 2308 ἡ
2727 2235 3049 2298 ὑπόστασις.

2248 2500 2573 2567 Σ6εσθείσης
2601 2498 2779 2551 τοίνυν
2804 2496 3086 2566 κάκείνης,
3109 2494 3275 2564 ἤγουν
3301 2492 3749 2563 ἀναθεματισθεί-

2179 2611 2277 2663 σης
2308 2592 2408 2661 τῆς
2440 2590 2733 2661 ξυνωρίδος
2762 2589 2872 2642 τῶν
2916 2586 3311 2659 αἱρεσιαρχῶν,
3346 2585 3601 2637 διίππασέ
3644 2600 3747 2636 που

2177 2691 2222 2756 ρ’
2238 2683 2443 2744 τούτοις
2466 2682 2678 2751 χρόνοις
2694 2681 2789 2732 καὶ
2811 2679 3080 2749 γέγονενή
3110 2675 3354 2746 μακαρία
3378 2675 3604 2745 πέμπτη
3630 2674 3748 2728 σύνο

2178 2775 2295 2836 οδος
2326 2772 2418 2826 ἐπὶ
2446 2769 2823 2824 Ἰουστινιανοῦ
2847 2766 2940 2821 τοῦ
2966 2767 3228 2838 βασιλέως
3254 2765 3396 2819 κατὰ
3418 2763 3746 2834 Ὠριγένους,

2174 2866 2443 2935 Διδύμου,
2492 2864 2584 2917 καὶ
2627 2849 2926 2931 Εὑαγρίου,
2972 2858 3080 2913 τῶν
3123 2857 3533 2927 ματαιοφρόνων
3568 2856 3749 2926 ληρῳο

2172 2957 2404 3010 δούντων
2434 2955 2812 3025 προϋπάρχειν
2841 2951 2952 3005 τῶν
2980 2951 3247 3021 σωμάτων
3269 2949 3429 3018 ἡμῶν
3451 2948 3547 3010 τὰς
3567 2947 3747 3017 ψυχὰς

2175 3050 2233 3102 έν
2276 3047 2523 3117 οὐρανοῖς
2569 3045 2663 3098 καὶ
2704 3043 2855 3105 τέλος
2900 3042 3045 3111 ἔχειν
3095 3040 3192 3110 τὴν
3235 3040 3459 3092 κόλασιν
3494 3036 3742 3089 αίώνιοψ

507 3138 747 3210 synodus
775 3139 1055 3193 divinitus
1078 3139 1341 3209 inspirata
1368 3139 1491 3194 illos
1531 3141 1875 3193 anathemate
1900 3139 2068 3193 feriit.

2178 3139 2317 3208 ἅπερ
2368 3137 2584 3190 ᾶπαντα
2630 3133 2934 3187 ἀπεϐάλετο
2990 3132 3086 3184 καὶ
3138 3128 3529 3198 ἁνεθεμάτισεν
3561 3127 3745 3187 αὐτοῖς

507 3230 757 3299 Longum
789 3238 874 3284 est
903 3233 967 3285 de
999 3231 1228 3300 reliquis
1257 3233 1310 3285 in
1344 3231 1582 3285 diversis
1612 3231 1747 3285 locis
1770 3230 1915 3283 haud
1952 3245 2074 3283 raro

508 3321 709 3376 habitis
729 3322 931 3377 sanctis
952 3323 1172 3394 synodis
1194 3325 1497 3378 orationem
1516 3333 1720 3386 texere,
1740 3329 1795 3376 et
1816 3322 1883 3375 de
1908 3322 2073 3377 variis

507 3412 812 3467 hmresibus
861 3421 1074 3482 tempus
1117 3423 1172 3468 et
1224 3414 1399 3468 locum
1454 3413 1654 3482 quibus
1712 3415 2069 3478 emerserint,

505 3520 790 3571 enarrare.
824 3505 1056 3570 Quidam
1107 3507 1255 3560 enim
1306 3523 1475 3561 unum
1513 3506 1731 3579 [Deum]
1761 3522 1878 3561 esse
1910 3522 2077 3576 nega—

506 3603 658 3660 runt,
703 3604 761 3654 ut
791 3598 1051 3667 gentiles;
1086 3598 1177 3651 alii
1205 3599 1364 3663 duos,
1394 3600 1505 3652 imo
1530 3608 1766 3667 quatuor
1792 3598 2066 3661 dicebant,

508 3695 569 3741 ut
614 3686 800 3749 Ariani
840 3695 896 3742 et
928 3688 1240 3764 Manichaei;
1290 3689 1380 3742 alii
1427 3700 1537 3744 tres
1565 3691 1832 3744 cssentias
1860 3690 1913 3742 in
1944 3704 2071 3742 san-

505 3786 592 3831 cta
622 3777 891 3831 Trinitatc
926 3778 1171 3847 improbe
1206 3780 1742 3849 blasphemaverunt,
1792 3791 1851 3835 ut
1885 3781 2070 3835 Sabel-

504 3864 658 3930 liani,
706 3875 870 3935 atque
917 3883 1078 3921 unam
1111 3867 1164 3921 in
1192 3882 1255 3922 ea
1286 3870 1646 3924 substantiam
1681 3877 2062 3935 asseruerunt;

503 3955 600 4011 alii
629 3971 821 4013 rursus
846 3958 1252 4027 dispensatione
1276 3959 1544 4015 Christi...

527 4149 943 4169 νὴ..

2181 3232 2214 3299 ὴ
2249 3229 2605 3290 θεόπνευστος
2635 3225 2873 3288 σύνοδος.
2911 3223 3140 3292 Μακρὸς
3174 3222 3217 3274 δ’
3247 3220 3310 3273 ἂν
3343 3219 3431 3287 εἴη
3458 3217 3616 3285 λόγος
3649 3216 3745 3269 καὶ

2180 3322 2308 3389 περὶ
2335 3320 2442 3372 τῶν
2465 3316 2669 3371 λοιπῶν
2696 3314 2938 3368 τοπικῶν
2966 3312 3224 3373 πολλάκις
3251 3310 3555 3379 γενομένων
3574 3308 3744 3375 ἁγίων

2177 3410 2410 3462 συνόδων
2439 3406 2829 3478 διηγήσασθαι,
2887 3405 2981 3458 καὶ
3013 3403 3122 3455 τῶν
3150 3400 3271 3453 καθ’
3296 3400 3526 3452 ἕκαστον
3552 3396 3745 3465 καιρὸν

2175 3503 2269 3554 καὶ
2296 3500 2480 3561 τόπον,
2512 3496 2894 3565 ἁναφανέντων
2922 3494 3182 3547 ποικίλων
3208 3492 3492 3562 αἱρέσεων,
3510 3489 3621 3541 τῶν
3647 3489 3745 3557 μὲν

2173 3590 2519 3661 ἀρνουμένων
2551 3588 2643 3640 τοῦ
2676 3585 2811 3639 εἶναι
2836 3585 3197 3653 ἒν,⁶Ἐλληνες·
3231 3582 3339 3633 τῶν
3363 3581 3419 3633 δὲ
3447 3580 3539 3633 δύο
3560 3580 3749 3646 λεγόν-ρ

2170 3700 2278 3735 των
2313 3681 2406 3734 καὶ
2438 3680 2499 3733 τὸ
2526 3680 2785 3748 τέταρτον
2811 3678 2887 3742 δὲ,
2925 3674 3214 3753 ’ᾼρειανολη
3249 3673 3559 3741 Μαιλιχαῖοι,
3592 3672 3747 3740 τρεῖς

2169 3773 2357 3834 οὐσίας
2411 3771 2506 3822 ἐπὶ
2546 3770 2645 3837 τῆς
2684 3768 2842 3835 ἁγίας
2898 3762 3366 3835 βλασφημούντων
3390 3760 3619 3833 Τριὰδος
3647 3762 3744 3813 καὶ

2170 3866 2351 3920 αὐτῶν
2379 3866 2436 3919 δὲ
2468 3862 2835 3927 Σαδελλιανοὶ,
2875 3861 3003 3929 μίαν
3034 3857 3299 3925 λεγόντων
3331 3856 3419 3907 ἐπ’
3445 3852 3615 3921 αὐτῆς
3640 3852 3744 3921 τὴν

2170 3959 2463 4013 ὑπόστασιν
2480 3969 2492 3985 ·
2524 3955 2696 4008 ἄλλων
2726 3953 2781 4007 δὲ
2806 3955 2872 4023 τῇ
2897 3949 3178 4019 οἰκονομίᾳ
3202 3946 3527 4018 Χριστοῦ....

1096 4319 2071 4449 FRAGMENTA
2188 4315 3163 4513 DOGMATICA.

497 4688 580 4743 Ex
611 4687 831 4757 Eulagio
863 4686 1219 4740 Alarmtdrino
1249 4686 1443 4741 Contra
1470 4703 1553 4757 eos
1578 4688 1668 4757 qui
1694 4687 1894 4747 dicarat,
1945 4705 1963 4736 ι
2002 4684 2059 4739 Si

2178 4687 2277 4739 Ἐκ
2333 4684 2459 4757 *τῶν
2508 4681 2885 4757 συνηγοριῶν
2933 4678 3231 4757 Εὐλοχίου
3280 4677 3735 4757 Ἀλεξιετδρείᾳς

570 4760 737 4813 dicitis
765 4757 951 4813 habere
971 4756 1231 4809 Christum
1257 4758 1388 4810 duas
1411 4756 1751 4818 substantias,
1768 4758 2059 4809 necessario

562 4836 748 4882 sancta
778 4825 1005 4880 Trinitas
1038 4829 1318 4879 incuruata
1344 4834 1440 4879 est.
1472 4844 1489 4875 ι

2237 4754 2387 4818 πρὸς
2434 4753 2574 4817 τοὺς
2614 4750 2941 4819 λέγονταςξ
3001 4768 3022 4797 ι
3058 4749 3131 4802 El
3162 4763 3314 4819 φατε
3345 4750 3453 4801 τὸν
3476 4749 3737 4819 Χριστὸν

2235 4816 2344 4876 δύο
2364 4816 2780 4907 ήξχεινίοὺσῖας
2800 4860 2814 4883 ,
2855 4818 3089 4884 πάντως
3119 4818 3157 4884 ἡ
3192 4818 3332 4886 ἁγία
3364 4816 3535 4886 Τριὰς
3565 4816 3734 4870 πᾶσα

2235 4908 2622 4959 σεσαρκωτιιι.
2662 4911 2679 4940 ›

1549 5008 1705 5079 (Aug.
1739 5010 1839 5065 MAI
1867 5009 2060 5080 Script.
2090 5021 2185 5065 ret.
2236 5021 2273 5064 ι.
2303 5010 2415 5075 VII,
2452 5011 2537 5072 18,
2570 5007 2679 5079 19.)

562 5128 689 5181 Haec
711 5136 841 5181 sunt
867 5142 990 5196 qua:
1019 5126 1089 5180 ab
1108 5125 1442 5180 adversariis
1463 5126 1832 5198 obiectantur.
1853 5130 2056 5185 Forsan

489 5219 636 5273 enim
665 5226 863 5288 putant
893 5217 1200 5271 divinitatis
1223 5217 1519 5271 essentiam
1551 5217 1888 5274 divisibilem
1913 5236 2054 5286 esse,

490 5313 647 5382 cujus
689 5327 795 5365 una
830 5326 957 5380 pars
1007 5309 1063 5363 in
1097 5309 1256 5364 Patre
1281 5318 1573 5377 cernatur,
1608 5312 1781 5367 altera
1810 5313 1864 5367 in
1893 5314 2052 5378 Filio,

2236 5129 2420 5183 Ταῦτα
2465 5126 3127 5197 τῶν-ἐιιαντίωνὺπάρχει
3159 5126 3536 5198 προϐλήματα.
3573 5128 3729 5181 Οἷον-

2163 5241 2249 5276 ται
2274 5224 2381 5290 γὰρ
2406 5222 2536 5283 ἴσως
2561 5220 2820 5290 μεριστὴν
2841 5214 2981 5272 εἶναι
3005 5219 3105 5288 τὴν
3126 5218 3225 5287 τῆς
3248 5217 3497 5287 θεότητος
3521 5218 3729 5283 οὐσίαν,

2162 5315 2253 5366 καὶ
2302 5314 2362 5365 τὸ
2405 5312 2569 5381 μέρος
2617 5311 2789 5379 αὐτῆς
2834 5310 2892 5361 ὲν
2932 5308 3110 5379 Πατρὶ
3153 5306 3512 5373 θεωρεῖσθαι,
3570 5307 3631 5359 τὸ
3676 5307 3731 5360 δὲ

489 5412 546 5457 et
578 5401 748 5455 altera
785 5400 840 5453 in
870 5398 1078 5469 Spiritu
1108 5407 1298 5455 sancto
1321 5438 1336 5464 ,
1387 5413 1490 5454 ceu
1534 5402 1793 5471 quaalibet
1820 5417 2055 5471 persona

2178 5423 2217 5457 :v
2241 5405 2375 5473 Υἱῷ,
2405 5403 2466 5455 τὸ
2490 5403 2546 5455 δὲ
2577 5404 2634 5455 ὲν
2661 5401 2799 5471 ἁγίῳ
2824 5401 3127 5470 Πνεύματι,
3157 5399 3234 5462 ὡς
3262 5399 3476 5469 ἐκείνης
3500 5400 3744 5452 buceta--

489 5508 556 5546 ex
581 5500 736 5561 parte
761 5491 962 5554 solum;
987 5497 1044 5544 et
1068 5505 1179 5544 non
1203 5505 1267 5545 ex
1300 5497 1416 5545 toto
1445 5490 1668 5547 deitatis
1690 5492 2057 5562 proprietates

2178 5512 2299 5557 τεως
2329 5496 2393 5547 ὲκ
2424 5495 2623 5564 μέρους
2643 5531 2659 5557 ,
2694 5492 2808 5545 ἁλλ’
2840 5493 2942 5545 οὐκ
2970 5494 3029 5545 ὲν
3051 5492 3188 5544 πᾶσι
3216 5492 3331 5553 τοῖς
3355 5492 3454 5560 τῆς
3479 5491 3729 5560 θεότητος

492 5582 711 5638 referat.
734 5582 846 5637 Nos
863 5596 993 5636 vero
1015 5596 1361 5652 nequaquam
1383 5597 1451 5637 eo
1471 5582 1767 5652 impietatis
1783 5582 2055 5647 venimus,

492 5685 555 5727 ut
582 5676 637 5730 in
667 5674 853 5729 divina
877 5677 1115 5731 essentia
1143 5676 1466 5732 divisionem
1490 5688 1585 5732 aut
1605 5678 1900 5737 sectionem
1923 5678 2057 5731 ima-

2163 5586 2416 5655 ίδιώμασι
2448 5582 2879 5654 γνωριζομένης.
2935 5583 3125 5652 Ἡμεῖς
3154 5582 3211 5635 δὲ
3244 5583 3343 5635 οὐκ
3373 5584 3452 5644 είς
3476 5581 3747 5634 τοσοῦτον⁴

2158 5677 2410 5739 ἀσεϐείας
2435 5676 2737 5746 ἡλάσαμεν,
2768 5676 2843 5739 ὡς
2872 5674 3413 5747 μερισμὸνήγεῖσθαι
3454 5674 3547 5728 καὶ
3569 5690 3750 5726 καταο·

493 5766 763 5835 κιιιωιιιιιο.
814 5766 956 5832 Quin
987 5767 1250 5835 dicimus,
1288 5771 1539 5838 quamvis
1568 5786 1857 5839 personam
1889 5769 2058 5824 certis

2178 5768 2331 5839 τομὴν
2369 5769 2495 5837 περὶ
2527 5767 2623 5838 τὴν
2651 5766 2801 5821 θείαν
2834 5769 3097 5838 ὑπάρχειν
3124 5766 3312 5821 οὐσίαν
3332 5783 3345 5797 ⁸
3383 5766 3519 5820 ἀλλὰ
3548 5782 3748 5835 φαμεν.
