4114 6296
358 342 500 408 2345

1503 347 1963 410 FRAGMENTA
2005 347 2457 410 DOGMATICA.

3471 354 3611 420 2915

358 459 598 527 ἑκάστην
646 458 1151 530 χαρακτηριστικὴν
1196 458 1491 512 ὑπόστασιν
1523 458 1825 523 ἀνελλιπῶς
1867 458 1938 513 τὰ

2043 463 2184 517 notis
2207 464 2546 533 obsignatam
2574 464 2797 521 deitatis
2817 465 3055 537 insignia
3074 467 3380 536 possidere,
3404 480 3463 524 ut
3482 471 3607 524 nul-

352 548 455 615 τῆς
496 544 753 615 θεότητος
799 544 944 616 ἔχειν
981 546 1374 617 γνωρίσματα,
1420 545 1479 598 τδ
1515 547 1929 617 δημιουργικὸν,

359 638 451 691 καὶ
481 638 579 691 ὅσα
608 636 735 707 περὶ
760 637 858 708 τὴν
883 638 1137 692 ἄκτιστον
1160 638 1322 707 φύσιν
1349 639 1602 708 ὑπάρχει.
1622 636 1779 691 Οὕτω
1800 640 1928 710 γὰρ,

358 730 453 781 καὶ
509 727 792 798 ὁμοούσιον
846 729 945 799 τὴν
996 730 1202 800 Τριάδα
1248 730 1466 800 φαμὲν,
1515 730 1591 792 ὼς
1630 733 1730 802 τῆς
1760 732 1932 801 αὐτῆς

358 819 546 883 οὐσίας
583 820 843 884 ὁλοτελῶς
887 822 944 873 ὲν
972 822 1121 891 τρισὶ
1151 821 1470 892 προσώποις
1498 823 1929 893 γνωριζομένης.

359 912 471 964 Καὶ
519 912 627 982 γὰρ
676 913 703 963 6
744 912 932 981 Πατὴρ
978 911 1200 975 τελείως
1247 912 1359 981 ἔχει
1407 914 1504 983 τὴν
1545 914 1644 983 τῆς
1683 913 1933 982 θεότητος

357 999 546 1051 οὐσίαν
570 1015 583 1028 ·
633 999 834 1069 ὁμοίως
865 1001 892 1051 6
924 999 1072 1062 Υίὸς,
1105 1000 1307 1069 ὁμοίως
1332 1000 1393 1053 τὸ
1419 1001 1641 1070 Πνεῦμα
1667 1002 1728 1052 τὸ
1756 1000 1930 1069 ἆγιον.

359 1090 604 1154 Τούτοις,
635 1091 729 1144 καὶ⁸
754 1093 781 1144 6
804 1093 903 1161 τῆς
928 1090 1187 1159 ἀληθείας
1212 1090 1390 1162 κῆρυξ
1412 1090 1623 1152 Παῦλος
1644 1093 1937 1162 συνηγορεῖ

360 1183 602 1249 φάσκων·
646 1183 748 1235 Ἑν
779 1181 940 1247 αὐτῷ
968 1183 1079 1250 γὰρ
1112 1182 1383 1236 κατοικεῖ
1405 1183 1530 1236 πᾶν
1557 1181 1624 1234 τὸ
1643 1182 1936 1251 πλήρωμα

358 1271 469 1339 τῆς
494 1274 769 1340 θεότητος
799 1274 1168 1341 σωματικῶς.
1199 1275 1273 1327 Οὐ
1302 1275 1410 1343 γὰρ
1440 1273 1530 1326 τὸν
1554 1274 1775 1344 Πατέρα
1803 1275 1935 1345 φησὶ

360 1363 780 1431 σεσαρκῶσθαι,
831 1364 957 1439 ani
986 1366 1070 1417 ὅτι
1103 1365 1253 1417 πᾶσα
1280 1365 1315 1433 ὴ
1345 1364 1533 1433 θεότης
1564 1365 1621 1415 ἐν
1650 1365 1769 1425 ταῖς
1801 1364 1935 1416 ὐπο-

359 1455 614 1506 στάσεσιν
648 1454 936 1527 ἀνελλιπὴς
967 1455 1241 1525 ὑπάρχει,
1292 1455 1349 1506 ἐν
1378 1455 1586 1524 Πατρὶ,
1623 1455 1680 1506 ὲν
1708 1454 1840 1523 Υίῷ,
1878 1456 1935 1507 ἐν

359 1546 502 1615 ἁγίῳ
544 1547 858 1617 Πνεύματι,
912 1551 969 1601 ὲν
1018 1550 1226 1624 ἑκάστῃ
1271 1548 1569 1600 ὑποστάσει
1601 1547 1820 1609 τελείως
1847 1550 1936 1600 ὲν-

359 1640 702 1709 υπάρχουσα,
734 1640 874 1694 κατά
901 1640 1001 1709 τὴν
1026 1641 1213 1708 φωνὴν
1240 1640 1332 1693 τοῦ
1360 1639 1613 1708 Σωτῆρος
1638 1637 1899 1707 λέγουσαν
1919 1653 1933 1669 ·

361 1730 564 1784 Πάντα
605 1731 678 1784 τὰ
719 1732 824 1786 τοῦ
852 1732 1083 1800 Πατρός
1116 1730 1229 1800 ἐμά
1256 1733 1373 1784 εισι
1436 1747 1450 1762 ’
1502 1730 1802 1793 τουτέστιν,
1836 1729 1938 1783 ὅσα

2037 552 2152 606 lum
2203 554 2254 608 ei
2303 552 2484 620 desit;
2540 563 2671 624 puta
2718 554 3055 622 bonitatem,
3103 558 3325 614 creandi
3366 559 3513 623 vim,
3552 565 3610 612 et

2038 661 2379 715 quaecunque
2401 647 2655 702 increatze
2683 655 2893 702 natura:
2925 649 3281 702 conveniunt.
3306 649 3434 704 ldeo
3462 650 3611 702 enim

2040 734 2368 789 Trinitatem
2399 751 2521 790 esse
2544 737 3067 792 consubstantialem
3097 738 3457 806 proﬁtemur;
3483 738 3614 807 quia

2039 825 2350 879 substantia
2395 827 2591 881 eadem
2649 828 2706 881 in
2750 828 2930 883 tribus
2963 828 3215 898 personis
3257 829 3615 899 integerrime

2039 918 2408 986 cognoscitur.
2465 918 2629 972 Pater
2663 919 2813 973 enim
2861 920 3128 989 integram
3167 919 3392 974 deitatis
3424 935 3615 974 essen-

2043 1008 2170 1061 tiam
2200 1007 2389 1075 habet,
2420 1009 2593 1063 veluti
2623 1009 2816 1073 Filius,
2848 1019 2907 1063 et
2935 1009 3177 1078 Spiritus
3204 1016 3447 1063 sanctus.
3484 1008 3615 1074 Quae

2039 1100 2243 1155 Paulus
2275 1102 2530 1156 veritatis
2558 1115 2738 1171 praeco
2768 1101 3076 1163 continuat,
3105 1101 3199 1155 ubi
3242 1102 3318 1154 ait
3347 1118 3360 1153 :
3396 1083 3461 1155 lu
3500 1102 3615 1170 ipso

2039 1192 2301 1246 inhabitat
2350 1189 2519 1246 amitis
2563 1192 2832 1262 plenitudo
2879 1191 3171 1244 divinitatis
3236 1191 3610 1259 corporaliter.

2038 1283 2159 1337 Non
2187 1284 2333 1354 enim
2365 1284 2711 1337 incarnatum
2740 1283 2955 1336 Patrem
2983 1297 3103 1336 esse
3135 1281 3363 1346 annuit,
3400 1282 3494 1336 sed
3529 1289 3616 1335 lo—

2041 1382 2151 1429 tam
2201 1374 2546 1430 divinitatem
2600 1375 2752 1428 nullo
2794 1372 3012 1427 defectu
3052 1373 3110 1426 in
3148 1373 3327 1427 tribus
3365 1371 3616 1441 personis

2041 1475 2260 1520 exstare
2292 1483 2307 1519 :
2340 1467 2544 1535 quippe
2578 1480 2698 1534 quae
2727 1463 2782 1517 in
2809 1464 2998 1527 Patre,
3037 1472 3092 1518 et
3122 1464 3289 1528 Filio,
3322 1475 3378 1517 et
3405 1462 3614 1532 Spiritu

2043 1565 2267 1620 sancto,
2305 1566 2363 1611 et
2394 1557 2450 1609 in
2479 1570 2807 1624 unaquaque
2831 1568 3064 1623 persona
3096 1554 3340 1623 perfecte
3363 1554 3612 1616 exsistat,

2043 1641 2347 1705 secundum
2394 1642 2693 1696 Salvatoris
2745 1656 2935 1695 vocem
2979 1656 2993 1693 :
3035 1640 3226 1694 Omnia
3273 1657 3390 1710 qua:
3433 1641 3614 1695 Patris

2045 1734 2147 1786 mei
2190 1742 2331 1798 sunt,
2366 1748 2483 1786 mea
2525 1740 2685 1796 sunt;
2717 1732 2825 1785 hoc
2870 1740 2973 1795 est,
3002 1747 3343 1801 quaecunque
3366 1732 3617 1787 essentia}

360 1823 460 1891 τῆς
489 1822 584 1877 τοῦ
615 1823 826 1892 Πατρδς
858 1822 1046 1885 οὐσίας
1079 1823 1314 1893 ὑπάρχει
1341 1821 1695 1891 γνωρίσματα
1714 1862 1729 1887 ,
1764 1821 1937 1876 ταῦτα

2043 1822 2223 1877 Patris
2251 1821 2508 1892 insignia,
2541 1820 2732 1875 eadem
2765 1830 2821 1875 et
2843 1820 3005 1875 Verbi
3032 1820 3126 1874 Dei
3158 1832 3307 1887 sunt,
3337 1823 3503 1876 etiam
3532 1823 3617 1877 in-

361 1911 456 1965 τοῦ
498 1912 634 1965 Θεοῦ
663 1913 873 1979 Λόγου,
926 1913 1020 1967 καὶ
1063 1911 1436 1982 σαρκωθέντος
1475 1912 1659 1965 ἐστίν·
1717 1912 1817 1982 οὐχ
1864 1912 1942 1975 ὡς

362 2001 456 2055 τοῦ
502 2003 714 2074 Πατρὺς
762 2003 913 2066 ὄντος
952 2005 1114 2068 Υίοῦ,
1164 2003 1197 2074 ἢ
1234 2002 1330 2055 τοῦ
1367 2002 1498 2056 Υίοῦ
1524 2002 1677 2065 δντος
1704 2000 1938 2071 Πατρός.

364 2090 551 2144 Ταῦτα
596 2095 703 2163 γὰρ
754 2092 991 2161 ὀνόματα
1024 2092 1335 2162 σημαντικά
1379 2092 1477 2163 τῆς
1512 2093 1649 2162 πρὸς
1681 2093 1942 2162 ἀλλήλους

366 2180 603 2250 σχέσεως
636 2181 889 2252 ὑπάρχει.
951 2180 1075 2245 Πῶς
1106 2180 1198 2236 οὖν
1247 2182 1319 2253 μὴ
1350 2183 1602 2251 εἴπωμεν
1628 2183 1726 2253 τὴν
1753 2182 1941 2236 οὐσίαν

365 2271 464 2339 τῆς
496 2269 747 2340 θεότητος
782 2270 1084 2335 ἀνελλιπῶς
1115 2273 1173 2324 ὲν
1204 2271 1283 2341 τῷ
1324 2272 1545 2341 Χριστῷ
1573 2267 1743 2337 εἶναι,
1780 2271 1942 2324 ὁπότε

362 2359 568 2414 τέλειον
596 2360 728 2414 Θεὸν
754 2360 914 2414 αὐτὸν
938 2358 1076 2413 είναί
1103 2378 1318 2431 φαμενς
1351 2362 1475 2424 Πῶς
1502 2362 1577 2426 δὲ,
1610 2361 1703 2416 καὶ
1729 2364 1839 2424 τοῖς
1856 2363 1945 2414 τέ-

367 2450 509 2504 λειον
526 2451 687 2503 αὐτὸν
704 2451 986 2522 ἄνθρωπον
997 2452 1371 2523 ὁμολογοῦσιν,
1389 2453 1446 2505 οὐ
1468 2454 1648 2505 πᾶσαν
1662 2450 1759 2505 ἀνθ
1769 2452 1943 2522 ρωπό-

366 2554 530 2606 τητος
564 2538 752 2592 οὐσίαν
792 2541 1119 2610 ἐνυπάρχειν
1152 2540 1301 2611 αὐτῷ
1358 2543 1959 2613 προσομολογήσομενς

362 2629 447 2682 ϋύ
478 2630 586 2700 γὰρ
619 2631 785 2701 μέρος
815 2633 983 2703 αὐτῆς
1022 2633 1421 2703 προσείληφεν,
1472 2633 1547 2696 ὡς
1568 2632 1942 2702 Ἀπολινάριός

371 2736 539 2787 φησι,
592 2722 768 2791 σάρκα
811 2720 931 2791 δίχα
960 2721 1183 2792 λογικῆς
1212 2722 1391 2792 ψυχῆς
1414 2761 1429 2784 ,
1465 2722 1601 2776 ἀλλὰ
1634 2723 1815 2776 πᾶσαν
1843 2722 1942 2792 τὴν

366 2810 579 2874 οὐσίαν,
607 2811 635 2863 ὅ
664 2814 779 2864 ἐστι
810 2811 945 2882 σὰρξ
970 2812 1338 2884 ἐμψυχωμένη
1371 2813 1515 2883 ψυχῇ
1543 2813 1731 2882 λογικῇ
1760 2829 1818 2865 τε
1850 2813 1944 2865 καὶ

370 2916 454 2953 νοε
466 2903 557 2955 βᾶ.

442 2919 454 2953 ε
500 2919 557 2955 α.

442 2919 589 3065 ἱῦτη
623 2994 729 3067 γὰρ
763 2996 954 3059 κοινῶς
992 2996 1049 3050 ὲν
1076 2998 1188 3062 τοῖς
1218 2997 1344 3051 καθ’
1376 2996 1603 3050 ἕκαστον
1634 2994 1944 3066 ἀνθρώποις

367 3084 589 3148 τελείως
640 3086 1020 3157 ἐνυπάρχουσα
1040 3127 1055 3151 ,
1109 3088 1290 3141 οὐσία
1325 3088 1564 3153 εἰκότως
1595 3085 1673 3140 ἂν
1693 3086 1905 3154 ῥηθείη
1927 3103 1939 3116 ’
1971 3131 2014 3190 C

356 3173 695 3245 Impiiovrat
721 3177 829 3248 γὰρ
856 3176 1098 3247 ἀλλήλων
1125 3178 1176 3230 οἱ
1202 3178 1344 3231 κατά
1369 3178 1556 3249 μέρος,
1582 3179 1642 3231 οὐ
1670 3182 1734 3248 τῇ
1760 3179 1938 3249 οὐσίᾳ,

370 3263 567 3329 τοῖς”δὲ
594 3269 996 3338 παρεπομένοις
1031 3268 1321 3338 ίδιώμασι,
1376 3268 1624 3338 μεγέθει,
1672 3268 1769 3322 καλ⁸
1797 3268 1942 3339 χρώ-

375 3375 502 3427 ματι
521 3399 535 3418 .
580 3360 672 3411 καὶ
705 3359 889 3422 ἁπλῶς
917 3360 1114 3421 εἰπεῖν,
1145 3365 1263 3422 ταῖς
1291 3362 1808 3429 χαρακτηριστικοῖς
1836 3359 1944 3412 τῶν

373 3450 684 3521 προσώπων
711 3451 980 3520 ποιότησι.
1021 3451 1146 3513 Πῶς
1175 3451 1232 3503 δὲ
1261 3451 1354 3504 καί⁵
1383 3450 1566 3515 ἐκδύο
1592 3451 1805 3519 φύσεων
1835 3451 1942 3520 φή·-

376 3558 531 3594 σουσι
559 3542 649 3594 τὸν
673 3541 932 3612 Χριστὸν,
961 3543 1011 3594 εί
1042 3542 1116 3612 μὴ
1144 3542 1265 3594 ἀντὶ⁸
1290 3541 1487 3595 οὐσιῶν
1517 3543 1701 3605 αὐτοῖς
1726 3543 1942 3613 νοηθείη

370 3633 431 3685 τὸ
480 3633 577 3701 τῆς
623 3633 837 3700 φύσεως
888 3632 1101 3702 ὅνομα;
1157 3631 1218 3683 οὐ
1266 3631 1375 3703 γάρ
1428 3631 1548 3684 ἀντὶ
1591 3631 1945 3685 ὐποστάσεων

372 3725 906 3797 χαρακτηριστικῶν,
931 3725 1265 3796 τολμήσουσι
1286 3724 1486 3792 λέγειν’
1512 3724 1635 3776 ἐπεὶ
1655 3724 1749 3777 καὶ
1770 3726 1834 3775 ἐκ
1852 3721 1944 3775 δύο

374 3818 683 3889 προσώπων
706 3817 1216 3888 ἀναγκασθήσονται
1234 3819 1428 3869 εἰπεῖν·
1461 3818 1492 3886 ἡ
1518 3817 1625 3885 γὰρ
1648 3816 1946 3876 ὑπόστασις

373 3915 407 3983 ἠ
435 3911 933 3982 χαρακτηριστικὴ,
959 3911 1251 3981 πρόσωπον
1280 3909 1494 3961 δίδωσιν
1523 3910 1742 3960 ἐννοεῖν·
1774 3909 1831 3960 ὲν
1854 3924 1945 3977 χα-

378 4005 611 4072 ρακτῆρι
641 4003 697 4054 δέ
730 4019 910 4072 φημι,
947 4003 1145 4071 μήπως
1175 4003 1239 4070 τῇ
1273 3999 1490 4068 συνήθει
1521 3999 1628 4051 τῶν
1654 3998 1944 4069 αἱρετικῶν

373 4094 558 4165 ἀπάτῃ
602 4094 727 4162 δίχα
765 4093 1114 4163 χαρακτῆρος
1143 4090 1453 4143 ὑποθῶνται
1485 4091 1583 4161 τὴν
1612 4090 1907 4143 ὑπόστασιν
1926 4104 1941 4121 ⁸

371 4186 492 4238 τότε
517 4184 625 4252 γὰρ
653 4182 752 4253 τὴν
781 4184 880 4251 τῆς
901 4184 1089 4245 οὐσίας
1120 4181 1396 4253 σημασίαν
1430 4180 1785 4251 ἀποφέρεται.
1819 4179 1946 4240 Πῶς

372 4276 430 4329 δὲ
481 4275 574 4328 καί⁹
623 4274 906 4344 όμοούσιον
941 4273 1016 4344 τῷ
1051 4276 1226 4342 Πατρὶ
1256 4273 1351 4326 καὶ
1379 4274 1510 4343 ἡμῖν
1537 4271 1823 4340 ὀμοούσιον
1854 4271 1944 4325 τὸν

373 4366 608 4437 Χριστὸν
634 4368 773 4437 μετὰ
791 4368 887 4436 τὴν
910 4367 1104 4419 ἕνωσιν
1126 4364 1502 4430 ὐποτίθενταις
1533 4365 1627 4416 καὶ
1648 4366 1708 4416 οὐ
1731 4363 1943 4434 ναρκῶ-

2044 1912 2293 1977 carnali;
2337 1928 2449 1965 non
2484 1921 2545 1965 ut
2572 1912 2735 1966 Pater
2763 1911 2935 1965 Filius
2963 1910 3063 1975 sit,
3100 1919 3195 1964 aut
3226 1911 3400 1965 Filius
3430 1913 3616 1967 Pater.

2042 2000 2170 2055 Haec
2196 2015 2433 2068 namque
2462 1998 2684 2052 nomina
2714 1997 3040 2051 relationem
3075 1997 3422 2051 solummodo
3449 1997 3618 2067 signi-

2042 2089 2230 2145 ﬁcant.
2282 2090 2462 2144 Eccur
2493 2104 2622 2159 ergo
2666 2104 2778 2143 non
2811 2088 3060 2143 dicamus
3091 2087 3398 2142 divinitatis
3425 2102 3615 2142 essen-

2045 2187 2198 2251 tiam,
2241 2186 2451 2255 absque
2491 2185 2602 2238 ullo
2636 2183 2876 2247 defectu,
2911 2182 3177 2251 integram
3206 2195 3325 2236 esse
3358 2180 3413 2233 in
3440 2179 3614 2246 Filio;

2043 2276 2491 2346 quandoquidem
2544 2273 2723 2343 ipsum
2770 2288 2890 2328 esse
2925 2271 3228 2341 perfectura
3265 2271 3436 2324 Deum
3482 2285 3614 2339 pro-

2042 2366 2407 2431 nuntiamus?
2458 2364 2561 2430 Qui
2611 2379 2744 2418 vero
2783 2379 2906 2417 cum
2939 2361 3023 2415 his
3060 2361 3152 2431 qui
3184 2361 3484 2430 perfectum
3516 2360 3618 2415 ho-

2043 2458 2250 2512 minem
2301 2457 2454 2510 illum
2487 2471 2609 2510 esse
2644 2456 2919 2519 fatentur,
2957 2461 3126 2507 totam
3162 2467 3380 2521 quoque
3416 2451 3618 2505 huma-

2044 2548 2238 2602 nitatis
2282 2546 2649 2602 substantiam
2699 2545 2754 2598 in
2799 2558 2865 2597 eo
2903 2558 3023 2598 esse
3070 2558 3182 2596 non
3214 2541 3618 2595 conﬁteamur?

2043 2640 2164 2694 Non
2206 2639 2350 2695 enim
2398 2646 2608 2707 partem
2648 2635 2915 2689 duntaxat
2946 2634 3067 2703 ejus
3097 2632 3331 2701 accepit,
3368 2638 3429 2684 ut
3457 2630 3620 2684 docet

2045 2730 2438 2802 Apollinarius,
2460 2729 2553 2782 sed
2580 2726 2941 2783 substantiam
2965 2724 3230 2793 integram
3260 2721 3373 2776 sive
3395 2735 3618 2776 carnem

2045 2824 2227 2879 anima
2257 2821 2513 2877 rationali
2544 2826 2600 2875 et
2627 2818 2970 2887 intelligente
2997 2816 3314 2871 animatam.

2117 2997 2242 3051 Haec
2290 2993 2435 3050 enim
2487 2992 2858 3048 communiter
2910 2991 2965 3045 in
3017 2988 3248 3060 singulis
3296 2985 3618 3041 hominibus

2048 3086 2286 3156 perfecte
2315 3082 2605 3146 exsistens,
2638 3080 2794 3132 οὐσία
2825 3078 3045 3142 εἰκότως
3077 3077 3143 3131 ἂν
3172 3075 3382 3147 ῥηθείη,
3424 3074 3479 3129 id
3510 3083 3616 3137 est,

2048 3180 2195 3225 recte
2240 3176 2323 3223 est
2366 3168 2693 3222 substantia.
2741 3164 2953 3236 Singuli
2989 3164 3137 3219 enim
3182 3163 3619 3234 distinguuntur,

2044 3265 2160 3319 sive
2199 3269 2524 3330 separantur
2563 3261 2709 3315 inter
2751 3274 2808 3314 sc
2840 3272 2953 3312 non
2983 3255 3287 3312 substantia
3322 3297 3336 3322 ,
3365 3254 3460 3310 sed
3492 3271 3621 3326 pro-

2046 3351 2377 3424 prietatibus
2404 3350 2896 3419 consequentibus,
2932 3348 3048 3404 sive
3078 3347 3473 3403 comitantibus
3502 3362 3619 3402 ma-

2044 3444 2357 3516 gnitudine,
2392 3443 2597 3507 colore,
2631 3449 2711 3506 et,
2749 3448 2809 3494 ut
2843 3455 2954 3495 uno
2980 3440 3151 3494 verbo
3185 3439 3390 3505 dicam,
3422 3439 3619 3493 chara-

2045 3537 2338 3592 cteristicis
2365 3549 2725 3605 personarum
2758 3532 3133 3602 qualitatibus.
3160 3531 3445 3599 Quomodo
3470 3531 3619 3585 enim

2045 3646 2112 3685 ex
2159 3628 2373 3683 duabus
2416 3625 2631 3681 naturis
2672 3624 2951 3679 Christum
2982 3639 3104 3679 esse
3130 3624 3337 3689 dicent,
3378 3623 3482 3677 nisi
3520 3638 3622 3677 no-

2046 3737 2172 3775 men
2203 3728 2412 3774 naturae
2441 3734 2541 3788 pro
2568 3717 2892 3773 substantiis
2922 3715 3268 3786 intelligant?
3309 3715 3428 3770 Non
3471 3715 3621 3770 enim

2046 3809 2333 3864 audebunt
2368 3808 2554 3863 dicere
2597 3823 2696 3878 pro
2740 3806 3131 3878 hypostasibus
3160 3807 3623 3863 characteristicis

2046 3901 2156 3955 dici
2211 3916 2281 3955 ex
2331 3900 2545 3954 duabus
2586 3900 2821 3964 naturis,
2874 3915 2944 3954 ne
2998 3909 3265 3970 cogantur
3313 3899 3501 3954 dicere
3552 3915 3621 3955 ex

2046 3992 2258 4047 duabus
2292 3991 2562 4061 personis.
2602 3990 2921 4062 Hypostasis
2972 3990 3120 4045 enim
3173 3990 3622 4046 characteristica

2045 4099 2283 4155 persona
2316 4082 2680 4151 intelligitur:
2729 4081 2854 4135 dico
2891 4090 3073 4136 autem
3106 4081 3442 4152 hypostasim
3486 4082 3618 4137 cha-

2046 4175 2462 4236 racteristicam,
2498 4174 2612 4227 sive
2648 4173 2702 4226 iu
2734 4173 3083 4238 charactere,
3132 4187 3219 4237 ne,
3272 4172 3464 4227 fraude
3514 4175 3621 4228 lia:-

2046 4266 2234 4320 reticis
2270 4274 2551 4329 consueta,
2600 4264 2935 4336 hypostasim
2984 4264 3104 4318 sine
3141 4264 3462 4319 charactere
3492 4280 3622 4334 sup-

2046 4366 2271 4428 ponant.
2307 4357 2463 4411 Tunc
2494 4357 2641 4411 enim
2673 4355 3131 4427 signiﬁcationem
3165 4357 3483 4412 substantiae
3513 4357 3621 4421 fert

377 4474 465 4521 σι,
509 4456 601 4509 δύο
645 4457 743 4527 μὲν
782 4456 1041 4526 όμοούσια
1075 4455 1489 4526 ὁμολογοῦντες,
1529 4456 1854 4525 ἀρνούμενοι
1885 4454 1940 4508 δὲ

2048 4451 2373 4521 hypostasis.
2427 4448 2712 4515 Quomodo
2744 4460 2923 4503 autem
2955 4448 3482 4504 consubsmntialem
3514 4450 3618 4503 Pa-

373 4549 470 4612 τὰς
501 4548 593 4601 δύο
622 4548 809 4608 οὐσίας
832 4565 847 4613 ;

386 4851 713 4921 'Artlﬂemc
760 4853 909 4918 πρὸς
953 4853 1094 4918 τοὺς
1136 4852 1443 4921 λέγοντας,
1477 4852 1679 4915 ιδικὴν
1726 4848 1946 4921 οὐσίαν

442 4920 595 4976 εἶναι
625 4923 731 4976 τοῦ
763 4924 1027 4991 Πατρός,
1081 4928 1179 4975 καὶ
1218 4918 1425 4989 ίδικὴν
1472 4922 1578 4976 τοῦ
1626 4921 1788 4987 Υἱοῦ,
1844 4918 1943 4972 καὶ

446 4994 662 5060 ὁμοίως
691 4992 798 5046 τοῦ
827 4992 998 5061 ἁγίου
1028 4992 1391 5061 Πνεύματος.

444 5101 508 5155 El
559 5104 587 5154 6
610 5104 801 5169 Λόγος,
851 5101 973 5155 καθ’
1009 5102 1036 5155 6
1082 5102 1253 5171 Λόγος
1282 5102 1450 5167 ἐστὶν,
1489 5102 1647 5171 φύσις
1681 5103 1846 5168 ἐστὶν,
1881 5105 1942 5156 οὐ

378 5191 499 5244 καθ’
526 5191 556 5244 6
581 5192 733 5254 Θεός⁸
766 5193 860 5245 καὶ
887 5192 915 5244 6
941 5190 1149 5261 Πατὴρ,
1171 5192 1292 5244 καθ’
1320 5191 1348 5244 6
1379 5192 1590 5263 Πατὴρ,
1615 5192 1773 5261 φύσις
1802 5193 1941 5255 ἐστὶ,

376 5283 468 5334 καὶ
501 5282 562 5334 οὐ
593 5282 714 5335 καθ’
744 5283 772 5335 6
802 5282 932 5346 Θεός
959 5298 973 5314 ·
1008 5283 1103 5335 καὶ
1134 5282 1195 5334 τὸ
1225 5282 1450 5352 Πνεῦμα
1479 5284 1540 5336 τὺ
1564 5283 1739 5352 ἅγιον,
1769 5284 1891 5337 καθ’
1916 5284 1945 5336 6

373 5372 704 5442 ὲκπορευτὴ,
738 5374 898 5442 φύσις
922 5374 1060 5439 ἐστὶ,
1084 5374 1178 5426 καὶ
1207 5374 1267 5427 οὐ
1296 5373 1419 5427 καθ’
1444 5372 1473 5426 6
1500 5373 1651 5437 Θεὸς,
1678 5374 1785 5426 οὐδ’
1812 5373 1942 5426 ὁπό-

371 5479 527 5531 τερος
550 5464 731 5516 αὐτῶν
753 5464 904 5518 ἔσται
932 5466 1090 5531 φύσει
1111 5465 1243 5529 Θεός
1266 5481 1282 5497 ο
1313 5466 1468 5534 εἴπερ
1491 5447 1551 5517 t6
1571 5464 1734 5531 Θεὸς,
1756 5465 1944 5519 οὐκέτι

375 5552 471 5605 καὶ
509 5555 787 5625 πατρὸτης
818 5557 911 5609 καὶ
939 5557 1125 5627 υίότης
1157 5559 1249 5610 καὶ
1274 5556 1602 5627 ὲκπόρευσις
1627 5573 1643 5589 ο
1694 5558 1744 5610 ει
1773 5556 1830 5610 δὲ
1869 5557 1943 5628 μὴ

373 5640 527 5706 Θεδς,
562 5643 768 5711 κτίσμα
794 5643 1032 5709 πάντως.
1082 5647 1188 5699 Καὶ
1222 5645 1407 5699 πάλιν
1431 5663 1443 5676 ’
1497 5647 1585 5700 Ἑν
1616 5641 1697 5709 οἷς
1727 5646 1942 5716 διακρί-

377 5746 522 5784 νεται
572 5730 665 5784 τοῦ
711 5734 921 5803 Πατρὸς
968 5738 994 5788 6
1033 5736 1222 5804 Λόγος,
1263 5736 1468 5800 τούτοις
1496 5738 1586 5789 καὶ
1615 5735 1775 5804 φύσις
1801 5738 1939 5802 ἐστὶ,

2049 4540 2116 4591 tri
2176 4548 2230 4592 et
2278 4538 2439 4592 nobis
2495 4537 2774 4591 Christum
2820 4545 2947 4606 post
2984 4537 3244 4592 unionem
3294 4544 3525 4607 ponunt,
3562 4545 3620 4591 et

2047 4644 2156 4682 non
2203 4637 2333 4683 sunt
2379 4629 2582 4698 stupidi
2627 4626 2953 4682 conﬁtentes
2991 4628 3212 4697 quidem
3243 4628 3354 4683 duo
3382 4629 3618 4685 consub-

2047 4720 2342 4786 stantialia,
2374 4728 2639 4791 negantes
2668 4734 2800 4774 vero
2827 4719 2964 4774 duas
2990 4721 3367 4775 substantias?

2047 4851 2312 4922 Oppositio
2349 4855 2405 4906 in
2435 4852 2575 4923 illos,
2612 4854 2702 4923 qui
2739 4852 2918 4907 dicunt
2949 4853 3323 4923 particularem
3370 4853 3617 4907 substan-

2117 4923 2384 4993 tiam_esse
2417 4922 2631 4986 Patris,
2669 4933 2720 4977 et
2767 4922 3142 4993 particularem
3176 4923 3316 4988 Filii,
3350 4923 3618 4977 similiter-

2117 5008 2215 5062 que
2245 4990 2471 5063 Spiritus
2511 4994 2699 5048 sancti.

2117 5104 2174 5160 Si
2202 5104 2796 5170 Verbum,'secundum
2827 5104 2977 5175 quod
3008 5113 3092 5159 est
3125 5103 3390 5166 Verbum,
3423 5111 3617 5160 natura

2046 5204 2150 5259 est,
2179 5211 2288 5250 non
2315 5195 2617 5251 secundum
2644 5196 2790 5265 quod
2820 5198 2964 5253 Deus
2988 5207 3105 5262 est;
3135 5204 3190 5250 et
3212 5197 3392 5259 Pater,
3423 5210 3619 5250 secun-

2045 5288 2174 5341 dum
2199 5288 2346 5357 quod
2374 5288 2554 5353 Pater,
2587 5296 2778 5342 natura
2802 5297 2907 5353 est,
2936 5296 2992 5343 et
3013 5303 3121 5342 non
3143 5286 3443 5342 secundum
3471 5285 3618 5355 quod

2047 5378 2194 5432 Deus
2244 5385 2367 5444 est;
2419 5388 2476 5432 et
2523 5377 2764 5448 Spiritus
2822 5387 3064 5443 sanctus,
3100 5377 3404 5433 secundum
3468 5376 3617 5446 quod

2045 5468 2354 5537 procedens
2383 5477 2580 5522 natura
2610 5478 2715 5535 est,
2747 5478 2805 5524 et
2837 5485 2949 5522 non
2972 5468 3276 5524 secundum
3301 5466 3446 5536 quod
3470 5468 3619 5522 Deus

2044 5565 2161 5623 est;
2210 5558 2408 5611 horum
2467 5568 2664 5614 neuter
2716 5567 2914 5615 natura
2967 5561 3111 5615 Deus
3160 5559 3295 5625 erit;
3344 5558 3617 5625 siquidem

2049 5648 2216 5713 Deus,
2266 5648 2492 5704 minime
2570 5650 2898 5720 paternitas.
2968 5650 3157 5704 liliatio
3220 5660 3276 5705 et
3336 5649 3620 5720 processio

2044 5747 2156 5803 est;
2206 5737 2351 5807 quod
2405 5739 2450 5794 si
2499 5755 2606 5793 non
2647 5741 2791 5795 Deus
2832 5748 2937 5808 est,
2970 5749 3217 5795 creatura
3262 5739 3506 5793 omnino.
3550 5737 3619 5792 Et
