4114 6296
527 251 668 315 2947

1558 257 1618 315 S.
1659 254 1975 315 EULOGII
2017 254 2365 313 ARCHIEP.
2410 257 2785 320 ALEXAND.

3643 266 3779 330 2943

528 378 751 416 rursus:
786 362 844 415 ln
873 361 1073 430 quibus
1112 362 1475 432 distinguitur
1504 378 1532 417 a
1562 364 1722 417 Patre
1754 363 2017 426 Verbum,
2053 363 2094 415 ir

2211 362 2422 424 τούτοις
2467 363 2522 415 δὲ
2566 365 2659 416 καὶ
2692 366 2828 433 πρὸς
2858 365 2956 434 τὴν
2985 367 3162 436 σάρκα
3190 370 3503 433 ταυτίζεται
3534 372 3563 423 ὁ
3586 373 3776 440 Λόγοςη

528 453 614 506 his
641 460 838 505 natura
876 460 981 516 est,
1015 450 1206 506 iisdem
1243 467 1373 506 vero
1407 451 1473 506 ad
1517 467 1738 507 carnem
1771 453 2103 507 assimilatur

529 541 791 607 Verbum,
817 542 1062 612 ejusdem
1106 543 1325 611 quidem
1370 543 1444 596 ita
1485 552 1697 597 naturae
1723 543 1830 597 erit
1868 559 1930 597 ac
1953 558 2099 608 caro,

525 635 749 688 alterius
795 640 977 687 autem
1012 645 1220 688 naturae
1258 649 1321 687 ac
1346 635 1527 688 Pater.
1576 634 2019 704 Singularitatem
2046 634 2101 688 in

524 725 918 779 communitate
969 731 1181 778 naturae
1223 725 1387 779 habet
1418 740 1540 778 cum
1571 725 2102 794 particularitatibus

522 830 645 884 qua:
678 815 831 868 illum
868 830 898 868 a
930 815 1327 870 communitate
1375 815 1740 885 distinguunt,
1769 830 1879 869 non
1904 829 2103 870 secun-

523 907 657 959 dum
701 916 861 960 notas
887 923 1011 975 quae
1036 908 1191 961 illum
1222 907 1291 961 ab
1318 907 1510 961 iisdem
1540 906 1846 961 substantia
1869 906 2099 975 reliquis

523 998 896 1067 distinguunt,
925 998 1238 1051 communis
1268 997 1389 1065 ejus
1414 1007 1608 1050 natura
1639 1006 1755 1063 est‘;
1786 998 1879 1051 scd
1909 986 2100 1051 secun-

521 1087 653 1140 dum
704 1096 873 1140 totam
902 1096 1017 1141 toto
1056 1087 1112 1140 in
1143 1088 1237 1141 illo
1264 1088 1620 1142 exsistentem
1647 1088 1907 1142 distincte
1937 1098 2099 1141 natu-

522 1191 660 1229 ram.
700 1176 819 1229 Non
847 1176 992 1228 enim
1022 1175 1173 1229 aliud
1209 1184 1296 1230 est
1327 1176 1685 1230 subsistentia
1715 1176 1861 1229 circa
1885 1175 2101 1231 divinos

519 1265 830 1332 genitores,
888 1279 951 1318 ac
997 1264 1304 1318 substantia
1358 1280 1484 1319 cum
1540 1265 2096 1334 particularitatibus.

518 1355 759 1424 Superat
793 1356 943 1409 enim
975 1357 1202 1410 omnino
1227 1356 1586 1411 subsistentia
1618 1358 1736 1427 ejus
1782 1356 2101 1412 substantiae

517 1447 921 1517 distinguentes
947 1449 1102 1502 abiis
1134 1450 1225 1517 qui
1256 1449 1501 1518 ejusdem
1536 1449 1740 1518 speciei
1772 1458 1901 1503 sunt
1928 1450 2100 1518 parti-

518 1539 857 1593 cularitates.
908 1541 1063 1595 Unde
1097 1542 1235 1595 nihil
1268 1543 1323 1594 in
1353 1541 1679 1596 substantiae
1715 1542 1876 1595 istius
1903 1541 2101 1595 deﬁni-

521 1629 670 1682 tione
703 1630 1025 1693 assumitur,
1064 1630 1159 1683 sed
1211 1630 1265 1682 in
1308 1629 1670 1693 indieationc,
1703 1626 1975 1696 siquidem
2007 1641 2101 1695 ap-

519 1721 764 1788 parentia
794 1720 970 1773 solum
1005 1720 1268 1782 occurrit,
1292 1735 1400 1772 non
1434 1720 1761 1774 substantia.
1790 1718 1919 1773 Ideo
1948 1718 2098 1772 Basio

517 1810 625 1863 lius
669 1810 824 1873 dicit,
861 1824 1138 1878 quemque
1178 1818 1430 1863 nostrum
1465 1808 1743 1862 communi
1773 1808 2093 1862 substantiae

519 1901 734 1955 ratione
752 1901 1085 1956 exsistentiae
1107 1903 1459 1971 participare;
1487 1911 1541 1955 et
1565 1900 2094 1969 particularitatibus

520 2006 617 2060 per
666 1993 934 2061 singulos,
990 1992 1151 2045 talem
1205 2003 1298 2046 aut
1352 1993 1512 2047 talem
1548 2006 1822 2061 quemque
1855 2005 1995 2044 esse.
2037 1989 2092 2044 Si

518 2088 849 2156 cogitatione
900 2097 1186 2141 moventes
1219 2102 1409 2142 omnes
1450 2103 1572 2157 qua:
1611 2087 1929 2157 contingere
1972 2100 2096 2154 pas-

520 2186 649 2232 sunt
684 2177 1168 2245 particularitates,
1200 2187 1256 2231 ct
1286 2178 1434 2231 Petri
1479 2185 1731 2231 naturam
1758 2177 1928 2247 ipsam
1960 2191 2092 2229 con-

519 2268 857 2331 siderantes,
919 2270 994 2322 ita
1052 2268 1366 2323 deﬁniendo
1426 2269 1690 2333 dicimus,
1754 2269 1907 2322 illum
1971 2282 2091 2321 esse

520 2360 718 2413 animal
754 2361 1075 2414 rationabile
1108 2362 1359 2415 mortale.
1398 2362 1598 2416 Eadem
1634 2370 1816 2415 autem
1847 2360 2093 2415 deﬁnitio

521 2453 574 2505 in
633 2461 829 2506 natura
886 2453 1213 2521 simpliciter
1249 2469 1278 2507 a
1325 2452 1485 2506 nobis
1527 2453 1867 2523 assignatur;
1900 2452 2090 2505 eadem

518 2560 648 2615 ergo
693 2545 801 2599 erit
852 2545 992 2598 ratio
1034 2546 1087 2598 in
1130 2554 1324 2599 natura
1352 2545 1701 2614 simpliciter,
1733 2553 1788 2598 et
1815 2544 1869 2597 in
1898 2553 2090 2596 natura

520 2636 574 2687 in
621 2636 805 2704 aliquo
848 2636 1214 2690 considerata.
1259 2635 1547 2701 Quomodo
1586 2635 1754 2705 igitur
1795 2650 1902 2688 non
1934 2650 2091 2702 posse

519 2740 865 2781 communem
918 2727 969 2780 in
1018 2727 1248 2797 singulis
1298 2736 1548 2781 naturam
1585 2742 1727 2790 esse,
1764 2726 1867 2781 etsi
1896 2726 2093 2794 saepius

518 2835 586 2872 ex
614 2819 704 2872 illa
737 2818 962 2881 dicitur,
994 2835 1021 2871 a
1052 2819 1207 2871 vobis
1243 2817 1543 2871 all'irmatur
1578 2819 1700 2871 ?ita
1728 2826 1785 2871 ut
1816 2830 2007 2872 natura
2036 2816 2091 2870 in

520 2909 745 2979 singulis
774 2909 1100 2971 communis,
1142 2909 1497 2963 subsistentia
1533 2918 1712 2963 autem
1747 2909 2093 2978 particularis

519 3000 612 3054 sit.
651 2999 705 3053 Si
734 3014 1078 3053 communem
1105 3009 1356 3053 naturam
1378 3000 1613 3054 Verbum
1640 3015 1747 3053 non
1775 3000 2086 3066 assumpsit.
2119 3035 2161 3092 ϐ

520 3106 848 3145 excusantur
890 3106 990 3144 nos
1031 3092 1178 3159 quod
1207 3082 1477 3145 naturam
1524 3090 1759 3143 dicimus
1802 3090 1955 3143 illum
2006 3106 2091 3143 as-

523 3181 854 3249 sumpsisse,
906 3195 1013 3232 non
1061 3180 1279 3248 quidem
1334 3179 1777 3233 subsistentialcs
1827 3178 2093 3247 cujusque

522 3270 987 3342 particularitatcs
1013 3288 1025 3322 :
1066 3269 1148 3323 lue
1176 3270 1326 3323 enim
1352 3269 1597 3323 elliciunt
1634 3269 1828 3324 .ludam
1857 3284 1978 3324 esse
2010 3277 2092 3323 ta-

523 3365 628 3417 lem
668 3370 762 3415 aut
792 3361 988 3425 talem;
1022 3362 1167 3430 quod
1198 3360 1454 3415 omnibus
1483 3359 1707 3414 omnino
1733 3360 1958 3414 evidens
1986 3369 2089 3414 est.

524 3456 650 3510 Ideo
679 3471 709 3510 e
743 3453 1131 3509 communibus
1172 3453 1497 3508 substantiis
1539 3452 1800 3506 unionem
1848 3452 1964 3505 fieri
2007 3452 2092 3505 di-

521 3556 727 3610 centes,
764 3562 870 3598 non
905 3545 1304 3600 nccessitamur
1335 3545 1596 3599 inducere
1628 3559 1819 3597 omnes
1865 3545 1917 3598 in
1950 3543 2091 3597 invi-

523 3653 640 3692 cem
668 3638 1078 3701 subsistentias,
1113 3645 1173 3690 ut
1203 3636 1291 3690 isti
1331 3636 1629 3706 hypocritae
1658 3636 2001 3689 cavillantur.
2036 3634 2091 3689 Si

523 3729 688 3799 igitur
715 3729 1006 3797 perfectam
1038 3735 1093 3781 ct
1119 3726 1442 3804 completam
1470 3735 1525 3780 ct
1554 3724 2091 3794 superabundantem

523 3821 577 3874 in
621 3822 713 3875 illo
760 3821 1065 3875 divinitatis
1109 3828 1355 3873 naturam
1403 3819 1679 3872 hominem
1732 3818 1926 3871 factam
1970 3831 2091 3871 esse

520 3913 778 3975 dicimus,
828 3928 949 3982 quae
992 3912 1295 3967 necessitas
1342 3911 1487 3979 cogit
1537 3924 1636 3964 nos
1688 3910 1815 3964 talia
1859 3907 2092 3962 dicendo

523 4008 585 4054 ut
622 4001 833 4055 Patrem
879 4010 935 4055 et
965 3999 1232 4069 Spiritum
1273 3998 1336 4052 ad
1372 3998 1613 4053 hominis
1662 3998 2089 4067 assumptionem

521 4109 742 4163 quoque
767 4093 990 4147 omnino
1013 4091 1406 4146 dcmittamus?
1437 4089 1723 4155 Quomodo
1743 4088 1909 4152 enim,
1929 4088 2091 4142 Petro

523 4184 810 4248 crucifixo,
842 4194 896 4238 ct
916 4184 1085 4237 Paulo
1109 4184 1403 4247 decollato,
1432 4197 1499 4236 eo
1526 4183 1670 4252 quod
1697 4182 1910 4236 illorum
1942 4189 2092 4233 uter-

522 4293 629 4346 que
657 4276 871 4346 plcnam
904 4285 960 4329 et
984 4276 1309 4343 completam
1339 4289 1465 4328 cum
1497 4273 1814 4327 hominibus
1845 4287 2090 4325 commu-

2203 453 2449 521 όμοφυὴς
2487 454 2585 522 μὲν
2615 455 2764 507 ἔσται
2801 457 2943 510 οὕτω
2972 460 3037 525 γε
3067 462 3132 529 τῇ
3162 463 3326 529 σαρκὶ
3347 501 3360 523 ,
3396 463 3694 534 ἑτεροφυὴς
3723 467 3777 518 δὲ

2204 545 2279 613 τῷ
2304 544 2480 614 ΙΙατρί
2501 561 2515 574 ’
2552 550 2613 596 τὸ
2640 546 2977 599 καοέκαστον
3002 548 3062 600 τὸ
3085 549 3263 602 κοινὸν
3283 550 3421 620 ἔχων
3450 554 3546 622 τῆς
3568 554 3779 620 φύσεως

2208 635 2344 701 μετά
2369 633 2475 686 τῶν
2497 628 2868 705 ἀφορίστικῶν
2898 638 3062 691 αὐτοῦ
3090 640 3198 692 ἀπὸ
3223 640 3315 693 τοῦ
3340 641 3520 695 κοινοῦ
3552 645 3778 712 ἰδιωμά-

2202 738 2310 776 των
2332 766 2345 789 ,
2396 725 2455 776 οὐ
2490 726 2631 779 κατά
2661 727 2727 779 τὰ
2755 727 3082 798 ἀφοριστικέι
3108 731 3270 783 αὐτοῦ
3308 732 3415 785 ἀπὸ
3445 733 3554 785 τῶν
3578 734 3779 788 λοιπῶν

2206 815 2504 881 ὁμοουσίων
2525 856 2540 880 ,
2598 820 2738 870 κατά
2772 821 2945 872 ταῦτα
2982 823 3015 890 ἡ
3050 822 3203 894 κοινὴ
3234 823 3395 893 φύσις
3422 824 3605 878 ἐστίν’
3644 828 3780 882 ἀλλά

2208 902 2346 953 κατά
2401 904 2501 971 τὴν
2544 905 2671 973 ὅλην
2715 906 2822 975 ὅλῳ
2859 908 3273 978 ἐνυπάρχουσαν
3312 911 3460 981 αὐτῷ
3489 913 3778 983 ὁριστικῶς

2207 992 2388 1059 φύσιν.
2433 995 2566 1048 Οὐδὲ
2598 997 2703 1066 γὰρ
2733 997 2919 1067 ἕτερόν
2951 1000 3454 1070 ὲστινήύπόστασις
3486 1005 3628 1056 κατὰ
3652 1007 3780 1065 τούς

2204 1082 2494 1150 θεοφόρους
2526 1085 2775 1154 Πατέρας
2798 1125 2812 1147 ,
2860 1088 2892 1157 ἢ
2932 1089 3086 1141 οὐσία
3138 1091 3275 1158 μετὰ
3306 1092 3411 1142 τῶν
3446 1093 3703 1162 ξδιωμάτο
3724 1109 3777 1147 ν·

2203 1175 2509 1242 περιττεύει
2558 1177 2667 1247 γὰρ
2720 1179 2941 1242 πάντως
3005 1182 3037 1250 ή
3087 1181 3386 1245 ὑπόστασις
3443 1183 3544 1251 τῆς
3588 1185 3780 1247 οὐσίας

2203 1266 2375 1332 αὐτῆς
2424 1269 2536 1329 τοῖς
2577 1272 2951 1338 ἁψοριστικοτς
2990 1272 3096 1324 ἀπὸ
3131 1272 3238 1324 τῶν
3269 1272 3472 1325 λοιπῶν
3513 1276 3780 1343 ὁμοειδῶν

2207 1354 2494 1423 ἱδιὼμασιν
2515 1372 2528 1385 ⁸
2578 1358 2700 1410 ὅθεν
2734 1360 2888 1412 οὐδὲν
2921 1363 2977 1412 ὲν
3007 1360 3083 1430 τῷ
3110 1363 3221 1432 ὅρῳ
3265 1363 3364 1430 τῆς
3393 1364 3580 1426 οὐσίας
3604 1365 3778 1433 αὐτῆς

2203 1446 2565 1515 λαμϐάνεται,
2606 1450 2723 1502 ἀλλ’
2751 1453 2809 1504 ἐν
2837 1455 2900 1521 τῇ
2932 1449 3245 1527 ὑπογραφῇ,
3283 1456 3471 1526 ἐπειδὴ
3501 1457 3775 1510 ὲπουσιὼ-

2202 1536 2262 1605 δη
2320 1540 2715 1607 τυγχάνουσιν,
2773 1541 2871 1594 οὐκ
2922 1543 3175 1612 οὐσιώδη.
3229 1543 3320 1596 Διδ
3364 1546 3461 1599 καὶ
3497 1546 3778 1611 Βασίλειός

2204 1644 2368 1695 φησιν
2390 1669 2405 1693 ,
2458 1629 2540 1681 ὅτι
2577 1630 2806 1694 ἕκαστος
2834 1632 2990 1701 ἡμῶν
3022 1633 3117 1685 καὶ
3149 1631 3226 1702 τῷ
3258 1634 3422 1705 κοινῷ
3457 1638 3557 1706 τῆς
3583 1638 3776 1701 οὐσίας

2138 1714 2176 1766 Β
2202 1719 2345 1788 λόγῳ
2377 1719 2471 1771 τοῦ
2504 1717 2642 1774 εἶναι
2675 1723 2887 1793 μετέχει
2914 1741 2926 1753 ·
2984 1725 3076 1777 καὶ
3122 1728 3234 1789 τοῖς
3264 1729 3392 1797 περὶ
3418 1729 3598 1782 αὐτῶν
3630 1729 3776 1781 ἰδιῶ-

2200 1827 2365 1878 μασιν
2390 1850 2405 1872 ,
2443 1813 2471 1863 ὁ
2504 1811 2651 1867 δεῖνά
2676 1816 2790 1866 ἐστι
2825 1815 2915 1867 καὶ
2947 1817 2974 1867 ό
3003 1816 3169 1869 δεῖνα.
3225 1817 3286 1869 El
3322 1820 3673 1890 χωρήσαντες
3702 1826 3771 1893 τῇ

2197 1902 2412 1972 ἐπινοίᾳ
2443 1901 2511 1954 τὰ
2543 1904 2929 1973 συμϐεϐηκότα
2962 1906 3224 1975 ἰδιώματα
3247 1946 3262 1969 ,
3317 1910 3413 1961 καὶ
3457 1909 3544 1978 ἐφ’
3572 1912 3774 1981 ἑαυτὴν

2196 1991 2292 2061 τὴν
2323 1994 2528 2062 Πέτρου
2558 1996 2930 2065 σκοπήσαντες
2957 1997 3139 2066 φύσιν,
3175 2000 3483 2068 ὁριζόμενοι
3508 2000 3651 2055 οὕτω
3684 2002 3776 2055 λέ-

2196 2098 2387 2151 γομεν,
2425 2084 2507 2135 ὅτι
2538 2083 2678 2146 ζῶον
2702 2085 2916 2154 λογικὸν
2948 2088 3161 2157 Θνητόν·
3199 2091 3225 2140 ὁ
3256 2091 3413 2151 auito;
3443 2092 3499 2143 δὲ
3529 2093 3654 2161 ὅρος
3679 2093 3772 2146 καὶ

2197 2174 2289 2226 ἐπὶ
2336 2175 2433 2242 τῆς
2483 2174 2669 2238 ἁπλῶς
2723 2176 2937 2246 φύσεως
2994 2181 3134 2250 παρ’
3181 2182 3339 2250 ἡμῶν
3370 2183 3708 2244 ἀποδίδοται,
3738 2185 3771 2235 ὁ

2196 2265 2355 2326 αὐτὸς
2384 2265 2489 2336 ἄρα
2516 2265 2665 2319 ἔσται
2689 2266 2845 2336 λόγος
2868 2270 2959 2322 ἐπὶ
2982 2272 3076 2341 τῆς
3102 2272 3286 2334 ἁπλῶς
3309 2273 3542 2340 φύσεως,
3569 2274 3658 2326 καὶ
3678 2274 3772 2326 ἐπὶ

2195 2358 2291 2426 τῆς
2321 2357 2376 2409 ἓν
2398 2374 2502 2412 τινι
2531 2358 2943 2431 θεωρουμένης¹
2967 2362 3061 2415 ποῦ
3088 2363 3178 2417 οὖν
3206 2364 3264 2418 τὸ
3293 2365 3367 2436 μὴ
3393 2365 3652 2418 δύνασθαι
3672 2366 3773 2433 τὴν

2197 2449 2379 2516 φύσιν,
2411 2450 2503 2502 τοῦ
2536 2449 2659 2503 καθ’
2688 2451 2918 2506 ἕκαστον
2950 2454 3135 2523 κοινὴν
3162 2451 3328 2520 εἶναι,
3367 2456 3471 2509 κᾶν
3502 2456 3768 2518 πολλάκις

2194 2539 2253 2604 ἐξ
2294 2541 2462 2609 αὐτῆς
2496 2541 2759 2611 λέγηται,
2800 2545 2936 2615 ὅπερ
2974 2544 3032 2598 ἓν
3071 2545 3412 2615 βεϐαιοῦται;
3443 2546 3583 2599 ὥστε
3610 2547 3644 2613 ἡ
3668 2547 3766 2615 μὲν

2195 2633 2353 2699 φύσις
2384 2631 2477 2684 τοῦ
2506 2633 2628 2686 καθ’
2652 2635 2882 2687 ἕκαστον
2913 2636 3100 2707 κοινὴ,
3138 2639 3171 2707 ἡ
3198 2637 3245 2690 δ’
3275 2639 3573 2700 ὑπόστασις
3600 2639 3761 2709 ίδική.

2194 2726 2256 2777 Εἰ
2301 2725 2397 2794 τὴν
2433 2726 2619 2797 κοινὴν
2653 2727 2814 2794 φύσιν
2857 2729 2885 2780 ὁ
2928 2730 3101 2797 Λόγος
3148 2732 3248 2784 οὐκ
3297 2731 3593 2795 ἀνέλαϐεν,
3633 2733 3766 2786 ἀπο-

2195 2816 2504 2885 λογούμεθα
2536 2819 2733 2885 ἡμεῖς,
2769 2818 2850 2870 ὅτι
2877 2819 2974 2888 τὴν
2999 2820 3160 2883 φύσιν
3186 2822 3411 2890 εἴπομεν
3438 2823 3601 2875 αὐτὸν
3628 2822 3762 2875 ἀνα-

2194 2905 2379 2957 λαϐεῖν
2405 2947 2419 2970 ,
2477 2908 2536 2959 οὐ
2589 2908 2694 2977 μὴν
2726 2909 2795 2959 τὰ
2824 2909 3165 2962 ὑποστατικά
3194 2912 3428 2964 ἑκάστου
3462 2913 3762 2982 ἰδιώματαο

2194 2995 2364 3048 ταῦτα
2395 2995 2503 3065 γὰρ
2533 2999 2679 3049 ποιεῖ
2706 2998 2795 3051 τὸν
2823 2997 3020 3051 Ἰούδαν
3054 3001 3147 3053 καὶ
3172 3002 3263 3053 τὸν
3292 3003 3439 3055 δεῖνα
3459 3020 3472 3031 ·
3509 3003 3538 3056 ὃ
3569 3020 3622 3055 τι
3652 3005 3764 3064 τοῖς

2196 3085 2422 3139 καθόλου
2465 3087 2632 3141 πᾶσίν
2667 3090 2813 3141 ἐστιν
2843 3087 3083 3160 εὔδηλον.
3126 3093 3325 3163 Διόπερ
3361 3095 3426 3146 ἐκ
3454 3093 3652 3147 κοινῶν
3678 3094 3765 3148 οὐ·

2196 3177 2327 3230 σιῶν
2359 3178 2608 3246 λέγοντες
2639 3178 2736 3246 τὴν
2764 3179 2954 3232 ἕνωσιν
2982 3181 3229 3248 γενέσθαι
3254 3222 3269 3246 ,
3323 3185 3423 3235 οὐκ
3457 3183 3766 3250 ἀναγκαζό-

2198 3269 2337 3337 μεθα
2380 3270 2721 3336 συνεισάγειν
2759 3271 2856 3331 τὰς
2889 3271 2980 3322 ὑπ’
3007 3273 3176 3334 αὐτὰς
3203 3274 3531 3334 ὑποστάσεις
3559 3272 3761 3335 πάσας.

2193 3358 2268 3420 ὡς
2315 3359 2362 3410 oi
2413 3360 2749 3426 συκοφάνται
2789 3359 3067 3430 ληροῦσιν.
3120 3362 3183 3414 Εἰ
3216 3363 3392 3416 τοίνυν
3425 3363 3638 3417 τελείαν
3671 3364 3764 3417 καὶ

2193 3448 2450 3520 ἀνελλιπῆ
2496 3450 2589 3502 καὶ
2634 3451 2960 3524 ὐπερπλήρη
2992 3452 3183 3522 ἔχοντα
3225 3455 3282 3508 ὲν
3314 3455 3488 3526 ἐαυτῷ
3518 3456 3616 3524 τῆς
3643 3455 3766 3509 θεό-

2192 3556 2353 3607 τητος
2379 3538 2474 3611 τὴν
2495 3540 2655 3608 φύσιν
2675 3542 3096 3611 ὲνανθρωπῆσαι
3118 3543 3369 3613 λέγομεν,
3395 3545 3524 3597 ποία
3549 3546 3763 3614 ἀνάγκη

2194 3630 2340 3698 ἡμᾶς
2373 3628 2529 3682 τοῦτο
2560 3629 2817 3698 λέγοντας
2844 3632 3063 3695 πάντως
3094 3634 3189 3685 καὶ
3217 3634 3307 3687 τὸν
3338 3635 3556 3705 Πατέρα
3586 3636 3766 3688 καὶτὸ

2194 3723 2417 3793 Πνεῦμα
2444 3723 2832 3787 καταϐιϐάζειν
2860 3726 2941 3787 είς
2966 3725 3063 3795 τὴν
3089 3726 3526 3796 ἐνανθρὼπησιν;
3564 3727 3630 3778 Τί
3657 3725 3767 3795 γὰρ

2195 3817 2402 3886 Πέτρου
2437 3816 2840 3886 σταυρωθέντος
2891 3816 2922 3887 ἢ
2961 3816 3176 3869 Παύλου
3205 3817 3633 3887 ἀποτμηθέντος,
3671 3820 3766 3869 καὶ

2194 3904 2425 3975 θατέρου
2479 3905 2658 3958 αὐτῶν
2714 3907 2895 3977 πλήρη
2952 3907 3044 3959 καὶ
3091 3906 3387 3978 ὁλόκληρον
3438 3910 3536 3976 τὴν
3577 3908 3766 3975 κοινήν

2192 3997 2405 4067 ἔχοντος
2451 3997 2560 4051 τῶν
2605 3998 2906 4069 ἀνθρώπων
2945 4000 3108 4069 φύσιν
3132 4040 3147 4064 ,
3199 4002 3324 4062 τοὺς
3353 4000 3574 4063 λοιποὺς
3606 3999 3765 4051 τοῦτο

2192 4089 2531 4158 παρὲϐλαψε,
2570 4091 2695 4151 τούς
2725 4090 2827 4141 ὑπὸ
2855 4090 2951 4159 τὴν
2974 4090 3143 4160 αὐτὴν
3170 4090 3541 4159 ἀναγομένους
3566 4089 3761 4157 φύσιν;

2191 4180 2271 4232 ὅτι
2306 4180 2366 4231 οὐ
2399 4180 2645 4246 φύσεων,
2683 4179 2798 4232 ἀλλ’
2830 4180 3181 4234 ὐποστάσεων
3217 4180 3486 4249 ἰδιότητας
3509 4180 3763 4232 διδασκό-

2196 4270 2356 4340 μεθα.
2417 4272 2719 4342 Γρηγόριος
2766 4273 2823 4323 ἐν
2866 4273 3105 4342 δευτέρῳ
3155 4273 3274 4325 κατ’
3310 4270 3578 4337 Εὐνομίωδ
3618 4271 3763 4339 λόγῳ

523 4381 647 4420 nem
676 4365 933 4419 habuerit
965 4372 1241 4426 naturam,
1270 4364 1511 4432 reliquos
1550 4363 1667 4417 lizec
1696 4361 1964 4432 supplicia
1997 4363 2092 4416 lae—

2196 4362 2337 4416 οὓτω
2367 4365 2500 4433 φησὶ
2540 4363 2669 4433 περὶ
2710 4363 2942 4434 Πατρός,
2976 4365 3069 4418 καὶ
3097 4363 3248 4429 Υίοῦ,
3278 4364 3371 4417 καὶ
3404 4363 3558 4431 ἁγίου
3587 4361 3762 4414 Πνεύ-

526 4463 719 4509 serunt
770 4468 981 4519 omnes,
1027 4452 1119 4521 qui
1150 4451 1397 4506 eamdem
1426 4459 1674 4505 naturam
1707 4451 1883 4505 sortiti
1918 4451 2089 4505 sunt?

521 4548 647 4613 quia
692 4561 804 4599 non
834 4552 1152 4599 naturarum
1185 4542 1279 4597 sed
1323 4542 1801 4597 subsistentiarum
1848 4539 2089 4609 particu-

521 4638 769 4690 laritates
798 4634 1166 4705 agnoscimus.
1202 4631 1498 4704 Gregorius
1530 4632 1585 4685 in
1620 4630 1864 4686 secundo
1894 4639 2087 4687 contra

2198 4471 2366 4525 ματος
2388 4493 2401 4516 ,
2450 4454 2523 4517 ὼς
2555 4454 2641 4506 διὰ
2669 4453 2776 4507 τῶν
2803 4454 3045 4524 κλήσεων
3067 4455 3292 4519 τούτων,
3320 4455 3381 4507 οὐ
3408 4453 3619 4523 φύσεων
3643 4452 3759 4503 δια-

2195 4543 2366 4613 φορὰν
2386 4542 2774 4611 διδασκόμεθα,
2802 4543 2936 4596 ἀλλὰ
2964 4543 3129 4613 μόνας
3154 4542 3253 4604 τὰς
3276 4542 3384 4595 τῶν
3410 4540 3760 4595 ὐποστάσεων

2192 4633 2559 4704 γνωριστικὰς
2597 4633 2886 4704 ἰδιότητας.
3068 4636 3080 4647 ’

522 4729 852 4783 Eunomium
885 4741 1139 4782 sermone
1168 4726 1239 4780 ita
1270 4724 1405 4779 dicit
1448 4724 1515 4778 de
1564 4723 1742 4787 Patre,
1780 4729 1837 4776 ct
1878 4722 2038 4783 Filio.
2083 4732 2138 4779 et
2177 4732 2368 4779 sancto
2417 4724 2643 4793 Spiritu,
2691 4724 2835 4792 quod
2888 4740 2987 4793 per
3037 4723 3137 4777 bas
3183 4723 3595 4792 appellationes,
3645 4734 3756 4774 non

521 4837 840 4882 naturarum
865 4822 1229 4879 diﬂ‘erentiam
1250 4820 1615 4893 agnoscimus,
1646 4816 1741 4872 sed
1767 4819 1910 4872 solas
1929 4817 2403 4875 subsistentiarum
2432 4819 2779 4873 distinctivas
2802 4818 3280 4887 particularitates.

733 4942 816 4996 Ea:
848 4940 1057 5011 Eulogii
1084 4938 1432 4994 Alexandrini
1457 4933 1867 5005 Defensionibus.

2262 4932 2354 4984 Ἐκ
2382 4930 2499 4984 τῶν
2524 4930 2901 4998 Συνηγοριὼν
2922 4930 3219 4998 Εὐλογίου
3253 4927 3716 4995 Ἀλεξανδρεῖας.

1527 5048 1685 5119 (Ang.
1718 5046 1817 5101 MAI
1850 5044 2043 5115 Script.
2072 5054 2172 5098 vet.
2212 5054 2249 5098 t.
2285 5044 2415 5107 Vlll,
2440 5061 2495 5114 p.
2531 5045 2744 5111 54-57.)

591 5173 782 5228 Audivi
810 5172 1049 5240 aliquem
1088 5183 1277 5223 eorum
1306 5174 1529 5221 strenue
1559 5164 1882 5234 gestientem
1911 5162 2083 5217 disse-

518 5279 658 5328 rere,
704 5278 811 5317 non
849 5277 969 5317 esse
1003 5268 1254 5315 naturam
1285 5255 1729 5326 impersonalem,
1766 5252 1861 5309 sed
1890 5268 2083 5307 conse-

517 5357 742 5410 ctariam
800 5364 1009 5408 naturae
1062 5364 1371 5421 personam.
1432 5348 1488 5404 Si
1554 5348 1722 5419 igitur
1782 5345 1903 5400 dua:
1956 5353 2085 5398 sunt

517 5455 754 5509 naturae,
819 5443 1113 5499 admodum
1171 5458 1391 5513 quoque
1451 5456 1573 5496 esse
1613 5439 1751 5494 duas
1798 5451 2082 5507 personas,

518 5539 794 5598 quomodo
830 5539 1049 5594 illorum
1093 5537 1188 5607 qui
1222 5537 1350 5592 talia
1381 5534 1667 5605 proferunt
1694 5548 1805 5587 non
1835 5545 1936 5586 nos
1984 5528 2086 5582 mi-

519 5643 748 5696 sereret,
778 5647 905 5686 eum
933 5632 1005 5686 ita
1039 5631 1324 5686 evidenter
1352 5629 1632 5691 aberrent,
1673 5635 1728 5679 et
1769 5623 2083 5680 Nestorium

2266 5163 2511 5215 Ἤκουσά
2562 5178 2705 5224 τινος
2752 5161 2934 5214 αὐτῶν
2982 5162 3243 5228 γενναίως
3292 5159 3549 5235 οἰομένους
3579 5155 3759 5207 διαλέ-

2189 5252 2379 5319 γεσθαι
2436 5255 2517 5306 ὅτι
2569 5257 2668 5306 οὐκ
2713 5253 2829 5305 ἐστι
2871 5251 3030 5320 φύσις
3063 5252 3410 5321 διπρόσωπος,
3448 5246 3582 5299 ἀλλὰ
3612 5262 3754 5315 παρ-

2189 5345 2378 5396 έπεται
2430 5346 2495 5413 τῇ
2537 5343 2694 5411 φύσει
2739 5344 2832 5397 καὶ
2864 5343 3177 5413 πρόσωπον.
3218 5342 3278 5395 Εί
3304 5337 3396 5393 οὖν
3425 5339 3518 5392 δύο
3544 5337 3756 5406 φύσεις,

2185 5436 2406 5502 ,πάντως
2448 5438 2539 5489 καὶ
2574 5424 2665 5489 δύο
2697 5436 2964 5505 πρόσωπα
2991 5451 3004 5464 ·
3061 5434 3180 5496 πῶς
3209 5433 3306 5486 οὐκ
3333 5433 3397 5485 ἄν
3424 5447 3506 5492 τις
3533 5429 3659 5491 τοὺς
3687 5426 3758 5480 τὰ

2190 5528 2412 5581 τοιαῦτα
2446 5528 2917 5599 προϐαλλομένους
2949 5526 3225 5597 ἐλεήσειεν
3249 5563 3264 5589 ,
3304 5523 3352 5577 οἳ
3396 5520 3579 5589 σαφῶς
3611 5518 3758 5572 οὕτω

2194 5620 2658 5691 προσπταίουτινς
2711 5620 2805 5673 καὶ
2851 5619 3134 5689 Νεστορὶῳ
3166 5613 3623 5687 προσποιούμενοι
3656 5627 3757 5664 πο-
