4072 6304
290 301 430 365 2949

1454 287 1917 354 FRAGMENTA
1958 288 2411 349 DOGMATICA.

3404 287 3552 351 2950

284 414 473 487 λεμεῖν
497 454 512 480 ,
570 416 682 469 τοῖς
730 410 893 465 αὐτοῦ
922 410 1269 481 προϐλήμασι
1298 407 1619 476 κέχρηνται,
1653 401 1747 455 καί¹
1777 399 1875 469 τὴν

1985 399 2301 471 impugnare
2336 380 2682 463 simulantes,
2721 398 2889 469 hujus
2921 399 3259 468 argumentis
3297 407 3550 464 utuntur,

287 506 496 560 ἐκείνου
538 504 689 558 νόσον
732 503 794 556 τό
832 518 896 570 γε
934 501 1022 554 ἐπ’
1061 501 1242 561 αὐτοῖς
1283 493 1649 560 ἀσπάζονταις
1680 494 1743 549 Et
1766 491 1875 563 γὰρ

287 597 387 650 οὐκ
405 595 520 649 ἐστι
538 594 699 666 φύσις
719 596 1062 665 ἀπρόσωπος,
1080 589 1214 647 ἀλλά
1235 592 1326 642 καὶ
1348 588 1655 661 παρέπεται
1682 588 1748 655 τῇ
1776 583 1879 652 φύ-

294 702 376 738 σει
408 687 504 739 καὶ
530 684 847 754 πρόσωπον,
879 681 1011 752 φασὶ
1038 681 1094 734 δὲ
1122 681 1188 732 ἐκ
1215 677 1307 731 δύο
1336 678 1552 746 φύσεων
1576 674 1675 746 τὴν
1699 671 1872 743 ἀπόρ-

296 782 461 850 ρητον
482 777 676 831 ἕνωσιν
697 778 756 829 ὲν
776 772 998 845 Χριστῷ
1018 769 1321 839 γεγονέναι,
1356 769 1466 841 ἄρα
1497 769 1562 821 ὲκ
1586 765 1681 819 δύο
1704 780 1874 835 προσ-

296 872 463 925 ώπων
513 867 876 928 κατ’λαύτοὺς
922 866 949 917 ὁ
987 860 1379 932 Ἑμμανουὴλ,
1442 857 1540 911 καὶ
1595 857 1871 926 ἀνέῳκται

291 962 479 1016 λοιπον
505 963 615 1022 τοῖς
642 954 1028 1028 βλασφημοῦσι
1053 951 1337 1022 παρρησία
1364 949 1458 1003 δύο
1485 947 1755 1018 πρόσωπα
1778 946 1870 999 λέ-

294 1068 413 1120 γειν
446 1053 504 1103 ὲν
534 1045 753 1118 Χριστῷ
778 1086 792 1109 ,
851 1047 988 1114 ὅπερ
1042 1043 1240 1113 μανίας
1273 1040 1602 1111 ἀνάμεστον.
1652 1038 1730 1092 Οὐ
1764 1035 1873 1108 γὰρ

278 1142 357 1196 ,ἂν
388 1141 593 1211 Πέτρον
622 1138 654 1208 ἢ
684 1136 897 1191 Παῦλον
925 1137 979 1189 εἴ
1003 1153 1087 1198 τις
1115 1134 1335 1187 ὲνώσειε
1374 1172 1389 1198 ,
1416 1130 1546 1202 μίαν
1569 1130 1872 1184 ὑπόστασιν

294 1233 389 1287 καὶ
421 1231 478 1284 ἓν
507 1230 802 1300 πρόσωπον
835 1228 981 1281 εἴποι
1005 1243 1019 1257 ⁶
1068 1227 1123 1280 αἱ
1154 1227 1261 1296 γὰρ
1292 1223 1643 1288 ὑποστάσεις,
1671 1221 1707 1276 ἃ
1735 1218 1873 1274 εῖναι

291 1326 559 1396 πρόσωπα
598 1322 698 1393 τὴν
732 1322 854 1381 κατ’
884 1321 1073 1372 οὐσίαν
1127 1319 1221 1372 καὶ
1253 1319 1438 1389 σχέσιν
1465 1316 1660 1370 ἕνωσιν
1691 1313 1873 1367 ἐπιδέ-

291 1431 478 1486 χονται
498 1453 514 1479 ,
568 1413 630 1466 οὑ
676 1412 777 1483 τὴν
806 1411 1171 1464 ὲνυπόστατον
1200 1408 1296 1462 καὶ
1318 1400 1384 1460 ἓν
1413 1408 1705 1478 πρόσωπον
1733 1406 1872 1459 ἀπο-

290 1506 560 1561 τελοῦσιν.
605 1503 743 1559 Κατ*
773 1502 963 1557 οὐσίαν
996 1502 1094 1571 μὲν
1121 1499 1216 1555 οὖν
1247 1501 1302 1553 αἱ
1331 1498 1657 1562 ὑποστάσεις
1688 1497 1874 1551 ἑνοῦν-

291 1615 404 1664 ται,
437 1597 512 1660 ὡς
545 1596 638 1648 ἐπὶ
665 1594 769 1664 τῆς
795 1595 961 1661 ἁγίας
987 1594 1217 1663 Τριάδος
1237 1609 1250 1624 ·
1306 1595 1459 1665 τρεῖς
1487 1593 1597 1663 γὰρ
1631 1576 1877 1643 ὑποστάέ

275 1706 406 1753 .νσεις
440 1689 569 1759 μιᾶς
595 1685 785 1750 οὐσίας
819 1685 1178 1756 ὑπάρχουσιν.

376 1869 444 1920 Ἦ
482 1867 547 1920 δὲ
596 1865 742 1918 κατά
787 1863 970 1934 σχέσιν
1014 1861 1209 1926 ἓνωσις
1244 1861 1385 1915 κατά
1417 1858 1649 1920 πολλοὺς
1678 1859 1878 1909 νοεῖται

266 1959 551 2030 -τρόπους,
590 1957 647 2008 ἐν
686 1952 996 2025 ὁμωνυμίᾳ,
1026 1954 1084 2006 ὲν
1116 1951 1373 2023 ἰσοτιμίᾳ,
1403 1952 1459 2003 ὲν
1499 1947 1877 2017 ταυτοϐουλίᾳ,

298 2046 388 2099 καὶ
419 2045 520 2097 ὅσα
549 2042 760 2105 τούτοις
791 2041 1151 2111 παραπλήσια
1171 2058 1184 2072 ο
1231 2043 1288 2092 ὲν
1317 2039 1607 2109 ὁμωνυμίᾳ
1635 2037 1735 2106 μὲν
1755 2078 1770 2101 ,
1807 2037 1882 2100 Lb;

310 2135 507 2197 Ἰούδας
538 2135 566 2187 ὁ
599 2133 877 2198 Ἰακώϐου,
906 2133 1213 2194 καῖ’ίούδας
1237 2130 1609 2202 Ἰσκαριώτης·
1644 2128 1883 2198 ἰσοτιμία

272 2227 353 2280 δὲ
398 2225 492 2278 καὶ
527 2224 910 2295 ταυτοϐουλία,
949 2223 1025 2287 ὼς
1054 2225 1258 2294 Πέτρος
1289 2225 1384 2277 καὶ
1416 2224 1666 2292 Ἰωάννης
1688 2237 1702 2250 ο
1751 2222 1881 2274 ἑκά·

278 2337 353 2371 -τε
364 2336 451 2387 ρος
470 2318 575 2387 γὰρ
593 2316 886 2380 ἀπόστολος
907 2317 1001 2369 καὶ
1022 2314 1205 2380 αὑξειν
1240 2314 1530 2386 ἠϐούλοντο
1546 2313 1604 2366 τὸ
1624 2313 1883 2384 κήρυγμα

297 2411 390 2465 τοῦ
421 2410 678 2481 Χριστοῦ.
714 2411 778 2462 Ὃ
809 2408 899 2462 οὖν
932 2408 1100 2479 ἔφθην
1141 2406 1311 2461 είπὼν
1351 2408 1410 2460 αἱ
1441 2406 1534 2460 δύο
1558 2406 1885 2464 ὑποστάσεις

299 2507 360 2575 ἧῖ
372 2522 465 2558 ουν
489 2504 757 2575 πρόσωπα
782 2503 1065 2573 ἑνούμενα,
1090 2501 1345 2554 οὐδέποτε
1379 2500 1505 2571 μίαν
1534 2497 1885 2553 ἀποτελοῦσιν

300 2598 597 2650 ὑπόστασιν
627 2594 810 2649 καὶνὲν
848 2595 1157 2664 πρόσωπον.
1211 2594 1272 2646 Εἰ
1298 2589 1390 2645 οὖν
1433 2593 1499 2645 ἐκ
1539 2589 1631 2643 δύο
1669 2590 1887 2658 φύσεων

298 2692 326 2741 ὀ
355 2686 719 2759 Ἐμμανουήλ,
741 2687 773 2758 ἡ
798 2687 855 2740 δὲ
884 2686 1045 2756 φύσις
1076 2686 1364 2756 πρόσωπόν
1388 2687 1505 2737 ἐστι
1529 2685 1644 2737 κατ’
1668 2683 1886 2746 αὐτοὺς,

301 2782 453 2834 ἔσται
496 2780 604 2849 ἀρα
654 2781 747 2832 καὶ
791 2781 857 2832 ὲκ
895 2776 989 2830 δύο
1033 2777 1341 2849 προσώπων
1367 2817 1382 2839 ,
1416 2776 1558 2847 ἆπερ
1588 2775 1689 2828 οὐκ
1714 2773 1890 2828 ἐπιδέ-

299 2883 484 2935 χονται
513 2868 609 2937 τὴν
638 2867 1000 2920 ἐνυπόστατον
1031 2867 1226 2921 ἕνωσιν
1251 2883 1265 2897 ’
1316 2867 1409 2919 καὶ
1440 2864 1582 2918 οὕτω
1611 2864 1752 2919 κατά
1779 2862 1888 2916 τῶν

284 2957 708 3027 διεφθαρμένων
756 2958 914 3027 λόγον
953 2958 1013 3011 τὸ
1054 2960 1154 3029 τῆς
1179 2958 1339 3012 ἀθέου
1366 2957 1685 3028 διαιρέσεως
1712 2956 1889 3026 δόγμα

302 3050 485 3120 χώραν
504 3049 772 3121 εὑρήσει·
828 3049 921 3103 καὶ
967 3049 1234 3121 Κύριλλος
1283 3047 1678 3119 ἐκϐληθήσεται
1719 3045 1885 3099 πάλαι
1907 3078 1955 3140 C

305 3142 441 3195 κατὰ
469 3140 765 3212 Νεστορίου
795 3139 1019 3193 τοιαῦτα
1049 3141 1186 3210 βοῶν
1204 3182 1218 3206 ,
1251 3139 1432 3210 ὀνήσει
1459 3138 1515 3191 δὲ
1545 3138 1662 3191 κατ’
1692 3136 1884 3193 οὐδένα

302 3236 498 3303 τρόπον
518 3233 609 3286 τδν
628 3233 786 3304 ὀρθὸν
801 3233 928 3303 περὶ
946 3234 1045 3303 τῆς
1072 3231 1306 3295 πίστεως
1332 3231 1490 3300 λόγον
1519 3231 1599 3292 εἱς
1625 3228 1687 3283 τὸ
1712 3226 1885 3290 οὕτως

307 3325 474 3395 ἔχειν.
524 3324 645 3378 Κᾶν
676 3323 725 3376 εί
754 3322 1065 3394 προσώπων
1089 3323 1283 3375 ἕνωσιν
1314 3316 1690 3391 ὲπιφημίζωσί
1716 3335 1881 3382 τινες,

305 3417 422 3471 ἀλλ’
475 3416 575 3488 οὐχ
615 3415 789 3479 οὕτως
819 3413 944 3468 οὕτε
974 3416 1007 3485 ἡ
1039 3414 1267 3483 ἀλήθεια
1298 3415 1541 3478 ἀπαιτεῖ,
1577 3410 1691 3464 οὔθ’
1721 3412 1885 3481 ἡμεῖς

304 3504 608 3576 ἀνεξόμεθα
626 3542 642 3566 ,
689 3503 826 3557 ἀλλά
853 3502 951 3573 τὴν
978 3503 1169 3574 ἀκλινῆ
1200 3503 1292 3556 καὶ
1324 3501 1497 3573 μέσην
1521 3500 1638 3554 ὁδὸν
1668 3499 1884 3570 βαδιού·

312 3598 482 3671 μεθα,
508 3599 635 3661 τοὺς
667 3597 768 3667 μὲν
795 3596 962 3650 δυάδα
991 3597 1299 3666 προσώπων
1325 3595 1721 3662 εἰσαγαγόντας
1753 3593 1885 3644 ἁνα-

302 3691 685 3762 θεματίςοντες
709 3730 722 3755 ,
777 3690 879 3761 τὴν
920 3687 977 3741 δὲ
1021 3687 1282 3759 ἀλήθειαν
1309 3685 1417 3740 τῶν
1446 3688 1503 3739 ἐν
1529 3683 1752 3756 Χριστῷ
1785 3682 1881 3736 δύο

300 3782 502 3839 οὐσιῶν
531 3775 945 3853 ὁμολογοῦντες.
968 3807 979 3817 -

389 4030 526 4085 Ἀλλ’
561 4028 691 4094 ἴσως
720 4027 780 4093 ἐξ
799 4027 1029 4098 ἀπορίας
1058 4025 1400 4097 διαστρέφειν
1429 4025 1758 4096 πειρώμενοι
1788 4027 1885 4098 τὴν

304 4123 565 4193 τοιαύτην
595 4107 924 4190 πέποίηνται
957 4118 1244 4188 πρότασιν·
1278 4117 1436 4187 ἡμῶν
1460 4119 1569 4190 γὰρ
1596 4119 1884 4193 ὲνυποστά.

304 4233 412 4277 τως
445 4188 730 4284 ἡνωμένας
760 4188 854 4263 δύο
881 4209 1075 4278 φύσεις
1101 4209 1407 4275 λεγόντων,
1446 4188 1883 4280 ὲθελοκωφέῦσιν,

306 4310 404 4363 καὶ
443 4305 789 4376 περιξύοντες
819 4304 919 4372 τῆς
943 4301 1238 4372 ὁμολογίας
1266 4304 1297 4371 ἡ
1309 4301 1449 4371 μῶν,
1481 4301 1559 4371 τῷ
1585 4301 1885 4354 ἐνυποστά-

1979 500 2036 546 et
2066 492 2216 547 illius
2245 492 2502 547 morbum
2534 491 2608 546 ita
2639 490 2745 545 sibi
2793 489 3150 559 adjudicant?
3178 490 3235 545 Si
3264 492 3412 546 enim
3443 508 3552 546 non

1977 591 2063 637 est
2108 590 2306 637 natura
2340 582 2749 652 impersonalis,
2801 580 2895 637 sed
2939 590 3195 633 naturam
3246 581 3555 651 insequitur

1978 688 2245 742 persona,
2297 674 2489 730 dicunt
2531 688 2563 728 e
2614 673 2830 727 duabus
2884 660 3102 726 naturis
3160 672 3556 740 impossibilem

1976 762 2035 819 in
2080 764 2304 819 Christo
2357 765 2619 819 unionem
2652 761 2851 817 factam
2897 778 3041 826 esse,
3074 777 3204 833 ergo
3241 777 3311 817 ex
3343 763 3558 819 duabus

1976 855 2230 927 personis
2284 856 2592 911 secundum
2645 857 2781 913 istos
2834 866 3050 913 constat
3094 858 3450 924 Emmanuel,
3504 868 3561 915 et

1975 956 2386 1021 consequenter
2456 947 2704 1018 aperitur
2763 948 3278 1018 blasphemantibus
3330 948 3561 1003 libertas

1975 1038 2113 1094 duas
2148 1054 2421 1109 personas
2448 1039 2668 1095 dicendi
2700 1038 2755 1093 in
2778 1038 3022 1104 Christo,
3053 1039 3198 1109 quod
3227 1048 3312 1093 est
3338 1038 3564 1092 demen~

1977 1129 2052 1184 tia
2113 1130 2400 1185 refertum.
2467 1130 2590 1184 Non
2638 1130 2807 1194 enim,
2865 1130 2913 1184 si
2962 1130 3185 1184 Petrum
3230 1140 3285 1184 et
3328 1129 3558 1183 Paulum

1977 1222 2247 1287 univeris,
2286 1236 2453 1276 unam
2504 1221 2922 1276 subsistentiam
2968 1230 3026 1275 et
3056 1236 3223 1275 unam
3266 1234 3561 1291 personam

1976 1316 2218 1381 dixeris;
2283 1330 2406 1385 quae
2465 1314 2613 1369 enim
2666 1314 3071 1377 subsistentiae,
3134 1329 3257 1383 quas
3314 1326 3562 1383 personze

1977 1408 2238 1462 unionem
2284 1407 2340 1461 in
2375 1406 2685 1461 substantia
2713 1413 2771 1461 et
2795 1407 3065 1462 relatione
3111 1406 3408 1474 rccipiunt,
3448 1422 3559 1461 non

1977 1515 2142 1553 unam
2179 1497 2596 1554 subsistentiam
2642 1512 2823 1566 neque
2868 1513 3035 1551 unam
3067 1512 3357 1567 personam
3394 1498 3561 1567 perﬁ-

1976 1590 2153 1644 ciunt.
2201 1588 2519 1643 Secundum
2563 1588 2929 1642 substantiam
2972 1587 3144 1656 igitur
3192 1587 3562 1642 subsistentia:

1976 1680 2269 1744 uniuntur,
2301 1687 2362 1732 ut
2393 1678 2447 1731 in
2479 1686 2668 1731 sancta
2695 1676 2930 1742 Triade;
2966 1684 3078 1730 tres
3113 1675 3260 1729 enim
3313 1674 3391 1730 ibi
3426 1676 3561 1731 sub-

1909 1748 1950 1802 B
1982 1770 2248 1838 sistentiae
2293 1766 2459 1831 unius
2493 1781 2623 1823 sunt
2652 1767 2993 1822 substantiae.

2082 1858 2226 1914 Unio
2291 1867 2478 1912 autem
2544 1856 2851 1913 secundum
2918 1857 3243 1915 relationem
3310 1858 3565 1930 plurimis

1982 1946 2296 2015 concipitur
2331 1944 2541 2010 modis,
2570 1946 2630 1999 in
2667 1946 3017 2017 homonymia
3043 1987 3057 2013 ,
3106 1948 3163 2013 in
3196 1949 3479 2018 dignitatis
3508 1956 3567 2003 et

1982 2038 2287 2094 voluntatis
2315 2039 2724 2103 conformitate,
2756 2046 2813 2094 et
2839 2040 2965 2095 aliis
2987 2057 3108 2110 qua:
3134 2042 3286 2097 hisce
3315 2041 3566 2096 referun-

1984 2139 2112 2184 tur:
2149 2131 2205 2184 in
2234 2131 2587 2204 homonymia
2611 2131 2859 2201 quidem,
2897 2141 2959 2186 ut
2991 2132 3163 2189 Judas
3191 2134 3363 2189 Jacob
3398 2135 3563 2196 (ilius,

1983 2229 2040 2277 et
2067 2222 2237 2277 Judas
2271 2222 2597 2288 lscariotes;
2638 2222 2693 2275 in
2727 2221 3012 2292 dignitatis
3043 2234 3226 2278 autem
3274 2233 3329 2279 et
3372 2224 3569 2278 volun-

1987 2314 2117 2369 tatis
2169 2313 2580 2379 conl‘ormitate,
2619 2322 2680 2369 ut
2707 2315 2904 2370 Petrus
2936 2324 2993 2370 et
3024 2316 3287 2381 Joannes,
3331 2326 3564 2386 uterque

1985 2411 2133 2466 enim
2164 2411 2446 2481 apostolus
2472 2418 2528 2465 et
2559 2411 2861 2467 extendere
2894 2412 3153 2466 volebant
3175 2411 3381 2467 Christi
3431 2427 3567 2481 pra:-

1986 2500 2343 2559 dicationem.
2377 2499 2534 2567 Quod
2572 2501 2741 2572 igitur
2769 2502 2881 2572 jam
2913 2502 3124 2557 asserui
3156 2503 3390 2558 dicens:
3442 2502 3566 2558 dua:

1987 2592 2390 2657 subsistentia,
2441 2609 2688 2663 personae
2739 2595 2981 2659 scilicet,
3043 2596 3233 2657 unitze,
3285 2611 3565 2665 nunquam

1987 2699 2156 2737 uuam
2201 2684 2615 2740 subsistentiam
2649 2702 2830 2756 neque
2876 2702 3040 2741 unam
3076 2701 3367 2755 personam
3405 2687 3569 2756 perti-

1988 2774 2162 2830 ciunt.
2211 2774 2267 2830 Si
2317 2775 2489 2846 igitur
2525 2794 2592 2832 ex
2630 2776 2847 2833 duabus
2896 2779 3111 2833 naturis
3165 2785 3380 2833 constat
3427 2778 3566 2855 Eni--

1990 2865 2228 2931 manuel,
2259 2874 2573 2937 etquaeque
2604 2878 2800 2923 natura
2845 2870 2917 2924 sit
2963 2886 3200 2940 persona
3255 2871 3561 2925 secundum

1989 2954 2145 3021 istos,
2176 2956 2447 3011 constabit
2488 2973 2620 3027 ergo
2660 2975 2725 3014 ex
2762 2960 2977 3015 duabus
3000 2961 3276 3030 personis,
3306 2977 3429 3031 quae
3455 2977 3565 3015 non

1990 3043 2288 3098 admittunt
2340 3045 2604 3100 unionem
2659 3047 2713 3101 in
2765 3065 2875 3103 una
2926 3050 3302 3105 subsistentia.
3344 3050 3421 3105 Ita
3470 3066 3570 3120 per

1988 3134 2220 3189 istorum
2251 3135 2596 3204 perditorum
2628 3139 2898 3194 rationem
2927 3140 3034 3195 hoc
3062 3140 3240 3210 impiae
3261 3140 3569 3195 distinctio-

1986 3228 2072 3280 nis
2103 3227 2298 3297 dogma
2330 3229 2515 3285 locum
2548 3230 2831 3297 inveniet;
2862 3242 2918 3287 et
2951 3233 3191 3305 Cyrillus
3221 3234 3568 3289 deridebitur

1985 3330 2109 3371 cum
2156 3317 2285 3373 talia
2319 3318 2454 3373 dicit
2486 3320 2540 3373 in
2585 3320 2925 3383 Nestorium,
2959 3316 3016 3375 et
3044 3323 3197 3377 nullo
3228 3321 3393 3376 modo
3442 3337 3569 3391 pro—

1985 3408 2129 3463 derit
2162 3416 2223 3463 ut
2252 3421 2462 3466 rectum
2492 3412 2638 3467 circa
2668 3412 2793 3467 ﬁdei
2817 3415 3107 3480 rationem,
3135 3427 3196 3470 ut
3223 3415 3327 3470 tale
3349 3415 3564 3469 evadat.

1985 3500 2247 3567 Quamvis
2293 3518 2653 3571 personarum
2707 3505 2970 3559 unionem
3000 3507 3420 3574 patrocinantur
3446 3505 3568 3575 qui-

1985 3593 2133 3659 dam,
2180 3608 2289 3647 non
2345 3592 2400 3647 id
2448 3602 2631 3647 tamen
2665 3594 2873 3648 veritas
2923 3594 3185 3663 postulat,
3235 3609 3414 3663 neque
3465 3609 3571 3649 nos

1985 3685 2249 3749 feremus,
2302 3685 2398 3740 sed
2430 3685 2685 3739 inﬂexam
2717 3694 2774 3739 et
2800 3685 3035 3740 mediam
3067 3687 3209 3739 viam
3251 3702 3566 3755 sequemur,

1986 3776 2088 3830 hos
2132 3775 2227 3845 qui
2261 3774 2498 3829 duadem
2529 3790 2889 3844 personarum
2934 3776 3205 3831 inducunt
3253 3778 3570 3831 anathema-

1987 3865 2228 3930 tizando,
2266 3865 2559 3920 veritatem
2603 3873 2790 3920 autem
2834 3865 3071 3920 duarum
3102 3866 3159 3920 in
3186 3865 3410 3922 Christo
3438 3868 3570 3921 sub-

1986 3958 2312 4012 stantiarum
2341 3955 2674 4025 proﬁtendo.

2089 4048 2197 4103 Sed
2266 4047 2408 4102 torte
2472 4048 2540 4102 ad
2605 4047 2983 4102 ditﬁeultatem
3032 4047 3349 4103 solvendam
3400 4049 3567 4103 talem

1988 4140 2311 4194 statuissent
2359 4138 2817 4208 propositionem.
2868 4138 3039 4194 Nobis
3091 4139 3239 4195 enim
3286 4139 3341 4193 in
3381 4140 3563 4195 subsi-

1987 4229 2190 4284 stentia
2243 4228 2425 4283 unitas
2477 4229 2614 4282 duas
2674 4237 2904 4283 naturas
2966 4227 3304 4293 dicentibus,
3370 4229 3569 4283 surdos

1986 4334 2046 4375 se
2108 4319 2392 4389 praebent,
2445 4327 2501 4373 et
2559 4317 2718 4388 quasi
2763 4326 3012 4373 nostram
3054 4317 3414 4373 assertionem
3478 4336 3568 4373 ra-

307 4417 415 4463 τως
447 4397 726 4468 ήνωμὲνας
756 4394 1099 4467 προϐλήματι
1127 4393 1421 4464 κέχρηνται
1451 4391 1573 4445 καθ’
1602 4392 1760 4463 ἡμῶν
1788 4392 1884 4462 τῆς

1991 4408 2225 4473 dentes,
2284 4415 2534 4463 statuunt
2577 4406 2801 4477 quidem
2867 4407 3052 4462 unitas
3086 4407 3159 4471 ,in
3211 4407 3569 4464 subsistentia

309 4489 590 4561 ἡμετέρας
622 4486 916 4559 ὁμολογίας
946 4487 1205 4556 ἀπᾴδοντι
1228 4525 1244 4552 ,
1279 4486 1376 4539 καί
1407 4502 1594 4554 φασιν,
1627 4486 1741 4538 Ούκ
1768 4484 1886 4538 ἔστι

312 4584 473 4652 φύσις
506 4581 836 4651 ἀπρόσωπος
858 4595 874 4609 ο
928 4577 981 4630 τί
1014 4578 1194 4631 τοίνυν
1224 4578 1408 4638 αὐτοῖς
1440 4575 1502 4629 τὸ
1538 4575 1702 4645 σοφὸν
1729 4575 1889 4628 τοῦτο

312 4673 561 4746 βούλεται
590 4671 884 4742 πρόϐλημα
911 4688 925 4734 ;
964 4670 1029 4722 Et
1063 4669 1162 4738 μὲν
1204 4670 1287 4721 ὅτι
1314 4670 1373 4722 οὐ
1404 4669 1627 4721 δυνατὸν
1657 4667 1755 4730 τάς
1784 4667 1889 4735 φύ-

310 4787 425 4832 σεις
458 4768 635 4831 ἄλλως
665 4767 700 4839 ἦ
732 4769 792 4820 ἐν
819 4764 1132 4837 προσώποις
1160 4764 1507 4834 θεωρεῖσθαι,
1540 4764 1750 4826 τούτοις
1781 4764 1891 4826 πᾶς

308 4881 392 4927 τις
418 4864 515 4917 καὶ
538 4860 647 4913 τῶν
680 4859 852 4932 μικρὰ
877 4857 1094 4912 εἰδότων
1124 4857 1633 4927 συνομολογήσειενο
1668 4856 1752 4919 τίς
1780 4855 1889 4927 γὰρ

311 4957 497 5021 ἀγνοεῖ
541 4954 621 5006 ὃτι
668 4949 899 5005 καθόλου
944 4952 1004 5003 ἐν
1036 4952 1148 5012 τοῖς
1181 4951 1326 5004 κατά
1356 4949 1523 5020 μέρος
1550 4949 1886 5021 προσώποις,

310 5051 452 5117 ὅπερ
496 5049 620 5108 ταῖς
661 5044 1190 5114 χαρακτηριστικαῖς
1217 5042 1549 5097 ὑποστάσεσι
1578 5041 1888 5113 θεωρεῖται,

313 5142 398 5209 εἰη
445 5141 545 5209 τῆς
589 5137 843 5205 θεότητος
874 5135 1036 5204 φύσις
1067 5136 1126 5187 έν
1152 5135 1360 5201 ﬂat-pl,
1403 5137 1461 5188 ὲν
1493 5136 1629 5205 Υίῷ,
1666 5139 1722 5188 ὲν
1750 5135 1891 5206 ἁγίῳ

314 5230 592 5301 Πνεύματι
619 5247 634 5296 ;
673 5230 876 5301 ὁμοίως
909 5229 942 5298 ἡ
971 5229 1240 5299 ἀγγελικὴ
1270 5228 1433 5296 φύσις
1464 5229 1523 5281 ὲν
1551 5229 1794 5299 Μιχαὴλ,
1835 5231 1893 5280 ὲν

316 5322 559 5395 Γαϐριὴλ
597 5321 695 5376 καὶ
735 5324 848 5385 τοῖς
881 5321 1123 5383 λοιποῖς;
1165 5320 1260 5373 καὶ
1286 5322 1320 5389 ἡ
1349 5320 1449 5388 τῆς
1476 5321 1894 5392 ἀνθρωπότητος

317 5414 483 5481 φύσις
529 5416 587 5467 ὲν
629 5415 742 5476 τοῖς
782 5413 905 5467 καθ’
932 5410 1165 5464 ἕκαστον
1189 5410 1517 5481 γνωρίζεται
1545 5412 1891 5481 προσώποιςς

319 5509 386 5564 Et
413 5507 472 5562 δὲ
499 5505 657 5560 τοῦτο
683 5505 963 5576 βούλονται
988 5500 1423 5566 κατασκευάζειν
1451 5503 1533 5555 ὅτι
1562 5502 1709 5573 πάσῃ
1737 5502 1893 5571 φύσει

319 5598 525 5662 ιδιάζον
552 5598 875 5667 περιέττεται
903 5595 1215 5665 πρόσωπον,
1239 5594 1332 5646 ἐπὶ
1372 5594 1483 5647 τῶν
1514 5593 1588 5665 μὴ
1614 5594 1738 5646 καθ’
1761 5595 1894 5647 ὑπό-

321 5705 514 5744 στασιν
537 5689 835 5757 ήνωμένων
858 5686 1095 5757 φύσεων,
1120 5687 1149 5739 ὅ
1174 5689 1320 5739 ἐστιν
1343 5684 1566 5751 οὐσιῶν,
1592 5685 1685 5738 καὶ
1708 5686 1896 5741 τοῦτον

1989 4509 2253 4566 naturas,
2303 4499 2398 4555 sed
2454 4509 2647 4554 contra
2693 4514 2796 4553 nos
2851 4498 3059 4554 utendo
3114 4500 3494 4570 propositione
3538 4517 3572 4556 a
3654 4561 3656 4563 ,

1990 4607 2178 4654 nostra
2225 4593 2532 4650 assertione
2580 4593 2941 4663 discrepanti,
2988 4596 3045 4647 et
3087 4592 3283 4648 dicunt
3309 4608 3420 4648 non
3449 4607 3571 4649 esse

1989 4697 2244 4743 naturam
2295 4685 2741 4755 impersonalem.
2792 4683 2933 4750 Quid
2983 4682 3151 4754 igitur
3202 4684 3424 4752 sapiens
3467 4683 3571 4738 ista

1991 4779 2109 4834 vult
2149 4776 2506 4848 propositio?
2557 4774 2844 4844 Siquidem
2878 4790 2990 4829 non
3029 4789 3191 4845 posse
3227 4774 3346 4829 ﬁeri
3387 4774 3573 4831 dicant

1992 4880 2055 4924 ut
2093 4877 2307 4923 natura:
2331 4874 2755 4937 cognoscantur,
2783 4865 2891 4919 nisi
2932 4865 2988 4919 in
3024 4864 3279 4935 personis
3301 4865 3408 4921 hoc
3439 4880 3573 4935 pro-

1993 4958 2139 5014 fecto
2191 4958 2301 5013 illis
2348 4956 2686 5012 'concesserit
2716 4955 2970 5025 quisquis
2999 4955 3084 5010 vel
3122 4953 3402 5009 modicum
3430 4955 3576 5024 peri-

1994 5062 2083 5106 tus
2131 5049 2223 5105 sit.
2260 5048 2394 5115 Quis
2422 5047 2569 5104 enim
2606 5046 2823 5119 ignorat
2866 5047 2920 5100 id
2953 5047 3104 5116 quod
3138 5046 3457 5102 universale
3488 5055 3578 5102 est

1995 5144 2048 5198 in
2102 5142 2336 5213 singulis
2381 5140 2658 5212 personis,
2689 5139 2745 5195 id
2770 5147 2856 5194 est
2888 5138 3266 5194 subsistentiis
3295 5141 3581 5194 characte-

1995 5233 2200 5290 risticis
2254 5233 2565 5304 inspicitur,
2616 5241 2771 5303 puta.
2816 5230 3134 5285 Divinitatis
3166 5236 3361 5283 natura
3390 5230 3447 5282 in
3472 5228 3578 5283 Pa-

1996 5336 2099 5390 tre,
2139 5325 2277 5379 Filio
2305 5333 2361 5379 et
2394 5331 2590 5378 sancto
2628 5322 2889 5392 Spiritu?
2930 5319 3177 5391 angelica
3225 5320 3281 5373 in
3321 5318 3577 5383 Michael,

1996 5416 2217 5472 Gabriel
2270 5424 2328 5470 et
2373 5414 2631 5471 caneris?
2661 5423 2717 5469 et
2749 5412 3109 5468 humanitatis
3138 5419 3338 5467 natura
3367 5410 3424 5464 in
3461 5411 3577 5464 sin-

1997 5507 2139 5577 gulis
2163 5507 2515 5578 cognoscitur
2542 5507 2792 5576 personis
2816 5508 2838 5560 ?
2889 5505 2986 5561 Sin
3018 5513 3201 5559 autem
3233 5500 3579 5558 contendunt

2000 5613 2446 5669 unamquamque
2479 5606 2733 5654 naturam
2771 5612 3066 5669 personam
3098 5595 3376 5666 propriam
3409 5596 3581 5650 comi-

2001 5688 2133 5757 tari;
2163 5688 2268 5744 hoc
2289 5688 2515 5759 quidem
2543 5704 2664 5746 esse
2694 5706 2888 5745 verum
2919 5686 3232 5744 censuerim
3262 5687 3318 5743 in
3343 5685 3581 5746 naturis.
