4114 6296
541 370 676 433 2951

1560 368 1622 427 S.
1664 363 1978 425 EULOGII
2019 361 2367 420 ARCHIEP.
2413 364 2788 426 ALEXAND.

3648 361 3789 424 2952

541 487 657 540 sive
683 483 1011 538 substantiis
1038 496 1158 550 qua:
1183 481 1486 536 secundum
1514 479 1924 534 subsistentiam
1949 476 2116 530 unitas

2227 474 2394 546 ὀρθῶς
2421 478 2566 547 ἔχειν
2599 481 2838 550 ἠγοῦμαι
2870 481 2963 533 τὸν
2990 480 3162 546 λόγον·
3200 478 3288 529 ἐπὶ
3309 477 3366 530 δὲ
3391 476 3498 529 τῶν
3520 477 3578 528 ἑν
3599 476 3790 528 συνθέ-

541 590 653 628 non
689 585 844 639 sunt;
891 581 946 626 at
987 573 1174 641 procul
1215 572 1371 626 abest
1406 587 1436 624 a
1462 586 1616 634 vero,
1643 570 1691 623 si
1723 583 1904 622 sermo
1931 575 2014 621 est
2044 565 2112 619 de

542 665 758 717 naturis
787 679 908 732 qua:
953 678 1050 730 per
1097 661 1550 730 compositionem
1580 670 1636 713 et
1675 658 1727 711 iu
1752 656 2113 710 subsistentia

544 754 894 822 copulantur.
945 753 1147 806 Verum
1189 753 1337 806 enim
1382 752 1436 805 in
1465 752 1570 804 hoc
1599 757 1814 805 constat
1848 768 1861 802 :
1895 747 2115 818 quando

544 845 866 898 differentes
907 851 1124 897 natura:
1168 842 1492 896 indivisibili
1533 842 1736 894 unione
1773 840 2114 896 coadunatae.

546 951 708 989 unam
739 950 1028 1004 personam
1055 943 1110 987 et
1141 949 1304 986 unam
1337 932 1750 986 subsistentiam
1781 930 2112 1000 perficiunt;

545 1029 590 1080 si
623 1038 859 1097 quatuor
889 1028 999 1080 sint
1029 1027 1321 1090 elementa,
1351 1026 1671 1080 dill'erentes
1702 1035 1830 1079 sunt
1857 1025 2113 1077 substan-

547 1117 653 1181 tiae,
699 1117 794 1170 sed
841 1115 1092 1169 similiter
1137 1131 1309 1167 unum
1359 1114 1608 1168 elliciunt
1646 1130 1851 1182 corpus
1880 1113 1934 1165 in
1970 1113 2116 1181 ligno

547 1217 640 1261 aut
683 1207 863 1276 lapide
908 1206 1316 1275 particulariter
1371 1213 1613 1273 sumpto,
1655 1204 1803 1272 quod
1859 1210 1943 1256 est
1985 1201 2118 1254 sub-

537 1299 814 1352 ‘sistentia.

616 1390 722 1444 Sed
751 1405 874 1442 cum
914 1388 1019 1442 hoc
1045 1388 1356 1456 exemplum
1379 1387 1624 1441 breviter
1647 1396 1702 1441 et
1730 1387 1896 1441 nimis
1921 1387 2116 1441 coniu-

539 1497 605 1534 se
639 1481 948 1534 adhibitum
980 1479 1222 1542 videtur,
1255 1479 1584 1533 sumendum
1640 1479 1801 1532 nobis
1830 1489 1915 1532 est
1939 1494 2120 1533 exem—

551 1572 700 1638 plum
729 1571 782 1622 in
810 1568 1032 1622 homine
1066 1583 1170 1620 una
1206 1567 1567 1621 subsistentia
1605 1567 1856 1635 praedito.
1884 1567 1944 1620 lu
1974 1582 2117 1619 uno-

551 1676 772 1729 quoque
829 1668 1076 1713 nostrum
1140 1661 1333 1713 anima:
1399 1660 1704 1713 substantia
1771 1659 1873 1711 alia
1921 1667 2005 1711 est
2058 1672 2122 1710 ac

556 1752 802 1820 corporis
834 1751 1177 1815 substantia;
1205 1750 1299 1805 sed
1332 1759 1511 1803 tamen
1550 1750 1629 1802 ha:
1663 1749 1784 1802 dua:
1801 1748 2120 1802 substantia:

544 1843 852 1910 conjunctae
900 1841 954 1894 in
1017 1842 1245 1912 singulis
1304 1858 1467 1895 unam
1520 1857 1807 1910 personam
1857 1842 2118 1901 elliciuut,

552 1932 704 1984 verbi
762 1933 965 2001 gratia,
1028 1932 1294 1986 Joannem
1352 1942 1447 1985 aut
1504 1931 1733 1985 Paulum
1804 1941 1898 1986 aut
1949 1933 2117 2011 aliqu

548 2023 816 2089 quemvis,
848 2022 968 2075 dua:
997 2032 1304 2075 manentes.
1327 2017 1465 2075 'Non
1492 2021 1635 2076 enim
1662 2022 1842 2075 anima
1867 2023 2005 2076 facta
2039 2032 2122 2077 est

547 2129 702 2176 caro,
753 2128 933 2182 neque
977 2129 1104 2166 caro
1137 2115 1317 2167 anima
1349 2113 1487 2167 facta
1515 2122 1617 2167 est.
1655 2113 1828 2182 Hujus
1858 2114 1936 2166 rei
1970 2115 2123 2168 testis

553 2214 639 2258 est
687 2203 888 2257 Paulus
932 2204 1180 2258 veritatis
1232 2220 1428 2274 praeco,
1477 2220 1599 2258 cum
1672 2205 1839 2270 dicit;
1903 2207 2124 2258 interior

551 2299 702 2349 homo
727 2306 773 2349 et
808 2297 1153 2363 στεατίου-’,ιιι
1181 2297 1547 2351 diﬂ‘erentiatn
1576 2297 1843 2365 signiticet
1869 2298 2123 2352 substan—

554 2391 775 2442 tiarum.
835 2391 1073 2459 Vestigia
1109 2391 1229 2459 ejus
1267 2401 1490 2444 secutus
1529 2390 1767 2444 Joannes
1803 2389 2120 2443 Constanti-

552 2481 768 2548 nopolis
791 2482 1083 2550 episcopus
1107 2490 1161 2535 et
1182 2482 1454 2535 universa:
1479 2479 1739 2535 Ecclesia
1763 2480 1975 2544 doctor,
1997 2481 2124 2534 talia

553 2572 747 2626 scribit
778 2573 832 2626 in
859 2589 958 2626 suo
985 2575 1190 2641 scripto
1223 2588 1478 2626 sermone
1511 2572 1570 2626 in
1595 2571 1990 2626 obscuritatem
2017 2571 2124 2625 Ve-

559 2665 692 2718 teris
743 2665 1102 2720 Testamcnti.
1148 2665 1354 2734 Duplex
1377 2667 1514 2716 enim
1559 2663 1696 2716 illud
1738 2663 1942 2716 animat
1972 2664 2124 2716 homo

555 2755 758 2809 duabus
801 2767 1048 2811 constans
1101 2758 1429 2821 substantiis,
1481 2758 1735 2810 sentiente
1785 2774 1915 2819 una,
1952 2755 2125 2810 altera

555 2858 732 2902 autem
767 2852 1050 2920 cogitante,
1083 2852 1319 2903 animam
1369 2850 1482 2902 dico
1514 2857 1563 2902 et
1593 2866 1802 2920 corpus,
1832 2859 1879 2902 et
1913 2852 1967 2903 in
1998 2850 2124 2904 caelo

555 2950 603 2993 et
625 2943 679 2993 in
711 2949 855 2994 terra
887 2943 1250 3011 cognationem
1274 2942 1486 2994 habens.
1529 2940 1668 2995 Nam
1690 2958 1783 3010 per
1808 2943 2126 3012 cogitantem

556 3034 907 3086 substantiam
930 3034 1280 3086 communicat
1306 3034 1547 3102 supernis
1569 3033 1864 3096 virtutibus,
1894 3049 1984 3101 per
2004 3049 2126 3085 sen-

2219 586 2300 620 σει
2329 573 2423 622 καὶ
2449 573 2828 636 ἑνυποστάτως
2853 573 3173 642 ήνωμένων,
3196 571 3384 641 πόρῤω
3407 569 3506 637 τῆς
3532 567 3790 636 ἀληθείας

2216 662 2574 733 καθέστηκεν.
2606 666 2760 716 ’Ἐστι
2789 665 2896 733 γὰρ
2927 665 3014 716 ὅτε
3042 663 3286 732 διάφοροι
3314 660 3506 727 φύσεις
3532 659 3792 729 συνερχό-

2219 771 2379 822 μεναι
2411 755 2553 807 κατά
2580 755 2678 823 τὴν
2703 755 3006 823 ἀδιαίρετον
3030 753 3245 814 ἕνωσιν,
3281 752 3340 804 ἓν
3367 751 3660 821 πρόσωπον
3693 751 3792 802 καὶ

2220 846 2349 912 μίαν
2376 845 2731 898 ἀποτελοῦσιν
2756 846 3074 907 ὑπόστασιν,
3101 846 3148 894 εἰ
3169 844 3236 894 τά
3258 843 3504 910 τέσσαρα
3529 844 3791 910 στοιχεῖα,

2217 937 2463 1005 διάφοροι
2495 939 2833 1006 ὑπάρχουσιν
2863 936 3064 996 οὐσίαι,
3098 935 3212 986 ἀλλ’
3239 935 3385 1003 ὅμως
3414 933 3472 984 ἒν
3500 932 3794 986 ἀποτελοῦ-

2219 1046 2272 1080 σι
2307 1030 2464 1098 σῶμα
2493 1031 2646 1082 τοῦδε
2675 1030 2838 1099 τυχὸν
2866 1031 2958 1081 τοῦ
2985 1028 3140 1094 ξύλου
3185 1027 3217 1097 ἢ
3259 1025 3406 1078 λίθου
3437 1024 3545 1076 τῶν
3574 1027 3631 1076 ὲν
3662 1023 3793 1075 ξδιό-

2217 1138 2340 1190 τητι
2367 1122 2765 1192 θεωρουμένου,
2802 1123 2938 1191 ὅπερ
2965 1121 3110 1173 ἐστὶν
3139 1121 3454 1179 ὑπόστασις.

2305 1385 2458 1437 Ἀλλ’
2505 1385 2737 1456 ἐπείπερ
2766 1386 3115 1455 παράδειγμα
3146 1387 3340 1455 κρᾶσιν
3368 1387 3518 1440 δοκεῖ
3548 1405 3660 1448 πως
3689 1390 3795 1456 ἐμ-

2222 1476 2434 1542 φαίνειν
2466 1477 2560 1530 καὶ
2589 1477 2874 1546 σύγχυσιν,
2911 1477 3144 1546 ληπτέον
3172 1479 3304 1546 ἡμῖν
3330 1477 3390 1528 τὸ
3417 1478 3558 1530 κατὰ
3583 1478 3672 1530 τὸν
3698 1481 3801 1532 ἄν-

2221 1568 2436 1638 θρωπον
2462 1568 2817 1640 παράδειγμα
2837 1569 2926 1621 τὸν
2949 1569 3007 1620 ἑν
3031 1571 3128 1639 μιᾷ
3149 1570 3470 1622 ὑποστάσειο
3498 1571 3554 1622 ἑν
3577 1572 3801 1639 ἑκάστῳ

2221 1661 2329 1729 γὰρ
2359 1661 2517 1728 ἡμῶν
2561 1662 2593 1729 ἡ
2628 1661 2784 1713 οὐσία
2817 1661 2915 1728 τῆς
2942 1660 3119 1729 ψυχῆς
3149 1661 3310 1730 ἑτέρα
3337 1662 3507 1726 ἐστὶν,
3551 1661 3625 1722 ῶς
3655 1664 3802 1730 πρὸς

2221 1750 2318 1819 τὴν
2365 1751 2553 1802 οὐσίαν
2600 1751 2693 1803 τοῦ
2745 1751 3014 1820 σώματος.
3059 1751 3196 1804 Ἀλλ’
3237 1753 3386 1821 ὅμως
3413 1755 3467 1805 αι
3494 1753 3585 1806 δύο
3614 1756 3801 1806 οὐσίαι

2226 1840 2577 1893 συνελθοῦσαι
2611 1843 2668 1893 ἑν
2694 1844 2806 1904 τοῖς
2832 1843 2953 1894 καθ’
2978 1842 3229 1907 ἕκαστον,
3262 1843 3320 1895 ἓν
3349 1844 3637 1914 πρόσωπον
3663 1848 3804 1898 ἀπο-

2221 1931 2500 1995 τελοῦσιν,
2561 1934 2694 2003 φέρε
2739 1935 2914 1986 εἰπεῖν
2952 1935 3197 1988 Ἰωάννου
3245 1936 3276 2006 ἢ
3323 1937 3532 1989 Παύλου
3565 1939 3598 2007 ἢ
3632 1937 3802 1991 ἄλλου

2223 2024 2389 2086 τινος,
2423 2024 2676 2092 μείνασαι
2702 2025 2816 2078 δύο.
2853 2023 2990 2077 Οὑτε
3019 2025 3128 2097 γὰρ
3157 2028 3190 2096 ἠ
3217 2027 3362 2097 ψυχὴ
3397 2028 3533 2100 σὰρξ
3559 2029 3802 2098 ἐγένετο,

2222 2111 2347 2164 οὐτε
2397 2113 2502 2183 μὴν
2553 2116 2585 2184 ἡ
2630 2114 2766 2184 σὰρξ
2801 2115 2947 2186 ψυχὴ
2979 2117 3234 2184 γέγονεν·
3279 2120 3488 2191 μάρτυς
3515 2121 3572 2173 δὲ
3604 2124 3802 2175 τούτου

2225 2203 2438 2267 Παῦλος
2483 2207 2512 2256 ὁ
2551 2207 2725 2275 κήρυξ
2754 2210 2852 2277 τῆς
2877 2209 3132 2278 ἀληθείας
3164 2211 3408 2278 φάσκων,
3455 2213 3509 2264 ’0
3539 2213 3662 2267 ἐσω
3687 2214 3804 2266 ἇν-

2225 2298 2456 2361 θρωπος
2504 2297 2602 2349 καὶ
2649 2302 2680 2352 ὀ
2719 2298 2868 2365 ἔξω,
2920 2300 3005 2352 ἵνα
3037 2302 3096 2354 τὸ
3127 2302 3380 2372 διάφορον
3415 2305 3654 2377 σημαίνῃ
3687 2306 3806 2358 τῶν

2225 2385 2453 2437 οὐσιῶν·
2489 2388 2664 2458 τούτῳ
2708 2390 2828 2442 κατ’
2865 2390 3008 2460 ῐχνος
3042 2392 3304 2461 ἑπόμενος
3337 2392 3608 2462 Ἰωάννης,
3638 2394 3668 2446 ὁ
3698 2397 3807 2465 τῆς

2227 2475 2848 2543 Κωνσταντινουπόλεως
2912 2481 3213 2544 ἐπίσκοπος
3282 2483 3376 2535 καὶ
3432 2484 3612 2554 πάσης
3676 2486 3808 2537 Ἐκ-

2226 2563 2456 2632 κλησίας
2494 2567 2848 2634 διδάσκαλος,
2887 2570 3112 2623 τοιαῦτα
3146 2571 3346 2640 γράφει
3399 2574 3457 2624 ἑν
3497 2572 3576 2642 τῷ
3605 2575 3804 2640 ἑπιγε-

2225 2657 2529 2727 γραμμένῳ
2550 2658 2692 2728 λόγῳ
2715 2660 2795 2721 είς
2817 2659 2913 2730 τὴν
2939 2660 3200 2728 ἀσάφειαν
3223 2662 3324 2730 τῆς
3346 2661 3588 2724 Παλαιᾶς
3604 2662 3806 2731 Διαθή·

2229 2765 2328 2817 κης
2352 2764 2365 2777 ·
2408 2751 2669 2804 Διπλοῦν
2696 2752 2806 2819 γὰρ
2835 2753 3010 2806 τοῦτο
3054 2753 3120 2805 τὸ
3151 2753 3295 2813 ζῶον
3329 2756 3360 2806 ὁ
3381 2753 3695 2823 ἄνθρωπος
3735 2756 3804 2808 ἐκ

2227 2837 2336 2891 δύο
2363 2842 2762 2910 συγκείμενον
2790 2842 3034 2907 οὐσιῶν,
3072 2843 3180 2910 τῆς
3201 2844 3315 2912 μὲν
3340 2843 3654 2910 αἰσθητῆς,
3690 2845 3805 2912 τῆς

2226 2926 2294 2980 δὲ
2315 2929 2558 2997 νοητῆς,
2588 2931 2815 2999 ψυχῆς,
2842 2932 3016 3000 λέγω,
3051 2932 3146 2985 καὶ
3171 2932 3460 3002 σώματος,
3481 2933 3579 2985 καὶ
3604 2935 3676 2986 ἐν
3699 2937 3806 2987 σύ-

2221 3021 2389 3086 ρανῷ
2437 3020 2534 3074 καὶ
2580 3021 2650 3073 ἐν
2695 3020 2771 3090 γῇ
2817 3022 3175 3096 συγγένειαν
3206 3025 3374 3092 ἔχον.
3424 3025 3526 3078 Διὰ
3551 3027 3662 3094 γὰρ
3693 3026 3805 3093 τῆς

560 3126 794 3189 tientem,
831 3123 1160 3177 terrestribus
1183 3133 1518 3180 conversatur
1540 3125 1710 3190 rebus,
1739 3135 1943 3179 aratum
1961 3126 2124 3193 factus

2230 3111 2450 3180 νοητῆς
2483 3115 2697 3178 οὐσίας
2725 3115 3001 3168 κοινωνεῖ
3025 3116 3153 3182 ταῖς
3178 3117 3298 3170 ἅνω
3320 3117 3674 3184 δυνάμεσιν·
3708 3119 3806 3172 διὰ

559 3215 831 3282 utriusque
862 3215 1141 3266 creationis
1181 3212 1468 3268 vinculum.
1520 3215 1596 3269 [ta
1637 3231 1768 3286 ergo
1818 3216 1872 3270 in
1905 3215 2128 3272 Christo

558 3307 792 3359 duarum
822 3306 1252 3360 substantiarum
1285 3308 1424 3362 facta
1448 3318 1530 3363 est
1560 3310 1691 3373 unio
1723 3310 1777 3364 in
1808 3325 1970 3364 unam
1994 3310 2127 3363 sub-

561 3399 869 3454 sistentiam
919 3409 974 3453 et
1018 3416 1180 3454 unam
1237 3417 1558 3471 personam;
1605 3404 1709 3458 etsi
1766 3403 2000 3459 obscure
2034 3418 2131 3473 per

559 3492 805 3559 exempla
841 3491 1276 3546 demonstratum
1300 3495 1404 3559 sit;
1438 3511 1655 3550 onmem
1690 3495 1836 3549 enim
1867 3496 2127 3550 unionem

561 3579 746 3632 habita
797 3579 850 3632 in
901 3579 1122 3635 Christo
1154 3581 1442 3652 dispositio
1475 3599 1604 3638 vere
1638 3599 1905 3653 superans
1937 3585 2134 3639 huma-

560 3685 684 3723 nam
719 3669 855 3740 fugit
885 3670 1254 3726 collationem.

631 3931 738 3986 Sed
775 3931 974 3986 iterum
1011 3931 1204 3986 iisdem
1230 3932 1551 4000 epidcmicis
1589 3933 1818 3997 morbis,
1845 3943 1899 3988 et
1929 3949 2130 3988 secun-

560 4023 690 4077 dum
740 4025 1014 4078 rationem
1053 4024 1171 4076 luto
1221 4023 1484 4086 immersi,
1517 4023 1631 4078 haae
1657 4023 1871 4078 diverse
1897 4033 2132 4092 prmten-

561 4115 718 4169 dunt.
769 4114 969 4168 Dicunt
1015 4115 1205 4168 enim:
1251 4129 1359 4167 non
1419 4124 1501 4168 est
1540 4115 1842 4168 substantia
1896 4116 2133 4170 insubsi-

561 4217 746 4270 stens;
781 4206 1056 4275 quomodo
1088 4221 1218 4276 ergo
1246 4221 1356 4259 non
1389 4205 1684 4259 dicendum
1713 4215 1797 4262 est
1827 4207 1882 4260 iu
1913 4206 2130 4260 duabus

560 4299 952 4361 subsistentiis,
1018 4299 1062 4352 si
1115 4297 1253 4352 duas
1297 4298 1628 4352 substantias
1669 4298 1894 4352 dicitis?
1937 4298 2130 4354 Videte

562 4391 864 4460 peritorum
898 4393 1094 4443 horum
1129 4391 1526 4459 ignorantiam;
1559 4392 1700 4445 hanc
1737 4389 1884 4446 enim
1934 4393 2126 4446 incon—

2231 3201 2299 3254 δὲ
2349 3201 2458 3269 τῆς
2505 3204 2798 3273 αἰσθητῆς
2823 3244 2838 3269 ,
2893 3205 3018 3271 τοῖς
3050 3207 3146 3260 ἐπὶ
3180 3205 3291 3275 γῆς
3321 3206 3626 3274 συνῆπται
3654 3209 3807 3275 πρᾶο

2232 3308 2473 3360 γμασιν,
2500 3294 2848 3363 σύνδεσμος
2872 3295 2956 3348 ὢν
2981 3298 3228 3370 ἀκριϐὴς
3250 3298 3533 3367 ἑκατέρας
3553 3298 3664 3368 τῆς
3688 3303 3808 3354 κτί-

2229 3399 2403 3450 σεως.
2464 3385 2651 3450 Οὕτως
2677 3382 2769 3440 οῦν
2801 3388 2856 3440 ἑν
2875 3387 3095 3457 Χριστῷ
3107 3389 3214 3440 τῶν
3238 3387 3332 3440 δύο
3356 3389 3552 3441 οὐσιῶν
3579 3389 3807 3457 γέγονεν

2230 3477 2422 3543 ἓνωσις
2455 3482 2536 3543 εἰς
2570 3481 2698 3548 μίαν
2726 3481 3022 3534 ὑπόστασιν
3053 3481 3147 3533 καὶ
3175 3480 3231 3532 ἓν
3259 3481 3550 3550 πρόσωπον
3575 3499 3589 3513 ο
3628 3483 3678 3534 εί
3710 3484 3809 3536 καὶ

2231 3571 2489 3641 ἀμυδρῶς
2518 3572 2606 3626 διὰ
2631 3572 2741 3625 τῶν
2767 3572 3224 3643 παραδειγμάτων
3253 3573 3660 3626 ἀποδέδεικταν
3700 3576 3807 3627 πᾶ-

2233 3679 2332 3714 σαν
2379 3662 2488 3733 γὰρ
2533 3663 2728 3716 ἕνωσιν
2765 3666 2797 3733 ἡ
2831 3665 2888 3717 ἑν
2919 3664 3142 3735 Χριστῴ
3169 3665 3450 3734 οἰκονομία
3485 3664 3560 3727 ὡς
3587 3664 3808 3736 ἀληθῶς

2232 3753 2606 3824 ὑπεραίρουσα
2667 3757 2766 3822 τὴν
2823 3754 3582 3825 ἁνθρωπίνηνῦδιαδιδράσκει
3630 3757 3806 3810 κατά-

2229 3843 2411 3914 ληψιν.

2303 3935 2466 3989 Ἀλλά
2487 3935 2646 3989 πάλιν
2674 3939 2785 3999 τοῖς
2809 3938 2991 4001 αὐτοῖς
3018 3937 3454 4007 ἐμφιλοχωροῦσι
3476 3939 3802 4008 νοσήμασιν,

2231 4031 2328 4081 καὶ
2358 4028 2498 4081 κατὰ
2525 4029 2615 4081 τὸν
2638 4029 2797 4094 λόγον
2825 4028 2902 4099 τῷ
2935 4028 3179 4100 βορὸόρῳ
3207 4030 3600 4100 ὲγκυλιόμενοι’
3631 4030 3804 4083 ταῦτα

2231 4123 2338 4192 γὰρ
2369 4121 2531 4174 πάλιν
2563 4121 2834 4192 διαφόρως
2867 4121 3262 4189 προϐάλλονται
3285 4138 3299 4153 ο
3338 4123 3471 4189 φασὶ
3499 4122 3609 4190 γάρ
3629 4163 3642 4186 ,
3689 4123 3803 4174 Οὐκ

2231 4214 2378 4269 ἔστιν
2398 4215 2551 4268 οὐσία
2575 4215 2962 4277 ἀνυπόστατος.
2992 4215 3114 4277 Πῶς
3136 4211 3228 4266 οὖν
3253 4215 3353 4267 οὐκ
3378 4216 3435 4265 ἑν
3457 4215 3548 4266 δύο
3570 4215 3804 4267 ὑποστά-

2233 4319 2350 4354 σεσι
2383 4303 2608 4372 ῥητέον,
2640 4303 2798 4372 εἴπερ
2829 4303 2938 4371 ἀρα
2965 4301 3059 4353 δύο
3083 4301 3270 4364 οὐσίας
3301 4302 3470 4368 φατές
3502 4302 3666 4370 ὁρᾶτε
3695 4305 3803 4354 τῶν

2233 4394 2459 4463 κομψῶν
2492 4393 2696 4446 τούτων
2721 4392 2819 4462 τὴν
2846 4394 3067 4459 ἄγνοιαν
3093 4407 3108 4422 ·
3161 4394 3260 4461 τὴν
3305 4396 3412 4462 γάρ
3455 4394 3626 4461 αὐτὴν
3671 4395 3802 4462 ἡμῖν

560 4483 797 4536 siderate
845 4481 1086 4535 afferunt
1151 4483 1601 4550 propositionem,
1653 4486 1874 4538 nomina
1930 4485 2124 4537 iterum

2237 4484 2478 4552 ἀνοήτως
2525 4485 2819 4555 εἰσήγαγον
2868 4484 3170 4554 πρότασιν;
3228 4484 3296 4536 τὰ
3354 4484 3593 4553 ὀνόματα
3643 4484 3801 4536 πάλιν

562 4573 936 4625 iutmutantcs.
986 4569 1117 4636 Quae
1167 4580 1250 4625 cst
1297 4572 1445 4624 enim
1485 4573 1847 4628 substantiam
1883 4575 2026 4628 inter
2072 4585 2129 4629 et

559 4669 812 4713 naturam
863 4659 1210 4714 diﬁcrentia?
1268 4661 1414 4714 unde
1495 4664 1638 4718 idem
1683 4663 1843 4718 nobis
1874 4665 2037 4719 etiam
2070 4666 2126 4720 in

561 4770 616 4806 re
641 4753 894 4820 praesenti
923 4767 1105 4806 sermo
1124 4755 1494 4823 suppleretur.
1519 4755 1765 4809 Dicerem
1797 4757 1942 4810 enim
1971 4758 2120 4812 istis:

560 4843 672 4897 Etsi
721 4843 1103 4898 consideretur
1130 4846 1184 4898 in
1210 4846 1642 4913 proprietatibus
1671 4846 2125 4904 characteristicis

560 4932 724 4985 homo
751 4949 814 4985 ex
851 4933 1031 4987 anima
1073 4943 1129 4989 et
1160 4950 1392 5004 corpore
1423 4938 1971 5006 constans,plurimas
2001 4940 2132 4994 sul:-

560 5025 837 5078 sisteutias
868 5033 922 5092 et
950 5025 1220 5094 plurimos
1263 5027 1515 5081 homines
1552 5028 1705 5081 illum
1730 5028 1944 5084 elIieere
1974 5041 2132 5100 puta-

565 5119 665 5171 tis?
713 5117 828 5170 Non
858 5119 1004 5171 enim
1037 5119 1102 5172 ad
1145 5119 1198 5172 id
1241 5119 1488 5172 stultitia:
1513 5119 1758 5183 venistis,
1791 5131 1850 5174 ut
1876 5122 2134 5176 nesciatis

562 5206 724 5259 aliam
757 5223 878 5261 esse
904 5209 1139 5260 animam
1172 5208 1226 5260 in
1264 5208 1566 5262 substantia
1593 5224 1656 5262 ac
1686 5225 1904 5279 corpus,
1938 5212 2130 5266 aliam-

562 5315 665 5367 que
693 5315 892 5367 corpus
935 5298 1078 5352 circa
1111 5299 1471 5352 substantiam
1502 5299 1768 5354 rationem
1805 5317 2042 5356 servare.
2071 5302 2128 5357 Si

560 5402 740 5445 autem
765 5405 994 5458 qumque
1037 5390 1341 5444 substantia
1375 5391 1676 5445 secundum
1704 5407 1803 5445 vos
1836 5393 2129 5461 particula-

564 5499 676 5535 rem
715 5481 1130 5536 subsistentlam
1185 5481 1687 5536 eharacteristicam
1741 5483 1957 5552 recipit,
2016 5486 2127 5554 jam

481 5577 497 5590 ’
563 5572 694 5624 mihi
727 5570 927 5623 unione
949 5579 1119 5632 caret,
1153 5577 1208 5622 et
1233 5585 1374 5624 unus
1409 5571 1465 5623 lit
1491 5570 1621 5635 duo,
1649 5579 1707 5623 ut
1737 5571 1892 5624 vobis
1920 5580 1975 5624 et
2008 5571 2127 5623 ina-

561 5664 724 5715 nibus
756 5661 1154 5715 subtilitatibus
1183 5663 1359 5717 visum
1420 5661 1508 5716 sit.
1557 5661 1652 5715 Sin
1708 5672 1888 5717 autem
1934 5678 2036 5733 ego
2062 5679 2127 5718 ex

645 5771 657 5796 ‘
701 5768 744 5820 ιι
769 5772 894 5826 Cor.
927 5789 996 5838 ιν,
1031 5768 1117 5824 16.

2213 4851 2382 4918 ιλόγος
2407 4866 2422 4880 ·

2233 4575 2658 4641 ὑπαλλάξαντες.
2695 4574 2792 4636 Τίς
2822 4574 2930 4642 γὰρ
2960 4574 3191 4642 διαφορά
3215 4573 3400 4635 οὐσίας
3429 4573 3523 4625 καὶ
3550 4572 3796 4640 φύσεωςς

2229 4669 2312 4730 τίς
2339 4666 2394 4719 δὲ
2428 4663 2718 4735 προσώπου
2751 4663 3019 4733 προέστην
3051 4664 3108 4715 ὲν
3136 4662 3445 4732 χαρακτῆρι
3475 4661 3796 4722 ὑπόστασιν;

2230 4758 2395 4812 ’Ὀθεν
2431 4759 2458 4809 ὁ
2488 4756 2649 4818 αὐτὸς
2679 4756 2810 4824 ἡμῖν
2857 4754 2952 4806 καὶ
2994 4756 3088 4805 ἐπὶ
3130 4753 3221 4804 τοῦ
3271 4752 3533 4822 παρόντος
3577 4751 3799 4818 ἀρκέσει

2458 4848 2665 4917 εἴποιμι
2697 4846 2804 4916 γάρ
2837 4848 2902 4900 ἂν
2932 4845 3067 4916 πρὸς
3097 4844 3292 4900 αὐτούς
3315 4860 3331 4875 ⁸
3369 4843 3476 4896 Καὶ
3504 4843 3551 4894 εἰ
3585 4843 3684 4912 μὲν
3712 4842 3799 4894 τὸν

2233 4940 2297 4990 ἑκ
2348 4938 2523 5007 ψυχῆς
2578 4938 2670 4990 καὶ
2719 4935 2972 5006 σώματος
3021 4937 3078 4988 ἑν
3130 4933 3412 5005 ἱδιώμασιν
3461 4949 3801 5003 χαρακτηρι-

2232 5032 2434 5091 στικοῖς
2462 5028 2834 5100 θεωρούμενον
2863 5027 3152 5098 ἄνθρωπον
3170 5068 3185 5092 ,
3242 5026 3442 5089 πολλάς
3475 5024 3799 5084 ὑποστάσεις

2227 5122 2324 5176 καὶ
2373 5121 2600 5184 πολλοὺς
2650 5121 2968 5192 ἀνθρώπους
3007 5121 3216 5174 δοκεῖτε
3249 5121 3465 5182 ποιεῖν;
3505 5117 3565 5170 οὐ
3597 5117 3704 5187 γάρ
3734 5116 3796 5183 δὴ

2230 5213 2478 5266 τοσοῦτον
2509 5211 2703 5281 ἠλίθιοι
2737 5211 3037 5280 πεφύκατε,
3073 5212 3213 5264 ὥστε
3244 5212 3454 5277 ἀγνοεῖν
3484 5209 3676 5277 ἑτέραν
3705 5206 3798 5276 μὲν

2237 5299 2374 5357 εἶναι
2407 5303 2526 5356 κατ’
2549 5303 2736 5355 οὐσίαν
2767 5306 2865 5372 τὴν
2891 5301 3066 5374 ψυχὴν
3098 5301 3231 5371 πρὸς
3256 5300 3313 5351 τὸ
3342 5300 3520 5367 σῶμα,
3537 5299 3722 5366 ἕτερον
3744 5295 3797 5347 δὲ

2234 5395 2296 5447 τὸ
2340 5394 2499 5463 σῶμα
2551 5394 2642 5446 τὸν
2687 5393 2819 5464 περὶ
2847 5394 2949 5462 τῆς
2975 5392 3162 5454 οὐσίας
3191 5391 3349 5458 λόγον
3376 5391 3591 5458 ἐπέχειν
3614 5403 3630 5418 ο
3671 5388 3717 5438 εί
3743 5385 3798 5436 δὲ

2238 5485 2438 5556 ἑκάστη
2466 5485 2621 5538 οὐσία
2647 5486 2768 5538 καθ’
2793 5485 2938 5553 ὑμᾶς
2964 5484 3135 5554 ίδικὴν
3156 5485 3453 5536 ὑπόστασιν
3475 5494 3800 5552 χαρακτηρι·

2239 5577 2429 5646 στικὴν
2481 5577 2836 5646 ἀναδέχεται,
2893 5575 3025 5628 κενά
3072 5593 3159 5644 μοι
3193 5575 3259 5627 τά
3285 5578 3381 5644 τῆς
3411 5573 3673 5633 ἑνώσεως,
3710 5569 3800 5620 καὶ
3843 5575 3854 5592 ‘

2237 5669 2265 5719 ὁ
2311 5663 2391 5731 εἷς
2439 5669 2631 5736 γέγονε
2675 5669 2792 5734 δύο,
2845 5669 2932 5722 ἵνα
2966 5669 3094 5738 ὑμῖν
3125 5668 3252 5737 δόξῃ
3287 5669 3378 5719 καὶ
3414 5669 3526 5727 τοῖς
3555 5661 3795 5734 ματαίοις
