  <div class='ocr_page' id='page_1' title='image "/cluster/home/n/w/nwhite01/storage/ocr_20150623/86 pt.2/mdp.39015008855424/604.png"; bbox 0 0 4114 6296; ppageno 0'>
   <div class='ocr_carea' id='block_1_1' title="bbox 290 326 432 390">
    <p class='ocr_par' dir='ltr' id='par_1_1' title="bbox 290 326 432 390">
     <span class='ocr_line' id='line_1_1' title="bbox 290 326 432 390; baseline -0.007 -2"><span class='ocrx_word' id='word_1_1' title='bbox 290 326 432 390; x_wconf 83' lang='lat'><strong>2953</strong></span> 
     </span>
    </p>
   </div>
   <div class='ocr_carea' id='block_1_2' title="bbox 1456 311 2414 381">
    <p class='ocr_par' dir='ltr' id='par_1_2' title="bbox 1456 311 2414 381">
     <span class='ocr_line' id='line_1_2' title="bbox 1456 311 2414 381; baseline -0.008 0"><span class='ocrx_word' id='word_1_2' title='bbox 1456 318 1649 381; x_wconf 69' lang='lat' dir='ltr'>FBAG</span> <span class='ocrx_word' id='word_1_3' title='bbox 1661 316 1919 379; x_wconf 85' lang='lat' dir='ltr'><strong>MENTA</strong></span> <span class='ocrx_word' id='word_1_4' title='bbox 1959 311 2414 379; x_wconf 75' lang='lat' dir='ltr'><strong>DOGMATICA.</strong></span> 
     </span>
    </p>
   </div>
   <div class='ocr_carea' id='block_1_3' title="bbox 3403 298 3546 367">
    <p class='ocr_par' dir='ltr' id='par_1_3' title="bbox 3403 298 3546 367">
     <span class='ocr_line' id='line_1_3' title="bbox 3403 298 3546 367; baseline -0.007 0"><span class='ocrx_word' id='word_1_5' title='bbox 3403 298 3546 367; x_wconf 65' lang='lat'><strong>2954</strong></span> 
     </span>
    </p>
   </div>
   <div class='ocr_carea' id='block_1_4' title="bbox 292 422 1892 510">
    <p class='ocr_par' dir='ltr' id='par_1_4' title="bbox 292 432 1872 510">
     <span class='ocr_line' id='line_1_4' title="bbox 292 432 1872 510; baseline -0.006 -14"><span class='ocrx_word' id='word_1_6' title='bbox 292 439 653 510; x_wconf 82' lang='grc' dir='ltr'>σκινδάλμοις.</span> <span class='ocrx_word' id='word_1_7' title='bbox 716 438 780 492; x_wconf 83' lang='grc' dir='ltr'><strong>Εἰ</strong></span> <span class='ocrx_word' id='word_1_8' title='bbox 830 434 885 493; x_wconf 78' lang='grc' dir='ltr'><strong>δὲ</strong></span> <span class='ocrx_word' id='word_1_9' title='bbox 939 436 1050 506; x_wconf 75' lang='grc' dir='ltr'><strong>ἐγὼ</strong></span> <span class='ocrx_word' id='word_1_10' title='bbox 1104 437 1168 490; x_wconf 78' lang='grc' dir='ltr'>ἐκ</span> <span class='ocrx_word' id='word_1_11' title='bbox 1206 435 1474 506; x_wconf 75' lang='grc' dir='ltr'>διαφόρων</span> <span class='ocrx_word' id='word_1_12' title='bbox 1524 434 1725 490; x_wconf 85' lang='grc' dir='ltr'>οὐσιῶν</span> <span class='ocrx_word' id='word_1_13' title='bbox 1779 432 1872 488; x_wconf 82' lang='grc' dir='ltr'><strong>δύο</strong></span> 
     </span>
    </p>
   </div>
   <div class='ocr_carea' id='block_1_5' title="bbox 1997 422 3550 510">
    <p class='ocr_par' dir='ltr' id='par_1_5' title="bbox 1997 422 3550 496">
     <span class='ocr_line' id='line_1_5' title="bbox 1997 422 3550 496; baseline -0.003 -9"><span class='ocrx_word' id='word_1_14' title='bbox 1997 431 2360 492; x_wconf 73' lang='lat' dir='ltr'><strong>liﬁ‘erentibus</strong></span> <span class='ocrx_word' id='word_1_15' title='bbox 2388 422 2712 490; x_wconf 84' lang='lat' dir='ltr'><strong>substantiis</strong></span> <span class='ocrx_word' id='word_1_16' title='bbox 2733 432 2949 488; x_wconf 87' lang='lat' dir='ltr'><strong>duabus</strong></span> <span class='ocrx_word' id='word_1_17' title='bbox 2969 440 3247 496; x_wconf 88' lang='lat' dir='ltr'><strong>constans,</strong></span> <span class='ocrx_word' id='word_1_18' title='bbox 3284 445 3394 486; x_wconf 89' lang='lat' dir='ltr'><strong>non</strong></span> <span class='ocrx_word' id='word_1_19' title='bbox 3424 439 3550 487; x_wconf 84' lang='lat' dir='ltr'><strong>sum</strong></span> 
     </span>
    </p>
   </div>
   <div class='ocr_carea' id='block_1_6' title="bbox 293 525 1869 600">
    <p class='ocr_par' dir='ltr' id='par_1_6' title="bbox 293 525 1869 600">
     <span class='ocr_line' id='line_1_6' title="bbox 293 525 1869 600; baseline -0.004 -14"><span class='ocrx_word' id='word_1_20' title='bbox 293 530 672 600; x_wconf 75' lang='grc' dir='ltr'><strong>συγκείμενος,</strong></span> <span class='ocrx_word' id='word_1_21' title='bbox 697 529 796 582; x_wconf 89' lang='grc' dir='ltr'><strong>οὐκ</strong></span> <span class='ocrx_word' id='word_1_22' title='bbox 819 529 938 600; x_wconf 80' lang='grc' dir='ltr'><strong>εἰμὶ</strong></span> <span class='ocrx_word' id='word_1_23' title='bbox 972 528 1065 582; x_wconf 78' lang='grc' dir='ltr'><strong>δύο</strong></span> <span class='ocrx_word' id='word_1_24' title='bbox 1083 527 1377 599; x_wconf 77' lang='grc' dir='ltr'>ἄνθρωποι,</span> <span class='ocrx_word' id='word_1_25' title='bbox 1402 525 1540 581; x_wconf 77' lang='grc' dir='ltr'>ἀλλὰ</span> <span class='ocrx_word' id='word_1_26' title='bbox 1557 528 1650 581; x_wconf 78' lang='grc' dir='ltr'><strong>καὶ</strong></span> <span class='ocrx_word' id='word_1_27' title='bbox 1663 529 1762 592; x_wconf 85' lang='grc' dir='ltr'><strong>τὰς</strong></span> <span class='ocrx_word' id='word_1_28' title='bbox 1772 526 1869 580; x_wconf 72' lang='grc' dir='ltr'><strong>δύο</strong></span> 
     </span>
    </p>
   </div>
   <div class='ocr_carea' id='block_1_7' title="bbox 295 618 1871 694">
    <p class='ocr_par' dir='ltr' id='par_1_7' title="bbox 295 618 1871 694">
     <span class='ocr_line' id='line_1_7' title="bbox 295 618 1871 694; baseline -0.004 -18"><span class='ocrx_word' id='word_1_29' title='bbox 295 623 403 694; x_wconf 71' lang='grc' dir='ltr'><strong>ἔχω</strong></span> <span class='ocrx_word' id='word_1_30' title='bbox 427 621 617 684; x_wconf 82' lang='grc' dir='ltr'>οὐσίας</span> <span class='ocrx_word' id='word_1_31' title='bbox 646 619 747 689; x_wconf 80' lang='grc' dir='ltr'>τῆς</span> <span class='ocrx_word' id='word_1_32' title='bbox 770 618 952 691; x_wconf 81' lang='grc' dir='ltr'>ψυχῆς</span> <span class='ocrx_word' id='word_1_33' title='bbox 981 618 1196 673; x_wconf 60' lang='grc' dir='ltr'>καὶτοῦ</span> <span class='ocrx_word' id='word_1_34' title='bbox 1229 619 1498 689; x_wconf 80' lang='grc' dir='ltr'>σώματος,</span> <span class='ocrx_word' id='word_1_35' title='bbox 1532 618 1628 672; x_wconf 75' lang='grc' dir='ltr'><strong>καὶ</strong></span> <span class='ocrx_word' id='word_1_36' title='bbox 1658 620 1715 670; x_wconf 81' lang='grc' dir='ltr'>ὲν</span> <span class='ocrx_word' id='word_1_37' title='bbox 1739 618 1871 671; x_wconf 84' lang='grc' dir='ltr'>ὐπο-</span> 
     </span>
    </p>
   </div>
   <div class='ocr_carea' id='block_1_8' title="bbox 298 708 1869 782">
    <p class='ocr_par' dir='ltr' id='par_1_8' title="bbox 298 708 1869 782">
     <span class='ocr_line' id='line_1_8' title="bbox 298 708 1869 782; baseline -0.003 -15"><span class='ocrx_word' id='word_1_38' title='bbox 298 714 485 767; x_wconf 82' lang='grc' dir='ltr'>στάσει</span> <span class='ocrx_word' id='word_1_39' title='bbox 518 712 616 782; x_wconf 79' lang='grc' dir='ltr'><strong>μιᾷ</strong></span> <span class='ocrx_word' id='word_1_40' title='bbox 649 710 960 781; x_wconf 82' lang='grc' dir='ltr'>θεωροῦμαι</span> <span class='ocrx_word' id='word_1_41' title='bbox 985 751 1000 776; x_wconf 91' lang='grc'><strong>,</strong></span> <span class='ocrx_word' id='word_1_42' title='bbox 1032 709 1116 773; x_wconf 88' lang='grc' dir='ltr'><strong>τίς</strong></span> <span class='ocrx_word' id='word_1_43' title='bbox 1144 708 1358 780; x_wconf 81' lang='grc' dir='ltr'><strong>ἀνάγκη</strong></span> <span class='ocrx_word' id='word_1_44' title='bbox 1388 709 1484 763; x_wconf 72' lang='grc' dir='ltr'>καὶ</span> <span class='ocrx_word' id='word_1_45' title='bbox 1514 710 1607 763; x_wconf 70' lang='grc' dir='ltr'><strong>ἐπὶ</strong></span> <span class='ocrx_word' id='word_1_46' title='bbox 1633 709 1869 777; x_wconf 81' lang='grc' dir='ltr'><strong>Χριστοῦ</strong></span> 
     </span>
    </p>
   </div>
   <div class='ocr_carea' id='block_1_9' title="bbox 297 798 1871 874">
    <p class='ocr_par' dir='ltr' id='par_1_9' title="bbox 297 798 1871 874">
     <span class='ocr_line' id='line_1_9' title="bbox 297 798 1871 874; baseline -0.002 -15"><span class='ocrx_word' id='word_1_47' title='bbox 297 805 395 869; x_wconf 80' lang='grc' dir='ltr'>τὰς</span> <span class='ocrx_word' id='word_1_48' title='bbox 440 798 530 857; x_wconf 81' lang='grc' dir='ltr'><strong>δύο</strong></span> <span class='ocrx_word' id='word_1_49' title='bbox 574 803 763 866; x_wconf 79' lang='grc' dir='ltr'><strong>οὐσίας</strong></span> <span class='ocrx_word' id='word_1_50' title='bbox 801 801 1200 874; x_wconf 78' lang='grc' dir='ltr'>ὁμολογοῦντα,</span> <span class='ocrx_word' id='word_1_51' title='bbox 1250 801 1344 856; x_wconf 83' lang='grc' dir='ltr'><strong>δύο</strong></span> <span class='ocrx_word' id='word_1_52' title='bbox 1376 802 1541 872; x_wconf 75' lang='grc' dir='ltr'>φάναι</span> <span class='ocrx_word' id='word_1_53' title='bbox 1572 803 1667 856; x_wconf 74' lang='grc' dir='ltr'>καὶ</span> <span class='ocrx_word' id='word_1_54' title='bbox 1697 802 1871 867; x_wconf 77' lang='grc' dir='ltr'>ίδικὰς</span> 
     </span>
    </p>
   </div>
   <div class='ocr_carea' id='block_1_10' title="bbox 301 892 1871 964">
    <p class='ocr_par' dir='ltr' id='par_1_10' title="bbox 301 892 1871 964">
     <span class='ocr_line' id='line_1_10' title="bbox 301 892 1871 964; baseline -0.003 -14"><span class='ocrx_word' id='word_1_55' title='bbox 301 896 398 960; x_wconf 81' lang='grc' dir='ltr'><strong>τὰς</strong></span> <span class='ocrx_word' id='word_1_56' title='bbox 429 894 793 960; x_wconf 74' lang='grc' dir='ltr'>ὑποστάσειςς</span> <span class='ocrx_word' id='word_1_57' title='bbox 846 892 1022 946; x_wconf 83' lang='grc' dir='ltr'>Αὐτοῦ</span> <span class='ocrx_word' id='word_1_58' title='bbox 1060 893 1158 963; x_wconf 85' lang='grc' dir='ltr'><strong>μὲν</strong></span> <span class='ocrx_word' id='word_1_59' title='bbox 1187 892 1298 963; x_wconf 83' lang='grc' dir='ltr'><strong>γὰρ</strong></span> <span class='ocrx_word' id='word_1_60' title='bbox 1326 896 1393 964; x_wconf 82' lang='grc' dir='ltr'><strong>τῇ</strong></span> <span class='ocrx_word' id='word_1_61' title='bbox 1424 893 1586 961; x_wconf 82' lang='grc' dir='ltr'>φύσει</span> <span class='ocrx_word' id='word_1_62' title='bbox 1628 892 1696 946; x_wconf 81' lang='grc' dir='ltr'><strong>τὰ</strong></span> <span class='ocrx_word' id='word_1_63' title='bbox 1730 892 1871 959; x_wconf 85' lang='grc' dir='ltr'>θεῖα,</span> 
     </span>
    </p>
   </div>
   <div class='ocr_carea' id='block_1_11' title="bbox 303 981 1870 1054">
    <p class='ocr_par' dir='ltr' id='par_1_11' title="bbox 303 981 1870 1054">
     <span class='ocr_line' id='line_1_11' title="bbox 303 981 1870 1054; baseline -0.002 -14"><span class='ocrx_word' id='word_1_64' title='bbox 303 984 468 1040; x_wconf 79' lang='grc' dir='ltr'>αὐτοῦ</span> <span class='ocrx_word' id='word_1_65' title='bbox 499 985 556 1039; x_wconf 78' lang='grc' dir='ltr'><strong>δὲ</strong></span> <span class='ocrx_word' id='word_1_66' title='bbox 584 984 674 1039; x_wconf 80' lang='grc' dir='ltr'><strong>διὰ</strong></span> <span class='ocrx_word' id='word_1_67' title='bbox 696 985 796 1054; x_wconf 81' lang='grc' dir='ltr'>τὴν</span> <span class='ocrx_word' id='word_1_68' title='bbox 824 983 1190 1038; x_wconf 77' lang='grc' dir='ltr'>ὲνυπόστατον</span> <span class='ocrx_word' id='word_1_69' title='bbox 1216 981 1415 1036; x_wconf 74' lang='grc' dir='ltr'>ἕνωσιν</span> <span class='ocrx_word' id='word_1_70' title='bbox 1438 983 1508 1036; x_wconf 73' lang='grc' dir='ltr'><strong>τὰ</strong></span> <span class='ocrx_word' id='word_1_71' title='bbox 1531 982 1870 1052; x_wconf 55' lang='grc' dir='ltr'>ἀνθρώπων</span> 
     </span>
    </p>
   </div>
   <div class='ocr_carea' id='block_1_12' title="bbox 302 1071 1877 1145">
    <p class='ocr_par' dir='ltr' id='par_1_12' title="bbox 302 1071 1877 1145">
     <span class='ocr_line' id='line_1_12' title="bbox 302 1071 1877 1145; baseline -0.003 -15"><span class='ocrx_word' id='word_1_72' title='bbox 302 1076 363 1131; x_wconf 83' lang='grc' dir='ltr'><strong>οὐ</strong></span> <span class='ocrx_word' id='word_1_73' title='bbox 396 1076 506 1145; x_wconf 86' lang='grc' dir='ltr'>γὰρ</span> <span class='ocrx_word' id='word_1_74' title='bbox 551 1076 610 1127; x_wconf 79' lang='grc' dir='ltr'>ὲν</span> <span class='ocrx_word' id='word_1_75' title='bbox 641 1074 815 1145; x_wconf 72' lang='grc' dir='ltr'>ἑτέρῳ</span> <span class='ocrx_word' id='word_1_76' title='bbox 838 1115 854 1139; x_wconf 97' lang='grc'><strong>,</strong></span> <span class='ocrx_word' id='word_1_77' title='bbox 910 1074 1027 1129; x_wconf 76' lang='grc' dir='ltr'>ἀλλ’</span> <span class='ocrx_word' id='word_1_78' title='bbox 1061 1075 1119 1127; x_wconf 66' lang='grc' dir='ltr'>ἐν</span> <span class='ocrx_word' id='word_1_79' title='bbox 1149 1071 1300 1143; x_wconf 84' lang='grc' dir='ltr'><strong>αὐτῷ</strong></span> <span class='ocrx_word' id='word_1_80' title='bbox 1331 1075 1365 1143; x_wconf 77' lang='grc' dir='ltr'><strong>ἡ</strong></span> <span class='ocrx_word' id='word_1_81' title='bbox 1403 1072 1546 1144; x_wconf 77' lang='grc' dir='ltr'>ἱδικὴ</span> <span class='ocrx_word' id='word_1_82' title='bbox 1576 1071 1740 1127; x_wconf 79' lang='grc' dir='ltr'>αὑτοῦ</span> <span class='ocrx_word' id='word_1_83' title='bbox 1773 1072 1877 1125; x_wconf 82' lang='grc' dir='ltr'>ὑπ-</span> 
     </span>
    </p>
   </div>
   <div class='ocr_carea' id='block_1_13' title="bbox 303 1161 1878 1236">
    <p class='ocr_par' dir='ltr' id='par_1_13' title="bbox 303 1161 1878 1236">
     <span class='ocr_line' id='line_1_13' title="bbox 303 1161 1878 1236; baseline -0.003 -16"><span class='ocrx_word' id='word_1_84' title='bbox 303 1167 435 1236; x_wconf 81' lang='grc' dir='ltr'>έστη</span> <span class='ocrx_word' id='word_1_85' title='bbox 488 1164 662 1234; x_wconf 80' lang='grc' dir='ltr'>σὰρξ,</span> <span class='ocrx_word' id='word_1_86' title='bbox 716 1164 793 1228; x_wconf 89' lang='grc' dir='ltr'>ὠς</span> <span class='ocrx_word' id='word_1_87' title='bbox 838 1164 1202 1236; x_wconf 72' lang='grc' dir='ltr'>προείρηταιο</span> <span class='ocrx_word' id='word_1_88' title='bbox 1245 1163 1307 1217; x_wconf 83' lang='grc' dir='ltr'>τὸ</span> <span class='ocrx_word' id='word_1_89' title='bbox 1337 1163 1515 1217; x_wconf 77' lang='grc' dir='ltr'>κοινὸν</span> <span class='ocrx_word' id='word_1_90' title='bbox 1543 1162 1652 1233; x_wconf 84' lang='grc' dir='ltr'><strong>γὰρ</strong></span> <span class='ocrx_word' id='word_1_91' title='bbox 1677 1161 1878 1233; x_wconf 78' lang='grc' dir='ltr'>ἔχουσα</span> 
     </span>
    </p>
   </div>
   <div class='ocr_carea' id='block_1_14' title="bbox 302 1250 1877 1327">
    <p class='ocr_par' dir='ltr' id='par_1_14' title="bbox 302 1250 1877 1327">
     <span class='ocr_line' id='line_1_14' title="bbox 302 1250 1877 1327; baseline -0.003 -15"><span class='ocrx_word' id='word_1_92' title='bbox 302 1257 405 1327; x_wconf 87' lang='grc' dir='ltr'>τῆς</span> <span class='ocrx_word' id='word_1_93' title='bbox 452 1254 803 1326; x_wconf 81' lang='grc' dir='ltr'><strong>ἀνθρωπίνης</strong></span> <span class='ocrx_word' id='word_1_94' title='bbox 845 1254 1036 1317; x_wconf 78' lang='grc' dir='ltr'><strong>οὐσίας</strong></span> <span class='ocrx_word' id='word_1_95' title='bbox 1071 1253 1232 1308; x_wconf 76' lang='grc' dir='ltr'>τοῦτο</span> <span class='ocrx_word' id='word_1_96' title='bbox 1253 1290 1270 1320; x_wconf 85' lang='grc'><strong>,</strong></span> <span class='ocrx_word' id='word_1_97' title='bbox 1320 1254 1380 1307; x_wconf 74' lang='grc' dir='ltr'>τὸ</span> <span class='ocrx_word' id='word_1_98' title='bbox 1411 1250 1549 1307; x_wconf 76' lang='grc' dir='ltr'>εἶναι</span> <span class='ocrx_word' id='word_1_99' title='bbox 1582 1251 1719 1325; x_wconf 77' lang='grc' dir='ltr'>σάρξ</span> <span class='ocrx_word' id='word_1_100' title='bbox 1742 1253 1877 1323; x_wconf 71' lang='grc' dir='ltr'>ἐψυ-</span> 
     </span>
    </p>
   </div>
   <div class='ocr_carea' id='block_1_15' title="bbox 305 1344 1879 1420">
    <p class='ocr_par' dir='ltr' id='par_1_15' title="bbox 305 1344 1879 1420">
     <span class='ocr_line' id='line_1_15' title="bbox 305 1344 1879 1420; baseline -0.003 -18"><span class='ocrx_word' id='word_1_101' title='bbox 305 1348 525 1420; x_wconf 78' lang='grc' dir='ltr'>χωμένη</span> <span class='ocrx_word' id='word_1_102' title='bbox 558 1345 706 1417; x_wconf 81' lang='grc' dir='ltr'>ψυχῇ</span> <span class='ocrx_word' id='word_1_103' title='bbox 734 1346 961 1416; x_wconf 88' lang='grc' dir='ltr'>λογικῇ,</span> <span class='ocrx_word' id='word_1_104' title='bbox 1001 1346 1060 1398; x_wconf 86' lang='grc' dir='ltr'>ὲν</span> <span class='ocrx_word' id='word_1_105' title='bbox 1095 1345 1240 1416; x_wconf 82' lang='grc' dir='ltr'>μόνῳ</span> <span class='ocrx_word' id='word_1_106' title='bbox 1272 1344 1351 1415; x_wconf 82' lang='grc' dir='ltr'><strong>τῷ</strong></span> <span class='ocrx_word' id='word_1_107' title='bbox 1383 1344 1504 1416; x_wconf 81' lang='grc' dir='ltr'>Θεῷ</span> <span class='ocrx_word' id='word_1_108' title='bbox 1531 1345 1690 1414; x_wconf 85' lang='grc' dir='ltr'><strong>Λόγῳ</strong></span> <span class='ocrx_word' id='word_1_109' title='bbox 1721 1344 1879 1414; x_wconf 78' lang='grc' dir='ltr'>ἔσχεν</span> 
     </span>
    </p>
   </div>
   <div class='ocr_carea' id='block_1_16' title="bbox 304 1426 1882 1507">
    <p class='ocr_par' dir='ltr' id='par_1_16' title="bbox 304 1426 1882 1507">
     <span class='ocr_line' id='line_1_16' title="bbox 304 1426 1882 1507; baseline -0.001 -16"><span class='ocrx_word' id='word_1_110' title='bbox 304 1440 373 1494; x_wconf 80' lang='grc' dir='ltr'>τὰ</span> <span class='ocrx_word' id='word_1_111' title='bbox 427 1439 572 1493; x_wconf 83' lang='grc' dir='ltr'>ίδικὰ</span> <span class='ocrx_word' id='word_1_112' title='bbox 598 1477 614 1504; x_wconf 91' lang='grc'><strong>,</strong></span> <span class='ocrx_word' id='word_1_113' title='bbox 665 1438 824 1492; x_wconf 76' lang='grc' dir='ltr'>τοῦτό</span> <span class='ocrx_word' id='word_1_114' title='bbox 873 1439 992 1492; x_wconf 75' lang='grc' dir='ltr'>ἐστι</span> <span class='ocrx_word' id='word_1_115' title='bbox 1024 1437 1085 1492; x_wconf 78' lang='grc' dir='ltr'>τὸ</span> <span class='ocrx_word' id='word_1_116' title='bbox 1113 1426 1255 1492; x_wconf 82' lang='grc' dir='ltr'>εἷναι</span> <span class='ocrx_word' id='word_1_117' title='bbox 1283 1435 1377 1494; x_wconf 83' lang='grc' dir='ltr'>τοῦ</span> <span class='ocrx_word' id='word_1_118' title='bbox 1408 1437 1542 1491; x_wconf 79' lang='grc' dir='ltr'>Θεοῦ</span> <span class='ocrx_word' id='word_1_119' title='bbox 1574 1437 1746 1507; x_wconf 84' lang='grc' dir='ltr'><strong>Λόγου</strong></span> <span class='ocrx_word' id='word_1_120' title='bbox 1783 1436 1882 1490; x_wconf 76' lang='grc' dir='ltr'>καὶ</span> 
     </span>
    </p>
   </div>
   <div class='ocr_carea' id='block_1_17' title="bbox 304 1524 1883 1602">
    <p class='ocr_par' dir='ltr' id='par_1_17' title="bbox 304 1524 1883 1602">
     <span class='ocr_line' id='line_1_17' title="bbox 304 1524 1883 1602; baseline -0.004 -17"><span class='ocrx_word' id='word_1_121' title='bbox 304 1533 404 1601; x_wconf 84' lang='grc' dir='ltr'><strong>οὐχ</strong></span> <span class='ocrx_word' id='word_1_122' title='bbox 431 1529 622 1601; x_wconf 72' lang='grc' dir='ltr'>ἑτέρου</span> <span class='ocrx_word' id='word_1_123' title='bbox 654 1528 811 1602; x_wconf 77' lang='grc' dir='ltr'>σάρξ.</span> <span class='ocrx_word' id='word_1_124' title='bbox 846 1529 975 1593; x_wconf 87' lang='grc' dir='ltr'>Πῶς</span> <span class='ocrx_word' id='word_1_125' title='bbox 1001 1524 1095 1583; x_wconf 84' lang='grc' dir='ltr'>οὖν</span> <span class='ocrx_word' id='word_1_126' title='bbox 1124 1528 1291 1600; x_wconf 81' lang='grc' dir='ltr'>ἑτέρα</span> <span class='ocrx_word' id='word_1_127' title='bbox 1343 1528 1663 1595; x_wconf 81' lang='grc' dir='ltr'><strong>ὑπόστασις,</strong></span> <span class='ocrx_word' id='word_1_128' title='bbox 1689 1529 1724 1600; x_wconf 79' lang='grc' dir='ltr'>ἠ</span> <span class='ocrx_word' id='word_1_129' title='bbox 1750 1527 1883 1599; x_wconf 65' lang='grc' dir='ltr'><strong>μηδι</strong></span> 
     </span>
    </p>
   </div>
   <div class='ocr_carea' id='block_1_18' title="bbox 305 1622 1144 1694">
    <p class='ocr_par' dir='ltr' id='par_1_18' title="bbox 305 1622 1144 1694">
     <span class='ocr_line' id='line_1_18' title="bbox 305 1622 1144 1694; baseline -0.005 -16"><span class='ocrx_word' id='word_1_130' title='bbox 305 1624 443 1688; x_wconf 83' lang='grc' dir='ltr'>όλως</span> <span class='ocrx_word' id='word_1_131' title='bbox 463 1623 584 1678; x_wconf 84' lang='grc' dir='ltr'>καθ’</span> <span class='ocrx_word' id='word_1_132' title='bbox 604 1622 802 1694; x_wconf 76' lang='grc' dir='ltr'>ἑαυτὴν</span> <span class='ocrx_word' id='word_1_133' title='bbox 830 1622 1144 1688; x_wconf 59' lang='lat' dir='ltr'><strong>(massica;</strong></span> 
     </span>
    </p>
   </div>
   <div class='ocr_carea' id='block_1_19' title="bbox 381 1708 1885 1784">
    <p class='ocr_par' dir='ltr' id='par_1_19' title="bbox 381 1708 1885 1784">
     <span class='ocr_line' id='line_1_19' title="bbox 381 1708 1885 1784; baseline -0.004 -16"><span class='ocrx_word' id='word_1_134' title='bbox 381 1713 589 1777; x_wconf 80' lang='grc' dir='ltr'>Ἀλλως</span> <span class='ocrx_word' id='word_1_135' title='bbox 612 1731 673 1766; x_wconf 89' lang='grc' dir='ltr'><strong>τε</strong></span> <span class='ocrx_word' id='word_1_136' title='bbox 704 1712 839 1784; x_wconf 71' lang='grc' dir='ltr'>μηδὲ</span> <span class='ocrx_word' id='word_1_137' title='bbox 862 1711 1019 1766; x_wconf 77' lang='grc' dir='ltr'>τοῦτο</span> <span class='ocrx_word' id='word_1_138' title='bbox 1039 1711 1425 1780; x_wconf 82' lang='grc' dir='ltr'>ἁγνοείτωσαν,</span> <span class='ocrx_word' id='word_1_139' title='bbox 1450 1712 1534 1766; x_wconf 81' lang='grc' dir='ltr'>ὅτι</span> <span class='ocrx_word' id='word_1_140' title='bbox 1557 1711 1676 1764; x_wconf 75' lang='grc' dir='ltr'>ἀντὶ</span> <span class='ocrx_word' id='word_1_141' title='bbox 1697 1708 1885 1773; x_wconf 83' lang='grc' dir='ltr'>οὐσίας</span> 
     </span>
    </p>
   </div>
   <div class='ocr_carea' id='block_1_20' title="bbox 1979 523 3552 592">
    <p class='ocr_par' dir='ltr' id='par_1_20' title="bbox 1979 523 3552 592">
     <span class='ocr_line' id='line_1_20' title="bbox 1979 523 3552 592; baseline -0.004 -8"><span class='ocrx_word' id='word_1_142' title='bbox 1979 528 2090 584; x_wconf 91' lang='lat' dir='ltr'><strong>duo</strong></span> <span class='ocrx_word' id='word_1_143' title='bbox 2122 529 2397 592; x_wconf 83' lang='lat' dir='ltr'><strong>homines,</strong></span> <span class='ocrx_word' id='word_1_144' title='bbox 2424 525 2518 580; x_wconf 89' lang='lat' dir='ltr'><strong>sed</strong></span> <span class='ocrx_word' id='word_1_145' title='bbox 2568 524 2706 579; x_wconf 88' lang='lat' dir='ltr'><strong>duas</strong></span> <span class='ocrx_word' id='word_1_146' title='bbox 2752 524 2929 579; x_wconf 83' lang='lat' dir='ltr'><strong>habeo</strong></span> <span class='ocrx_word' id='word_1_147' title='bbox 2963 523 3321 587; x_wconf 85' lang='lat' dir='ltr'><strong>substantias,</strong></span> <span class='ocrx_word' id='word_1_148' title='bbox 3352 524 3552 578; x_wconf 65' lang='lat' dir='ltr'><strong>animat</strong></span> 
     </span>
    </p>
   </div>
   <div class='ocr_carea' id='block_1_21' title="bbox 1977 615 3563 690">
    <p class='ocr_par' dir='ltr' id='par_1_21' title="bbox 1977 615 3563 690">
     <span class='ocr_line' id='line_1_21' title="bbox 1977 615 3563 690; baseline -0.005 -14"><span class='ocrx_word' id='word_1_149' title='bbox 1977 630 2035 677; x_wconf 92' lang='lat' dir='ltr'><strong>et</strong></span> <span class='ocrx_word' id='word_1_150' title='bbox 2060 620 2332 690; x_wconf 82' lang='lat' dir='ltr'><strong>corporis,</strong></span> <span class='ocrx_word' id='word_1_151' title='bbox 2375 627 2431 673; x_wconf 91' lang='lat' dir='ltr'><strong>et</strong></span> <span class='ocrx_word' id='word_1_152' title='bbox 2456 617 2512 672; x_wconf 90' lang='lat' dir='ltr'><strong>in</strong></span> <span class='ocrx_word' id='word_1_153' title='bbox 2537 633 2645 671; x_wconf 88' lang='lat' dir='ltr'><strong>una</strong></span> <span class='ocrx_word' id='word_1_154' title='bbox 2669 615 3024 671; x_wconf 74' lang='lat' dir='ltr'><strong>subsistentia</strong></span> <span class='ocrx_word' id='word_1_155' title='bbox 3049 615 3396 680; x_wconf 86' lang='lat' dir='ltr'><strong>consideror,</strong></span> <span class='ocrx_word' id='word_1_156' title='bbox 3430 627 3563 684; x_wconf 63' lang='lat' dir='ltr'><strong>quae</strong></span> 
     </span>
    </p>
   </div>
   <div class='ocr_carea' id='block_1_22' title="bbox 1977 704 3557 777">
    <p class='ocr_par' dir='ltr' id='par_1_22' title="bbox 1977 704 3557 777">
     <span class='ocr_line' id='line_1_22' title="bbox 1977 704 3557 777; baseline -0.006 -10"><span class='ocrx_word' id='word_1_157' title='bbox 1977 711 2280 767; x_wconf 76' lang='lat' dir='ltr'><strong>necessitas</strong></span> <span class='ocrx_word' id='word_1_158' title='bbox 2331 719 2415 765; x_wconf 85' lang='lat' dir='ltr'><strong>est</strong></span> <span class='ocrx_word' id='word_1_159' title='bbox 2453 709 2591 763; x_wconf 89' lang='lat' dir='ltr'><strong>duas</strong></span> <span class='ocrx_word' id='word_1_160' title='bbox 2633 709 2688 763; x_wconf 91' lang='lat' dir='ltr'><strong>in</strong></span> <span class='ocrx_word' id='word_1_161' title='bbox 2729 707 2952 763; x_wconf 81' lang='lat' dir='ltr'><strong>Christo</strong></span> <span class='ocrx_word' id='word_1_162' title='bbox 2994 706 3335 764; x_wconf 85' lang='lat' dir='ltr'><strong>substantias</strong></span> <span class='ocrx_word' id='word_1_163' title='bbox 3390 704 3557 777; x_wconf 64' lang='lat' dir='ltr'><strong>proli.</strong></span> 
     </span>
    </p>
   </div>
   <div class='ocr_carea' id='block_1_23' title="bbox 1982 798 3558 870">
    <p class='ocr_par' dir='ltr' id='par_1_23' title="bbox 1982 798 3558 870">
     <span class='ocr_line' id='line_1_23' title="bbox 1982 798 3558 870; baseline -0.002 -14"><span class='ocrx_word' id='word_1_164' title='bbox 1982 808 2217 865; x_wconf 84' lang='lat' dir='ltr'><strong>tentem,</strong></span> <span class='ocrx_word' id='word_1_165' title='bbox 2242 800 2381 855; x_wconf 87' lang='lat' dir='ltr'><strong>duas</strong></span> <span class='ocrx_word' id='word_1_166' title='bbox 2401 814 2621 870; x_wconf 86' lang='lat' dir='ltr'><strong>quoque</strong></span> <span class='ocrx_word' id='word_1_167' title='bbox 2648 799 2835 854; x_wconf 84' lang='lat' dir='ltr'><strong>dicere</strong></span> <span class='ocrx_word' id='word_1_168' title='bbox 2878 807 2934 854; x_wconf 91' lang='lat' dir='ltr'><strong>et</strong></span> <span class='ocrx_word' id='word_1_169' title='bbox 2967 798 3330 869; x_wconf 87' lang='lat' dir='ltr'><strong>particulares</strong></span> <span class='ocrx_word' id='word_1_170' title='bbox 3383 798 3558 854; x_wconf 63' lang='lat' dir='ltr'><strong>subslv</strong></span> 
     </span>
    </p>
   </div>
   <div class='ocr_carea' id='block_1_24' title="bbox 1982 890 3561 961">
    <p class='ocr_par' dir='ltr' id='par_1_24' title="bbox 1982 890 3561 961">
     <span class='ocr_line' id='line_1_24' title="bbox 1982 890 3561 961; baseline -0.004 -11"><span class='ocrx_word' id='word_1_171' title='bbox 1982 894 2255 950; x_wconf 85' lang='lat' dir='ltr'><strong>stentias?</strong></span> <span class='ocrx_word' id='word_1_172' title='bbox 2274 892 2346 947; x_wconf 87' lang='lat' dir='ltr'><strong>ad</strong></span> <span class='ocrx_word' id='word_1_173' title='bbox 2379 893 2537 947; x_wconf 91' lang='lat' dir='ltr'><strong>illum</strong></span> <span class='ocrx_word' id='word_1_174' title='bbox 2562 893 2709 946; x_wconf 90' lang='lat' dir='ltr'><strong>enim</strong></span> <span class='ocrx_word' id='word_1_175' title='bbox 2728 892 3012 961; x_wconf 84' lang='lat' dir='ltr'><strong>pertinent</strong></span> <span class='ocrx_word' id='word_1_176' title='bbox 3036 900 3233 945; x_wconf 89' lang='lat' dir='ltr'><strong>natura</strong></span> <span class='ocrx_word' id='word_1_177' title='bbox 3260 890 3468 955; x_wconf 82' lang='lat' dir='ltr'><strong>divina,</strong></span> <span class='ocrx_word' id='word_1_178' title='bbox 3502 895 3561 944; x_wconf 90' lang='lat' dir='ltr'><strong>et</strong></span> 
     </span>
    </p>
   </div>
   <div class='ocr_carea' id='block_1_25' title="bbox 1982 981 3561 1054">
    <p class='ocr_par' dir='ltr' id='par_1_25' title="bbox 1982 981 3561 1054">
     <span class='ocr_line' id='line_1_25' title="bbox 1982 981 3561 1054; baseline -0.003 -15"><span class='ocrx_word' id='word_1_179' title='bbox 1982 984 2051 1039; x_wconf 90' lang='lat' dir='ltr'><strong>ad</strong></span> <span class='ocrx_word' id='word_1_180' title='bbox 2079 984 2234 1040; x_wconf 89' lang='lat' dir='ltr'><strong>illum</strong></span> <span class='ocrx_word' id='word_1_181' title='bbox 2253 999 2352 1054; x_wconf 91' lang='lat' dir='ltr'><strong>per</strong></span> <span class='ocrx_word' id='word_1_182' title='bbox 2367 982 2838 1038; x_wconf 82' lang='lat' dir='ltr'><strong>subsistentialem</strong></span> <span class='ocrx_word' id='word_1_183' title='bbox 2863 981 3126 1036; x_wconf 87' lang='lat' dir='ltr'><strong>unionem</strong></span> <span class='ocrx_word' id='word_1_184' title='bbox 3143 981 3383 1037; x_wconf 86' lang='lat' dir='ltr'><strong>humana</strong></span> <span class='ocrx_word' id='word_1_185' title='bbox 3410 998 3424 1045; x_wconf 89' lang='lat'><strong>;</strong></span> <span class='ocrx_word' id='word_1_186' title='bbox 3446 995 3561 1037; x_wconf 89' lang='lat' dir='ltr'><strong>non</strong></span> 
     </span>
    </p>
   </div>
   <div class='ocr_carea' id='block_1_26' title="bbox 1984 1072 3558 1143">
    <p class='ocr_par' dir='ltr' id='par_1_26' title="bbox 1984 1072 3558 1143">
     <span class='ocr_line' id='line_1_26' title="bbox 1984 1072 3558 1143; baseline -0.002 -14"><span class='ocrx_word' id='word_1_187' title='bbox 1984 1075 2042 1129; x_wconf 89' lang='lat' dir='ltr'><strong>in</strong></span> <span class='ocrx_word' id='word_1_188' title='bbox 2062 1074 2414 1143; x_wconf 82' lang='lat' dir='ltr'><strong>alio-nempe,</strong></span> <span class='ocrx_word' id='word_1_189' title='bbox 2445 1072 2613 1127; x_wconf 88' lang='lat' dir='ltr'><strong>sedin</strong></span> <span class='ocrx_word' id='word_1_190' title='bbox 2641 1072 2733 1126; x_wconf 91' lang='lat' dir='ltr'><strong>illo</strong></span> <span class='ocrx_word' id='word_1_191' title='bbox 2762 1072 2985 1142; x_wconf 86' lang='lat' dir='ltr'><strong>propria</strong></span> <span class='ocrx_word' id='word_1_192' title='bbox 3014 1073 3135 1143; x_wconf 86' lang='lat' dir='ltr'><strong>ejus</strong></span> <span class='ocrx_word' id='word_1_193' title='bbox 3164 1072 3380 1128; x_wconf 80' lang='lat' dir='ltr'><strong>exsistit</strong></span> <span class='ocrx_word' id='word_1_194' title='bbox 3407 1087 3558 1136; x_wconf 82' lang='lat' dir='ltr'><strong>caro,</strong></span> 
     </span>
    </p>
   </div>
   <div class='ocr_carea' id='block_1_27' title="bbox 1984 1163 3563 1237">
    <p class='ocr_par' dir='ltr' id='par_1_27' title="bbox 1984 1163 3563 1237">
     <span class='ocr_line' id='line_1_27' title="bbox 1984 1163 3563 1237; baseline -0.004 -15"><span class='ocrx_word' id='word_1_195' title='bbox 1984 1176 2045 1222; x_wconf 91' lang='lat' dir='ltr'><strong>ut</strong></span> <span class='ocrx_word' id='word_1_196' title='bbox 2077 1182 2244 1237; x_wconf 87' lang='lat' dir='ltr'><strong>supra</strong></span> <span class='ocrx_word' id='word_1_197' title='bbox 2286 1165 2530 1231; x_wconf 89' lang='lat' dir='ltr'><strong>dicitur;</strong></span> <span class='ocrx_word' id='word_1_198' title='bbox 2575 1178 2925 1218; x_wconf 90' lang='lat' dir='ltr'><strong>communem</strong></span> <span class='ocrx_word' id='word_1_199' title='bbox 2974 1178 3103 1219; x_wconf 88' lang='lat' dir='ltr'><strong>caro</strong></span> <span class='ocrx_word' id='word_1_200' title='bbox 3170 1163 3314 1217; x_wconf 89' lang='lat' dir='ltr'><strong>hanc</strong></span> <span class='ocrx_word' id='word_1_201' title='bbox 3350 1163 3563 1216; x_wconf 79' lang='lat' dir='ltr'><strong>habens</strong></span> 
     </span>
    </p>
   </div>
   <div class='ocr_carea' id='block_1_28' title="bbox 1984 1254 3565 1327">
    <p class='ocr_par' dir='ltr' id='par_1_28' title="bbox 1984 1254 3565 1327">
     <span class='ocr_line' id='line_1_28' title="bbox 1984 1254 3565 1327; baseline -0.005 -12"><span class='ocrx_word' id='word_1_202' title='bbox 1984 1261 2240 1315; x_wconf 81' lang='lat' dir='ltr'><strong>humanae</strong></span> <span class='ocrx_word' id='word_1_203' title='bbox 2274 1256 2597 1312; x_wconf 76' lang='lat' dir='ltr'><strong>substantia:</strong></span> <span class='ocrx_word' id='word_1_204' title='bbox 2637 1256 3054 1327; x_wconf 86' lang='lat' dir='ltr'><strong>proprietatem,</strong></span> <span class='ocrx_word' id='word_1_205' title='bbox 3091 1254 3323 1308; x_wconf 88' lang='lat' dir='ltr'><strong>animari</strong></span> <span class='ocrx_word' id='word_1_206' title='bbox 3351 1254 3565 1309; x_wconf 83' lang='lat' dir='ltr'><strong>scilicet</strong></span> 
     </span>
    </p>
   </div>
   <div class='ocr_carea' id='block_1_29' title="bbox 1986 1347 3565 1416">
    <p class='ocr_par' dir='ltr' id='par_1_29' title="bbox 1986 1347 3565 1416">
     <span class='ocr_line' id='line_1_29' title="bbox 1986 1347 3565 1416; baseline -0.006 -9"><span class='ocrx_word' id='word_1_207' title='bbox 1986 1352 2055 1408; x_wconf 89' lang='lat' dir='ltr'><strong>ab</strong></span> <span class='ocrx_word' id='word_1_208' title='bbox 2085 1352 2270 1406; x_wconf 83' lang='lat' dir='ltr'><strong>animo</strong></span> <span class='ocrx_word' id='word_1_209' title='bbox 2294 1350 2572 1413; x_wconf 82' lang='lat' dir='ltr'><strong>rationali,</strong></span> <span class='ocrx_word' id='word_1_210' title='bbox 2614 1348 2671 1403; x_wconf 89' lang='lat' dir='ltr'><strong>in</strong></span> <span class='ocrx_word' id='word_1_211' title='bbox 2712 1349 2831 1403; x_wconf 89' lang='lat' dir='ltr'><strong>solo</strong></span> <span class='ocrx_word' id='word_1_212' title='bbox 2860 1349 2973 1403; x_wconf 90' lang='lat' dir='ltr'><strong>Deo</strong></span> <span class='ocrx_word' id='word_1_213' title='bbox 2996 1347 3179 1404; x_wconf 80' lang='lat' dir='ltr'><strong>Verbo</strong></span> <span class='ocrx_word' id='word_1_214' title='bbox 3211 1347 3408 1401; x_wconf 82' lang='lat' dir='ltr'><strong>habuit</strong></span> <span class='ocrx_word' id='word_1_215' title='bbox 3439 1361 3565 1416; x_wconf 50' lang='lat' dir='ltr'><strong>pars</strong></span> 
     </span>
    </p>
   </div>
   <div class='ocr_carea' id='block_1_30' title="bbox 1990 1440 3564 1509">
    <p class='ocr_par' dir='ltr' id='par_1_30' title="bbox 1990 1440 3564 1509">
     <span class='ocr_line' id='line_1_30' title="bbox 1990 1440 3564 1509; baseline -0.004 -9"><span class='ocrx_word' id='word_1_216' title='bbox 1990 1445 2299 1509; x_wconf 88' lang='lat' dir='ltr'><strong>ticuiarem,</strong></span> <span class='ocrx_word' id='word_1_217' title='bbox 2343 1458 2465 1498; x_wconf 89' lang='lat' dir='ltr'><strong>esse</strong></span> <span class='ocrx_word' id='word_1_218' title='bbox 2514 1443 2726 1498; x_wconf 86' lang='lat' dir='ltr'><strong>scilicet</strong></span> <span class='ocrx_word' id='word_1_219' title='bbox 2756 1441 2854 1498; x_wconf 90' lang='lat' dir='ltr'><strong>Dei</strong></span> <span class='ocrx_word' id='word_1_220' title='bbox 2881 1440 3050 1496; x_wconf 85' lang='lat' dir='ltr'><strong>Verbi</strong></span> <span class='ocrx_word' id='word_1_221' title='bbox 3107 1449 3164 1496; x_wconf 90' lang='lat' dir='ltr'><strong>et</strong></span> <span class='ocrx_word' id='word_1_222' title='bbox 3194 1455 3306 1495; x_wconf 89' lang='lat' dir='ltr'><strong>non</strong></span> <span class='ocrx_word' id='word_1_223' title='bbox 3333 1440 3564 1495; x_wconf 84' lang='lat' dir='ltr'><strong>alterius</strong></span> 
     </span>
    </p>
   </div>
   <div class='ocr_carea' id='block_1_31' title="bbox 1989 1531 3565 1606">
    <p class='ocr_par' dir='ltr' id='par_1_31' title="bbox 1989 1531 3565 1606">
     <span class='ocr_line' id='line_1_31' title="bbox 1989 1531 3565 1606; baseline -0.004 -13"><span class='ocrx_word' id='word_1_224' title='bbox 1989 1552 2232 1593; x_wconf 89' lang='lat' dir='ltr'><strong>carnem.</strong></span> <span class='ocrx_word' id='word_1_225' title='bbox 2281 1535 2569 1603; x_wconf 85' lang='lat' dir='ltr'><strong>Quomodo</strong></span> <span class='ocrx_word' id='word_1_226' title='bbox 2619 1551 2750 1606; x_wconf 84' lang='lat' dir='ltr'><strong>ergo</strong></span> <span class='ocrx_word' id='word_1_227' title='bbox 2785 1534 2890 1589; x_wconf 86' lang='lat' dir='ltr'><strong>alia</strong></span> <span class='ocrx_word' id='word_1_228' title='bbox 2931 1532 3309 1602; x_wconf 83' lang='lat' dir='ltr'><strong>subsistentia,</strong></span> <span class='ocrx_word' id='word_1_229' title='bbox 3337 1531 3565 1587; x_wconf 88' lang='lat' dir='ltr'><strong>minime</strong></span> 
     </span>
    </p>
   </div>
   <div class='ocr_carea' id='block_1_32' title="bbox 1985 1625 2772 1701">
    <p class='ocr_par' dir='ltr' id='par_1_32' title="bbox 1985 1625 2772 1701">
     <span class='ocr_line' id='line_1_32' title="bbox 1985 1625 2772 1701; baseline -0.006 -18"><span class='ocrx_word' id='word_1_230' title='bbox 1985 1630 2139 1701; x_wconf 82' lang='lat' dir='ltr'><strong>juxta</strong></span> <span class='ocrx_word' id='word_1_231' title='bbox 2161 1628 2398 1697; x_wconf 91' lang='lat' dir='ltr'><strong>seipsam</strong></span> <span class='ocrx_word' id='word_1_232' title='bbox 2428 1625 2772 1681; x_wconf 83' lang='lat' dir='ltr'><strong>subsistens?</strong></span> 
     </span>
    </p>
   </div>
   <div class='ocr_carea' id='block_1_33' title="bbox 2059 1714 3568 1789">
    <p class='ocr_par' dir='ltr' id='par_1_33' title="bbox 2059 1714 3568 1789">
     <span class='ocr_line' id='line_1_33' title="bbox 2059 1714 3568 1789; baseline -0.005 -14"><span class='ocrx_word' id='word_1_233' title='bbox 2059 1720 2236 1775; x_wconf 81' lang='lat' dir='ltr'><strong>Aliter</strong></span> <span class='ocrx_word' id='word_1_234' title='bbox 2260 1735 2329 1775; x_wconf 91' lang='lat' dir='ltr'><strong>ne</strong></span> <span class='ocrx_word' id='word_1_235' title='bbox 2352 1719 2470 1774; x_wconf 68' lang='lat' dir='ltr'><strong>haec</strong></span> <span class='ocrx_word' id='word_1_236' title='bbox 2494 1717 2771 1789; x_wconf 81' lang='lat' dir='ltr'><strong>ignorent,</strong></span> <span class='ocrx_word' id='word_1_237' title='bbox 2795 1730 2896 1787; x_wconf 88' lang='lat' dir='ltr'><strong>pro</strong></span> <span class='ocrx_word' id='word_1_238' title='bbox 2914 1716 3221 1772; x_wconf 88' lang='lat' dir='ltr'><strong>substantia</strong></span> <span class='ocrx_word' id='word_1_239' title='bbox 3259 1714 3568 1771; x_wconf 47' lang='lat' dir='ltr'><strong>subsistens</strong></span> 
     </span>
    </p>
   </div>
   <div class='ocr_carea' id='block_1_34' title="bbox 309 1793 1892 1878">
    <p class='ocr_par' dir='ltr' id='par_1_34' title="bbox 309 1800 1887 1878">
     <span class='ocr_line' id='line_1_34' title="bbox 309 1800 1887 1878; baseline -0.006 -15"><span class='ocrx_word' id='word_1_240' title='bbox 309 1810 342 1878; x_wconf 81' lang='grc' dir='ltr'>ἡ</span> <span class='ocrx_word' id='word_1_241' title='bbox 365 1808 659 1869; x_wconf 81' lang='grc' dir='ltr'>ὑπόστασις</span> <span class='ocrx_word' id='word_1_242' title='bbox 680 1809 791 1870; x_wconf 84' lang='grc' dir='ltr'>τοῖς</span> <span class='ocrx_word' id='word_1_243' title='bbox 821 1805 995 1874; x_wconf 86' lang='grc' dir='ltr'>ἁγίοις</span> <span class='ocrx_word' id='word_1_244' title='bbox 1020 1804 1269 1874; x_wconf 86' lang='grc' dir='ltr'>Πατράσι</span> <span class='ocrx_word' id='word_1_245' title='bbox 1304 1804 1562 1867; x_wconf 85' lang='grc' dir='ltr'>πολλάκις</span> <span class='ocrx_word' id='word_1_246' title='bbox 1591 1800 1887 1874; x_wconf 79' lang='grc' dir='ltr'>ὲνῘνεν]όη-</span> 
     </span>
    </p>
   </div>
   <div class='ocr_carea' id='block_1_35' title="bbox 1997 1793 3568 1878">
    <p class='ocr_par' dir='ltr' id='par_1_35' title="bbox 1997 1805 3568 1876">
     <span class='ocr_line' id='line_1_35' title="bbox 1997 1805 3568 1876; baseline -0.004 -11"><span class='ocrx_word' id='word_1_247' title='bbox 1997 1809 2120 1865; x_wconf 80' lang='lat' dir='ltr'><strong>tiam</strong></span> <span class='ocrx_word' id='word_1_248' title='bbox 2147 1825 2177 1864; x_wconf 87' lang='lat' dir='ltr'><strong>a</strong></span> <span class='ocrx_word' id='word_1_249' title='bbox 2207 1808 2412 1864; x_wconf 86' lang='lat' dir='ltr'><strong>sanctis</strong></span> <span class='ocrx_word' id='word_1_250' title='bbox 2442 1806 2699 1862; x_wconf 87' lang='lat' dir='ltr'><strong>Patribus</strong></span> <span class='ocrx_word' id='word_1_251' title='bbox 2732 1807 2931 1876; x_wconf 72' lang='lat' dir='ltr'><strong>saepius</strong></span> <span class='ocrx_word' id='word_1_252' title='bbox 2962 1805 3230 1875; x_wconf 86' lang='lat' dir='ltr'><strong>reputari,</strong></span> <span class='ocrx_word' id='word_1_253' title='bbox 3261 1813 3322 1859; x_wconf 89' lang='lat' dir='ltr'><strong>ut</strong></span> <span class='ocrx_word' id='word_1_254' title='bbox 3344 1812 3568 1859; x_wconf 87' lang='lat' dir='ltr'><strong>sanctus</strong></span> 
     </span>
    </p>
   </div>
   <div class='ocr_carea' id='block_1_36' title="bbox 307 1892 1885 1967">
    <p class='ocr_par' dir='ltr' id='par_1_36' title="bbox 307 1892 1885 1967">
     <span class='ocr_line' id='line_1_36' title="bbox 307 1892 1885 1967; baseline -0.003 -14"><span class='ocrx_word' id='word_1_255' title='bbox 307 1912 419 1966; x_wconf 78' lang='grc' dir='ltr'>ται,</span> <span class='ocrx_word' id='word_1_256' title='bbox 434 1898 510 1962; x_wconf 82' lang='grc' dir='ltr'>ὡς</span> <span class='ocrx_word' id='word_1_257' title='bbox 527 1899 619 1952; x_wconf 70' lang='grc' dir='ltr'>καὶ</span> <span class='ocrx_word' id='word_1_258' title='bbox 637 1896 889 1967; x_wconf 81' lang='grc' dir='ltr'>Κυρίλλῳ</span> <span class='ocrx_word' id='word_1_259' title='bbox 904 1896 1075 1950; x_wconf 83' lang='grc' dir='ltr'>δοκεῖ’</span> <span class='ocrx_word' id='word_1_260' title='bbox 1097 1898 1155 1949; x_wconf 83' lang='grc' dir='ltr'>ὲν</span> <span class='ocrx_word' id='word_1_261' title='bbox 1174 1895 1284 1966; x_wconf 80' lang='grc' dir='ltr'>γὰρ</span> <span class='ocrx_word' id='word_1_262' title='bbox 1297 1894 1374 1966; x_wconf 83' lang='grc' dir='ltr'>τῷ</span> <span class='ocrx_word' id='word_1_263' title='bbox 1395 1894 1443 1964; x_wconf 83' lang='grc' dir='ltr'>γ’</span> <span class='ocrx_word' id='word_1_264' title='bbox 1458 1892 1885 1965; x_wconf 83' lang='grc' dir='ltr'>ἀναθεματισμῷ</span> 
     </span>
    </p>
   </div>
   <div class='ocr_carea' id='block_1_37' title="bbox 310 1985 1887 2059">
    <p class='ocr_par' dir='ltr' id='par_1_37' title="bbox 310 1985 1887 2059">
     <span class='ocr_line' id='line_1_37' title="bbox 310 1985 1887 2059; baseline 0 -19"><span class='ocrx_word' id='word_1_265' title='bbox 310 2004 484 2059; x_wconf 82' lang='grc' dir='ltr'>φησιν</span> <span class='ocrx_word' id='word_1_266' title='bbox 509 2002 524 2015; x_wconf 77' lang='grc'><strong>⁸</strong></span> <span class='ocrx_word' id='word_1_267' title='bbox 582 1987 657 2042; x_wconf 80' lang='lat' dir='ltr'><strong>El</strong></span> <span class='ocrx_word' id='word_1_268' title='bbox 702 2002 792 2053; x_wconf 87' lang='grc' dir='ltr'><strong>τις</strong></span> <span class='ocrx_word' id='word_1_269' title='bbox 833 1985 933 2039; x_wconf 77' lang='grc' dir='ltr'><strong>ἐπὶ</strong></span> <span class='ocrx_word' id='word_1_270' title='bbox 962 1985 1069 2040; x_wconf 88' lang='grc' dir='ltr'>τοῦ</span> <span class='ocrx_word' id='word_1_271' title='bbox 1096 1986 1235 2052; x_wconf 77' lang='grc' dir='ltr'>ἑνός</span> <span class='ocrx_word' id='word_1_272' title='bbox 1263 1986 1516 2055; x_wconf 82' lang='grc' dir='ltr'>Χριστοῦ</span> <span class='ocrx_word' id='word_1_273' title='bbox 1545 1985 1760 2053; x_wconf 80' lang='grc' dir='ltr'>διαιρεῖ</span> <span class='ocrx_word' id='word_1_274' title='bbox 1779 1985 1887 2052; x_wconf 85' lang='grc' dir='ltr'>τὰς</span> 
     </span>
    </p>
   </div>
   <div class='ocr_carea' id='block_1_38' title="bbox 308 2075 1887 2146">
    <p class='ocr_par' dir='ltr' id='par_1_38' title="bbox 308 2075 1887 2146">
     <span class='ocr_line' id='line_1_38' title="bbox 308 2075 1887 2146; baseline -0.004 -12"><span class='ocrx_word' id='word_1_275' title='bbox 308 2075 684 2143; x_wconf 77' lang='grc' dir='ltr'>ὑποστάσεις</span> <span class='ocrx_word' id='word_1_276' title='bbox 711 2076 861 2146; x_wconf 85' lang='grc' dir='ltr'>μετὰ</span> <span class='ocrx_word' id='word_1_277' title='bbox 889 2075 1003 2144; x_wconf 79' lang='grc' dir='ltr'><strong>τὴν</strong></span> <span class='ocrx_word' id='word_1_278' title='bbox 1026 2075 1266 2130; x_wconf 76' lang='grc' dir='ltr'>ἕνωσιν.</span> <span class='ocrx_word' id='word_1_279' title='bbox 1312 2076 1380 2131; x_wconf 85' lang='grc' dir='ltr'><strong>Τὸ</strong></span> <span class='ocrx_word' id='word_1_280' title='bbox 1409 2076 1520 2145; x_wconf 75' lang='grc' dir='ltr'>γὰρ</span> <span class='ocrx_word' id='word_1_281' title='bbox 1549 2075 1887 2145; x_wconf 67' lang='grc' dir='ltr'>ὑφεστηκὸς</span> 
     </span>
    </p>
   </div>
   <div class='ocr_carea' id='block_1_39' title="bbox 310 2168 1885 2240">
    <p class='ocr_par' dir='ltr' id='par_1_39' title="bbox 310 2168 1885 2240">
     <span class='ocr_line' id='line_1_39' title="bbox 310 2168 1885 2240; baseline -0.003 -13"><span class='ocrx_word' id='word_1_282' title='bbox 310 2172 571 2227; x_wconf 81' lang='grc' dir='ltr'>ἐνταῦθα</span> <span class='ocrx_word' id='word_1_283' title='bbox 598 2171 781 2240; x_wconf 75' lang='grc' dir='ltr'>δηλοῖ</span> <span class='ocrx_word' id='word_1_284' title='bbox 804 2171 843 2239; x_wconf 75' lang='grc' dir='ltr'>ἡ</span> <span class='ocrx_word' id='word_1_285' title='bbox 870 2171 1235 2236; x_wconf 78' lang='grc' dir='ltr'>ὑπόστασις’</span> <span class='ocrx_word' id='word_1_286' title='bbox 1270 2172 1343 2224; x_wconf 88' lang='grc' dir='ltr'><strong>οὐ</strong></span> <span class='ocrx_word' id='word_1_287' title='bbox 1373 2169 1482 2239; x_wconf 79' lang='grc' dir='ltr'>γὰρ</span> <span class='ocrx_word' id='word_1_288' title='bbox 1511 2168 1588 2223; x_wconf 81' lang='grc' dir='ltr'><strong>ἂν</strong></span> <span class='ocrx_word' id='word_1_289' title='bbox 1617 2172 1650 2224; x_wconf 87' lang='grc' dir='ltr'><strong>ό</strong></span> <span class='ocrx_word' id='word_1_290' title='bbox 1673 2169 1885 2238; x_wconf 75' lang='grc' dir='ltr'>θεοφό-</span> 
     </span>
    </p>
   </div>
   <div class='ocr_carea' id='block_1_40' title="bbox 306 2258 1889 2332">
    <p class='ocr_par' dir='ltr' id='par_1_40' title="bbox 306 2258 1889 2332">
     <span class='ocr_line' id='line_1_40' title="bbox 306 2258 1889 2332; baseline -0.002 -15"><span class='ocrx_word' id='word_1_291' title='bbox 306 2281 419 2332; x_wconf 84' lang='grc' dir='ltr'>ρος</span> <span class='ocrx_word' id='word_1_292' title='bbox 467 2263 564 2317; x_wconf 76' lang='grc' dir='ltr'><strong>ἐπὶ</strong></span> <span class='ocrx_word' id='word_1_293' title='bbox 606 2263 712 2317; x_wconf 85' lang='grc' dir='ltr'>τοῦ</span> <span class='ocrx_word' id='word_1_294' title='bbox 740 2262 879 2327; x_wconf 80' lang='grc' dir='ltr'><strong>ἑνὸς</strong></span> <span class='ocrx_word' id='word_1_295' title='bbox 907 2260 1165 2330; x_wconf 83' lang='grc' dir='ltr'>Χριστοῦ</span> <span class='ocrx_word' id='word_1_296' title='bbox 1191 2259 1561 2325; x_wconf 76' lang='grc' dir='ltr'>ὑποστάσεις</span> <span class='ocrx_word' id='word_1_297' title='bbox 1590 2258 1889 2330; x_wconf 78' lang='grc' dir='ltr'><strong>ὠνόμαζεν</strong></span> 
     </span>
    </p>
   </div>
   <div class='ocr_carea' id='block_1_41' title="bbox 315 2352 1889 2425">
    <p class='ocr_par' dir='ltr' id='par_1_41' title="bbox 315 2352 1889 2425">
     <span class='ocr_line' id='line_1_41' title="bbox 315 2352 1889 2425; baseline -0.003 -13"><span class='ocrx_word' id='word_1_298' title='bbox 315 2360 349 2412; x_wconf 81' lang='grc' dir='ltr'><em>ὁ</em></span> <span class='ocrx_word' id='word_1_299' title='bbox 378 2356 509 2422; x_wconf 82' lang='grc' dir='ltr'>ταῖς</span> <span class='ocrx_word' id='word_1_300' title='bbox 538 2354 867 2425; x_wconf 83' lang='grc' dir='ltr'>Νεστορίου</span> <span class='ocrx_word' id='word_1_301' title='bbox 887 2352 1309 2423; x_wconf 65' lang='grc' dir='ltr'>,ϐλασφημίαις</span> <span class='ocrx_word' id='word_1_302' title='bbox 1339 2353 1433 2408; x_wconf 76' lang='grc' dir='ltr'><strong>ἀεὶ</strong></span> <span class='ocrx_word' id='word_1_303' title='bbox 1466 2353 1779 2422; x_wconf 75' lang='grc' dir='ltr'>πολεμῶν,</span> <span class='ocrx_word' id='word_1_304' title='bbox 1834 2355 1889 2408; x_wconf 80' lang='grc' dir='ltr'><strong>ει</strong></span> 
     </span>
    </p>
   </div>
   <div class='ocr_carea' id='block_1_42' title="bbox 309 2428 1890 2516">
    <p class='ocr_par' dir='ltr' id='par_1_42' title="bbox 309 2428 1890 2516">
     <span class='ocr_line' id='line_1_42' title="bbox 309 2428 1890 2516; baseline -0.004 -16"><span class='ocrx_word' id='word_1_305' title='bbox 309 2445 397 2516; x_wconf 81' lang='grc' dir='ltr'><em>μὴ</em></span> <span class='ocrx_word' id='word_1_306' title='bbox 426 2445 560 2500; x_wconf 78' lang='grc' dir='ltr'><strong>ἀντὶ</strong></span> <span class='ocrx_word' id='word_1_307' title='bbox 585 2443 811 2499; x_wconf 73' lang='grc' dir='ltr'>οὐσιῶν</span> <span class='ocrx_word' id='word_1_308' title='bbox 836 2443 1024 2508; x_wconf 86' lang='grc' dir='ltr'>αὑτὰς</span> <span class='ocrx_word' id='word_1_309' title='bbox 1051 2428 1313 2513; x_wconf 76' lang='grc' dir='ltr'>ἐδέχετο.</span> <span class='ocrx_word' id='word_1_310' title='bbox 1330 2442 1563 2513; x_wconf 85' lang='grc' dir='ltr'>Ὁμοίως</span> <span class='ocrx_word' id='word_1_311' title='bbox 1587 2443 1720 2495; x_wconf 81' lang='grc' dir='ltr'>καὶὸ</span> <span class='ocrx_word' id='word_1_312' title='bbox 1736 2441 1890 2510; x_wconf 75' lang='grc' dir='ltr'>ἅγιος</span> 
     </span>
    </p>
   </div>
   <div class='ocr_carea' id='block_1_43' title="bbox 319 2532 1891 2606">
    <p class='ocr_par' dir='ltr' id='par_1_43' title="bbox 319 2532 1891 2606">
     <span class='ocr_line' id='line_1_43' title="bbox 319 2532 1891 2606; baseline -0.003 -17"><span class='ocrx_word' id='word_1_313' title='bbox 319 2534 633 2599; x_wconf 82' lang='grc' dir='ltr'>Ἀθανάσιος</span> <span class='ocrx_word' id='word_1_314' title='bbox 662 2536 721 2588; x_wconf 82' lang='grc' dir='ltr'>ὲν</span> <span class='ocrx_word' id='word_1_315' title='bbox 747 2537 810 2606; x_wconf 85' lang='grc' dir='ltr'><strong>τῇ</strong></span> <span class='ocrx_word' id='word_1_316' title='bbox 843 2533 978 2603; x_wconf 74' lang='grc' dir='ltr'>πρὸς</span> <span class='ocrx_word' id='word_1_317' title='bbox 993 2536 1235 2606; x_wconf 81' lang='grc' dir='ltr'>Ἀφρους</span> <span class='ocrx_word' id='word_1_318' title='bbox 1260 2533 1517 2604; x_wconf 75' lang='grc' dir='ltr'>ἐπιστολῇ</span> <span class='ocrx_word' id='word_1_319' title='bbox 1542 2549 1724 2604; x_wconf 77' lang='grc' dir='ltr'>φησιν’</span> <span class='ocrx_word' id='word_1_320' title='bbox 1742 2532 1804 2588; x_wconf 85' lang='grc' dir='ltr'><em>Ἠ</em></span> <span class='ocrx_word' id='word_1_321' title='bbox 1822 2532 1891 2586; x_wconf 81' lang='grc' dir='ltr'><strong>δὲ</strong></span> 
     </span>
    </p>
   </div>
   <div class='ocr_carea' id='block_1_44' title="bbox 314 2621 1892 2691">
    <p class='ocr_par' dir='ltr' id='par_1_44' title="bbox 314 2621 1892 2691">
     <span class='ocr_line' id='line_1_44' title="bbox 314 2621 1892 2691; baseline -0.004 -10"><span class='ocrx_word' id='word_1_322' title='bbox 314 2626 656 2691; x_wconf 76' lang='grc' dir='ltr'>ὑπόστασις</span> <span class='ocrx_word' id='word_1_323' title='bbox 691 2625 873 2679; x_wconf 82' lang='grc' dir='ltr'>οὐσία</span> <span class='ocrx_word' id='word_1_324' title='bbox 895 2622 1030 2677; x_wconf 77' lang='grc' dir='ltr'>ἐστὶ</span> <span class='ocrx_word' id='word_1_325' title='bbox 1047 2664 1061 2685; x_wconf 85' lang='grc'><strong>,</strong></span> <span class='ocrx_word' id='word_1_326' title='bbox 1080 2622 1188 2677; x_wconf 75' lang='grc' dir='ltr'><strong>Καὶ</strong></span> <span class='ocrx_word' id='word_1_327' title='bbox 1216 2621 1398 2677; x_wconf 78' lang='grc' dir='ltr'>οὐδὲν</span> <span class='ocrx_word' id='word_1_328' title='bbox 1420 2622 1574 2677; x_wconf 71' lang='grc' dir='ltr'><strong>ἄλλο</strong></span> <span class='ocrx_word' id='word_1_329' title='bbox 1599 2622 1892 2691; x_wconf 83' lang='grc' dir='ltr'>σημαινό-</span> 
     </span>
    </p>
   </div>
   <div class='ocr_carea' id='block_1_45' title="bbox 311 2709 1893 2785">
    <p class='ocr_par' dir='ltr' id='par_1_45' title="bbox 311 2709 1893 2785">
     <span class='ocr_line' id='line_1_45' title="bbox 311 2709 1893 2785; baseline -0.003 -16"><span class='ocrx_word' id='word_1_330' title='bbox 311 2731 502 2785; x_wconf 75' lang='grc' dir='ltr'>μενον</span> <span class='ocrx_word' id='word_1_331' title='bbox 522 2713 668 2783; x_wconf 76' lang='grc' dir='ltr'>ἔχει,</span> <span class='ocrx_word' id='word_1_332' title='bbox 700 2712 738 2781; x_wconf 75' lang='grc' dir='ltr'>ἢ</span> <span class='ocrx_word' id='word_1_333' title='bbox 762 2714 910 2767; x_wconf 81' lang='grc' dir='ltr'>αὐτὸ</span> <span class='ocrx_word' id='word_1_334' title='bbox 934 2712 1002 2766; x_wconf 85' lang='grc' dir='ltr'>τὸ</span> <span class='ocrx_word' id='word_1_335' title='bbox 1027 2713 1117 2767; x_wconf 72' lang='grc' dir='ltr'><strong>ὅντ</strong></span> <span class='ocrx_word' id='word_1_336' title='bbox 1149 2712 1283 2783; x_wconf 79' lang='grc' dir='ltr'>ὅπερ</span> <span class='ocrx_word' id='word_1_337' title='bbox 1311 2712 1340 2764; x_wconf 89' lang='grc' dir='ltr'><strong>ό</strong></span> <span class='ocrx_word' id='word_1_338' title='bbox 1371 2711 1639 2784; x_wconf 83' lang='grc' dir='ltr'>Ἱερεμίας</span> <span class='ocrx_word' id='word_1_339' title='bbox 1661 2709 1893 2783; x_wconf 78' lang='grc' dir='ltr'>ὓπαρξιν</span> 
     </span>
    </p>
   </div>
   <div class='ocr_carea' id='block_1_46' title="bbox 317 2801 1896 2875">
    <p class='ocr_par' dir='ltr' id='par_1_46' title="bbox 317 2801 1896 2875">
     <span class='ocr_line' id='line_1_46' title="bbox 317 2801 1896 2875; baseline -0.003 -16"><span class='ocrx_word' id='word_1_340' title='bbox 317 2805 574 2875; x_wconf 80' lang='grc' dir='ltr'>ὀνομάζει</span> <span class='ocrx_word' id='word_1_341' title='bbox 615 2804 789 2872; x_wconf 78' lang='grc' dir='ltr'>λέγων</span> <span class='ocrx_word' id='word_1_342' title='bbox 809 2820 824 2834; x_wconf 78' lang='grc' dir='ltr'><strong>ο</strong></span> <span class='ocrx_word' id='word_1_343' title='bbox 858 2803 969 2857; x_wconf 77' lang='grc' dir='ltr'><strong>Καὶ</strong></span> <span class='ocrx_word' id='word_1_344' title='bbox 1008 2803 1120 2858; x_wconf 84' lang='grc' dir='ltr'><strong>οὐκ</strong></span> <span class='ocrx_word' id='word_1_345' title='bbox 1154 2802 1433 2871; x_wconf 77' lang='grc' dir='ltr'>ἤκουσαν</span> <span class='ocrx_word' id='word_1_346' title='bbox 1466 2801 1680 2873; x_wconf 75' lang='grc' dir='ltr'><em>φωνὴν</em></span> <span class='ocrx_word' id='word_1_347' title='bbox 1712 2801 1896 2872; x_wconf 74' lang='grc' dir='ltr'>ὑπάρ-</span> 
     </span>
    </p>
   </div>
   <div class='ocr_carea' id='block_1_47' title="bbox 318 2892 1890 2965">
    <p class='ocr_par' dir='ltr' id='par_1_47' title="bbox 318 2892 1890 2965">
     <span class='ocr_line' id='line_1_47' title="bbox 318 2892 1890 2965; baseline -0.002 -16"><span class='ocrx_word' id='word_1_348' title='bbox 318 2895 468 2962; x_wconf 72' lang='grc' dir='ltr'>ξεως</span> <span class='ocrx_word' id='word_1_349' title='bbox 488 2911 504 2927; x_wconf 74' lang='grc' dir='ltr'><strong><em>ο</em></strong></span> <span class='ocrx_word' id='word_1_350' title='bbox 548 2895 583 2965; x_wconf 76' lang='grc' dir='ltr'>ἡ</span> <span class='ocrx_word' id='word_1_351' title='bbox 613 2894 723 2965; x_wconf 83' lang='grc' dir='ltr'><strong>γὰρ</strong></span> <span class='ocrx_word' id='word_1_352' title='bbox 749 2893 1047 2958; x_wconf 77' lang='grc' dir='ltr'>ὑπόστασις</span> <span class='ocrx_word' id='word_1_353' title='bbox 1073 2894 1168 2947; x_wconf 87' lang='grc' dir='ltr'><strong>καί</strong></span> <span class='ocrx_word' id='word_1_354' title='bbox 1194 2895 1228 2963; x_wconf 79' lang='grc' dir='ltr'><strong>ἠ</strong></span> <span class='ocrx_word' id='word_1_355' title='bbox 1253 2894 1413 2948; x_wconf 89' lang='grc' dir='ltr'>οὐσία</span> <span class='ocrx_word' id='word_1_356' title='bbox 1453 2892 1692 2964; x_wconf 76' lang='grc' dir='ltr'>ὑπαρξίς</span> <span class='ocrx_word' id='word_1_357' title='bbox 1722 2893 1890 2947; x_wconf 70' lang='grc' dir='ltr'>ἐστιν*</span> 
     </span>
    </p>
   </div>
   <div class='ocr_carea' id='block_1_48' title="bbox 317 2978 1898 3057">
    <p class='ocr_par' dir='ltr' id='par_1_48' title="bbox 317 2978 1898 3057">
     <span class='ocr_line' id='line_1_48' title="bbox 317 2978 1898 3057; baseline 0.001 -19"><span class='ocrx_word' id='word_1_358' title='bbox 317 2986 436 3040; x_wconf 74' lang='grc' dir='ltr'>ἐστι</span> <span class='ocrx_word' id='word_1_359' title='bbox 487 2984 593 3057; x_wconf 84' lang='grc' dir='ltr'><strong>γὰρ</strong></span> <span class='ocrx_word' id='word_1_360' title='bbox 659 2984 755 3038; x_wconf 79' lang='grc' dir='ltr'>καὶ</span> <span class='ocrx_word' id='word_1_361' title='bbox 808 2982 1061 3054; x_wconf 85' lang='grc' dir='ltr'>ὑπάρχει.</span> <span class='ocrx_word' id='word_1_362' title='bbox 1120 2984 1184 3036; x_wconf 82' lang='lat' dir='ltr'><strong>El</strong></span> <span class='ocrx_word' id='word_1_363' title='bbox 1225 2978 1317 3037; x_wconf 83' lang='grc' dir='ltr'>οὖν</span> <span class='ocrx_word' id='word_1_364' title='bbox 1365 3000 1448 3048; x_wconf 85' lang='grc' dir='ltr'><strong>τις</strong></span> <span class='ocrx_word' id='word_1_365' title='bbox 1502 2984 1898 3048; x_wconf 83' lang='grc' dir='ltr'>ὲνυποστάτους</span> 
     </span>
    </p>
   </div>
   <div class='ocr_carea' id='block_1_49' title="bbox 320 3072 1896 3140">
    <p class='ocr_par' dir='ltr' id='par_1_49' title="bbox 320 3072 1896 3140">
     <span class='ocr_line' id='line_1_49' title="bbox 320 3072 1896 3140; baseline 0 -10"><span class='ocrx_word' id='word_1_366' title='bbox 320 3075 464 3131; x_wconf 81' lang='grc' dir='ltr'>κατὰ</span> <span class='ocrx_word' id='word_1_367' title='bbox 490 3075 680 3129; x_wconf 80' lang='grc' dir='ltr'>τοῦτον</span> <span class='ocrx_word' id='word_1_368' title='bbox 707 3074 799 3127; x_wconf 86' lang='grc' dir='ltr'>τὸν</span> <span class='ocrx_word' id='word_1_369' title='bbox 825 3072 982 3140; x_wconf 84' lang='grc' dir='ltr'>λόγον</span> <span class='ocrx_word' id='word_1_370' title='bbox 1014 3073 1161 3127; x_wconf 83' lang='grc' dir='ltr'>είποι</span> <span class='ocrx_word' id='word_1_371' title='bbox 1189 3075 1290 3138; x_wconf 84' lang='grc' dir='ltr'>τὰς</span> <span class='ocrx_word' id='word_1_372' title='bbox 1312 3074 1521 3140; x_wconf 81' lang='grc' dir='ltr'>οὐσίας,</span> <span class='ocrx_word' id='word_1_373' title='bbox 1558 3076 1587 3128; x_wconf 77' lang='grc' dir='ltr'><strong>ὅ</strong></span> <span class='ocrx_word' id='word_1_374' title='bbox 1616 3076 1765 3130; x_wconf 72' lang='grc' dir='ltr'>ἐστιν</span> <span class='ocrx_word' id='word_1_375' title='bbox 1790 3076 1896 3129; x_wconf 83' lang='grc' dir='ltr'>ὐπ-</span> 
     </span>
    </p>
   </div>
   <div class='ocr_carea' id='block_1_50' title="bbox 319 3164 1897 3238">
    <p class='ocr_par' dir='ltr' id='par_1_50' title="bbox 319 3164 1897 3238">
     <span class='ocr_line' id='line_1_50' title="bbox 319 3164 1897 3238; baseline 0 -18"><span class='ocrx_word' id='word_1_376' title='bbox 319 3165 617 3238; x_wconf 82' lang='grc' dir='ltr'>αρχούσας,</span> <span class='ocrx_word' id='word_1_377' title='bbox 644 3164 766 3217; x_wconf 79' lang='grc' dir='ltr'>οὐδὲ</span> <span class='ocrx_word' id='word_1_378' title='bbox 791 3166 954 3236; x_wconf 77' lang='grc' dir='ltr'>ἡμεῖς</span> <span class='ocrx_word' id='word_1_379' title='bbox 977 3164 1239 3236; x_wconf 85' lang='grc' dir='ltr'>ἁρνηθείη</span> <span class='ocrx_word' id='word_1_380' title='bbox 1249 3182 1348 3235; x_wconf 81' lang='grc' dir='ltr'>μεν</span> <span class='ocrx_word' id='word_1_381' title='bbox 1363 3181 1377 3196; x_wconf 65' lang='grc' dir='ltr'><strong>ν</strong></span> <span class='ocrx_word' id='word_1_382' title='bbox 1410 3168 1446 3234; x_wconf 78' lang='grc' dir='ltr'><strong>ἡ</strong></span> <span class='ocrx_word' id='word_1_383' title='bbox 1468 3165 1577 3236; x_wconf 82' lang='grc' dir='ltr'><strong>γὰρ</strong></span> <span class='ocrx_word' id='word_1_384' title='bbox 1600 3166 1897 3229; x_wconf 81' lang='grc' dir='ltr'>ὑπόστασις</span> 
     </span>
    </p>
   </div>
   <div class='ocr_carea' id='block_1_51' title="bbox 320 3252 1897 3329">
    <p class='ocr_par' dir='ltr' id='par_1_51' title="bbox 320 3252 1897 3329">
     <span class='ocr_line' id='line_1_51' title="bbox 320 3252 1897 3329; baseline 0.001 -19"><span class='ocrx_word' id='word_1_385' title='bbox 320 3260 460 3329; x_wconf 70' lang='grc' dir='ltr'>πρὸς</span> <span class='ocrx_word' id='word_1_386' title='bbox 489 3258 585 3329; x_wconf 78' lang='grc' dir='ltr'>τὴν</span> <span class='ocrx_word' id='word_1_387' title='bbox 615 3257 805 3310; x_wconf 88' lang='grc' dir='ltr'>οὐσίαν</span> <span class='ocrx_word' id='word_1_388' title='bbox 839 3256 918 3328; x_wconf 82' lang='grc' dir='ltr'>τῷ</span> <span class='ocrx_word' id='word_1_389' title='bbox 943 3252 1082 3310; x_wconf 81' lang='grc' dir='ltr'>εῖναι</span> <span class='ocrx_word' id='word_1_390' title='bbox 1114 3258 1215 3328; x_wconf 81' lang='grc' dir='ltr'><strong>μέν</strong></span> <span class='ocrx_word' id='word_1_391' title='bbox 1239 3275 1294 3310; x_wconf 89' lang='grc' dir='ltr'><strong>τι</strong></span> <span class='ocrx_word' id='word_1_392' title='bbox 1329 3258 1390 3310; x_wconf 89' lang='grc' dir='ltr'><strong>οὐ</strong></span> <span class='ocrx_word' id='word_1_393' title='bbox 1419 3257 1667 3329; x_wconf 84' lang='grc' dir='ltr'><strong>διαφέρει</strong></span> <span class='ocrx_word' id='word_1_394' title='bbox 1691 3297 1707 3323; x_wconf 94' lang='grc'><strong>,</strong></span> <span class='ocrx_word' id='word_1_395' title='bbox 1761 3257 1897 3312; x_wconf 83' lang='grc' dir='ltr'>ἀλλὰ</span> 
     </span>
    </p>
   </div>
   <div class='ocr_carea' id='block_1_52' title="bbox 319 3344 1896 3422">
    <p class='ocr_par' dir='ltr' id='par_1_52' title="bbox 319 3344 1896 3422">
     <span class='ocr_line' id='line_1_52' title="bbox 319 3344 1896 3422; baseline -0.003 -16"><span class='ocrx_word' id='word_1_396' title='bbox 319 3352 403 3422; x_wconf 76' lang='grc' dir='ltr'><strong>τῷ</strong></span> <span class='ocrx_word' id='word_1_397' title='bbox 433 3352 533 3419; x_wconf 80' lang='grc' dir='ltr'><strong>τὴν</strong></span> <span class='ocrx_word' id='word_1_398' title='bbox 565 3351 663 3420; x_wconf 81' lang='grc' dir='ltr'><strong>μὲν</strong></span> <span class='ocrx_word' id='word_1_399' title='bbox 697 3348 890 3413; x_wconf 83' lang='grc' dir='ltr'>κοινῶς</span> <span class='ocrx_word' id='word_1_400' title='bbox 921 3344 1059 3403; x_wconf 76' lang='grc' dir='ltr'>εἶναι</span> <span class='ocrx_word' id='word_1_401' title='bbox 1079 3388 1095 3415; x_wconf 90' lang='grc'><strong>,</strong></span> <span class='ocrx_word' id='word_1_402' title='bbox 1134 3349 1278 3420; x_wconf 73' lang='grc' dir='ltr'>φημὶ</span> <span class='ocrx_word' id='word_1_403' title='bbox 1307 3348 1363 3402; x_wconf 80' lang='grc' dir='ltr'><strong>δὲ</strong></span> <span class='ocrx_word' id='word_1_404' title='bbox 1392 3349 1492 3418; x_wconf 87' lang='grc' dir='ltr'>τὴν</span> <span class='ocrx_word' id='word_1_405' title='bbox 1519 3348 1709 3403; x_wconf 85' lang='grc' dir='ltr'>οὐσίαν</span> <span class='ocrx_word' id='word_1_406' title='bbox 1731 3364 1745 3378; x_wconf 88' lang='grc'><strong>·</strong></span> <span class='ocrx_word' id='word_1_407' title='bbox 1797 3349 1896 3421; x_wconf 83' lang='grc' dir='ltr'>τὴν</span> 
     </span>
    </p>
   </div>
   <div class='ocr_carea' id='block_1_53' title="bbox 321 3440 1899 3510">
    <p class='ocr_par' dir='ltr' id='par_1_53' title="bbox 321 3440 1899 3510">
     <span class='ocr_line' id='line_1_53' title="bbox 321 3440 1899 3510; baseline -0.002 -13"><span class='ocrx_word' id='word_1_408' title='bbox 321 3446 379 3510; x_wconf 69' lang='grc' dir='ltr'><strong>δ’</strong></span> <span class='ocrx_word' id='word_1_409' title='bbox 416 3444 713 3499; x_wconf 86' lang='grc' dir='ltr'>ὑπόστασιν</span> <span class='ocrx_word' id='word_1_410' title='bbox 766 3442 973 3507; x_wconf 83' lang='grc' dir='ltr'>ίδικῶς,</span> <span class='ocrx_word' id='word_1_411' title='bbox 1005 3441 1135 3495; x_wconf 76' lang='grc' dir='ltr'>ὃταν</span> <span class='ocrx_word' id='word_1_412' title='bbox 1185 3441 1323 3510; x_wconf 83' lang='grc' dir='ltr'>μετὰ</span> <span class='ocrx_word' id='word_1_413' title='bbox 1367 3440 1476 3494; x_wconf 85' lang='grc' dir='ltr'><strong>τῶν</strong></span> <span class='ocrx_word' id='word_1_414' title='bbox 1520 3440 1751 3495; x_wconf 84' lang='grc' dir='ltr'>καθόλου</span> <span class='ocrx_word' id='word_1_415' title='bbox 1806 3442 1899 3494; x_wconf 81' lang='grc' dir='ltr'>καὶ</span> 
     </span>
    </p>
   </div>
   <div class='ocr_carea' id='block_1_54' title="bbox 326 3527 1899 3605">
    <p class='ocr_par' dir='ltr' id='par_1_54' title="bbox 326 3527 1899 3605">
     <span class='ocr_line' id='line_1_54' title="bbox 326 3527 1899 3605; baseline -0.004 -14"><span class='ocrx_word' id='word_1_416' title='bbox 326 3536 496 3591; x_wconf 82' lang='grc' dir='ltr'>ίδικόν</span> <span class='ocrx_word' id='word_1_417' title='bbox 530 3553 583 3589; x_wconf 85' lang='grc' dir='ltr'><strong>τι</strong></span> <span class='ocrx_word' id='word_1_418' title='bbox 605 3533 739 3605; x_wconf 67' lang='grc' dir='ltr'>ἔχοι.</span> <span class='ocrx_word' id='word_1_419' title='bbox 773 3533 846 3586; x_wconf 90' lang='grc' dir='ltr'><strong>Οὐ</strong></span> <span class='ocrx_word' id='word_1_420' title='bbox 876 3531 1018 3586; x_wconf 82' lang='grc' dir='ltr'>κατὰ</span> <span class='ocrx_word' id='word_1_421' title='bbox 1038 3537 1197 3584; x_wconf 77' lang='grc' dir='ltr'>τοῦτο</span> <span class='ocrx_word' id='word_1_422' title='bbox 1218 3527 1312 3585; x_wconf 77' lang='grc' dir='ltr'><strong>οὖν</strong></span> <span class='ocrx_word' id='word_1_423' title='bbox 1337 3547 1522 3603; x_wconf 83' lang='grc' dir='ltr'>φαμεν</span> <span class='ocrx_word' id='word_1_424' title='bbox 1575 3531 1675 3603; x_wconf 78' lang='grc' dir='ltr'>τὴν</span> <span class='ocrx_word' id='word_1_425' title='bbox 1706 3532 1899 3603; x_wconf 78' lang='grc' dir='ltr'>ἡμετέ-</span> 
     </span>
    </p>
   </div>
   <div class='ocr_carea' id='block_1_55' title="bbox 326 3616 1896 3705">
    <p class='ocr_par' dir='ltr' id='par_1_55' title="bbox 326 3616 1896 3705">
     <span class='ocr_line' id='line_1_55' title="bbox 326 3616 1896 3705; baseline -0.004 -24"><span class='ocrx_word' id='word_1_426' title='bbox 326 3644 429 3705; x_wconf 87' lang='grc' dir='ltr'><strong>ραν</strong></span> <span class='ocrx_word' id='word_1_427' title='bbox 461 3628 520 3681; x_wconf 63' lang='lat' dir='ltr'><strong>ev</strong></span> <span class='ocrx_word' id='word_1_428' title='bbox 546 3624 766 3698; x_wconf 85' lang='grc' dir='ltr'>Χριστῷ</span> <span class='ocrx_word' id='word_1_429' title='bbox 796 3622 986 3678; x_wconf 83' lang='grc' dir='ltr'>οὐσίαν</span> <span class='ocrx_word' id='word_1_430' title='bbox 1018 3621 1377 3676; x_wconf 81' lang='grc' dir='ltr'>ὲνυπόστατον</span> <span class='ocrx_word' id='word_1_431' title='bbox 1402 3616 1541 3675; x_wconf 81' lang='grc' dir='ltr'>εἶναι</span> <span class='ocrx_word' id='word_1_432' title='bbox 1564 3663 1581 3689; x_wconf 89' lang='grc'><strong>,</strong></span> <span class='ocrx_word' id='word_1_433' title='bbox 1615 3617 1727 3675; x_wconf 76' lang='grc' dir='ltr'>οἷον</span> <span class='ocrx_word' id='word_1_434' title='bbox 1761 3621 1896 3675; x_wconf 83' lang='grc' dir='ltr'>ὑπό-</span> 
     </span>
    </p>
   </div>
   <div class='ocr_carea' id='block_1_56' title="bbox 327 3713 1899 3790">
    <p class='ocr_par' dir='ltr' id='par_1_56' title="bbox 327 3713 1899 3790">
     <span class='ocr_line' id='line_1_56' title="bbox 327 3713 1899 3790; baseline -0.006 -18"><span class='ocrx_word' id='word_1_435' title='bbox 327 3733 520 3772; x_wconf 85' lang='grc' dir='ltr'>στασιν</span> <span class='ocrx_word' id='word_1_436' title='bbox 562 3715 683 3770; x_wconf 86' lang='grc' dir='ltr'>καθ’</span> <span class='ocrx_word' id='word_1_437' title='bbox 720 3715 919 3786; x_wconf 79' lang='grc' dir='ltr'>ἑαυτὴν</span> <span class='ocrx_word' id='word_1_438' title='bbox 949 3713 1455 3790; x_wconf 77' lang='grc' dir='ltr'>χαρακτηριστικὴν</span> <span class='ocrx_word' id='word_1_439' title='bbox 1485 3714 1580 3766; x_wconf 70' lang='grc' dir='ltr'>καὶ</span> <span class='ocrx_word' id='word_1_440' title='bbox 1606 3713 1899 3783; x_wconf 86' lang='grc' dir='ltr'>πρόσωπον</span> 
     </span>
    </p>
   </div>
   <div class='ocr_carea' id='block_1_57' title="bbox 325 3804 1900 3875">
    <p class='ocr_par' dir='ltr' id='par_1_57' title="bbox 325 3804 1900 3875">
     <span class='ocr_line' id='line_1_57' title="bbox 325 3804 1900 3875; baseline -0.004 -11"><span class='ocrx_word' id='word_1_441' title='bbox 325 3805 496 3870; x_wconf 78' lang='grc' dir='ltr'>οὖσαν</span> <span class='ocrx_word' id='word_1_442' title='bbox 517 3850 533 3874; x_wconf 86' lang='grc'><strong>,</strong></span> <span class='ocrx_word' id='word_1_443' title='bbox 589 3808 725 3861; x_wconf 77' lang='grc' dir='ltr'><strong>ἀλλά</strong></span> <span class='ocrx_word' id='word_1_444' title='bbox 774 3806 896 3860; x_wconf 86' lang='grc' dir='ltr'>καθ’</span> <span class='ocrx_word' id='word_1_445' title='bbox 921 3806 950 3866; x_wconf 74' lang='grc' dir='ltr'><strong><em>ὃ</em></strong></span> <span class='ocrx_word' id='word_1_446' title='bbox 984 3805 1288 3875; x_wconf 78' lang='grc' dir='ltr'>ὑφέστηκέν</span> <span class='ocrx_word' id='word_1_447' title='bbox 1315 3820 1374 3861; x_wconf 82' lang='grc' dir='ltr'><strong>τε</strong></span> <span class='ocrx_word' id='word_1_448' title='bbox 1405 3805 1499 3859; x_wconf 68' lang='grc' dir='ltr'>καὶ</span> <span class='ocrx_word' id='word_1_449' title='bbox 1524 3804 1639 3858; x_wconf 74' lang='grc' dir='ltr'>ἔστι</span> <span class='ocrx_word' id='word_1_450' title='bbox 1658 3820 1676 3837; x_wconf 79' lang='grc' dir='ltr'><strong><em>ο</em></strong></span> <span class='ocrx_word' id='word_1_451' title='bbox 1728 3805 1900 3858; x_wconf 75' lang='grc' dir='ltr'>ἐνίοτε</span> 
     </span>
    </p>
   </div>
   <div class='ocr_carea' id='block_1_58' title="bbox 328 3897 1904 3973">
    <p class='ocr_par' dir='ltr' id='par_1_58' title="bbox 328 3897 1904 3973">
     <span class='ocr_line' id='line_1_58' title="bbox 328 3897 1904 3973; baseline -0.003 -19"><span class='ocrx_word' id='word_1_452' title='bbox 328 3902 439 3973; x_wconf 72' lang='grc' dir='ltr'><strong>γὰρ</strong></span> <span class='ocrx_word' id='word_1_453' title='bbox 455 3901 515 3954; x_wconf 84' lang='grc' dir='ltr'>τὸ</span> <span class='ocrx_word' id='word_1_454' title='bbox 540 3898 907 3970; x_wconf 78' lang='grc' dir='ltr'>ὑφεστηκέναι</span> <span class='ocrx_word' id='word_1_455' title='bbox 929 3897 1126 3970; x_wconf 80' lang='grc' dir='ltr'>δηλοίη</span> <span class='ocrx_word' id='word_1_456' title='bbox 1154 3897 1475 3962; x_wconf 83' lang='grc' dir='ltr'>ὑπόστασις,</span> <span class='ocrx_word' id='word_1_457' title='bbox 1498 3898 1525 3951; x_wconf 86' lang='grc' dir='ltr'><strong>ὃ</strong></span> <span class='ocrx_word' id='word_1_458' title='bbox 1549 3899 1698 3950; x_wconf 73' lang='grc' dir='ltr'>ἐστιν</span> <span class='ocrx_word' id='word_1_459' title='bbox 1725 3897 1904 3960; x_wconf 81' lang='grc' dir='ltr'>οὐσία,</span> 
     </span>
    </p>
   </div>
   <div class='ocr_carea' id='block_1_59' title="bbox 325 3988 1907 4060">
    <p class='ocr_par' dir='ltr' id='par_1_59' title="bbox 325 3988 1907 4060">
     <span class='ocr_line' id='line_1_59' title="bbox 325 3988 1907 4060; baseline -0.004 -14"><span class='ocrx_word' id='word_1_460' title='bbox 325 3994 403 4056; x_wconf 82' lang='grc' dir='ltr'>ὡς</span> <span class='ocrx_word' id='word_1_461' title='bbox 444 3992 849 4054; x_wconf 78' lang='grc' dir='ltr'>ἀποδέδεικται,</span> <span class='ocrx_word' id='word_1_462' title='bbox 900 3990 1025 4044; x_wconf 83' lang='grc' dir='ltr'>ὅταν</span> <span class='ocrx_word' id='word_1_463' title='bbox 1065 3988 1176 4042; x_wconf 87' lang='grc' dir='ltr'><strong>τῶν</strong></span> <span class='ocrx_word' id='word_1_464' title='bbox 1213 3988 1729 4060; x_wconf 59' lang='grc' dir='ltr'>χαῳκτηριστικῶν</span> <span class='ocrx_word' id='word_1_465' title='bbox 1765 3989 1907 4047; x_wconf 77' lang='grc' dir='ltr'>ἰδιω-</span> 
     </span>
    </p>
   </div>
   <div class='ocr_carea' id='block_1_60' title="bbox 330 4079 1899 4155">
    <p class='ocr_par' dir='ltr' id='par_1_60' title="bbox 330 4079 1899 4155">
     <span class='ocr_line' id='line_1_60' title="bbox 330 4079 1899 4155; baseline 0.001 -19"><span class='ocrx_word' id='word_1_466' title='bbox 330 4083 520 4155; x_wconf 85' lang='grc' dir='ltr'>μάτων</span> <span class='ocrx_word' id='word_1_467' title='bbox 552 4084 644 4137; x_wconf 75' lang='grc' dir='ltr'>καὶ</span> <span class='ocrx_word' id='word_1_468' title='bbox 672 4083 801 4152; x_wconf 74' lang='grc' dir='ltr'>περὶ</span> <span class='ocrx_word' id='word_1_469' title='bbox 825 4081 1116 4152; x_wconf 81' lang='grc' dir='ltr'>πρόσωπον</span> <span class='ocrx_word' id='word_1_470' title='bbox 1146 4080 1542 4152; x_wconf 81' lang='grc' dir='ltr'>θεωρουμένων</span> <span class='ocrx_word' id='word_1_471' title='bbox 1581 4079 1899 4152; x_wconf 75' lang='grc' dir='ltr'>ἐστέρηται.</span> 
     </span>
    </p>
   </div>
   <div class='ocr_carea' id='block_1_61' title="bbox 341 4194 1902 4265">
    <p class='ocr_par' dir='ltr' id='par_1_61' title="bbox 341 4194 1902 4265">
     <span class='ocr_line' id='line_1_61' title="bbox 341 4194 1902 4265; baseline 0 -15"><span class='ocrx_word' id='word_1_472' title='bbox 341 4198 443 4259; x_wconf 78' lang='grc' dir='ltr'>Ἐκ</span> <span class='ocrx_word' id='word_1_473' title='bbox 474 4195 592 4251; x_wconf 79' lang='grc' dir='ltr'>τῶν</span> <span class='ocrx_word' id='word_1_474' title='bbox 632 4194 928 4265; x_wconf 74' lang='grc' dir='ltr'>Εὑλογίου</span> <span class='ocrx_word' id='word_1_475' title='bbox 984 4195 1328 4265; x_wconf 88' lang='grc' dir='ltr'>Συνηγοριῶν</span> <span class='ocrx_word' id='word_1_476' title='bbox 1384 4194 1525 4264; x_wconf 60' lang='lat' dir='ltr'><strong>napi</strong></span> <span class='ocrx_word' id='word_1_477' title='bbox 1561 4195 1671 4251; x_wconf 90' lang='grc' dir='ltr'>τοῦ</span> <span class='ocrx_word' id='word_1_478' title='bbox 1715 4195 1902 4250; x_wconf 83' lang='grc' dir='ltr'>αὐτοῦ</span> 
     </span>
    </p>
   </div>
   <div class='ocr_carea' id='block_1_62' title="bbox 936 4267 1289 4356">
    <p class='ocr_par' dir='ltr' id='par_1_62' title="bbox 936 4267 1289 4356">
     <span class='ocr_line' id='line_1_62' title="bbox 936 4267 1289 4356; baseline 0.006 -38"><span class='ocrx_word' id='word_1_479' title='bbox 936 4267 1289 4356; x_wconf 65' lang='grc' dir='ltr'>κεφαλαίου.</span> 
     </span>
    </p>
   </div>
   <div class='ocr_carea' id='block_1_63' title="bbox 1989 1895 3554 1973">
    <p class='ocr_par' dir='ltr' id='par_1_63' title="bbox 1989 1895 3554 1973">
     <span class='ocr_line' id='line_1_63' title="bbox 1989 1895 3554 1973; baseline -0.005 -16"><span class='ocrx_word' id='word_1_480' title='bbox 1989 1901 2226 1973; x_wconf 82' lang='lat' dir='ltr'><strong>Cyrillus</strong></span> <span class='ocrx_word' id='word_1_481' title='bbox 2254 1902 2443 1966; x_wconf 91' lang='lat' dir='ltr'><strong>docet;</strong></span> <span class='ocrx_word' id='word_1_482' title='bbox 2484 1899 2541 1954; x_wconf 90' lang='lat' dir='ltr'><strong>in</strong></span> <span class='ocrx_word' id='word_1_483' title='bbox 2585 1899 2693 1955; x_wconf 90' lang='lat' dir='ltr'><strong>isto</strong></span> <span class='ocrx_word' id='word_1_484' title='bbox 2720 1899 2869 1953; x_wconf 92' lang='lat' dir='ltr'><strong>enim</strong></span> <span class='ocrx_word' id='word_1_485' title='bbox 2896 1898 3354 1952; x_wconf 87' lang='lat' dir='ltr'><strong>anathematismo</strong></span> <span class='ocrx_word' id='word_1_486' title='bbox 3385 1895 3554 1956; x_wconf 79' lang='lat' dir='ltr'><strong>dicit:</strong></span> 
     </span>
    </p>
   </div>
   <div class='ocr_carea' id='block_1_64' title="bbox 1991 1987 3567 2062">
    <p class='ocr_par' dir='ltr' id='par_1_64' title="bbox 1991 1987 3567 2062">
     <span class='ocr_line' id='line_1_64' title="bbox 1991 1987 3567 2062; baseline -0.006 -16"><span class='ocrx_word' id='word_1_487' title='bbox 1991 1991 2050 2046; x_wconf 91' lang='lat' dir='ltr'><strong>Si</strong></span> <span class='ocrx_word' id='word_1_488' title='bbox 2079 1992 2194 2062; x_wconf 83' lang='lat' dir='ltr'><strong>quis</strong></span> <span class='ocrx_word' id='word_1_489' title='bbox 2238 1992 2294 2044; x_wconf 87' lang='lat' dir='ltr'><strong>in</strong></span> <span class='ocrx_word' id='word_1_490' title='bbox 2344 2006 2449 2044; x_wconf 88' lang='lat' dir='ltr'><strong>uno</strong></span> <span class='ocrx_word' id='word_1_491' title='bbox 2481 1988 2688 2045; x_wconf 78' lang='lat' dir='ltr'><strong>Christo</strong></span> <span class='ocrx_word' id='word_1_492' title='bbox 2742 1989 3018 2060; x_wconf 57' lang='lat' dir='ltr'><strong>distinguit</strong></span> <span class='ocrx_word' id='word_1_493' title='bbox 3061 1987 3425 2051; x_wconf 79' lang='lat' dir='ltr'><strong>subsistentias</strong></span> <span class='ocrx_word' id='word_1_494' title='bbox 3451 1988 3567 2055; x_wconf 67' lang='lat' dir='ltr'><strong>post</strong></span> 
     </span>
    </p>
   </div>
   <div class='ocr_carea' id='block_1_65' title="bbox 1991 2075 3572 2135">
    <p class='ocr_par' dir='ltr' id='par_1_65' title="bbox 1991 2075 3572 2135">
     <span class='ocr_line' id='line_1_65' title="bbox 1991 2075 3572 2135; baseline -0.004 -1"><span class='ocrx_word' id='word_1_495' title='bbox 1991 2083 2260 2135; x_wconf 85' lang='lat' dir='ltr'><strong>unionem.</strong></span> <span class='ocrx_word' id='word_1_496' title='bbox 2295 2079 2505 2134; x_wconf 87' lang='lat' dir='ltr'><strong>Etenim</strong></span> <span class='ocrx_word' id='word_1_497' title='bbox 2540 2079 2902 2133; x_wconf 74' lang='lat' dir='ltr'><strong>exsistentiam</strong></span> <span class='ocrx_word' id='word_1_498' title='bbox 2938 2078 3139 2131; x_wconf 86' lang='lat' dir='ltr'><strong>iudicat</strong></span> <span class='ocrx_word' id='word_1_499' title='bbox 3175 2075 3246 2131; x_wconf 83' lang='lat' dir='ltr'><strong>ibi</strong></span> <span class='ocrx_word' id='word_1_500' title='bbox 3285 2076 3572 2131; x_wconf 54' lang='lat' dir='ltr'><strong>subsistens</strong></span> 
     </span>
    </p>
   </div>
   <div class='ocr_carea' id='block_1_66' title="bbox 1992 2170 3571 2244">
    <p class='ocr_par' dir='ltr' id='par_1_66' title="bbox 1992 2170 3571 2244">
     <span class='ocr_line' id='line_1_66' title="bbox 1992 2170 3571 2244; baseline -0.002 -16"><span class='ocrx_word' id='word_1_501' title='bbox 1992 2176 2104 2240; x_wconf 87' lang='lat' dir='ltr'><strong>tia;</strong></span> <span class='ocrx_word' id='word_1_502' title='bbox 2135 2190 2239 2228; x_wconf 89' lang='lat' dir='ltr'><strong>non</strong></span> <span class='ocrx_word' id='word_1_503' title='bbox 2283 2175 2423 2228; x_wconf 81' lang='lat' dir='ltr'><strong>enim</strong></span> <span class='ocrx_word' id='word_1_504' title='bbox 2451 2175 2533 2228; x_wconf 87' lang='lat' dir='ltr'><strong>hic</strong></span> <span class='ocrx_word' id='word_1_505' title='bbox 2558 2174 2600 2227; x_wconf 89' lang='grc' dir='ltr'><em>Τ</em></span> <span class='ocrx_word' id='word_1_506' title='bbox 2598 2175 2888 2244; x_wconf 86' lang='lat' dir='ltr'><strong>heaphorus</strong></span> <span class='ocrx_word' id='word_1_507' title='bbox 2922 2175 2979 2227; x_wconf 88' lang='lat' dir='ltr'><strong>in</strong></span> <span class='ocrx_word' id='word_1_508' title='bbox 3020 2188 3125 2226; x_wconf 89' lang='lat' dir='ltr'><strong>uno</strong></span> <span class='ocrx_word' id='word_1_509' title='bbox 3159 2171 3366 2227; x_wconf 77' lang='lat' dir='ltr'><strong>Christo</strong></span> <span class='ocrx_word' id='word_1_510' title='bbox 3397 2170 3571 2226; x_wconf 50' lang='lat' dir='ltr'><strong>subsidi»</strong></span> 
     </span>
    </p>
   </div>
   <div class='ocr_carea' id='block_1_67' title="bbox 1992 2264 3573 2336">
    <p class='ocr_par' dir='ltr' id='par_1_67' title="bbox 1992 2264 3573 2336">
     <span class='ocr_line' id='line_1_67' title="bbox 1992 2264 3573 2336; baseline -0.003 -15"><span class='ocrx_word' id='word_1_511' title='bbox 1992 2268 2213 2322; x_wconf 84' lang='lat' dir='ltr'><strong>stentias</strong></span> <span class='ocrx_word' id='word_1_512' title='bbox 2234 2274 2464 2320; x_wconf 79' lang='lat' dir='ltr'><strong>vocasset</strong></span> <span class='ocrx_word' id='word_1_513' title='bbox 2499 2265 2726 2321; x_wconf 85' lang='lat' dir='ltr'><strong>Nestorii</strong></span> <span class='ocrx_word' id='word_1_514' title='bbox 2755 2264 3107 2336; x_wconf 79' lang='lat' dir='ltr'><strong>blasphemias</strong></span> <span class='ocrx_word' id='word_1_515' title='bbox 3162 2280 3368 2334; x_wconf 83' lang='lat' dir='ltr'><strong>semper</strong></span> <span class='ocrx_word' id='word_1_516' title='bbox 3395 2264 3573 2334; x_wconf 54' lang='lat' dir='ltr'><strong>impuq</strong></span> 
     </span>
    </p>
   </div>
   <div class='ocr_carea' id='block_1_68' title="bbox 1993 2353 3575 2430">
    <p class='ocr_par' dir='ltr' id='par_1_68' title="bbox 1993 2353 3575 2430">
     <span class='ocr_line' id='line_1_68' title="bbox 1993 2353 3575 2430; baseline -0.002 -18"><span class='ocrx_word' id='word_1_517' title='bbox 1993 2375 2184 2430; x_wconf 83' lang='lat' dir='ltr'><strong>gnans,</strong></span> <span class='ocrx_word' id='word_1_518' title='bbox 2208 2359 2309 2412; x_wconf 84' lang='lat' dir='ltr'><strong>nisi</strong></span> <span class='ocrx_word' id='word_1_519' title='bbox 2335 2374 2430 2428; x_wconf 87' lang='lat' dir='ltr'><strong>pro</strong></span> <span class='ocrx_word' id='word_1_520' title='bbox 2467 2357 2773 2411; x_wconf 75' lang='lat' dir='ltr'><strong>substantiis</strong></span> <span class='ocrx_word' id='word_1_521' title='bbox 2803 2356 2928 2411; x_wconf 81' lang='lat' dir='ltr'><strong>illas</strong></span> <span class='ocrx_word' id='word_1_522' title='bbox 2962 2357 3259 2427; x_wconf 85' lang='lat' dir='ltr'><strong>accepisset.</strong></span> <span class='ocrx_word' id='word_1_523' title='bbox 3302 2353 3575 2410; x_wconf 76' lang='lat' dir='ltr'><strong>Similiter</strong></span> 
     </span>
    </p>
   </div>
   <div class='ocr_carea' id='block_1_69' title="bbox 1993 2444 3571 2517">
    <p class='ocr_par' dir='ltr' id='par_1_69' title="bbox 1993 2444 3571 2517">
     <span class='ocr_line' id='line_1_69' title="bbox 1993 2444 3571 2517; baseline -0.002 -14"><span class='ocrx_word' id='word_1_524' title='bbox 1993 2458 2048 2504; x_wconf 89' lang='lat' dir='ltr'><strong>et</strong></span> <span class='ocrx_word' id='word_1_525' title='bbox 2064 2457 2288 2503; x_wconf 90' lang='lat' dir='ltr'><strong>sanctus</strong></span> <span class='ocrx_word' id='word_1_526' title='bbox 2301 2448 2633 2503; x_wconf 86' lang='lat' dir='ltr'><strong>Athanasius</strong></span> <span class='ocrx_word' id='word_1_527' title='bbox 2660 2448 2715 2501; x_wconf 91' lang='lat' dir='ltr'><strong>in</strong></span> <span class='ocrx_word' id='word_1_528' title='bbox 2737 2463 2835 2504; x_wconf 92' lang='lat' dir='ltr'><strong>sua</strong></span> <span class='ocrx_word' id='word_1_529' title='bbox 2861 2448 2928 2502; x_wconf 91' lang='lat' dir='ltr'><strong>ad</strong></span> <span class='ocrx_word' id='word_1_530' title='bbox 2961 2447 3120 2503; x_wconf 77' lang='lat' dir='ltr'><strong>Afros</strong></span> <span class='ocrx_word' id='word_1_531' title='bbox 3145 2446 3376 2517; x_wconf 88' lang='lat' dir='ltr'><strong>epistola</strong></span> <span class='ocrx_word' id='word_1_532' title='bbox 3393 2444 3531 2507; x_wconf 89' lang='lat' dir='ltr'><strong>dicit</strong></span> <span class='ocrx_word' id='word_1_533' title='bbox 3554 2453 3571 2507; x_wconf 64' lang='grc' dir='ltr'><strong>ι</strong></span> 
     </span>
    </p>
   </div>
   <div class='ocr_carea' id='block_1_70' title="bbox 1995 2535 3577 2613">
    <p class='ocr_par' dir='ltr' id='par_1_70' title="bbox 1995 2535 3577 2613">
     <span class='ocr_line' id='line_1_70' title="bbox 1995 2535 3577 2613; baseline -0.002 -19"><span class='ocrx_word' id='word_1_534' title='bbox 1995 2538 2346 2594; x_wconf 84' lang='lat' dir='ltr'><strong>Subsistentia</strong></span> <span class='ocrx_word' id='word_1_535' title='bbox 2395 2539 2690 2613; x_wconf 79' lang='lat' dir='ltr'><strong>substantia</strong></span> <span class='ocrx_word' id='word_1_536' title='bbox 2737 2546 2834 2603; x_wconf 84' lang='lat' dir='ltr'><strong>est,</strong></span> <span class='ocrx_word' id='word_1_537' title='bbox 2884 2554 3049 2610; x_wconf 84' lang='lat' dir='ltr'><strong>neque</strong></span> <span class='ocrx_word' id='word_1_538' title='bbox 3082 2538 3249 2592; x_wconf 78' lang='lat' dir='ltr'><strong>aliam</strong></span> <span class='ocrx_word' id='word_1_539' title='bbox 3301 2535 3577 2608; x_wconf 72' lang='lat' dir='ltr'><strong>signiﬁce-</strong></span> 
     </span>
    </p>
   </div>
   <div class='ocr_carea' id='block_1_71' title="bbox 1995 2627 3575 2700">
    <p class='ocr_par' dir='ltr' id='par_1_71' title="bbox 1995 2627 3575 2700">
     <span class='ocr_line' id='line_1_71' title="bbox 1995 2627 3575 2700; baseline -0.001 -16"><span class='ocrx_word' id='word_1_540' title='bbox 1995 2631 2190 2686; x_wconf 83' lang='lat' dir='ltr'><strong>tionem</strong></span> <span class='ocrx_word' id='word_1_541' title='bbox 2234 2631 2406 2693; x_wconf 77' lang='lat' dir='ltr'><strong>Izabet,</strong></span> <span class='ocrx_word' id='word_1_542' title='bbox 2462 2647 2523 2684; x_wconf 82' lang='lat' dir='ltr'><strong>ac</strong></span> <span class='ocrx_word' id='word_1_543' title='bbox 2573 2630 2745 2700; x_wconf 81' lang='lat' dir='ltr'><strong>ipsnm</strong></span> <span class='ocrx_word' id='word_1_544' title='bbox 2795 2647 2917 2695; x_wconf 86' lang='lat' dir='ltr'><strong>ens;</strong></span> <span class='ocrx_word' id='word_1_545' title='bbox 2948 2629 3096 2700; x_wconf 79' lang='lat' dir='ltr'><strong>quod</strong></span> <span class='ocrx_word' id='word_1_546' title='bbox 3128 2628 3397 2685; x_wconf 76' lang='lat' dir='ltr'><strong>Jeremlas</strong></span> <span class='ocrx_word' id='word_1_547' title='bbox 3426 2627 3575 2684; x_wconf 81' lang='lat' dir='ltr'><strong>exsi-</strong></span> 
     </span>
    </p>
   </div>
   <div class='ocr_carea' id='block_1_72' title="bbox 1997 2720 3578 2782">
    <p class='ocr_par' dir='ltr' id='par_1_72' title="bbox 1997 2720 3578 2782">
     <span class='ocr_line' id='line_1_72' title="bbox 1997 2720 3578 2782; baseline -0.005 -3"><span class='ocrx_word' id='word_1_548' title='bbox 1997 2723 2255 2780; x_wconf 84' lang='lat' dir='ltr'><strong>stentiam</strong></span> <span class='ocrx_word' id='word_1_549' title='bbox 2271 2731 2429 2778; x_wconf 85' lang='lat' dir='ltr'><strong>vocat</strong></span> <span class='ocrx_word' id='word_1_550' title='bbox 2446 2722 2665 2777; x_wconf 87' lang='lat' dir='ltr'><strong>dicens:</strong></span> <span class='ocrx_word' id='word_1_551' title='bbox 2682 2721 2797 2776; x_wconf 87' lang='lat' dir='ltr'><strong>Non</strong></span> <span class='ocrx_word' id='word_1_552' title='bbox 2821 2721 3103 2775; x_wconf 84' lang='lat' dir='ltr'><strong>audierunt</strong></span> <span class='ocrx_word' id='word_1_553' title='bbox 3120 2736 3293 2781; x_wconf 84' lang='lat' dir='ltr'><strong>vocem</strong></span> <span class='ocrx_word' id='word_1_554' title='bbox 3325 2720 3578 2782; x_wconf 66' lang='lat' dir='ltr'><strong>exsistena</strong></span> 
     </span>
    </p>
   </div>
   <div class='ocr_carea' id='block_1_73' title="bbox 1998 2810 3577 2874">
    <p class='ocr_par' dir='ltr' id='par_1_73' title="bbox 1998 2810 3577 2874">
     <span class='ocr_line' id='line_1_73' title="bbox 1998 2810 3577 2874; baseline -0.004 -4"><span class='ocrx_word' id='word_1_555' title='bbox 1998 2816 2127 2871; x_wconf 73' lang='lat' dir='ltr'><strong>tiie’</strong></span> <span class='ocrx_word' id='word_1_556' title='bbox 2170 2826 2342 2870; x_wconf 86' lang='lat' dir='ltr'><strong>:nam</strong></span> <span class='ocrx_word' id='word_1_557' title='bbox 2393 2813 2749 2870; x_wconf 87' lang='lat' dir='ltr'><strong>subsistentia</strong></span> <span class='ocrx_word' id='word_1_558' title='bbox 2795 2823 2851 2868; x_wconf 89' lang='lat' dir='ltr'><strong>et</strong></span> <span class='ocrx_word' id='word_1_559' title='bbox 2898 2814 3202 2871; x_wconf 86' lang='lat' dir='ltr'><strong>substantia</strong></span> <span class='ocrx_word' id='word_1_560' title='bbox 3253 2810 3577 2874; x_wconf 68' lang='lat' dir='ltr'><strong>exsistantla</strong></span> 
     </span>
    </p>
   </div>
   <div class='ocr_carea' id='block_1_74' title="bbox 1999 2902 3580 2977">
    <p class='ocr_par' dir='ltr' id='par_1_74' title="bbox 1999 2902 3580 2977">
     <span class='ocr_line' id='line_1_74' title="bbox 1999 2902 3580 2977; baseline -0.003 -15"><span class='ocrx_word' id='word_1_561' title='bbox 1999 2915 2166 2973; x_wconf 89' lang='lat' dir='ltr'><strong>sunt;</strong></span> <span class='ocrx_word' id='word_1_562' title='bbox 2196 2914 2326 2961; x_wconf 90' lang='lat' dir='ltr'><strong>sunt</strong></span> <span class='ocrx_word' id='word_1_563' title='bbox 2357 2905 2564 2960; x_wconf 89' lang='lat' dir='ltr'><strong>etenim</strong></span> <span class='ocrx_word' id='word_1_564' title='bbox 2619 2913 2676 2959; x_wconf 87' lang='lat' dir='ltr'><strong>et</strong></span> <span class='ocrx_word' id='word_1_565' title='bbox 2705 2905 2999 2959; x_wconf 85' lang='lat' dir='ltr'><strong>exsistunt.</strong></span> <span class='ocrx_word' id='word_1_566' title='bbox 3039 2903 3092 2959; x_wconf 86' lang='lat' dir='ltr'><strong>Si</strong></span> <span class='ocrx_word' id='word_1_567' title='bbox 3125 2904 3250 2977; x_wconf 87' lang='lat' dir='ltr'><strong>quis</strong></span> <span class='ocrx_word' id='word_1_568' title='bbox 3282 2914 3414 2974; x_wconf 83' lang='lat' dir='ltr'><strong>ergo</strong></span> <span class='ocrx_word' id='word_1_569' title='bbox 3451 2902 3580 2958; x_wconf 86' lang='lat' dir='ltr'><strong>sub-</strong></span> 
     </span>
    </p>
   </div>
   <div class='ocr_carea' id='block_1_75' title="bbox 1999 2993 3581 3053">
    <p class='ocr_par' dir='ltr' id='par_1_75' title="bbox 1999 2993 3581 3053">
     <span class='ocr_line' id='line_1_75' title="bbox 1999 2993 3581 3053; baseline -0.001 -1"><span class='ocrx_word' id='word_1_570' title='bbox 1999 2998 2258 3053; x_wconf 85' lang='lat' dir='ltr'><strong>sistentes</strong></span> <span class='ocrx_word' id='word_1_571' title='bbox 2287 2995 2591 3051; x_wconf 87' lang='lat' dir='ltr'><strong>secundum</strong></span> <span class='ocrx_word' id='word_1_572' title='bbox 2626 2996 2770 3051; x_wconf 89' lang='lat' dir='ltr'><strong>hanc</strong></span> <span class='ocrx_word' id='word_1_573' title='bbox 2802 2996 3071 3051; x_wconf 88' lang='lat' dir='ltr'><strong>rationem</strong></span> <span class='ocrx_word' id='word_1_574' title='bbox 3123 3005 3283 3051; x_wconf 88' lang='lat' dir='ltr'><strong>vocat</strong></span> <span class='ocrx_word' id='word_1_575' title='bbox 3325 2993 3581 3051; x_wconf 82' lang='lat' dir='ltr'><strong>substan-</strong></span> 
     </span>
    </p>
   </div>
   <div class='ocr_carea' id='block_1_76' title="bbox 2003 3084 3579 3149">
    <p class='ocr_par' dir='ltr' id='par_1_76' title="bbox 2003 3084 3579 3149">
     <span class='ocr_line' id='line_1_76' title="bbox 2003 3084 3579 3149; baseline 0 -8"><span class='ocrx_word' id='word_1_576' title='bbox 2003 3087 2125 3146; x_wconf 88' lang='lat' dir='ltr'><strong>tias.</strong></span> <span class='ocrx_word' id='word_1_577' title='bbox 2168 3085 2224 3140; x_wconf 87' lang='lat' dir='ltr'><strong>id</strong></span> <span class='ocrx_word' id='word_1_578' title='bbox 2254 3094 2339 3140; x_wconf 92' lang='lat' dir='ltr'><strong>est</strong></span> <span class='ocrx_word' id='word_1_579' title='bbox 2363 3085 2715 3149; x_wconf 76' lang='lat' dir='ltr'><strong>exsistentes,</strong></span> <span class='ocrx_word' id='word_1_580' title='bbox 2739 3100 2844 3139; x_wconf 92' lang='lat' dir='ltr'><strong>nos</strong></span> <span class='ocrx_word' id='word_1_581' title='bbox 2865 3085 3091 3139; x_wconf 89' lang='lat' dir='ltr'><strong>minime</strong></span> <span class='ocrx_word' id='word_1_582' title='bbox 3107 3084 3579 3141; x_wconf 84' lang='lat' dir='ltr'><strong>contradicemus.</strong></span> 
     </span>
    </p>
   </div>
   <div class='ocr_carea' id='block_1_77' title="bbox 2003 3174 3583 3243">
    <p class='ocr_par' dir='ltr' id='par_1_77' title="bbox 2003 3174 3583 3243">
     <span class='ocr_line' id='line_1_77' title="bbox 2003 3174 3583 3243; baseline -0.001 -13"><span class='ocrx_word' id='word_1_583' title='bbox 2003 3175 2377 3232; x_wconf 88' lang='lat' dir='ltr'><strong>Subsistentia</strong></span> <span class='ocrx_word' id='word_1_584' title='bbox 2398 3174 2548 3229; x_wconf 90' lang='lat' dir='ltr'><strong>enim</strong></span> <span class='ocrx_word' id='word_1_585' title='bbox 2574 3174 2629 3228; x_wconf 90' lang='lat' dir='ltr'><strong>in</strong></span> <span class='ocrx_word' id='word_1_586' title='bbox 2654 3174 2733 3243; x_wconf 85' lang='grc' dir='ltr'>τῷ</span> <span class='ocrx_word' id='word_1_587' title='bbox 2758 3190 2867 3229; x_wconf 81' lang='lat' dir='ltr'><strong>esse</strong></span> <span class='ocrx_word' id='word_1_588' title='bbox 2889 3174 3052 3241; x_wconf 87' lang='lat' dir='ltr'><strong>nihil,</strong></span> <span class='ocrx_word' id='word_1_589' title='bbox 3081 3190 3113 3230; x_wconf 88' lang='lat' dir='ltr'><strong>a</strong></span> <span class='ocrx_word' id='word_1_590' title='bbox 3140 3175 3448 3230; x_wconf 88' lang='lat' dir='ltr'><strong>substantia</strong></span> <span class='ocrx_word' id='word_1_591' title='bbox 3472 3174 3583 3231; x_wconf 81' lang='lat' dir='ltr'><strong>dif-</strong></span> 
     </span>
    </p>
   </div>
   <div class='ocr_carea' id='block_1_78' title="bbox 2001 3264 3584 3332">
    <p class='ocr_par' dir='ltr' id='par_1_78' title="bbox 2001 3264 3584 3332">
     <span class='ocr_line' id='line_1_78' title="bbox 2001 3264 3584 3332; baseline 0.001 -12"><span class='ocrx_word' id='word_1_592' title='bbox 2001 3266 2130 3332; x_wconf 80' lang='lat' dir='ltr'><strong>fert,</strong></span> <span class='ocrx_word' id='word_1_593' title='bbox 2175 3267 2271 3321; x_wconf 91' lang='lat' dir='ltr'><strong>sed</strong></span> <span class='ocrx_word' id='word_1_594' title='bbox 2300 3266 2355 3320; x_wconf 89' lang='lat' dir='ltr'><strong>in</strong></span> <span class='ocrx_word' id='word_1_595' title='bbox 2385 3264 2465 3330; x_wconf 88' lang='grc' dir='ltr'>τῷ</span> <span class='ocrx_word' id='word_1_596' title='bbox 2489 3281 2840 3322; x_wconf 88' lang='lat' dir='ltr'><strong>communem</strong></span> <span class='ocrx_word' id='word_1_597' title='bbox 2887 3283 3015 3331; x_wconf 76' lang='lat' dir='ltr'><strong>esse,</strong></span> <span class='ocrx_word' id='word_1_598' title='bbox 3047 3267 3115 3322; x_wconf 91' lang='lat' dir='ltr'><strong>de</strong></span> <span class='ocrx_word' id='word_1_599' title='bbox 3144 3267 3455 3323; x_wconf 88' lang='lat' dir='ltr'><strong>substantia</strong></span> <span class='ocrx_word' id='word_1_600' title='bbox 3498 3266 3584 3321; x_wconf 92' lang='lat' dir='ltr'><strong>lo-</strong></span> 
     </span>
    </p>
   </div>
   <div class='ocr_carea' id='block_1_79' title="bbox 2002 3357 3586 3429">
    <p class='ocr_par' dir='ltr' id='par_1_79' title="bbox 2002 3357 3586 3429">
     <span class='ocr_line' id='line_1_79' title="bbox 2002 3357 3586 3429; baseline 0.002 -18"><span class='ocrx_word' id='word_1_601' title='bbox 2002 3373 2175 3428; x_wconf 83' lang='lat' dir='ltr'><strong>quor;</strong></span> <span class='ocrx_word' id='word_1_602' title='bbox 2212 3357 2570 3413; x_wconf 82' lang='lat' dir='ltr'><strong>subsistentia</strong></span> <span class='ocrx_word' id='word_1_603' title='bbox 2625 3366 2808 3413; x_wconf 88' lang='lat' dir='ltr'><strong>autem</strong></span> <span class='ocrx_word' id='word_1_604' title='bbox 2846 3358 3194 3428; x_wconf 84' lang='lat' dir='ltr'><strong>particularis</strong></span> <span class='ocrx_word' id='word_1_605' title='bbox 3223 3365 3308 3415; x_wconf 84' lang='lat' dir='ltr'><strong>est</strong></span> <span class='ocrx_word' id='word_1_606' title='bbox 3343 3373 3467 3413; x_wconf 92' lang='lat' dir='ltr'><strong>cum</strong></span> <span class='ocrx_word' id='word_1_607' title='bbox 3498 3371 3586 3429; x_wconf 76' lang='lat' dir='ltr'><strong>ge-</strong></span> 
     </span>
    </p>
   </div>
   <div class='ocr_carea' id='block_1_80' title="bbox 2003 3444 3584 3520">
    <p class='ocr_par' dir='ltr' id='par_1_80' title="bbox 2003 3444 3584 3520">
     <span class='ocr_line' id='line_1_80' title="bbox 2003 3444 3584 3520; baseline 0 -16"><span class='ocrx_word' id='word_1_608' title='bbox 2003 3448 2268 3505; x_wconf 84' lang='lat' dir='ltr'><strong>neraliter</strong></span> <span class='ocrx_word' id='word_1_609' title='bbox 2302 3457 2519 3519; x_wconf 90' lang='lat' dir='ltr'><strong>sumpta</strong></span> <span class='ocrx_word' id='word_1_610' title='bbox 2564 3449 2901 3517; x_wconf 87' lang='lat' dir='ltr'><strong>particulare</strong></span> <span class='ocrx_word' id='word_1_611' title='bbox 2945 3445 3155 3520; x_wconf 82' lang='lat' dir='ltr'><strong>aliquid</strong></span> <span class='ocrx_word' id='word_1_612' title='bbox 3200 3444 3420 3513; x_wconf 81' lang='lat' dir='ltr'><strong>habeat.</strong></span> <span class='ocrx_word' id='word_1_613' title='bbox 3462 3448 3584 3504; x_wconf 88' lang='lat' dir='ltr'><strong>Non</strong></span> 
     </span>
    </p>
   </div>
   <div class='ocr_carea' id='block_1_81' title="bbox 2003 3538 3584 3610">
    <p class='ocr_par' dir='ltr' id='par_1_81' title="bbox 2003 3538 3584 3610">
     <span class='ocr_line' id='line_1_81' title="bbox 2003 3538 3584 3610; baseline 0.001 -15"><span class='ocrx_word' id='word_1_614' title='bbox 2003 3554 2134 3610; x_wconf 75' lang='lat' dir='ltr'><strong>ergo</strong></span> <span class='ocrx_word' id='word_1_615' title='bbox 2171 3538 2297 3594; x_wconf 90' lang='lat' dir='ltr'><strong>ideo</strong></span> <span class='ocrx_word' id='word_1_616' title='bbox 2329 3539 2566 3594; x_wconf 88' lang='lat' dir='ltr'><strong>dicimus</strong></span> <span class='ocrx_word' id='word_1_617' title='bbox 2594 3549 2839 3601; x_wconf 86' lang='lat' dir='ltr'><strong>nostram</strong></span> <span class='ocrx_word' id='word_1_618' title='bbox 2872 3539 2927 3594; x_wconf 90' lang='lat' dir='ltr'><strong>in</strong></span> <span class='ocrx_word' id='word_1_619' title='bbox 2953 3540 3174 3599; x_wconf 86' lang='lat' dir='ltr'><strong>Christo</strong></span> <span class='ocrx_word' id='word_1_620' title='bbox 3212 3540 3584 3596; x_wconf 82' lang='lat' dir='ltr'><strong>substantiam</strong></span> 
     </span>
    </p>
   </div>
   <div class='ocr_carea' id='block_1_82' title="bbox 2004 3631 3587 3704">
    <p class='ocr_par' dir='ltr' id='par_1_82' title="bbox 2004 3631 3587 3704">
     <span class='ocr_line' id='line_1_82' title="bbox 2004 3631 3587 3704; baseline 0.003 -18"><span class='ocrx_word' id='word_1_621' title='bbox 2004 3631 2396 3686; x_wconf 87' lang='lat' dir='ltr'><strong>subsistentem</strong></span> <span class='ocrx_word' id='word_1_622' title='bbox 2428 3645 2571 3697; x_wconf 88' lang='lat' dir='ltr'><strong>esse,</strong></span> <span class='ocrx_word' id='word_1_623' title='bbox 2625 3640 2689 3687; x_wconf 86' lang='lat' dir='ltr'><strong>ut</strong></span> <span class='ocrx_word' id='word_1_624' title='bbox 2736 3631 3155 3689; x_wconf 85' lang='lat' dir='ltr'><strong>subsistentiam</strong></span> <span class='ocrx_word' id='word_1_625' title='bbox 3211 3648 3336 3703; x_wconf 72' lang='lat' dir='ltr'><strong>qua:</strong></span> <span class='ocrx_word' id='word_1_626' title='bbox 3377 3648 3476 3704; x_wconf 90' lang='lat' dir='ltr'><strong>per</strong></span> <span class='ocrx_word' id='word_1_627' title='bbox 3525 3649 3587 3690; x_wconf 86' lang='lat' dir='ltr'><strong>se</strong></span> 
     </span>
    </p>
   </div>
   <div class='ocr_carea' id='block_1_83' title="bbox 2010 3721 3587 3796">
    <p class='ocr_par' dir='ltr' id='par_1_83' title="bbox 2010 3721 3587 3796">
     <span class='ocr_line' id='line_1_83' title="bbox 2010 3721 3587 3796; baseline 0.004 -21"><span class='ocrx_word' id='word_1_628' title='bbox 2010 3721 2458 3777; x_wconf 88' lang='lat' dir='ltr'><strong>characteristica</strong></span> <span class='ocrx_word' id='word_1_629' title='bbox 2484 3730 2540 3776; x_wconf 88' lang='lat' dir='ltr'><strong>et</strong></span> <span class='ocrx_word' id='word_1_630' title='bbox 2586 3723 2895 3791; x_wconf 79' lang='lat' dir='ltr'><strong>personalis</strong></span> <span class='ocrx_word' id='word_1_631' title='bbox 2945 3725 3035 3789; x_wconf 89' lang='lat' dir='ltr'><strong>sit,</strong></span> <span class='ocrx_word' id='word_1_632' title='bbox 3077 3725 3174 3780; x_wconf 86' lang='lat' dir='ltr'><strong>sed</strong></span> <span class='ocrx_word' id='word_1_633' title='bbox 3223 3725 3279 3779; x_wconf 93' lang='lat' dir='ltr'><strong>in</strong></span> <span class='ocrx_word' id='word_1_634' title='bbox 3316 3734 3587 3796; x_wconf 88' lang='lat' dir='ltr'><strong>quantum</strong></span> 
     </span>
    </p>
   </div>
   <div class='ocr_carea' id='block_1_84' title="bbox 2007 3813 3588 3883">
    <p class='ocr_par' dir='ltr' id='par_1_84' title="bbox 2007 3813 3588 3883">
     <span class='ocr_line' id='line_1_84' title="bbox 2007 3813 3588 3883; baseline 0 -14"><span class='ocrx_word' id='word_1_635' title='bbox 2007 3813 2222 3871; x_wconf 79' lang='lat' dir='ltr'><strong>exsistit</strong></span> <span class='ocrx_word' id='word_1_636' title='bbox 2252 3820 2310 3867; x_wconf 92' lang='lat' dir='ltr'><strong>et</strong></span> <span class='ocrx_word' id='word_1_637' title='bbox 2347 3821 2450 3869; x_wconf 85' lang='lat' dir='ltr'><strong>est.</strong></span> <span class='ocrx_word' id='word_1_638' title='bbox 2511 3813 2818 3883; x_wconf 87' lang='lat' dir='ltr'><strong>Aliquoties</strong></span> <span class='ocrx_word' id='word_1_639' title='bbox 2863 3815 3011 3871; x_wconf 90' lang='lat' dir='ltr'><strong>enim</strong></span> <span class='ocrx_word' id='word_1_640' title='bbox 3063 3814 3329 3870; x_wconf 84' lang='lat' dir='ltr'><strong>exsistere</strong></span> <span class='ocrx_word' id='word_1_641' title='bbox 3376 3814 3588 3870; x_wconf 89' lang='lat' dir='ltr'><strong>indicat</strong></span> 
     </span>
    </p>
   </div>
   <div class='ocr_carea' id='block_1_85' title="bbox 2007 3903 3585 3969">
    <p class='ocr_par' dir='ltr' id='par_1_85' title="bbox 2007 3903 3585 3969">
     <span class='ocr_line' id='line_1_85' title="bbox 2007 3903 3585 3969; baseline 0.001 -10"><span class='ocrx_word' id='word_1_642' title='bbox 2007 3903 2387 3967; x_wconf 85' lang='lat' dir='ltr'><strong>subsistentia,</strong></span> <span class='ocrx_word' id='word_1_643' title='bbox 2440 3903 2495 3956; x_wconf 91' lang='lat' dir='ltr'><strong>id</strong></span> <span class='ocrx_word' id='word_1_644' title='bbox 2523 3911 2609 3959; x_wconf 83' lang='lat' dir='ltr'><strong>est</strong></span> <span class='ocrx_word' id='word_1_645' title='bbox 2655 3905 2987 3969; x_wconf 87' lang='lat' dir='ltr'><strong>substantia,</strong></span> <span class='ocrx_word' id='word_1_646' title='bbox 3038 3913 3095 3959; x_wconf 87' lang='lat' dir='ltr'><strong>ut</strong></span> <span class='ocrx_word' id='word_1_647' title='bbox 3143 3905 3585 3960; x_wconf 87' lang='lat' dir='ltr'><strong>demonstratum</strong></span> 
     </span>
    </p>
   </div>
   <div class='ocr_carea' id='block_1_86' title="bbox 2007 3995 3586 4068">
    <p class='ocr_par' dir='ltr' id='par_1_86' title="bbox 2007 3995 3586 4068">
     <span class='ocr_line' id='line_1_86' title="bbox 2007 3995 3586 4068; baseline -0.001 -16"><span class='ocrx_word' id='word_1_648' title='bbox 2007 4003 2112 4060; x_wconf 85' lang='lat' dir='ltr'><strong>est,</strong></span> <span class='ocrx_word' id='word_1_649' title='bbox 2130 3996 2351 4065; x_wconf 86' lang='lat' dir='ltr'><strong>quando</strong></span> <span class='ocrx_word' id='word_1_650' title='bbox 2373 3995 2838 4052; x_wconf 87' lang='lat' dir='ltr'><strong>characteristieis</strong></span> <span class='ocrx_word' id='word_1_651' title='bbox 2853 3998 3287 4068; x_wconf 87' lang='lat' dir='ltr'><strong>proprietatibus</strong></span> <span class='ocrx_word' id='word_1_652' title='bbox 3306 4005 3362 4051; x_wconf 90' lang='lat' dir='ltr'><strong>et</strong></span> <span class='ocrx_word' id='word_1_653' title='bbox 3388 3997 3442 4051; x_wconf 91' lang='lat' dir='ltr'><strong>in</strong></span> <span class='ocrx_word' id='word_1_654' title='bbox 3467 4013 3586 4067; x_wconf 84' lang='lat' dir='ltr'><strong>per-</strong></span> 
     </span>
    </p>
   </div>
   <div class='ocr_carea' id='block_1_87' title="bbox 2008 4082 2829 4152">
    <p class='ocr_par' dir='ltr' id='par_1_87' title="bbox 2008 4082 2829 4152">
     <span class='ocr_line' id='line_1_87' title="bbox 2008 4082 2829 4152; baseline -0.002 -14"><span class='ocrx_word' id='word_1_655' title='bbox 2008 4098 2142 4139; x_wconf 85' lang='lat' dir='ltr'><strong>sona</strong></span> <span class='ocrx_word' id='word_1_656' title='bbox 2168 4082 2537 4137; x_wconf 88' lang='lat' dir='ltr'><strong>consideratis</strong></span> <span class='ocrx_word' id='word_1_657' title='bbox 2561 4083 2829 4152; x_wconf 78' lang='lat' dir='ltr'><strong>privatur,</strong></span> 
     </span>
    </p>
   </div>
   <div class='ocr_carea' id='block_1_88' title="bbox 2079 4196 3508 4270">
    <p class='ocr_par' dir='ltr' id='par_1_88' title="bbox 2079 4196 3508 4270">
     <span class='ocr_line' id='line_1_88' title="bbox 2079 4196 3508 4270; baseline 0.001 -19"><span class='ocrx_word' id='word_1_658' title='bbox 2079 4196 2165 4251; x_wconf 78' lang='lat' dir='ltr'><strong>Ea:</strong></span> <span class='ocrx_word' id='word_1_659' title='bbox 2192 4197 2408 4269; x_wconf 84' lang='lat' dir='ltr'><strong>Eulogii</strong></span> <span class='ocrx_word' id='word_1_660' title='bbox 2428 4197 2854 4253; x_wconf 80' lang='lat' dir='ltr'><strong>Defensionibus</strong></span> <span class='ocrx_word' id='word_1_661' title='bbox 2878 4197 2956 4252; x_wconf 87' lang='lat' dir='ltr'><strong>De</strong></span> <span class='ocrx_word' id='word_1_662' title='bbox 2971 4199 3152 4253; x_wconf 86' lang='lat' dir='ltr'><strong>eodem</strong></span> <span class='ocrx_word' id='word_1_663' title='bbox 3177 4210 3508 4270; x_wconf 76' lang='lat' dir='ltr'><strong>argumento.</strong></span> 
     </span>
    </p>
   </div>
   <div class='ocr_carea' id='block_1_89' title="bbox 1550 4341 2363 4436">
    <p class='ocr_par' dir='ltr' id='par_1_89' title="bbox 1550 4341 2363 4436">
     <span class='ocr_line' id='line_1_89' title="bbox 1550 4341 2363 4436; baseline 0.002 -17"><span class='ocrx_word' id='word_1_664' title='bbox 1550 4341 1690 4436; x_wconf 66' lang='lat' dir='ltr'><strong>Aug.</strong></span> <span class='ocrx_word' id='word_1_665' title='bbox 1731 4365 1862 4432; x_wconf 71' lang='lat' dir='ltr'><strong>MM,</strong></span> <span class='ocrx_word' id='word_1_666' title='bbox 1900 4366 1940 4421; x_wconf 87' lang='lat'><strong>1.</strong></span> <span class='ocrx_word' id='word_1_667' title='bbox 1975 4382 2116 4436; x_wconf 76' lang='lat' dir='ltr'><strong>c.-p.</strong></span> <span class='ocrx_word' id='word_1_668' title='bbox 2156 4364 2246 4432; x_wconf 71' lang='lat'><strong>59,</strong></span> <span class='ocrx_word' id='word_1_669' title='bbox 2274 4364 2363 4421; x_wconf 81' lang='lat' dir='ltr'><strong>eo.</strong></span> 
     </span>
    </p>
   </div>
   <div class='ocr_carea' id='block_1_90' title="bbox 415 4480 1892 4556">
    <p class='ocr_par' dir='ltr' id='par_1_90' title="bbox 415 4480 1892 4556">
     <span class='ocr_line' id='line_1_90' title="bbox 415 4480 1892 4556; baseline 0.001 -20"><span class='ocrx_word' id='word_1_670' title='bbox 415 4480 473 4536; x_wconf 83' lang='lat'><strong>&#39;0</strong></span> <span class='ocrx_word' id='word_1_671' title='bbox 507 4480 702 4545; x_wconf 81' lang='grc' dir='ltr'>κοινῶς</span> <span class='ocrx_word' id='word_1_672' title='bbox 730 4483 825 4536; x_wconf 73' lang='grc' dir='ltr'>καὶ</span> <span class='ocrx_word' id='word_1_673' title='bbox 853 4481 911 4535; x_wconf 72' lang='grc' dir='ltr'>ὲν</span> <span class='ocrx_word' id='word_1_674' title='bbox 965 4481 1182 4546; x_wconf 81' lang='grc' dir='ltr'>πολλοῖς</span> <span class='ocrx_word' id='word_1_675' title='bbox 1233 4482 1540 4555; x_wconf 80' lang='grc' dir='ltr'>θεωρεῖται,</span> <span class='ocrx_word' id='word_1_676' title='bbox 1571 4485 1636 4538; x_wconf 91' lang='grc' dir='ltr'><strong>οὐ</strong></span> <span class='ocrx_word' id='word_1_677' title='bbox 1664 4484 1772 4538; x_wconf 74' lang='grc' dir='ltr'>τινὶ</span> <span class='ocrx_word' id='word_1_678' title='bbox 1808 4486 1892 4556; x_wconf 61' lang='grc' dir='ltr'><strong>μὲι</strong></span> 
     </span>
    </p>
   </div>
   <div class='ocr_carea' id='block_1_91' title="bbox 1997 4480 3588 4556">
    <p class='ocr_par' dir='ltr' id='par_1_91' title="bbox 2081 4481 3588 4556">
     <span class='ocr_line' id='line_1_91' title="bbox 2081 4481 3588 4556; baseline -0.003 -16"><span class='ocrx_word' id='word_1_679' title='bbox 2081 4485 2254 4541; x_wconf 91' lang='lat' dir='ltr'><strong>Omne</strong></span> <span class='ocrx_word' id='word_1_680' title='bbox 2288 4483 2437 4556; x_wconf 89' lang='lat' dir='ltr'><strong>quod</strong></span> <span class='ocrx_word' id='word_1_681' title='bbox 2480 4483 2784 4539; x_wconf 84' lang='lat' dir='ltr'><strong>universim</strong></span> <span class='ocrx_word' id='word_1_682' title='bbox 2841 4492 2899 4538; x_wconf 87' lang='lat' dir='ltr'><strong>et</strong></span> <span class='ocrx_word' id='word_1_683' title='bbox 2930 4484 2986 4538; x_wconf 91' lang='lat' dir='ltr'><strong>in</strong></span> <span class='ocrx_word' id='word_1_684' title='bbox 3021 4481 3277 4555; x_wconf 87' lang='lat' dir='ltr'><strong>pluribus</strong></span> <span class='ocrx_word' id='word_1_685' title='bbox 3330 4482 3588 4539; x_wconf 55' lang='lat' dir='ltr'><strong>considea</strong></span> 
     </span>
    </p>
   </div>
   <div class='ocr_carea' id='block_1_92' title="bbox 329 4572 1905 4646">
    <p class='ocr_par' dir='ltr' id='par_1_92' title="bbox 329 4572 1905 4646">
     <span class='ocr_line' id='line_1_92' title="bbox 329 4572 1905 4646; baseline 0.003 -20"><span class='ocrx_word' id='word_1_686' title='bbox 329 4574 517 4638; x_wconf 80' lang='grc' dir='ltr'>πλέον,</span> <span class='ocrx_word' id='word_1_687' title='bbox 548 4575 654 4627; x_wconf 80' lang='grc' dir='ltr'>τινὶ</span> <span class='ocrx_word' id='word_1_688' title='bbox 679 4573 737 4627; x_wconf 77' lang='grc' dir='ltr'><strong>δὲ</strong></span> <span class='ocrx_word' id='word_1_689' title='bbox 771 4572 1012 4641; x_wconf 75' lang='grc' dir='ltr'>ἔλαττον,</span> <span class='ocrx_word' id='word_1_690' title='bbox 1076 4575 1343 4645; x_wconf 85' lang='grc' dir='ltr'>ὑπάρχον,</span> <span class='ocrx_word' id='word_1_691' title='bbox 1370 4576 1528 4630; x_wconf 90' lang='grc' dir='ltr'>οὐσία</span> <span class='ocrx_word' id='word_1_692' title='bbox 1560 4577 1905 4646; x_wconf 76' lang='grc' dir='ltr'>ὀνομάζεται.</span> 
     </span>
    </p>
   </div>
   <div class='ocr_carea' id='block_1_93' title="bbox 342 4663 1906 4740">
    <p class='ocr_par' dir='ltr' id='par_1_93' title="bbox 342 4663 1906 4740">
     <span class='ocr_line' id='line_1_93' title="bbox 342 4663 1906 4740; baseline 0.002 -21"><span class='ocrx_word' id='word_1_693' title='bbox 342 4666 496 4719; x_wconf 57' lang='grc' dir='ltr'><strong>Ἐπεὶ⁵</strong></span> <span class='ocrx_word' id='word_1_694' title='bbox 519 4663 613 4718; x_wconf 78' lang='grc' dir='ltr'>οὖν</span> <span class='ocrx_word' id='word_1_695' title='bbox 636 4664 713 4735; x_wconf 82' lang='grc' dir='ltr'>τῷ</span> <span class='ocrx_word' id='word_1_696' title='bbox 736 4665 1077 4719; x_wconf 78' lang='grc' dir='ltr'>καθὲκαστον</span> <span class='ocrx_word' id='word_1_697' title='bbox 1107 4667 1381 4738; x_wconf 83' lang='grc' dir='ltr'>ἀνθρώπῳ</span> <span class='ocrx_word' id='word_1_698' title='bbox 1408 4670 1466 4734; x_wconf 75' lang='grc' dir='ltr'>ἐξ</span> <span class='ocrx_word' id='word_1_699' title='bbox 1504 4669 1621 4722; x_wconf 73' lang='grc' dir='ltr'>[σου</span> <span class='ocrx_word' id='word_1_700' title='bbox 1644 4670 1906 4740; x_wconf 87' lang='grc' dir='ltr'>πρόσεστι</span> 
     </span>
    </p>
   </div>
   <div class='ocr_carea' id='block_1_94' title="bbox 328 4752 1906 4830">
    <p class='ocr_par' dir='ltr' id='par_1_94' title="bbox 328 4752 1906 4830">
     <span class='ocr_line' id='line_1_94' title="bbox 328 4752 1906 4830; baseline 0.003 -23"><span class='ocrx_word' id='word_1_701' title='bbox 328 4756 392 4808; x_wconf 82' lang='grc' dir='ltr'>τὸ</span> <span class='ocrx_word' id='word_1_702' title='bbox 420 4752 561 4810; x_wconf 80' lang='grc' dir='ltr'>εἶναι</span> <span class='ocrx_word' id='word_1_703' title='bbox 611 4754 792 4825; x_wconf 85' lang='grc' dir='ltr'>σάρκα</span> <span class='ocrx_word' id='word_1_704' title='bbox 837 4754 1241 4827; x_wconf 81' lang='grc' dir='ltr'>ὲμψυχωμένην</span> <span class='ocrx_word' id='word_1_705' title='bbox 1282 4757 1426 4830; x_wconf 76' lang='grc' dir='ltr'>ψυχῇ</span> <span class='ocrx_word' id='word_1_706' title='bbox 1457 4757 1674 4830; x_wconf 87' lang='grc' dir='ltr'>λογικῇ,</span> <span class='ocrx_word' id='word_1_707' title='bbox 1701 4759 1730 4812; x_wconf 80' lang='grc' dir='ltr'><strong>ὅ</strong></span> <span class='ocrx_word' id='word_1_708' title='bbox 1757 4760 1906 4813; x_wconf 69' lang='grc' dir='ltr'>ἔστιν</span> 
     </span>
    </p>
   </div>
   <div class='ocr_carea' id='block_1_95' title="bbox 329 4842 1906 4919">
    <p class='ocr_par' dir='ltr' id='par_1_95' title="bbox 329 4842 1906 4919">
     <span class='ocr_line' id='line_1_95' title="bbox 329 4842 1906 4919; baseline 0.002 -22"><span class='ocrx_word' id='word_1_709' title='bbox 329 4842 712 4913; x_wconf 81' lang='grc' dir='ltr'>ἀνθρωπότης,</span> <span class='ocrx_word' id='word_1_710' title='bbox 745 4844 887 4897; x_wconf 82' lang='grc' dir='ltr'>κατὰ</span> <span class='ocrx_word' id='word_1_711' title='bbox 908 4843 1067 4897; x_wconf 79' lang='grc' dir='ltr'>τοῦτο</span> <span class='ocrx_word' id='word_1_712' title='bbox 1093 4846 1192 4916; x_wconf 72' lang='grc' dir='ltr'>τὴν</span> <span class='ocrx_word' id='word_1_713' title='bbox 1238 4848 1658 4919; x_wconf 80' lang='grc' dir='ltr'>άνθρωπότητα,</span> <span class='ocrx_word' id='word_1_714' title='bbox 1690 4851 1785 4903; x_wconf 72' lang='grc' dir='ltr'>καὶ</span> <span class='ocrx_word' id='word_1_715' title='bbox 1812 4848 1906 4903; x_wconf 84' lang='grc' dir='ltr'><strong>δύο</strong></span> 
     </span>
    </p>
   </div>
   <div class='ocr_carea' id='block_1_96' title="bbox 329 4934 1906 5014">
    <p class='ocr_par' dir='ltr' id='par_1_96' title="bbox 329 4934 1906 5014">
     <span class='ocr_line' id='line_1_96' title="bbox 329 4934 1906 5014; baseline 0.004 -26"><span class='ocrx_word' id='word_1_716' title='bbox 329 4934 529 4988; x_wconf 79' lang='grc' dir='ltr'>οὐσιῶν</span> <span class='ocrx_word' id='word_1_717' title='bbox 559 4935 915 5005; x_wconf 88' lang='grc' dir='ltr'>ὑπάρχουσαν</span> <span class='ocrx_word' id='word_1_718' title='bbox 941 4934 1253 5007; x_wconf 85' lang='grc' dir='ltr'>γνώρισμα,</span> <span class='ocrx_word' id='word_1_719' title='bbox 1303 4940 1433 5011; x_wconf 88' lang='grc' dir='ltr'>μίαν</span> <span class='ocrx_word' id='word_1_720' title='bbox 1459 4943 1645 5014; x_wconf 73' lang='grc' dir='ltr'>φαμὲν</span> <span class='ocrx_word' id='word_1_721' title='bbox 1692 4942 1906 5010; x_wconf 87' lang='grc' dir='ltr'>οὐσίαν,</span> 
     </span>
    </p>
   </div>
   <div class='ocr_carea' id='block_1_97' title="bbox 330 5025 1906 5106">
    <p class='ocr_par' dir='ltr' id='par_1_97' title="bbox 330 5025 1906 5106">
     <span class='ocr_line' id='line_1_97' title="bbox 330 5025 1906 5106; baseline 0.006 -28"><span class='ocrx_word' id='word_1_722' title='bbox 330 5025 410 5089; x_wconf 81' lang='grc' dir='ltr'><strong>ὡς</strong></span> <span class='ocrx_word' id='word_1_723' title='bbox 437 5026 633 5088; x_wconf 85' lang='grc' dir='ltr'>κοινῶς</span> <span class='ocrx_word' id='word_1_724' title='bbox 662 5026 720 5078; x_wconf 83' lang='grc' dir='ltr'>ὲν</span> <span class='ocrx_word' id='word_1_725' title='bbox 763 5027 930 5079; x_wconf 79' lang='grc' dir='ltr'>πᾶσιν</span> <span class='ocrx_word' id='word_1_726' title='bbox 953 5026 1280 5096; x_wconf 82' lang='grc' dir='ltr'>ἀνθρώποις,</span> <span class='ocrx_word' id='word_1_727' title='bbox 1309 5033 1404 5085; x_wconf 80' lang='grc' dir='ltr'>καὶ</span> <span class='ocrx_word' id='word_1_728' title='bbox 1432 5031 1492 5097; x_wconf 76' lang='grc' dir='ltr'><strong>ἐξ</strong></span> <span class='ocrx_word' id='word_1_729' title='bbox 1525 5032 1642 5087; x_wconf 84' lang='grc' dir='ltr'>ῐσου</span> <span class='ocrx_word' id='word_1_730' title='bbox 1668 5033 1906 5106; x_wconf 86' lang='grc' dir='ltr'>θεωρου-</span> 
     </span>
    </p>
   </div>
   <div class='ocr_carea' id='block_1_98' title="bbox 333 5113 1908 5197">
    <p class='ocr_par' dir='ltr' id='par_1_98' title="bbox 333 5113 1908 5197">
     <span class='ocr_line' id='line_1_98' title="bbox 333 5113 1908 5197; baseline 0.008 -30"><span class='ocrx_word' id='word_1_731' title='bbox 333 5114 527 5186; x_wconf 73' lang='grc' dir='ltr'>μένην.</span> <span class='ocrx_word' id='word_1_732' title='bbox 563 5114 687 5167; x_wconf 79' lang='grc' dir='ltr'><strong>Ἐπὶ</strong></span> <span class='ocrx_word' id='word_1_733' title='bbox 707 5113 768 5168; x_wconf 76' lang='grc' dir='ltr'><strong>δὲ</strong></span> <span class='ocrx_word' id='word_1_734' title='bbox 799 5114 897 5185; x_wconf 82' lang='grc' dir='ltr'>τῆς</span> <span class='ocrx_word' id='word_1_735' title='bbox 928 5116 1281 5184; x_wconf 88' lang='grc' dir='ltr'>ὑποστάσεως</span> <span class='ocrx_word' id='word_1_736' title='bbox 1308 5121 1405 5175; x_wconf 81' lang='grc' dir='ltr'>τοῦ</span> <span class='ocrx_word' id='word_1_737' title='bbox 1442 5123 1814 5197; x_wconf 82' lang='grc' dir='ltr'>Ἐμμανουὴλ,</span> <span class='ocrx_word' id='word_1_738' title='bbox 1845 5125 1908 5179; x_wconf 68' lang='lat' dir='ltr'><strong>ob</strong></span> 
     </span>
    </p>
   </div>
   <div class='ocr_carea' id='block_1_99' title="bbox 330 5204 1914 5287">
    <p class='ocr_par' dir='ltr' id='par_1_99' title="bbox 330 5204 1914 5287">
     <span class='ocr_line' id='line_1_99' title="bbox 330 5204 1914 5287; baseline 0.009 -31"><span class='ocrx_word' id='word_1_739' title='bbox 330 5221 515 5275; x_wconf 79' lang='grc' dir='ltr'>φαμεν</span> <span class='ocrx_word' id='word_1_740' title='bbox 545 5204 769 5275; x_wconf 88' lang='grc' dir='ltr'>ποιῆσαι</span> <span class='ocrx_word' id='word_1_741' title='bbox 799 5205 928 5274; x_wconf 87' lang='grc' dir='ltr'>μίαν</span> <span class='ocrx_word' id='word_1_742' title='bbox 951 5207 1136 5263; x_wconf 85' lang='grc' dir='ltr'>οὐσίαν</span> <span class='ocrx_word' id='word_1_743' title='bbox 1157 5209 1256 5286; x_wconf 74' lang='grc' dir='ltr'>τὴν</span> <span class='ocrx_word' id='word_1_744' title='bbox 1280 5210 1474 5265; x_wconf 75' lang='grc' dir='ltr'>ἕνωσιν</span> <span class='ocrx_word' id='word_1_745' title='bbox 1530 5215 1631 5284; x_wconf 86' lang='grc' dir='ltr'>τῆς</span> <span class='ocrx_word' id='word_1_746' title='bbox 1658 5215 1914 5287; x_wconf 76' lang='grc' dir='ltr'>θεότητος</span> 
     </span>
    </p>
   </div>
   <div class='ocr_carea' id='block_1_100' title="bbox 2012 4575 3587 4651">
    <p class='ocr_par' dir='ltr' id='par_1_100' title="bbox 2012 4575 3587 4651">
     <span class='ocr_line' id='line_1_100' title="bbox 2012 4575 3587 4651; baseline -0.004 -19"><span class='ocrx_word' id='word_1_747' title='bbox 2012 4586 2188 4641; x_wconf 89' lang='lat' dir='ltr'><strong>ratur,</strong></span> <span class='ocrx_word' id='word_1_748' title='bbox 2221 4587 2285 4632; x_wconf 90' lang='lat' dir='ltr'><strong>ut</strong></span> <span class='ocrx_word' id='word_1_749' title='bbox 2325 4591 2429 4631; x_wconf 89' lang='lat' dir='ltr'><strong>nec</strong></span> <span class='ocrx_word' id='word_1_750' title='bbox 2474 4575 2569 4632; x_wconf 89' lang='lat' dir='ltr'><strong>alii</strong></span> <span class='ocrx_word' id='word_1_751' title='bbox 2617 4576 2872 4645; x_wconf 87' lang='lat' dir='ltr'><strong>amplius,</strong></span> <span class='ocrx_word' id='word_1_752' title='bbox 2900 4576 2997 4630; x_wconf 89' lang='lat' dir='ltr'><strong>alii</strong></span> <span class='ocrx_word' id='word_1_753' title='bbox 3043 4576 3226 4651; x_wconf 82' lang='lat' dir='ltr'><strong>minus</strong></span> <span class='ocrx_word' id='word_1_754' title='bbox 3274 4577 3587 4639; x_wconf 82' lang='lat' dir='ltr'><strong>conveniat,</strong></span> 
     </span>
    </p>
   </div>
   <div class='ocr_carea' id='block_1_101' title="bbox 2011 4665 3591 4742">
    <p class='ocr_par' dir='ltr' id='par_1_101' title="bbox 2011 4665 3591 4742">
     <span class='ocr_line' id='line_1_101' title="bbox 2011 4665 3591 4742; baseline -0.001 -21"><span class='ocrx_word' id='word_1_755' title='bbox 2011 4668 2169 4722; x_wconf 84' lang='grc' dir='ltr'>οὐσία</span> <span class='ocrx_word' id='word_1_756' title='bbox 2219 4668 2456 4723; x_wconf 90' lang='lat' dir='ltr'><strong>essentia</strong></span> <span class='ocrx_word' id='word_1_757' title='bbox 2516 4667 2858 4722; x_wconf 88' lang='lat' dir='ltr'><strong>nominatur.</strong></span> <span class='ocrx_word' id='word_1_758' title='bbox 2887 4665 3345 4742; x_wconf 82' lang='lat' dir='ltr'><strong>Quandoquidem</strong></span> <span class='ocrx_word' id='word_1_759' title='bbox 3380 4665 3591 4720; x_wconf 88' lang='lat' dir='ltr'><strong>homini</strong></span> 
     </span>
    </p>
   </div>
   <div class='ocr_carea' id='block_1_102' title="bbox 2010 4748 3587 4835">
    <p class='ocr_par' dir='ltr' id='par_1_102' title="bbox 2010 4748 3587 4835">
     <span class='ocr_line' id='line_1_102' title="bbox 2010 4748 3587 4835; baseline -0.003 -19"><span class='ocrx_word' id='word_1_760' title='bbox 2010 4761 2241 4816; x_wconf 88' lang='lat' dir='ltr'><strong>cuilibet</strong></span> <span class='ocrx_word' id='word_1_761' title='bbox 2264 4748 2520 4835; x_wconf 59' lang='lat' dir='ltr'><strong>peraeque</strong></span> <span class='ocrx_word' id='word_1_762' title='bbox 2545 4759 2824 4823; x_wconf 85' lang='lat' dir='ltr'><strong>convenit,</strong></span> <span class='ocrx_word' id='word_1_763' title='bbox 2850 4766 2913 4812; x_wconf 91' lang='lat' dir='ltr'><strong>ut</strong></span> <span class='ocrx_word' id='word_1_764' title='bbox 2932 4759 3004 4812; x_wconf 89' lang='lat' dir='ltr'><strong>sit</strong></span> <span class='ocrx_word' id='word_1_765' title='bbox 3036 4772 3167 4814; x_wconf 89' lang='lat' dir='ltr'><strong>caro</strong></span> <span class='ocrx_word' id='word_1_766' title='bbox 3201 4758 3441 4812; x_wconf 87' lang='lat' dir='ltr'><strong>animata</strong></span> <span class='ocrx_word' id='word_1_767' title='bbox 3467 4756 3587 4811; x_wconf 88' lang='lat' dir='ltr'><strong>ani-</strong></span> 
     </span>
    </p>
   </div>
   <div class='ocr_carea' id='block_1_103' title="bbox 2014 4849 3590 4923">
    <p class='ocr_par' dir='ltr' id='par_1_103' title="bbox 2014 4849 3590 4923">
     <span class='ocr_line' id='line_1_103' title="bbox 2014 4849 3590 4923; baseline -0.004 -15"><span class='ocrx_word' id='word_1_768' title='bbox 2014 4869 2115 4909; x_wconf 81' lang='lat' dir='ltr'><strong>mae</strong></span> <span class='ocrx_word' id='word_1_769' title='bbox 2146 4851 2401 4907; x_wconf 89' lang='lat' dir='ltr'><strong>rationali</strong></span> <span class='ocrx_word' id='word_1_770' title='bbox 2437 4852 2585 4923; x_wconf 86' lang='lat' dir='ltr'><strong>(nam</strong></span> <span class='ocrx_word' id='word_1_771' title='bbox 2620 4851 2674 4905; x_wconf 91' lang='lat' dir='ltr'><strong>in</strong></span> <span class='ocrx_word' id='word_1_772' title='bbox 2699 4851 2806 4906; x_wconf 89' lang='lat' dir='ltr'><strong>hoc</strong></span> <span class='ocrx_word' id='word_1_773' title='bbox 2832 4850 3087 4906; x_wconf 88' lang='lat' dir='ltr'><strong>consistit</strong></span> <span class='ocrx_word' id='word_1_774' title='bbox 3127 4849 3464 4917; x_wconf 85' lang='lat' dir='ltr'><strong>humanitas)</strong></span> <span class='ocrx_word' id='word_1_775' title='bbox 3497 4864 3590 4903; x_wconf 80' lang='lat' dir='ltr'><strong>se-</strong></span> 
     </span>
    </p>
   </div>
   <div class='ocr_carea' id='block_1_104' title="bbox 2008 4938 3595 5010">
    <p class='ocr_par' dir='ltr' id='par_1_104' title="bbox 2008 4938 3595 5010">
     <span class='ocr_line' id='line_1_104' title="bbox 2008 4938 3595 5010; baseline -0.001 -11"><span class='ocrx_word' id='word_1_776' title='bbox 2008 4944 2247 4999; x_wconf 85' lang='lat' dir='ltr'><strong>cundum</strong></span> <span class='ocrx_word' id='word_1_777' title='bbox 2270 4938 2420 4998; x_wconf 90' lang='lat' dir='ltr'><strong>hunc</strong></span> <span class='ocrx_word' id='word_1_778' title='bbox 2441 4957 2662 4998; x_wconf 88' lang='lat' dir='ltr'><strong>sensum</strong></span> <span class='ocrx_word' id='word_1_779' title='bbox 2689 4942 3219 5010; x_wconf 87' lang='lat' dir='ltr'><strong>humanitatem,qua</strong></span> <span class='ocrx_word' id='word_1_780' title='bbox 3244 4939 3595 5001; x_wconf 68' lang='lat' dir='ltr'><strong>naturazduze</strong></span> 
     </span>
    </p>
   </div>
   <div class='ocr_carea' id='block_1_105' title="bbox 2001 5032 3598 5115">
    <p class='ocr_par' dir='ltr' id='par_1_105' title="bbox 2001 5032 3598 5115">
     <span class='ocr_line' id='line_1_105' title="bbox 2001 5032 3598 5115; baseline -0.005 -22"><span class='ocrx_word' id='word_1_781' title='bbox 2001 5042 2483 5108; x_wconf 70' lang='lat' dir='ltr'><strong>repmsentantur,</strong></span> <span class='ocrx_word' id='word_1_782' title='bbox 2529 5050 2695 5093; x_wconf 85' lang='lat' dir='ltr'><strong>unam</strong></span> <span class='ocrx_word' id='word_1_783' title='bbox 2740 5034 3037 5092; x_wconf 86' lang='lat' dir='ltr'><strong>essentiam</strong></span> <span class='ocrx_word' id='word_1_784' title='bbox 3084 5033 3341 5115; x_wconf 74' lang='lat' dir='ltr'><strong>dicimus,</strong></span> <span class='ocrx_word' id='word_1_785' title='bbox 3382 5032 3598 5102; x_wconf 76' lang='lat' dir='ltr'><strong>&#39;quippe</strong></span> 
     </span>
    </p>
   </div>
   <div class='ocr_carea' id='block_1_106' title="bbox 2006 5125 3596 5198">
    <p class='ocr_par' dir='ltr' id='par_1_106' title="bbox 2006 5125 3596 5198">
     <span class='ocr_line' id='line_1_106' title="bbox 2006 5125 3596 5198; baseline -0.003 -16"><span class='ocrx_word' id='word_1_786' title='bbox 2006 5142 2129 5198; x_wconf 76' lang='lat' dir='ltr'><strong>qua:</strong></span> <span class='ocrx_word' id='word_1_787' title='bbox 2177 5126 2456 5184; x_wconf 88' lang='lat' dir='ltr'><strong>communi</strong></span> <span class='ocrx_word' id='word_1_788' title='bbox 2511 5135 2569 5187; x_wconf 87' lang='lat' dir='ltr'><strong>et</strong></span> <span class='ocrx_word' id='word_1_789' title='bbox 2622 5126 2819 5197; x_wconf 66' lang='lat' dir='ltr'><strong>aequali</strong></span> <span class='ocrx_word' id='word_1_790' title='bbox 2869 5127 3082 5181; x_wconf 89' lang='lat' dir='ltr'><strong>ratione</strong></span> <span class='ocrx_word' id='word_1_791' title='bbox 3116 5126 3172 5181; x_wconf 90' lang='lat' dir='ltr'><strong>in</strong></span> <span class='ocrx_word' id='word_1_792' title='bbox 3198 5125 3457 5181; x_wconf 89' lang='lat' dir='ltr'><strong>omnibus</strong></span> <span class='ocrx_word' id='word_1_793' title='bbox 3491 5125 3596 5178; x_wconf 87' lang='lat' dir='ltr'><strong>ho-</strong></span> 
     </span>
    </p>
   </div>
   <div class='ocr_carea' id='block_1_107' title="bbox 2008 5217 3595 5290">
    <p class='ocr_par' dir='ltr' id='par_1_107' title="bbox 2008 5217 3595 5290">
     <span class='ocr_line' id='line_1_107' title="bbox 2008 5217 3595 5290; baseline 0.001 -18"><span class='ocrx_word' id='word_1_794' title='bbox 2008 5217 2254 5273; x_wconf 87' lang='lat' dir='ltr'><strong>minibus</strong></span> <span class='ocrx_word' id='word_1_795' title='bbox 2270 5217 2680 5276; x_wconf 84' lang='lat' dir='ltr'><strong>consideratur.</strong></span> <span class='ocrx_word' id='word_1_796' title='bbox 2715 5217 2785 5270; x_wconf 82' lang='lat' dir='ltr'><strong>At</strong></span> <span class='ocrx_word' id='word_1_797' title='bbox 2814 5217 2870 5271; x_wconf 92' lang='lat' dir='ltr'><strong>in</strong></span> <span class='ocrx_word' id='word_1_798' title='bbox 2905 5218 3188 5290; x_wconf 87' lang='lat' dir='ltr'><strong>hypostasi</strong></span> <span class='ocrx_word' id='word_1_799' title='bbox 3214 5218 3595 5274; x_wconf 88' lang='lat' dir='ltr'><strong>Emmanuelis</strong></span> 
     </span>
    </p>
   </div>
   <div class='ocr_carea' id='block_1_108' title="bbox 330 5294 1892 5372">
    <p class='ocr_par' dir='ltr' id='par_1_108' title="bbox 330 5294 1892 5372">
     <span class='ocr_line' id='line_1_108' title="bbox 330 5294 1892 5372; baseline 0.008 -21"><span class='ocrx_word' id='word_1_800' title='bbox 330 5297 427 5351; x_wconf 81' lang='grc' dir='ltr'>καὶ</span> <span class='ocrx_word' id='word_1_801' title='bbox 457 5296 560 5364; x_wconf 76' lang='grc' dir='ltr'>τῆς</span> <span class='ocrx_word' id='word_1_802' title='bbox 587 5294 1037 5368; x_wconf 72' lang='grc' dir='ltr'>ἁνθρωπότητοςο</span> <span class='ocrx_word' id='word_1_803' title='bbox 1092 5301 1214 5355; x_wconf 71' lang='grc' dir='ltr'>ἐπεὶ</span> <span class='ocrx_word' id='word_1_804' title='bbox 1242 5303 1457 5372; x_wconf 83' lang='grc' dir='ltr'>ἀνάγκη</span> <span class='ocrx_word' id='word_1_805' title='bbox 1489 5307 1585 5358; x_wconf 76' lang='grc' dir='ltr'>καὶ</span> <span class='ocrx_word' id='word_1_806' title='bbox 1608 5307 1666 5359; x_wconf 75' lang='grc' dir='ltr'>ὲν</span> <span class='ocrx_word' id='word_1_807' title='bbox 1691 5306 1892 5366; x_wconf 61' lang='grc' dir='ltr'>πολλοτη</span> 
     </span>
    </p>
   </div>
   <div class='ocr_carea' id='block_1_109' title="bbox 1997 5294 3594 5372">
    <p class='ocr_par' dir='ltr' id='par_1_109' title="bbox 2013 5306 3594 5365">
     <span class='ocr_line' id='line_1_109' title="bbox 2013 5306 3594 5365; baseline -0.001 -1"><span class='ocrx_word' id='word_1_808' title='bbox 2013 5309 2272 5364; x_wconf 87' lang='lat' dir='ltr'><strong>unionem</strong></span> <span class='ocrx_word' id='word_1_809' title='bbox 2338 5306 2644 5363; x_wconf 86' lang='lat' dir='ltr'><strong>divinitatis</strong></span> <span class='ocrx_word' id='word_1_810' title='bbox 2697 5323 2822 5364; x_wconf 88' lang='lat' dir='ltr'><strong>cum</strong></span> <span class='ocrx_word' id='word_1_811' title='bbox 2894 5308 3239 5365; x_wconf 89' lang='lat' dir='ltr'><strong>humanitate</strong></span> <span class='ocrx_word' id='word_1_812' title='bbox 3294 5308 3594 5364; x_wconf 88' lang='lat' dir='ltr'><strong>essentiam</strong></span> 
     </span>
    </p>
   </div>
   <div class='ocr_carea' id='block_1_110' title="bbox 332 5386 1907 5467">
    <p class='ocr_par' dir='ltr' id='par_1_110' title="bbox 332 5386 1907 5467">
     <span class='ocr_line' id='line_1_110' title="bbox 332 5386 1907 5467; baseline 0.007 -25"><span class='ocrx_word' id='word_1_813' title='bbox 332 5386 683 5458; x_wconf 78' lang='grc' dir='ltr'>θεωρεῖσθαι,</span> <span class='ocrx_word' id='word_1_814' title='bbox 714 5386 791 5450; x_wconf 84' lang='grc' dir='ltr'>ὠς</span> <span class='ocrx_word' id='word_1_815' title='bbox 837 5388 1239 5446; x_wconf 74' lang='grc' dir='ltr'>ἀποδέδεικται.</span> <span class='ocrx_word' id='word_1_816' title='bbox 1285 5394 1349 5447; x_wconf 76' lang='lat' dir='ltr'><strong>Et</strong></span> <span class='ocrx_word' id='word_1_817' title='bbox 1387 5394 1483 5450; x_wconf 77' lang='grc' dir='ltr'>οὖν</span> <span class='ocrx_word' id='word_1_818' title='bbox 1537 5396 1667 5467; x_wconf 88' lang='grc' dir='ltr'>μίαν</span> <span class='ocrx_word' id='word_1_819' title='bbox 1718 5399 1907 5453; x_wconf 87' lang='grc' dir='ltr'>οὐσίαν</span> 
     </span>
    </p>
   </div>
   <div class='ocr_carea' id='block_1_111' title="bbox 331 5474 1913 5561">
    <p class='ocr_par' dir='ltr' id='par_1_111' title="bbox 331 5474 1913 5561">
     <span class='ocr_line' id='line_1_111' title="bbox 331 5474 1913 5561; baseline 0.009 -31"><span class='ocrx_word' id='word_1_820' title='bbox 331 5477 469 5547; x_wconf 72' lang='grc' dir='ltr'>φασὶ</span> <span class='ocrx_word' id='word_1_821' title='bbox 500 5474 751 5545; x_wconf 70' lang='grc' dir='ltr'>γενέσθαι</span> <span class='ocrx_word' id='word_1_822' title='bbox 772 5476 842 5530; x_wconf 85' lang='grc' dir='ltr'><strong>τὰ</strong></span> <span class='ocrx_word' id='word_1_823' title='bbox 877 5476 990 5543; x_wconf 82' lang='grc' dir='ltr'>δύο,</span> <span class='ocrx_word' id='word_1_824' title='bbox 1019 5481 1239 5546; x_wconf 81' lang='grc' dir='ltr'>πάντως</span> <span class='ocrx_word' id='word_1_825' title='bbox 1265 5501 1368 5538; x_wconf 90' lang='grc' dir='ltr'><strong>που</strong></span> <span class='ocrx_word' id='word_1_826' title='bbox 1394 5489 1495 5556; x_wconf 80' lang='grc' dir='ltr'>τῆς</span> <span class='ocrx_word' id='word_1_827' title='bbox 1536 5489 1792 5561; x_wconf 84' lang='grc' dir='ltr'>τοιαύτης</span> <span class='ocrx_word' id='word_1_828' title='bbox 1821 5490 1913 5547; x_wconf 78' lang='grc' dir='ltr'>οὐ-</span> 
     </span>
    </p>
   </div>
   <div class='ocr_carea' id='block_1_112' title="bbox 335 5570 1918 5655">
    <p class='ocr_par' dir='ltr' id='par_1_112' title="bbox 335 5570 1918 5655">
     <span class='ocr_line' id='line_1_112' title="bbox 335 5570 1918 5655; baseline 0.006 -28"><span class='ocrx_word' id='word_1_829' title='bbox 335 5572 460 5635; x_wconf 80' lang='grc' dir='ltr'>σίας</span> <span class='ocrx_word' id='word_1_830' title='bbox 493 5570 846 5640; x_wconf 80' lang='grc' dir='ltr'>μετειλήφασι</span> <span class='ocrx_word' id='word_1_831' title='bbox 869 5576 963 5625; x_wconf 78' lang='grc' dir='ltr'>καὶ</span> <span class='ocrx_word' id='word_1_832' title='bbox 992 5573 1192 5647; x_wconf 71' lang='grc' dir='ltr'>ἕτεροι,</span> <span class='ocrx_word' id='word_1_833' title='bbox 1220 5577 1313 5632; x_wconf 73' lang='grc' dir='ltr'>καὶ</span> <span class='ocrx_word' id='word_1_834' title='bbox 1344 5578 1402 5650; x_wconf 73' lang='grc' dir='ltr'>ἐξ</span> <span class='ocrx_word' id='word_1_835' title='bbox 1432 5580 1548 5634; x_wconf 70' lang='grc' dir='ltr'>[σου</span> <span class='ocrx_word' id='word_1_836' title='bbox 1582 5581 1659 5655; x_wconf 78' lang='grc' dir='ltr'><strong>τῷ</strong></span> <span class='ocrx_word' id='word_1_837' title='bbox 1707 5585 1918 5655; x_wconf 84' lang='grc' dir='ltr'><strong>Ἐμμα-</strong></span> 
     </span>
    </p>
   </div>
   <div class='ocr_carea' id='block_1_113' title="bbox 402 5682 871 5746">
    <p class='ocr_par' dir='ltr' id='par_1_113' title="bbox 402 5682 871 5746">
     <span class='ocr_line' id='line_1_113' title="bbox 402 5682 871 5746; baseline 0.002 -7"><span class='ocrx_word' id='word_1_838' title='bbox 402 5685 426 5725; x_wconf 73' lang='grc'>³</span> <span class='ocrx_word' id='word_1_839' title='bbox 458 5683 659 5746; x_wconf 72' lang='lat' dir='ltr'><strong>Jerem.</strong></span> <span class='ocrx_word' id='word_1_840' title='bbox 693 5699 757 5746; x_wconf 83' lang='lat' dir='ltr'><strong>x,</strong></span> <span class='ocrx_word' id='word_1_841' title='bbox 784 5682 871 5740; x_wconf 80' lang='lat' dir='ltr'><strong>lo.</strong></span> 
     </span>
    </p>
   </div>
   <div class='ocr_carea' id='block_1_114' title="bbox 739 5775 1566 5851">
    <p class='ocr_par' dir='ltr' id='par_1_114' title="bbox 739 5775 1566 5851">
     <span class='ocr_line' id='line_1_114' title="bbox 739 5775 1566 5851; baseline 0.017 -14"><span class='ocrx_word' id='word_1_842' title='bbox 739 5775 1009 5838; x_wconf 76' lang='grc' dir='ltr'>ΡΑτιιοι.</span> <span class='ocrx_word' id='word_1_843' title='bbox 1055 5777 1175 5843; x_wconf 82' lang='lat' dir='ltr'><strong>Gn.</strong></span> <span class='ocrx_word' id='word_1_844' title='bbox 1219 5783 1539 5851; x_wconf 71' lang='lat' dir='ltr'><strong>LXXXV!</strong></span> <span class='ocrx_word' id='word_1_845' title='bbox 1551 5833 1566 5850; x_wconf 94' lang='lat'><strong>.</strong></span> 
     </span>
    </p>
   </div>
   <div class='ocr_carea' id='block_1_115' title="bbox 2014 5399 3596 5472">
    <p class='ocr_par' dir='ltr' id='par_1_115' title="bbox 2014 5399 3596 5472">
     <span class='ocr_line' id='line_1_115' title="bbox 2014 5399 3596 5472; baseline 0 -18"><span class='ocrx_word' id='word_1_846' title='bbox 2014 5416 2180 5459; x_wconf 83' lang='lat' dir='ltr'><strong>unam</strong></span> <span class='ocrx_word' id='word_1_847' title='bbox 2211 5415 2473 5472; x_wconf 75' lang='lat' dir='ltr'><strong>negamus</strong></span> <span class='ocrx_word' id='word_1_848' title='bbox 2507 5399 2897 5466; x_wconf 90' lang='lat' dir='ltr'><strong>constituisse;</strong></span> <span class='ocrx_word' id='word_1_849' title='bbox 2926 5399 3133 5469; x_wconf 88' lang='lat' dir='ltr'><strong>alioqui</strong></span> <span class='ocrx_word' id='word_1_850' title='bbox 3163 5400 3458 5456; x_wconf 88' lang='lat' dir='ltr'><strong>essentiam</strong></span> <span class='ocrx_word' id='word_1_851' title='bbox 3488 5400 3596 5454; x_wconf 37' lang='lat' dir='ltr'><strong>hue</strong></span> 
     </span>
    </p>
   </div>
   <div class='ocr_carea' id='block_1_116' title="bbox 2005 5492 3600 5572">
    <p class='ocr_par' dir='ltr' id='par_1_116' title="bbox 2005 5492 3600 5572">
     <span class='ocr_line' id='line_1_116' title="bbox 2005 5492 3600 5572; baseline -0.002 -24"><span class='ocrx_word' id='word_1_852' title='bbox 2005 5494 2249 5565; x_wconf 84' lang='lat' dir='ltr'><strong>jusmodi</strong></span> <span class='ocrx_word' id='word_1_853' title='bbox 2296 5494 2354 5548; x_wconf 92' lang='lat' dir='ltr'><strong>in</strong></span> <span class='ocrx_word' id='word_1_854' title='bbox 2402 5493 2591 5548; x_wconf 91' lang='lat' dir='ltr'><strong>multis</strong></span> <span class='ocrx_word' id='word_1_855' title='bbox 2615 5492 2864 5572; x_wconf 84' lang='lat' dir='ltr'><strong>perspici</strong></span> <span class='ocrx_word' id='word_1_856' title='bbox 2885 5495 3263 5549; x_wconf 89' lang='lat' dir='ltr'><strong>necessarium</strong></span> <span class='ocrx_word' id='word_1_857' title='bbox 3292 5494 3453 5550; x_wconf 79' lang='lat' dir='ltr'><strong>foret.</strong></span> <span class='ocrx_word' id='word_1_858' title='bbox 3491 5494 3600 5550; x_wconf 61' lang='lat' dir='ltr'><strong>Na.</strong></span> 
     </span>
    </p>
   </div>
   <div class='ocr_carea' id='block_1_117' title="bbox 2016 5587 3597 5661">
    <p class='ocr_par' dir='ltr' id='par_1_117' title="bbox 2016 5587 3597 5661">
     <span class='ocr_line' id='line_1_117' title="bbox 2016 5587 3597 5661; baseline 0.004 -18"><span class='ocrx_word' id='word_1_859' title='bbox 2016 5598 2138 5644; x_wconf 89' lang='lat' dir='ltr'><strong>tura</strong></span> <span class='ocrx_word' id='word_1_860' title='bbox 2183 5588 2354 5655; x_wconf 90' lang='lat' dir='ltr'><strong>enim,</strong></span> <span class='ocrx_word' id='word_1_861' title='bbox 2407 5588 2513 5643; x_wconf 87' lang='lat' dir='ltr'><strong>hoc</strong></span> <span class='ocrx_word' id='word_1_862' title='bbox 2560 5595 2645 5644; x_wconf 89' lang='lat' dir='ltr'><strong>est</strong></span> <span class='ocrx_word' id='word_1_863' title='bbox 2684 5587 2947 5656; x_wconf 86' lang='lat' dir='ltr'><strong>essentia,</strong></span> <span class='ocrx_word' id='word_1_864' title='bbox 2985 5588 3041 5643; x_wconf 91' lang='lat' dir='ltr'><strong>in</strong></span> <span class='ocrx_word' id='word_1_865' title='bbox 3090 5589 3282 5645; x_wconf 88' lang='lat' dir='ltr'><strong>multis</strong></span> <span class='ocrx_word' id='word_1_866' title='bbox 3337 5603 3597 5661; x_wconf 69' lang='lat' dir='ltr'><strong>peraeque</strong></span> 
     </span>
    </p>
   </div>
   <div class='ocr_carea' id='block_1_118' title="bbox 3156 5796 3232 5869">
    <p class='ocr_par' dir='ltr' id='par_1_118' title="bbox 3156 5796 3232 5869">
     <span class='ocr_line' id='line_1_118' title="bbox 3156 5796 3232 5869; baseline 0 0"><span class='ocrx_word' id='word_1_867' title='bbox 3156 5796 3232 5869; x_wconf 78' lang='lat'><strong>93</strong></span> 
     </span>
    </p>
   </div>
  </div>
