4072 6304
657 372 795 434 29πῦ

1688 368 1746 431 S.
1781 371 2093 436 EULOGII
2126 377 2480 440 ARCHI‘EP.
2518 380 2896 442 ALEXAND.

3735 390 3848 451 2956

655 494 962 555 spectatur,
995 495 1055 541 ut
1078 493 1359 542 ostensum
1381 495 1484 541 est.
1514 485 1571 541 Si
1596 486 1763 558 igitur
1782 496 2032 544 naturam
2058 503 2221 544 unam
2254 544 2263 572 Δ

2254 517 2300 575 Α
2323 490 2508 560 νουὴ).,
2532 490 2667 560 ὅπερ
2687 490 2788 544 οὐκ
2812 490 2947 546 ἔστι.
2970 492 3119 563 Μηδὲ
3137 493 3388 549 τοσοῦτον
3408 499 3846 573 παραφρονήσιιαν

653 577 922 633 ambabus
972 578 1231 633 constitui
1284 576 1574 643 amrment,
1604 578 1854 634 essentia
1883 578 2129 650 ejusdem
2157 595 2222 636 ac

655 670 977 725 Emmanuel
1019 669 1111 723 alii
1162 680 1444 725 consortes
1492 678 1677 736 erunt,
1704 670 1851 740 quod
1885 687 2076 727 verum
2108 687 2219 726 non

2327 581 2378 633 οί
2410 581 2504 633 νῦν
2554 579 2908 647 συκοφάνται,
2936 582 2985 633 εἰ
3017 582 3108 635 καὶ
3160 582 3279 636 λίαν
3329 584 3594 657 θεομάχοι
3649 590 3738 641 καὶ
3771 590 3847 658 τῆς

2326 670 2585 740 ἀληθείας
2609 670 2796 741 ἐχθροὶ
2822 669 3214 742 καθεστήκασι.

654 773 756 816 est.
790 762 901 817 Nec
934 761 1022 816 isti
1061 762 1433 833 schphanta,
1480 763 1784 833 quamlibet
1846 763 1959 820 Deo
2014 765 2220 821 bellum
2259 764 2519 831 inferant,
2549 780 2617 819 eo
2650 764 2904 820 amentia
2930 766 3202 830 venerint,
3234 775 3295 821 ut
3323 776 3379 823 et
3407 767 3518 823 hoc
3552 777 3793 826 astruant.

1042 874 1111 929 Et
1153 875 1468 946 quibusdam
1497 877 1781 947 interjectis
1816 895 1834 931 :

726 963 1155 1029 Humanitatem,
1190 966 1319 1035 quia
1342 980 1410 1020 ex
1445 965 1679 1021 diversis
1728 968 1892 1023 rebus
1918 969 2220 1038 composita

653 1068 759 1121 est,
795 1057 959 1112 unius
986 1057 1240 1111 essentia
1295 1057 1563 1121 dicimus,
1624 1074 1731 1112 non
1783 1058 2005 1127 quidem
2036 1060 2220 1113 habita

654 1149 868 1203 ratione
909 1147 1105 1202 anima
1137 1155 1194 1201 et
1240 1148 1505 1216 corporis,
1540 1148 1633 1202 sed
1689 1150 1862 1218 magis
1907 1150 2027 1219 ejus
2074 1149 2220 1218 quod

654 1253 943 1295 commune
965 1246 1081 1304 est;
1105 1238 1307 1308 quippe
1325 1254 1448 1293 cum
1476 1239 1531 1292 in
1555 1239 1811 1294 omnibus
1832 1255 1955 1309 qua
1972 1241 2220 1310 ejusdem

543 1390 555 1400 ι
655 1329 857 1399 speciei
901 1337 1063 1392 sunt,
1107 1329 1476 1383 communiter
1520 1328 1921 1383 consideretur.
1955 1328 2091 1383 Nam
2128 1343 2218 1383 es—

654 1422 847 1477 sentia
873 1418 1123 1474 deﬁnitio
1151 1419 1268 1473 hac
1318 1426 1425 1483 est,
1486 1433 1651 1488 quam
1705 1417 1941 1473 Basilius
1994 1418 2221 1473 tradidit

653 1510 889 1571 dicendo
942 1508 1453 1576 :Quemadmodum
1509 1522 1800 1563 commune
1853 1522 1910 1561 se
1944 1507 2112 1562 habet
2150 1505 2217 1561 ad

651 1601 1005 1671 particulare,
1027 1600 1106 1654 sic
1139 1598 1377 1654 essentia
1418 1598 1487 1653 ad
1508 1598 1862 1669 hypostasim.
1887 1595 2059 1666 Igitur
2079 1597 2220 1652 ratio

654 1691 1065 1747 communitatis
1124 1688 1543 1754 humanitatem,
1610 1703 1734 1758 qua
1789 1686 1845 1741 in
1903 1687 2220 1742 hominibus

654 1783 974 1853 inspicitur,
1001 1781 1162 1837 unius
1189 1796 1309 1837 esse
1331 1778 1586 1835 essentia
1608 1778 1846 1833 dicimus
1870 1797 1884 1832 :
1914 1779 2043 1848 quia
2069 1793 2219 1833 com-

2862 878 2968 933 Kal
3003 878 3130 947 μεθ’
3154 878 3324 947 ἔτερα
3339 894 3353 909 ·

2396 969 2507 1039 Τὴν
2557 968 2953 1040 ἁνθρωπότητα
3005 968 3257 1022 σύνθετον
3310 965 3479 1024 οὖσαν
3523 971 3585 1036 ἐξ
3628 971 3844 1042 ἀνομοίων

2325 1062 2664 1130 πραγμάτων
2699 1062 2828 1130 μιᾶς
2855 1060 3042 1123 οὐσίας
3075 1061 3274 1129 φαμὲν,
3305 1063 3366 1114 οὐ
3399 1063 3539 1133 πρὶς
3586 1065 3679 1132 τὴν
3702 1064 3845 1129 Stupo-

2324 1154 2425 1221 ρὰν
2461 1152 2561 1221 τῆς
2598 1151 2776 1222 ψυχῆς
2829 1150 2924 1205 καὶ
2950 1150 3228 1219 σώματος,
3277 1151 3414 1205 ἀλλὰ
3445 1152 3582 1222 πρὸς
3625 1154 3682 1204 τὸ
3707 1153 3844 1205 κοινὸν

2321 1243 2635 1314 ἀφορῶντες
2654 1260 2669 1274 ·
2709 1243 2793 1296 ὅτι
2852 1241 3047 1304 κοινῶς
3068 1243 3125 1294 ἐν
3149 1243 3284 1295 πᾶσι
3324 1244 3440 1305 τοϊς
3471 1243 3562 1295 ὑπ’
3586 1242 3710 1296 αὐτὸ
3742 1244 3841 1295 ἁνα-

2321 1333 2573 1400 γομένοις
2639 1331 2946 1402 θεωρεῖται.
3012 1327 3179 1396 Οὗτος
3225 1332 3330 1400 γάρ
3388 1334 3507 1384 ἔστι
3553 1335 3648 1399 τῆς
3694 1333 3839 1394 οὐσίας

2322 1422 2469 1491 ὅρος,
2506 1421 2581 1485 ὡς
2636 1421 2919 1485 Βασίλειος
2968 1422 3255 1476 ἐπαίδευσε
3282 1422 3481 1490 λέγων,
3534 1424 3616 1475 ὅτι
3649 1424 3732 1475 Ὃν
3756 1422 3839 1491 {zu

2322 1516 2481 1583 λόγον
2516 1517 2578 1570 τὸ
2625 1516 2803 1585 κοινρν
2830 1517 3056 1588 πρὸς-κτὰ
3101 1517 3253 1579 ἴδιον,
3282 1516 3475 1569 τοῦτον
3530 1516 3638 1587 ιχει
3668 1516 3834 1584 ἡούσία

2323 1606 2459 1677 πρὸς
2498 1606 2596 1677 τὴν
2639 1605 2957 1661 ὑπόστασιν.
2991 1605 3149 1660 Κατὰ
3179 1604 3371 1658 τοῦτον
3397 1604 3495 1658 οὖν
3521 1604 3611 1657 τὸν
3651 1608 3735 1671 τῆς
3756 1620 3838 1656 κοι-

2321 1696 2543 1767 νότητος
2571 1697 2748 1765 λόγον,
2787 1697 2917 1766 μιᾶς
2946 1696 3135 1758 οὐσίας
3158 1694 3334 1764 φαμὲν
3357 1695 3459 1765 τὴν
3486 1698 3545 1747 ἐν
3586 1694 3834 1764 ἀνθρώτωις

2322 1786 2718 1858 ἀνθρωπότητα
2739 1802 2755 1819 ·
2786 1788 2868 1840 ὅτι
2903 1785 3097 1849 κοινῶς
3123 1787 3182 1838 ὲν
3232 1787 3402 1839 πᾶσιν
3453 1784 3835 1855 ἀνθρώποιςτοᾱ

654 1874 807 1929 muni
830 1874 1045 1928 ratione
1066 1871 1319 1927 omnibus
1340 1879 1396 1925 et
1417 1870 1714 1939 unicuique
1741 1868 1953 1923 homini
1977 1885 2043 1925 ex
2064 1884 2223 1939 aquo
2256 1866 2262 1923 1

2256 1866 2297 1925 Β
2327 1876 2447 1929 καθ’
2472 1875 2701 1928 ἕκαστον
2730 1875 2823 1928 καὶ
2853 1874 2910 1941 ἐξ
2941 1873 3055 1927 ἴσου
3101 1873 3337 1944 ὑπάρχει
3369 1873 3434 1926 τὸ
3459 1868 3596 1927 εἶναι
3623 1872 3743 1938 ζῶον
3773 1871 3831 1923 λο-

654 1964 913 2020 convcnit
955 1972 1016 2017 ut
1060 1962 1132 2017 sit
1167 1960 1368 2015 animal
1416 1959 1704 2024 rationale,
1746 1958 2123 2028 intelligentia
2167 1967 2224 2013 et

656 2055 959 2124 disciplina
983 2068 1172 2123 capax.
1202 2052 1356 2108 Istaec
1378 2051 1528 2107 enim
1572 2050 1931 2105 humanitatis
1969 2048 2221 2106 deﬁnitio

655 2154 758 2201 est.
783 2145 885 2202 Ubi
915 2159 1046 2199 vero
1068 2155 1363 2213 pensamus
1390 2156 1454 2197 ea
1476 2156 1542 2196 ex
1564 2139 1767 2210 quibus
1790 2148 2028 2205 constat,
2055 2150 2221 2210 atque

656 2235 891 2289 animam
934 2232 1301 2297 nominamus,
1334 2238 1388 2285 et
1425 2244 1627 2299 corpus
1657 2228 2093 2293 consideramus,
2121 2243 2220 2283 ne-

656 2341 930 2396 quaquam
954 2323 1263 2379 inﬁciamur
1284 2330 1578 2389 utrumque
1601 2318 1830 2374 diversa
1845 2328 2053 2374 natura
2076 2334 2219 2385 esse,

654 2428 712 2473 et
736 2432 856 2488 qua
884 2414 1247 2471 essentiarum
1273 2413 1465 2468 harum
1491 2411 1712 2482 propria
1733 2418 1882 2476 sunt,
1904 2411 2069 2465 etiam
2095 2419 2219 2481 post

657 2508 960 2564 unitionem
991 2520 1231 2561 manere.
1261 2504 1395 2559 Nam
1433 2502 1478 2558 si
1509 2516 1711 2571 corpus
1753 2509 1810 2556 et
1860 2501 2043 2555 anima
2092 2511 2221 2556 sunt

653 2599 898 2670 ejusdem
927 2607 1199 2661 essentia,
1232 2591 1677 2665 quandoquidem
1710 2590 1902 2647 eadem
1952 2591 2091 2646 ratio
2137 2599 2223 2647 est

656 2704 845 2744 eorum
881 2703 1003 2757 qua
1032 2684 1409 2741 coessentialia
1440 2691 1571 2737 sunt
1604 2680 1835 2752 (alioqui
1863 2696 1997 2736 vero
2022 2697 2223 2751 corpus

656 2778 985 2847 corruptela
1007 2775 1305 2833 obnoxium
1319 2772 1448 2844 est),
1467 2772 1698 2828 omnino
1714 2770 1966 2841 sequitur
1985 2772 2221 2826 animam

2328 1959 2485 2028 γικδν
2516 1959 2729 2032 θνητὸν,
2765 1960 2857 2014 νοῦ
2916 1962 3010 2014 καὶ
3049 1961 3362 2032 ἐπιστήμης
3416 1960 3687 2015 δεκτικόν·
3717 1952 3831 2020 οὗτος

2325 2050 2434 2123 γὰρ
2484 2053 2513 2104 ὁ
2550 2052 2675 2120 ὄρος
2706 2052 2804 2120 τῆς
2834 2051 3274 2123 ἀνθρωπότητος.
3321 2051 3499 2107 Ἐπὰν
3524 2051 3579 2105 δὲ
3606 2050 3670 2103 τὰ
3704 2051 3752 2114 ἐξ
3778 2042 3829 2102 ὧν

2325 2141 2441 2194 ἔστι
2471 2140 2838 2212 λογισώμεθα,
2866 2141 2958 2195 καὶ
2979 2142 3156 2214 ψυχὴν
3193 2142 3573 2213 ὀνομάσωμεν,
3601 2142 3686 2195 καὶ
3711 2140 3827 2208 σῶμα

2327 2231 2712 2302 σκοπήσωμεν,
2747 2232 2809 2284 τὸ
2839 2233 3131 2303 ἑτεροφυὲς
3161 2234 3256 2287 καὶ
3282 2232 3354 2285 τὰ
3380 2234 3489 2287 [δια
3529 2232 3633 2286 τῶν
3679 2230 3826 2284 οὐσιῶν

2326 2322 2421 2374 καὶ
2451 2323 2589 2391 μετὰ
2614 2321 2710 2390 τὴν
2752 2322 2947 2377 ἕνωσιν
2986 2324 3084 2377 οὐκ
3111 2321 3508 2395 ἀρνηθείημεν.
3541 2323 3601 2375 Et
3629 2323 3722 2391 γὰρ
3755 2318 3825 2383 τῆς

2322 2412 2491 2484 αὐτῆς
2518 2413 2707 2477 οὐσίας
2736 2413 2797 2467 τὸ
2825 2413 2983 2486 σῶμα
3016 2416 3108 2467 καὶ
3129 2417 3162 2485 ἡ
3185 2415 3355 2485 ψυχὴ,
3378 2416 3484 2468 τῶν
3506 2414 3561 2467 δὲ
3589 2406 3824 2482 ὁμοουσιων

2321 2503 2349 2555 ὁ
2373 2503 2535 2565 αὐτὸς
2560 2504 2740 2572 λόγος,
2775 2504 3012 2576 φθαρτὸν
3043 2504 3098 2558 δὲ
3126 2504 3187 2559 τὸ
3220 2505 3408 2575 σῶμα,
3443 2503 3625 2557 οὐκοῦν
3649 2503 3739 2573 ἄρα
3759 2499 3824 2549 καὶ

2324 2595 2357 2662 ἡ
2389 2593 2535 2666 ψυχὴ
2554 2594 2945 2665 διαφθείρεται,
2978 2597 3072 2648 καὶ
3109 2595 3168 2647 τὸ
3193 2594 3377 2663 λέγειν
3429 2594 3676 2648 ἀθάνατον
3722 2585 3823 2641 slva:

2324 2685 2423 2758 τὴν
2459 2685 2656 2756 ψυχὴν,
2703 2685 2897 2756 ψευδὲς
2941 2685 3393 2756 ἀναδειχθήσεται
3444 2686 3530 2740 διὰ
3571 2685 3660 2747 τὰς
3711 2677 3823 2749 ὑμῶν

2326 2774 2584 2844 ἀνοήτους
2606 2775 2957 2843 κενοφωνίας.

656 2869 1074 2939 corruptibilem
1105 2882 1246 2932 esse,
1312 2875 1370 2922 et
1436 2875 1662 2936 propter
1695 2865 1919 2920 insanas
1953 2866 2293 2937 nugacitates
2328 2876 2540 2923 vestras
2578 2866 2700 2924 falsi
2736 2879 2997 2940 arguetur
3047 2868 3102 2924 id
3146 2868 3295 2941 quod
3328 2869 3616 2933 asseritur,
3642 2864 3823 2919 animam

657 2980 779 3021 esse
814 2964 1195 3020 immortalem.

1047 3076 1130 3134 Ea:
1152 3076 1366 3148 Eulogii
1396 3076 1837 3132 Defensionibus.

2618 3073 2711 3126 Ἐκ
2755 3071 2874 3126 τῶν
2911 3074 3208 3144 Εὐλογίου
3244 3072 3599 3146 Συνηγοριῶν.

1885 3184 2021 3255 Aug.
2058 3184 2181 3248 MM,
2213 3184 2251 3238 1.
2282 3198 2330 3237 c.
2361 3197 2413 3251 p.
2445 3182 2533 3243 6i,
2566 3184 2651 3236 62.

729 3301 1024 3360 Sciendum
1052 3301 1196 3354 enim
1221 3306 1306 3353 est
1353 3312 1473 3361 nos,
1500 3296 1720 3367 quando
1755 3298 2117 3367 compositum
2145 3297 2220 3351 di-

662 3393 840 3448 cimus
869 3405 1031 3444 unam
1064 3387 1314 3443 absolute
1343 3395 1617 3451 naturam,
1649 3385 1872 3439 minime
1898 3400 2058 3456 posse
2092 3400 2220 3455 pro-

662 3485 781 3555 prie
807 3484 860 3536 in
886 3482 991 3536 hoc
1027 3478 1360 3549 simplicium
1386 3474 1648 3531 adhibere
1680 3477 1940 3529 nomina:
1988 3475 2221 3544 exempli

662 3573 857 3643 gratia,
906 3585 1105 3640 corpus
1135 3584 1167 3624 e
1203 3574 1439 3638 quatuor
1484 3565 1769 3620 elementis
1820 3572 2098 3626 constans,
2156 3577 2224 3617 ex

663 3679 801 3733 aqua
818 3663 1068 3725 dicimus,
1093 3670 1262 3721 terra,
1283 3673 1412 3712 acre
1438 3664 1493 3711 et
1515 3657 1669 3726 igne;
1692 3667 1886 3723 aquam
1917 3662 1972 3707 et
1998 3662 2219 3718 terram,

666 3768 849 3808 aerem
894 3761 953 3807 et
999 3752 1179 3821 ignem
1226 3748 1445 3819 proprie
1494 3761 1605 3799 non
1649 3758 1942 3813 possumus
1989 3742 2173 3796 dicere
2207 3782 2221 3805 ,

665 3853 721 3899 et
776 3843 899 3897 ideo
948 3856 1111 3896 u::am
1148 3838 1435 3907 corporis,
1497 3845 1748 3890 naturam
1809 3848 2103 3899 vocamus,
2157 3846 2225 3886 eo

662 3930 808 4001 quod
837 3930 982 3985 istud
1005 3928 1227 3999 proprie
1244 3925 1578 3996 simplicium
1607 3923 1925 3979 nominibus
1940 3924 2224 3993 designare

662 4039 775 4079 non
824 4023 1087 4079 valemus.
1140 4020 1301 4084 Item,
1326 4035 1363 4077 ε
1397 4018 1681 4090 lapidibus
1713 4024 1769 4072 et
1806 4016 1969 4088 lignis
2000 4016 2223 4071 domum

664 4110 918 4175 dicimus,
946 4109 1095 4164 illam
1139 4117 1322 4164 autem
1355 4122 1457 4162 nec
1495 4106 1641 4177 ligna
1678 4119 1781 4159 nec
1803 4103 2015 4175 lapides
2037 4103 2225 4158 nullus

665 4203 851 4264 posset
911 4193 1220 4257 nominare,
1271 4191 1318 4248 si
1371 4191 1612 4262 propriis
1647 4189 1878 4245 vocibus
1910 4189 1991 4245 uti
2036 4188 2219 4244 vellet.

664 4284 797 4338 Item
821 4282 1098 4337 hominem
1124 4280 1307 4335 anima
1327 4288 1385 4335 et
1422 4292 1656 4349 corpore
1681 4285 1935 4333 constare
1963 4275 2220 4342 dicimus,

662 4382 774 4422 non
807 4376 990 4422 autem
1025 4366 1245 4434 proprie
1270 4379 1391 4418 esse
1414 4364 1652 4417 animam
1676 4371 1733 4417 et
1761 4377 1996 4430 corpus;
2031 4370 2089 4417 et
2118 4363 2224 4417 hoc

662 4456 892 4512 evidens
921 4463 1005 4508 est
1043 4469 1111 4507 ex
1138 4468 1205 4507 eo
1233 4451 1379 4521 quod
1423 4451 1715 4521 nequimus
1748 4450 1943 4505 anima
1973 4458 2069 4505 aut
2095 4467 2221 4507 cor-

2407 3292 2603 3345 Ἰστέον
2645 3292 2752 3364 γὰρ
2790 3293 2871 3346 ὅτι
2913 3293 3031 3346 τότε
3064 3293 3125 3346 τὸ
3164 3293 3421 3348 σύνθετον
3455 3292 3573 3363 μίαν
3596 3288 3820 3346 ἀπολῦτως

2319 3383 2549 3453 λέγομεν
2601 3385 2792 3453 φύσιν,
2842 3386 2930 3437 ὅτε
2981 3384 3180 3454 μηκέτι
3229 3385 3502 3456 δυνάμεθα
3544 3383 3719 3454 κυρίως
3754 3374 3821 3432 ἐπ’

2321 3474 2484 3528 αὐτοῦ
2524 3474 2596 3527 τὰ
2635 3475 2743 3527 τῶν
2776 3474 2961 3528 ἁπλῶν
2990 3475 3172 3543 λέγειν
3208 3475 3469 3547 ὀνόματα·
3501 3471 3598 3528 οἷόν
3621 3489 3665 3524 τι
3690 3469 3821 3537 λέγωο

2322 3565 2395 3617 Τὸ
2444 3565 2509 3618 ὲκ
2556 3564 2839 3634 τεσσάρων
2885 3564 3163 3634 στοιχείων
3212 3564 3379 3636 σῶμα
3428 3557 3825 3631 συγκείμενον.ὲξ

2324 3652 2534 3719 ὓδατος,
2557 3653 2789 3724 ἔφαμεν,
2817 3655 2909 3709 καὶ
2948 3654 3051 3723 γῆς
3090 3656 3251 3723 ἀέρος
3275 3672 3339 3709 τε
3386 3657 3470 3710 καὶ
3496 3652 3661 3722 πυρὸς.
3703 3646 3825 3715 ὕδωρ

2324 3743 2413 3796 καὶ
2446 3744 2550 3813 γῆν
2587 3746 2724 3813 ἀέρα
2759 3760 2821 3796 τε
2861 3744 2954 3797 καὶ
2990 3743 3103 3815 πῦρ
3133 3745 3234 3798 οὐκ
3278 3746 3351 3800 ἂν
3384 3745 3606 3815 εἴποιμεν
3637 3738 3823 3810 κυρίως.

2323 3833 2417 3887 καὶ
2441 3832 2529 3885 διὰ
2552 3833 2709 3886 τοῦτο
2741 3833 2868 3903 μίαν
2894 3834 3148 3905 σώματος
3172 3837 3336 3904 φύσιν
3366 3831 3746 3904 ἐπονομάζομεν,
3765 3824 3823 3887 ὡς

2327 3923 2522 3993 μηκέτι
2553 3923 2685 3976 αὐτὸ
2709 3924 2911 3993 κυρίως
2944 3927 3060 3990 τοῖς
3082 3926 3309 3996 ὀνόμασι
3342 3928 3448 3982 τῶν
3478 3923 3644 3980 ἁπλῶν
3673 3922 3823 3974 ἐπονο-

2327 4014 2519 4085 μάζειν
2551 4013 2843 4084 ίσχύοντες·
2876 4016 2973 4068 κα)⁵
3000 4017 3164 4070 πάλιν
3189 4020 3254 4071 ὲκ
3281 4018 3445 4073 λίθων
3474 4017 3561 4070 καὶ
3586 4012 3730 4079 ξύλων
3749 4005 3823 4075 τὴν

2322 4103 2501 4157 οἰκίαν
2530 4105 2732 4175 φαμὲν,
2776 4105 2907 4171 ξύλα
2943 4105 3001 4160 δὶ
3036 4107 3207 4177 αὐτὴν
3236 4111 3333 4162 καὶ
3363 4108 3537 4170 λίθους
3567 4104 3656 4159 οὐκ
3681 4101 3735 4154 ἄν
3760 4111 3824 4158 τις

2324 4195 2576 4260 καλέσοι,
2609 4196 2826 4266 κυρίαις
2853 4195 3032 4263 λέξεσι
3068 4196 3304 4268 χρῆσθαι
3344 4197 3672 4268 βουλόμενος·
3699 4186 3823 4242 πάλιν

2323 4285 2413 4337 τὸν
2441 4285 2725 4354 ἄνθρωπον
2764 4288 2829 4339 hc
2871 4285 3048 4356 ψυχῆς
3095 4287 3188 4340 καὶ
3235 4286 3486 4357 σώματος
3516 4280 3643 4338 εἶναί
3667 4290 3820 4346 φαμεν,

2326 4374 2486 4443 σῶμα
2535 4373 2593 4427 δὲ
2638 4376 2734 4428 καὶ
2777 4375 2955 4445 ψυχὴν
2994 4376 3177 4429 οὐκέτι
3218 4375 3444 4445 κυρίως·
3492 4373 3581 4427 καὶ
3619 4368 3750 4437 δῆλον
3776 4364 3823 4413 ἐκ

2322 4462 2416 4517 τοῦ
2450 4463 2525 4534 μὴ
2552 4463 2809 4517 δύνασθαι
2838 4466 2926 4518 τὸν
2956 4468 3054 4535 τῆς
3082 4465 3261 4534 ψυχῆς
3291 4466 3324 4535 ἢ
3364 4464 3456 4518 τοῦ
3485 4464 3708 4531 σώματος
3729 4455 3822 4521 ὅρον

662 4546 813 4617 poris
851 4542 1225 4597 deﬁnitionem
1258 4542 1315 4593 in
1348 4547 1643 4606 utrumque
1669 4536 1933 4590 adbibere
1954 4577 1969 4602 ,
2006 4547 2063 4592 et
2090 4554 2218 4608 pro~
2251 4537 2270 4593 1

2214 4568 2218 4579 ’
2251 4537 2295 4593 Ῑ)
2322 4553 2417 4607 ἐπὶ
2456 4552 2550 4608 τοῦ
2602 4554 3014 4625 συναμφοτέρου
3059 4554 3387 4621 ἀποδιδόναι,
3409 4554 3501 4608 καὶ
3519 4552 3686 4605 τούτου
3701 4543 3822 4613 χάριν

662 4648 848 4708 pterea
875 4649 943 4689 ex
990 4631 1205 4687 duobus
1252 4627 1465 4684 naturis
1507 4642 1628 4682 esse
1683 4626 1938 4681 dicimus.
1983 4628 2220 4699 Diversa

659 4730 807 4787 cnim
834 4737 1043 4783 natura
1068 4724 1454 4796 componentia
1490 4732 1546 4778 et
1585 4723 1813 4779 diversa
1838 4723 2071 4779 invicem
2094 4725 2224 4780 sub-

660 4820 895 4882 stantia,
955 4832 1119 4872 unam
1166 4817 1222 4871 iu
1254 4816 1562 4887 composito
1592 4823 1846 4873 naturam
1877 4825 2215 4887 reputantus.

660 4914 778 4967 Non
802 4912 947 4967 enim
996 4924 1196 4979 corpus
1222 4916 1278 4964 et
1299 4907 1536 4963 animam
1562 4908 1783 4979 proprie
1806 4908 2093 4978 loquentes
2120 4922 2221 4961 vo-

659 5017 845 5057 camus
884 5002 1184 5065 hominem,
1242 5000 1344 5055 etsi
1374 5008 1652 5054 assuetum
1684 5000 1755 5054 sit
1786 4999 2085 5068 Scriptura
2114 5015 2216 5053 sa-

657 5090 780 5160 pius
799 5089 1248 5144 libertate-utv-nti
1274 5089 1500 5157 spiritus
1526 5097 1681 5157 parte
1706 5096 1879 5141 totum
1902 5087 2213 5158 designare,

661 5191 914 5251 tanquam
960 5196 1069 5235 non
1107 5180 1390 5233 submissa
1429 5180 1559 5248 jugo
1598 5179 1882 5233 servitutis
1919 5179 2217 5233 dialectica

657 5273 931 5327 vanitatis.
960 5273 1020 5326 In
1076 5271 1297 5327 Christo
1331 5280 1515 5324 autem
1552 5269 1848 5324 incﬂ‘abilis
1889 5278 1945 5324 et
1972 5286 2080 5324 non
2112 5272 2213 5325 hu—

656 5377 815 5415 mana
855 5360 1224 5431 intelligentia
1276 5360 1405 5413 huic
1437 5360 1629 5412 anima
1654 5360 1842 5429 juncta
1869 5368 1954 5413 est
1990 5375 2094 5415 nec
2133 5362 2209 5431 ju-

654 5461 797 5505 stum
828 5436 1138 5523 etemplum
1172 5452 1225 5505 in
1259 5451 1517 5504 onmibus
1569 5450 1821 5504 invenire
1853 5451 2066 5506 ratione
2091 5468 2217 5521 pos-

654 5552 862 5602 sumus,
899 5555 1023 5593 eum
1069 5541 1222 5592 illum
1266 5553 1377 5591 non
1409 5539 1585 5591 solum
1627 5554 1692 5591 ex
1725 5538 2011 5595 divinitate
2031 5552 2088 5595 et
2119 5541 2216 5596 bu-

655 5628 912 5681 manitate
939 5642 1189 5683 constate
1230 5629 1485 5688 dicimus,
1544 5627 1636 5681 sed
1664 5628 1719 5681 in
1763 5629 1857 5682 illo
1892 5630 1970 5683 uti
1999 5632 2211 5701 simpli-

2321 4647 2386 4699 ὲκ
2416 4644 2508 4698 δύο
2558 4645 2772 4714 φύσεων
2816 4645 3063 4714 λέγοντες
3109 4645 3400 4715 (ὲτεροςρυῆ
3444 4643 3552 4713 γὰρ
3577 4642 3639 4695 τὰ
3675 4628 3822 4687 συνελε

2323 4734 2483 4788 θόντα
2533 4736 2627 4789 καὶ
2681 4736 2929 4804 ἀλλήλοις
2977 4735 3075 4805 οὐχ
3131 4714 3434 4805 ὁμοούσια),
3479 4730 3599 4801 μίαν
3639 4724 3717 4778 ἐπὶ
3753 4714 3823 4770 τοῦ

2322 4824 2575 4879 συνθέτου
2613 4824 2773 4894 φύσιν
2799 4823 3119 4894 δοξάζομεν
3153 4824 3273 4878 οὐδὲ
3316 4826 3424 4892 γὰρ
3452 4820 3603 4889 σῶμα
3630 4813 3660 4884 ἢ
3687 4808 3823 4878 ψυχὴν

2322 4918 2794 4987 κυριολεκτοῦντες
2832 4920 3213 4989 ἀποκαλοῦμεν
3250 4921 3341 4973 τὸν
3369 4918 3666 4987 ἄνθρωπον»
3689 4906 3732 4959 εί
3756 4899 3824 4954 καὶ

2322 5006 2547 5073 σύνηθες
2571 5012 2638 5080 τῇ
2667 5010 2856 5081 Γραφῇ
2887 5010 3141 5073 πολλάκις
3177 5011 3243 5080 τῇ
3265 5008 3543 5077 ἐλευθερίᾳ
3564 4992 3824 5081 κεχρημέηδ

2322 5096 2420 5151 τοῦ
2455 5099 2768 5170 Πνεύματος
2787 5080 2851 5153 ἐκ
2867 5099 2960 5153 τοῦ
2984 5100 3180 5170 μέρους
3195 5100 3255 5154 τὸ
3272 5100 3389 5153 ὅλον
3411 5091 3751 5163 ἐπονομάζεινν

2323 5186 2470 5255 ζυγῷ
2492 5187 2735 5252 δουλείας
2754 5190 2853 5242 οὐκ
2874 5169 3163 5259 ἐνεχομένῃ
3180 5189 3277 5253 τῆς
3292 5183 3621 5251 διαλεκτικῆς
3643 5169 3823 5249 ματαιά-

2318 5295 2495 5348 τητος·
2516 5279 2605 5331 ἐπὶ
2633 5280 2689 5332 δὲ
2709 5281 2801 5332 τοῦ
2817 5280 3046 5349 Χριστοῦ
3064 5280 3335 5351 ἄφραστος
3357 5278 3452 5348 μὲν
3482 5276 3571 5328 καὶ
3606 5260 3824 5333 ἀλάλητός

2321 5373 2435 5425 ἔστι
2465 5374 2498 5442 ἡ
2526 5373 2716 5435 ἓνωσις
2743 5373 2842 5427 οὐκ
2863 5371 3196 5442 ἀνθρώπινος
3226 5373 3345 5434 νοῦς
3376 5370 3573 5438 ταύτης
3610 5362 3823 5431 ὲφίκοιτθο

2315 5462 2434 5513 οὐδὲ
2481 5464 2826 5532 παράδειγμα
2858 5464 3034 5533 εὑρεῖν
3061 5463 3171 5516 τσον
3204 5462 3343 5517 κατά
3379 5477 3441 5528 γε
3467 5459 3651 5519 πάντα.
3674 5449 3820 5514 λέγων

2312 5536 2819 5624 δυνήσεταιὲπειδὴ
2843 5555 2899 5607 δὲ
2921 5553 3080 5607 αὑτὸν
3104 5553 3163 5604 οὐ
3191 5553 3348 5622 μόνον
3373 5554 3436 5605 ὲκ
3469 5549 3699 5614 θεότητος
3715 5533 3821 5624 εΜξ

2321 5644 2412 5693 καὶ
2435 5617 2447 5624 ’
2465 5643 2561 5695 ἀνθ
2568 5617 2877 5713 ρωπότητός
2899 5660 3093 5712 φαμεν,
3278 5643 3371 5695 καὶ
3391 5642 3499 5703 τοῖς
3512 5636 3739 5705 δνόμασίν
3752 5617 3820 5677 ἐπ’

656 5715 796 5767 cium
832 5718 1166 5770 nominibus.
1213 5717 1384 5770 Deum
1413 5716 1558 5769 enim
1582 5716 1816 5772 dicimus
1844 5718 2124 5777 Christum
2154 5735 2209 5778 et

2311 5729 2474 5783 αὑτοῦ
2533 5712 2845 5801 κεχρήμεθα
2875 5732 2981 5785 τῶν
3010 5730 3211 5784 ἁπλῶν
3229 5730 3358 5786 Θεὸν
3392 5728 3495 5802 γὰρ
3525 5726 3730 5792 λέγομεν
3752 5712 3818 5764 τὸν
