4072 6304
643 368 785 435 2959

1642 376 1704 440 S.
1745 376 2059 436 EULOGII
2097 377 2450 437 ARCIIIEP.
2491 376 2865 438 ALEXAND.

3716 377 3824 442 2960

642 486 715 539 sit
748 499 811 538 ac
842 483 895 537 in
921 484 1140 539 Triade.
1175 484 1277 540 ilic
1326 487 1473 542 enim
1507 488 1648 543 alius
1701 496 1757 545 et
1782 490 1948 555 alius,
1981 506 2050 545 ne
2077 491 2211 545 sub-
2245 532 2250 552 λ

2245 496 2288 552 Α
2315 490 2543 562 Τριάδος
2570 491 2704 562 ἔχει·
2741 492 2862 546 ἐκεῖ
2893 493 2991 562 μὲν
3015 492 3125 562 7&9
3160 490 3312 552 ἄλλος
3342 492 3435 545 καὶ
3467 490 3635 556 ἄλλος,
3670 494 3743 545 ἵνα
3767 494 3823 565 μὴ

643 574 925 629 sistentias
947 574 1368 641 coniundamus,
1409 593 1522 633 non
1553 579 1700 635 aliud
1732 590 1789 636 et
1834 580 2014 645 aliud;
2039 598 2209 635 unum

642 666 789 718 enim
839 674 896 720 et
954 668 1097 721 idem
1153 667 1255 723 tria
1290 677 1419 723 sunt
1469 671 1525 724 in
1561 669 1871 728 divinitate.
1906 671 1963 726 in
1997 671 2213 727 Emma-

646 758 774 811 nuel
819 766 1001 813 autem
1059 759 1206 813 aliud
1263 770 1349 816 est
1400 761 1685 825 divinitas,
1718 762 1867 817 aliud
1896 764 2213 819 humanitas

647 866 715 903 ne
736 851 1072 905 substantias
1099 853 1525 909 confundamus.
1568 854 1688 909 Non
1726 854 1873 909 enim
1908 854 2051 909 idem
2082 864 2213 910 sunt

646 950 915 994 a-ternuin
942 949 998 995 et
1020 943 1341 1011 temporale,
1370 942 1586 999 visibile
1619 953 1676 999 et
1724 944 2041 1011 invisibile;
2100 961 2210 1000 non

644 1038 827 1083 autem
851 1029 1058 1085 dicitur
1083 1031 1228 1086 alius
1250 1039 1307 1086 et
1335 1032 1497 1095 alius,
1528 1049 1599 1087 ne
1620 1034 1727 1088 hoc
1758 1034 1870 1089 iiat.
1902 1035 2024 1090 Duo
2061 1036 2208 1092 enim

649 1120 852 1175 unione
873 1137 1038 1175 unam
1058 1136 1348 1191 personam
1373 1122 1617 1178 eﬂiciunt
1645 1132 1701 1178 et
1733 1139 1896 1179 unam
1920 1125 2209 1181 characte-

646 1212 883 1268 risticam
919 1214 1354 1269 subsistentiam.

1016 1324 1097 1378 Ex
1139 1324 1352 1397 Eulogii
1393 1326 1835 1382 Defensionibus.

713 1441 789 1494 Nc
820 1454 950 1509 ergo
980 1440 1199 1510 negotia
1230 1441 1392 1496 nobis
1422 1449 1701 1511 priestent,
1715 1441 1810 1511 qui
1841 1441 1983 1495 nihil
2015 1456 2211 1495 sanum

642 1533 883 1602 cogitare
915 1532 1126 1596 volunt,
1154 1530 1249 1587 sed
1282 1531 1690 1587 inconsiderate
1712 1532 1983 1602 garriunt,
2010 1540 2066 1586 et
2088 1546 2210 1586 rec-

537 1690 547 1699 .
644 1634 752 1676 tam
774 1631 829 1676 et
864 1621 1406 1691 irreprehensibilem
1436 1621 1599 1676 iidem
1635 1630 1895 1677 excutere
1936 1622 2209 1677 nituntur.

643 1715 753 1769 Nos
780 1714 926 1770 enim
952 1729 1122 1770 unum
1144 1713 1435 1770 Christum
1488 1713 1586 1769 Dei
1636 1713 1838 1768 Filium
1894 1712 2208 1779 adoramus,

644 1808 698 1859 in
740 1821 903 1861 carne
961 1806 1138 1860 visum
1166 1805 1257 1861 his
1280 1806 1373 1876 qui
1414 1806 1470 1861 in
1522 1814 1671 1860 terra
1723 1804 1969 1877 degunt;
2008 1805 2212 1861 distin-
2241 1840 2284 1896 Β

642 1899 882 1952 ctionem
936 1906 1117 1952 tamen
1172 1896 1521 1951 divinitatem
1575 1896 1723 1951 inter
1749 1905 1805 1951 et
1851 1910 2074 1950 carnem
2109 1896 2208 1950 ad—

642 1987 932 2043 mittimus.
967 1987 1114 2042 Deus
1140 1986 1287 2042 enim
1316 1985 1558 2040 Verbum
1586 1994 1850 2046 internus,
1878 1994 1963 2040 est
1986 1986 2208 2040 increa—

645 2090 754 2143 tus,
800 2076 1177 2147 impassibilis,
1225 2085 1282 2131 et
1327 2091 1449 2146 qua:
1491 2075 1691 2131 decent
1737 2076 1982 2131 divinam
2026 2075 2210 2145 perie-

643 2170 904 2223 ctioueni.
933 2168 1074 2223 Caro
1094 2175 1284 2222 autem
1315 2166 1463 2222 illius
1492 2182 1661 2222 unum
1695 2166 1905 2237 aliquid
1936 2181 2062 2221 cum
2116 2165 2211 2219 illo

642 2260 883 2313 alliciens
911 2274 1010 2328 per
1057 2268 1265 2313 arctam
1300 2267 1357 2314 et
1408 2258 1883 2314 subsistentiaiem
1923 2258 2209 2319 unionem,

520 2381 535 2397 κ
643 2351 709 2403 de
740 2366 846 2421 qua
882 2350 1240 2420 propheticus
1276 2349 1514 2405 Joannes
1548 2350 1767 2415 clamat,
1822 2348 2046 2404 Verbum
2087 2364 2211 2402 caro

642 2446 840 2513 factum
861 2451 933 2496 est
964 2452 1012 2495 et
1039 2443 1292 2496 habitavit
1316 2443 1368 2495 in
1402 2441 1545 2496 nobis
1567 2442 1607 2507 ³,
1640 2441 1977 2512 temporalis,
2003 2450 2207 2505 creata,

642 2535 914 2605 passibilis
973 2543 1076 2589 est.
1137 2532 1344 2590 Omnes
1409 2544 1589 2590 autem
1653 2534 1771 2589 illas
1833 2534 2018 2590 carnis
2078 2548 2208 2603 pro-

642 2625 907 2694 prietates
934 2624 1260 2694 proﬁtemur
1285 2622 1463 2678 iactas
1483 2638 1605 2679 esse
1626 2639 1848 2694 quoque
1885 2624 1981 2679 Dei
2002 2623 2168 2678 Verbi
2193 2640 2207 2687 ;

644 2730 767 2767 nam
795 2716 837 2767 si
869 2715 1090 2784 propria
1124 2716 1242 2784 ejus
1270 2729 1401 2770 caro
1430 2714 1619 2777 fuerit,
1660 2714 1889 2769 evidens
1918 2723 2002 2768 est
2024 2714 2211 2769 carnis

644 2804 1008 2872 proprietates
1052 2805 1171 2873 ejus
1222 2819 1442 2874 quoque
1489 2803 1703 2860 futuras
1758 2818 1899 2858 esse.
1951 2803 2210 2872 Proprias

642 2894 787 2947 enim
815 2893 917 2948 sibi
948 2895 1069 2949 illas
1098 2894 1249 2960 facit,
1287 2897 1392 2951 etsi
1440 2911 1551 2951 non
1599 2896 1926 2965 subjiciatur
1976 2895 2082 2950 illis
2126 2894 2213 2948 di-

642 2985 771 3037 vina
800 2986 919 3054 ejus
951 2994 1167 3040 natura.
1211 2986 1432 3041 Etenim
1487 3002 1681 3041 omnes
1729 2984 1900 3041 Verbi
1939 2986 2039 3041 Dei
2086 2999 2208 3041 esse

645 3081 768 3141 post
792 3073 1226 3129 incarnationem
1276 3076 1461 3131 carnis
1504 3076 1625 3146 ejus
1682 3075 2073 3145 proprietates,
2123 3074 2208 3129 di-

2312 585 2406 648 τὰς
2437 585 2760 649 ὑποστάσεις
2805 587 3153 657 συγχέωμεν,
3185 589 3284 640 οὑκ
3316 587 3440 642 mo
3484 587 3539 640 δὲ
3584 590 3669 641 καὶ
3695 589 3819 642 ἄλλο·

2313 675 2370 727 ἓν
2409 676 2516 747 γὰρ
2559 677 2629 729 τὰ
2668 677 2797 744 τρία
2841 680 2935 732 καὶ
2974 679 3171 732 ταυτὸν
3216 681 3282 749 τῇ
3327 679 3557 747 θεότητι·
3600 679 3653 730 ὲν
3694 679 3739 732 δὲ
3764 680 3820 751 τῷ

2324 767 2670 841 Ἐμμανουὴλ
2702 769 2829 823 ἄλλο
2865 770 2962 839 μὲν
2995 769 3207 838 θεότης,
3237 769 3363 822 ἄλλο
3404 770 3459 822 δὲ
3504 769 3820 841 άνθρωπὸτης,

2314 859 2402 913 ἵνα
2459 858 2532 929 μὴ
2588 860 2688 924 τὰς
2738 861 2927 925 οὐσίας
2978 862 3293 932 συγχέωμεν
3322 861 3424 914 ὀὑ
3456 861 3562 933 7&9
3603 863 3743 916 ταυτδ
3780 865 3821 916 τὸ

2314 947 2538 1020 ἄχρονον
2558 950 2637 1021 τῷ
2670 951 2728 1003 ὲν
2756 952 2963 1022 χρόνῳ,
2987 953 3081 1005 καὶ
3105 951 3166 1005 τὸ
3192 952 3384 1023 όρατδν
3416 951 3492 1022 τῷ
3521 953 3729 1023 ἀοράτῳ·
3750 955 3819 1006 οὐκ

2313 1040 2470 1103 ἄλλος
2497 1041 2553 1094 δὲ
2581 1043 2676 1094 καὶ
2700 1042 2877 1108 ἄλλος,
2917 1042 2991 1114 μὴ
3018 1043 3244 1110 γένοιτο·
3276 1042 3343 1097 τὰ
3373 1042 3482 1114 7&9
3508 1045 3754 1113 ἀμφότερα
3773 1048 3817 1114 τῇ

2314 1128 2503 1182 ἑνώσει
2538 1127 2596 1180 ἓν
2631 1129 2924 1201 πρόσωπον
2955 1130 3322 1201 ἀπετελέσθη,
3357 1130 3453 1184 καὶ
3488 1131 3609 1202 μίαν
3641 1132 3816 1184 ὑπόστα-

2315 1233 2400 1270 σιν
2428 1221 2951 1290 χαρακτηριστικήν.

2606 1329 2707 1383 Ἐκ
2745 1326 2864 1383 τῶν
2899 1302 3197 1400 Εὑλογίου
3236 1330 3597 1402 Συνηγοριῶν.

2381 1442 2473 1513 Μὴ
2501 1443 2681 1496 τοίνυν
2718 1443 3020 1514 πράγματα
3049 1444 3183 1514 ἡμῖν
3213 1444 3596 1514 παρεχέτωσαν
3621 1443 3665 1497 oi
3695 1442 3816 1515 μηδὲν

2313 1532 2464 1599 ὑγιὲς
2496 1535 2635 1586 νοεῖν
2677 1533 3008 1604 βουλόμενοι,
3044 1533 3177 1587 ἀλλὰ
3220 1534 3396 1603 μάτην
3435 1532 3814 1600 εἰκαιολογοῦντες

2312 1622 2407 1675 καὶ
2443 1623 2541 1694 τὴν
2578 1622 2742 1694 ὀρθὴν
2782 1625 2876 1677 καὶ
2916 1623 3216 1695 ἀμώμητον
3245 1622 3476 1695 [πίστιν]
3510 1623 3813 1695 διαταράττειν

2312 1707 2744 1780 ἐπιχειροῦντεςο
2786 1713 2947 1781 ἡμεῖς
2998 1710 3104 1784 γὰρ
3157 1710 3253 1765 ἕνα
3310 1713 3540 1782 Χριστὸν
3579 1712 3688 1765 Υιὺν
3716 1709 3812 1764 Θεοῦ

2313 1800 2725 1871 προσκυνοῦμεν
2755 1802 2920 1873 σαρκὶ
2947 1802 3178 1871 ὀφθέντα
3206 1805 3319 1868 τοῖς
3352 1804 3445 1857 ἐπὶ
3474 1804 3592 1872 γῆς·
3614 1800 3814 1873 δωφορρν

2316 1887 2499 1957 μέντοι
2545 1890 2642 1961 τῆς
2686 1891 2938 1961 θεότητος
2984 1893 3120 1962 πρὸς
3159 1895 3257 1963 τὴν
3306 1894 3483 1966 σάρκα
3518 1894 3809 1962 γινώσκομεν

2312 1980 2407 2033 καὶ⁵
2441 1979 2551 2050 7&9
2582 1983 2610 2034 ό
2640 1981 2776 2044 Θεὸς
2828 1983 3002 2050 Λόγος
3041 1982 3285 2054 άχρονος,
3337 1985 3596 2049 άκτιστος,
3635 1982 3809 2051 ἀπαθὴς,

2312 2072 2406 2124 καὶ
2461 2072 2562 2126 ὅσα
2611 2074 2811 2145 πρέπει
2862 2077 2927 2145 τῇ
2975 2074 3099 2145 θείᾳ
3148 2076 3532 2149 μεγαλωσύνη*
3571 2078 3602 2147 ἡ
3642 2076 3688 2132 δὲ
3718 2073 3808 2143 σὰρξ

2310 2161 2474 2214 αὑτοῦ
2515 2162 2573 2215 ἓν
2615 2181 2665 2216 τι
2709 2165 3027 2236 ὑπάρχουσα
3062 2166 3197 2235 πρὸς
3228 2167 3393 2224 αὑτὸν
3442 2167 3526 2221 διὰ
3570 2166 3657 2236 τὴν
3686 2165 3809 2234 ἄκραν

2313 2253 2411 2307 καὶ
2465 2255 2824 2309 ὲνυπόστατον
2877 2257 3101 2323 ἕνωσιν,
3155 2259 3223 2313 δι’
3270 2261 3338 2330 ἢν
3385 2259 3477 2313 καὶ
3526 2261 3553 2315 ό
3596 2257 3808 2317 Θεσπέσιος

2325 2346 2572 2417 Ἰωάννης
2610 2346 2739 2418 βοᾷο
2785 2348 2847 2401 ’0
2884 2350 3068 2418 λόγος
3103 2350 3262 2418 σὰρξ
3295 2350 3527 2421 ἐγένετο
3566 2349 3649 2404 καὶ
3679 2344 3808 2408 ἐσκή-

2310 2453 2507 2491 νωσεν
2532 2438 2603 2490 ἐν
2631 2438 2794 2508 ἡμῖν,
2827 2439 3082 2511 ἐγχρονος
3116 2441 3377 2513 ὑπάρχει,
3410 2440 3608 2512 κτισιὴ,
3630 2437 3804 2506 imbuti;

2311 2527 2487 2580 πάντα
2530 2528 2588 2581 δὲ
2635 2530 2807 2585 ταῦτα
2853 2532 2950 2601 τῆς
3002 2532 3202 2603 σαρκὸς
3239 2533 3596 2603 ὁμολογοῦμεν
3625 2526 3809 2598 γενέσθαι

2308 2618 2401 2669 τοῦ
2447 2618 2582 2671 Θεοῦ
2629 2619 2822 2688 Λόγουο
2871 2623 2921 2674 ει
2968 2622 3077 2694 γὰρ
3112 2623 3217 2677 ἰδία
3245 2623 3415 2678 αὐτοῦ
3459 2625 3491 2696 ἠ
3530 2622 3664 2693 σὰρξ,
3698 2617 3808 2689 δῆλον

2309 2708 2391 2760 ὅτι
2429 2709 2523 2761 καὶ
2572 2709 2639 2763 τὰ
2675 2711 2774 2779 τῆς
2819 2712 3020 2778 σαρκὸς
3065 2713 3241 2768 πάντα
3284 2713 3453 2768 αὐτοῦ
3486 2713 3638 2767 ἔσται’
3665 2710 3807 2761 οἰκειο-

2310 2802 2542 2854 ποιεϊται
2570 2800 2679 2871 7&9
2702 2802 2863 2870 αὑτὰ,
2892 2804 2939 2856 εἰ
2968 2804 3061 2856 καὶ
3085 2804 3161 2874 μὴ
3193 2805 3455 2859 ὑπέκειτο
3474 2804 3659 2865 τούτοις
3680 2802 3708 2871 ἠ
3727 2797 3808 2852 θεία

2307 2888 2473 2943 αὑτοῦ
2531 2890 2689 2960 φύσις
2708 2908 2721 2923 ·
2747 2893 2829 2947 ὅτι
2859 2895 2967 2963 7&9
3008 2894 3186 2949 πάντα
3230 2895 3337 2949 τοῦ
3369 2894 3499 2949 Θεοῦ
3550 2893 3695 2960 Λόγου
3725 2888 3810 2941 ἐστὶ

2311 2979 2448 3049 μετὰ
2492 2980 2589 3051 τὴν
2634 2982 3044 3055 ὲνανθρὼπησιν
3096 2986 3166 3040 τὰ
3211 2985 3323 3056 τῆς
3375 2985 3565 3059 σαρκὸς
3602 2978 3807 3045 mimi-hil

2309 3067 2428 3121 θεία
2472 3070 2663 3140 Γραφὴ
2688 3073 2832 3142 ἡμᾶς
2879 3073 3140 3129 παιδεύει·
3172 3075 3316 3146 φησὶ
3346 3078 3484 3147 7&9.
3521 3071 3808 3142 Ἑωράκαμεν

646 3162 772 3215 vina
803 3161 1085 3232 Scriptura
1115 3179 1217 3219 nos
1253 3164 1435 3230 docet,
1469 3164 1605 3220 dicit
1631 3164 1819 3220 enim:
1852 3164 2085 3219 Vidimus
2108 3165 2213 3219 Do-
2240 3177 2254 3229 ι

2196 3196 2213 3206 .
2240 3173 2287 3234 c
2316 3157 2425 3212 τὸν
2452 3161 2690 3227 Κύριον,
2720 3162 2781 3215 τὸ
2811 3164 3216 3234 συναμφότερον
3238 3165 3493 3236 λέγουσα·
3519 3167 3546 3219 ό
3564 3163 3655 3236 γὰρ
3680 3162 3804 3229 ίωρα·

648 3253 872 3317 minum,
896 3262 1192 3324 utrumque
1216 3254 1551 3326 signiﬁcans.
1588 3254 1691 3322 Qui
1744 3256 1890 3310 enim
1924 3256 2061 3311 vidit
2093 3268 2208 3312 car-

647 3358 772 3397 nem
798 3342 1026 3409 Christi,
1050 3353 1224 3399 totum
1250 3345 1413 3412 vidit,
1445 3347 1549 3402 etsi
1592 3346 1885 3401 invisibilis
1918 3355 2114 3400 natura
2141 3346 2213 3401 sit

647 3433 936 3498 divinitas;
958 3443 1014 3489 et
1035 3434 1232 3491 iterum
1256 3435 1570 3493 :Dominum
1592 3435 1775 3508 gloria:
1795 3453 1899 3491 non
1921 3436 2216 3497 cruciﬁxi:-

645 3534 760 3580 sent
788 3527 831 3590 ‘,
856 3525 1042 3582 divina
1064 3542 1260 3597 nempe
1288 3538 1486 3584 natura
1545 3529 1640 3585 illo
1668 3544 1778 3584 non
1810 3528 2072 3599 patiente,
2118 3528 2213 3584 sed

650 3618 871 3689 propria
935 3634 1121 3675 carne.
1170 3620 1443 3675 Doeemur
1496 3636 1628 3691 ergo
1678 3622 1767 3676 his
1813 3621 2072 3677 omnibus
2117 3619 2214 3675 Dei

646 3710 814 3765 Verbi
849 3711 1118 3766 incarnati
1153 3710 1327 3767 fuisse
1359 3720 1420 3771 et
1442 3711 1660 3769 divinas
1684 3721 1741 3768 et
1779 3713 2048 3768 humanas
2082 3728 2214 3782 pro-

648 3802 913 3871 prietates
934 3821 949 3868 ;
974 3801 1071 3857 sed
1097 3802 1154 3859 in
1181 3801 1268 3857 his
1301 3803 1503 3874 quibus
1530 3804 1736 3859 dicitur
1766 3803 2061 3860 .Cbristum
2084 3818 2207 3858 esu-

649 3894 865 3961 rivisse,
891 3894 1161 3961 sitivisse,
1187 3904 1393 3951 tactum
1430 3904 1527 3950 aut
1576 3910 1797 3966 passum
1835 3894 2026 3959 fuisse,
2079 3905 2213 3963 puto

648 3983 803 4038 illum
855 3998 964 4037 non
1026 3984 1081 4040 in
1148 3983 1335 4041 divina
1365 3992 1563 4038 natura
1610 3983 1727 4037 hinc
1750 3990 2034 4053 expertum
2069 3996 2211 4047 esse,

649 4073 745 4128 sed
781 4074 835 4128 in
889 4089 1052 4133 carne
1099 4091 1263 4145 quam
1319 4085 1647 4150 sumpserat,
1682 4082 1739 4132 et
1786 4089 1884 4146 per
1933 4088 2096 4143 quam
2157 4081 2216 4126 ut

649 4160 814 4223 homo
841 4171 1201 4221 conversatus
1216 4171 1318 4222 est.

2317 3248 2427 3312 κὼς
2456 3251 2554 3320 τὴν
2590 3250 2766 3320 σάρκα
2799 3253 2893 3307 τοῦ
2925 3255 3183 3326 Χριστοῦ,
3218 3256 3345 3312 ὅλον
3383 3258 3646 3317 ἐθεάσατο,
3669 3253 3709 3307 ιι
3739 3252 3804 3306 καὶ

2317 3340 2543 3406 ἀθέατος
2574 3345 2632 3396 τὸ
2662 3345 2800 3398 κατὰ
2822 3344 2982 3414 φύσιν
3011 3349 3044 3416 ἡ
3074 3347 3267 3418 θεότης
3293 3350 3545 3420 ὑπῆρχεν·
3572 3347 3652 3402 καὶ
3673 3342 3805 3405 πάλιν,

2323 3433 2444 3485 Οὐκ
2476 3432 2553 3486 ἂν
2587 3435 2693 3488 τὸν
2719 3437 2936 3504 Κύριον
2972 3437 3082 3505 τῆς
3103 3437 3292 3505 δόξης
3318 3440 3701 3508 ἐσταύρωσαν
3720 3431 3808 3486 καῖ’

2320 3538 2402 3577 τοι
2447 3526 2515 3594 τῇ
2567 3525 2686 3597 θείᾳ
2751 3526 2910 3596 φύσει
2954 3528 3116 3582 αὑτοῦ
3172 3529 3248 3600 μὴ
3300 3531 3576 3596 παθόντος.
3621 3522 3731 3583 ἀλλά

2322 3614 2497 3686 οἰκείᾳ
2528 3617 2690 3685 σαρκί
2711 3632 2724 3646 ⁶
2755 3617 3120 3689 διδασκόμεθα
3154 3617 3251 3674 οὖν
3292 3623 3353 3675 ὲν
3386 3622 3513 3675 πᾶσι
3541 3617 3730 3676 τούτοις.
3752 3613 3809 3663 ὅτι

2320 3705 2411 3759 τοῦ
2441 3706 2573 3760 Θεοῦ
2602 3708 2771 3777 Λόγου
2808 3710 3179 3776 σαρκωθέντος
3206 3707 3277 3783 ἦν
3306 3713 3374 3768 τά
3396 3729 3452 3766 τε
3482 3709 3717 3779 θεοπρεπῆ
3741 3703 3810 3757 καὶ

2317 3794 2386 3849 τὰ
2412 3795 2742 3868 ἀνθρώπινα’
2779 3798 2893 3852 ἀλλ’
2931 3801 2990 3852 ὲν
3027 3796 3107 3861 οἷς
3147 3818 3316 3871 φησιν
3358 3804 3437 3856 ὅτι
3475 3802 3717 3868 ὲπείνησεν
3742 3791 3812 3847 ni

2319 3886 2567 3955 ἐδίψησεν
2599 3888 2632 3957 ἢ
2665 3887 2986 3960 ἐψηλαφήθη
3024 3892 3056 3960 ἢ
3086 3892 3274 3965 ὡράθη
3301 3934 3317 3958 ,
3351 3895 3450 3948 νοῶ
3473 3892 3622 3948 ὅτιού
3647 3890 3701 3959 τῇ
3723 3883 3810 3954 θείᾳ

2316 3980 2478 4043 φύσει
2501 3978 2667 4038 ταῦτα
2696 3981 2981 4048 πέπονθεν,
3008 3982 3145 4037 ἀλλὰ
3167 3987 3230 4055 τῇ
3259 3983 3641 4057 προσληφθείσῃ
3668 3975 3806 4046 σαρκὶ.

2317 4068 2437 4121 καθ’
2472 4069 2539 4138 ἢν
2571 4070 2852 4141 ἄνθρωπος
2880 4073 3248 4144 ἐχρημάτισεν
3278 4074 3377 4147 (1).

1017 4341 1074 4401 S,
1109 4341 1322 4414 Eulogii
1345 4345 1663 4414 patriarcha
1683 4343 2056 4407 Alexandrini,
2086 4355 2149 4394 ea:
2185 4338 2274 4393 lib.
2302 4355 2382 4405 ιιι,
2406 4338 2669 4394 Adversus
2694 4338 3041 4395 Novatiaiios.
3072 4340 3225 4396 Pliot.
3255 4341 3384 4398 Cod.
3411 4341 3528 4399 280.

1242 4501 1306 4555 F.
1344 4500 1636 4557 FRANCISCO
1667 4501 1949 4557 Consus.
1981 4499 2302 4569 interprete.
2330 4496 2576 4552 Biblioth.
2601 4497 2905 4553 Concionat.
2930 4505 2971 4553 t.
3010 4498 3078 4565 ν,
3101 4513 3159 4568 p.
3201 4498 3322 4552 127.

719 4656 874 4723 Quod
901 4657 976 4711 ait
1007 4656 1315 4727 Apostolus,
1350 4657 1657 4713 Voluntarie
1686 4658 2017 4728 peccantibus
2065 4656 2212 4709 nobis

651 4757 764 4819 post
802 4755 1072 4819 acceptam
1106 4749 1351 4803 notitiam
1373 4749 1625 4810 veritatis,
1635 4750 1754 4820 jam
1771 4763 1873 4802 non
1896 4746 2213 4804 relinquitur

650 4855 745 4909 pro
772 4848 981 4910 peccato
1009 4839 1179 4893 hostia
1195 4838 1238 4904 ⁸,
1266 4855 1380 4894 non
1397 4852 1464 4894 eo
1484 4845 1696 4909 spectat
1731 4847 1986 4908 tanquam
2008 4836 2219 4892 sacriﬁ-

650 4934 794 4985 cium
834 4931 1062 4985 omnino
1083 4931 1361 4986 sublatum
1393 4930 1566 4985 velit:
1604 4929 1701 4984 sed
1747 4929 1880 4983 illud
1923 4928 2211 4990 duntaxat,

652 5023 799 5093 quod
832 5024 969 5094 legis
999 5024 1109 5077 ritu
1139 5024 1442 5094 peragitur.
1482 5022 1598 5077 Nec
1633 5020 1796 5075 modo
1854 5019 1909 5074 id
1937 5033 2109 5088 genus
2130 5033 2218 5072 sa-

649 5115 844 5169 criticii
878 5122 1047 5179 vetat,
1084 5113 1181 5168 sed
1210 5123 1266 5168 et
1286 5127 1604 5183 supremum
1628 5110 1898 5180 judicium
1928 5110 1997 5162 iis
2052 5108 2221 5162 inter-

651 5205 911 5265 niinatur,
945 5205 1039 5273 qui
1074 5210 1193 5272 post
1224 5202 1462 5272 agnitam
1488 5199 1801 5262 veritatem,
1846 5211 1910 5251 ac
1929 5211 2056 5251 cum
2104 5212 2218 5266 my-

590 5316 603 5321 σ
650 5297 848 5350 sticum
872 5294 1202 5348 sacriﬁcium
1237 5294 1382 5348 nacti
1409 5292 1543 5355 sint,
1576 5289 1644 5344 ad
1677 5288 1870 5358 legale,
1895 5288 2041 5356 quod
2099 5297 2219 5343 tan-

652 5398 835 5442 torum
869 5402 932 5442 ac
956 5387 1233 5440 hircorum
1260 5383 1633 5438 immolatione
1683 5386 1995 5450 praestatur,
2049 5380 2217 5434 sacri-

723 5567 917 5622 ‘Joan.
952 5584 988 5631 ι,
1025 5567 1110 5619 Η.
1183 5565 1250 5618 4ἰ
1302 5563 1428 5619 Cor.
1453 5580 1509 5626 ιι,
1561 5562 1614 5615 8.
1693 5562 1714 5593 ⁸
1748 5560 1913 5615 Hebr.
1947 5574 1998 5621 ι,
2031 5557 2120 5611 26.

2322 4652 2508 4707 ﬁcium
2539 4653 2795 4709 redeunt.
2821 4655 3058 4724 Haecque
3079 4655 3216 4712 adeo
3247 4655 3450 4709 Paulus
3469 4666 3535 4707 eo
3559 4648 3715 4704 animo
3757 4640 3812 4693 i0-

2321 4742 2532 4812 quitur,
2563 4750 2626 4796 ut
2650 4742 2893 4808 Judazos,
2915 4744 3013 4813 qui
3064 4743 3133 4798 ad
3167 4743 3451 4799 Christum
3496 4739 3599 4810 jam
3627 4740 3813 4788 accesse-

2323 4839 2448 4886 rant
2472 4841 2694 4887 revocet
2738 4833 2808 4887 ab
2836 4833 3223 4890 observatione
3272 4832 3545 4902 legalium.
3598 4813 3808 4914 Quemad-

2322 4921 2546 4977 modum
2570 4924 2738 4993 igitur
2758 4923 3026 4993 legalibus
3047 4922 3416 4993 baptismatis,
3445 4920 3523 4975 sic
3549 4924 3602 4972 et
3624 4914 3814 4969 crucum

2324 5012 2634 5074 sacriﬁciis,
2668 5013 2739 5069 iis
2783 5013 3085 5069 interdicit.
3108 5013 3281 5071 Judaei
3310 5016 3545 5080 namque
3578 5016 3699 5074 ειυοε
3721 5006 3814 5092 P‘f“

2324 5102 2432 5156 cati
2485 5111 2674 5158 reatus
2726 5104 3078 5174 astringeret,
3145 5103 3388 5172 primum
3431 5097 3638 5169 quidem
3680 5096 3818 5154 exi)"

2325 5195 2557 5259 bantur,
2577 5204 2803 5265 tumque
2831 5211 2972 5265 aqua
3031 5194 3396 5249 abluebantur
3425 5206 3488 5244 ac
3539 5176 3819 5249 intingeban-

2325 5294 2452 5351 tur;
2486 5300 2551 5340 ac
2576 5293 2855 5355 postremo
2880 5287 2992 5356 jam
3009 5285 3256 5340 cruentis
3289 5281 3485 5336 hostiis
3530 5271 3819 5331 faciebam.|

2325 5377 2529 5448 quibus
2557 5391 2654 5432 eos
2708 5392 2945 5432 avocans
2989 5375 3301 5440 Anostolus,
3348 5370 3617 5429 terribiles
3650 5363 3819 5433 quoque

724 5700 799 5768 (ιι)
834 5697 1219 5768 Sequebantur
1246 5696 1524 5768 ingcodice
1560 5695 1783 5765 plurimi
1821 5692 2016 5747 Pisidae
2049 5691 2215 5746 iambi
2260 5690 2523 5746 adversus
2577 5689 2860 5755 Severum,
2907 5702 3045 5757 quos
3068 5701 3169 5758 ego
3194 5698 3345 5741 more
3384 5695 3504 5738 meo
3522 5662 3819 5756 praeterﬂuit

655 5764 788 5842 quia
804 5764 988 5823 extant
1019 5769 1073 5820 in
1097 5764 1454 5823 editionibus.
