4072 6304
279 439 412 501 2961

1440 436 1896 500 FRAGMENTA
1936 439 2362 500 DOGMATICA
2375 486 2387 498 .

3376 427 3520 496 2902

280 551 461 605 minas
481 547 690 620 adjicit.
721 548 935 620 Quippe
958 548 1247 620 oportebat
1279 563 1407 603 vera
1433 547 1603 603 semel
1659 547 1843 602 hostia
1874 553 1917 609 Α
1947 550 2181 618 ﬁcandos
2202 550 2243 602 ⁸.
2275 548 2449 615 Quem
2485 544 2649 617 igitur
2673 543 2745 598 ad
2774 542 2995 598 modum
3044 543 3383 612 impossibile
3435 542 3523 597 di-

280 639 339 697 in
389 643 867 702 consummatione
922 642 1107 698 saeculi
1170 656 1272 711 pro
1334 641 1576 710 peccatis
1661 639 1851 695 oblata

283 735 459 804 (Agna
483 732 700 789 scilicet
727 733 825 789 Dei
853 734 947 804 qui
997 733 1140 788 tollit
1169 744 1456 803 peccatum
1486 732 1700 799 mundi,
1746 731 1852 786 im—

283 822 509 894 molato)
552 839 662 878 non
710 824 944 894 amplius
991 832 1226 889 restare,
1274 823 1371 879 sed
1398 838 1614 885 cessare
1641 822 1855 895 offerri,

286 911 483 965 multas
524 911 645 966 illas
684 911 884 982 legales
945 926 1011 966 ac
1056 912 1264 983 typicas
1308 912 1518 968 hostias
1569 929 1671 983 pro
1727 929 1856 983 pec-

286 998 441 1053 catis.
496 997 657 1053 Teste
716 1001 863 1053 enim
911 1001 1105 1055 eodem
1157 1001 1453 1071 Apostolo,
1512 1001 1856 1072 impossibile

286 1096 391 1154 est,
423 1091 575 1159 Agno
602 1089 698 1143 Dei
728 1091 898 1146 semel
917 1091 1217 1158 immolato,
1246 1093 1363 1147 tolli
1413 1108 1610 1148 rursus
1633 1102 1857 1163 peccata

290 1188 568 1233 taurorum
623 1180 888 1251 sanguine
937 1196 1003 1237 ac
1058 1182 1365 1238 hircorum.
1434 1183 1550 1239 Una
1586 1183 1857 1248 enim,in-

284 1268 445 1338 quit,
467 1269 751 1338 oblatione,
782 1274 1161 1327 consummavit
1217 1275 1272 1327 in
1302 1281 1609 1344 perpetuum
1659 1274 1856 1327 sancti-

1957 636 2039 690 xit
2090 634 2356 706 sanguine
2405 642 2687 688 taurorum
2768 640 2931 701 atque
2983 631 3261 686 hircorum
3318 627 3522 685 auferri

1959 734 2208 798 peccata,
2242 726 2310 780 ad
2327 724 2583 781 eumdem
2610 732 2668 779 et
2691 724 2978 793 sequentia
3007 722 3139 777 dicit
3168 736 3185 776 :
3221 720 3526 777 Valuntarie

1963 818 2298 889 peccantibus
2320 815 2467 870 nobis
2489 816 2533 881 ⁷,
2589 822 2699 869 etc.
2767 813 2900 868 Nam
2932 822 2990 868 et
3033 811 3180 881 quod
3214 811 3374 866 nobis
3427 819 3530 864 tre-

1964 909 2227 966 mendum
2250 905 2521 963 Dominici
2549 904 2803 974 corporis
2831 902 3161 959 sacrificium
3193 901 3391 972 agitur,
3418 916 3527 955 non

1960 1001 2302 1069 aliarumque
2332 997 2641 1053 hostiarum
2668 995 2876 1050 oblatio
2931 1002 3037 1059 est,
3063 993 3159 1049 sed
3206 994 3326 1063 ejus
3383 1005 3528 1045 corn-

1959 1090 2286 1147 memoratio
2311 1104 2437 1160 quaa
2463 1086 2634 1144 semel
2695 1086 2876 1140 oblata
2906 1093 3009 1140 est.
3056 1084 3169 1138 Hoc
3220 1083 3398 1152 facite,
3439 1080 3524 1134 inv

1959 1183 2102 1253 quit,
2125 1183 2180 1235 in
2212 1196 2385 1235 meam
2417 1174 3023 1232 commemorationem‘.
3048 1174 3151 1229 Et:
3189 1173 3526 1238 Quotiescun-

1961 1285 2061 1341 que
2090 1268 2337 1339 facimus,
2358 1273 2577 1320 mortem
2613 1263 2823 1317 Domini
2854 1262 3290 1316 annnntiamus’.

285 1406 579 1476 Εὐλογίου
606 1403 778 1487 migra
814 1406 1595 1487 'A.}§£ardgalac~éppnrela
1633 1412 1721 1476 είς
1758 1396 1847 1478 τὸ,
1885 1405 1932 1461 Β
1964 1362 2177 1478 Eulogii
2221 1419 2392 1487 ραριξ.
2421 1402 2771 1487 Alexandrini
2806 1401 3219 1487 commentarius
3255 1401 3311 1453 in
3340 1399 3473 1454 illud
3499 1408 3535 1450 :-

615 1493 633 1525 ι
662 1476 853 1543 Σίμων
886 1474 1347 1547 Ἰωνᾶιάγαπᾷςή
1361 1474 1477 1547 λιες
1508 1500 1526 1532 ι

2336 1473 2517 1530 Simon
2546 1472 2807 1537 Joannis,
2832 1488 2983 1526 amas
3020 1486 3101 1524 me
3133 1470 3158 1523 ?

1372 1620 1510 1691 Ang.
1543 1620 1653 1675 Mu-
1677 1619 1848 1676 Clau.
1879 1618 2031 1675 Auct.
2066 1624 2105 1671 t.
2140 1615 2210 1681 X,
2238 1630 2291 1687 p.
2328 1613 2452 1669 483.

359 1763 481 1817 Ὀτι
535 1763 759 1834 ἐρωτῶν
801 1766 835 1819 ό
888 1762 1350 1839 Κύριος[εῐπε]τῷ
1394 1769 1622 1837 Πέτρῳ*
1659 1767 1855 1836 Σίμων

298 1851 486 1919 Ἰωνᾶ,
538 1853 776 1924 ἀγαπᾷς
818 1872 895 1926 με
932 1857 1123 1912 πλέον
1158 1860 1423 1925 tamur;
1468 1860 1568 1912 οὐκ
1619 1859 1785 1922 αὐτὸς
1827 1860 1856 1913 ὁ

284 1942 464 1998 πάντα
492 1944 669 2009 είδὼς.
700 1944 868 2000 θέλων
889 1946 1081 2017 μαθεῖν
1113 1947 1395 2020 ἐπηρώτα,
1420 1950 1534 2003 ἀλλ’
1558 1949 1856 2020 ὲπεὶέμελ-

282 2036 376 2090 λεν
401 2037 552 2108 αὐτῷ
583 2038 643 2091 τὸ
676 2039 925 2109 ποίμνιον
958 2040 1400 2108 καταπιστεύειν,
1428 2041 1516 2095 ἵνα
1544 2042 1693 2113 δείξῃ
1721 2044 1855 2112 ὅσην

279 2128 400 2197 ἔχει
439 2128 694 2200 πρόνοιαν
720 2129 814 2183 τοῦ
848 2131 1121 2201 ποιμνίου,
1155 2131 1315 2186 τοῦτο
1356 2136 1533 2186 ποιεῖ’
1570 2136 1599 2188 ό
1630 2133 1741 2204 γὰρ
1765 2132 1856 2187 τὸν

280 2215 492 2288 φίλτρῳ
516 2216 694 2288 πολλῷ
717 2218 848 2290 πρὸς
884 2219 979 2272 τὸν
1006 2220 1283 2292 Δεσπότην
1314 2222 1693 2293 ἀναπτόμενον
1757 2225 1857 2292 ἑφ-

282 2309 453 2363 ιστῶν
495 2309 577 2381 τῷ
608 2310 864 2382 ποιμνίῳ,
905 2312 1007 2384 τὴν
1037 2314 1170 2384 ὅσην
1198 2315 1327 2384 περὶ
1375 2315 1445 2369 τὰ
1473 2315 1718 2387 πρόϐατα
1745 2315 1859 2371 διά-

280 2398 437 2453 θεσιν
454 2400 780 2472 παρίστησιν
817 2402 1205 2473 ἀναμφιϐόλως
1222 2418 1236 2434 ο
1255 2403 1345 2458 διὰ
1360 2405 1462 2474 τὴν
1485 2406 1656 2475 αὐτὴν
1675 2406 1856 2477 αἰτίαν

280 2491 383 2545 καὶ
406 2493 589 2564 τρίτον
625 2493 825 2567 ἐρωτᾷ,
862 2494 961 2567 τὴν
990 2497 1195 2569 πολλὴν
1222 2498 1354 2569 περὶ
1373 2500 1442 2553 τὰ
1494 2500 1689 2568 λογικὰ
1723 2502 1860 2572 πρό-

282 2581 425 2637 ϐατα
450 2584 768 2654 ἐπιμέλειαν
794 2586 1204 2657 ἐνδεικνύμενος
1224 2605 1240 2620 θ
1273 2580 1389 2660 ἃμα
1408 2589 1466 2643 δὲ
1495 2591 1705 2661 βαθμόν
1728 2608 1852 2644 τινα

2027 1761 2163 1817 Cum
2224 1761 2594 1830 interrogaret
2673 1759 2900 1814 Petrum
2974 1758 3260 1823 Dominus,
3346 1758 3524 1813 Simon

1955 1852 2210 1916 Joannes,
2238 1851 2519 1921 inquiens,
2553 1848 2727 1920 diligis
2755 1866 2836 1904 me
2863 1850 2990 1920 phis
3017 1851 3095 1904 his
3119 1850 3199 1902 ‘°?
3232 1866 3341 1905 non
3402 1851 3527 1905 idea

1961 1943 2334 2013 interrogabat
2355 1942 2447 1997 ille
2475 1941 2571 2012 qui
2598 1941 2789 1996 omnia
2808 1943 2982 2005 novit,
3021 1932 3081 1997 ut
3107 1941 3382 2007 disceret;
3431 1957 3528 1997 ve-

1957 2049 2081 2089 rum
2107 2035 2213 2089 hoc
2264 2032 2460 2104 agebat
2488 2042 2550 2087 ut
2599 2032 2917 2088 ostenderet
2955 2042 3214 2103 quantam
3258 2034 3326 2088 de
3366 2048 3530 2102 grege

1957 2142 2123 2196 quem
2148 2126 2311 2181 Petro
2331 2126 2729 2182 commissurus
2772 2133 2910 2191 erat,
2955 2134 3173 2196 gereret
3206 2126 3528 2180 sollicitudi-

1956 2231 2116 2270 nem:
2152 2214 2283 2269 dum
2335 2214 2483 2270 enim
2506 2229 2634 2269 eum
2663 2215 2812 2285 gregi
2848 2215 3155 2284 praeficeret
3211 2216 3306 2284 qui
3357 2215 3533 2269 maxi-‘

1959 2323 2050 2362 mo
2077 2308 2133 2363 in
2158 2308 2451 2363 Dominum
2472 2323 2660 2367 amore
2695 2308 2944 2373 ardebat,
2980 2308 3196 2378 proprii
3224 2325 3359 2379 erga
3396 2324 3527 2366 oves

1958 2410 2088 2454 suas
2140 2399 2371 2455 affectus
2392 2399 2797 2455 vehementiam
2855 2399 3145 2455 evidenter
3187 2400 3525 2456 declarabat.

1957 2489 2192 2561 Propter
2219 2492 2468 2548 eamdem
2498 2507 2719 2548 causam
2757 2500 2842 2547 ter
2866 2492 3189 2564 interrogat,
3227 2507 3425 2563 nempe
3467 2501 3530 2546 ut

1960 2582 2274 2649 maximam,
2304 2597 2468 2652 quam
2504 2583 2675 2638 habet
2718 2581 3069 2638 rationalium
3097 2584 3281 2638 ovium
3313 2599 3524 2648 curam,

281 2673 392 2728 τῶν
411 2674 848 2747 ποιμαινομένων
866 2678 1118 2743 διέξεισιν
1136 2694 1151 2711 ⁶
1173 2681 1335 2750 ἀρνία
1360 2682 1624 2753 πρότερον
1642 2683 1854 2754 βόσκειν

1963 2673 2318 2740 manifestet;
2346 2689 2540 2729 verum
2570 2673 3030 2744 etiamlinprima
3078 2675 3169 2730 illa
3215 2670 3525 2745 interroga-

288 2763 709 2836 ἐγκελευόμενος
727 2781 742 2796 ³
771 2763 890 2821 εἶτα
920 2768 1214 2840 προϐάτια,
1245 2770 1282 2824 ἃ
1317 2772 1565 2842 πρόϐατα
1596 2774 1745 2838 ὄντα,
1771 2775 1854 2829 διά

1960 2765 2113 2820 tione
2130 2764 2330 2835 gradus
2369 2763 2636 2834 quosdam
2683 2779 2873 2819 eorum
2911 2766 3008 2835 qui
3058 2775 3379 2834 pascuntur,
3433 2767 3529 2821 dc-

282 2870 403 2907 τινα
433 2856 751 2925 πταίσματα
811 2859 1362 2931 κατασμικρυνθέντα
1390 2862 1490 2932 τῆς
1531 2863 1734 2933 ἀρετῆς
1764 2865 1854 2918 καὶ

1964 2854 2200 2910 scribit:
2256 2869 2442 2925 agnos.
2466 2854 2739 2924 siquidem
2780 2870 3009 2925 pascere
3050 2856 3291 2928 primum
3328 2857 3522 2927 jubet;

283 2942 382 3010 τῆς
407 2942 763 3013 τελειότητος,
794 2949 876 3009 είς
907 2948 1180 3019 προϐάτια
1229 2949 1678 3021 ἀνθυπὲστρεψεν
1698 2969 1712 2985 ⁸
1759 2955 1854 3008 καὶ

1967 2945 2171 3002 deinde
2201 2945 2468 3011 oviculas,
2498 2961 2642 3015 quae,
2672 2961 2798 3001 cum
2819 2961 2952 3002 oves
2986 2948 3141 3017 prius
3161 2948 3523 3011 exstitissent,

282 3028 469 3085 λοιπὸν
499 3032 559 3086 τὸ
579 3032 763 3104 τρίτον
792 3034 864 3087 τὰ
885 3036 1066 3088 τέλεια
1104 3035 1358 3106 ἐπιφέρει
1405 3037 1655 3108 πρόϐατα
1678 3054 1692 3068 ⁸
1752 3040 1854 3110 ἀρ-

1961 3045 2152 3107 postea
2174 3053 2273 3107 per
2304 3037 2490 3107 lapsus
2511 3036 2776 3109 quosdam
2821 3038 3027 3094 virtute
3084 3048 3141 3094 et
3180 3040 3525 3108 perfectione

281 3121 419 3185 νίοις
447 3123 576 3191 γοῦν
607 3124 916 3189 είκάζονται
947 3129 997 3181 oi.
1027 3127 1107 3181 ἔτι
1134 3128 1405 3197 γάλακτος
1449 3130 1543 3184 καὶ
1573 3130 1854 3201 στοιχειώ-

281 3212 407 3276 δους
432 3213 777 3278 διδασκαλίας
804 3216 1079 3287 δεόμενον
1109 3218 1425 3289 προϐατίοις
1457 3220 1515 3275 δὲ
1543 3222 1594 3274 oi
1615 3222 1710 3276 διά
1730 3240 1855 3279 τινα

283 3304 709 3376 παραπτώματα
740 3309 1311 3379 κατασμικρυνθέντες
1336 3313 1434 3381 τῆς
1478 3312 1849 3383 τελειότητος·

281 3393 579 3465 προϐάτοις
613 3394 671 3450 δὲ
690 3398 739 3449 οί
762 3399 843 3461 είς
863 3398 925 3450 τὸ
943 3399 1147 3454 τέλειον
1173 3401 1577 3473 ἀναϐεϐηκότες
1625 3403 1723 3457 καὶ
1751 3404 1853 3474 τῆς

280 3484 525 3550 πίστεως
576 3486 672 3541 καὶ
700 3486 808 3541 τῶν
837 3487 1090 3558 πράξεων
1109 3506 1125 3521 ο
1156 3491 1252 3544 καὶ
1304 3491 1496 3546 σκόπει
1525 3495 1678 3558 ὅπως
1713 3511 1850 3566 προ-

277 3573 472 3630 τάττει
492 3573 561 3630 τά
589 3575 752 3648 ἀτελῆ
779 3576 886 3631 τῶν
910 3579 1129 3636 τελείων
1150 3594 1167 3613 ο
1193 3580 1607 3653 προηγούμενος
1631 3582 1740 3655 γὰρ
1771 3583 1859 3653 τῷ.

277 3668 531 3741 Δεσπὸτῃ
565 3669 763 3733 σκοπὸς
790 3671 822 3739 ἡ
845 3669 954 3723 τῶν
984 3671 1322 3742 ἁμαρτωλῶν
1353 3675 1618 3746 σωτηρία,
1640 3677 1724 3731 Οὐ
1744 3673 1854 3746 γὰρ

273 3754 493 3829 ἦλθον.
513 3760 667 3831 φησι,
699 3762 954 3816 καλέσαι
974 3760 1263 3833 δικαίους,
1281 3765 1441 3820 ἀλλὰ
1465 3768 1853 3835 ἁμαρτωλοὺς

275 3853 361 3917 είς
380 3851 723 3919 μετάνοιαν.

280 4072 400 4127 Τοῦ
453 4072 525 4128 ἐν
555 4073 745 4144 ἁγίοις
775 4076 1071 4145 Εὐλογίου
1108 4077 1565 4144 Ἀλεξανδρείας
1630 4080 1717 4144 είς
1752 4078 1839 4145 τὸ,

657 4163 676 4197 ι
711 4143 1072 4214 Ζεῦγοςντῶν
1090 4143 1415 4216 τρυγόνωνζ
1455 4166 1474 4198 ι

1960 3127 2280 3190 deminutae,
2317 3128 2373 3183 in
2400 3128 2745 3183 ovicularum
2800 3129 3051 3183 ordinem
3115 3137 3523 3194 retrocessere;

1962 3230 2078 3276 tum
2101 3220 2324 3276 demum
2361 3232 2494 3277 oves
2556 3222 2829 3292 perfectas
2873 3220 3109 3276 inducit.
3160 3223 3328 3293 Agnis
3362 3236 3527 3292 porro

1959 3312 2329 3367 assimilantur
2370 3312 2466 3382 qui
2512 3313 2668 3368 lacte‘
2701 3313 2884 3368 adhuc
2933 3322 2991 3368 et
3038 3312 3361 3369 elementari
3430 3312 3529 3367 do-

1959 3401 2137 3456 ctrina
2167 3401 2445 3473 indigent;
2486 3403 2724 3458 oviculis
2748 3404 2845 3474 qui
2880 3420 2980 3474 per
3008 3403 3257 3473 quaedam
3296 3402 3519 3464 delicta,

1960 3490 2301 3561 perfectione
2330 3492 2601 3547 deminuti
2627 3503 2758 3548 sunt
2782 3511 2798 3560 ;
2821 3493 3037 3555 ovibus,
3084 3492 3180 3560 qui
3222 3490 3290 3546 ad
3326 3490 3450 3545 fidei
3475 3499 3530 3543 ct

1961 3582 2088 3637 vita:
2107 3582 2501 3653 perfectionem
2559 3584 3020 3639 conscenderunt.
3074 3581 3219 3636 Vide
3258 3592 3525 3652 praetcrea

1961 3673 2249 3745 quomodo.
2286 3674 2609 3745 imperfecta
2661 3674 2922 3744 perfectis
2965 3680 3285 3744 praeponat:
3330 3669 3525 3740 praeci-

1960 3780 2108 3837 puus
2161 3765 2424 3821 videlicet
2482 3766 2696 3821 Domini
2751 3780 2952 3834 scopus
3008 3764 3118 3818 fuit
3176 3771 3525 3833 peccatorum

1962 3858 2146 3912 salus:
2179 3856 2296 3909 Non
2326 3858 2443 3912 veni
2490 3857 2660 3921 enim,
2693 3857 2891 3927 inquit,
2947 3852 3135 3910 vocare
3176 3858 3370 3926 justus,
3426 3855 3518 3907 sed

1963 3958 2259 4016 peccatores
2287 3947 2356 4000 ad
2392 3948 2753 4017 paenitentiam
2780 3947 2844 4000 “.

2090 4082 2277 4137 Sancti
2312 4082 2522 4154 Eulogii
2551 4080 2900 4137 Alexandrini
2927 4083 2981 4135 in
3009 4081 3142 4135 illud
3171 4097 3203 4140 ε,
3231 4101 3248 4133 ι
3269 4079 3384 4137 Par

2579 4162 2869 4204 turturum.
2899 4170 2916 4202 ι

1366 4326 1504 4399 Ang.
1529 4326 1630 4381 MAI
1667 4324 1840 4382 Class.
1871 4327 2026 4383 Auct.
2056 4336 2096 4381 t.
2130 4327 2200 4392 Χ,
2232 4343 2290 4398 p.
2321 4328 2444 4382 495.

351 4488 570 4543 Πολλῶν
624 4489 793 4544 ὄντων
836 4488 1015 4558 ζώων,
1055 4491 1092 4545 ἃ
1121 4492 1186 4545 ἐν
1203 4493 1269 4562 τῇ
1296 4490 1405 4545 τῶν
1437 4491 1693 4562 καθαρῶν
1722 4492 1847 4547 ἑτά-

2023 4488 2160 4545 Cum
2190 4490 2429 4559 plurima
2463 4499 2655 4547 essent:
2677 4491 2931 4545 animalia
2986 4508 3107 4563 quae
3149 4492 3203 4546 in
3256 4508 3518 4563 purorum

281 4581 380 4653 χθη
413 4580 613 4652 μερίδι,
636 4581 728 4636 διὰ
764 4582 819 4635 τί
867 4583 1030 4636 πέντε
1061 4585 1197 4653 μόνα
1218 4584 1568 4648 ὲθυσιάζοντο
1599 4586 1714 4649 τοῖς
1741 4601 1851 4637 πα-

1959 4579 2145 4634 ordine
2178 4579 2537 4645 haberentur,
2560 4597 2732 4650 quare
2767 4582 3012 4653 quinque
3040 4590 3251 4639 tantum
3285 4599 3315 4637 a
3364 4596 3521 4639 vetc-

280 4670 471 4736 λαιοῖς,
526 4673 750 4743 τράγος,
782 4677 877 4727 καὶ¹
911 4675 1084 4743 κριὸς,
1138 4675 1231 4729 καὶ
1289 4675 1436 4744 βοῦς,
1472 4675 1714 4745 τρυγὼν,
1748 4676 1843 4728 καὶ

1959 4670 2110 4723 ribus
2136 4670 2583 4737 immolabantur,
2607 4687 2841 4740 nempe:
2876 4673 3086 4737 hircus,
3110 4673 3256 4729 aries
3307 4685 3364 4729 et
3400 4675 3533 4737 bos,,

287 4760 842 4834 περιστεράςἚπειδὴ
860 4763 1107 4833 βούλεται
1127 4765 1272 4835 ἡμᾶς
1289 4764 1317 4815 ὁ
1336 4765 1507 4833 Λόγος
1527 4765 1626 4829 τὰς
1651 4765 1847 4835 αίσοή-

1959 4769 2136 4815 turtur
2171 4768 2229 4816 et
2269 4762 2566 4817 columba?
2611 4761 2706 4818 His
2736 4763 2994 4819 videlicet
3038 4766 3312 4836 signiﬁcat
3369 4767 3518 4819 Scri-

280 4868 393 4917 οεις
420 4854 577 4924 ἡμῶν
599 4854 691 4908 τὸν
716 4855 830 4908 ἴσον
855 4856 1299 4928 ὑποϐαλλομένας
1326 4856 1561 4928 ἀριθμὸν
1591 4856 1839 4928 καθαρὰς

1959 4859 2135 4924 plura,
2162 4868 2265 4906 nos
2291 4852 2403 4907 Deo
2426 4868 2594 4923 puros
2610 4853 2809 4909 efferre
2825 4855 3030 4911 debere
3058 4871 3252 4912 sensus
3277 4868 3516 4920 nostros,

279 4947 571 5013 προσάγειν
597 4944 738 5014 Θεῷ.

1959 4945 2045 5013 qui
2073 4959 2259 5013 parem
2297 4959 2587 4999 numerum
2619 4960 2731 5015 pra:
2768 4962 2829 5001 se
2854 4946 3060 5003 ferunt.

444 5055 554 5110 Τοῦ
577 5056 648 5109 ἐν·
665 5057 855 5126 ἁγίοις
876 5056 1171 5127 Εὐλογίου
1199 5055 1671 5125 Ἀλεξανδρείας.

2139 5056 2323 5113 Sancti
2356 5058 2570 5130 Eulogii
2600 5061 2920 5130 patriarcha!
2948 5058 3320 5115 Alexandrini.

348 5164 470 5218 ’Ότι
509 5166 603 5219 καὶ
632 5164 718 5219 διὰ
749 5164 856 5218 τῶν
915 5165 1091 5219 κυνῶν
1131 5166 1232 5232 τὴν
1261 5165 1571 5237 ὑπερϐολὴν
1615 5168 1715 5236 τῆς
1745 5166 1839 5219 τοῦ

2012 5170 2220 5226 Canum
2267 5173 2546 5227 mentione
2587 5188 2855 5228 summam
2897 5172 3103 5227 divitis.
3130 5172 3511 5227 crudelitatem

279 5256 530 5311 πλουσίου
564 5257 830 5329 ἀπηνείας
860 5257 1072 5327 ἐλέγχει
1108 5260 1141 5327 ὴ
1170 5256 1455 5328 παραϐολή
1476 5272 1489 5286 °
1523 5257 1573 5309 οἱ
1602 5257 1701 5325 μὲν
1730 5258 1841 5329 γὰρ

1959 5261 2191 5331 :oarguit
2241 5262 2518 5331 parabola.
2570 5262 2707 5316 Nam
2752 5277 2933 5318 canes.
2965 5260 3342 5317 misericordia
3385 5277 3512 5327 erga

275 5348 434 5413 κύνες
459 5349 818 5421 οἰκτείροντες
849 5348 1015 5402 αὑτοῦ
1047 5350 1147 5418 τὴν
1178 5348 1380 5416 πολλὴν
1435 5347 1834 5418 ταλαιπωρίαν,

1959 5368 2160 5421 gravent
2183 5353 2375 5408 Lazari
2401 5354 2771 5409 calamitatem
2793 5355 3072 5420 commoti,
3094 5354 3240 5424 quod
3259 5362 3513 5423 poterant

275 5437 411 5510 ὅπερ
460 5440 711 5495 ἐδύναντο
740 5443 916 5493 ποιεῖν
976 5439 1245 5509 ἔπραττον
1282 5438 1686 5511 περιλείχοντες
1738 5440 1835 5492 κα)⁵

1959 5444 2423 5512 gratiﬁcabantur,
2476 5446 2624 5500 illius
2672 5446 2857 5501 ulcera
2907 5446 3178 5516 lingcntcs
3225 5461 3290 5500 ac
3341 5446 3521 5500 voluti.

276 5516 386 5576 οἷον
403 5525 817 5597 ἀποσμήχοντες
835 5527 998 5579 αὑτοῦ
1039 5527 1098 5579 τὸ
1148 5527 1301 5590 ἕλκος
1327 5530 1443 5591 ταῖς
1470 5526 1741 5595 γλώσσαις
1764 5544 1775 5557 ·
1808 5531 1836 5582 ὁ

1966 5536 2163 5604 inguis
2200 5538 2313 5591 suis
2350 5537 2744 5607 abstergcntes.
2794 5538 2863 5594 At
2911 5534 3064 5594 dives
3105 5539 3333 5594 canibus
3380 5554 3509 5607 erg."

353 5776 557 5835 ‘Hebr.
582 5794 638 5845 ι,
686 5772 803 5833 HI
853 5776 1145 5833 ’ibid.20.
1222 5778 1241 5810 ⁸
1277 5777 1411 5833 Luc.
1474 5795 1607 5844 xxii,
1666 5777 1748 5833 19.
1826 5784 1845 5814 ’

1959 5784 2052 5837 lor.
2084 5791 2159 5848 x1,
2178 5783 2264 5839 ‘26.
2349 5786 2392 5817 ¹⁰
2415 5785 2570 5841 Joan.
2606 5801 2716 5856 xxi,
2753 5785 2838 5842 15.
2882 5776 2924 5811 ¹¹
2958 5775 3091 5831 Luc.
3128 5790 3190 5842 τ,
3234 5773 3332 5830 δελ
