4026 6292
525 363 670 431 2963
1077 362 1138 424 S.
1172 356 1494 424 EULOGII
1531 364 1885 425 ARCHIEP.
1924 363 2307 424 ALEXAND.
2327 362 2800 424 FRAGMENTA
2840 362 3297 430 DOGMATICA.
3662 369 3787 434 2964

524 474 894 534 contribulem
938 492 1100 533 suum
1136 472 1331 534 durior
1374 479 1443 535 ab
1490 479 1579 534 his
1632 482 1770 550 ipsis
1814 480 2113 537 convince-

2212 477 2271 532 δὲ
2298 476 2527 532 καὶτῶν
2579 477 2758 531 κυνῶν
2806 479 2936 550 περὶ
2965 478 3057 533 τὸν
3104 480 3375 550 ὁμόφυλον
3408 481 3786 554 ἁπηνέστερος,

523 571 703 624 batur.
738 569 932 625 Merito
962 569 1132 641 igitur
1170 569 1284 640 igni
1316 569 1472 629 dives
1498 571 1792 627 damnatus
1825 572 1947 627 fuit.

2218 570 2313 625 καὶ
2346 570 2420 624 δι’
2446 571 2626 625 αὐτῶν
2658 570 2923 643 ἠλέγχετο
2936 572 3046 626 τῶν
3074 574 3251 628 κυνῶν
3271 592 3285 607 ο
3316 575 3410 630 διὰ
3439 576 3597 630 τοῦτο
3625 582 3785 639 κάκεῖ-

2221 680 2313 718 νον
2335 663 2396 717 τὸ
2431 663 2543 735 πῦρ
2565 664 2947 737 ἀδυσωπήτως
2982 667 3331 738 μετέρχεται.

1020 790 1235 864 Eulogii
1260 765 1631 848 Aleaiaudrini.
2606 841 2610 849 .

2606 798 2908 868 Εὐλοτίου
2945 799 3418 870 Ἀλεξανδρείας.

598 908 723 965 Haec
741 923 962 979 quoque
988 916 1216 979 propter
1234 923 1506 980 pauperes
1529 910 1730 980 recipit
1757 910 1925 974 Deus,
1951 909 2115 965 modo

2292 912 2519 984 Δέχεται
2537 912 2632 966 καὶ
2650 911 2823 966 ταῦτα
2847 911 2937 965 διὰ
2958 912 3067 967 τῶν
3094 915 3345 983 πενήτων
3365 916 3394 967 ὁ
3426 915 3561 980 Θεός
3579 933 3592 947 ο
3623 916 3686 970 ἂν
3709 918 3789 986 μό-

526 1002 793 1071 deinceps
833 1017 863 1056 a
906 1011 1135 1071 peccato
1180 1014 1492 1057 caveamus.
1535 1002 1769 1057 Pulchre
1822 1002 1970 1057 enim
2030 1002 2113 1068 ﬁt,

2224 1021 2312 1059 νον
2339 1003 2436 1057 τοῦ
2462 1002 2652 1056 λοιποῦ
2680 1002 3045 1072 φυλαξὼμεθα
3089 1005 3164 1074 μὴ
3214 1006 3582 1076 ἁμαρτάνειν.
3630 1009 3789 1061 Καλὸν

525 1094 573 1148 εἰ
601 1094 769 1148 etiam
800 1093 1028 1148 avaritia
1074 1093 1325 1149 collectis
1363 1094 1564 1163 opibus
1611 1095 1821 1151 amicos
1867 1095 2030 1151 nobis
2060 1095 2115 1149 in

2224 1097 2333 1168 γὰρ
2365 1095 2470 1150 κᾶν
2521 1094 2611 1149 διὰ
2661 1095 2769 1148 τῶν
2812 1097 2911 1165 τῆς
2943 1095 3255 1160 πλεονεξίας
3282 1097 3592 1168 χρημάτων
3624 1099 3789 1168 φίλους

528 1186 635 1241 hoc
683 1186 892 1241 mundo
940 1202 1344 1257 comparemus,
1378 1188 1474 1258 qui
1508 1187 1619 1242 illis
1652 1186 1877 1258 quidem
1929 1197 2116 1257 egent,

2225 1187 2459 1241 κτᾶσθαι
2491 1187 2618 1251 τοὺς
2641 1188 2699 1240 ὲν
2728 1184 2805 1257 τῷ
2830 1188 3021 1257 κόσμῳ
3052 1186 3224 1256 τούτῳ
3252 1188 3610 1266 πενομένους,
3641 1189 3788 1242 πλου-

527 1278 624 1333 sed
655 1278 767 1333 Deo
800 1287 931 1333 sunt
961 1277 1162 1334 divites
1188 1297 1201 1333 :
1234 1287 1297 1334 ut
1322 1293 1446 1333 cum
1486 1280 1878 1346 defecerimus,
1909 1280 2116 1339 nullam

2225 1280 2375 1343 σίους
2418 1280 2475 1333 δὲ
2531 1279 2674 1333 κατὰ
2722 1279 2886 1332 Θεόν·
2946 1279 3032 1332 ἵνα
3070 1279 3200 1332 ὅταν
3240 1278 3584 1350 ἔκλιπωμεν,
3645 1281 3789 1350 μηδὲν

527 1365 798 1433 habentes
844 1368 972 1424 vitae
1017 1368 1314 1440 justitiam,
1364 1370 1559 1425 saltem
1594 1369 1666 1425 ob
1713 1371 1913 1426 collata
1943 1370 1998 1425 in
2027 1384 2117 1426 eos

2226 1373 2446 1443 ἔχοντες
2479 1372 2710 1436 ζωτικὸν
2739 1371 3035 1440 δικαίωμα,
3073 1371 3141 1424 δι’
3179 1364 3255 1425 ὧν
3280 1372 3484 1435 αὐτοὺς
3512 1368 3573 1426 εὖ
3619 1373 3789 1443 ἐποιή-

526 1459 819 1524 beneficia,
879 1461 1151 1530 recipiant
1202 1476 1306 1516 nos
1353 1461 1410 1515 in
1462 1462 1820 1518 tabernacula
1870 1479 1991 1528 sua,
2023 1463 2116 1533 qui

2228 1481 2422 1534 σαμεν,
2455 1465 2535 1528 εἰς
2573 1465 2673 1525 τὰς
2722 1463 2935 1517 ἑαυτῶν
2992 1464 3138 1533 ἡμᾶς
3169 1462 3381 1531 σκηνὰς
3441 1465 3490 1516 οἱ
3522 1462 3788 1532 ἠλεημένοι

527 1562 777 1608 nostram
810 1553 1249 1610 misericordiam
1282 1555 1496 1625 experti
1526 1555 1701 1611 fuere.
1737 1554 1843 1610 Sed
1876 1556 1920 1612 si
1953 1572 2025 1612 ne
2054 1556 2117 1613 de

2228 1555 2627 1621 ὑποδέξωνται’
2684 1555 2746 1607 El
2780 1553 2838 1607 δὲ
2873 1553 3010 1624 μηδὲ
3071 1554 3136 1605 ὲκ
3166 1553 3259 1606 τοῦ
3300 1555 3543 1624 μαμωνᾶ
3569 1554 3665 1623 τῆς
3694 1553 3792 1607 dcit-

528 1658 841 1699 mammona
860 1645 1086 1715 quidem
1120 1647 1454 1717 iniquitatis,
1478 1648 1532 1703 id
1569 1656 1655 1703 est
1682 1649 1948 1714 avaritiae,
1984 1650 2118 1707 bene

2198 1713 2199 1718 η
2231 1647 2371 1711 κίας,
2394 1646 2513 1718 ἦτοι
2542 1644 2640 1715 τῆς
2663 1643 3000 1710 πλεονεξίας,
3031 1642 3094 1697 εὖ
3122 1645 3296 1696 ποιεῖν
3318 1643 3668 1713 Θελήσαιμεν,
3688 1642 3788 1705 πῶς

528 1736 715 1792 facere
765 1738 1128 1804 voluerimus,
1172 1741 1299 1809 quis
1344 1739 1509 1805 nobis
1552 1739 1763 1807 credet,
1816 1740 1936 1796 fore
1976 1750 2038 1797 ut
2067 1743 2114 1797 si

2197 1734 2200 1748 ’
2227 1738 2293 1792 ἂν
2320 1736 2745 1807 πιστευθείημεν
2772 1736 2857 1789 ὅτι
2889 1737 2938 1788 εἰ
2972 1734 3256 1805 προσῆσαν
3287 1735 3431 1804 ἡμῖν
3493 1733 3553 1799 ἐξ
3598 1734 3787 1787 οἰκείων

529 1835 704 1898 partae
754 1831 995 1900 propriis
1046 1829 1333 1885 laboribus
1385 1844 1521 1900 opes
1570 1830 1858 1896 adessent,
1913 1847 1980 1886 ex
2032 1831 2119 1888 his

2228 1828 2415 1883 κόπων
2440 1828 2722 1899 χρήματα,
2747 1829 2959 1890 τούτοις
2984 1826 3050 1879 ἂν
3074 1825 3201 1888 τους
3222 1825 3429 1888 ἐνδεεῖς
3461 1826 3785 1894 ὴλεήσαμενς

531 1932 736 1987 egenos
762 1918 1199 1975 misericorditer
1226 1920 1578 1975 solaremur?
1605 1921 1743 1976 Nam
1773 1921 1818 1975 si
1841 1936 1911 1975 ne
1940 1921 2120 1978 aliena

2226 1923 2291 1976 Ei
2314 1921 2424 1993 γὰρ
2453 1923 2517 1975 ὲκ
2548 1920 2657 1974 τῶν
2686 1920 2981 1990 ἀλλοτρίων
3012 1916 3106 1972 καὶ
3138 1916 3175 1971 ἃ.
3205 1917 3380 1986 χωρὶς
3403 1917 3587 1968 κόπων
3620 1916 3786 1967 πλεον-

533 2012 783 2082 quidem,
809 2024 866 2070 et
893 2031 1018 2086 qua:
1064 2016 1274 2086 absque
1312 2015 1503 2070 labore
1542 2029 1706 2070 avare
1750 2014 2118 2084 possidemus,

2229 2016 2465 2079 εκτικῶς
2496 2010 2852 2084 ἐκτησάμεθα
2879 2053 2894 2079 ,
2923 2012 2982 2066 οὐ
3022 2009 3433 2081 μετεδώκαμεν,
3457 2007 3493 2062 ἃ
3520 2009 3608 2061 καὶ
3636 2009 3785 2061 οἰκεῖα

533 2106 797 2161 nolumus
844 2108 1279 2174 communicare,
1326 2106 1606 2177 quomodo
1634 2120 1700 2161 ea
1728 2121 1851 2176 quae
1898 2106 2122 2176 propria

2230 2106 2380 2160 δοκεῖ
2409 2102 2569 2165 εἶναι,
2597 2103 2692 2157 καὶ
2724 2102 2903 2155 πόνων
2955 2101 3101 2155 ἰδίων
3159 2098 3400 2168 καρπὸς,
3464 2096 3581 2159 πῶς
3608 2096 3668 2150 ἄν
3695 2113 3786 2149 τινι

533 2197 816 2265 videntur,
836 2207 1266 2271 nostrorumque
1287 2199 1541 2256 laborum
1554 2197 1769 2253 fructus
1791 2196 2121 2267 impertituri

1682 2206 1769 2253 tus
1791 2196 2121 2267 impertituri
2231 2199 2438 2253 τούτων
2472 2198 2795 2269 μεταδοῦναι
2826 2190 3272 2265 πιστευθείημεν.

537 2289 795 2361 cuiquam
834 2290 1127 2347 credemur
1149 2292 1172 2344 ?

1651 2449 1779 2513 MAI,
1808 2447 1948 2502 Bibl.
1975 2447 2123 2505 Nova
2169 2446 2396 2503 Patrum
2430 2488 2444 2514 ,
2472 2447 2563 2512 Ill,
2598 2445 2718 2501 104.

837 2557 1055 2631 Eulogii
1079 2562 1259 2631 patria
1268 2562 1406 2615 rchw
1442 2560 1816 2615 Alexandrini.
2044 2566 2050 2574 '

2044 2566 2050 2574 '
2514 2558 2814 2627 Ε’ὺλογίου
2834 2556 3005 2610 πάντα
3025 2555 3498 2626 Ἀλεξανδρείας.

612 2653 994 2711 Remittuntur
1020 2654 1342 2725 iniquitates
1382 2655 1438 2709 in
1468 2654 1763 2727 baptismo,
1793 2665 2046 2728 tegentur
2072 2658 2129 2710 in

2296 2654 2369 2707 Τὸ
2421 2654 2520 2725 μὲν
2568 2653 2929 2723 ἀφείθησαν,
2974 2652 3068 2706 ὲπὶ
3132 2652 3227 2706 τοῦ
3290 2651 3678 2722 βαπτξσματος,
3730 2644 3781 2695 τὸ

540 2745 887 2815 poenitentia.
911 2745 1089 2803 Dictio
1113 2755 1321 2813 autem,
1354 2763 1460 2801 non
1497 2747 1841 2818 imputaverit
1873 2748 2129 2803 Dominus

2229 2746 2289 2799 δὲ
2336 2744 2866 2814 ἐπεκαλύφθησαν
2908 2743 3004 2796 ἐπὶ
3038 2743 3138 2813 τῆς
3188 2742 3489 2812 μετανοίας
3532 2738 3772 2792 τάττεται.

543 2839 799 2894 cuucleat
829 2839 1158 2894 vocabulum
1198 2848 1405 2912 tegere;
1436 2856 1564 2896 nam
1612 2850 1761 2898 recta
1804 2843 2130 2912 poenitentia

2230 2837 2306 2889 Τὸ
2330 2837 2409 2901 δὲ,
2446 2830 2495 2904 ᾧ
2535 2837 2607 2891 οὐ
2649 2835 2736 2904 μὴ
2771 2835 3094 2904 λογίσηται
3126 2834 3373 2903 Κύριος,
3417 2828 3660 2901 ἐξήγησις
3685 2828 3780 2878 ἐστι

543 2937 770 2998 peccata
816 2930 983 3001 tegit,
1017 2939 1077 2985 ut
1101 2931 1215 3002 jam
1244 2932 1388 3001 apud
1419 2933 1594 2987 Deum
1624 2934 1739 2988 non
1771 2941 2119 3002 reputentur.

2188 2956 2201 3009 ι
2238 2926 2334 2982 τοῦ
2380 2924 2868 2996 ἐπικαλυφθῆναι
2892 2940 2908 2957 ο
2938 2927 3106 2997 ἡγὰρ
3149 2924 3289 2997 ὀρθὴ
3337 2921 3778 3012 μετάνοιαᾉὲετικα.

2235 3020 2430 3073 λύπτει
2471 3020 2570 3084 τὰς
2604 3019 2882 3090 ἁμαρτίας
2902 3057 2918 3082 ,
2940 3017 3081 3091 ὥρα-τε
3125 3018 3199 3089 μὴ
3225 3017 3383 3088 παρὰ
3414 3015 3489 3085 τῷ
3515 3010 3625 3081 Θεῷ
3651 3006 3774 3075 λογί-

2235 3111 2426 3176 ζεσθαι
2460 3110 2687 3174 ταύτας.

546 3253 635 3316 De
666 3254 973 3335 Operibus
995 3259 1201 3321 sancti
1232 3258 1498 3339 Eulogii
1538 3262 1882 3342 deperditis
1921 3264 2050 3345 lege
2098 3267 2530 3348 qgtwiPhotius
2556 3267 2740 3348 habet
2784 3284 2853 3328 tn
2897 3265 3313 3348 Bibliotheca,
3367 3272 3543 3334 codd.
3576 3279 3770 3337 ccxxv,

1270 3356 1527 3416 ccxxvr,
1560 3359 1790 3421 ccxxx,
1831 3345 2320 3427 CCLxxx,’hujus
2356 3346 2727 3426 Patrologiaa
2766 3353 2910 3408 tom.
2949 3348 3100 3409 CIII.
