4026 6292
1615 645 1788 691 ANNO
1824 648 2047 695 DOMINI
2083 651 2292 695 DXCVI.

836 828 1010 1009 s.
1173 826 2075 1107 SYMEON
2225 827 3066 1011 JUNIOR.

1113 1318 1267 1405 DE
1334 1318 1431 1407 S.
1505 1317 2157 1412 SYMEONE
2249 1319 2847 1411 STYLITA

1207 1527 1274 1573 IN
1314 1524 1526 1573 MONTE
1552 1524 1832 1570 MIRABILI
1857 1527 2060 1572 PROPE
2088 1527 2474 1573 ANTIOCHIAM
2501 1526 2722 1583 SYRIJE,

739 1675 1334 1738 COMMENTARIUS
1375 1673 1732 1736 PRAEVIUS
1764 1672 1988 1733 CONR.
2028 1674 2462 1747 JANNINGHI,
2497 1672 2923 1735 SOCIETATIS
2956 1672 3156 1737 JESU.

1325 1840 1608 1910 (BOLLAND.
1636 1837 1754 1895 Act.
1786 1836 1969 1893 Sanct.
2009 1845 2050 1893 t.
2086 1838 2130 1892 V
2161 1838 2309 1904 Maii,
2340 1853 2396 1909 p.
2428 1837 2579 1907 298.)

320 2144 349 2213 ς
392 2141 434 2199 ι.
485 2140 662 2196 Trium
711 2138 941 2210 ejusdem
983 2141 1207 2213 nominis
1250 2138 1565 2213 stylitarunt
1605 2138 1900 2202 diuersitas,
1931 2142 2243 2207 Aquorum
2303 2153 2473 2192 linum
2526 2137 2714 2192 laudat
2764 2136 3155 2192 inveniendum
3204 2136 3349 2206 apud
3405 2152 3464 2193 se
3506 2138 3574 2192 ad

775 2212 1105 2281 cognomina,
1140 2218 1187 2263 et
1208 2208 1396 2264 cultus.

392 2323 443 2377 1.
476 2321 792 2377 Graecorum
814 2319 1106 2383 Triodion,
1139 2321 1299 2391 cujus
1323 2321 1379 2375 in
1412 2335 1609 2374 eorum
1642 2321 1903 2376 ccclesiis

320 2428 453 2467 usus
483 2420 615 2467 esta
638 2410 926 2465 Dominica
948 2411 1387 2480 Septuagesimae
1424 2425 1600 2480 usque
1631 2410 1698 2465 ad
1739 2419 1897 2465 octa-

319 2519 443 2556 vam
481 2503 862 2565 Pentecostes,
900 2501 953 2555 in
978 2502 1205 2556 Canuue
1234 2501 1409 2556 Fcriaa
1441 2517 1493 2555 vt
1534 2511 1664 2557 ante
1703 2502 1896 2555 Domi-

319 2593 498 2648 nicam
535 2591 1274 2663 Quinquagesimze,quaudo
1300 2591 1359 2645 fit
1381 2591 1636 2646 Memoria
1661 2593 1897 2645 omnium

318 2694 624 2739 sanctorum
650 2691 699 2737 et
734 2683 1067 2753 Deiferorum
1100 2682 1348 2746 Patrum,
1377 2684 1467 2752 qui
1496 2684 1552 2736 in
1598 2683 1896 2736 monastica

320 2777 700 2829 exercitatione
743 2772 1096 2845 singulariter
1181 2772 1487 2836 eluxerunt,
1547 2773 1755 2841 Μνὴμη
1787 2770 1896 2822 τῶν

321 2869 484 2922 ὁσίων
517 2869 610 2920 καὶ
629 2868 915 2938 Θεοφὸρων
946 2868 1228 2936 Πατέρων,
1253 2866 1361 2919 τῶν
1412 2867 1471 2918 ὲν
1491 2866 1722 2934 ἀσκήσει
1753 2863 1895 2933 λαμ-

318 2961 578 3028 φάντων,
634 2974 828 3014 eorum
885 2959 1222 3013 celebriores
1276 2957 1560 3027 sigillatim
1597 2968 1654 3011 et
1697 2955 1897 3011 ordine

321 3052 670 3122 alphabetico
691 3050 1000 3106 laudandos
1024 3051 1308 3120 proponit,
1334 3065 1431 3119 per
1448 3049 1728 3104 Canonem
1754 3049 1897 3105 bene

321 3145 570 3215 longum.
602 3142 663 3197 In
686 3142 852 3212 hujus
877 3151 1062 3197 autem
1094 3141 1325 3197 canonis
1353 3140 1458 3196 ode
1507 3142 1560 3202 6,
1607 3139 1830 3209 str0phe
1863 3139 1899 3193 5

322 3236 505 3305 (cujus
535 3243 593 3288 et
628 3233 902 3289 Baronius
929 3233 1185 3288 meminit
1206 3233 1273 3287 ad
1321 3248 1411 3287 an.
1440 3232 1566 3296 842,
1600 3246 1754 3285 num.
1778 3230 1894 3300 97),

323 3325 626 3397 Symeones
673 3331 914 3394 quatuor
955 3324 1037 3381 sic
1066 3331 1616 3378 commemorantur:
1656 3322 1897 3392 Οὐρανὸς

322 3418 758 3486 τετραφόστερος
825 3415 997 3484 ἐφάνη
1027 3415 1086 3467 ἑν
1119 3417 1212 3485 γῇ,
1280 3415 1314 3484 ἡ
1361 3413 1450 3466 διὰ
1498 3413 1580 3475 δὶς
1618 3411 1712 3467 Wo
1758 3411 1896 3481 αὕτη

2005 2228 2211 2284 calcem
2240 2228 2688 2299 Evangeliorum,
2720 2228 2951 2283 Arabice
3004 2228 3059 2281 in
3081 2226 3313 2299 Egypto
3349 2230 3574 2298 perpul-

2005 2320 2137 2375 cbre
2171 2319 2530 2389 scriptorum,
2559 2336 2651 2374 an.
2684 2328 2990 2391 martyrum
3022 2336 3122 2383 ιιιι,
3159 2318 3214 2374 id
3264 2327 3351 2374 est
3370 2319 3576 2390 Christi

2008 2410 2178 2473 l286;
2215 2411 2296 2465 sic
2325 2419 2509 2465 autem
2542 2411 2616 2465 ibi
2646 2410 3000 2466 referuntur:
3029 2413 3062 2464 4
3093 2410 3300 2465 mensis
3316 2411 3459 2465 Vhot
3481 2426 3576 2467 seu

2008 2501 2029 2554 1
2063 2500 2405 2570 Septembris
2434 2500 2707 2573 Symeonis
2763 2501 2991 2562 Detenti.
3031 2503 3190 2572 cujus
3232 2503 3580 2571 cognominis

2007 2594 2150 2646 ratio
2183 2592 2327 2647 baud
2357 2594 2520 2647 facile
2552 2602 2823 2662 apparet;
2854 2593 2923 2647 29
2960 2593 3164 2648 mensis
3192 2594 3440 2648 Bachnes
3479 2609 3576 2647 seu

2002 2684 2072 2737 24
2102 2684 2248 2749 Maii,
2280 2686 2451 2738 sancti
2492 2682 2765 2754 Symeonis
2791 2684 2972 2753 Magni
2996 2701 3014 2749 ;
3046 2686 3080 2739 5
3124 2686 3329 2740 mensis
3376 2686 3574 2747 Musre.

2005 2774 2059 2829 id
2084 2784 2171 2830 cst
2200 2775 2269 2829 27
2293 2775 2425 2830 Julii
2460 2815 2475 2838 ,
2527 2773 2802 2846 ngeonis
2846 2772 3072 2845 Stylitw.
3133 2775 3324 2830 Itidem
3383 2776 3575 2831 iisdem

2004 2866 2205 2922 diebus
2233 2876 2595 2922 recensentur
2636 2867 2802 2922 etiam
2837 2867 2893 2921 in
2937 2867 3275 2922 Kalendario
3323 2869 3570 2939 Syriaco,

2003 2957 2152 3026 quod
2188 2957 2445 3013 Patribus
2466 2958 2673 3014 nostris
2710 2958 3065 3013 Henschenio
3085 2968 3143 3013 et
3172 2959 3577 3029 Papebrocliio,

2006 3049 2194 3105 Romae
2254 3049 2312 3103 in
2379 3033 2614 3120 collegio
2682 3050 3038 3113 Maronitico,
3097 3050 3294 3106 Latine
3346 3051 3578 3106 dictavit

2003 3140 2066 3195 D.
2119 3141 2439 3210 Josephus,
2502 3142 2719 3212 collegii
2777 3142 3032 3213 ejusdem
3094 3143 3397 3208 alumnus,
3475 3144 3581 3198 hoc

2009 3233 2174 3288 modo
2211 3251 2225 3286 :
2262 3232 2444 3288 Obitus
2485 3237 2658 3289 sancti
2702 3233 2980 3305 Symeonis
3032 3236 3194 3305 primi
3235 3233 3575 3305 Stylitarum,

2003 3327 2174 3378 sancti
2198 3323 2584 3394 Symconis.....
2618 3327 2791 3379 sancti
2819 3323 3093 3396 Symeonis
3115 3323 3341 3395 διεβίω.
3402 3326 3581 3395 Atque

2006 3417 2202 3471 eodem
2229 3417 2347 3473 fere
2374 3414 2560 3480 modo.
2592 3418 2812 3487 punctis
2843 3417 3011 3472 etiam
3052 3418 3119 3471 ad
3142 3417 3446 3472 secundum
3482 3431 3584 3472 no-

324 3505 660 3575 Συμεώνειος
697 3505 1009 3575 ὁμωνυμία,
1029 3505 1086 3556 ὲν
1114 3504 1227 3565 τοῖς
1256 3502 1466 3565 στύλοις
1489 3505 1636 3571 τρεῖς
1655 3504 1779 3566 εισι,
1812 3502 1911 3556 καὶ

2013 3507 2160 3572 tatis,
2185 3509 2308 3562 loco
2329 3507 2481 3562 vocis
2503 3508 2740 3577 alicujus
2773 3507 3081 3562 deficientis
3111 3521 3327 3576 usuque
3344 3507 3578 3572 extrita,

323 3592 404 3660 ιῖς
432 3599 460 3649 ὁ
481 3596 669 3660 Σαλός.
686 3595 810 3650 Πωσ
838 3596 915 3650 bis
940 3595 1169 3649 duorum
1191 3593 1511 3665 Symeonum
1541 3596 1898 3665 homonymia,

328 3689 585 3757 apparuit
616 3689 672 3741 in
717 3695 863 3741 terra
915 3685 1059 3740 velut
1086 3685 1276 3738 caelum
1324 3697 1557 3755 quatuor
1616 3684 1903 3740 luminari-

323 3780 417 3833 bus
455 3778 783 3843 distinctum,
822 3795 1051 3849 quorum
1106 3787 1210 3831 tres
1243 3779 1297 3832 in
1331 3778 1589 3832 columnis
1641 3781 1900 3841 vixerunt,

329 3888 467 3926 unus
495 3870 808 3942 appellatur
835 3870 1015 3926 Salus.
1040 3871 1257 3928 Colitur
1280 3872 1513 3926 ultimus
1541 3870 1632 3923 die
1673 3871 1697 3922 1
1744 3869 1900 3924 Julii.

327 3962 653 4032 Stylitarum
702 3961 815 4017 duo
861 3962 1140 4018 notissimi
1191 3970 1343 4026 sunt,
1374 3962 1543 4016 etiam
1597 3959 1743 4028 apud
1785 3959 1904 4014 Mo-

328 4053 493 4108 scbos
514 4061 572 4107 et
594 4061 870 4123 quatquot
894 4054 988 4108 alii
1010 4052 1217 4109 Gmcis
1264 4053 1465 4108 ritibus
1507 4058 1778 4116 utuntur;
1825 4066 1905 4104 se-

331 4144 472 4208 nior,
496 4143 529 4197 5
552 4142 803 4199 Januarii
827 4144 973 4214 apud
1017 4144 1267 4209 Latinos,
1309 4144 1457 4214 apud
1505 4143 1728 4199 Graecos
1758 4145 1782 4198 1
1810 4142 1907 4198 Se-

328 4232 635 4302 ptembris;
680 4234 891 4302 junior,
917 4233 1131 4289 Latinis
1154 4234 1334 4289 Fastis
1366 4234 1586 4304 ignotus
1618 4248 1797 4301 usque
1837 4231 1906 4286 ad

331 4325 749 4379 renovationem
795 4323 1168 4395 Martyrologii
1223 4340 1254 4378 a
1286 4323 1521 4379 Baronio
1569 4323 1791 4389 factam,
1825 4323 1905 4378 leo

331 4415 635 4469 stivitatem
687 4415 854 4470 habet
906 4414 1330 4469 celeberrimam
1372 4410 1602 4469 Oriente
1645 4422 1762 4470 toto
1816 4414 1907 4468 die

333 4504 406 4572 24
463 4505 614 4568 Maii,
663 4506 857 4562 nescio
901 4521 970 4561 ex
1024 4520 1136 4574 quo
1179 4505 1362 4575 capite
1425 4505 1631 4559 relatus
1689 4504 1757 4558 ab
1808 4520 1907 4559 eo-

335 4595 460 4651 dem
481 4595 717 4650 Baronio
737 4595 805 4655 ad
831 4597 865 4649 '5
882 4594 1247 4664 Septembris,
1280 4601 1400 4649 rato
1423 4593 1574 4648 hunc
1597 4594 1752 4648 illum
1785 4607 1907 4648 esse

334 4700 500 4753 quem
532 4684 671 4754 ipsis
699 4684 960 4739 Kalendis
982 4682 1159 4741 Graeci
1185 4682 1494 4738 celebrant.
1533 4683 1756 4738 Tertius
1785 4682 1909 4753 Sty-

335 4776 580 4840 litarum,
601 4791 728 4831 cum
774 4775 953 4831 titulis
993 4774 1296 4845 Presbyteri
1350 4785 1399 4829 et
1438 4774 1905 4839 Archimandritaz,

2009 3598 2363 3667 reperiuntur
2392 3598 2470 3652 illi
2507 3597 2651 3667 apud
2680 3597 3002 3662 Seldenum,
3030 3597 3220 3651 itidem
3266 3596 3361 3651 ubi
3394 3612 3601 3665 supra“

2009 3687 2066 3741 in
2115 3688 2224 3742 alio
2293 3688 2625 3743 Kalendario
2694 3688 2844 3758 quod
2908 3689 3222 3758 composuit
3291 3688 3585 3743 Mahumed

2010 3778 2250 3833 Achmed
2275 3778 2670 3833 Calcasendius
2703 3781 2767 3832 de
2794 3780 2937 3849 festis
2966 3779 3320 3850 Coptitarum,
3358 3780 3453 3834 ubi
3482 3796 3586 3834 no-

2010 3869 2158 3922 mina
2178 3868 2257 3922 sic
2284 3869 2582 3937 leguntur:
2620 3870 2642 3922 1
2673 3869 3008 3937 septembris
3047 3868 3320 3939 Symeonis
3355 3868 3580 3940 Stylitaz,

2008 3959 2079 4013 22
2101 3975 2200 4027 pro
2226 3960 2294 4013 “24
2315 3959 2439 4012 Maii
2474 3958 2686 4013 Festum
2730 3960 3026 4031 Symeonis,
3079 3960 3148 4013 27
3188 3960 3318 4014 Julii
3377 3959 3584 4015 Festum

2011 4046 2282 4119 Symeouis
2317 4047 2529 4119 Slglitw
2559 4066 2576 4103 :
2611 4051 2747 4119 quin
2793 4050 2960 4104 etiam
2998 4050 3065 4105 ad
3125 4050 3192 4104 14
3241 4050 3587 4119 Septembris

2009 4138 2253 4204 additur,
2289 4139 2410 4193 aliis
2433 4141 2694 4195 omnibus
2747 4141 3018 4210 ignotum,
3072 4141 3258 4210 festum
3312 4139 3587 4212 Symeonis

2011 4228 2250 4299 Styliue;
2278 4238 2335 4284 et
2367 4229 2640 4285 Seldenus
2671 4245 2771 4285 sua
2807 4244 2976 4283 manu
3037 4231 3315 4299 ascripsit,
3364 4230 3586 4285 alterius

2008 4336 2099 4373 seu
2121 4318 2363 4374 Juniuris
2387 4336 2407 4385 ;
2439 4335 2603 4389 quam
2633 4329 2802 4385 recte,
2839 4320 2958 4389 ipse
2983 4319 3204 4375 viderit.
3238 4321 3298 4375 lu
3319 4322 3589 4393 Martyro-

2010 4407 2155 4476 l0gio
2172 4398 2662 4479 Arabo—lEgyptio,
2690 4409 2839 4478 quod
2865 4408 3061 4464 iisdem
3096 4409 3358 4465 Patribus
3414 4411 3588 4465 inter-

2009 4507 2258 4569 pretatus
2288 4509 2371 4555 est
2390 4500 2576 4556 Gratia
2631 4500 2935 4565 Simonius,
2974 4509 3109 4556 tunc
3161 4500 3408 4570 ejusdem
3474 4503 3588 4556 col-

2011 4592 2137 4659 legii
2163 4592 2421 4647 alumnus
2442 4608 2592 4647 nunc
2613 4593 3072 4662 archiepiscopus
3099 4591 3481 4661 Tripolitanus
3529 4593 3586 4647 iu

2012 4683 2188 4753 Syria,
2214 4683 2696 4738 soluminvenitur
2727 4682 2994 4738 Memoria
3042 4683 3217 4737 sancti
3276 4683 3456 4737 Patris
3487 4681 3587 4755 Sy-

2013 4774 2211 4828 meonis
2243 4773 2577 4838 Miraculosi,
2602 4774 2845 4845 ascripta
2865 4774 2936 4828 21
2963 4773 3126 4833 MaiiJ

340 4866 458 4921 solo
482 4866 752 4921 hactenus
767 4866 993 4922 nomine
1029 4865 1205 4920 ferme
1230 4874 1398 4922 notus
1435 4866 1598 4921 nobis
1649 4873 1770 4921 est:
1807 4881 1913 4921 nec
1939 4848 1982 4906 (ἶ
2088 4865 2198 4919 Leo
2222 4865 2477 4929 Allatius,
2510 4866 2566 4920 in
2592 4866 2837 4920 Diatriba
2869 4865 2939 4921 de
2966 4865 3303 4937 Symeonum
3357 4867 3587 4938 scriptis

335 4958 486 5011 enim
515 4958 652 5013 satis
682 4966 899 5013 constat
927 4958 1106 5027 ipsum
1129 4973 1275 5024 esse,
1300 4959 1396 5028 qui
1453 4958 1509 5013 in
1537 4956 1727 5013 Cilicia
1753 4958 1911 5023 vixit,

335 5054 390 5099 et
420 5045 652 5103 fulmine
678 5056 859 5101 tactus
889 5046 1051 5111 obiit,
1097 5047 1299 5103 Joanni
1347 5048 1572 5105 Moscho
1624 5048 1679 5103 in
1741 5047 1917 5102 Prato

338 5136 607 5204 spirituali
632 5136 888 5191 laudatus
935 5154 950 5189 :

342 5230 460 5300 ejus
476 5225 650 5281 Graeci
683 5227 953 5281 recolunt.

407 5319 464 5387 2,.
511 5317 716 5374 Eadem
758 5318 927 5373 trium
988 5319 1182 5375 saltem
1237 5319 1573 5389 Symeonum
1624 5318 1923 5373 distinctio

343 5408 482 5463 adeo
510 5423 609 5477 per
631 5407 917 5464 Orientem
948 5419 1078 5465 nota
1104 5410 1245 5474 fuit,
1292 5418 1354 5464 ut
1372 5411 1537 5464 etiam
1559 5410 1627 5464 ad
1669 5409 1923 5478 Coptitas

341 5513 438 5553 seu
468 5498 820 5555 Christianos
845 5499 1126 5571 Egyptios
1156 5500 1518 5571 pertinuerit:
1559 5500 1705 5569 quod
1752 5516 1918 5569 appa-

343 5594 455 5643 ruit
483 5604 551 5644 ex
576 5605 769 5646 eorum
790 5591 1153 5653 Kalendariis,
1181 5593 1235 5645 in
1268 5592 1446 5646 lucem
1467 5591 1634 5646 editis
1656 5606 1686 5645 a
1711 5592 1916 5647 Jacobo

344 5675 603 5744 Seldeno,
644 5677 743 5735 lib.
773 5696 831 5734 ιιι
877 5678 945 5735 de
988 5679 1276 5750 Synedriis
1316 5679 1675 5735 Hebraeorum
1737 5696 1786 5736 c.
1827 5681 1913 5746 15,

1006 5137 1077 5191 ad
1104 5137 1254 5192 diem
1306 5138 1375 5193 27
1404 5138 1539 5193 Julii
1586 5138 1913 5193 memoriam

2014 4957 2223 5025 optime
2269 4956 2340 5011 de
2368 4956 2740 5028 Symeonibus
2780 4956 3127 5021 meritus,de
3150 4956 3374 5011 laniare
3396 4973 3587 5026 agens,

2015 5046 2203 5111 Graeci,
2242 5048 2445 5117 inquit,
2473 5050 2805 5111 recentiores,
2829 5055 2887 5099 ut
2916 5048 3148 5116 primum
3186 5048 3252 5102 ab
3280 5049 3378 5103 hoc
3397 5066 3588 5105 secun-

2016 5137 2082 5189 do
2102 5137 2453 5208 distinguant,
2487 5140 2717 5207 primum
2757 5137 3067 5209 Symeonem
3094 5140 3186 5193 τὸν
3239 5141 3299 5193 ὲν
3344 5145 3409 5213 τῇ
3451 5146 3591 5211 μάν-

2015 5226 2136 5297 δρᾳ,
2154 5228 2437 5282 secundum
2459 5230 2595 5283 hunc
2618 5228 2710 5282 τὸν
2731 5230 2790 5282 ἐν
2817 5229 3114 5301 θαυμαστῷ
3134 5230 3248 5301 ὄρει
3275 5233 3550 5303 appellant
3572 5252 3591 5290 :

2020 5316 2214 5386 utique
2243 5333 2272 5371 a
2301 5318 2424 5372 loco
2456 5317 2512 5371 in
2558 5334 2669 5387 quo
2702 5319 2903 5388 singuli
2937 5327 3247 5375 extremum
3281 5322 3405 5377 vita:
3441 5323 3591 5378 diem

2018 5408 2302 5473 obierunt,
2351 5411 2405 5463 in
2442 5425 2541 5463 sua
2588 5409 2827 5478 quisque
2866 5411 3124 5466 columna
3156 5429 3172 5479 ;
3208 5413 3419 5482 primus
3476 5414 3596 5469 lon-

2018 5500 2139 5570 gius
2170 5501 2241 5555 ab
2275 5500 2595 5565 Antiochia,
2624 5502 2769 5556 inter
2792 5500 2938 5555 hanc
2976 5512 3034 5557 et
3062 5502 3355 5573 Alcppum,
3393 5504 3473 5558 uti
3511 5514 3593 5559 te-

2019 5592 2120 5646 stis
2181 5599 2265 5646 est
2319 5591 2413 5660 qui
2450 5607 2629 5661 nuper
2666 5590 2848 5645 adhuc
2877 5592 3191 5647 columnam
3223 5593 3363 5647 vidit
3398 5595 3593 5650 Frater

2016 5681 2292 5737 Antonius
2315 5681 2588 5739 Gomales
2621 5682 2915 5738 Minorita:
2938 5682 3219 5740 secundus
3248 5684 3395 5741 haud
3432 5687 3593 5757 longe
