4026 6292
514 397 650 464 2967

1773 400 1834 457 S.
1871 397 2163 458 SYMEON
2201 399 2504 460 JUNlOR.

3594 406 3744 470 2968

513 525 542 562 ιι
606 507 874 562 suburbio
939 507 1212 576 Daphnes,
1263 507 1317 560 in
1373 517 1560 562 monte
1609 525 1772 578 quem
1820 509 2075 578 pluribus
2104 514 2150 570 Α
2179 507 2326 561 intra
2356 508 2636 562 mandram
2663 510 2922 564 conclusa
2958 509 3081 577 fuit,
3132 511 3210 566 uti
3250 513 3521 579 Senioris,
3571 529 3740 585 prout

513 599 893 653 describemus
920 597 1080 652 infra.
1105 599 1182 653 De
1218 599 1398 667 primo
1422 599 1639 654 abunde
1665 600 1961 654 Bollandus
1984 614 2079 653 no-

513 699 626 746 ster
655 690 766 760 egit
789 690 845 743 in
877 690 1156 754 Januario,
1184 699 1239 744 et
1267 691 1608 760 cognominis
1637 691 1882 760 praadicti
1909 691 2076 744 ratio-

523 789 651 834 nem
701 797 768 834 ex
808 789 1036 834 auctore
1080 781 1226 834 haud
1284 782 1446 849 paulo
1492 777 1790 851 antiquiori
1841 782 2077 852 Evagrio

513 871 925 941 intelligendam
968 871 1142 934 dedit,
1182 871 1435 942 allegatis
1491 873 1610 941 ejus
1666 871 1869 936 verbis,
1901 883 2078 926 annos

512 963 638 1016 vitae
662 963 741 1016 sic
771 961 1250 1027 distribuentibus,
1290 971 1350 1016 ut
1377 963 1573 1017 dicatis
1605 964 1780 1032 egisse
1832 963 1890 1014 ὲν
1939 963 2074 1032 αὐτῇ

514 1053 823 1124 καλουμένῃ
891 1052 1117 1124 Μάνδρα
1172 1054 1313 1106 ἑπτα
1375 1055 1466 1106 καὶ
1501 1057 1906 1126 τεσσαράκοντα
1956 1053 2073 1121 ἔτη,

511 1145 566 1196 in
614 1160 675 1196 ea
717 1160 834 1213 qua:
860 1153 1073 1197 t'ocatur
1119 1143 1347 1197 Mandra
1395 1160 1562 1198 annos
1605 1145 1960 1214 quadraginta
1996 1160 2076 1196 se-

435 1258 450 1296 ;
513 1242 674 1303 ptem,
702 1233 959 1288 videlicet
983 1234 1211 1289 ultimos
1249 1233 1374 1288 vitae
1413 1251 1543 1300 suae,
1579 1235 1745 1304 idque
1789 1250 1953 1303 supra
1987 1249 2076 1288 va-

445 1323 454 1333 ’
515 1326 626 1381 rius
649 1326 956 1381 successive
990 1327 1294 1390 columnas,
1323 1328 1464 1380 intra
1501 1327 1749 1381 eamdem
1795 1321 2072 1380 Mandram

511 1422 748 1478 erectas,
792 1422 960 1483 prout
989 1430 1056 1468 ex
1107 1415 1226 1468 Vita
1255 1415 1324 1469 ab
1352 1415 1594 1469 Antonio
1630 1415 1899 1483 discipulo
1941 1414 2074 1468 scri—

510 1511 604 1571 pta
637 1503 979 1573 intelligitur.
1017 1503 1111 1557 Est
1140 1513 1326 1558 autem
1361 1503 1588 1557 Mandra
1615 1505 1668 1558 in
1694 1505 1871 1574 primo
1909 1514 2074 1572 atque

508 1594 811 1662 originario
861 1609 964 1648 suo
1001 1594 1326 1664 signiﬁcato,
1372 1596 1527 1649 locus
1575 1596 1810 1649 maceria
1861 1596 2072 1664 lapidea

509 1685 930 1755 circumseptus,
959 1686 1174 1755 qualem
1220 1685 1325 1739 sibi
1372 1687 1425 1738 in
1456 1685 1625 1756 Syriae
1662 1687 1868 1756 campis
1897 1687 2074 1741 facere

511 1777 766 1831 solebant
816 1787 1083 1845 pastores,
1116 1778 1371 1845 intraque
1400 1793 1521 1830 eam
1549 1778 1790 1846 pecudes
1815 1794 1943 1832 suas
1969 1793 2073 1839 no-

511 1877 605 1920 ctu
671 1869 948 1938 colligere,
981 1867 1074 1921 ubi
1099 1883 1129 1920 a
1159 1868 1300 1935 lupis
1335 1883 1399 1922 ac
1449 1867 1668 1922 furibus
1696 1879 1824 1923 tuta:
1865 1879 2067 1925 essent.

510 1959 680 2023 Talis,
713 1972 816 2012 nec
872 1960 1000 2023 alia,
1025 1958 1131 2012 fuit
1160 1958 1407 2022 Mandra,
1446 1975 1567 2028 qua:
1602 1961 1781 2028 primo
1826 1959 2073 2030 Symeoni

511 2065 713 2105 nomen
735 2050 887 2104 dedit
916 2067 930 2116 ;
964 2051 1165 2119 quippe
1203 2051 1295 2119 qui
1321 2059 1516 2119 prreter
1544 2067 1711 2104 unum
1756 2052 1860 2106 sibi
1913 2054 2074 2107 mini-

509 2149 774 2196 strantem
798 2141 1092 2194 Antonium
1113 2141 1292 2194 nullos
1318 2141 1524 2194 sciatur
1541 2140 1797 2195 habuisse
1827 2140 2071 2210 discipu-

514 2235 596 2287 los
617 2251 632 2297 ;
657 2242 711 2287 et
726 2247 791 2286 co
816 2240 1022 2286 tantum
1043 2232 1148 2286 ﬁne
1181 2235 1301 2287 loco
1318 2247 1477 2302 quem
1504 2233 1754 2286 columna
1783 2249 1881 2286 sua
1908 2249 2074 2287 occu-

512 2325 679 2395 pabat
703 2324 1069 2380 circumduxit
1108 2324 1422 2387 maceriam,
1455 2340 1523 2378 ne
1557 2324 1900 2393 promiscuus
1925 2325 1991 2378 ad
2016 2342 2073 2380 se

513 2429 769 2468 accessus
807 2413 1030 2468 daretur
1065 2414 1230 2468 etiam
1258 2413 1585 2466 mulieribus
1616 2430 1628 2464 :
1657 2412 1783 2466 huic
1811 2429 1940 2466 vero
1973 2413 2071 2466 ad-

505 2506 694 2572 juncta
721 2513 839 2558 erat
887 2503 1112 2558 mandra
1155 2504 1347 2567 altera,
1380 2504 1522 2557 intra
1549 2519 1710 2572 quam
1744 2519 1864 2558 sese
1914 2519 2072 2572 pcre-

508 2594 652 2663 grini
705 2594 1057 2664 hospitesque
1112 2596 1459 2664 reciperent,
1497 2593 1672 2648 donec
1707 2593 1775 2648 ad
1823 2603 2071 2648 sanctum

508 2682 952 2738 admitterentur.

581 2775 633 2828 4.
674 2774 944 2830 Οωιοηιω
971 2777 1100 2845 quia
1129 2776 1390 2845 paulatim
1424 2793 1555 2832 usus
1587 2777 1848 2840 obtinuit,
1875 2783 1936 2830 ut
1955 2791 2070 2830 mo-

506 2867 808 2921 nachorum
867 2868 1116 2923 cmuobia
1164 2869 1447 2934 Mandris,
1480 2877 1536 2924 et
1593 2870 1785 2924 barum
1837 2868 2072 2938 ιιι-κίειςιί

508 2958 826 3012 dicerentur
857 2960 1326 3026 Archimandritar;
1365 2961 1494 3016 hinc
1539 2961 1740 3015 factum
1774 2969 1833 3014 ut
1879 2959 2074 3014 Senior

510 3051 763 3122 Symeon,
794 3053 888 3120 qui
910 3052 1024 3122 jam
1054 3052 1254 3120 passim
1291 3053 1786 3124 cognominabatur
1847 3050 2071 3121 Symeon

2179 597 2382 652 dicitur
2433 600 2488 653 in
2541 597 2663 654 Vita
2695 601 2884 654 matris
2908 641 2923 666 ,
2954 604 3272 670 apparuisse
3311 605 3400 659 illa
3446 622 3472 659 e
3513 608 3744 662 subdiali

2178 700 2330 760 parte
2357 690 2596 744 mandra:
2615 731 2629 753 ,
2679 695 2736 744 in
2789 709 2895 760 qua
2960 694 3204 748 columna
3233 707 3346 750 erat
3372 715 3392 764 ,°
3426 698 3520 752 sed
3547 701 3740 755 eadem

2179 781 2408 835 mandra
2431 781 2757 851 intelligitur
2782 783 3039 838 habuisse
3069 794 3254 852 partes
3281 803 3390 841 non
3429 789 3735 855 subdiales,

2175 887 2367 925 verum
2402 882 2570 926 tectas
2608 888 2705 942 per
2739 873 2960 928 modum
2998 875 3218 929 claustri
3251 861 3590 933 monachalis
3621 881 3736 934 cir-

2177 962 2657 1017 cumcurrentibus
2688 964 3083 1018 monachorum
3139 964 3312 1030 cellis,
3372 982 3493 1036 qua:
3527 969 3583 1021 in
3638 969 3740 1022 im-

2176 1051 2420 1119 pluvium
2452 1061 2614 1120 atque
2645 1053 2700 1106 in
2725 1055 3033 1108 columnam
3066 1067 3413 1124 prospectum
3438 1058 3738 1125 habebant,

2176 1142 2639 1208 quemadmodum
2670 1145 2832 1198 etiam
2865 1146 3028 1199 hodie
3047 1146 3244 1212 videri,
3267 1148 3489 1202 memini
3527 1165 3614 1203 me
3639 1165 3743 1203 au-

2176 1232 2378 1288 divisse
2409 1251 2474 1288 ex
2506 1235 2573 1288 iis
2602 1237 2695 1304 qui
2731 1236 3125 1308 Hierosolymis
3168 1239 3396 1303 reversi,
3426 1241 3592 1294 etiam
3625 1241 3740 1294 An-

2177 1323 2372 1378 tiocha:
2403 1317 2661 1378 dicebant
2691 1341 2749 1380 se
2778 1326 2969 1380 fuisse.
2995 1326 3062 1381 Et
3087 1328 3191 1381 hoc
3214 1337 3296 1382 est
3331 1331 3736 1393 monasterium,

2176 1415 2243 1468 de
2268 1431 2377 1484 quo
2404 1420 2457 1469 in
2488 1416 2606 1471 Vita
2629 1419 2800 1470 sancti
2832 1433 2888 1470 n.
2927 1418 3050 1479 168,
3095 1418 3196 1472 ubi
3227 1420 3392 1472 etiam
3421 1419 3482 1473 ﬁt
3525 1421 3740 1474 mentio

2177 1505 2445 1573 inferioris
2480 1505 2800 1558 monasterii
2847 1505 2912 1558 ad
2943 1506 3135 1574 pedem
3195 1507 3362 1561 credo
3395 1509 3599 1561 montis
3638 1525 3738 1577 po-

2175 1595 2286 1657 siti,
2317 1611 2414 1664 pro
2447 1596 2777 1664 recipiendis
2806 1597 3112 1666 hospitibus
3137 1598 3327 1650 etaliis
3349 1598 3592 1661 advenis,
3625 1600 3740 1652 sic-

2177 1687 2254 1739 uti
2287 1687 2474 1740 videre
2497 1697 2579 1741 est
2604 1687 2659 1740 in
2691 1688 2844 1741 ltalia
2905 1690 3296 1742 monasterium
3369 1691 3608 1758 positum
3671 1692 3738 1744 ad

2176 1775 2369 1844 pedem
2408 1776 2614 1830 montis
2641 1786 2805 1846 atque
2826 1779 3000 1830 eremi
3029 1778 3482 1834 Camaldulensis.
3511 1782 3738 1836 Utrobi-

2175 1882 2281 1935 que
2311 1877 2492 1919 autem
2523 1882 2777 1934 magnum
2805 1868 3201 1937 discipulorum
3232 1886 3520 1924 numerum
3571 1873 3739 1924 habe-

2173 1957 2267 2011 bat
2299 1965 2557 2010 sanctus:
2589 1958 2790 2026 quibus
2834 1968 2890 2012 et
2930 1960 3152 2014 vivendi
3180 1977 3426 2015 normam
3480 1965 3739 2032 praescri-

2173 2058 2396 2116 pserat,
2435 2051 2592 2116 cuius
2622 2049 3063 2104 observationem
3109 2052 3408 2105 moriturus
3456 2067 3740 2106 commen-

2174 2140 2340 2192 davit.
2373 2140 2497 2193 Fuit
2531 2156 2662 2210 ergo
2691 2157 2818 2195 vere
2867 2142 3294 2196 Archimandrita
3331 2143 3421 2196 hic
3473 2143 3726 2214 Symeon.

2172 2231 2321 2285 Nihil
2363 2243 2540 2285 tamen
2576 2235 3140 2303 Opuseratejusmodi
3165 2250 3292 2289 eum
3325 2235 3483 2288 titulo
3533 2236 3728 2304 appel-

2171 2323 2302 2386 lare,
2337 2325 2430 2392 qui
2451 2325 2561 2392 jam
2586 2324 2824 2379 habebat
2848 2308 2916 2378 ab
2943 2325 3092 2378 omni
3142 2326 3404 2379 memoria
3461 2327 3737 2379 notio.em

2172 2413 2641 2466 nomenclaturam
2689 2413 2782 2465 τοῦ
2830 2416 2887 2467 ὲν
2941 2415 3020 2485 τῷ
3064 2415 3356 2485 θαυμαστῷ
3403 2417 3539 2484 ὄρει,
3593 2417 3739 2470 unde

2171 2505 2478 2571 composito
2515 2504 2738 2557 nomine
2774 2505 3283 2560 Thaumastoristam
3317 2509 3559 2576 appellat
3592 2510 3739 2562 Alla-

2174 2596 2302 2648 tius.
2321 2595 2492 2665 Hujus
2507 2596 2675 2650 cultui
2700 2607 2859 2651 vetus
2875 2597 3234 2667 Menologium
3248 2599 3460 2668 Cryptaa
3476 2600 3734 2664 Ferratte,

2167 2685 2323 2754 jussu
2350 2685 2532 2738 Basilii
2566 2685 2913 2754 imperatoris
2959 2687 3273 2751 collectum,
3308 2703 3373 2741 ex
3427 2704 3609 2756 eoque
3647 2705 3736 2742 ac-

2172 2782 2391 2842 ceptum
2417 2789 2594 2843 nuper
2620 2775 3058 2848 impressumque
3089 2777 3347 2830 Basiliani
3385 2776 3524 2830 ritus
3552 2777 3735 2830 lloro-

2171 2865 2378 2933 10gium
2406 2866 2728 2920 ascribit25
2792 2867 2914 2920 Maii
2952 2883 3051 2936 per
3100 2867 3263 2921 unius
3313 2867 3423 2920 diei
3463 2869 3733 2936 anticipa-

2172 2957 2400 3020 tionem,
2442 2956 2575 3033 satjs
2608 2956 3010 3025 frequenterin
3069 2957 3164 3012 illo
3203 2957 3510 3026 Menologio
3541 2958 3732 3010 obser-

2175 3056 2356 3102 vatam
2379 3064 2408 3101 a
2439 3048 2620 3113 nobis,
2651 3048 2879 3102 incertis
2909 3063 2978 3102 an
3007 3063 3128 3102 eam
3153 3057 3407 3117 oporteat
3427 3049 3732 3112 collectori,

507 3145 565 3195 in
598 3142 844 3202 Handra,
875 3141 929 3194 in
973 3142 1189 3196 excusis
1224 3142 1537 3197 Graecorum
1567 3142 1879 3196 Ritualibus
1907 3157 2071 3195 voce-
2101 3152 2141 3207 (ζ
2176 3154 2245 3192 an
2281 3139 2458 3193 solum
2497 3138 2756 3207 scriptori
2800 3138 3096 3207 imputare.
3150 3139 3357 3193 Caetera
3388 3140 3574 3192 omnia
3627 3150 3732 3193 tam

511 3242 602 3285 tur
653 3229 1103 3293 Archimandrita,
1132 3239 1332 3298 praeter
1383 3232 1551 3284 totius
1599 3231 1845 3284 historia;
1885 3231 2068 3284 ﬁdem.

507 3321 687 3382 Minus
714 3321 872 3390 longe
893 3320 1186 3384 aberravit,
1218 3321 1423 3375 erravit
1453 3331 1634 3375 tamen
1679 3330 1869 3376 auctor
1899 3322 2071 3390 Syna-

507 3413 651 3478 xarii
698 3410 1128 3474 Claromontani,
1155 3411 1388 3481 elogium
1423 3413 1543 3483 ejus
1573 3413 1651 3466 sic
1686 3412 1885 3466 ﬁniens
1917 3429 1930 3463 :
1981 3413 2072 3464 Ἐκ

509 3502 641 3568 γοῦν
697 3501 792 3555 τοῦ
867 3503 1083 3571 οἰκῆσαι
1149 3506 1217 3574 τῇ
1249 3503 1423 3575 latim.
1485 3508 1551 3574 τῇ
1628 3503 2070 3575 ἐπονοιωζομένη

507 3593 755 3664 Μάνδρα,
785 3593 999 3660 λέγεται
1030 3593 1252 3662 Συμεὼν
1281 3596 1309 3646 ὁ
1329 3595 1423 3663 τῆς
1447 3595 1701 3665 Μάνδρας
1731 3593 1750 3624 '°
1787 3598 1852 3648 ὲκ
1882 3596 1938 3647 δὲ
1976 3596 2069 3649 τοῦ

510 3686 590 3745 εἰς
616 3683 900 3752 διαφόρους
935 3682 1158 3744 στύλους
1189 3684 1488 3752 ἀναχθῆναι
1513 3725 1526 3747 ,
1556 3685 1800 3736 καλεῖται
1849 3685 2071 3754 Συμεὼν

508 3774 785 3842 Στυλίτης.
816 3773 898 3828 Ex
924 3790 983 3827 eo
1009 3775 1146 3843 quod
1177 3775 1448 3828 habitabat
1476 3775 1530 3828 in
1561 3777 1877 3829 monasterio
1934 3777 2071 3844 quod

506 3863 791 3916 vocabatur
813 3863 1059 3929 Mandra,
1087 3865 1277 3917 dicitur
1297 3863 1484 3935 Symeo
1521 3868 1576 3920 in
1615 3865 1883 3921 Mandra:
1916 3882 1978 3919 ex
2012 3883 2070 3918 eo

507 3968 629 4005 vero
663 3953 800 4021 quod
825 3953 1051 4007 diuersos
1081 3953 1275 4024 Stylos,
1303 3955 1359 4010 id
1405 3965 1485 4009 est
1535 3958 1839 4020 columnas,
1885 3972 2072 4010 ascen-

507 4045 602 4107 dit,
633 4045 937 4096 nominatur
985 4042 1209 4114 Symeon
1269 4044 1500 4113 Stylites.
1533 4046 1687 4101 Licet
1737 4048 1904 4111 enim,
1931 4056 2069 4102 teste

505 4133 759 4202 Evagrio,
784 4136 838 4187 in
863 4137 1211 4200 monasterio,
1237 4138 1292 4189 in
1326 4153 1427 4206 quo
1463 4138 1692 4206 primunt
1740 4139 1942 4192 divinas
1991 4141 2067 4192 vi-

510 4225 660 4277 rendi
711 4227 1078 4294 prwceptiones
1117 4228 1314 4288 didicit,
1347 4245 1514 4281 annos
1538 4229 1665 4283 vixit
1700 4245 1914 4293 novem,
1959 4245 2066 4283 non

512 4326 691 4375 tamen
726 4316 829 4370 hoc
853 4318 1241 4372 monasterium
1297 4321 1520 4388 proprio
1558 4321 1781 4375 nomine
1832 4322 2067 4375 vocaba-

510 4418 603 4460 tur
632 4403 879 4470 Mandra,
914 4408 1009 4462 sed
1052 4407 1344 4472 Timothei;
1383 4426 1562 4480 neque
1612 4429 1912 4482 congruum
1941 4413 2064 4476 fuit,

2175 3229 2549 3298 manuscripta
2574 3244 2738 3297 quam
2771 3229 2912 3299 typis
2943 3243 3144 3282 excusa
3170 3229 3369 3283 Menaea
3393 3243 3456 3282 ac
3490 3229 3734 3298 Synaxa-

2174 3323 2256 3376 ria
2286 3321 2555 3376 inhaerent
2584 3319 2691 3373 diei
2720 3320 2790 3373 ab
2849 3327 3078 3372 auctore
3107 3319 3244 3373 Vitae
3268 3327 3475 3382 notato,
3523 3319 3622 3386 qui
3655 3327 3736 3372 est

2175 3411 2267 3464 hic
2296 3409 2367 3462 24
2415 3407 2564 3471 Maii,
2595 3407 2815 3476 quando
2851 3408 3016 3461 etiam
3051 3407 3275 3471 Menaaa,
3315 3407 3461 3476 quod
3483 3408 3624 3462 alias
3650 3423 3733 3460 ra-

2163 3515 2321 3565 .rum,
2354 3499 2430 3553 ita
2483 3506 2654 3553 totum
2681 3497 2917 3552 ollicium
2944 3497 3012 3551 de
3061 3497 3166 3551 hoc
3211 3506 3402 3552 sancto
3445 3507 3730 3567 peragunt,

2173 3604 2235 3647 ut
2258 3592 2486 3646 alterius
2515 3591 2750 3660 alicujus
2815 3604 2914 3643 nec
2962 3587 3544 3643 commemorationem
3611 3586 3732 3657 qui-

2172 3682 2296 3737 dem
2330 3681 2652 3751 adjungant.

2241 3773 2293 3827 6.
2352 3775 2556 3826 Auctor
2605 3770 2769 3826 oﬂicii
2793 3780 2957 3840 atque
3017 3771 3244 3824 canonis
3288 3769 3506 3823 videtur
3559 3769 3730 3823 fuisse

2169 3869 2393 3914 sanctus
2429 3859 2755 3923 Germanus,
2815 3859 3128 3928 patriarcha
3174 3858 3730 3927 Constantinopolita-

2168 3970 2299 4010 nus:
2327 3955 2489 4025 hujus
2513 3954 2782 4023 siquidem
2814 3954 3018 4008 nomini
3049 3953 3345 4008 ascribitur
3377 3953 3724 4021 Tr0parium,

2167 4055 2292 4116 post
2335 4046 2608 4100 Similaria
2665 4046 2732 4099 ad
2771 4045 2991 4108 Gloria,
3047 4045 3195 4113 quod
3259 4052 3343 4098 est
3403 4046 3506 4098 tale
3559 4061 3572 4096 :
3643 4044 3729 4103 EE;

2166 4139 2289 4207 ὅρος
2354 4137 2556 4206 ὑψηλὸν
2611 4136 2952 4206 συμδολικῶς
3011 4136 3070 4188 τὸ
3117 4135 3427 4204 θαυμαστὸν
3475 4134 3726 4192 ἀνελθὼν,

2167 4227 2262 4280 καὶ
2287 4226 2384 4296 τὴν
2415 4227 2615 4296 σεπτὴν
2640 4226 2867 4279 κιϐωτὸν
2919 4225 2994 4284 ὼς
3049 4225 3236 4276 ἄδυτον
3288 4223 3564 4285 εἰσελθὼν,
3596 4224 3730 4292 πρᾶ-

2167 4317 2248 4383 ξιν
2261 4317 2487 4386 ἀρίστην
2506 4318 2598 4370 καὶ
2619 4317 2868 4369 ἐπίϐασιν
2885 4316 3123 4386 θεωριῶν
3142 4315 3485 4382 ὲπεδείξω,τῇ
3513 4315 3611 4382 μὲν
3625 4315 3728 4382 βίον

2166 4406 2528 4476 λαμπρύνας,
2583 4407 2800 4476 δεσμοῖς
2873 4406 3111 4474 σιδηροῖς
3152 4407 3227 4468 ὡς
3274 4406 3557 4474 ὁρμίσκοες
3607 4421 3728 4476 χρυ-

509 4504 623 4549 uta
661 4496 782 4550 loco
807 4510 967 4563 quem
994 4511 1132 4564 pene
1171 4513 1306 4565 puer
1336 4499 1696 4564 habitaverat,
1728 4515 1924 4553 nomen
1951 4515 2068 4552 sor-

2173 4501 2282 4560 σοίς
2307 4497 2698 4565 κοσμούμενος·
2727 4497 2851 4566 τῇδε
2879 4497 3010 4548 Θεὸν
3037 4496 3176 4565 ὁρῶν
3214 4513 3274 4548 τε
3311 4497 3405 4548 καὶ
3436 4498 3724 4564 ὁρώμενος.

458 4592 478 4634 ,-‘
509 4587 708 4642 tiretnr
757 4593 882 4654 post
936 4594 1186 4640 mortem.
1218 4588 1360 4641 Fieri
1393 4597 1572 4644 tamen
1629 4590 1806 4657 potuit
1859 4600 1918 4643 ut
1958 4606 2066 4643 non

511 4676 690 4728 solum
741 4689 909 4742 super
961 4675 1101 4739 illas,
1133 4692 1270 4746 quas
1298 4677 1389 4732 ille
1426 4680 1737 4732 successive
1786 4679 2068 4734 dimiserat

509 4767 792 4820 columnas
812 4766 1174 4821 aseenderent
1201 4768 1293 4821 alii
1341 4769 1434 4822 diu
1477 4778 1662 4836 postea
1691 4785 1705 4832 ;
1737 4769 1832 4822 sed
1862 4770 2026 4822 etiam
2049 4811 2066 4836 ,

509 4856 757 4925 quamvis
808 4871 1011 4926 cerpus
1057 4866 1204 4912 esset
1255 4857 1575 4921 Antiochize,
1635 4859 1820 4926 plures
1887 4867 2068 4913 tamen

511 4948 600 5001 alii
651 4947 854 5002 ibidem
918 4949 1153 5012 collecti,
1202 4949 1400 5018 partim
1434 4948 1660 5018 Stylitaa,
1715 4951 1908 5018 partim
1943 4949 2066 5004 Cte-

509 5037 744 5101 nobitai,
814 5037 1098 5093 ellecerint
1161 5039 1394 5106 amplam
1465 5053 1529 5091 ac
1586 5038 1845 5092 famosam
1904 5040 2068 5094 Man-

510 5125 663 5178 dram
699 5142 714 5177 :
749 5125 818 5180 ad
853 5141 1014 5194 quam
1044 5126 1172 5196 quia
1201 5125 1448 5194 undique
1481 5127 1875 5180 accurrebatur
1909 5143 1940 5180 a
1974 5144 2070 5196 pe-

508 5215 764 5284 regrinis,
793 5216 1071 5270 celebrem
1103 5215 1181 5268 ibi
1227 5213 1498 5284 ngeonis
1531 5215 1842 5268 columnam
1889 5217 2070 5271 visere

509 5305 881 5375 cupientibus,
911 5305 1058 5374 apud
1095 5307 1431 5360 recentiores
1463 5306 1754 5360 invaluerit
1775 5347 1788 5371 ,
1824 5315 1883 5360 ut
1914 5308 2070 5376 cujus

510 5397 764 5454 columna
800 5395 979 5450 stabat
1009 5396 1063 5449 in
1091 5396 1334 5462 Mandra,
1365 5397 1542 5466 ipsum
1583 5413 1801 5467 quoque
1827 5399 1882 5452 in
1915 5397 2068 5451 Man-

507 5489 606 5540 dra
636 5487 1106 5557 eognominarent.
1132 5487 1472 5554 Haec,minus
1494 5489 1570 5543 ibi
1600 5489 1866 5559 explicata
1899 5504 1930 5542 a
1950 5488 2070 5543 Bol-

510 5578 696 5642 laudo,
737 5578 943 5647 placuit
970 5577 1062 5632 hic
1086 5577 1380 5634 deducere.

672 5667 956 5723 Secundus
986 5667 1209 5740 Symeon
1226 5685 1352 5726 vere
1381 5685 1443 5724 ac
1467 5673 1686 5742 proprie
1743 5671 1925 5726 vocari
1975 5685 2069 5740 po-

510 5759 614 5824 tuit
641 5758 1066 5814 Archimandrita
1105 5777 1120 5814 :
1148 5777 1255 5816 non
1276 5761 1421 5816 enim
1455 5763 1629 5816 solum
1665 5764 1916 5816 columna
1951 5763 2068 5830 ejus

1593 5992 1630 6006 δ-

2167 4591 2260 4640 καὶ
2295 4588 2450 4657 μόνος
2483 4588 2626 4657 μόνῳ
2657 4587 2994 4657 προσλαλῶν·
3021 4588 3078 4639 ὃν
3102 4587 3330 4651 ἱκέτευε,
3353 4587 3613 4654 σεῦἀσμιε
3635 4586 3727 4636 Συ-

2171 4677 2333 4747 μεὼν,
2372 4677 2512 4746 ὑπὲρ
2539 4677 2647 4728 τῶν
2677 4677 2865 4746 ψυχῶν
2909 4677 3080 4744 ὑμῶν.
3141 4676 3371 4730 Videtur
3421 4675 3724 4744 respexisse

2168 4777 2360 4824 auctor
2388 4769 2456 4822 ad
2481 4769 2770 4822 Noeticam
2813 4783 3016 4831 arcam,
3077 4769 3132 4820 in
3194 4766 3424 4820 summis
3462 4765 3725 4818 Armenia:

2169 4859 2450 4914 montibus
2477 4859 2892 4927 quiescentemq
2907 4859 3049 4912 sicut
3071 4858 3299 4927 legimus
3319 4856 3594 4910 Geneseos
3614 4867 3719 4905 VIII.

2169 4949 2342 5004 Verba
2398 4950 2513 5017 ipsa
2543 4949 2732 5002 Latine
2759 4948 2840 5002 sic
2871 4947 3044 5001 reddo
3069 4965 3081 4998 :
3110 4946 3175 4999 In
3207 4955 3430 4998 montem
3449 4943 3720 5002 excelsum,

2167 5039 2443 5110 symbolice
2477 5039 2772 5092 mirabilem
2809 5040 3112 5103 ascendens,
3140 5046 3188 5090 et
3247 5037 3598 5090 venerandam
3633 5048 3721 5084 ar-

2169 5148 2285 5184 cam
2312 5131 2450 5184 velut
2477 5131 2693 5200 adytum
2718 5147 2932 5183 sacrum
2953 5132 3232 5198 ingressus,
3265 5129 3519 5197 optimam
3542 5139 3722 5193 opera-

2171 5223 2364 5274 tionem
2393 5230 2440 5273 et
2461 5223 2962 5290 contemplationum
2979 5221 3280 5274 divinarum
3311 5217 3578 5270 sublimem
3603 5228 3721 5281 gra-

2169 5313 2294 5365 dum
2337 5311 2609 5364 ostendisti
2639 5297 2687 5363 te
2746 5322 3039 5364 assecutum
3070 5327 3087 5364 :
3117 5311 3234 5363 hinc
3284 5309 3493 5378 quidem
3547 5302 3719 5374 ferreis

2169 5399 2412 5463 vinculis,
2438 5408 2692 5466 tanquam
2711 5401 2884 5451 aureis
2912 5396 3212 5461 monilibus,
3230 5411 3416 5464 corpus
3439 5400 3720 5448 exornans;

2170 5492 2289 5546 inde
2337 5507 2457 5544 vero
2498 5489 2666 5543 Deum
2713 5491 3030 5558 conspiciens
3078 5487 3141 5541 ab
3196 5502 3357 5554 eoque
3405 5488 3716 5552 conspectas.

2171 5581 2294 5634 dum
2319 5580 2460 5632 solus
2479 5579 2576 5632 soli
2594 5577 2908 5648 loquereris;
2938 5594 3089 5646 quem
3118 5593 3210 5646 pro
3234 5574 3422 5628 nostris
3457 5567 3718 5626 animabus

2171 5671 2480 5737 depreceris,
2533 5684 2868 5734 quwsumus,
2898 5665 3123 5735 Symeon
3176 5665 3484 5719 venerande.
3538 5655 3717 5725 Elogio

2173 5760 2467 5831 prxﬁgitur
2506 5760 2779 5814 distichon
2807 5757 3117 5828 hnjnsmodi
3143 5775 3156 5810 :
