3980 6296
309 405 453 470 2969

454 509 782 583 “augurem
811 508 942 583 ᾣκξι
967 507 1096 577 πρὶν
1125 502 1347 583 Superbi)
1363 504 1477 583 γῆς
1509 504 1654 572 ὅρος,

456 563 683 637 nauis:
704 563 1128 648 άτανόαύμαὲτον
1156 563 1295 628 eius!
1326 563 1599 645 νῖὶνᾜρός.

317 698 439 766 Quo
472 695 771 759 indicatur,
796 692 943 762 quod
971 692 1061 761 qui
1082 690 1138 743 in
1169 696 1314 742 terra
1338 697 1567 742 montem
1591 689 1888 741 mirabilem

314 787 608 852 habitabat,
644 801 782 840 nunc
800 781 914 837 caeli
943 790 1172 835 montem
1204 780 1434 833 maxime
1472 778 1767 832 mirabilem
1794 779 1893 833 ha-

317 879 565 934 bitet:et
608 875 666 931 in
716 874 865 929 hunc
917 885 1141 927 sensum
1189 869 1356 925 etiam
1392 868 1715 938 Ephemeris
1771 882 1892 923 me-

316 968 453 1024 trica
476 985 491 1022 :

455 1068 643 1130 Εἱκάδι
698 1072 796 1144 ἡδὲ
829 1072 1067 1144 τετάρτῃ
1084 1069 1209 1141 ὅρος
1236 1065 1461 1139 Συμεὼν
1495 1065 1726 1137 ἠμειψεο

458 1184 649 1241 Vicena
678 1190 877 1254 quarta
907 1190 1138 1235 montem
1162 1177 1388 1249 Symeon
1420 1177 1662 1230 mutavit.

313 1310 672 1390 Evangellum
700 1317 940 1389 denique
959 1308 1340 1386 praescribitur
1353 1318 1681 1384 argumento
1704 1319 1891 1381 aptum

312 1428 379 1468 ex
433 1412 623 1468 verbis
663 1405 904 1466 Matthasi
936 1418 1007 1462 γὲ
1068 1407 1163 1463 Vos
1198 1400 1321 1461 estis
1354 1407 1447 1460 lux
1485 1404 1670 1458 mundi
1712 1419 1731 1457 :
1789 1418 1893 1457 non

312 1509 480 1573 potest
509 1502 691 1556 civitas
719 1499 968 1554 abscondi
995 1506 1153 1569 super
1177 1504 1405 1552 montem
1433 1490 1625 1566 posita,
1656 1505 1767 1549 etc.

385 1591 437 1644 7.
481 1590 630 1643 ldem
673 1589 952 1643 secundus
1021 1603 1117 1643 seu
1174 1587 1367 1641 Iunior
1419 1586 1683 1657 Symeon,
1723 1586 1892 1639 etiam

311 1680 584 1753 presbyter
613 1680 735 1744 fuit,
771 1680 850 1733 uti
886 1680 1163 1753 sciturqex
1197 1680 1334 1733 Vitae
1377 1672 1428 1731 ef.
1460 1678 1528 1732 19
1552 1694 1565 1731 :
1593 1677 1779 1731 nullus
1811 1685 1891 1731 ta-

316 1785 441 1823 men
479 1767 611 1824 hinc
643 1770 777 1822 mihi
806 1750 1100 1837 scrupulus
1146 1769 1394 1822 nascitur
1439 1768 1584 1822 circa
1637 1768 1886 1833 tertium,

326 1860 420 1929 qui
446 1876 556 1914 non
586 1860 763 1914 solum
789 1831 951 1931 aeque
968 1876 1031 1914 ac
1059 1861 1151 1915 ille
1169 1860 1436 1930 presbyter
1457 1859 1643 1920 fuerit,
1680 1831 1890 1928 specim-
1917 1831 1963 1889 Β

325 1952 457 2007 liter
483 1960 669 2007 autem
713 1951 899 2007 dictus
957 1952 1029 2006 sit
1070 1952 1526 2006 Archimandrita.
1569 1951 1706 2005 Nam
1764 1950 1895 2005 licet

315 2043 460 2098 alius
509 2057 731 2113 quoque
792 2043 918 2097 talis
947 2041 1132 2104 fuerit,
1162 2043 1532 2096 communiter
1564 2052 1745 2095 tamen
1800 2057 1895 2110 ap-

312 2135 621 2205 pellabatur
667 2133 851 2188 aliter.
893 2132 1048 2199 Quod
1100 2142 1287 2188 autem
1353 2133 1493 2187 nihil
1542 2132 1895 2202 impediverit

312 2225 564 2280 simulet
622 2222 876 2295 Stylitam
917 2239 1038 2279 esse
1084 2232 1140 2278 et
1193 2224 1703 2288 Archimandritam,
1746 2230 1895 2292 patet

311 2332 380 2373 ex
402 2316 524 2372 Vita
549 2315 810 2371 secundi:
847 2327 1010 2386 quem
1050 2316 1219 2371 etiam
1256 2331 1325 2371 ex
1352 2315 1553 2370 eadem
1619 2313 1891 2385 intelligi-

315 2404 443 2463 mus
472 2407 527 2461 in
548 2421 647 2462 sua
686 2407 946 2461 columna
971 2420 1083 2461 non
1112 2407 1186 2461 ita
1222 2407 1558 2476 perstitisse,
1586 2407 1720 2475 quin
1749 2420 1893 2474 saepe

315 2499 384 2553 ab
406 2497 604 2553 eadem
648 2497 1037 2560 descenderet,
1101 2514 1215 2552 non
1249 2498 1428 2553 solum
1474 2498 1541 2552 ad
1593 2497 1895 2567 discipulos

318 2592 465 2647 intra
495 2590 802 2657 mandram,
823 2590 918 2645 sed
940 2590 1107 2645 etiam
1137 2590 1205 2644 ad
1237 2589 1471 2644 inferius
1499 2588 1892 2643 monasterium

320 2680 684 2736 visitandum.
712 2679 781 2734 Et
810 2680 951 2735 forte
977 2680 1145 2736 statio
1183 2680 1273 2734 illa
1302 2680 1358 2734 in
1397 2681 1676 2740 columna,
1726 2679 1894 2735 certis

322 2770 837 2841 interrumpebatur
872 2771 1312 2825 conversationis
1348 2771 1659 2825 connnunis
1716 2772 1892 2824 inter-

318 2862 498 2917 vallis.
531 2861 592 2916 ιιι
618 2876 751 2916 vero
776 2862 943 2916 etiam
972 2861 1349 2918 necesSarium
1384 2860 1491 2916 fuit
1523 2861 1575 2916 ei
1606 2861 1701 2931 qui
1760 2876 1892 2930 pre-

317 2950 507 3020 sbyter
536 2958 678 3016 erat,
709 2961 772 3004 ut
815 2958 1004 3019 posset
1042 2948 1232 3004 divina
1276 2949 1564 3005 celebrare
1607 2951 1890 3021 mysteria,

315 3040 781 3112 quemadmodum
823 3040 970 3096 hunc
1010 3040 1079 3095 de
1109 3056 1221 3111 quo
1255 3041 1469 3111 agimus
1507 3051 1758 3096 sanctum
1791 3041 1893 3113 Sy-

1439 395 2042 456 COMMENTARIUS
2078 394 2444 455 PREVIUS.

1914 504 1956 560 Δ
1989 509 2098 556 tres
2132 504 2305 558 nostri
2354 502 2585 557 Parisiis
2633 503 2985 557 contulerant
3030 517 3153 556 cum
3193 500 3567 559 Comhellsio:

3339 372 3341 375 ’
3427 388 3571 455 2970

2003 593 2146 647 unde
2170 609 2280 647 non
2312 593 2514 647 mirum
2540 593 2585 648 si
2607 593 2697 647 hic
2725 593 2861 663 ipsis
2884 593 3021 647 nihil
3038 593 3177 647 certi
3207 600 3320 647 tum
3346 609 3573 663 respon-

1997 684 2141 739 derit
2188 685 2256 739 de
2288 685 2595 739 orthodotta
2621 685 2927 754 Hegumeni
2960 683 3390 739 Xerocereensis
3438 682 3570 749 ﬁde,

1996 785 2054 830 et
2079 777 2480 845 opusculorum
2520 792 2629 832 una
2658 790 2785 832 eum
2844 777 2965 833 Vita
3012 777 3420 849 descriptorum
3475 773 3575 830 do-

1960 854 1972 864 ’
1995 866 2194 921 ctrina.

1997 1019 2023 1089 §
2055 1019 2119 1073 ll.
2152 1050 2220 1059 —
2248 1021 2322 1075 De
2344 1020 2521 1075 Monte
2557 1020 2812 1095 Mirabili,
2848 1021 2902 1095 in
2943 1036 3055 1095 quo
3083 1032 3300 1077 sanctus
3348 1022 3574 1095 ngeon
3655 1066 3660 1070 .

2598 1090 2788 1145 Iunior
2848 1091 2998 1148 vixit.

2067 1224 2119 1276 8.
2150 1223 2410 1278 Sanctum
2444 1224 2791 1296 Symeonem,
2816 1224 2883 1280 de
2906 1240 3016 1295 quo
3037 1226 3272 1296 agimus,
3292 1227 3574 1282 Juniorem

1996 1314 2278 1386 Stylitam,
2315 1315 2371 1368 in
2407 1315 2590 1370 lucem
2614 1318 2793 1385 primo
2824 1317 3059 1384 editum,
3095 1318 3412 1383 Antiochia,
3467 1319 3571 1390 Sy-

1998 1406 2095 1460 riae
2115 1406 2402 1460 notissima
2428 1407 2583 1471 urbs,
2619 1407 2863 1476 excepit,
2927 1424 3167 1477 moxque
3218 1410 3274 1463 in
3317 1409 3565 1464 vicinum

1996 1505 2240 1551 montem
2279 1497 2579 1551 transtulit.
2612 1497 2746 1551 Inde
2777 1498 2825 1552 is
2852 1513 2910 1553 se
2941 1500 3179 1553 contulit
3228 1501 3286 1553 in
3336 1499 3569 1554 Montem

1998 1589 2327 1654 Mirabilem,
2371 1589 2466 1658 qui
2502 1589 2783 1659 praecipua
2829 1591 2937 1643 viri
2986 1592 3163 1646 sancti
3206 1592 3460 1662 palaestra
3499 1592 3574 1647 ita

1995 1683 2177 1736 dictus
2199 1680 2325 1746 fuit,
2360 1696 2470 1734 non
2505 1682 2589 1751 (ut
2613 1683 2923 1751 SuSpicatur
2949 1682 3196 1753 quidam)
3249 1691 3376 1738 ante
3407 1684 3573 1754 hujus

1997 1775 2049 1828 in
2082 1774 2234 1828 illum
2267 1773 2587 1837 adventum,
2619 1772 2766 1828 unde
2789 1788 2913 1828 cum
2957 1774 3063 1828 hoc
3107 1775 3572 1830 communicatum

1995 1879 2197 1919 nomen
2222 1863 2457 1930 luisset;
2492 1863 2588 1918 sed
2613 1879 2677 1917 ex
2707 1864 2871 1935 hujus
2902 1864 3078 1934 ipsius
3103 1865 3364 1920 inauditis
3408 1874 3574 1935 atque

1996 1955 2338 2010 admirandis
2368 1956 2529 2023 plane
2554 1955 2853 2024 operibus;
2891 1955 2970 2010 uti
3023 1970 3151 2009 mox
3182 1955 3391 2011 indicat
3439 1957 3571 2011 Pro-

1995 2048 2153 2117 logus
2193 2044 2337 2100 Vita:
2365 2061 2530 2115 quam
2563 2046 2762 2100 damus
2791 2064 2804 2099 :
2836 2047 2947 2101 imo
2979 2062 3045 2100 ex
3075 2046 3171 2100 Dei
3196 2046 3370 2116 ipsius
3403 2054 3565 2113 nutu,

1996 2136 2459 2207 quemadmodum
2488 2154 2542 2191 ιι.
2581 2138 2648 2191 ’79
2682 2153 2941 2208 expresse
2971 2147 3250 2191 narratur.
3292 2137 3430 2192 Cum
3466 2137 3570 2207 igi-

1999 2235 2088 2281 tur
2108 2227 2163 2281 in
2189 2227 2335 2282 illius
2354 2227 2591 2281 decursu
2614 2227 2876 2298 frequens
2908 2230 3173 2284 memoria
3195 2228 3286 2283 ﬁat
3314 2245 3423 2283 non
3453 2237 3577 2283 tan-
3652 2287 3655 2290 ,

1998 2326 2112 2371 tum
2141 2316 2343 2371 Montis
2372 2317 2521 2371 illius
2550 2317 2820 2373 Mirabilis
2842 2360 2857 2385 ,
2906 2320 3000 2374 sed
3026 2319 3328 2374 Antiochia:
3352 2333 3570 2389 quoque

1994 2416 2050 2462 et
2078 2408 2371 2477 Daphnes,
2425 2406 2570 2460 haud
2617 2408 2857 2463 otiosum
2905 2409 3094 2475 fuerit,
3143 2417 3315 2463 totam
3374 2409 3570 2461 horum

1995 2498 2241 2551 locorum
2291 2495 2759 2565 descriptionem,
2838 2498 3146 2568 elegantem
3206 2512 3338 2551 sane
3405 2504 3572 2564 atque

1995 2597 2333 2653 accuratam,
2369 2602 2436 2641 ex
2478 2586 2689 2641 Joanne
2724 2587 2939 2654 Phocze,
2982 2588 3077 2658 qui
3117 2603 3208 2641 an.
3260 2586 3396 2640 1185
3449 2586 3572 2638 istic

1996 2678 2382 2750 peregrinatus
2415 2679 2530 2731 visa
2560 2686 2777 2732 enarrat
2807 2677 3052 2743 referre;
3105 2686 3165 2731 ut
3208 2676 3276 2731 ad
3338 2692 3562 2730 manum

1995 2769 2196 2824 habeat
2216 2770 2413 2833 lector,
2441 2768 2611 2822 veluti
2640 2768 3000 2832 delineatum,
3040 2768 3149 2822 loci
3196 2767 3251 2821 in
3296 2782 3406 2837 quo
3437 2783 3566 2822 ver-

1996 2877 2185 2917 samur
2225 2861 2395 2915 totius
2430 2860 2614 2914 situm.
2638 2858 2733 2913 Sic
2756 2860 2833 2912 ait
2860 2859 2950 2913 ille
2982 2876 3036 2912 ιι.
3078 2858 3134 2912 ll
3163 2877 3175 2911 :

2065 2951 2327 3005 Exstabat
2386 2962 2535 3015 tum,
2581 2965 2701 3002 cum
2757 2957 2894 3013 erat,
2926 2949 2995 3002 ad
3041 2947 3289 3002 Orontem
3333 2948 3579 3002 Antiochi

1996 3040 2269 3111 Theopolis
2290 3080 2305 3105 ,
2340 3042 2669 3094 theatrorum
2693 3040 3078 3110 magnitudine,
3121 3047 3360 3093 stoarum
3402 3039 3578 3108 splen-

314 3154 571 3194 meonem
592 3138 787 3194 fecisse
818 3139 874 3193 in
901 3138 1283 3193 anniversario
1308 3153 1423 3193 suae
1459 3140 1674 3202 matris,
1694 3137 1895 3206 legitur
1922 3167 1964 3223 ε
1999 3131 2232 3191 doribus,
2261 3129 2579 3201 templorum
2608 3129 2910 3192 structuris,
2955 3129 3105 3198 copia
3135 3130 3257 3182 item
3294 3130 3483 3182 civium
3526 3138 3577 3182 et

320 3236 379 3286 in
412 3231 579 3302 hujus
609 3239 811 3285 sanctae
844 3228 966 3284 Vita
1012 3246 1069 3283 n.
1095 3230 1184 3283 7t.
1209 3229 1381 3284 Porro
1410 3228 1563 3283 tertii
1590 3227 1741 3282 illius
1767 3227 1892 3298 Sty-

315 3324 428 3377 litze
478 3321 767 3394 Symeonis
827 3322 947 3375 Vita
991 3320 1168 3391 aptari
1218 3320 1436 3375 facilius
1496 3329 1678 3390 potest
1723 3335 1891 3389 quam

316 3412 550 3482 sperari.
580 3410 718 3466 Nam
749 3411 900 3480 quod
924 3410 991 3464 ad
1020 3410 1421 3480 Ephemerides
1459 3409 1893 3464 Graeco-moscas

317 3512 510 3558 noster
532 3503 696 3578 Pater
728 3501 1142 3571 Papebrochius
1175 3501 1266 3556 die
1291 3501 1353 3555 21
1396 3500 1552 3565 Julii,
1603 3509 1892 3569 postquam

313 3591 427 3660 egit
457 3591 525 3645 de
549 3598 738 3644 sancto
764 3579 1035 3660 Symeone
1077 3588 1225 3654 Salo,
1283 3589 1491 3643 iudicat
1511 3603 1570 3643 se
1617 3590 1894 3659 reperisse

315 3682 492 3738 Vitam
520 3681 803 3753 cujusdam
827 3682 999 3735 sancti
1030 3681 1302 3752 Symeonis
1324 3681 1584 3746 Junioris,
1604 3680 1895 3751 Hegumeni

313 3775 488 3829 sancti
579 3772 867 3828 Hamantis
940 3773 995 3825 in
1062 3771 1352 3834 Xeracerco
1417 3772 1667 3843 (rectius
1731 3770 1897 3824 Xero-

323 3864 518 3936 cerco),
536 3863 605 3919 de
636 3879 745 3934 quo
770 3862 1060 3918 dubitabat
1089 3878 1158 3915 an
1179 3870 1367 3935 posset
1394 3862 1540 3916 inter
1565 3868 1785 3915 sanctos
1811 3875 1898 3914 re-

322 3955 482 4022 ferri,
509 3962 569 4010 et
599 3954 826 4025 quidem
875 3953 945 4007 ad
969 3960 1455 4022 praememoratum
1498 3951 1567 4006 26
1609 3949 1776 4015 Julii;
1840 3947 1893 4002 id

317 4047 414 4111 hic
444 4063 476 4102 a
504 4061 592 4101 me
618 4046 797 4101 voluit
825 4058 928 4100 suo
957 4044 1180 4099 nomine
1199 4051 1583 4109 retractatum,
1609 4051 1896 4113 postquam

319 4139 455 4208 legit
478 4152 601 4209 quae
626 4136 694 4191 de
720 4137 842 4206 ejus
872 4151 983 4195 non
1019 4150 1150 4189 sana
1177 4134 1283 4189 ﬁde
1314 4133 1731 4188 accuratissime
1758 4147 1893 4186 con-

322 4229 466 4302 gerit
497 4228 610 4283 Leo
635 4226 876 4282 Allatius
920 4242 974 4296 p.
1006 4226 1125 4279 157.
1194 4225 1550 4279 Demonstrat
1595 4223 1745 4285 enim
1776 4221 1891 4286 hic,

324 4335 388 4374 ex
419 4319 568 4373 illius
628 4317 983 4388 potissimum
1058 4315 1281 4385 scriptis
1331 4321 1682 4385 propagatam
1753 4313 1899 4375 inter

324 4408 624 4463 monachos
684 4406 907 4461 Grzecos
957 4404 1132 4460 fuisse
1177 4405 1779 4475 Omphalopsycborum
1828 4403 1898 4457 de

1998 3222 2304 3275 divitiarum
2332 3220 2732 3291 magniﬁcentia
2773 3219 3001 3290 superba
3034 3236 3095 3272 ac
3123 3230 3348 3284 tumens,
3373 3219 3580 3291 lateque

1994 3323 2212 3368 ewteras
2250 3314 2358 3382 fere
2383 3312 2664 3366 orientales
2695 3312 2845 3365 urbes
2891 3313 3257 3381 exsuperabat.
3291 3310 3394 3366 Sed
3446 3322 3578 3365 tem—

1994 3422 2092 3476 pus
2125 3422 2187 3458 ac
2228 3405 2302 3459 vis
2332 3403 2567 3458 barbara
2599 3404 2903 3457 beatitatem
2956 3402 3101 3456 illius
3150 3390 3388 3456 eathausit
3415 3420 3432 3457 :
3463 3403 3580 3456 licet

1994 3500 2276 3570 conspicua
2310 3499 2480 3552 adhuc
2509 3497 2598 3562 sit,
2647 3505 2696 3549 et
2736 3496 2963 3549 turrium
3001 3494 3284 3548 altitudine
3303 3504 3353 3547 et
3382 3510 3580 3564 prepa-

1994 3588 2348 3662 gnaculorum
2380 3586 2675 3650 validitate,
2710 3597 2759 3639 et
2798 3594 3072 3655 pratorum
3100 3601 3162 3637 ac
3184 3587 3379 3655 ﬂorum
3408 3586 3579 3638 omni-

1994 3699 2130 3754 gena
2165 3679 2505 3750 fecunditate,
2530 3686 2579 3730 et
2605 3677 2661 3731 in
2693 3675 2871 3746 plures
2901 3691 3013 3728 sese
3038 3675 3382 3728 dividentium
3408 3692 3581 3745 aqua-

1999 3787 2119 3824 rum
2151 3768 2359 3833 sibilis;
2387 3783 2505 3819 cum
2559 3765 2767 3836 placide
2796 3766 2988 3835 ﬂuvius
3034 3763 3365 3833 circumﬂuat
3402 3764 3579 3816 urbem

1996 3870 2047 3916 et
2075 3863 2272 3932 cingat,
2301 3867 2352 3913 et
2371 3857 2520 3912 molli
2545 3867 2688 3913 tactu
2716 3858 2829 3927 ejus
2874 3865 3047 3909 turres
3099 3855 3577 3925 circumplectatur.

1997 3953 2223 4024 Insuper
2255 3968 2283 4006 e
2332 3949 2557 4006 Castalii
2585 3949 2743 4018 fontis
2786 3949 2998 4020 ﬂuentis
3047 3948 3247 4017 egregie
3285 3948 3580 4017 irrigatur;

1999 4047 2148 4115 cujus
2175 4058 2326 4114 aqua:
2360 4041 2676 4094 torrentium
2707 4040 2880 4092 instar
2909 4037 3202 4108 pelluntur,
3236 4046 3285 4096 et
3335 4037 3584 4107 frequen-

1999 4134 2133 4187 tibus
2179 4129 2449 4184 sulcorum
2491 4128 2616 4182 rivis
2669 4127 2850 4180 urbem
2900 4126 3202 4179 universam
3232 4125 3580 4195 perfundunt,

1999 4238 2219 4292 eamque
2246 4220 2471 4292 [lusibus
2511 4227 2842 4290 aspergunt;
2871 4232 3154 4287 operarum
3191 4217 3339 4285 capia
3376 4226 3423 4269 et
3454 4232 3581 4268 con-

2000 4314 2186 4367 ditoris
2226 4309 2621 4382 magniﬁcentia
2655 4325 2719 4363 ea:
2758 4309 2865 4362 illis
2906 4308 3132 4378 fontibus
3155 4324 3248 4377 per
3273 4317 3473 4359 montes
3513 4307 3582 4360 ad

2000 4406 2172 4475 ipsam
2217 4402 2481 4455 civitatem
2535 4399 2776 4454 laticibus
2827 4399 3124 4470 corrigatis.
3153 4397 3248 4451 Hic
3296 4397 3443 4466 fama
3488 4412 3581 4465 per

320 4497 552 4553 Lumine
582 4496 846 4552 Taborteo
876 4496 1158 4562 haeresim;
1191 4511 1354 4566 quam
1373 4503 1562 4566 postea
1593 4494 1894 4563 Gregorius
1918 4494 1974 4554 D
1999 4495 2177 4550 orbem
2218 4491 2495 4563 vulgatum
2534 4490 2782 4562 Daphnes
2809 4491 3134 4553 suburbium,
3163 4488 3387 4559 proceris
3419 4502 3571 4539 omne

323 4587 572 4642 Palamas
619 4587 826 4657 aliique
893 4601 1194 4655 sequaces,
1254 4585 1599 4641 dissonulato
1648 4583 1895 4654 magistri

321 4678 569 4743 nomine,
618 4676 1059 4747 pertinacissime
1092 4681 1517 4745 propugnarunt
1547 4673 1766 4742 lateque
1787 4672 1899 4727 dis-

323 4768 707 4833 seminarunt;
742 4775 799 4822 et
827 4767 917 4822 cui
952 4776 1011 4821 ut
1036 4767 1212 4836 major
1260 4764 1654 4821 conciliaretur
1704 4772 1895 4818 aucto-

323 4858 968 4938 ritas,-eonseriptailla.
999 4857 1122 4912 Vita
1173 4866 1277 4922 est,
1326 4856 1673 4926 conﬁt-taque
1714 4855 1899 4909 eidem

322 4950 622 5020 subjuncta
649 4948 936 5011 miracula.
971 4947 1108 5002 Cum
1148 4958 1335 5002 autem
1394 4947 1644 5000 Palamas
1690 4947 1899 5000 circum

320 5040 569 5095 medium
590 5039 775 5095 saeculi
793 5056 876 5094 inv
895 5038 1169 5111 ﬂoruerit,
1189 5038 1458 5094 credibile
1483 5053 1587 5093 non
1610 5037 1670 5091 ﬁt
1698 5036 1766 5092 de
1791 5045 1899 5091 tam

230 5173 243 5189 ,
329 5132 546 5204 recenti
579 5146 741 5202 agere
763 5131 988 5190 Menaea.
1016 5130 1173 5196 Quod
1208 5132 1250 5184 si
1288 5131 1355 5187 ad
1382 5146 1605 5184 manum
1628 5131 1750 5185 Vita
1785 5130 1901 5199 ipsa

327 5236 479 5276 nunc
522 5231 693 5287 esset,
739 5222 846 5276 levi
903 5230 1043 5276 tunc
1090 5222 1251 5275 oculo
1274 5230 1331 5276 et
1379 5216 1497 5275 solo
1536 5220 1699 5275 titulo
1742 5229 1904 5276 tenus

328 5311 460 5365 olim
487 5310 755 5380 inspecta,
791 5309 1041 5365 fortassis
1066 5310 1214 5363 hunc
1232 5309 1671 5378 qualemcunque
1710 5316 1766 5363 ct
1809 5325 1906 5365 cu-

326 5405 639 5475 juscunque
666 5400 794 5456 ﬁdei
825 5401 1156 5469 Symeonem
1205 5399 1313 5453 alio
1368 5414 1596 5469 prorsus
1635 5398 1725 5452 die
1757 5414 1904 5452 mor-

330 5503 488 5549 tuum
535 5491 880 5556 ostenderet,
921 5498 975 5544 rt
1021 5490 1073 5545 in
1109 5491 1363 5545 columna
1413 5504 1653 5557 unquam
1700 5488 1906 5545 vixisse

333 5582 615 5654 probaret.
637 5583 828 5637 Restat
854 5580 1022 5651 igitur
1049 5590 1110 5635 ut
1131 5580 1223 5634 hic
1251 5588 1566 5645 retractata,
1587 5579 1663 5633 ihi
1683 5579 1903 5634 delean-

335 5681 447 5727 tur.
488 5671 649 5726 Edita
679 5686 842 5740 porro
863 5670 966 5725 fuit
995 5671 1174 5726 Allatii
1209 5672 1275 5727 de
1307 5671 1628 5726 Simeouum
1685 5672 1906 5741 scriptis

338 5760 592 5825 Diatriba
626 5761 784 5815 annis
824 5769 1059 5830 quatuor
1110 5771 1394 5832 postquam
1426 5762 1491 5817 de
1523 5762 1612 5816 illa
1649 5762 1771 5821 Vita
1808 5765 1904 5818 P.1-

1999 4603 2161 4659 geuus
2210 4582 2482 4638 arboribus
2527 4589 2874 4647 exornatum;
2929 4589 2979 4633 et
3038 4596 3184 4633 mons
3239 4588 3315 4632 est
3347 4577 3575 4630 maxime

2001 4675 2210 4740 nobilis,
2237 4689 2392 4745 quem
2444 4672 2791 4728 admirandus
2823 4670 3048 4743 Symeon
3087 4673 3143 4725 in
3199 4670 3576 4725 habitationem

2002 4768 2295 4839 adoptavit.

2076 4857 2162 4911 10.
2190 4856 2343 4910 Hisce
2382 4855 2644 4922 ﬁnitimus
2694 4861 2766 4907 est
2799 4870 2947 4907 mons
2984 4851 3205 4906 Maurus
3231 4858 3278 4904 et
3304 4848 3581 4919 Scopulus,

2003 4950 2060 5002 in
2093 4947 2280 5017 quibus
2307 4945 2602 5015 antiquitus
2629 4942 2782 4997 multi
2808 4942 2916 4996 Deo
2948 4941 3293 4995 addictissimi
3314 4941 3433 5001 viri,
3461 4956 3577 4991 eunt

2005 5040 2330 5109 requirentes
2385 5038 2721 5101 invenerunt,
2754 5044 2803 5089 et
2858 5035 2928 5089 ad
2954 5036 3063 5089 lucc
3105 5042 3343 5103 tempora
3383 5033 3579 5103 perdu-

2004 5138 2153 5196 rant,
2187 5139 2236 5184 et
2259 5128 2600 5183 laudatorum
2632 5127 2888 5180 montium
2919 5124 3316 5196 pulchritudine
3356 5122 3583 5191 pellecti,

2004 5221 2164 5276 silvas
2199 5220 2519 5280 inhabitant.
2547 5216 2813 5272 Castalius
2853 5216 2968 5287 fons
2987 5217 3126 5270 inter
3153 5215 3281 5269 duos
3309 5213 3466 5269 colles
3491 5230 3581 5267 ex-

2004 5310 2207 5375 siliens,
2235 5324 2299 5363 ea:
2348 5308 2483 5378 ejus,
2510 5307 2600 5378 qui
2641 5308 2699 5360 iu
2732 5322 2882 5360 mare
2942 5307 3225 5377 procurrit,
3262 5305 3369 5357 ima
3415 5312 3586 5372 parte,

2008 5401 2201 5455 eximia
2247 5398 2491 5470 quaedam
2541 5413 2806 5467 aquarum
2858 5397 3063 5467 irrigua
3111 5395 3338 5458 evomit;
3376 5395 3430 5445 in
3486 5410 3588 5461 quo

2008 5489 2335 5561 praegrandis
2363 5488 2589 5559 assurgit
2614 5490 2868 5559 porticus,
2892 5504 3106 5540 cursum
3131 5486 3286 5555 fontis
3306 5500 3464 5537 conca
3475 5500 3586 5543 ote-

2010 5598 2157 5635 rans.
2185 5580 2319 5634 Hinc
2343 5595 2496 5651 aqua:
2518 5580 2791 5650 afﬂuenter
2826 5578 3176 5649 prosilientes,
3202 5577 3255 5629 in
3278 5575 3407 5627 duos
3452 5590 3588 5627 rivos

2014 5672 2336 5725 dividuntur.
2367 5672 2566 5727 Earum
2613 5689 2720 5724 una
2746 5688 2868 5741 pars
2900 5686 2992 5739 per
3037 5668 3325 5722 altissimos
3373 5667 3588 5725 ductus.

2012 5761 2170 5815 veluti
2188 5760 2358 5816 sulcos
2375 5762 2635 5823 derivata,
2662 5776 2806 5830 (eque
2831 5776 2890 5813 ac
2920 5760 3092 5812 acrius
3117 5759 3327 5827 fluuius,
3356 5772 3415 5808 ex
3438 5766 3590 5824 parte
