3980 6296
441 293 577 357 ΞΠΙ

440 407 655 460 ἀπίδω
685 403 1048 474 superiorique
1067 405 1117 456 in
1141 405 1317 457 urbem
1339 405 1510 474 inﬂuit
1537 421 1552 467 ;
1587 402 1757 456 altera
1779 400 2006 456 sinistris
2039 403 2077 456 Α

441 497 576 563 fonti
605 495 727 549 locis
752 494 1127 562 campestribus
1167 494 1465 558 exundans,
1503 495 1555 545 in
1597 492 1874 562 paludibus
1916 507 1996 542 su-

443 593 768 655 perstagnat,
791 584 1136 651 universaque
1185 583 1430 651 Daphnes
1470 590 1628 650 prata
1679 582 1897 642 irrorat,
1927 579 2013 659 de-

446 692 586 728 mum
644 675 787 728 lwvis
837 672 1050 727 Orontis
1095 675 1304 743 ﬂuentis
1335 676 1672 726 immiscetur.
1700 673 1851 725 Mons
1891 689 2012 725 vero

446 766 814 829 admirandus,
842 766 980 817 inter
1011 766 1188 816 urbem
1222 772 1270 816 et
1302 780 1448 816 mare
1477 764 1668 824 elatus,
1698 780 1776 816 res
1803 765 2010 831 egregia

447 870 507 907 ac
529 853 824 920 spectabilis
873 863 919 906 et
960 854 1344 906 advenientium
1373 853 1534 905 oculis
1587 853 1850 914 delicium,
1890 869 2012 904 con-

447 945 669 1014 spicitur
684 960 699 997 :
717 961 942 1013 namque
961 944 1075 996 urbi
1102 943 1376 1012 Rhosoque
1399 944 1774 1005 conterminus,
1789 953 2013 1010 utraque

440 1051 507 1089 ex
555 1043 706 1105 parte
747 1035 1006 1087 montibus
1048 1033 1272 1102 Scopulo
1315 1033 1655 1102 Caucasoque
1698 1033 2013 1100 constringi-

445 1133 550 1176 tur.
577 1123 794 1178 Orontes
819 1125 1006 1194 ﬂuvius
1033 1124 1323 1176 innumeris
1349 1123 1693 1192 inﬂexionum
1736 1121 2011 1174 verticibus

448 1213 516 1266 ad
556 1214 708 1284 pedes
740 1216 925 1267 montis
957 1215 1189 1282 proﬂuit,
1222 1222 1268 1265 et
1294 1215 1347 1266 in
1389 1230 1534 1265 mare
1568 1230 1734 1282 aquas
1756 1214 2009 1266 immittit.

517 1305 692 1358 H.1n
746 1306 933 1358 utentis
966 1306 1180 1376 hujusce
1234 1307 1429 1358 vertice
1483 1321 1702 1374 magnus
1763 1303 1852 1357 ille
1911 1306 2010 1369 vir,

445 1395 732 1466 tranquille
760 1398 924 1450 vitam
949 1412 1110 1466 agens
1134 1405 1183 1448 et
1214 1397 1267 1448 in
1295 1397 1448 1448 corde
1478 1397 1804 1449 ascensiones
1835 1395 2012 1464 dispo-

445 1505 592 1552 nens,
626 1504 843 1556 corpore
867 1488 1102 1540 sublimis
1127 1487 1414 1551 extollitur,
1439 1495 1487 1540 et
1513 1504 1627 1540 cum
1658 1489 1768 1556 ipso
1800 1504 2014 1556 corpore

443 1580 693 1632 tethereus
719 1577 858 1646 ﬁeri,
878 1581 1114 1648 interque
1137 1578 1300 1630 Deum
1325 1587 1371 1630 et
1395 1579 1627 1630 homines
1651 1579 1848 1630 medius
1881 1594 2010 1640 esse,

443 1668 724 1720 contendit.
754 1667 820 1721 At
847 1684 952 1729 qua
984 1669 1186 1720 ratione
1224 1667 1329 1718 Deo
1353 1668 1524 1718 dedito
1554 1667 1662 1719 viro
1690 1668 1788 1719 ista
1816 1683 1893 1718 res
1914 1667 2012 1718 ad-

445 1759 724 1811 miratione
772 1758 935 1828 digna
985 1759 1229 1820 evenerit,
1254 1759 1361 1826 ipse
1407 1758 1600 1811 dicam.
1635 1757 2010 1826 Lapicidarum

444 1864 603 1917 opera
629 1850 930 1902 summitate
949 1848 1139 1902 Montis
1151 1849 1464 1902 Admirandi
1485 1853 1588 1901 alte
1607 1857 1881 1911 excavata,
1900 1866 2010 1901 mo-

445 1938 735 1989 nasterium
754 1952 815 1988 ea:
830 1952 932 1988 uno
951 1936 1282 2005 ejusdemque
1301 1945 1508 1988 natura
1531 1935 1705 2004 lapide
1729 1938 2008 2002 exstruxit,

450 2027 506 2078 in
544 2026 691 2094 cujus
717 2027 884 2080 medio
908 2027 1142 2080 nativam
1170 2025 1470 2080 columnam
1496 2028 1834 2082 excidendam
1853 2045 2012 2082 cura-

445 2118 537 2176 vit.
563 2118 618 2169 in
640 2132 806 2186 eaque
826 2118 1044 2187 vestigia
1061 2119 1256 2186 posuit,
1275 2117 1520 2184 ﬁrmans,
1543 2120 1618 2171 uti
1634 2135 1787 2172 sacra
1821 2130 2012 2173 sonant

446 2207 697 2277 Eloquia,
723 2223 883 2278 super
901 2216 1103 2274 petram
1130 2210 1280 2278 pedes
1304 2210 1480 2262 suos‘.
1509 2208 1690 2263 Versus
1715 2209 1876 2262 solem
1896 2226 2014 2262 vero

447 2297 791 2362 exorientem,
824 2295 1080 2364 templum
1110 2295 1214 2348 Deo
1242 2296 1652 2365 pulcherrimum
1673 2299 1940 2359 excitavit,
1962 2300 2016 2350 in

447 2385 584 2456 quod
610 2385 923 2439 convocabat
959 2385 1239 2454 discipulos
1275 2402 1292 2438 :
1336 2397 1492 2456 atque
1538 2390 1612 2441 ita
1645 2388 1738 2441 sub
1781 2390 1865 2442 dio
1909 2390 2017 2455 ipse

449 2493 803 2543 commorans,
830 2477 912 2531 illi
960 2487 1068 2531 tota
1101 2488 1247 2531 nocte
1275 2479 1327 2532 in
1358 2478 1549 2549 templo
1572 2489 1790 2544 stantes,
1826 2490 1880 2532 ut
1924 2482 2016 2533 de-

447 2568 593 2621 cebat
625 2577 856 2631 sanctos,
883 2568 1113 2622 debitum
1136 2569 1243 2622 Deo
1273 2569 1472 2622 cultum
1503 2571 1804 2639 offerebant.

521 2657 607 2711 η.
631 2656 911 2711 Hactenus
930 2660 1260 2727 perpulchre
1281 2660 1520 2714 Joannes
1547 2660 1758 2714 Phocae.
1805 2661 1862 2714 ln
1891 2662 2017 2729 qui-

449 2749 552 2802 bus
576 2757 756 2802 tamen
787 2749 890 2804 sub
920 2749 1082 2804 finem
1109 2752 1338 2819 paucula
1403 2752 1672 2819 quaedam,
1710 2767 1774 2806 ex
1815 2753 2020 2806 versio-

459 2853 528 2892 ne
554 2838 757 2902 Allatii,
788 2855 949 2907 quam
991 2849 1046 2894 et
1071 2855 1171 2893 nos
1203 2842 1323 2894 loco
1340 2843 1896 2912 assignatointegram
1921 2844 2016 2897 de-

456 2927 658 2992 dimus,
690 2929 1049 2993 subobscura,
1083 2930 1174 2984 hic
1201 2947 1324 2984 eum
1351 2931 1538 2985 Graeco
1590 2941 1738 2987 textu
1799 2933 2016 2998 collata,

452 3017 685 3071 clariora
719 3018 844 3072 feci.
874 3018 1015 3084 Quid
1045 3019 1190 3071 enim
1216 3020 1318 3072 sibi
1358 3021 1474 3072 vult.
1501 3021 1675 3074 istud:
1705 3021 1768 3074 In
1819 3025 2016 3075 cotum-
2045 3048 2090 3108 ο

456 3122 524 3159 na
558 3104 753 3174 gradus
782 3105 1043 3174 appinasit,
1100 3105 1191 3158 ubi
1247 3105 1431 3159 Cra-cc
1498 3115 1585 3159 est
1638 3109 1694 3159 ὲν
1749 3109 1886 3159 κίονι
1919 3109 2018 3171 τὰς

458 3196 644 3264 βάσεις
677 3196 868 3247 ἐθετοῖ
899 3195 1124 3249 Rectius
1153 3204 1208 3248 et
1237 3204 1564 3264 argumento
1625 3199 1882 3265 praesenti
1926 3215 2018 3253 ac-

457 3285 861 3340 commodatius
886 3286 1398 3355 interpretaberis_:
1431 3287 1493 3340 In
1523 3287 1771 3342 columna
1806 3293 2021 3359 vestigia

455 3393 546 3429 seu
599 3376 750 3446 pedes
795 3377 986 3446 posuit.
1041 3377 1278 3431 lnnuere
1332 3380 1536 3448 quippe
1595 3381 1712 3434 vult
1761 3383 2019 3450 scriptor,

457 3469 1118 3538 Symeouemascendisse
1146 3469 1460 3523 columnam
1491 3511 1505 3535 ,
1553 3473 1608 3524 in
1653 3487 1816 3541 eaque
1874 3482 2023 3527 stau-

461 3565 564 3612 tem
591 3557 695 3612 sub
732 3559 824 3612 dio
855 3559 1107 3614 laudasse
1129 3560 1322 3615 Deum.

528 3649 616 3702 15.
643 3649 734 3704 Sic
765 3649 932 3720 igitur
962 3649 1126 3703 situm
1157 3651 1360 3705 montis
1402 3654 1651 3723 concipe.
1688 3651 1805 3709 Non
1833 3656 2022 3710 admo-

461 3735 592 3790 dum
622 3737 813 3806 procul
866 3736 936 3792 ab
993 3738 1304 3804 Antiochia,
1363 3739 1429 3793 ad
1483 3740 1745 3797 Orontem
1796 3743 2022 3802 fluvium

461 3825 704 3891 condita,
752 3828 1402 3896 septentrionemversus
1449 3831 1581 3886 urbs
1625 3833 1844 3888 Rhesus
1878 3835 2017 3889 mari

457 3916 696 3987 adiacet:
731 3917 876 3972 inter
908 3927 1196 3988 utramque
1231 3929 1399 3984 terra,
1426 3923 1770 3993 longiuscule
1794 3926 1848 3978 in
1869 3943 2019 3982 mare

455 4021 649 4062 versus
689 4009 1029 4063 occidentem
1064 4025 1416 4080 procurrens,
1443 4013 1497 4066 in
1549 4024 1796 4068 extrema
1827 4016 2019 4071 Seleu-

457 4096 596 4150 ciam
648 4097 964 4166 continent,
997 4101 1097 4155 150
1136 4099 1309 4154 stadia
1373 4101 1669 4157 Antiochia
1722 4104 1973 4160 dissitam

456 4186 594 4241 adeo
621 4195 680 4241 ut
707 4186 938 4243 formam
968 4191 1234 4260 trigonam
1265 4200 1430 4246 ternze
1460 4193 1575 4246 ista:
1603 4195 1853 4250 civitates
1879 4213 2018 4266 quo-

453 4277 747 4334 dummodo
792 4289 1211 4348 repraesentem,
1240 4283 1356 4350 pari
1383 4282 1554 4337 ferme
1586 4285 1728 4338 inter
1757 4303 1814 4340 se
1838 4289 2018 4355 spatio

454 4366 742 4423 distantes.
785 4367 926 4422 Hine
953 4385 1132 4435 mons,
1181 4371 1276 4440 qui
1333 4371 1681 4426 Antiochiam
1745 4375 2016 4429 Rhosum-
2047 4359 2094 4415 1)

452 4469 560 4524 que
585 4455 790 4509 dicitur
812 4458 1179 4520 committere,
1219 4456 1528 4513 Seleuciam
1577 4461 1808 4517 includit
1835 4479 2017 4534 segre-

450 4555 651 4616 gatque
683 4548 753 4602 ab
778 4547 991 4616 reliqua
1011 4549 1354 4604 continente.
1378 4550 1556 4621 Atque
1615 4553 1686 4608 ita
1734 4565 1881 4610 recte
1908 4573 2006 4626 po-

452 4633 605 4688 nitur
634 4635 778 4691 inter
809 4637 1002 4690 urbem
1033 4637 1434 4694 Antiochenam
1481 4650 1649 4712 atque
1704 4660 1854 4700 mare
1898 4647 2012 4701 ela-

453 4732 573 4780 tus:
608 4727 754 4794 quod
791 4728 966 4797 ipsum
1005 4728 1168 4782 etiam
1192 4743 1258 4782 ex
1306 4731 1431 4785 Vita
1458 4748 1514 4785 n.
1554 4733 1618 4786 77
1653 4737 1885 4790 stabiliri
1920 4755 2015 4808 po-

451 4823 578 4869 test.
602 4816 779 4873 Habet
808 4833 972 4888 porro
994 4835 1153 4874 mons
1186 4821 1290 4875 iste
1318 4823 1596 4892 oppositos
1645 4827 1784 4882 duos
1832 4829 2012 4895 alios;

449 4920 684 4972 quorum
711 4909 850 4961 alter
883 4908 999 4977 qui,
1032 4908 1289 4977 Scopulus
1341 4911 1561 4980 dicitur,
1595 4914 1841 4969 Seleucia
1872 4918 2017 4970 Rho-

451 5006 573 5045 sum
606 4994 852 5050 tendenti
877 4997 1055 5050 media
1086 4999 1331 5054 occurrit
1373 5002 1480 5065 via,
1514 5004 1648 5056 mari
1683 5005 2012 5072 imminens;

450 5091 508 5134 et
537 5081 605 5137 ab
634 5083 736 5138 hac
793 5085 952 5151 urbe,
988 5087 1179 5151 credo,
1219 5087 1466 5159 Scopofus
1498 5093 1744 5148 Rhosicus
1779 5096 2017 5163 appella-

453 5179 580 5235 tur;
610 5173 869 5238 alterum,
896 5176 986 5229 eui
1014 5175 1279 5231 Caucasus
1331 5196 1530 5236 nomen
1557 5184 1772 5253 obtigit,
1824 5185 1877 5238 in
1914 5186 2012 5240 ad-

449 5274 606 5314 versa
629 5276 748 5317 esse
780 5273 936 5334 parte
965 5265 1154 5320 Montis
1181 5268 1438 5324 Mirabilis
1458 5312 1472 5334 ,
1530 5273 1783 5327 videlicet
1837 5276 2016 5330 orien-

457 5350 576 5412 tali,
612 5366 679 5406 ex
732 5356 1048 5411 narratione
1072 5367 1323 5414 constare
1373 5363 1608 5416 videtur.
1654 5365 1807 5431 Quod
1853 5367 2013 5436 siqui

449 5439 542 5493 alii
575 5442 745 5498 colles
787 5459 1071 5502 montesve
1126 5449 1500 5519 ignobiliores,
1555 5456 2013 5524 quemadmodum

451 5528 571 5588 ﬁeri
607 5536 808 5591 assolet
836 5547 999 5607 atque
1030 5539 1084 5593 in
1117 5541 1236 5596 Vita
1269 5544 1431 5598 etiam
1468 5545 1740 5614 proditur,
1777 5547 2014 5603 circum-

534 5645 548 5680 ⁸
586 5647 722 5700 Psal.
757 5666 936 5714 χχχιχ,
975 5653 1024 5705 ὅ.

2042 1723 2088 1781 Β

1718 290 1777 347 S.
1820 285 2116 346 SYMEON
2155 284 2457 344 JUNIOR.

3596 275 3735 336 2972

2108 397 2312 450 fuerint
2342 415 2354 448 :
2397 396 2486 450 hic
2515 393 2813 448 eminuisse
2839 392 2982 445 inter
3033 407 3235 444 OlllllC'S
3270 386 3585 440 dicendus
3615 397 3729 442 est.

2113 504 2236 541 cum
2267 485 2530 540 nominati
2567 481 2822 552 Scopulus
2846 491 2901 536 et
2923 481 3188 536 Caucasus
3249 478 3449 531 veluti
3485 493 3591 546 pro
3639 494 3729 545 ap-

2113 577 2440 646 pendicibus
2478 575 2830 647 adjiciantur.
2858 590 2961 627 nec
2993 573 3158 626 ullum
3195 571 3477 624 aliorum
3536 582 3730 620 nomen

2113 675 2344 736 excepto
2376 667 2586 730 Mauro,
2614 673 2706 736 aut
2741 665 2849 728 hic,
2913 673 3007 717 aut
3062 665 3116 716 in
3146 663 3310 724 Vita,
3379 659 3563 721 forte,
3637 675 3729 710 nec

2114 759 2242 812 alibi
2273 759 2550 812 memorim
2585 756 2861 826 proditum
2908 755 3254 808 inveniatur.

2186 850 2270 903 H.
2304 850 2368 902 Et
2414 865 2563 910 sane,
2613 863 2778 916 quem
2831 847 3047 900 eminus
3099 844 3535 897 advenientium
3612 859 3725 894 ocu-

2115 939 2177 992 lis
2200 939 2442 991 delieium
2474 937 2710 1006 appellat
2737 945 2948 997 auctor,
2983 950 3091 988 non
3129 932 3514 1004 injucun-Jus
3555 930 3720 984 fuerit

2113 1031 2266 1084 locus
2293 1045 2516 1083 necesse
2562 1039 2665 1092 est,
2691 1027 2940 1096 quamvis
2973 1026 3025 1078 in
3061 1025 3202 1087 Vita,
3241 1041 3309 1077 η.
3356 1024 3456 1086 92,
3485 1023 3720 1076 desertus

2114 1120 2460 1190 incultusque,
2497 1136 2598 1174 non
2652 1122 2716 1174 ab
2747 1136 2907 1187 aqua,
2939 1127 3101 1180 tecto,
3138 1115 3335 1170 aliave
3369 1130 3431 1166 re
3458 1114 3533 1165 ad
3566 1115 3719 1166 vitam

2114 1212 2407 1264 necessaria
2468 1213 2752 1264 instructus
2823 1211 3056 1262 dicatur.
3130 1202 3713 1260 Commendationctu

2113 1303 2315 1372 quippe
2347 1303 2614 1356 meruisse
2654 1308 2831 1370 potest
2859 1299 2974 1368 ipsa
3007 1297 3318 1352 sterilitate
3356 1303 3538 1363 atque
3567 1309 3714 1362 aspe-

2114 1395 2274 1446 ritate
2307 1409 2424 1452 sua,
2459 1393 2660 1461 quibus
2689 1391 2900 1453 oculos,
2918 1387 3234 1442 virentibus
3269 1386 3504 1440 circum
3534 1383 3708 1438 riden-

2115 1483 2369 1550 tibusque
2421 1482 2594 1550 pratis
2641 1490 2910 1543 assuetos,
2940 1476 3251 1548 jucundius
3277 1475 3593 1529 alliciebat.
3620 1475 3710 1526 Po-

2115 1572 2218 1626 tuit
2247 1572 2412 1625 etiam
2444 1569 2676 1634 laudari,
2705 1570 2848 1639 quod
2874 1567 3390 1639 injucundissimus
3436 1564 3569 1618 inde
3589 1578 3706 1632 pro-

2115 1673 2334 1731 spectus
2363 1670 2526 1716 esset.
2561 1662 2685 1715 Sive
2727 1660 2873 1714 enim
2905 1658 3073 1727 (quod
3122 1657 3350 1712 sanctis
3385 1655 3705 1709 deliciarum

2115 1755 2358 1807 omnium
2394 1751 2990 1820 deliciosissimumest)
3012 1759 3235 1804 erectos
3265 1747 3328 1800 in
3353 1748 3566 1800 (telum
3593 1746 3703 1798 vul-

2116 1853 2203 1898 tus
2217 1847 2392 1913 placet
2415 1846 2628 1909 tollere,
2662 1846 2751 1898 hic
2773 1843 3067 1913 spatiosius
3092 1841 3473 1910 lucidiusque
3498 1839 3704 1907 conspi-

2116 1936 2280 1999 citur,
2318 1937 2484 1991 uul-lis
2519 1945 2680 1991 terrae
2701 1934 3019 2005 fumigantis
3059 1933 3374 1987 inammuis
3417 1930 3702 2000 vaporibus

2116 2025 2517 2094 interceptum:
2551 2027 2667 2080 sive
2716 2034 2934 2080 terrena
3009 2023 3394 2093 contemplari
3456 2021 3697 2082 delectat,

2119 2119 2244 2172 inde
2276 2135 2338 2172 ac
2377 2119 2683 2174 ewlcstium
2735 2119 3147 2173 meditatidnem
3187 2115 3474 2170 securius
3522 2128 3695 2167 ascen-

2115 2225 2337 2275 surum;
2374 2211 2488 2270 ubi,
2511 2226 2716 2280 qumso,
2754 2218 3021 2263 terrarum
3061 2208 3428 2276 voluptatum
3478 2203 3696 2271 amplior

2118 2309 2540 2370 sanetarumque
2627 2301 3020 2372 cogitationum
3090 2299 3347 2352 fertilior
3434 2294 3696 2364 campus?

2116 2391 2292 2446 Urbes
2340 2392 2607 2460 imprimis
2667 2393 2922 2463 subjecta:
2965 2390 3268 2444 Antiochia
3313 2405 3382 2443 ac
3435 2385 3689 2446 Seleucia,

2118 2484 2501 2538 memorabiles
2529 2483 2759 2538 maxime
2787 2499 2850 2536 ac
2882 2483 3161 2552 speciosae,
3183 2481 3332 2550 quid
3371 2495 3483 2534 non
3510 2492 3692 2545 reprae-

2120 2577 2373 2629 sentant?
2405 2576 2542 2629 llinc
2592 2575 2886 2643 Scopulus,
2911 2573 3207 2641 asperitate
3245 2585 3352 2624 sua
3395 2581 3634 2622 ammaus
3673 2579 3684 2624 ;

2121 2664 2246 2718 inde
2270 2665 2543 2718 celebrata
2577 2664 2822 2718 omnium
2853 2661 3090 2730 scriptis,
3120 2669 3180 2713 ut
3203 2661 3440 2722 merita,
3461 2655 3684 2725 Daphne.

2120 2764 2383 2824 quantum
2413 2757 2698 2808 recreant!
2740 2754 2935 2821 Prope,
2967 2751 3068 2805 sub
3107 2751 3228 2819 ipso
3275 2759 3492 2810 monte,
3555 2743 3676 2797 ludit

2119 2845 2288 2899 variis
2328 2843 2604 2898 meandris
2639 2852 2802 2911 atque
2829 2840 3166 2894 anfractibus
3205 2841 3454 2894 Orontes
3477 2855 3489 2888 :
3512 2831 3680 2905 procul

2121 2943 2271 3004 patet
2295 2933 2744 3004 spatiosissimum
2775 2940 2935 2999 atque
2951 2929 3125 2982 oculis
3152 2928 3208 2980 in
3219 2923 3570 2980 terminabile
3589 2936 3668 2989 pc-

2123 3027 2307 3097 lagus;
2340 3033 2488 3094 patet
2525 3025 2652 3078 item
2679 3022 2894 3076 diversa
2930 3031 3109 3082 teme,
3141 3019 3277 3071 hinc
3315 3019 3370 3070 in
3399 3011 3670 3069 collesela-

2125 3129 2210 3181 tze,
2246 3118 2370 3172 inde
2401 3117 2454 3169 in
2481 3115 2646 3169 valles
2669 3114 2956 3181 depressae,
2989 3109 3118 3163 alibi
3151 3108 3390 3170 arentis,
3425 3104 3549 3160 alibi
3565 3117 3674 3155 eon-

2123 3209 2240 3264 sita:
2279 3208 2464 3262 facies.
2495 3205 2704 3274 Ecquid
2742 3204 2907 3274 igitur
2934 3201 3108 3263 deest,
3143 3208 3206 3254 ut
3248 3199 3500 3252 delicium
3545 3195 3672 3249 dica-

2127 3308 2215 3353 tur
2246 3315 2400 3353 mons
2439 3299 2540 3353 iste
2566 3299 2588 3350 Ἰ

2271 3388 2297 3458 §
2326 3388 2412 3440 ΙΙΙ.
2449 3387 2521 3439 De
2557 3397 2712 3440 aztute
2748 3386 2916 3438 sancti
2947 3381 3222 3452 Symeonis
3259 3381 3516 3436 Junioris.

2202 3480 2284 3534 l5.
2321 3479 2436 3532 Duo
2467 3478 2730 3532 hactenus
2763 3490 3024 3545 perquam
3055 3474 3317 3536 obscura,
3354 3487 3473 3540 qua:
3513 3467 3574 3521 ad
3600 3465 3667 3517 di-

2123 3569 2470 3628 stinctionem
2533 3567 2860 3638 Symeonum
2917 3565 3284 3634 Stylitarum,
3338 3573 3558 3631 quaeque
3603 3554 3657 3608 ad

2124 3659 2358 3713 Montem
2381 3658 2703 3721 Mirabilem,
2735 3657 2850 3711 solo
2879 3656 2992 3710 fere
3016 3655 3242 3708 nomine
3266 3655 3359 3708 diu
3393 3649 3660 3720 cognitum,

2123 3749 2376 3810 attinent,
2407 3747 2749 3816 prosecutis;
2783 3744 2926 3799 haud
2958 3745 3119 3813 paulo
3141 3743 3366 3814 gravior
3404 3736 3664 3794 difﬁcultas

2120 3838 2390 3892 incumbit
2415 3836 2713 3890 definiendi
2739 3843 2971 3897 eertum,
2999 3835 3045 3888 si
3077 3834 3274 3902 possit,
3305 3842 3542 3900 tempus,
3571 3835 3661 3892 quo

2118 3928 2313 3982 Junior
2345 3927 2578 3997 Symeou
2607 3935 2768 3980 natus
2799 3931 3155 3992 mortuusque
3191 3921 3381 3977 fuerit.
3408 3916 3658 3973 Neminem

2120 4019 2362 4088 reperire
2418 4017 2576 4071 licuit
2631 4025 2934 4077 auctorem,
2966 4013 3062 4082 qui
3123 4011 3544 4068 determinatius
3576 4000 3659 4056 ali-

2119 4109 2250 4178 quid
2279 4107 2593 4171 a‘flirmaret,
2629 4122 2793 4176 quam
2822 4106 2993 4159 fuisse
3047 4104 3379 4175 Symeonem
3435 4094 3654 4166 tempori-

2118 4201 2209 4252 bus
2224 4199 2418 4253 Justini
2450 4198 2700 4253 Senioris.
2731 4199 2844 4251 lmo
2871 4210 3046 4265 neque
3076 4196 3221 4262 Vita,
3250 4209 3414 4264 quam
3460 4182 3653 4255 subjici-

2119 4289 2414 4353 mus,diem
2428 4302 2698 4342 annumve
2723 4297 2873 4341 ortus
2888 4295 2980 4340 aut
2993 4286 3176 4340 obitus
3194 4286 3342 4340 illius
3357 4275 3653 4338 determina-

2121 4385 2232 4429 tum
2253 4377 2432 4445 ponit;
2467 4376 2704 4445 suggerit
2727 4384 2902 4429 tamen
2916 4373 3162 4442 quaedam
3179 4374 3311 4427 hinc
3326 4371 3541 4430 inde,ex
3555 4360 3656 4431 qui-

2122 4463 2225 4518 bus
2253 4463 2468 4518 definiri
2487 4464 2719 4518 certiora
2740 4461 3101 4532 possint.Mox
3118 4462 3336 4515 enimn.
3357 4454 3650 4514 thabetur.

2125 4555 2447 4628 Symeouem
2475 4557 2881 4626 quinquennem
2906 4555 3090 4620 fuisse,
3129 4572 3256 4610 eum
3295 4555 3470 4626 gravis
3519 4557 3652 4603 terra?

2124 4651 2306 4722 motus
2318 4643 2662 4696 Antiochiam
2686 4641 3170 4710 labefactavit,quo
3194 4657 3383 4696 eversa
3398 4637 3652 4701 illiusquo-

2125 4750 2230 4802 que
2249 4735 2441 4788 domus
2461 4735 2604 4788 inter
2625 4735 2770 4789 alias
2797 4743 2900 4796 est,
2938 4741 2993 4786 et
3018 4741 3174 4802 pater
3201 4735 3374 4787 ruinis
3404 4726 3650 4784 involutus

2125 4823 2354 4877 interiit.
2384 4823 2675 4876 Definitum
2708 4822 2798 4875 hic
2830 4823 2992 4884 foret,
3021 4823 3067 4876 si
3107 4822 3323 4881 felicior
3373 4811 3643 4874 Antiochia.

2121 4914 2300 4967 minus
2326 4913 2708 4982 frequentibus
2737 4920 2985 4982 quassata
3019 4912 3262 4966 motibus
3294 4911 3496 4966 fuisset.
3528 4904 3648 4956 Duo-

2119 5020 2239 5057 rum
2266 5001 2636 5058 meminerunt
2659 5011 2907 5058 auctores
2937 5002 3203 5070 Evagrius
3225 5012 3386 5071 atque
3401 4991 3644 5061 Theopha-

2117 5111 2236 5158 nes,
2263 5095 2358 5162 qui
2393 5092 2495 5147 sub
2522 5093 2666 5147 idem
2699 5093 2813 5147 fere
2833 5100 3064 5160 tempus,
3101 5093 3386 5162 interjecto
3408 5084 3644 5142 mensium

2120 5187 2343 5256 triginta
2376 5201 2484 5240 non
2517 5185 2750 5254 amplius
2783 5185 2974 5252 spatio,
3010 5183 3374 5239 invaluerunt.

2195 5276 2279 5329 16.
2307 5275 2552 5330 Priorem
2595 5273 2671 5328 sic
2706 5271 3248 5341 describitEvagrius
3274 5275 3312 5327 Ι.
3343 5288 3413 5334 tv,
3443 5282 3549 5336 cap.
3576 5261 3602 5314 5
3627 5273 3639 5309 ε

2119 5367 2311 5420 Iisdem
2352 5365 2548 5420 Justini
2582 5363 2890 5434 temporibus
2912 5363 3090 5416 crebra
3122 5365 3402 5431 graviaque
3433 5350 3637 5411 incendia

2121 5459 2408 5513 Antiochia:
2439 5458 2788 5526 contigerunt,
2829 5470 2942 5522 qua:
2970 5453 3129 5507 veluti
3153 5455 3307 5508 duces
3339 5454 3530 5523 fuerunt
3551 5452 3638 5494 ter-

2124 5550 2388 5618 riﬁcorum
2439 5559 2594 5603 terra:
2639 5556 2887 5610 motuum,
2915 5543 3101 5598 ibidem
3151 5556 3328 5614 postea
3378 5541 3632 5597 consecuto-
