  <div class='ocr_page' id='page_1' title='image "/cluster/home/n/w/nwhite01/storage/ocr_20150623/86 pt.2/mdp.39015008855424/614.png"; bbox 0 0 4026 6292; ppageno 0'>
   <div class='ocr_carea' id='block_1_1' title="bbox 358 370 499 434">
    <p class='ocr_par' dir='ltr' id='par_1_1' title="bbox 358 370 499 434">
     <span class='ocr_line' id='line_1_1' title="bbox 358 370 499 434; baseline -0.021 0"><span class='ocrx_word' id='word_1_1' title='bbox 358 370 499 434; x_wconf 66' lang='grc'><strong><em>2373</em></strong></span> 
     </span>
    </p>
   </div>
   <div class='ocr_carea' id='block_1_2' title="bbox 1477 372 2479 436">
    <p class='ocr_par' dir='ltr' id='par_1_2' title="bbox 1477 372 2479 436">
     <span class='ocr_line' id='line_1_2' title="bbox 1477 372 2479 436; baseline 0.004 -4"><span class='ocrx_word' id='word_1_2' title='bbox 1477 372 2075 435; x_wconf 77' lang='lat' dir='ltr'><strong><em>COMMENTARIUS</em></strong></span> <span class='ocrx_word' id='word_1_3' title='bbox 2115 374 2479 436; x_wconf 56' lang='lat' dir='ltr'><strong><em>PRIEVIUS.</em></strong></span> 
     </span>
    </p>
   </div>
   <div class='ocr_carea' id='block_1_3' title="bbox 3449 383 3595 447">
    <p class='ocr_par' dir='ltr' id='par_1_3' title="bbox 3449 383 3595 447">
     <span class='ocr_line' id='line_1_3' title="bbox 3449 383 3595 447; baseline -0.014 0"><span class='ocrx_word' id='word_1_4' title='bbox 3449 383 3595 447; x_wconf 70' lang='grc'><strong>2974</strong></span> 
     </span>
    </p>
   </div>
   <div class='ocr_carea' id='block_1_4' title="bbox 359 486 1947 574">
    <p class='ocr_par' dir='ltr' id='par_1_4' title="bbox 359 486 1925 559">
     <span class='ocr_line' id='line_1_4' title="bbox 359 486 1925 559; baseline 0.003 -19"><span class='ocrx_word' id='word_1_5' title='bbox 359 486 977 559; x_wconf 71' lang='grc' dir='ltr'><strong><em>ηηι,ρνίειτιδενειηῑᾳιιε</em></strong></span> <span class='ocrx_word' id='word_1_6' title='bbox 1035 488 1426 543; x_wconf 72' lang='lat' dir='ltr'><strong><em>calamitatibus</em></strong></span> <span class='ocrx_word' id='word_1_7' title='bbox 1476 492 1728 543; x_wconf 76' lang='lat' dir='ltr'><strong><em>venturis.</em></strong></span> <span class='ocrx_word' id='word_1_8' title='bbox 1785 490 1925 544; x_wconf 90' lang='lat' dir='ltr'><strong><em>Nam</em></strong></span> 
     </span>
    </p>
   </div>
   <div class='ocr_carea' id='block_1_5' title="bbox 2047 486 3590 574">
    <p class='ocr_par' dir='ltr' id='par_1_5' title="bbox 2047 490 3590 574">
     <span class='ocr_line' id='line_1_5' title="bbox 2047 490 3590 574; baseline 0.005 -29"><span class='ocrx_word' id='word_1_9' title='bbox 2047 492 2210 556; x_wconf 45' lang='grc' dir='ltr'>λείας,</span> <span class='ocrx_word' id='word_1_10' title='bbox 2245 493 2373 563; x_wconf 68' lang='grc' dir='ltr'><strong><em>μηνὶ</em></strong></span> <span class='ocrx_word' id='word_1_11' title='bbox 2393 492 2601 561; x_wconf 77' lang='grc' dir='ltr'>δεκάτῳ</span> <span class='ocrx_word' id='word_1_12' title='bbox 2629 508 2641 521; x_wconf 77' lang='grc' dir='ltr'><strong>ο</strong></span> <span class='ocrx_word' id='word_1_13' title='bbox 2678 490 2782 543; x_wconf 72' lang='grc' dir='ltr'><strong><em>ἀνὰ</em></strong></span> <span class='ocrx_word' id='word_1_14' title='bbox 2810 491 2899 543; x_wconf 74' lang='grc' dir='ltr'><strong><em>τὸν</em></strong></span> <span class='ocrx_word' id='word_1_15' title='bbox 2929 494 3267 563; x_wconf 67' lang='grc' dir='ltr'><strong><em>Ἀρτεμίσιον</em></strong></span> <span class='ocrx_word' id='word_1_16' title='bbox 3296 498 3441 567; x_wconf 68' lang='grc' dir='ltr'>μῆνα</span> <span class='ocrx_word' id='word_1_17' title='bbox 3471 503 3590 574; x_wconf 67' lang='grc' dir='ltr'><strong>ἦτοι</strong></span> 
     </span>
    </p>
   </div>
   <div class='ocr_carea' id='block_1_6' title="bbox 361 577 1930 655">
    <p class='ocr_par' dir='ltr' id='par_1_6' title="bbox 361 577 1930 655">
     <span class='ocr_line' id='line_1_6' title="bbox 361 577 1930 655; baseline 0.006 -25"><span class='ocrx_word' id='word_1_18' title='bbox 361 577 502 632; x_wconf 79' lang='lat' dir='ltr'><strong><em>brevi</em></strong></span> <span class='ocrx_word' id='word_1_19' title='bbox 555 586 671 647; x_wconf 89' lang='lat' dir='ltr'><strong><em>post</em></strong></span> <span class='ocrx_word' id='word_1_20' title='bbox 706 589 957 651; x_wconf 86' lang='lat' dir='ltr'><strong><em>tempore,</em></strong></span> <span class='ocrx_word' id='word_1_21' title='bbox 983 601 1122 638; x_wconf 90' lang='lat' dir='ltr'><strong><em>anno</em></strong></span> <span class='ocrx_word' id='word_1_22' title='bbox 1151 587 1370 655; x_wconf 87' lang='lat' dir='ltr'><strong><em>septimo</em></strong></span> <span class='ocrx_word' id='word_1_23' title='bbox 1415 587 1622 655; x_wconf 87' lang='lat' dir='ltr'><strong><em>imperii</em></strong></span> <span class='ocrx_word' id='word_1_24' title='bbox 1661 585 1859 639; x_wconf 79' lang='lat' dir='ltr'><strong><em>Justini</em></strong></span> <span class='ocrx_word' id='word_1_25' title='bbox 1881 594 1930 640; x_wconf 91' lang='lat' dir='ltr'><strong><em>et</em></strong></span> 
     </span>
    </p>
   </div>
   <div class='ocr_carea' id='block_1_7' title="bbox 361 669 1932 745">
    <p class='ocr_par' dir='ltr' id='par_1_7' title="bbox 361 669 1932 745">
     <span class='ocr_line' id='line_1_7' title="bbox 361 669 1932 745; baseline 0.006 -25"><span class='ocrx_word' id='word_1_26' title='bbox 361 683 539 722; x_wconf 87' lang='lat' dir='ltr'><strong><em>mense</em></strong></span> <span class='ocrx_word' id='word_1_27' title='bbox 572 669 769 723; x_wconf 83' lang='lat' dir='ltr'><strong><em>decimo</em></strong></span> <span class='ocrx_word' id='word_1_28' title='bbox 797 688 817 737; x_wconf 87' lang='lat'><strong><em>;</em></strong></span> <span class='ocrx_word' id='word_1_29' title='bbox 846 689 1020 726; x_wconf 87' lang='lat' dir='ltr'><strong><em>mense</em></strong></span> <span class='ocrx_word' id='word_1_30' title='bbox 1057 675 1338 729; x_wconf 81' lang='lat' dir='ltr'><strong><em>Artemisio</em></strong></span> <span class='ocrx_word' id='word_1_31' title='bbox 1364 691 1455 729; x_wconf 88' lang='lat' dir='ltr'><strong><em>seu</em></strong></span> <span class='ocrx_word' id='word_1_32' title='bbox 1476 675 1656 740; x_wconf 83' lang='lat' dir='ltr'><strong><em>Maio;</em></strong></span> <span class='ocrx_word' id='word_1_33' title='bbox 1694 676 1777 729; x_wconf 87' lang='lat' dir='ltr'><strong><em>die</em></strong></span> <span class='ocrx_word' id='word_1_34' title='bbox 1820 677 1932 745; x_wconf 89' lang='lat' dir='ltr'><strong><em>ejus</em></strong></span> 
     </span>
    </p>
   </div>
   <div class='ocr_carea' id='block_1_8' title="bbox 364 762 1932 834">
    <p class='ocr_par' dir='ltr' id='par_1_8' title="bbox 364 762 1932 834">
     <span class='ocr_line' id='line_1_8' title="bbox 364 762 1932 834; baseline 0.007 -24"><span class='ocrx_word' id='word_1_35' title='bbox 364 774 503 811; x_wconf 91' lang='lat' dir='ltr'><strong><em>nona</em></strong></span> <span class='ocrx_word' id='word_1_36' title='bbox 526 776 589 813; x_wconf 86' lang='lat' dir='ltr'><strong><em>ac</em></strong></span> <span class='ocrx_word' id='word_1_37' title='bbox 617 762 883 826; x_wconf 81' lang='lat' dir='ltr'><strong><em>vicesima,</em></strong></span> <span class='ocrx_word' id='word_1_38' title='bbox 909 765 1022 834; x_wconf 86' lang='lat' dir='ltr'><strong><em>ipso</em></strong></span> <span class='ocrx_word' id='word_1_39' title='bbox 1059 767 1277 819; x_wconf 87' lang='lat' dir='ltr'><strong><em>meridie</em></strong></span> <span class='ocrx_word' id='word_1_40' title='bbox 1307 767 1452 834; x_wconf 68' lang='lat' dir='ltr'><strong><em>ferite</em></strong></span> <span class='ocrx_word' id='word_1_41' title='bbox 1475 775 1654 830; x_wconf 66' lang='lat' dir='ltr'><strong><em>sextae,</em></strong></span> <span class='ocrx_word' id='word_1_42' title='bbox 1677 775 1735 819; x_wconf 91' lang='lat' dir='ltr'><strong><em>ut</em></strong></span> <span class='ocrx_word' id='word_1_43' title='bbox 1776 782 1932 821; x_wconf 85' lang='lat' dir='ltr'><strong><em>voca-</em></strong></span> 
     </span>
    </p>
   </div>
   <div class='ocr_carea' id='block_1_9' title="bbox 363 848 1931 919">
    <p class='ocr_par' dir='ltr' id='par_1_9' title="bbox 363 848 1931 919">
     <span class='ocr_line' id='line_1_9' title="bbox 363 848 1931 919; baseline 0.006 -21"><span class='ocrx_word' id='word_1_44' title='bbox 363 853 471 909; x_wconf 90' lang='lat' dir='ltr'><strong><em>tur,</em></strong></span> <span class='ocrx_word' id='word_1_45' title='bbox 494 848 829 903; x_wconf 75' lang='lat' dir='ltr'><strong><em>hebdomadis</em></strong></span> <span class='ocrx_word' id='word_1_46' title='bbox 860 868 879 915; x_wconf 91' lang='lat'><strong><em>;</em></strong></span> <span class='ocrx_word' id='word_1_47' title='bbox 907 856 1166 907; x_wconf 87' lang='lat' dir='ltr'><strong><em>succussio</em></strong></span> <span class='ocrx_word' id='word_1_48' title='bbox 1199 872 1261 907; x_wconf 91' lang='lat' dir='ltr'><strong><em>ac</em></strong></span> <span class='ocrx_word' id='word_1_49' title='bbox 1282 864 1451 910; x_wconf 86' lang='lat' dir='ltr'><strong><em>motus</em></strong></span> <span class='ocrx_word' id='word_1_50' title='bbox 1480 865 1652 919; x_wconf 70' lang='lat' dir='ltr'><strong><em>terres,</em></strong></span> <span class='ocrx_word' id='word_1_51' title='bbox 1677 855 1931 915; x_wconf 72' lang='lat' dir='ltr'><strong><em>invaden-</em></strong></span> 
     </span>
    </p>
   </div>
   <div class='ocr_carea' id='block_1_10' title="bbox 364 937 1935 1013">
    <p class='ocr_par' dir='ltr' id='par_1_10' title="bbox 364 937 1935 1013">
     <span class='ocr_line' id='line_1_10' title="bbox 364 937 1935 1013; baseline 0.006 -23"><span class='ocrx_word' id='word_1_52' title='bbox 364 946 439 991; x_wconf 88' lang='lat' dir='ltr'><strong><em>tes</em></strong></span> <span class='ocrx_word' id='word_1_53' title='bbox 491 937 692 1004; x_wconf 87' lang='lat' dir='ltr'><strong><em>urbem,</em></strong></span> <span class='ocrx_word' id='word_1_54' title='bbox 730 957 860 1010; x_wconf 89' lang='lat' dir='ltr'><strong><em>pene</em></strong></span> <span class='ocrx_word' id='word_1_55' title='bbox 918 953 1084 998; x_wconf 90' lang='lat' dir='ltr'><strong><em>totam</em></strong></span> <span class='ocrx_word' id='word_1_56' title='bbox 1129 944 1364 1013; x_wconf 87' lang='lat' dir='ltr'><strong><em>funditus</em></strong></span> <span class='ocrx_word' id='word_1_57' title='bbox 1390 947 1775 1000; x_wconf 78' lang='lat' dir='ltr'><strong><em>subuerterant.</em></strong></span> <span class='ocrx_word' id='word_1_58' title='bbox 1805 945 1935 999; x_wconf 90' lang='lat' dir='ltr'><strong><em>Post</em></strong></span> 
     </span>
    </p>
   </div>
   <div class='ocr_carea' id='block_1_11' title="bbox 364 1028 1936 1107">
    <p class='ocr_par' dir='ltr' id='par_1_11' title="bbox 364 1028 1936 1107">
     <span class='ocr_line' id='line_1_11' title="bbox 364 1028 1936 1107; baseline 0.006 -27"><span class='ocrx_word' id='word_1_59' title='bbox 364 1028 474 1081; x_wconf 60' lang='lat' dir='ltr'><strong><em>haec</em></strong></span> <span class='ocrx_word' id='word_1_60' title='bbox 516 1032 758 1084; x_wconf 87' lang='lat' dir='ltr'><strong><em>successit</em></strong></span> <span class='ocrx_word' id='word_1_61' title='bbox 815 1034 952 1102; x_wconf 88' lang='lat' dir='ltr'><strong><em>ignis</em></strong></span> <span class='ocrx_word' id='word_1_62' title='bbox 1003 1051 1226 1107; x_wconf 84' lang='lat' dir='ltr'><strong><em>quoque,</em></strong></span> <span class='ocrx_word' id='word_1_63' title='bbox 1266 1044 1315 1089; x_wconf 90' lang='lat' dir='ltr'><strong><em>et</em></strong></span> <span class='ocrx_word' id='word_1_64' title='bbox 1369 1037 1731 1090; x_wconf 77' lang='lat' dir='ltr'><strong><em>calamitatem</em></strong></span> <span class='ocrx_word' id='word_1_65' title='bbox 1781 1037 1936 1106; x_wconf 88' lang='lat' dir='ltr'><strong><em>quasi</em></strong></span> 
     </span>
    </p>
   </div>
   <div class='ocr_carea' id='block_1_12' title="bbox 364 1120 1939 1197">
    <p class='ocr_par' dir='ltr' id='par_1_12' title="bbox 364 1120 1939 1197">
     <span class='ocr_line' id='line_1_12' title="bbox 364 1120 1939 1197; baseline 0.006 -25"><span class='ocrx_word' id='word_1_66' title='bbox 364 1135 483 1173; x_wconf 89' lang='lat' dir='ltr'><strong><em>cum</em></strong></span> <span class='ocrx_word' id='word_1_67' title='bbox 526 1120 634 1174; x_wconf 90' lang='lat' dir='ltr'><strong><em>illis</em></strong></span> <span class='ocrx_word' id='word_1_68' title='bbox 694 1124 922 1192; x_wconf 87' lang='lat' dir='ltr'><strong><em>partitus</em></strong></span> <span class='ocrx_word' id='word_1_69' title='bbox 973 1134 1068 1185; x_wconf 81' lang='lat' dir='ltr'><strong><em>est.</em></strong></span> <span class='ocrx_word' id='word_1_70' title='bbox 1103 1125 1300 1191; x_wconf 87' lang='lat' dir='ltr'><strong><em>Quibus</em></strong></span> <span class='ocrx_word' id='word_1_71' title='bbox 1325 1128 1464 1181; x_wconf 90' lang='lat' dir='ltr'><strong><em>enim</em></strong></span> <span class='ocrx_word' id='word_1_72' title='bbox 1490 1127 1614 1181; x_wconf 91' lang='lat' dir='ltr'><strong><em>locis</em></strong></span> <span class='ocrx_word' id='word_1_73' title='bbox 1664 1129 1939 1197; x_wconf 89' lang='lat' dir='ltr'><strong><em>quassatio</em></strong></span> 
     </span>
    </p>
   </div>
   <div class='ocr_carea' id='block_1_13' title="bbox 368 1214 1937 1286">
    <p class='ocr_par' dir='ltr' id='par_1_13' title="bbox 368 1214 1937 1286">
     <span class='ocr_line' id='line_1_13' title="bbox 368 1214 1937 1286; baseline 0.006 -25"><span class='ocrx_word' id='word_1_74' title='bbox 368 1218 638 1280; x_wconf 87' lang='lat' dir='ltr'><strong><em>motusque</em></strong></span> <span class='ocrx_word' id='word_1_75' title='bbox 666 1221 1027 1281; x_wconf 85' lang='lat' dir='ltr'><strong><em>pepercerant,</em></strong></span> <span class='ocrx_word' id='word_1_76' title='bbox 1058 1214 1155 1268; x_wconf 90' lang='lat' dir='ltr'><strong><em>illa</em></strong></span> <span class='ocrx_word' id='word_1_77' title='bbox 1184 1216 1322 1286; x_wconf 80' lang='lat' dir='ltr'><strong><em>ignis</em></strong></span> <span class='ocrx_word' id='word_1_78' title='bbox 1348 1219 1544 1271; x_wconf 85' lang='lat' dir='ltr'><strong><em>circum</em></strong></span> <span class='ocrx_word' id='word_1_79' title='bbox 1566 1216 1850 1286; x_wconf 88' lang='lat' dir='ltr'><strong><em>depascens</em></strong></span> <span class='ocrx_word' id='word_1_80' title='bbox 1882 1217 1937 1270; x_wconf 90' lang='lat' dir='ltr'><strong><em>in</em></strong></span> 
     </span>
    </p>
   </div>
   <div class='ocr_carea' id='block_1_14' title="bbox 368 1300 1938 1378">
    <p class='ocr_par' dir='ltr' id='par_1_14' title="bbox 368 1300 1938 1378">
     <span class='ocr_line' id='line_1_14' title="bbox 368 1300 1938 1378; baseline 0.006 -27"><span class='ocrx_word' id='word_1_81' title='bbox 368 1300 565 1354; x_wconf 88' lang='lat' dir='ltr'><strong><em>cineres</em></strong></span> <span class='ocrx_word' id='word_1_82' title='bbox 619 1302 938 1374; x_wconf 80' lang='lat' dir='ltr'><strong><em>favillasque</em></strong></span> <span class='ocrx_word' id='word_1_83' title='bbox 982 1305 1202 1376; x_wconf 81' lang='lat' dir='ltr'><strong><em>redegit.</em></strong></span> <span class='ocrx_word' id='word_1_84' title='bbox 1236 1306 1365 1371; x_wconf 58' lang='lat' dir='ltr'><strong><em>Qua,</em></strong></span> <span class='ocrx_word' id='word_1_85' title='bbox 1395 1324 1552 1377; x_wconf 84' lang='lat' dir='ltr'><strong><em>porro</em></strong></span> <span class='ocrx_word' id='word_1_86' title='bbox 1585 1307 1725 1361; x_wconf 82' lang='lat' dir='ltr'><strong><em>urbis</em></strong></span> <span class='ocrx_word' id='word_1_87' title='bbox 1761 1318 1938 1378; x_wconf 88' lang='lat' dir='ltr'><strong><em>partes</em></strong></span> 
     </span>
    </p>
   </div>
   <div class='ocr_carea' id='block_1_15' title="bbox 370 1392 1941 1468">
    <p class='ocr_par' dir='ltr' id='par_1_15' title="bbox 370 1392 1941 1468">
     <span class='ocr_line' id='line_1_15' title="bbox 370 1392 1941 1468; baseline 0.006 -27"><span class='ocrx_word' id='word_1_88' title='bbox 370 1392 596 1455; x_wconf 85' lang='lat' dir='ltr'><strong><em>ruerint,</em></strong></span> <span class='ocrx_word' id='word_1_89' title='bbox 629 1403 753 1462; x_wconf 88' lang='lat' dir='ltr'><strong><em>quot</em></strong></span> <span class='ocrx_word' id='word_1_90' title='bbox 780 1395 1015 1448; x_wconf 81' lang='lat' dir='ltr'><strong><em>homines</em></strong></span> <span class='ocrx_word' id='word_1_91' title='bbox 1043 1398 1276 1466; x_wconf 73' lang='lat' dir='ltr'><strong><em>ﬂammis</em></strong></span> <span class='ocrx_word' id='word_1_92' title='bbox 1306 1400 1652 1468; x_wconf 84' lang='lat' dir='ltr'><strong><em>motibusque,</em></strong></span> <span class='ocrx_word' id='word_1_93' title='bbox 1690 1398 1766 1451; x_wconf 86' lang='lat' dir='ltr'><strong><em>uti</em></strong></span> <span class='ocrx_word' id='word_1_94' title='bbox 1792 1399 1941 1451; x_wconf 86' lang='lat' dir='ltr'><strong><em>simi-</em></strong></span> 
     </span>
    </p>
   </div>
   <div class='ocr_carea' id='block_1_16' title="bbox 371 1480 1939 1559">
    <p class='ocr_par' dir='ltr' id='par_1_16' title="bbox 371 1480 1939 1559">
     <span class='ocr_line' id='line_1_16' title="bbox 371 1480 1939 1559; baseline 0.007 -27"><span class='ocrx_word' id='word_1_95' title='bbox 371 1480 469 1535; x_wconf 84' lang='lat' dir='ltr'><strong><em>lius</em></strong></span> <span class='ocrx_word' id='word_1_96' title='bbox 524 1499 642 1537; x_wconf 89' lang='lat' dir='ltr'><strong><em>vero</em></strong></span> <span class='ocrx_word' id='word_1_97' title='bbox 669 1493 764 1549; x_wconf 89' lang='lat' dir='ltr'><strong><em>est,</em></strong></span> <span class='ocrx_word' id='word_1_98' title='bbox 808 1486 1145 1552; x_wconf 86' lang='lat' dir='ltr'><strong><em>interierint,</em></strong></span> <span class='ocrx_word' id='word_1_99' title='bbox 1209 1504 1327 1559; x_wconf 74' lang='lat' dir='ltr'><strong><em>qute</em></strong></span> <span class='ocrx_word' id='word_1_100' title='bbox 1369 1490 1529 1542; x_wconf 90' lang='lat' dir='ltr'><strong><em>etiam</em></strong></span> <span class='ocrx_word' id='word_1_101' title='bbox 1562 1489 1828 1545; x_wconf 86' lang='lat' dir='ltr'><strong><em>mirabilia</em></strong></span> <span class='ocrx_word' id='word_1_102' title='bbox 1858 1491 1939 1543; x_wconf 89' lang='lat' dir='ltr'><strong><em>di-</em></strong></span> 
     </span>
    </p>
   </div>
   <div class='ocr_carea' id='block_1_17' title="bbox 369 1574 1945 1658">
    <p class='ocr_par' dir='ltr' id='par_1_17' title="bbox 369 1574 1945 1658">
     <span class='ocr_line' id='line_1_17' title="bbox 369 1574 1945 1658; baseline 0.011 -34"><span class='ocrx_word' id='word_1_103' title='bbox 369 1574 619 1644; x_wconf 89' lang='lat' dir='ltr'><strong><em>cendique</em></strong></span> <span class='ocrx_word' id='word_1_104' title='bbox 658 1576 909 1645; x_wconf 83' lang='lat' dir='ltr'><strong><em>facultate</em></strong></span> <span class='ocrx_word' id='word_1_105' title='bbox 938 1586 1083 1637; x_wconf 90' lang='lat' dir='ltr'><strong><em>omni</em></strong></span> <span class='ocrx_word' id='word_1_106' title='bbox 1107 1587 1318 1655; x_wconf 86' lang='lat' dir='ltr'><strong><em>majora</em></strong></span> <span class='ocrx_word' id='word_1_107' title='bbox 1343 1588 1677 1657; x_wconf 84' lang='lat' dir='ltr'><strong><em>contigerint,</em></strong></span> <span class='ocrx_word' id='word_1_108' title='bbox 1735 1587 1945 1658; x_wconf 86' lang='lat' dir='ltr'><strong><em>lugubri</em></strong></span> 
     </span>
    </p>
   </div>
   <div class='ocr_carea' id='block_1_18' title="bbox 370 1675 1939 1743">
    <p class='ocr_par' dir='ltr' id='par_1_18' title="bbox 370 1675 1939 1743">
     <span class='ocr_line' id='line_1_18' title="bbox 370 1675 1939 1743; baseline 0.011 -27"><span class='ocrx_word' id='word_1_109' title='bbox 370 1677 675 1732; x_wconf 84' lang='lat' dir='ltr'><strong><em>prosecutus</em></strong></span> <span class='ocrx_word' id='word_1_110' title='bbox 724 1679 799 1724; x_wconf 88' lang='lat' dir='ltr'><strong><em>est</em></strong></span> <span class='ocrx_word' id='word_1_111' title='bbox 839 1675 1078 1727; x_wconf 90' lang='lat' dir='ltr'><strong><em>oratione</em></strong></span> <span class='ocrx_word' id='word_1_112' title='bbox 1125 1675 1360 1732; x_wconf 82' lang='lat' dir='ltr'><strong><em>Joannes</em></strong></span> <span class='ocrx_word' id='word_1_113' title='bbox 1418 1679 1620 1743; x_wconf 85' lang='lat' dir='ltr'><strong><em>rhetor,</em></strong></span> <span class='ocrx_word' id='word_1_114' title='bbox 1650 1678 1939 1734; x_wconf 85' lang='lat' dir='ltr'><strong><em>Historiam</em></strong></span> 
     </span>
    </p>
   </div>
   <div class='ocr_carea' id='block_1_19' title="bbox 370 1760 1941 1837">
    <p class='ocr_par' dir='ltr' id='par_1_19' title="bbox 370 1760 1941 1837">
     <span class='ocr_line' id='line_1_19' title="bbox 370 1760 1941 1837; baseline 0.011 -29"><span class='ocrx_word' id='word_1_115' title='bbox 370 1772 525 1811; x_wconf 88' lang='lat' dir='ltr'><strong><em>suant</em></strong></span> <span class='ocrx_word' id='word_1_116' title='bbox 558 1760 639 1813; x_wconf 86' lang='lat' dir='ltr'><strong><em>hic</em></strong></span> <span class='ocrx_word' id='word_1_117' title='bbox 682 1761 1015 1818; x_wconf 84' lang='lat' dir='ltr'><strong><em>concludens.</em></strong></span> <span class='ocrx_word' id='word_1_118' title='bbox 1067 1766 1397 1837; x_wconf 81' lang='lat' dir='ltr'><strong><em>Euphrasius</em></strong></span> <span class='ocrx_word' id='word_1_119' title='bbox 1423 1786 1543 1824; x_wconf 84' lang='lat' dir='ltr'><strong><em>vero</em></strong></span> <span class='ocrx_word' id='word_1_120' title='bbox 1569 1772 1731 1824; x_wconf 90' lang='lat' dir='ltr'><strong><em>etiam</em></strong></span> <span class='ocrx_word' id='word_1_121' title='bbox 1772 1773 1941 1825; x_wconf 86' lang='lat' dir='ltr'><strong><em>ruinis</em></strong></span> 
     </span>
    </p>
   </div>
   <div class='ocr_carea' id='block_1_20' title="bbox 2036 583 3588 658">
    <p class='ocr_par' dir='ltr' id='par_1_20' title="bbox 2036 583 3588 658">
     <span class='ocr_line' id='line_1_20' title="bbox 2036 583 3588 658; baseline 0.006 -19"><span class='ocrx_word' id='word_1_122' title='bbox 2036 587 2235 649; x_wconf 81' lang='grc' dir='ltr'><strong><em>Μὰῖον,</em></strong></span> <span class='ocrx_word' id='word_1_123' title='bbox 2290 585 2484 653; x_wconf 76' lang='grc' dir='ltr'>ἐννάτῃ</span> <span class='ocrx_word' id='word_1_124' title='bbox 2504 583 2559 635; x_wconf 82' lang='grc' dir='ltr'>δὲ</span> <span class='ocrx_word' id='word_1_125' title='bbox 2616 585 2831 651; x_wconf 76' lang='grc' dir='ltr'><strong><em>εἰκοστῇ</em></strong></span> <span class='ocrx_word' id='word_1_126' title='bbox 2880 583 3043 635; x_wconf 74' lang='grc' dir='ltr'><strong><em>αὐτοῦ</em></strong></span> <span class='ocrx_word' id='word_1_127' title='bbox 3079 586 3279 658; x_wconf 73' lang='grc' dir='ltr'><strong><em>ἡμέρᾳ.</em></strong></span> <span class='ocrx_word' id='word_1_128' title='bbox 3311 589 3464 645; x_wconf 73' lang='lat' dir='ltr'><strong><em>Anno</em></strong></span> <span class='ocrx_word' id='word_1_129' title='bbox 3505 610 3588 647; x_wconf 70' lang='lat' dir='ltr'><strong><em>se-</em></strong></span> 
     </span>
    </p>
   </div>
   <div class='ocr_carea' id='block_1_21' title="bbox 2032 674 3599 746">
    <p class='ocr_par' dir='ltr' id='par_1_21' title="bbox 2032 674 3599 746">
     <span class='ocr_line' id='line_1_21' title="bbox 2032 674 3599 746; baseline 0.006 -19"><span class='ocrx_word' id='word_1_130' title='bbox 2032 677 2194 746; x_wconf 89' lang='lat' dir='ltr'><strong><em>ptimo</em></strong></span> <span class='ocrx_word' id='word_1_131' title='bbox 2218 675 2423 744; x_wconf 83' lang='lat' dir='ltr'><strong><em>imperii</em></strong></span> <span class='ocrx_word' id='word_1_132' title='bbox 2436 674 2630 727; x_wconf 76' lang='lat' dir='ltr'><strong><em>Justini</em></strong></span> <span class='ocrx_word' id='word_1_133' title='bbox 2646 714 2658 737; x_wconf 94' lang='lat'><strong><em>,</em></strong></span> <span class='ocrx_word' id='word_1_134' title='bbox 2685 689 2857 727; x_wconf 88' lang='lat' dir='ltr'><strong><em>mense</em></strong></span> <span class='ocrx_word' id='word_1_135' title='bbox 2879 674 3111 730; x_wconf 87' lang='lat' dir='ltr'><strong><em>decimo:</em></strong></span> <span class='ocrx_word' id='word_1_136' title='bbox 3137 693 3308 731; x_wconf 84' lang='lat' dir='ltr'><strong><em>mense</em></strong></span> <span class='ocrx_word' id='word_1_137' title='bbox 3323 679 3599 736; x_wconf 76' lang='lat' dir='ltr'><strong><em>Artemisio</em></strong></span> 
     </span>
    </p>
   </div>
   <div class='ocr_carea' id='block_1_22' title="bbox 2029 760 3591 835">
    <p class='ocr_par' dir='ltr' id='par_1_22' title="bbox 2029 760 3591 835">
     <span class='ocr_line' id='line_1_22' title="bbox 2029 760 3591 835; baseline 0.006 -17"><span class='ocrx_word' id='word_1_138' title='bbox 2029 782 2121 819; x_wconf 83' lang='lat' dir='ltr'><strong><em>seu</em></strong></span> <span class='ocrx_word' id='word_1_139' title='bbox 2147 765 2308 829; x_wconf 82' lang='lat' dir='ltr'><strong><em>Maio,</em></strong></span> <span class='ocrx_word' id='word_1_140' title='bbox 2336 765 2418 818; x_wconf 87' lang='lat' dir='ltr'><strong><em>die</em></strong></span> <span class='ocrx_word' id='word_1_141' title='bbox 2441 766 2553 835; x_wconf 86' lang='lat' dir='ltr'><strong><em>ejus</em></strong></span> <span class='ocrx_word' id='word_1_142' title='bbox 2594 781 2732 818; x_wconf 89' lang='lat' dir='ltr'><strong><em>nona</em></strong></span> <span class='ocrx_word' id='word_1_143' title='bbox 2768 772 2814 818; x_wconf 89' lang='lat' dir='ltr'><strong><em>et</em></strong></span> <span class='ocrx_word' id='word_1_144' title='bbox 2841 760 3104 820; x_wconf 82' lang='lat' dir='ltr'><strong><em>vicesima.</em></strong></span> <span class='ocrx_word' id='word_1_145' title='bbox 3132 766 3243 821; x_wconf 89' lang='lat' dir='ltr'><strong><em>Cur</em></strong></span> <span class='ocrx_word' id='word_1_146' title='bbox 3272 768 3316 821; x_wconf 88' lang='lat' dir='ltr'><strong><em>si</em></strong></span> <span class='ocrx_word' id='word_1_147' title='bbox 3360 788 3591 827; x_wconf 85' lang='lat' dir='ltr'><strong><em>mensem</em></strong></span> 
     </span>
    </p>
   </div>
   <div class='ocr_carea' id='block_1_23' title="bbox 2033 854 3586 926">
    <p class='ocr_par' dir='ltr' id='par_1_23' title="bbox 2033 854 3586 926">
     <span class='ocr_line' id='line_1_23' title="bbox 2033 854 3586 926; baseline 0.005 -19"><span class='ocrx_word' id='word_1_148' title='bbox 2033 855 2289 907; x_wconf 88' lang='lat' dir='ltr'><strong><em>decimum</em></strong></span> <span class='ocrx_word' id='word_1_149' title='bbox 2311 855 2437 907; x_wconf 90' lang='lat' dir='ltr'><strong><em>anni</em></strong></span> <span class='ocrx_word' id='word_1_150' title='bbox 2459 855 2665 924; x_wconf 83' lang='lat' dir='ltr'><strong><em>septimi</em></strong></span> <span class='ocrx_word' id='word_1_151' title='bbox 2688 854 2807 908; x_wconf 85' lang='lat' dir='ltr'><strong><em>vult</em></strong></span> <span class='ocrx_word' id='word_1_152' title='bbox 2838 855 3089 926; x_wconf 74' lang='lat' dir='ltr'><strong><em>intelligi,</em></strong></span> <span class='ocrx_word' id='word_1_153' title='bbox 3126 859 3586 924; x_wconf 79' lang='lat' dir='ltr'><strong><em>quemadmodum</em></strong></span> 
     </span>
    </p>
   </div>
   <div class='ocr_carea' id='block_1_24' title="bbox 2033 947 3595 1015">
    <p class='ocr_par' dir='ltr' id='par_1_24' title="bbox 2033 947 3595 1015">
     <span class='ocr_line' id='line_1_24' title="bbox 2033 947 3595 1015; baseline 0.005 -16"><span class='ocrx_word' id='word_1_154' title='bbox 2033 947 2169 1000; x_wconf 87' lang='lat' dir='ltr'><strong><em>diem</em></strong></span> <span class='ocrx_word' id='word_1_155' title='bbox 2198 948 2499 1001; x_wconf 86' lang='lat' dir='ltr'><strong><em>vicesimum</em></strong></span> <span class='ocrx_word' id='word_1_156' title='bbox 2545 963 2743 999; x_wconf 86' lang='lat' dir='ltr'><strong><em>nonum</em></strong></span> <span class='ocrx_word' id='word_1_157' title='bbox 2791 947 3047 1015; x_wconf 81' lang='lat' dir='ltr'><strong><em>intelligit</em></strong></span> <span class='ocrx_word' id='word_1_158' title='bbox 3099 950 3286 1003; x_wconf 85' lang='lat' dir='ltr'><strong><em>mensis</em></strong></span> <span class='ocrx_word' id='word_1_159' title='bbox 3325 951 3595 1007; x_wconf 79' lang='lat' dir='ltr'><strong><em>Artemisii</em></strong></span> 
     </span>
    </p>
   </div>
   <div class='ocr_carea' id='block_1_25' title="bbox 2032 1036 3601 1112">
    <p class='ocr_par' dir='ltr' id='par_1_25' title="bbox 2032 1036 3601 1112">
     <span class='ocr_line' id='line_1_25' title="bbox 2032 1036 3601 1112; baseline 0.004 -21"><span class='ocrx_word' id='word_1_160' title='bbox 2032 1053 2123 1091; x_wconf 88' lang='lat' dir='ltr'><strong><em>seu</em></strong></span> <span class='ocrx_word' id='word_1_161' title='bbox 2150 1036 2308 1099; x_wconf 80' lang='lat' dir='ltr'><strong><em>Maii;</em></strong></span> <span class='ocrx_word' id='word_1_162' title='bbox 2336 1052 2452 1097; x_wconf 88' lang='lat' dir='ltr'><strong><em>cur,</em></strong></span> <span class='ocrx_word' id='word_1_163' title='bbox 2480 1039 2721 1106; x_wconf 84' lang='lat' dir='ltr'><strong><em>inquam,</em></strong></span> <span class='ocrx_word' id='word_1_164' title='bbox 2749 1036 3042 1106; x_wconf 83' lang='lat' dir='ltr'><strong><em>utrobique</em></strong></span> <span class='ocrx_word' id='word_1_165' title='bbox 3060 1055 3168 1092; x_wconf 89' lang='lat' dir='ltr'><strong><em>non</em></strong></span> <span class='ocrx_word' id='word_1_166' title='bbox 3192 1040 3436 1110; x_wconf 81' lang='lat' dir='ltr'><strong><em>loquitur</em></strong></span> <span class='ocrx_word' id='word_1_167' title='bbox 3460 1043 3601 1112; x_wconf 87' lang='lat' dir='ltr'><strong><em>pari-</em></strong></span> 
     </span>
    </p>
   </div>
   <div class='ocr_carea' id='block_1_26' title="bbox 2034 1126 3598 1188">
    <p class='ocr_par' dir='ltr' id='par_1_26' title="bbox 2034 1126 3598 1188">
     <span class='ocr_line' id='line_1_26' title="bbox 2034 1126 3598 1188; baseline 0.004 -7"><span class='ocrx_word' id='word_1_168' title='bbox 2034 1126 2318 1181; x_wconf 83' lang='lat' dir='ltr'><strong><em>formiter?</em></strong></span> <span class='ocrx_word' id='word_1_169' title='bbox 2361 1126 2616 1183; x_wconf 88' lang='lat' dir='ltr'><strong><em>Secundo</em></strong></span> <span class='ocrx_word' id='word_1_170' title='bbox 2663 1128 2784 1182; x_wconf 91' lang='lat' dir='ltr'><strong><em>loco</em></strong></span> <span class='ocrx_word' id='word_1_171' title='bbox 2813 1129 2955 1184; x_wconf 89' lang='lat' dir='ltr'><strong><em>diem</em></strong></span> <span class='ocrx_word' id='word_1_172' title='bbox 2989 1129 3193 1184; x_wconf 81' lang='lat' dir='ltr'><strong><em>mensis</em></strong></span> <span class='ocrx_word' id='word_1_173' title='bbox 3240 1130 3446 1186; x_wconf 83' lang='lat' dir='ltr'><strong><em>indicat</em></strong></span> <span class='ocrx_word' id='word_1_174' title='bbox 3499 1149 3598 1188; x_wconf 79' lang='lat' dir='ltr'><strong><em>ex-</em></strong></span> 
     </span>
    </p>
   </div>
   <div class='ocr_carea' id='block_1_27' title="bbox 2036 1217 3595 1292">
    <p class='ocr_par' dir='ltr' id='par_1_27' title="bbox 2036 1217 3595 1292">
     <span class='ocr_line' id='line_1_27' title="bbox 2036 1217 3595 1292; baseline 0.004 -21"><span class='ocrx_word' id='word_1_175' title='bbox 2036 1233 2219 1287; x_wconf 82' lang='lat' dir='ltr'><strong><em>presse</em></strong></span> <span class='ocrx_word' id='word_1_176' title='bbox 2243 1233 2341 1286; x_wconf 91' lang='lat' dir='ltr'><strong><em>per</em></strong></span> <span class='ocrx_word' id='word_1_177' title='bbox 2374 1217 2663 1271; x_wconf 78' lang='lat' dir='ltr'><strong><em>relativum</em></strong></span> <span class='ocrx_word' id='word_1_178' title='bbox 2689 1218 2873 1284; x_wconf 80' lang='grc' dir='ltr'>αὐτοῦ,</span> <span class='ocrx_word' id='word_1_179' title='bbox 2919 1220 3053 1286; x_wconf 82' lang='lat' dir='ltr'><strong><em>ejus.</em></strong></span> <span class='ocrx_word' id='word_1_180' title='bbox 3095 1235 3203 1274; x_wconf 90' lang='lat' dir='ltr'><strong><em>non</em></strong></span> <span class='ocrx_word' id='word_1_181' title='bbox 3249 1221 3378 1276; x_wconf 85' lang='lat' dir='ltr'><strong><em>item</em></strong></span> <span class='ocrx_word' id='word_1_182' title='bbox 3414 1223 3595 1292; x_wconf 89' lang='lat' dir='ltr'><strong><em>primo</em></strong></span> 
     </span>
    </p>
   </div>
   <div class='ocr_carea' id='block_1_28' title="bbox 2037 1309 3599 1375">
    <p class='ocr_par' dir='ltr' id='par_1_28' title="bbox 2037 1309 3599 1375">
     <span class='ocr_line' id='line_1_28' title="bbox 2037 1309 3599 1375; baseline 0.003 -12"><span class='ocrx_word' id='word_1_183' title='bbox 2037 1324 2278 1363; x_wconf 86' lang='lat' dir='ltr'><strong><em>mensem</em></strong></span> <span class='ocrx_word' id='word_1_184' title='bbox 2308 1310 2435 1363; x_wconf 86' lang='lat' dir='ltr'><strong><em>anni</em></strong></span> <span class='ocrx_word' id='word_1_185' title='bbox 2464 1328 2478 1375; x_wconf 90' lang='lat'><strong><em>;</em></strong></span> <span class='ocrx_word' id='word_1_186' title='bbox 2510 1309 2659 1363; x_wconf 89' lang='lat' dir='ltr'><strong><em>nulla</em></strong></span> <span class='ocrx_word' id='word_1_187' title='bbox 2688 1309 2779 1364; x_wconf 86' lang='lat' dir='ltr'><strong><em>hic</em></strong></span> <span class='ocrx_word' id='word_1_188' title='bbox 2806 1310 3012 1365; x_wconf 84' lang='lat' dir='ltr'><strong><em>mentio</em></strong></span> <span class='ocrx_word' id='word_1_189' title='bbox 3066 1311 3370 1367; x_wconf 85' lang='lat' dir='ltr'><strong><em>relationis.</em></strong></span> <span class='ocrx_word' id='word_1_190' title='bbox 3414 1313 3599 1369; x_wconf 82' lang='lat' dir='ltr'><strong><em>\‘olnit</em></strong></span> 
     </span>
    </p>
   </div>
   <div class='ocr_carea' id='block_1_29' title="bbox 2039 1398 3598 1470">
    <p class='ocr_par' dir='ltr' id='par_1_29' title="bbox 2039 1398 3598 1470">
     <span class='ocr_line' id='line_1_29' title="bbox 2039 1398 3598 1470; baseline 0.004 -19"><span class='ocrx_word' id='word_1_191' title='bbox 2039 1399 2204 1470; x_wconf 79' lang='lat' dir='ltr'><strong><em>igitur</em></strong></span> <span class='ocrx_word' id='word_1_192' title='bbox 2233 1414 2343 1453; x_wconf 88' lang='lat' dir='ltr'><strong><em>non</em></strong></span> <span class='ocrx_word' id='word_1_193' title='bbox 2367 1398 2492 1453; x_wconf 89' lang='lat' dir='ltr'><strong><em>anni</em></strong></span> <span class='ocrx_word' id='word_1_194' title='bbox 2520 1399 2763 1468; x_wconf 85' lang='lat' dir='ltr'><strong><em>septimi,</em></strong></span> <span class='ocrx_word' id='word_1_195' title='bbox 2797 1399 2891 1453; x_wconf 83' lang='lat' dir='ltr'><strong><em>sed</em></strong></span> <span class='ocrx_word' id='word_1_196' title='bbox 2937 1415 3097 1468; x_wconf 82' lang='lat' dir='ltr'><strong><em>supra</em></strong></span> <span class='ocrx_word' id='word_1_197' title='bbox 3131 1401 3303 1463; x_wconf 86' lang='lat' dir='ltr'><strong><em>illum,</em></strong></span> <span class='ocrx_word' id='word_1_198' title='bbox 3353 1418 3598 1459; x_wconf 90' lang='lat' dir='ltr'><strong><em>mensem</em></strong></span> 
     </span>
    </p>
   </div>
   <div class='ocr_carea' id='block_1_30' title="bbox 2039 1488 3604 1559">
    <p class='ocr_par' dir='ltr' id='par_1_30' title="bbox 2039 1488 3604 1559">
     <span class='ocr_line' id='line_1_30' title="bbox 2039 1488 3604 1559; baseline 0.004 -16"><span class='ocrx_word' id='word_1_199' title='bbox 2039 1489 2313 1543; x_wconf 86' lang='lat' dir='ltr'><strong><em>decimum</em></strong></span> <span class='ocrx_word' id='word_1_200' title='bbox 2338 1488 2675 1559; x_wconf 85' lang='lat' dir='ltr'><strong><em>signiﬁcare;</em></strong></span> <span class='ocrx_word' id='word_1_201' title='bbox 2713 1489 2858 1558; x_wconf 90' lang='lat' dir='ltr'><strong><em>quod</em></strong></span> <span class='ocrx_word' id='word_1_202' title='bbox 2894 1497 2953 1543; x_wconf 90' lang='lat' dir='ltr'><strong><em>ut</em></strong></span> <span class='ocrx_word' id='word_1_203' title='bbox 3011 1490 3275 1559; x_wconf 85' lang='lat' dir='ltr'><strong><em>liquidius</em></strong></span> <span class='ocrx_word' id='word_1_204' title='bbox 3324 1492 3464 1548; x_wconf 80' lang='lat' dir='ltr'><strong><em>foret</em></strong></span> <span class='ocrx_word' id='word_1_205' title='bbox 3500 1511 3604 1550; x_wconf 82' lang='lat' dir='ltr'><strong><em>nec</em></strong></span> 
     </span>
    </p>
   </div>
   <div class='ocr_carea' id='block_1_31' title="bbox 2042 1580 3604 1654">
    <p class='ocr_par' dir='ltr' id='par_1_31' title="bbox 2042 1580 3604 1654">
     <span class='ocr_line' id='line_1_31' title="bbox 2042 1580 3604 1654; baseline 0.004 -20"><span class='ocrx_word' id='word_1_206' title='bbox 2042 1580 2095 1634; x_wconf 91' lang='lat' dir='ltr'><strong><em>in</em></strong></span> <span class='ocrx_word' id='word_1_207' title='bbox 2122 1596 2368 1635; x_wconf 88' lang='lat' dir='ltr'><strong><em>errorem</em></strong></span> <span class='ocrx_word' id='word_1_208' title='bbox 2389 1581 2703 1650; x_wconf 86' lang='lat' dir='ltr'><strong><em>quempiam</em></strong></span> <span class='ocrx_word' id='word_1_209' title='bbox 2765 1581 3027 1650; x_wconf 77' lang='lat' dir='ltr'><strong><em>deinceps</em></strong></span> <span class='ocrx_word' id='word_1_210' title='bbox 3077 1582 3390 1648; x_wconf 86' lang='lat' dir='ltr'><strong><em>induceret,</em></strong></span> <span class='ocrx_word' id='word_1_211' title='bbox 3433 1586 3604 1654; x_wconf 48' lang='lat' dir='ltr'><strong><em>parti.</em></strong></span> 
     </span>
    </p>
   </div>
   <div class='ocr_carea' id='block_1_32' title="bbox 2041 1670 3598 1741">
    <p class='ocr_par' dir='ltr' id='par_1_32' title="bbox 2041 1670 3598 1741">
     <span class='ocr_line' id='line_1_32' title="bbox 2041 1670 3598 1741; baseline 0.004 -19"><span class='ocrx_word' id='word_1_212' title='bbox 2041 1670 2219 1723; x_wconf 87' lang='lat' dir='ltr'><strong><em>cnlam</em></strong></span> <span class='ocrx_word' id='word_1_213' title='bbox 2268 1670 2384 1735; x_wconf 80' lang='grc' dir='ltr'><strong><em>καί,</em></strong></span> <span class='ocrx_word' id='word_1_214' title='bbox 2429 1678 2497 1734; x_wconf 91' lang='lat' dir='ltr'><strong><em>et,</em></strong></span> <span class='ocrx_word' id='word_1_215' title='bbox 2548 1686 2863 1741; x_wconf 82' lang='lat' dir='ltr'><strong><em>quanquam</em></strong></span> <span class='ocrx_word' id='word_1_216' title='bbox 2911 1671 3001 1725; x_wconf 79' lang='lat' dir='ltr'><strong><em>vix</em></strong></span> <span class='ocrx_word' id='word_1_217' title='bbox 3045 1674 3433 1739; x_wconf 88' lang='lat' dir='ltr'><strong><em>necessariam,</em></strong></span> <span class='ocrx_word' id='word_1_218' title='bbox 3464 1691 3598 1729; x_wconf 86' lang='lat' dir='ltr'><strong><em>con-</em></strong></span> 
     </span>
    </p>
   </div>
   <div class='ocr_carea' id='block_1_33' title="bbox 2042 1759 3597 1830">
    <p class='ocr_par' dir='ltr' id='par_1_33' title="bbox 2042 1759 3597 1830">
     <span class='ocr_line' id='line_1_33' title="bbox 2042 1759 3597 1830; baseline 0.003 -18"><span class='ocrx_word' id='word_1_219' title='bbox 2042 1766 2219 1813; x_wconf 84' lang='lat' dir='ltr'><strong><em>stante</em></strong></span> <span class='ocrx_word' id='word_1_220' title='bbox 2242 1760 2406 1813; x_wconf 87' lang='lat' dir='ltr'><strong><em>etiam</em></strong></span> <span class='ocrx_word' id='word_1_221' title='bbox 2439 1759 2556 1813; x_wconf 88' lang='lat' dir='ltr'><strong><em>sine</em></strong></span> <span class='ocrx_word' id='word_1_222' title='bbox 2578 1760 2668 1814; x_wconf 88' lang='lat' dir='ltr'><strong><em>illa</em></strong></span> <span class='ocrx_word' id='word_1_223' title='bbox 2688 1775 2850 1815; x_wconf 88' lang='lat' dir='ltr'><strong><em>sensu</em></strong></span> <span class='ocrx_word' id='word_1_224' title='bbox 2890 1776 3055 1830; x_wconf 87' lang='lat' dir='ltr'><strong><em>quem</em></strong></span> <span class='ocrx_word' id='word_1_225' title='bbox 3089 1760 3474 1829; x_wconf 76' lang='lat' dir='ltr'><strong><em>indicavimus,</em></strong></span> <span class='ocrx_word' id='word_1_226' title='bbox 3499 1764 3597 1817; x_wconf 90' lang='lat' dir='ltr'><strong><em>ad-</em></strong></span> 
     </span>
    </p>
   </div>
   <div class='ocr_carea' id='block_1_34' title="bbox 372 1845 2549 1928">
    <p class='ocr_par' dir='ltr' id='par_1_34' title="bbox 372 1845 2549 1928">
     <span class='ocr_line' id='line_1_34' title="bbox 372 1845 2549 1928; baseline 0.007 -30"><span class='ocrx_word' id='word_1_227' title='bbox 372 1847 707 1919; x_wconf 83' lang='lat' dir='ltr'><strong><em>interceptus,</em></strong></span> <span class='ocrx_word' id='word_1_228' title='bbox 732 1853 891 1905; x_wconf 87' lang='lat' dir='ltr'><strong><em>vitam</em></strong></span> <span class='ocrx_word' id='word_1_229' title='bbox 928 1852 1142 1919; x_wconf 86' lang='lat' dir='ltr'><strong><em>ﬁnivit:</em></strong></span> <span class='ocrx_word' id='word_1_230' title='bbox 1176 1874 1238 1911; x_wconf 87' lang='lat' dir='ltr'><strong><em>ac</em></strong></span> <span class='ocrx_word' id='word_1_231' title='bbox 1302 1867 1467 1912; x_wconf 90' lang='lat' dir='ltr'><strong><em>morte</em></strong></span> <span class='ocrx_word' id='word_1_232' title='bbox 1525 1876 1623 1912; x_wconf 89' lang='lat' dir='ltr'><strong><em>sua</em></strong></span> <span class='ocrx_word' id='word_1_233' title='bbox 1676 1858 1937 1928; x_wconf 86' lang='lat' dir='ltr'><strong><em>publicam</em></strong></span> <span class='ocrx_word' id='word_1_234' title='bbox 1973 1845 2206 1919; x_wconf 52' lang='lat'><strong><em>31309“!</em></strong></span> <span class='ocrx_word' id='word_1_235' title='bbox 2236 1849 2413 1903; x_wconf 70' lang='lat' dir='ltr'><strong><em>Visum</em></strong></span> <span class='ocrx_word' id='word_1_236' title='bbox 2444 1858 2549 1904; x_wconf 69' lang='lat' dir='ltr'><strong><em>85l-</em></strong></span> 
     </span>
    </p>
   </div>
   <div class='ocr_carea' id='block_1_35' title="bbox 369 1935 1939 2023">
    <p class='ocr_par' dir='ltr' id='par_1_35' title="bbox 369 1935 1939 2023">
     <span class='ocr_line' id='line_1_35' title="bbox 369 1935 1939 2023; baseline 0.007 -35"><span class='ocrx_word' id='word_1_237' title='bbox 369 1935 730 1992; x_wconf 84' lang='lat' dir='ltr'><strong><em>calamitatem</em></strong></span> <span class='ocrx_word' id='word_1_238' title='bbox 762 1944 931 2010; x_wconf 74' lang='lat' dir='ltr'><strong><em>auxit,</em></strong></span> <span class='ocrx_word' id='word_1_239' title='bbox 970 1947 1175 2007; x_wconf 85' lang='lat' dir='ltr'><strong><em>nemine</em></strong></span> <span class='ocrx_word' id='word_1_240' title='bbox 1192 1948 1333 2017; x_wconf 88' lang='lat' dir='ltr'><strong><em>jam,</em></strong></span> <span class='ocrx_word' id='word_1_241' title='bbox 1359 1947 1449 2019; x_wconf 86' lang='lat' dir='ltr'><strong><em>qui</em></strong></span> <span class='ocrx_word' id='word_1_242' title='bbox 1489 1953 1771 2023; x_wconf 71' lang='lat' dir='ltr'><strong><em>profutura</em></strong></span> <span class='ocrx_word' id='word_1_243' title='bbox 1811 1964 1939 2018; x_wconf 88' lang='lat' dir='ltr'><strong><em>sng-</em></strong></span> 
     </span>
    </p>
   </div>
   <div class='ocr_carea' id='block_1_36' title="bbox 370 2034 1939 2108">
    <p class='ocr_par' dir='ltr' id='par_1_36' title="bbox 370 2034 1939 2108">
     <span class='ocr_line' id='line_1_36' title="bbox 370 2034 1939 2108; baseline 0.007 -28"><span class='ocrx_word' id='word_1_244' title='bbox 370 2038 594 2097; x_wconf 88' lang='lat' dir='ltr'><strong><em>gereret,</em></strong></span> <span class='ocrx_word' id='word_1_245' title='bbox 617 2041 923 2100; x_wconf 84' lang='lat' dir='ltr'><strong><em>superante.</em></strong></span> <span class='ocrx_word' id='word_1_246' title='bbox 954 2034 1121 2091; x_wconf 86' lang='lat' dir='ltr'><strong><em>Addit</em></strong></span> <span class='ocrx_word' id='word_1_247' title='bbox 1151 2037 1518 2108; x_wconf 83' lang='lat' dir='ltr'><strong><em>Theophanes</em></strong></span> <span class='ocrx_word' id='word_1_248' title='bbox 1546 2056 1559 2092; x_wconf 90' lang='lat'><strong>:</strong></span> <span class='ocrx_word' id='word_1_249' title='bbox 1599 2039 1788 2093; x_wconf 87' lang='lat' dir='ltr'><strong><em>Omnes</em></strong></span> <span class='ocrx_word' id='word_1_250' title='bbox 1808 2054 1939 2107; x_wconf 82' lang='lat' dir='ltr'><strong><em>quo-</em></strong></span> 
     </span>
    </p>
   </div>
   <div class='ocr_carea' id='block_1_37' title="bbox 369 2119 1939 2191">
    <p class='ocr_par' dir='ltr' id='par_1_37' title="bbox 369 2119 1939 2191">
     <span class='ocr_line' id='line_1_37' title="bbox 369 2119 1939 2191; baseline 0.01 -24"><span class='ocrx_word' id='word_1_251' title='bbox 369 2131 469 2184; x_wconf 85' lang='lat' dir='ltr'><strong><em>que</em></strong></span> <span class='ocrx_word' id='word_1_252' title='bbox 497 2119 632 2172; x_wconf 72' lang='lat' dir='ltr'><strong><em>(edes</em></strong></span> <span class='ocrx_word' id='word_1_253' title='bbox 661 2129 709 2173; x_wconf 91' lang='lat' dir='ltr'><strong><em>et</em></strong></span> <span class='ocrx_word' id='word_1_254' title='bbox 724 2121 950 2179; x_wconf 74' lang='lat' dir='ltr'><strong><em>ecclesia:</em></strong></span> <span class='ocrx_word' id='word_1_255' title='bbox 969 2128 1329 2191; x_wconf 89' lang='lat' dir='ltr'><strong><em>conciderunt,</em></strong></span> <span class='ocrx_word' id='word_1_256' title='bbox 1355 2137 1405 2182; x_wconf 90' lang='lat' dir='ltr'><strong><em>et</em></strong></span> <span class='ocrx_word' id='word_1_257' title='bbox 1438 2129 1575 2183; x_wconf 85' lang='lat' dir='ltr'><strong><em>urbis</em></strong></span> <span class='ocrx_word' id='word_1_258' title='bbox 1592 2129 1746 2183; x_wconf 84' lang='lat' dir='ltr'><strong><em>decor</em></strong></span> <span class='ocrx_word' id='word_1_259' title='bbox 1771 2130 1939 2183; x_wconf 88' lang='lat' dir='ltr'><strong><em>omnis</em></strong></span> 
     </span>
    </p>
   </div>
   <div class='ocr_carea' id='block_1_38' title="bbox 373 2204 1938 2280">
    <p class='ocr_par' dir='ltr' id='par_1_38' title="bbox 373 2204 1938 2280">
     <span class='ocr_line' id='line_1_38' title="bbox 373 2204 1938 2280; baseline 0.006 -23"><span class='ocrx_word' id='word_1_260' title='bbox 373 2204 572 2260; x_wconf 86' lang='lat' dir='ltr'><strong><em>deletus</em></strong></span> <span class='ocrx_word' id='word_1_261' title='bbox 593 2217 668 2262; x_wconf 87' lang='lat' dir='ltr'><strong><em>est</em></strong></span> <span class='ocrx_word' id='word_1_262' title='bbox 703 2227 721 2263; x_wconf 89' lang='lat'><strong><em>:</em></strong></span> <span class='ocrx_word' id='word_1_263' title='bbox 757 2211 847 2264; x_wconf 88' lang='lat' dir='ltr'><strong><em>sed</em></strong></span> <span class='ocrx_word' id='word_1_264' title='bbox 899 2228 1065 2280; x_wconf 88' lang='lat' dir='ltr'><strong><em>neque</em></strong></span> <span class='ocrx_word' id='word_1_265' title='bbox 1095 2214 1216 2269; x_wconf 89' lang='lat' dir='ltr'><strong><em>talis</em></strong></span> <span class='ocrx_word' id='word_1_266' title='bbox 1246 2214 1524 2271; x_wconf 87' lang='lat' dir='ltr'><strong><em>calamitas</em></strong></span> <span class='ocrx_word' id='word_1_267' title='bbox 1579 2216 1697 2270; x_wconf 86' lang='lat' dir='ltr'><strong><em>aliis</em></strong></span> <span class='ocrx_word' id='word_1_268' title='bbox 1734 2214 1938 2270; x_wconf 74' lang='lat' dir='ltr'><strong><em>sa&#39;culis</em></strong></span> 
     </span>
    </p>
   </div>
   <div class='ocr_carea' id='block_1_39' title="bbox 373 2298 1937 2378">
    <p class='ocr_par' dir='ltr' id='par_1_39' title="bbox 373 2298 1937 2378">
     <span class='ocr_line' id='line_1_39' title="bbox 373 2298 1937 2378; baseline 0.007 -29"><span class='ocrx_word' id='word_1_269' title='bbox 373 2298 554 2366; x_wconf 87' lang='lat' dir='ltr'><strong><em>quavis</em></strong></span> <span class='ocrx_word' id='word_1_270' title='bbox 597 2301 652 2352; x_wconf 91' lang='lat' dir='ltr'><strong><em>in</em></strong></span> <span class='ocrx_word' id='word_1_271' title='bbox 714 2301 838 2355; x_wconf 89' lang='lat' dir='ltr'><strong><em>urbe</em></strong></span> <span class='ocrx_word' id='word_1_272' title='bbox 893 2306 1132 2376; x_wconf 89' lang='lat' dir='ltr'><strong><em>contigit.</em></strong></span> <span class='ocrx_word' id='word_1_273' title='bbox 1160 2306 1521 2363; x_wconf 81' lang='lat' dir='ltr'><strong><em>Pientissimus</em></strong></span> <span class='ocrx_word' id='word_1_274' title='bbox 1546 2317 1721 2362; x_wconf 87' lang='lat' dir='ltr'><strong><em>autem</em></strong></span> <span class='ocrx_word' id='word_1_275' title='bbox 1775 2309 1937 2378; x_wconf 89' lang='lat' dir='ltr'><strong><em>impe-</em></strong></span> 
     </span>
    </p>
   </div>
   <div class='ocr_carea' id='block_1_40' title="bbox 375 2388 1940 2468">
    <p class='ocr_par' dir='ltr' id='par_1_40' title="bbox 375 2388 1940 2468">
     <span class='ocr_line' id='line_1_40' title="bbox 375 2388 1940 2468; baseline 0.008 -29"><span class='ocrx_word' id='word_1_276' title='bbox 375 2395 522 2441; x_wconf 82' lang='lat' dir='ltr'><strong><em>rator</em></strong></span> <span class='ocrx_word' id='word_1_277' title='bbox 552 2388 812 2457; x_wconf 82' lang='lat' dir='ltr'><strong><em>Justinus,</em></strong></span> <span class='ocrx_word' id='word_1_278' title='bbox 840 2410 897 2468; x_wconf 77' lang='lat' dir='ltr'><strong><em>re</em></strong></span> <span class='ocrx_word' id='word_1_279' title='bbox 918 2398 1149 2466; x_wconf 90' lang='lat' dir='ltr'><strong><em>cognita,</em></strong></span> <span class='ocrx_word' id='word_1_280' title='bbox 1174 2399 1377 2468; x_wconf 81' lang='lat' dir='ltr'><strong><em>ingenti</em></strong></span> <span class='ocrx_word' id='word_1_281' title='bbox 1409 2398 1589 2452; x_wconf 89' lang='lat' dir='ltr'><strong><em>dolore</em></strong></span> <span class='ocrx_word' id='word_1_282' title='bbox 1613 2398 1780 2452; x_wconf 83' lang='lat' dir='ltr'><strong><em>animi</em></strong></span> <span class='ocrx_word' id='word_1_283' title='bbox 1817 2414 1940 2467; x_wconf 75' lang='lat' dir='ltr'><strong><em>per-</em></strong></span> 
     </span>
    </p>
   </div>
   <div class='ocr_carea' id='block_1_41' title="bbox 374 2464 1943 2557">
    <p class='ocr_par' dir='ltr' id='par_1_41' title="bbox 374 2464 1943 2557">
     <span class='ocr_line' id='line_1_41' title="bbox 374 2464 1943 2557; baseline 0.008 -28"><span class='ocrx_word' id='word_1_284' title='bbox 374 2492 573 2542; x_wconf 88' lang='lat' dir='ltr'><strong><em>cussus,</em></strong></span> <span class='ocrx_word' id='word_1_285' title='bbox 598 2480 803 2537; x_wconf 83' lang='lat' dir='ltr'><strong><em>sublato</em></strong></span> <span class='ocrx_word' id='word_1_286' title='bbox 831 2464 1016 2555; x_wconf 73' lang='lat' dir='ltr'><strong><em>capitis</em></strong></span> <span class='ocrx_word' id='word_1_287' title='bbox 1037 2487 1119 2539; x_wconf 88' lang='lat' dir='ltr'><strong><em>sui</em></strong></span> <span class='ocrx_word' id='word_1_288' title='bbox 1161 2494 1354 2539; x_wconf 88' lang='lat' dir='ltr'><strong><em>ornatu</em></strong></span> <span class='ocrx_word' id='word_1_289' title='bbox 1396 2503 1734 2557; x_wconf 87' lang='lat' dir='ltr'><strong><em>purpuraque</em></strong></span> <span class='ocrx_word' id='word_1_290' title='bbox 1784 2488 1943 2557; x_wconf 77' lang='lat' dir='ltr'><strong><em>depo-</em></strong></span> 
     </span>
    </p>
   </div>
   <div class='ocr_carea' id='block_1_42' title="bbox 373 2569 1941 2647">
    <p class='ocr_par' dir='ltr' id='par_1_42' title="bbox 373 2569 1941 2647">
     <span class='ocr_line' id='line_1_42' title="bbox 373 2569 1941 2647; baseline 0.007 -27"><span class='ocrx_word' id='word_1_291' title='bbox 373 2569 497 2633; x_wconf 82' lang='lat' dir='ltr'><strong><em>sita,</em></strong></span> <span class='ocrx_word' id='word_1_292' title='bbox 529 2569 708 2640; x_wconf 89' lang='lat' dir='ltr'><strong><em>plures</em></strong></span> <span class='ocrx_word' id='word_1_293' title='bbox 744 2571 852 2627; x_wconf 85' lang='lat' dir='ltr'><strong><em>dies</em></strong></span> <span class='ocrx_word' id='word_1_294' title='bbox 881 2591 1092 2628; x_wconf 89' lang='lat' dir='ltr'><strong><em>saccum</em></strong></span> <span class='ocrx_word' id='word_1_295' title='bbox 1132 2577 1345 2630; x_wconf 87' lang='lat' dir='ltr'><strong><em>indutus</em></strong></span> <span class='ocrx_word' id='word_1_296' title='bbox 1378 2577 1509 2631; x_wconf 75' lang='lat' dir='ltr'><strong><em>luxit</em></strong></span> <span class='ocrx_word' id='word_1_297' title='bbox 1536 2594 1554 2643; x_wconf 89' lang='lat'><strong><em>;</em></strong></span> <span class='ocrx_word' id='word_1_298' title='bbox 1588 2578 1717 2631; x_wconf 89' lang='lat' dir='ltr'><strong><em>adeo</em></strong></span> <span class='ocrx_word' id='word_1_299' title='bbox 1765 2585 1823 2630; x_wconf 86' lang='lat' dir='ltr'><strong><em>ut</em></strong></span> <span class='ocrx_word' id='word_1_300' title='bbox 1861 2578 1941 2647; x_wconf 89' lang='lat' dir='ltr'><strong><em>fe-</em></strong></span> 
     </span>
    </p>
   </div>
   <div class='ocr_carea' id='block_1_43' title="bbox 381 2660 1941 2736">
    <p class='ocr_par' dir='ltr' id='par_1_43' title="bbox 381 2660 1941 2736">
     <span class='ocr_line' id='line_1_43' title="bbox 381 2660 1941 2736; baseline 0.004 -25"><span class='ocrx_word' id='word_1_301' title='bbox 381 2666 466 2711; x_wconf 87' lang='lat' dir='ltr'><strong><em>sta</em></strong></span> <span class='ocrx_word' id='word_1_302' title='bbox 513 2675 717 2730; x_wconf 87' lang='lat' dir='ltr'><strong><em>quoque</em></strong></span> <span class='ocrx_word' id='word_1_303' title='bbox 759 2660 869 2715; x_wconf 90' lang='lat' dir='ltr'><strong><em>luce</em></strong></span> <span class='ocrx_word' id='word_1_304' title='bbox 899 2664 1179 2732; x_wconf 85' lang='lat' dir='ltr'><strong><em>procedens</em></strong></span> <span class='ocrx_word' id='word_1_305' title='bbox 1210 2665 1263 2717; x_wconf 90' lang='lat' dir='ltr'><strong><em>in</em></strong></span> <span class='ocrx_word' id='word_1_306' title='bbox 1291 2665 1563 2736; x_wconf 83' lang='lat' dir='ltr'><strong><em>templum,</em></strong></span> <span class='ocrx_word' id='word_1_307' title='bbox 1582 2683 1831 2720; x_wconf 88' lang='lat' dir='ltr'><strong><em>coronam</em></strong></span> <span class='ocrx_word' id='word_1_308' title='bbox 1848 2674 1941 2720; x_wconf 90' lang='lat' dir='ltr'><strong><em>aut</em></strong></span> 
     </span>
    </p>
   </div>
   <div class='ocr_carea' id='block_1_44' title="bbox 380 2751 1939 2829">
    <p class='ocr_par' dir='ltr' id='par_1_44' title="bbox 380 2751 1939 2829">
     <span class='ocr_line' id='line_1_44' title="bbox 380 2751 1939 2829; baseline 0.005 -23"><span class='ocrx_word' id='word_1_309' title='bbox 380 2751 707 2824; x_wconf 76' lang='lat' dir='ltr'><strong><em>chlamydem</em></strong></span> <span class='ocrx_word' id='word_1_310' title='bbox 730 2766 935 2826; x_wconf 88' lang='lat' dir='ltr'><strong><em>gestare</em></strong></span> <span class='ocrx_word' id='word_1_311' title='bbox 960 2761 1193 2813; x_wconf 84' lang='lat' dir='ltr'><strong><em>renuerit</em></strong></span> <span class='ocrx_word' id='word_1_312' title='bbox 1217 2777 1234 2813; x_wconf 91' lang='lat'><em>:</em></span> <span class='ocrx_word' id='word_1_313' title='bbox 1262 2775 1441 2813; x_wconf 87' lang='lat' dir='ltr'><strong><em>verum</em></strong></span> <span class='ocrx_word' id='word_1_314' title='bbox 1479 2761 1553 2815; x_wconf 89' lang='lat' dir='ltr'><strong><em>sic</em></strong></span> <span class='ocrx_word' id='word_1_315' title='bbox 1584 2759 1808 2829; x_wconf 86' lang='lat' dir='ltr'><strong><em>simplici</em></strong></span> <span class='ocrx_word' id='word_1_316' title='bbox 1843 2761 1939 2814; x_wconf 83' lang='lat' dir='ltr'><strong><em>ha-</em></strong></span> 
     </span>
    </p>
   </div>
   <div class='ocr_carea' id='block_1_45' title="bbox 376 2845 1940 2920">
    <p class='ocr_par' dir='ltr' id='par_1_45' title="bbox 376 2845 1940 2920">
     <span class='ocr_line' id='line_1_45' title="bbox 376 2845 1940 2920; baseline 0.004 -23"><span class='ocrx_word' id='word_1_317' title='bbox 376 2845 491 2909; x_wconf 78' lang='lat' dir='ltr'><strong><em>bitu</em></strong></span> <span class='ocrx_word' id='word_1_318' title='bbox 524 2862 638 2898; x_wconf 85' lang='lat' dir='ltr'><strong><em>cum</em></strong></span> <span class='ocrx_word' id='word_1_319' title='bbox 671 2846 783 2906; x_wconf 73' lang='lat' dir='ltr'><strong><em>solo</em></strong></span> <span class='ocrx_word' id='word_1_320' title='bbox 823 2849 1051 2920; x_wconf 80' lang='lat' dir='ltr'><strong><em>mandya</em></strong></span> <span class='ocrx_word' id='word_1_321' title='bbox 1083 2866 1345 2920; x_wconf 88' lang='lat' dir='ltr'><strong><em>purpureo</em></strong></span> <span class='ocrx_word' id='word_1_322' title='bbox 1374 2851 1713 2917; x_wconf 88' lang='lat' dir='ltr'><strong><em>processerit,</em></strong></span> <span class='ocrx_word' id='word_1_323' title='bbox 1746 2865 1808 2902; x_wconf 89' lang='lat' dir='ltr'><strong><em>ac</em></strong></span> <span class='ocrx_word' id='word_1_324' title='bbox 1852 2866 1940 2903; x_wconf 90' lang='lat' dir='ltr'><strong><em>co-</em></strong></span> 
     </span>
    </p>
   </div>
   <div class='ocr_carea' id='block_1_46' title="bbox 379 2940 1942 3012">
    <p class='ocr_par' dir='ltr' id='par_1_46' title="bbox 379 2940 1942 3012">
     <span class='ocr_line' id='line_1_46' title="bbox 379 2940 1942 3012; baseline 0.002 -22"><span class='ocrx_word' id='word_1_325' title='bbox 379 2953 496 2991; x_wconf 89' lang='lat' dir='ltr'><strong><em>ram</em></strong></span> <span class='ocrx_word' id='word_1_326' title='bbox 529 2946 635 2999; x_wconf 90' lang='lat' dir='ltr'><strong><em>toto</em></strong></span> <span class='ocrx_word' id='word_1_327' title='bbox 678 2950 867 2999; x_wconf 87' lang='lat' dir='ltr'><strong><em>senatu</em></strong></span> <span class='ocrx_word' id='word_1_328' title='bbox 899 2940 1232 3010; x_wconf 69' lang='lat' dir='ltr'><strong><em>ingemuerit,</em></strong></span> <span class='ocrx_word' id='word_1_329' title='bbox 1264 2943 1540 3010; x_wconf 75' lang='lat' dir='ltr'><strong><em>cwterique</em></strong></span> <span class='ocrx_word' id='word_1_330' title='bbox 1580 2957 1757 2994; x_wconf 83' lang='lat' dir='ltr'><strong><em>omnes</em></strong></span> <span class='ocrx_word' id='word_1_331' title='bbox 1789 2941 1942 3012; x_wconf 89' lang='lat' dir='ltr'><strong><em>lugu-</em></strong></span> 
     </span>
    </p>
   </div>
   <div class='ocr_carea' id='block_1_47' title="bbox 338 3026 1942 3101">
    <p class='ocr_par' dir='ltr' id='par_1_47' title="bbox 338 3026 1942 3101">
     <span class='ocr_line' id='line_1_47' title="bbox 338 3026 1942 3101; baseline 0.002 -20"><span class='ocrx_word' id='word_1_332' title='bbox 338 3026 491 3082; x_wconf 65' lang='lat' dir='ltr'><strong><em>&quot;bria</em></strong></span> <span class='ocrx_word' id='word_1_333' title='bbox 551 3029 723 3085; x_wconf 85' lang='lat' dir='ltr'><strong><em>induti</em></strong></span> <span class='ocrx_word' id='word_1_334' title='bbox 776 3047 884 3084; x_wconf 89' lang='lat' dir='ltr'><strong><em>una</em></strong></span> <span class='ocrx_word' id='word_1_335' title='bbox 948 3047 1064 3084; x_wconf 89' lang='lat' dir='ltr'><strong><em>cum</em></strong></span> <span class='ocrx_word' id='word_1_336' title='bbox 1117 3032 1227 3101; x_wconf 89' lang='lat' dir='ltr'><strong><em>ipso</em></strong></span> <span class='ocrx_word' id='word_1_337' title='bbox 1282 3031 1550 3085; x_wconf 73' lang='lat' dir='ltr'><strong><em>luxerunt.</em></strong></span> <span class='ocrx_word' id='word_1_338' title='bbox 1582 3028 1709 3085; x_wconf 63' lang='lat' dir='ltr'><strong><em>Ilaec</em></strong></span> <span class='ocrx_word' id='word_1_339' title='bbox 1750 3030 1829 3084; x_wconf 87' lang='lat' dir='ltr'><strong><em>illi</em></strong></span> <span class='ocrx_word' id='word_1_340' title='bbox 1874 3029 1942 3084; x_wconf 89' lang='lat' dir='ltr'><strong><em>de</em></strong></span> 
     </span>
    </p>
   </div>
   <div class='ocr_carea' id='block_1_48' title="bbox 376 3117 1307 3187">
    <p class='ocr_par' dir='ltr' id='par_1_48' title="bbox 376 3117 1307 3187">
     <span class='ocr_line' id='line_1_48' title="bbox 376 3117 1307 3187; baseline 0.005 -16"><span class='ocrx_word' id='word_1_341' title='bbox 376 3117 547 3187; x_wconf 85' lang='lat' dir='ltr'><strong><em>priori</em></strong></span> <span class='ocrx_word' id='word_1_342' title='bbox 570 3117 914 3175; x_wconf 82' lang='lat' dir='ltr'><strong><em>Antiocheno</em></strong></span> <span class='ocrx_word' id='word_1_343' title='bbox 948 3129 1108 3176; x_wconf 77' lang='lat' dir='ltr'><strong><em>terra:</em></strong></span> <span class='ocrx_word' id='word_1_344' title='bbox 1134 3131 1307 3176; x_wconf 92' lang='lat' dir='ltr'><strong><em>motu.</em></strong></span> 
     </span>
    </p>
   </div>
   <div class='ocr_carea' id='block_1_49' title="bbox 449 3210 1938 3285">
    <p class='ocr_par' dir='ltr' id='par_1_49' title="bbox 449 3210 1938 3285">
     <span class='ocr_line' id='line_1_49' title="bbox 449 3210 1938 3285; baseline 0.003 -21"><span class='ocrx_word' id='word_1_345' title='bbox 449 3210 533 3264; x_wconf 87' lang='grc'><strong><em>17.</em></strong></span> <span class='ocrx_word' id='word_1_346' title='bbox 567 3210 770 3266; x_wconf 79' lang='lat' dir='ltr'><strong><em>Verum</em></strong></span> <span class='ocrx_word' id='word_1_347' title='bbox 823 3215 1152 3283; x_wconf 85' lang='lat' dir='ltr'><strong><em>priusquam</em></strong></span> <span class='ocrx_word' id='word_1_348' title='bbox 1212 3215 1279 3269; x_wconf 89' lang='lat' dir='ltr'><strong><em>ad</em></strong></span> <span class='ocrx_word' id='word_1_349' title='bbox 1332 3215 1570 3270; x_wconf 86' lang='lat' dir='ltr'><strong><em>alterum</em></strong></span> <span class='ocrx_word' id='word_1_350' title='bbox 1621 3214 1938 3285; x_wconf 80' lang='lat' dir='ltr'><strong><em>progredia-</em></strong></span> 
     </span>
    </p>
   </div>
   <div class='ocr_carea' id='block_1_50' title="bbox 380 3304 1947 3377">
    <p class='ocr_par' dir='ltr' id='par_1_50' title="bbox 380 3304 1947 3377">
     <span class='ocr_line' id='line_1_50' title="bbox 380 3304 1947 3377; baseline 0.003 -21"><span class='ocrx_word' id='word_1_351' title='bbox 380 3317 522 3369; x_wconf 89' lang='lat' dir='ltr'><strong><em>mur,</em></strong></span> <span class='ocrx_word' id='word_1_352' title='bbox 550 3304 1107 3363; x_wconf 89' lang='lat' dir='ltr'><strong><em>monitumlectorem</em></strong></span> <span class='ocrx_word' id='word_1_353' title='bbox 1155 3308 1344 3374; x_wconf 85' lang='lat' dir='ltr'><strong><em>velim,</em></strong></span> <span class='ocrx_word' id='word_1_354' title='bbox 1376 3322 1477 3361; x_wconf 89' lang='lat' dir='ltr'><strong><em>nos</em></strong></span> <span class='ocrx_word' id='word_1_355' title='bbox 1523 3306 1683 3361; x_wconf 89' lang='lat' dir='ltr'><strong><em>illum</em></strong></span> <span class='ocrx_word' id='word_1_356' title='bbox 1727 3305 1947 3377; x_wconf 76' lang='lat' dir='ltr'><strong><em>Evagrii</em></strong></span> 
     </span>
    </p>
   </div>
   <div class='ocr_carea' id='block_1_51' title="bbox 375 3395 1945 3469">
    <p class='ocr_par' dir='ltr' id='par_1_51' title="bbox 375 3395 1945 3469">
     <span class='ocr_line' id='line_1_51' title="bbox 375 3395 1945 3469; baseline 0.001 -20"><span class='ocrx_word' id='word_1_357' title='bbox 375 3395 578 3460; x_wconf 88' lang='lat' dir='ltr'><strong><em>locum,</em></strong></span> <span class='ocrx_word' id='word_1_358' title='bbox 604 3412 743 3450; x_wconf 88' lang='lat' dir='ltr'><strong><em>anno</em></strong></span> <span class='ocrx_word' id='word_1_359' title='bbox 770 3399 994 3467; x_wconf 86' lang='lat' dir='ltr'><strong><em>septimo</em></strong></span> <span class='ocrx_word' id='word_1_360' title='bbox 1020 3438 1035 3463; x_wconf 94' lang='lat'><strong><em>,</em></strong></span> <span class='ocrx_word' id='word_1_361' title='bbox 1070 3414 1254 3453; x_wconf 84' lang='lat' dir='ltr'><strong><em>mense</em></strong></span> <span class='ocrx_word' id='word_1_362' title='bbox 1282 3398 1482 3452; x_wconf 89' lang='lat' dir='ltr'><strong><em>decimo</em></strong></span> <span class='ocrx_word' id='word_1_363' title='bbox 1518 3398 1725 3469; x_wconf 85' lang='lat' dir='ltr'><strong><em>imperii</em></strong></span> <span class='ocrx_word' id='word_1_364' title='bbox 1750 3397 1945 3465; x_wconf 82' lang='lat' dir='ltr'><strong><em>Justini</em></strong></span> 
     </span>
    </p>
   </div>
   <div class='ocr_carea' id='block_1_52' title="bbox 380 3487 1946 3560">
    <p class='ocr_par' dir='ltr' id='par_1_52' title="bbox 380 3487 1946 3560">
     <span class='ocr_line' id='line_1_52' title="bbox 380 3487 1946 3560; baseline 0.002 -20"><span class='ocrx_word' id='word_1_365' title='bbox 380 3487 497 3557; x_wconf 87' lang='lat' dir='ltr'><strong><em>(qui</em></strong></span> <span class='ocrx_word' id='word_1_366' title='bbox 527 3503 712 3544; x_wconf 88' lang='lat' dir='ltr'><strong><em>errare</em></strong></span> <span class='ocrx_word' id='word_1_367' title='bbox 731 3488 864 3544; x_wconf 81' lang='lat' dir='ltr'><strong><em>fecit</em></strong></span> <span class='ocrx_word' id='word_1_368' title='bbox 887 3489 1214 3555; x_wconf 87' lang='lat' dir='ltr'><strong><em>Baronium,</em></strong></span> <span class='ocrx_word' id='word_1_369' title='bbox 1245 3489 1565 3559; x_wconf 88' lang='lat' dir='ltr'><strong><em>errorisque</em></strong></span> <span class='ocrx_word' id='word_1_370' title='bbox 1624 3489 1873 3560; x_wconf 80' lang='lat' dir='ltr'><strong><em>arguitur</em></strong></span> <span class='ocrx_word' id='word_1_371' title='bbox 1915 3504 1946 3543; x_wconf 89' lang='lat' dir='ltr'><strong><em>a</em></strong></span> 
     </span>
    </p>
   </div>
   <div class='ocr_carea' id='block_1_53' title="bbox 377 3578 1946 3652">
    <p class='ocr_par' dir='ltr' id='par_1_53' title="bbox 377 3578 1946 3652">
     <span class='ocr_line' id='line_1_53' title="bbox 377 3578 1946 3652; baseline 0.001 -19"><span class='ocrx_word' id='word_1_372' title='bbox 377 3578 598 3633; x_wconf 80' lang='lat' dir='ltr'><strong><em>Valesio</em></strong></span> <span class='ocrx_word' id='word_1_373' title='bbox 628 3578 681 3633; x_wconf 93' lang='lat' dir='ltr'><strong><em>in</em></strong></span> <span class='ocrx_word' id='word_1_374' title='bbox 713 3578 1182 3651; x_wconf 81' lang='lat' dir='ltr'><strong><em>Adnotationihus</em></strong></span> <span class='ocrx_word' id='word_1_375' title='bbox 1212 3580 1351 3651; x_wconf 92' lang='lat' dir='ltr'><strong><em>hic),</em></strong></span> <span class='ocrx_word' id='word_1_376' title='bbox 1400 3579 1689 3652; x_wconf 88' lang='lat' dir='ltr'><strong><em>interjecta</em></strong></span> <span class='ocrx_word' id='word_1_377' title='bbox 1712 3581 1946 3651; x_wconf 84' lang='lat' dir='ltr'><strong><em>conjun-</em></strong></span> 
     </span>
    </p>
   </div>
   <div class='ocr_carea' id='block_1_54' title="bbox 379 3668 1945 3746">
    <p class='ocr_par' dir='ltr' id='par_1_54' title="bbox 379 3668 1945 3746">
     <span class='ocr_line' id='line_1_54' title="bbox 379 3668 1945 3746; baseline 0.003 -25"><span class='ocrx_word' id='word_1_378' title='bbox 379 3668 563 3723; x_wconf 81' lang='lat' dir='ltr'><strong><em>ctione</em></strong></span> <span class='ocrx_word' id='word_1_379' title='bbox 591 3677 660 3731; x_wconf 92' lang='lat' dir='ltr'><strong><em>et,</em></strong></span> <span class='ocrx_word' id='word_1_380' title='bbox 688 3669 768 3724; x_wconf 89' lang='lat' dir='ltr'><strong><em>sic</em></strong></span> <span class='ocrx_word' id='word_1_381' title='bbox 789 3671 1089 3746; x_wconf 73' lang='lat' dir='ltr'><strong><em>corrigere,</em></strong></span> <span class='ocrx_word' id='word_1_382' title='bbox 1126 3688 1266 3726; x_wconf 90' lang='lat' dir='ltr'><strong><em>anno</em></strong></span> <span class='ocrx_word' id='word_1_383' title='bbox 1288 3673 1508 3744; x_wconf 88' lang='lat' dir='ltr'><strong><em>septimo</em></strong></span> <span class='ocrx_word' id='word_1_384' title='bbox 1539 3678 1587 3725; x_wconf 90' lang='lat' dir='ltr'><strong><em>et</em></strong></span> <span class='ocrx_word' id='word_1_385' title='bbox 1633 3687 1805 3725; x_wconf 88' lang='lat' dir='ltr'><strong><em>mense</em></strong></span> <span class='ocrx_word' id='word_1_386' title='bbox 1853 3671 1945 3725; x_wconf 86' lang='lat' dir='ltr'><strong><em>de-</em></strong></span> 
     </span>
    </p>
   </div>
   <div class='ocr_carea' id='block_1_55' title="bbox 383 3760 1944 3837">
    <p class='ocr_par' dir='ltr' id='par_1_55' title="bbox 383 3760 1944 3837">
     <span class='ocr_line' id='line_1_55' title="bbox 383 3760 1944 3837; baseline 0.003 -25"><span class='ocrx_word' id='word_1_387' title='bbox 383 3760 517 3813; x_wconf 84' lang='lat' dir='ltr'><strong><em>eimo</em></strong></span> <span class='ocrx_word' id='word_1_388' title='bbox 542 3760 751 3830; x_wconf 88' lang='lat' dir='ltr'><strong><em>imperii</em></strong></span> <span class='ocrx_word' id='word_1_389' title='bbox 771 3761 993 3833; x_wconf 74' lang='lat' dir='ltr'><strong><em>Justini,</em></strong></span> <span class='ocrx_word' id='word_1_390' title='bbox 1009 3773 1068 3818; x_wconf 90' lang='lat' dir='ltr'><strong><em>ut</em></strong></span> <span class='ocrx_word' id='word_1_391' title='bbox 1096 3780 1292 3837; x_wconf 87' lang='lat' dir='ltr'><strong><em>nempe</em></strong></span> <span class='ocrx_word' id='word_1_392' title='bbox 1328 3772 1600 3820; x_wconf 86' lang='lat' dir='ltr'><strong><em>statuatur</em></strong></span> <span class='ocrx_word' id='word_1_393' title='bbox 1617 3763 1711 3819; x_wconf 90' lang='lat' dir='ltr'><strong><em>hic</em></strong></span> <span class='ocrx_word' id='word_1_394' title='bbox 1743 3770 1944 3829; x_wconf 83' lang='lat' dir='ltr'><strong><em>motus,</em></strong></span> 
     </span>
    </p>
   </div>
   <div class='ocr_carea' id='block_1_56' title="bbox 389 3852 1947 3927">
    <p class='ocr_par' dir='ltr' id='par_1_56' title="bbox 389 3852 1947 3927">
     <span class='ocr_line' id='line_1_56' title="bbox 389 3852 1947 3927; baseline 0.006 -22"><span class='ocrx_word' id='word_1_395' title='bbox 389 3852 467 3906; x_wconf 87' lang='lat' dir='ltr'><strong><em>uti</em></strong></span> <span class='ocrx_word' id='word_1_396' title='bbox 492 3853 677 3920; x_wconf 85' lang='lat' dir='ltr'><strong><em>debet,</em></strong></span> <span class='ocrx_word' id='word_1_397' title='bbox 702 3856 968 3927; x_wconf 80' lang='lat' dir='ltr'><strong><em>accidisse</em></strong></span> <span class='ocrx_word' id='word_1_398' title='bbox 1001 3866 1197 3912; x_wconf 88' lang='lat' dir='ltr'><strong><em>octavo</em></strong></span> <span class='ocrx_word' id='word_1_399' title='bbox 1226 3858 1442 3927; x_wconf 81' lang='lat' dir='ltr'><strong><em>imperii</em></strong></span> <span class='ocrx_word' id='word_1_400' title='bbox 1497 3872 1644 3920; x_wconf 86' lang='lat' dir='ltr'><strong><em>anno</em></strong></span> <span class='ocrx_word' id='word_1_401' title='bbox 1685 3857 1752 3915; x_wconf 89' lang='lat' dir='ltr'><strong><em>ad</em></strong></span> <span class='ocrx_word' id='word_1_402' title='bbox 1782 3857 1947 3917; x_wconf 85' lang='lat' dir='ltr'><strong><em>ﬁnem</em></strong></span> 
     </span>
    </p>
   </div>
   <div class='ocr_carea' id='block_1_57' title="bbox 383 3944 1945 4015">
    <p class='ocr_par' dir='ltr' id='par_1_57' title="bbox 383 3944 1945 4015">
     <span class='ocr_line' id='line_1_57' title="bbox 383 3944 1945 4015; baseline 0.004 -21"><span class='ocrx_word' id='word_1_403' title='bbox 383 3951 670 4013; x_wconf 78' lang='lat' dir='ltr'><strong><em>vergente,</em></strong></span> <span class='ocrx_word' id='word_1_404' title='bbox 706 3944 799 4013; x_wconf 82' lang='lat' dir='ltr'><strong><em>qui</em></strong></span> <span class='ocrx_word' id='word_1_405' title='bbox 864 3945 1032 4001; x_wconf 83' lang='lat' dir='ltr'><strong><em>refert</em></strong></span> <span class='ocrx_word' id='word_1_406' title='bbox 1086 3963 1296 4001; x_wconf 79' lang='lat' dir='ltr'><strong><em>annum</em></strong></span> <span class='ocrx_word' id='word_1_407' title='bbox 1346 3946 1590 4015; x_wconf 79' lang='lat' dir='ltr'><strong><em>vulgaris</em></strong></span> <span class='ocrx_word' id='word_1_408' title='bbox 1652 3960 1777 4000; x_wconf 58' lang='lat' dir='ltr'><strong><em>atrae</em></strong></span> <span class='ocrx_word' id='word_1_409' title='bbox 1816 3946 1945 4011; x_wconf 82' lang='grc'><strong><em>526,</em></strong></span> 
     </span>
    </p>
   </div>
   <div class='ocr_carea' id='block_1_58' title="bbox 380 4033 1948 4100">
    <p class='ocr_par' dir='ltr' id='par_1_58' title="bbox 380 4033 1948 4100">
     <span class='ocr_line' id='line_1_58' title="bbox 380 4033 1948 4100; baseline 0.006 -14"><span class='ocrx_word' id='word_1_410' title='bbox 380 4033 604 4100; x_wconf 83' lang='lat' dir='ltr'><strong><em>quando</em></strong></span> <span class='ocrx_word' id='word_1_411' title='bbox 668 4033 854 4089; x_wconf 85' lang='lat' dir='ltr'><strong><em>littera</em></strong></span> <span class='ocrx_word' id='word_1_412' title='bbox 905 4035 1265 4091; x_wconf 86' lang='lat' dir='ltr'><strong><em>Dominicalis</em></strong></span> <span class='ocrx_word' id='word_1_413' title='bbox 1310 4035 1357 4089; x_wconf 90' lang='lat' dir='ltr'><strong><em>D</em></strong></span> <span class='ocrx_word' id='word_1_414' title='bbox 1405 4034 1643 4090; x_wconf 79' lang='lat' dir='ltr'><strong><em>faciebat</em></strong></span> <span class='ocrx_word' id='word_1_415' title='bbox 1692 4035 1836 4090; x_wconf 88' lang='lat' dir='ltr'><strong><em>diem</em></strong></span> <span class='ocrx_word' id='word_1_416' title='bbox 1877 4035 1948 4095; x_wconf 85' lang='grc'><strong>29</strong></span> 
     </span>
    </p>
   </div>
   <div class='ocr_carea' id='block_1_59' title="bbox 372 4106 1949 4183">
    <p class='ocr_par' dir='ltr' id='par_1_59' title="bbox 372 4106 1949 4183">
     <span class='ocr_line' id='line_1_59' title="bbox 372 4106 1949 4183; baseline 0.004 -8"><span class='ocrx_word' id='word_1_417' title='bbox 372 4106 510 4179; x_wconf 63' lang='grc' dir='ltr'><strong><em>’ἶιῐελίἱ</em></strong></span> <span class='ocrx_word' id='word_1_418' title='bbox 575 4138 700 4179; x_wconf 89' lang='lat' dir='ltr'><strong><em>cum</em></strong></span> <span class='ocrx_word' id='word_1_419' title='bbox 765 4125 926 4181; x_wconf 86' lang='lat' dir='ltr'><strong><em>Feria</em></strong></span> <span class='ocrx_word' id='word_1_420' title='bbox 983 4126 1016 4181; x_wconf 88' lang='lat'><strong>6</strong></span> <span class='ocrx_word' id='word_1_421' title='bbox 1076 4126 1440 4183; x_wconf 86' lang='lat' dir='ltr'><strong><em>hebdomadis</em></strong></span> <span class='ocrx_word' id='word_1_422' title='bbox 1490 4126 1809 4181; x_wconf 87' lang='lat' dir='ltr'><strong><em>convenire.</em></strong></span> <span class='ocrx_word' id='word_1_423' title='bbox 1870 4127 1949 4182; x_wconf 84' lang='lat' dir='ltr'><strong><em>lla</em></strong></span> 
     </span>
    </p>
   </div>
   <div class='ocr_carea' id='block_1_60' title="bbox 383 4214 1949 4291">
    <p class='ocr_par' dir='ltr' id='par_1_60' title="bbox 383 4214 1949 4291">
     <span class='ocr_line' id='line_1_60' title="bbox 383 4214 1949 4291; baseline 0.006 -25"><span class='ocrx_word' id='word_1_424' title='bbox 383 4226 522 4268; x_wconf 87' lang='lat' dir='ltr'><strong><em>vero</em></strong></span> <span class='ocrx_word' id='word_1_425' title='bbox 571 4214 735 4269; x_wconf 87' lang='lat' dir='ltr'><strong><em>etiam</em></strong></span> <span class='ocrx_word' id='word_1_426' title='bbox 763 4214 832 4269; x_wconf 85' lang='lat' dir='ltr'><strong><em>ab</em></strong></span> <span class='ocrx_word' id='word_1_427' title='bbox 866 4215 1099 4291; x_wconf 77' lang='lat' dir='ltr'><strong><em>Evagrio</em></strong></span> <span class='ocrx_word' id='word_1_428' title='bbox 1128 4217 1394 4287; x_wconf 87' lang='lat' dir='ltr'><strong><em>scriptum</em></strong></span> <span class='ocrx_word' id='word_1_429' title='bbox 1423 4216 1594 4271; x_wconf 82' lang='lat' dir='ltr'><strong><em>fuisse</em></strong></span> <span class='ocrx_word' id='word_1_430' title='bbox 1618 4215 1813 4271; x_wconf 78' lang='lat' dir='ltr'><strong><em>suadet</em></strong></span> <span class='ocrx_word' id='word_1_431' title='bbox 1855 4231 1949 4275; x_wconf 73' lang='lat' dir='ltr'><strong><em>cx-</em></strong></span> 
     </span>
    </p>
   </div>
   <div class='ocr_carea' id='block_1_61' title="bbox 382 4300 1950 4377">
    <p class='ocr_par' dir='ltr' id='par_1_61' title="bbox 382 4300 1950 4377">
     <span class='ocr_line' id='line_1_61' title="bbox 382 4300 1950 4377; baseline 0.004 -23"><span class='ocrx_word' id='word_1_432' title='bbox 382 4300 724 4371; x_wconf 84' lang='lat' dir='ltr'><strong><em>pressissima</em></strong></span> <span class='ocrx_word' id='word_1_433' title='bbox 756 4306 965 4359; x_wconf 87' lang='lat' dir='ltr'><strong><em>mentio</em></strong></span> <span class='ocrx_word' id='word_1_434' title='bbox 984 4307 1267 4377; x_wconf 86' lang='lat' dir='ltr'><strong><em>temporis,</em></strong></span> <span class='ocrx_word' id='word_1_435' title='bbox 1287 4306 1431 4360; x_wconf 88' lang='lat' dir='ltr'><strong><em>inter</em></strong></span> <span class='ocrx_word' id='word_1_436' title='bbox 1471 4315 1764 4375; x_wconf 88' lang='lat' dir='ltr'><strong><em>utrumque</em></strong></span> <span class='ocrx_word' id='word_1_437' title='bbox 1791 4313 1950 4361; x_wconf 71' lang='lat' dir='ltr'><strong><em>terrae</em></strong></span> 
     </span>
    </p>
   </div>
   <div class='ocr_carea' id='block_1_62' title="bbox 384 4392 1944 4466">
    <p class='ocr_par' dir='ltr' id='par_1_62' title="bbox 384 4392 1944 4466">
     <span class='ocr_line' id='line_1_62' title="bbox 384 4392 1944 4466; baseline 0.004 -23"><span class='ocrx_word' id='word_1_438' title='bbox 384 4400 595 4445; x_wconf 70' lang='lat' dir='ltr'><strong><em>rnatum</em></strong></span> <span class='ocrx_word' id='word_1_439' title='bbox 623 4392 817 4463; x_wconf 87' lang='lat' dir='ltr'><strong><em>elapsi,</em></strong></span> <span class='ocrx_word' id='word_1_440' title='bbox 851 4393 999 4462; x_wconf 89' lang='lat' dir='ltr'><strong><em>quod</em></strong></span> <span class='ocrx_word' id='word_1_441' title='bbox 1034 4395 1112 4449; x_wconf 89' lang='lat' dir='ltr'><strong><em>ait</em></strong></span> <span class='ocrx_word' id='word_1_442' title='bbox 1149 4394 1373 4466; x_wconf 75' lang='lat' dir='ltr'><strong><em>triginta</em></strong></span> <span class='ocrx_word' id='word_1_443' title='bbox 1436 4394 1712 4457; x_wconf 85' lang='lat' dir='ltr'><strong><em>mensium</em></strong></span> <span class='ocrx_word' id='word_1_444' title='bbox 1743 4394 1944 4461; x_wconf 77' lang='lat' dir='ltr'><strong><em>fuisse;</em></strong></span> 
     </span>
    </p>
   </div>
   <div class='ocr_carea' id='block_1_63' title="bbox 387 4482 2030 4555">
    <p class='ocr_par' dir='ltr' id='par_1_63' title="bbox 387 4482 2030 4555">
     <span class='ocr_line' id='line_1_63' title="bbox 387 4482 2030 4555; baseline 0.004 -21"><span class='ocrx_word' id='word_1_445' title='bbox 387 4482 533 4550; x_wconf 89' lang='lat' dir='ltr'><strong><em>quod</em></strong></span> <span class='ocrx_word' id='word_1_446' title='bbox 565 4491 780 4553; x_wconf 87' lang='lat' dir='ltr'><strong><em>tempus</em></strong></span> <span class='ocrx_word' id='word_1_447' title='bbox 815 4483 861 4536; x_wconf 89' lang='lat' dir='ltr'><strong><em>si</em></strong></span> <span class='ocrx_word' id='word_1_448' title='bbox 898 4484 1126 4555; x_wconf 71' lang='lat' dir='ltr'><strong><em>adiicias</em></strong></span> <span class='ocrx_word' id='word_1_449' title='bbox 1155 4484 1224 4538; x_wconf 88' lang='lat' dir='ltr'><strong><em>ad</em></strong></span> <span class='ocrx_word' id='word_1_450' title='bbox 1252 4484 1397 4541; x_wconf 88' lang='lat' dir='ltr'><strong><em>diem</em></strong></span> <span class='ocrx_word' id='word_1_451' title='bbox 1432 4484 1500 4538; x_wconf 88' lang='grc'><strong>29</strong></span> <span class='ocrx_word' id='word_1_452' title='bbox 1554 4484 1765 4541; x_wconf 87' lang='lat' dir='ltr'><strong><em>mensis</em></strong></span> <span class='ocrx_word' id='word_1_453' title='bbox 1796 4484 1944 4549; x_wconf 80' lang='lat' dir='ltr'><strong><em>Maii,</em></strong></span> <span class='ocrx_word' id='word_1_454' title='bbox 1986 4492 2030 4546; x_wconf 81' lang='grc' dir='ltr'><strong><em>Ι)</em></strong></span> 
     </span>
    </p>
   </div>
   <div class='ocr_carea' id='block_1_64' title="bbox 386 4569 1956 4644">
    <p class='ocr_par' dir='ltr' id='par_1_64' title="bbox 386 4569 1956 4644">
     <span class='ocr_line' id='line_1_64' title="bbox 386 4569 1956 4644; baseline 0.003 -21"><span class='ocrx_word' id='word_1_455' title='bbox 386 4569 518 4625; x_wconf 91' lang='lat' dir='ltr'><strong><em>dicti</em></strong></span> <span class='ocrx_word' id='word_1_456' title='bbox 545 4587 666 4626; x_wconf 65' lang='lat' dir='ltr'><strong><em>mra:</em></strong></span> <span class='ocrx_word' id='word_1_457' title='bbox 703 4572 945 4643; x_wconf 88' lang='lat' dir='ltr'><strong><em>vulgaris</em></strong></span> <span class='ocrx_word' id='word_1_458' title='bbox 966 4575 1097 4628; x_wconf 90' lang='lat' dir='ltr'><strong><em>anni</em></strong></span> <span class='ocrx_word' id='word_1_459' title='bbox 1127 4573 1250 4638; x_wconf 83' lang='grc'><strong>526,</strong></span> <span class='ocrx_word' id='word_1_460' title='bbox 1271 4582 1531 4643; x_wconf 76' lang='lat' dir='ltr'><strong><em>exsurget</em></strong></span> <span class='ocrx_word' id='word_1_461' title='bbox 1584 4589 1765 4629; x_wconf 88' lang='lat' dir='ltr'><strong><em>annus</em></strong></span> <span class='ocrx_word' id='word_1_462' title='bbox 1809 4574 1956 4644; x_wconf 81' lang='lat' dir='ltr'><strong><em>ejus-</em></strong></span> 
     </span>
    </p>
   </div>
   <div class='ocr_carea' id='block_1_65' title="bbox 388 4663 1958 4735">
    <p class='ocr_par' dir='ltr' id='par_1_65' title="bbox 388 4663 1958 4735">
     <span class='ocr_line' id='line_1_65' title="bbox 388 4663 1958 4735; baseline 0.004 -20"><span class='ocrx_word' id='word_1_463' title='bbox 388 4663 511 4716; x_wconf 80' lang='lat' dir='ltr'><strong><em>dem</em></strong></span> <span class='ocrx_word' id='word_1_464' title='bbox 529 4677 650 4717; x_wconf 67' lang='lat' dir='ltr'><strong><em>atrae</em></strong></span> <span class='ocrx_word' id='word_1_465' title='bbox 672 4663 796 4725; x_wconf 82' lang='grc'><strong><em>528,</em></strong></span> <span class='ocrx_word' id='word_1_466' title='bbox 826 4666 1035 4721; x_wconf 87' lang='lat' dir='ltr'><strong><em>mensis</em></strong></span> <span class='ocrx_word' id='word_1_467' title='bbox 1061 4664 1396 4730; x_wconf 82' lang='lat' dir='ltr'><strong><em>November,</em></strong></span> <span class='ocrx_word' id='word_1_468' title='bbox 1423 4665 1544 4720; x_wconf 89' lang='lat' dir='ltr'><strong><em>dies</em></strong></span> <span class='ocrx_word' id='word_1_469' title='bbox 1578 4665 1668 4733; x_wconf 87' lang='grc'><strong><em>29,</em></strong></span> <span class='ocrx_word' id='word_1_470' title='bbox 1693 4681 1804 4735; x_wconf 89' lang='lat' dir='ltr'><strong><em>quo</em></strong></span> <span class='ocrx_word' id='word_1_471' title='bbox 1826 4682 1958 4735; x_wconf 75' lang='lat' dir='ltr'><strong><em>prae-</em></strong></span> 
     </span>
    </p>
   </div>
   <div class='ocr_carea' id='block_1_66' title="bbox 392 4752 1957 4823">
    <p class='ocr_par' dir='ltr' id='par_1_66' title="bbox 392 4752 1957 4823">
     <span class='ocr_line' id='line_1_66' title="bbox 392 4752 1957 4823; baseline 0.003 -17"><span class='ocrx_word' id='word_1_472' title='bbox 392 4752 507 4806; x_wconf 87' lang='lat' dir='ltr'><strong><em>cise</em></strong></span> <span class='ocrx_word' id='word_1_473' title='bbox 546 4754 907 4823; x_wconf 89' lang='lat' dir='ltr'><strong><em>posteriorem</em></strong></span> <span class='ocrx_word' id='word_1_474' title='bbox 952 4761 1118 4809; x_wconf 66' lang='lat' dir='ltr'><strong><em>terra:</em></strong></span> <span class='ocrx_word' id='word_1_475' title='bbox 1153 4762 1362 4810; x_wconf 88' lang='lat' dir='ltr'><strong><em>motum</em></strong></span> <span class='ocrx_word' id='word_1_476' title='bbox 1390 4755 1633 4809; x_wconf 68' lang='lat' dir='ltr'><strong><em>saeviisse</em></strong></span> <span class='ocrx_word' id='word_1_477' title='bbox 1656 4770 1721 4809; x_wconf 83' lang='lat' dir='ltr'><strong><em>ex</em></strong></span> <span class='ocrx_word' id='word_1_478' title='bbox 1776 4754 1957 4810; x_wconf 83' lang='lat' dir='ltr'><strong><em>Theo-</em></strong></span> 
     </span>
    </p>
   </div>
   <div class='ocr_carea' id='block_1_67' title="bbox 389 4842 1958 4914">
    <p class='ocr_par' dir='ltr' id='par_1_67' title="bbox 389 4842 1958 4914">
     <span class='ocr_line' id='line_1_67' title="bbox 389 4842 1958 4914; baseline 0.001 -20"><span class='ocrx_word' id='word_1_479' title='bbox 389 4843 568 4912; x_wconf 78' lang='lat' dir='ltr'><strong><em>phane</em></strong></span> <span class='ocrx_word' id='word_1_480' title='bbox 603 4843 833 4914; x_wconf 87' lang='lat' dir='ltr'><strong><em>aliisque</em></strong></span> <span class='ocrx_word' id='word_1_481' title='bbox 872 4844 1159 4900; x_wconf 83' lang='lat' dir='ltr'><strong><em>manifeste</em></strong></span> <span class='ocrx_word' id='word_1_482' title='bbox 1202 4851 1436 4898; x_wconf 89' lang='lat' dir='ltr'><strong><em>constat.</em></strong></span> <span class='ocrx_word' id='word_1_483' title='bbox 1468 4843 1656 4913; x_wconf 87' lang='lat' dir='ltr'><strong><em>Neque</em></strong></span> <span class='ocrx_word' id='word_1_484' title='bbox 1693 4842 1958 4897; x_wconf 88' lang='lat' dir='ltr'><strong><em>credibile</em></strong></span> 
     </span>
    </p>
   </div>
   <div class='ocr_carea' id='block_1_68' title="bbox 391 4932 1961 5003">
    <p class='ocr_par' dir='ltr' id='par_1_68' title="bbox 391 4932 1961 5003">
     <span class='ocr_line' id='line_1_68' title="bbox 391 4932 1961 5003; baseline -0.001 -14"><span class='ocrx_word' id='word_1_485' title='bbox 391 4943 472 4989; x_wconf 84' lang='lat' dir='ltr'><strong><em>est</em></strong></span> <span class='ocrx_word' id='word_1_486' title='bbox 495 4942 778 4988; x_wconf 82' lang='lat' dir='ltr'><strong><em>auctorem</em></strong></span> <span class='ocrx_word' id='word_1_487' title='bbox 813 4934 908 5003; x_wconf 86' lang='lat' dir='ltr'><strong><em>qui</em></strong></span> <span class='ocrx_word' id='word_1_488' title='bbox 962 4942 1071 4993; x_wconf 89' lang='lat' dir='ltr'><strong><em>tam</em></strong></span> <span class='ocrx_word' id='word_1_489' title='bbox 1119 4941 1375 4988; x_wconf 87' lang='lat' dir='ltr'><strong><em>accurate</em></strong></span> <span class='ocrx_word' id='word_1_490' title='bbox 1420 4932 1784 4988; x_wconf 89' lang='lat' dir='ltr'><strong><em>minutissima</em></strong></span> <span class='ocrx_word' id='word_1_491' title='bbox 1813 4948 1961 5002; x_wconf 71' lang='lat' dir='ltr'><strong><em>qum-</em></strong></span> 
     </span>
    </p>
   </div>
   <div class='ocr_carea' id='block_1_69' title="bbox 392 5023 1955 5093">
    <p class='ocr_par' dir='ltr' id='par_1_69' title="bbox 392 5023 1955 5093">
     <span class='ocr_line' id='line_1_69' title="bbox 392 5023 1955 5093; baseline 0.001 -20"><span class='ocrx_word' id='word_1_492' title='bbox 392 5039 500 5093; x_wconf 81' lang='lat' dir='ltr'><strong><em>que</em></strong></span> <span class='ocrx_word' id='word_1_493' title='bbox 538 5024 874 5087; x_wconf 71' lang='lat' dir='ltr'><strong><em>observavit,</em></strong></span> <span class='ocrx_word' id='word_1_494' title='bbox 913 5031 975 5077; x_wconf 90' lang='lat' dir='ltr'><strong><em>ut</em></strong></span> <span class='ocrx_word' id='word_1_495' title='bbox 1003 5025 1169 5078; x_wconf 87' lang='lat' dir='ltr'><strong><em>etiam</em></strong></span> <span class='ocrx_word' id='word_1_496' title='bbox 1200 5023 1390 5077; x_wconf 86' lang='lat' dir='ltr'><strong><em>horam</em></strong></span> <span class='ocrx_word' id='word_1_497' title='bbox 1422 5030 1478 5078; x_wconf 86' lang='lat' dir='ltr'><strong><em>et</em></strong></span> <span class='ocrx_word' id='word_1_498' title='bbox 1519 5030 1784 5092; x_wconf 87' lang='lat' dir='ltr'><strong><em>punctum</em></strong></span> <span class='ocrx_word' id='word_1_499' title='bbox 1821 5031 1955 5076; x_wconf 88' lang='lat' dir='ltr'><strong><em>tem-</em></strong></span> 
     </span>
    </p>
   </div>
   <div class='ocr_carea' id='block_1_70' title="bbox 392 5114 1957 5185">
    <p class='ocr_par' dir='ltr' id='par_1_70' title="bbox 392 5114 1957 5185">
     <span class='ocr_line' id='line_1_70' title="bbox 392 5114 1957 5185; baseline 0.001 -16"><span class='ocrx_word' id='word_1_500' title='bbox 392 5115 563 5184; x_wconf 88' lang='lat' dir='ltr'><strong><em>poris,</em></strong></span> <span class='ocrx_word' id='word_1_501' title='bbox 588 5131 700 5184; x_wconf 86' lang='lat' dir='ltr'><strong><em>quo</em></strong></span> <span class='ocrx_word' id='word_1_502' title='bbox 738 5124 922 5170; x_wconf 90' lang='lat' dir='ltr'><strong><em>motus</em></strong></span> <span class='ocrx_word' id='word_1_503' title='bbox 969 5114 1159 5184; x_wconf 87' lang='lat' dir='ltr'><strong><em>coepit,</em></strong></span> <span class='ocrx_word' id='word_1_504' title='bbox 1205 5114 1578 5185; x_wconf 83' lang='lat' dir='ltr'><strong><em>expresserit;</em></strong></span> <span class='ocrx_word' id='word_1_505' title='bbox 1613 5114 1957 5170; x_wconf 88' lang='lat' dir='ltr'><strong><em>aberravisse</em></strong></span> 
     </span>
    </p>
   </div>
   <div class='ocr_carea' id='block_1_71' title="bbox 390 5205 1955 5276">
    <p class='ocr_par' dir='ltr' id='par_1_71' title="bbox 390 5205 1955 5276">
     <span class='ocr_line' id='line_1_71' title="bbox 390 5205 1955 5276; baseline -0.001 -16"><span class='ocrx_word' id='word_1_506' title='bbox 390 5220 536 5260; x_wconf 85' lang='lat' dir='ltr'><strong><em>anno</em></strong></span> <span class='ocrx_word' id='word_1_507' title='bbox 562 5206 799 5276; x_wconf 81' lang='lat' dir='ltr'><strong><em>integro,</em></strong></span> <span class='ocrx_word' id='word_1_508' title='bbox 838 5206 1141 5275; x_wconf 64' lang='lat' dir='ltr'><strong><em>prmsertim</em></strong></span> <span class='ocrx_word' id='word_1_509' title='bbox 1171 5220 1295 5259; x_wconf 91' lang='lat' dir='ltr'><strong><em>cum</em></strong></span> <span class='ocrx_word' id='word_1_510' title='bbox 1350 5206 1443 5259; x_wconf 77' lang='lat' dir='ltr'><strong><em>vix</em></strong></span> <span class='ocrx_word' id='word_1_511' title='bbox 1499 5205 1741 5274; x_wconf 88' lang='lat' dir='ltr'><strong><em>potuerit</em></strong></span> <span class='ocrx_word' id='word_1_512' title='bbox 1776 5205 1955 5274; x_wconf 89' lang='lat' dir='ltr'><strong><em>ipsum</em></strong></span> 
     </span>
    </p>
   </div>
   <div class='ocr_carea' id='block_1_72' title="bbox 391 5292 1954 5362">
    <p class='ocr_par' dir='ltr' id='par_1_72' title="bbox 391 5292 1954 5362">
     <span class='ocr_line' id='line_1_72' title="bbox 391 5292 1954 5362; baseline -0.003 -14"><span class='ocrx_word' id='word_1_513' title='bbox 391 5294 618 5348; x_wconf 82' lang='lat' dir='ltr'><strong><em>secundi</em></strong></span> <span class='ocrx_word' id='word_1_514' title='bbox 678 5304 860 5349; x_wconf 87' lang='lat' dir='ltr'><strong><em>motus</em></strong></span> <span class='ocrx_word' id='word_1_515' title='bbox 912 5293 1240 5353; x_wconf 84' lang='lat' dir='ltr'><strong><em>distinctum</em></strong></span> <span class='ocrx_word' id='word_1_516' title='bbox 1302 5303 1519 5362; x_wconf 86' lang='lat' dir='ltr'><strong><em>tempus</em></strong></span> <span class='ocrx_word' id='word_1_517' title='bbox 1559 5292 1865 5361; x_wconf 79' lang='lat' dir='ltr'><strong><em>praeterire,</em></strong></span> <span class='ocrx_word' id='word_1_518' title='bbox 1926 5306 1954 5344; x_wconf 89' lang='lat' dir='ltr'><strong><em>a</em></strong></span> 
     </span>
    </p>
   </div>
   <div class='ocr_carea' id='block_1_73' title="bbox 389 5378 1952 5453">
    <p class='ocr_par' dir='ltr' id='par_1_73' title="bbox 389 5378 1952 5453">
     <span class='ocr_line' id='line_1_73' title="bbox 389 5378 1952 5453; baseline -0.001 -18"><span class='ocrx_word' id='word_1_519' title='bbox 389 5381 726 5450; x_wconf 87' lang='lat' dir='ltr'><strong><em>Theophane</em></strong></span> <span class='ocrx_word' id='word_1_520' title='bbox 765 5382 921 5453; x_wconf 85' lang='lat' dir='ltr'><strong><em>longe</em></strong></span> <span class='ocrx_word' id='word_1_521' title='bbox 950 5381 1258 5450; x_wconf 88' lang='lat' dir='ltr'><strong><em>posteriore</em></strong></span> <span class='ocrx_word' id='word_1_522' title='bbox 1286 5379 1731 5434; x_wconf 77' lang='lat' dir='ltr'><strong><em>determinatam.</em></strong></span> <span class='ocrx_word' id='word_1_523' title='bbox 1780 5378 1952 5442; x_wconf 84' lang='lat' dir='ltr'><strong><em>Adde,</em></strong></span> 
     </span>
    </p>
   </div>
   <div class='ocr_carea' id='block_1_74' title="bbox 389 5470 1957 5542">
    <p class='ocr_par' dir='ltr' id='par_1_74' title="bbox 389 5470 1957 5542">
     <span class='ocr_line' id='line_1_74' title="bbox 389 5470 1957 5542; baseline -0.003 -16"><span class='ocrx_word' id='word_1_524' title='bbox 389 5472 434 5526; x_wconf 89' lang='lat' dir='ltr'><strong><em>si</em></strong></span> <span class='ocrx_word' id='word_1_525' title='bbox 506 5473 635 5542; x_wconf 87' lang='lat' dir='ltr'><strong><em>quid</em></strong></span> <span class='ocrx_word' id='word_1_526' title='bbox 688 5474 855 5528; x_wconf 88' lang='lat' dir='ltr'><strong><em>etiam</em></strong></span> <span class='ocrx_word' id='word_1_527' title='bbox 906 5473 1011 5527; x_wconf 92' lang='lat' dir='ltr'><strong><em>hoc</em></strong></span> <span class='ocrx_word' id='word_1_528' title='bbox 1055 5471 1322 5527; x_wconf 89' lang='lat' dir='ltr'><strong><em>momenti</em></strong></span> <span class='ocrx_word' id='word_1_529' title='bbox 1370 5470 1556 5532; x_wconf 87' lang='lat' dir='ltr'><strong><em>habet,</em></strong></span> <span class='ocrx_word' id='word_1_530' title='bbox 1601 5470 1717 5541; x_wconf 88' lang='lat' dir='ltr'><strong><em>ipsa</em></strong></span> <span class='ocrx_word' id='word_1_531' title='bbox 1768 5478 1957 5525; x_wconf 84' lang='lat' dir='ltr'><strong><em>aucto-</em></strong></span> 
     </span>
    </p>
   </div>
   <div class='ocr_carea' id='block_1_75' title="bbox 1968 3167 2011 3223">
    <p class='ocr_par' dir='ltr' id='par_1_75' title="bbox 1968 3167 2011 3223">
     <span class='ocr_line' id='line_1_75' title="bbox 1968 3167 2011 3223; baseline 0 0"><span class='ocrx_word' id='word_1_532' title='bbox 1968 3167 2011 3223; x_wconf 91' lang='lat' dir='ltr'><strong>C</strong></span> 
     </span>
    </p>
   </div>
   <div class='ocr_carea' id='block_1_76' title="bbox 394 5560 2000 5632">
    <p class='ocr_par' dir='ltr' id='par_1_76' title="bbox 394 5560 2000 5632">
     <span class='ocr_line' id='line_1_76' title="bbox 394 5560 2000 5632; baseline -0.001 -17"><span class='ocrx_word' id='word_1_533' title='bbox 394 5562 468 5616; x_wconf 87' lang='lat' dir='ltr'><strong><em>ris</em></strong></span> <span class='ocrx_word' id='word_1_534' title='bbox 497 5563 686 5627; x_wconf 88' lang='lat' dir='ltr'><strong><em>verba,</em></strong></span> <span class='ocrx_word' id='word_1_535' title='bbox 717 5563 772 5617; x_wconf 93' lang='lat' dir='ltr'><strong><em>in</em></strong></span> <span class='ocrx_word' id='word_1_536' title='bbox 803 5564 995 5619; x_wconf 90' lang='lat' dir='ltr'><strong><em>eadem</em></strong></span> <span class='ocrx_word' id='word_1_537' title='bbox 1025 5562 1139 5618; x_wconf 80' lang='lat' dir='ltr'><strong><em>fere</em></strong></span> <span class='ocrx_word' id='word_1_538' title='bbox 1164 5561 1393 5632; x_wconf 88' lang='lat' dir='ltr'><strong><em>periodo</em></strong></span> <span class='ocrx_word' id='word_1_539' title='bbox 1425 5561 1645 5616; x_wconf 88' lang='lat' dir='ltr'><strong><em>diversa</em></strong></span> <span class='ocrx_word' id='word_1_540' title='bbox 1693 5560 1954 5630; x_wconf 80' lang='lat' dir='ltr'><strong><em>loquendi</em></strong></span> <span class='ocrx_word' id='word_1_541' title='bbox 1996 5565 2000 5569; x_wconf 74' lang='grc'><em>“</em></span> 
     </span>
    </p>
   </div>
   <div class='ocr_carea' id='block_1_77' title="bbox 393 5644 1951 5719">
    <p class='ocr_par' dir='ltr' id='par_1_77' title="bbox 393 5644 1951 5719">
     <span class='ocr_line' id='line_1_77' title="bbox 393 5644 1951 5719; baseline 0 -18"><span class='ocrx_word' id='word_1_542' title='bbox 393 5644 565 5703; x_wconf 80' lang='lat' dir='ltr'><strong><em>forma</em></strong></span> <span class='ocrx_word' id='word_1_543' title='bbox 595 5651 831 5714; x_wconf 85' lang='lat' dir='ltr'><strong><em>utentis,</em></strong></span> <span class='ocrx_word' id='word_1_544' title='bbox 863 5651 957 5704; x_wconf 89' lang='lat' dir='ltr'><strong><em>ubi</em></strong></span> <span class='ocrx_word' id='word_1_545' title='bbox 981 5660 1161 5704; x_wconf 88' lang='lat' dir='ltr'><strong><em>tamen</em></strong></span> <span class='ocrx_word' id='word_1_546' title='bbox 1191 5649 1384 5704; x_wconf 86' lang='lat' dir='ltr'><strong><em>eadem</em></strong></span> <span class='ocrx_word' id='word_1_547' title='bbox 1408 5649 1604 5703; x_wconf 87' lang='lat' dir='ltr'><strong><em>volunt</em></strong></span> <span class='ocrx_word' id='word_1_548' title='bbox 1634 5648 1951 5719; x_wconf 75' lang='lat' dir='ltr'><strong><em>significari.</em></strong></span> 
     </span>
    </p>
   </div>
   <div class='ocr_carea' id='block_1_78' title="bbox 397 5736 1952 5812">
    <p class='ocr_par' dir='ltr' id='par_1_78' title="bbox 397 5736 1952 5812">
     <span class='ocr_line' id='line_1_78' title="bbox 397 5736 1952 5812; baseline -0.002 -18"><span class='ocrx_word' id='word_1_549' title='bbox 397 5736 489 5794; x_wconf 83' lang='lat' dir='ltr'><strong><em>Sic</em></strong></span> <span class='ocrx_word' id='word_1_550' title='bbox 524 5740 640 5793; x_wconf 81' lang='lat' dir='ltr'><strong><em>ait:</em></strong></span> <span class='ocrx_word' id='word_1_551' title='bbox 687 5740 773 5793; x_wconf 83' lang='grc' dir='ltr'>Ἐν</span> <span class='ocrx_word' id='word_1_552' title='bbox 804 5741 879 5810; x_wconf 73' lang='grc' dir='ltr'>τῷ</span> <span class='ocrx_word' id='word_1_553' title='bbox 912 5741 1121 5812; x_wconf 71' lang='grc' dir='ltr'><strong><em>ἑϐδόμῳ</em></strong></span> <span class='ocrx_word' id='word_1_554' title='bbox 1150 5740 1259 5795; x_wconf 69' lang='grc' dir='ltr'><strong><em>ἔτει</em></strong></span> <span class='ocrx_word' id='word_1_555' title='bbox 1308 5743 1406 5812; x_wconf 68' lang='grc' dir='ltr'><strong><em>τῆς</em></strong></span> <span class='ocrx_word' id='word_1_556' title='bbox 1451 5742 1731 5795; x_wconf 77' lang='grc' dir='ltr'><strong><em>ἰουστίνου</em></strong></span> <span class='ocrx_word' id='word_1_557' title='bbox 1798 5741 1952 5812; x_wconf 57' lang='grc' dir='ltr'><strong><em>βασι-</em></strong></span> 
     </span>
    </p>
   </div>
   <div class='ocr_carea' id='block_1_79' title="bbox 2110 1938 3594 2010">
    <p class='ocr_par' dir='ltr' id='par_1_79' title="bbox 2110 1938 3594 2010">
     <span class='ocr_line' id='line_1_79' title="bbox 2110 1938 3594 2010; baseline 0.004 -20"><span class='ocrx_word' id='word_1_558' title='bbox 2110 1938 2195 1991; x_wconf 78' lang='grc'><strong><em>18.</em></strong></span> <span class='ocrx_word' id='word_1_559' title='bbox 2233 1938 2336 1994; x_wconf 87' lang='lat' dir='ltr'><strong><em>Sed</em></strong></span> <span class='ocrx_word' id='word_1_560' title='bbox 2373 1939 2681 2005; x_wconf 87' lang='lat' dir='ltr'><strong><em>redeamus,</em></strong></span> <span class='ocrx_word' id='word_1_561' title='bbox 2721 1940 2865 1995; x_wconf 86' lang='lat' dir='ltr'><strong><em>unde</em></strong></span> <span class='ocrx_word' id='word_1_562' title='bbox 2907 1939 3140 2010; x_wconf 80' lang='lat' dir='ltr'><strong><em>digressi</em></strong></span> <span class='ocrx_word' id='word_1_563' title='bbox 3170 1956 3382 1997; x_wconf 88' lang='lat' dir='ltr'><strong><em>sumus.</em></strong></span> <span class='ocrx_word' id='word_1_564' title='bbox 3414 1941 3594 1996; x_wconf 86' lang='lat' dir='ltr'><strong><em>Poste-</em></strong></span> 
     </span>
    </p>
   </div>
   <div class='ocr_carea' id='block_1_80' title="bbox 2041 2027 3603 2100">
    <p class='ocr_par' dir='ltr' id='par_1_80' title="bbox 2041 2027 3603 2100">
     <span class='ocr_line' id='line_1_80' title="bbox 2041 2027 3603 2100; baseline 0.003 -18"><span class='ocrx_word' id='word_1_565' title='bbox 2041 2027 2203 2083; x_wconf 72' lang='lat' dir='ltr'><strong><em>rioris</em></strong></span> <span class='ocrx_word' id='word_1_566' title='bbox 2249 2036 2431 2083; x_wconf 86' lang='lat' dir='ltr'><strong><em>motus</em></strong></span> <span class='ocrx_word' id='word_1_567' title='bbox 2478 2030 2847 2084; x_wconf 83' lang='lat' dir='ltr'><strong><em>calamitatem</em></strong></span> <span class='ocrx_word' id='word_1_568' title='bbox 2874 2030 2954 2085; x_wconf 91' lang='lat' dir='ltr'><strong><em>sic</em></strong></span> <span class='ocrx_word' id='word_1_569' title='bbox 2987 2041 3213 2085; x_wconf 88' lang='lat' dir='ltr'><strong><em>enarrat</em></strong></span> <span class='ocrx_word' id='word_1_570' title='bbox 3236 2031 3603 2100; x_wconf 79' lang='lat' dir='ltr'><strong><em>Theophanes</em></strong></span> 
     </span>
    </p>
   </div>
   <div class='ocr_carea' id='block_1_81' title="bbox 2040 2118 3598 2189">
    <p class='ocr_par' dir='ltr' id='par_1_81' title="bbox 2040 2118 3598 2189">
     <span class='ocr_line' id='line_1_81' title="bbox 2040 2118 3598 2189; baseline 0.001 -17"><span class='ocrx_word' id='word_1_571' title='bbox 2040 2133 2182 2172; x_wconf 87' lang='lat' dir='ltr'><strong><em>anno</em></strong></span> <span class='ocrx_word' id='word_1_572' title='bbox 2215 2118 2249 2172; x_wconf 86' lang='grc'><strong><em>2</em></strong></span> <span class='ocrx_word' id='word_1_573' title='bbox 2301 2118 2619 2185; x_wconf 69' lang='lat' dir='ltr'><strong><em>Iustiniani,</em></strong></span> <span class='ocrx_word' id='word_1_574' title='bbox 2676 2120 2769 2189; x_wconf 88' lang='lat' dir='ltr'><strong><em>qui</em></strong></span> <span class='ocrx_word' id='word_1_575' title='bbox 2828 2119 2933 2175; x_wconf 84' lang='grc'><strong><em>528</em></strong></span> <span class='ocrx_word' id='word_1_576' title='bbox 2978 2128 3064 2174; x_wconf 87' lang='lat' dir='ltr'><strong><em>est</em></strong></span> <span class='ocrx_word' id='word_1_577' title='bbox 3092 2135 3215 2176; x_wconf 62' lang='lat' dir='ltr'><strong><em>aera:</em></strong></span> <span class='ocrx_word' id='word_1_578' title='bbox 3245 2120 3598 2176; x_wconf 87' lang='lat' dir='ltr'><strong><em>communis:</em></strong></span> 
     </span>
    </p>
   </div>
   <div class='ocr_carea' id='block_1_82' title="bbox 2043 2207 3606 2280">
    <p class='ocr_par' dir='ltr' id='par_1_82' title="bbox 2043 2207 3606 2280">
     <span class='ocr_line' id='line_1_82' title="bbox 2043 2207 3606 2280; baseline 0.003 -20"><span class='ocrx_word' id='word_1_579' title='bbox 2043 2207 2241 2262; x_wconf 86' lang='lat' dir='ltr'><strong><em>Eodem</em></strong></span> <span class='ocrx_word' id='word_1_580' title='bbox 2293 2226 2431 2263; x_wconf 91' lang='lat' dir='ltr'><strong><em>anno</em></strong></span> <span class='ocrx_word' id='word_1_581' title='bbox 2484 2211 2676 2264; x_wconf 88' lang='lat' dir='ltr'><strong><em>mensis</em></strong></span> <span class='ocrx_word' id='word_1_582' title='bbox 2720 2210 3025 2265; x_wconf 88' lang='lat' dir='ltr'><strong><em>Novembris</em></strong></span> <span class='ocrx_word' id='word_1_583' title='bbox 3051 2211 3135 2265; x_wconf 86' lang='lat' dir='ltr'><strong><em>die</em></strong></span> <span class='ocrx_word' id='word_1_584' title='bbox 3166 2228 3304 2265; x_wconf 88' lang='lat' dir='ltr'><strong><em>nona</em></strong></span> <span class='ocrx_word' id='word_1_585' title='bbox 3342 2227 3507 2280; x_wconf 86' lang='lat' dir='ltr'><strong><em>supra</em></strong></span> <span class='ocrx_word' id='word_1_586' title='bbox 3529 2212 3606 2264; x_wconf 89' lang='lat' dir='ltr'><strong><em>vi-</em></strong></span> 
     </span>
    </p>
   </div>
   <div class='ocr_carea' id='block_1_83' title="bbox 2040 2292 3607 2365">
    <p class='ocr_par' dir='ltr' id='par_1_83' title="bbox 2040 2292 3607 2365">
     <span class='ocr_line' id='line_1_83' title="bbox 2040 2292 3607 2365; baseline 0.002 -20"><span class='ocrx_word' id='word_1_587' title='bbox 2040 2292 2306 2357; x_wconf 88' lang='lat' dir='ltr'><strong><em>cesimam,</em></strong></span> <span class='ocrx_word' id='word_1_588' title='bbox 2338 2293 2468 2346; x_wconf 90' lang='lat' dir='ltr'><strong><em>hora</em></strong></span> <span class='ocrx_word' id='word_1_589' title='bbox 2521 2293 2624 2347; x_wconf 90' lang='lat' dir='ltr'><strong><em>diei</em></strong></span> <span class='ocrx_word' id='word_1_590' title='bbox 2678 2296 2857 2356; x_wconf 91' lang='lat' dir='ltr'><strong><em>tertia,</em></strong></span> <span class='ocrx_word' id='word_1_591' title='bbox 2895 2296 3026 2365; x_wconf 88' lang='lat' dir='ltr'><strong><em>feria</em></strong></span> <span class='ocrx_word' id='word_1_592' title='bbox 3062 2305 3279 2365; x_wconf 87' lang='lat' dir='ltr'><strong><em>quarta,</em></strong></span> <span class='ocrx_word' id='word_1_593' title='bbox 3324 2296 3607 2351; x_wconf 88' lang='lat' dir='ltr'><strong><em>indictione</em></strong></span> 
     </span>
    </p>
   </div>
   <div class='ocr_carea' id='block_1_84' title="bbox 2041 2381 3605 2452">
    <p class='ocr_par' dir='ltr' id='par_1_84' title="bbox 2041 2381 3605 2452">
     <span class='ocr_line' id='line_1_84' title="bbox 2041 2381 3605 2452; baseline 0.003 -20"><span class='ocrx_word' id='word_1_594' title='bbox 2041 2381 2282 2449; x_wconf 88' lang='lat' dir='ltr'><strong><em>septima,</em></strong></span> <span class='ocrx_word' id='word_1_595' title='bbox 2321 2381 2527 2435; x_wconf 88' lang='lat' dir='ltr'><strong><em>biennio</em></strong></span> <span class='ocrx_word' id='word_1_596' title='bbox 2560 2394 2672 2452; x_wconf 89' lang='lat' dir='ltr'><strong><em>post</em></strong></span> <span class='ocrx_word' id='word_1_597' title='bbox 2704 2384 3030 2452; x_wconf 88' lang='lat' dir='ltr'><strong><em>superiorem</em></strong></span> <span class='ocrx_word' id='word_1_598' title='bbox 3059 2384 3282 2447; x_wconf 86' lang='lat' dir='ltr'><strong><em>cladem,</em></strong></span> <span class='ocrx_word' id='word_1_599' title='bbox 3308 2384 3605 2448; x_wconf 83' lang='lat' dir='ltr'><strong><em>Antiochia,</em></strong></span> 
     </span>
    </p>
   </div>
   <div class='ocr_carea' id='block_1_85' title="bbox 2042 2469 3610 2543">
    <p class='ocr_par' dir='ltr' id='par_1_85' title="bbox 2042 2469 3610 2543">
     <span class='ocr_line' id='line_1_85' title="bbox 2042 2469 3610 2543; baseline 0.003 -23"><span class='ocrx_word' id='word_1_600' title='bbox 2042 2469 2224 2522; x_wconf 86' lang='lat' dir='ltr'><strong><em>civitas</em></strong></span> <span class='ocrx_word' id='word_1_601' title='bbox 2258 2486 2472 2540; x_wconf 82' lang='lat' dir='ltr'><strong><em>magna,</em></strong></span> <span class='ocrx_word' id='word_1_602' title='bbox 2499 2471 2669 2543; x_wconf 71' lang='lat' dir='ltr'><strong><em>plaga:</em></strong></span> <span class='ocrx_word' id='word_1_603' title='bbox 2697 2472 2896 2527; x_wconf 63' lang='lat' dir='ltr'><strong><em>caelitus</em></strong></span> <span class='ocrx_word' id='word_1_604' title='bbox 2928 2472 3095 2527; x_wconf 73' lang='lat' dir='ltr'><strong><em>illata:</em></strong></span> <span class='ocrx_word' id='word_1_605' title='bbox 3124 2474 3377 2526; x_wconf 90' lang='lat' dir='ltr'><strong><em>damnum</em></strong></span> <span class='ocrx_word' id='word_1_606' title='bbox 3416 2474 3610 2526; x_wconf 90' lang='lat' dir='ltr'><strong><em>iterum</em></strong></span> 
     </span>
    </p>
   </div>
   <div class='ocr_carea' id='block_1_86' title="bbox 2042 2560 3609 2631">
    <p class='ocr_par' dir='ltr' id='par_1_86' title="bbox 2042 2560 3609 2631">
     <span class='ocr_line' id='line_1_86' title="bbox 2042 2560 3609 2631; baseline 0.003 -22"><span class='ocrx_word' id='word_1_607' title='bbox 2042 2572 2197 2626; x_wconf 87' lang='lat' dir='ltr'><strong><em>passa</em></strong></span> <span class='ocrx_word' id='word_1_608' title='bbox 2262 2568 2356 2613; x_wconf 89' lang='lat' dir='ltr'><strong><em>est.</em></strong></span> <span class='ocrx_word' id='word_1_609' title='bbox 2392 2560 2581 2631; x_wconf 86' lang='lat' dir='ltr'><strong><em>Ingens</em></strong></span> <span class='ocrx_word' id='word_1_610' title='bbox 2630 2562 2821 2630; x_wconf 82' lang='lat' dir='ltr'><strong><em>quippe</em></strong></span> <span class='ocrx_word' id='word_1_611' title='bbox 2870 2572 3026 2616; x_wconf 79' lang='lat' dir='ltr'><strong><em>teme</em></strong></span> <span class='ocrx_word' id='word_1_612' title='bbox 3083 2571 3253 2617; x_wconf 87' lang='lat' dir='ltr'><strong><em>motus</em></strong></span> <span class='ocrx_word' id='word_1_613' title='bbox 3299 2578 3391 2631; x_wconf 90' lang='lat' dir='ltr'><strong><em>per</em></strong></span> <span class='ocrx_word' id='word_1_614' title='bbox 3422 2563 3609 2616; x_wconf 88' lang='lat' dir='ltr'><strong><em>horam</em></strong></span> 
     </span>
    </p>
   </div>
   <div class='ocr_carea' id='block_1_87' title="bbox 2042 2649 3609 2720">
    <p class='ocr_par' dir='ltr' id='par_1_87' title="bbox 2042 2649 3609 2720">
     <span class='ocr_line' id='line_1_87' title="bbox 2042 2649 3609 2720; baseline 0.002 -20"><span class='ocrx_word' id='word_1_615' title='bbox 2042 2665 2203 2702; x_wconf 90' lang='lat' dir='ltr'><strong><em>unam</em></strong></span> <span class='ocrx_word' id='word_1_616' title='bbox 2231 2649 2598 2720; x_wconf 84' lang='lat' dir='ltr'><strong><em>factus,atque</em></strong></span> <span class='ocrx_word' id='word_1_617' title='bbox 2615 2652 2906 2705; x_wconf 87' lang='lat' dir='ltr'><strong><em>horrendus</em></strong></span> <span class='ocrx_word' id='word_1_618' title='bbox 2932 2653 3144 2705; x_wconf 90' lang='lat' dir='ltr'><strong><em>omnino</em></strong></span> <span class='ocrx_word' id='word_1_619' title='bbox 3166 2653 3391 2720; x_wconf 84' lang='lat' dir='ltr'><strong><em>mugitus</em></strong></span> <span class='ocrx_word' id='word_1_620' title='bbox 3423 2669 3449 2705; x_wconf 89' lang='lat' dir='ltr'><strong><em>e</em></strong></span> <span class='ocrx_word' id='word_1_621' title='bbox 3482 2652 3609 2705; x_wconf 77' lang='lat' dir='ltr'><strong><em>caelo</em></strong></span> 
     </span>
    </p>
   </div>
   <div class='ocr_carea' id='block_1_88' title="bbox 2042 2738 3602 2816">
    <p class='ocr_par' dir='ltr' id='par_1_88' title="bbox 2042 2738 3602 2816">
     <span class='ocr_line' id='line_1_88' title="bbox 2042 2738 3602 2816; baseline 0.003 -24"><span class='ocrx_word' id='word_1_622' title='bbox 2042 2738 2255 2793; x_wconf 89' lang='lat' dir='ltr'><strong><em>auditus</em></strong></span> <span class='ocrx_word' id='word_1_623' title='bbox 2308 2750 2382 2793; x_wconf 88' lang='lat' dir='ltr'><strong><em>est</em></strong></span> <span class='ocrx_word' id='word_1_624' title='bbox 2413 2757 2429 2794; x_wconf 92' lang='lat'><strong><em>:</em></strong></span> <span class='ocrx_word' id='word_1_625' title='bbox 2463 2742 2641 2795; x_wconf 85' lang='lat' dir='ltr'><strong><em>omnia</em></strong></span> <span class='ocrx_word' id='word_1_626' title='bbox 2680 2758 2886 2816; x_wconf 81' lang='lat' dir='ltr'><strong><em>quoque</em></strong></span> <span class='ocrx_word' id='word_1_627' title='bbox 2953 2746 3175 2815; x_wconf 73' lang='lat' dir='ltr'><strong><em>wdiﬁcia</em></strong></span> <span class='ocrx_word' id='word_1_628' title='bbox 3217 2754 3266 2798; x_wconf 90' lang='lat' dir='ltr'><strong><em>et</em></strong></span> <span class='ocrx_word' id='word_1_629' title='bbox 3304 2747 3443 2800; x_wconf 87' lang='lat' dir='ltr'><strong><em>muri</em></strong></span> <span class='ocrx_word' id='word_1_630' title='bbox 3490 2745 3602 2799; x_wconf 89' lang='lat' dir='ltr'><strong><em>solo</em></strong></span> 
     </span>
    </p>
   </div>
   <div class='ocr_carea' id='block_1_89' title="bbox 2042 2840 3610 2910">
    <p class='ocr_par' dir='ltr' id='par_1_89' title="bbox 2042 2840 3610 2910">
     <span class='ocr_line' id='line_1_89' title="bbox 2042 2840 3610 2910; baseline 0.007 -27"><span class='ocrx_word' id='word_1_631' title='bbox 2042 2840 2252 2901; x_wconf 64' lang='lat' dir='ltr'><strong><em>sequuta</em></strong></span> <span class='ocrx_word' id='word_1_632' title='bbox 2301 2841 2472 2898; x_wconf 86' lang='lat' dir='ltr'><strong><em>sunt;</em></strong></span> <span class='ocrx_word' id='word_1_633' title='bbox 2510 2850 2730 2908; x_wconf 73' lang='lat' dir='ltr'><strong><em>qumque</em></strong></span> <span class='ocrx_word' id='word_1_634' title='bbox 2759 2841 3097 2894; x_wconf 88' lang='lat' dir='ltr'><strong><em>substiterant</em></strong></span> <span class='ocrx_word' id='word_1_635' title='bbox 3130 2841 3183 2894; x_wconf 88' lang='lat' dir='ltr'><strong><em>in</em></strong></span> <span class='ocrx_word' id='word_1_636' title='bbox 3236 2842 3403 2910; x_wconf 78' lang='lat' dir='ltr'><strong><em>priori</em></strong></span> <span class='ocrx_word' id='word_1_637' title='bbox 3451 2850 3610 2895; x_wconf 67' lang='lat' dir='ltr'><strong><em>terrm</em></strong></span> 
     </span>
    </p>
   </div>
   <div class='ocr_carea' id='block_1_90' title="bbox 2043 2926 3612 3001">
    <p class='ocr_par' dir='ltr' id='par_1_90' title="bbox 2043 2926 3612 3001">
     <span class='ocr_line' id='line_1_90' title="bbox 2043 2926 3612 3001; baseline 0.007 -26"><span class='ocrx_word' id='word_1_638' title='bbox 2043 2930 2185 2975; x_wconf 88' lang='lat' dir='ltr'><strong><em>motu</em></strong></span> <span class='ocrx_word' id='word_1_639' title='bbox 2222 2933 2416 2977; x_wconf 88' lang='lat' dir='ltr'><strong><em>veteres</em></strong></span> <span class='ocrx_word' id='word_1_640' title='bbox 2447 2926 2875 2997; x_wconf 79' lang='lat' dir='ltr'><strong><em>substructiones,</em></strong></span> <span class='ocrx_word' id='word_1_641' title='bbox 2907 2947 2981 2985; x_wconf 65' lang='lat' dir='ltr'><strong><em>ere</em></strong></span> <span class='ocrx_word' id='word_1_642' title='bbox 3022 2948 3161 2987; x_wconf 85' lang='lat' dir='ltr'><strong><em>nunc</em></strong></span> <span class='ocrx_word' id='word_1_643' title='bbox 3189 2932 3427 3001; x_wconf 86' lang='lat' dir='ltr'><strong><em>funditus</em></strong></span> <span class='ocrx_word' id='word_1_644' title='bbox 3462 2948 3612 2986; x_wconf 85' lang='lat' dir='ltr'><strong><em>ever-</em></strong></span> 
     </span>
    </p>
   </div>
   <div class='ocr_carea' id='block_1_91' title="bbox 2041 3016 3613 3091">
    <p class='ocr_par' dir='ltr' id='par_1_91' title="bbox 2041 3016 3613 3091">
     <span class='ocr_line' id='line_1_91' title="bbox 2041 3016 3613 3091; baseline 0.007 -25"><span class='ocrx_word' id='word_1_645' title='bbox 2041 3029 2152 3067; x_wconf 75' lang='lat' dir='ltr'><strong><em>src:</em></strong></span> <span class='ocrx_word' id='word_1_646' title='bbox 2191 3016 2411 3087; x_wconf 85' lang='lat' dir='ltr'><strong><em>denique</em></strong></span> <span class='ocrx_word' id='word_1_647' title='bbox 2430 3020 2681 3089; x_wconf 90' lang='lat' dir='ltr'><strong><em>quidquid</em></strong></span> <span class='ocrx_word' id='word_1_648' title='bbox 2713 3028 2820 3074; x_wconf 90' lang='lat' dir='ltr'><strong><em>tam</em></strong></span> <span class='ocrx_word' id='word_1_649' title='bbox 2844 3023 3221 3091; x_wconf 82' lang='lat' dir='ltr'><strong><em>imperatorum</em></strong></span> <span class='ocrx_word' id='word_1_650' title='bbox 3260 3021 3576 3077; x_wconf 84' lang='lat' dir='ltr'><strong><em>liberalitate</em></strong></span> <span class='ocrx_word' id='word_1_651' title='bbox 3598 3062 3613 3087; x_wconf 95' lang='lat'><strong><em>,</em></strong></span> 
     </span>
    </p>
   </div>
   <div class='ocr_carea' id='block_1_92' title="bbox 2045 3109 3611 3179">
    <p class='ocr_par' dir='ltr' id='par_1_92' title="bbox 2045 3109 3611 3179">
     <span class='ocr_line' id='line_1_92' title="bbox 2045 3109 3611 3179; baseline 0.006 -21"><span class='ocrx_word' id='word_1_652' title='bbox 2045 3122 2205 3175; x_wconf 86' lang='lat' dir='ltr'><strong><em>quam</em></strong></span> <span class='ocrx_word' id='word_1_653' title='bbox 2263 3109 2483 3175; x_wconf 71' lang='lat' dir='ltr'><strong><em>privatis</em></strong></span> <span class='ocrx_word' id='word_1_654' title='bbox 2531 3110 2722 3163; x_wconf 88' lang='lat' dir='ltr'><strong><em>civium</em></strong></span> <span class='ocrx_word' id='word_1_655' title='bbox 2784 3111 3076 3179; x_wconf 86' lang='lat' dir='ltr'><strong><em>sumptibus</em></strong></span> <span class='ocrx_word' id='word_1_656' title='bbox 3121 3113 3239 3166; x_wconf 89' lang='lat' dir='ltr'><strong><em>urbi</em></strong></span> <span class='ocrx_word' id='word_1_657' title='bbox 3277 3113 3611 3167; x_wconf 87' lang='lat' dir='ltr'><strong><em>conciliatum</em></strong></span> 
     </span>
    </p>
   </div>
   <div class='ocr_carea' id='block_1_93' title="bbox 2047 3197 3606 3273">
    <p class='ocr_par' dir='ltr' id='par_1_93' title="bbox 2047 3197 3606 3273">
     <span class='ocr_line' id='line_1_93' title="bbox 2047 3197 3606 3273; baseline 0.006 -25"><span class='ocrx_word' id='word_1_658' title='bbox 2047 3197 2220 3265; x_wconf 88' lang='lat' dir='ltr'><strong><em>fuerat</em></strong></span> <span class='ocrx_word' id='word_1_659' title='bbox 2252 3198 2454 3251; x_wconf 79' lang='lat' dir='ltr'><strong><em>decoris</em></strong></span> <span class='ocrx_word' id='word_1_660' title='bbox 2487 3207 2644 3268; x_wconf 84' lang='lat' dir='ltr'><strong><em>atque</em></strong></span> <span class='ocrx_word' id='word_1_661' title='bbox 2679 3208 2920 3265; x_wconf 89' lang='lat' dir='ltr'><strong><em>ornatus,</em></strong></span> <span class='ocrx_word' id='word_1_662' title='bbox 2951 3201 3004 3254; x_wconf 90' lang='lat' dir='ltr'><strong><em>id</em></strong></span> <span class='ocrx_word' id='word_1_663' title='bbox 3033 3208 3141 3255; x_wconf 89' lang='lat' dir='ltr'><strong><em>tum</em></strong></span> <span class='ocrx_word' id='word_1_664' title='bbox 3169 3218 3321 3257; x_wconf 90' lang='lat' dir='ltr'><strong><em>omne</em></strong></span> <span class='ocrx_word' id='word_1_665' title='bbox 3349 3203 3606 3273; x_wconf 81' lang='lat' dir='ltr'><strong><em>deiectum</em></strong></span> 
     </span>
    </p>
   </div>
   <div class='ocr_carea' id='block_1_94' title="bbox 2045 3288 3613 3360">
    <p class='ocr_par' dir='ltr' id='par_1_94' title="bbox 2045 3288 3613 3360">
     <span class='ocr_line' id='line_1_94' title="bbox 2045 3288 3613 3360; baseline 0.005 -20"><span class='ocrx_word' id='word_1_666' title='bbox 2045 3289 2099 3341; x_wconf 89' lang='lat' dir='ltr'><strong><em>in</em></strong></span> <span class='ocrx_word' id='word_1_667' title='bbox 2126 3298 2342 3343; x_wconf 89' lang='lat' dir='ltr'><strong><em>terram.</em></strong></span> <span class='ocrx_word' id='word_1_668' title='bbox 2376 3288 2469 3343; x_wconf 85' lang='lat' dir='ltr'><strong><em>His</em></strong></span> <span class='ocrx_word' id='word_1_669' title='bbox 2495 3292 2747 3360; x_wconf 87' lang='lat' dir='ltr'><strong><em>perceptis</em></strong></span> <span class='ocrx_word' id='word_1_670' title='bbox 2790 3291 2973 3346; x_wconf 69' lang='lat' dir='ltr'><strong><em>vicina:</em></strong></span> <span class='ocrx_word' id='word_1_671' title='bbox 3030 3293 3264 3349; x_wconf 84' lang='lat' dir='ltr'><strong><em>civitates</em></strong></span> <span class='ocrx_word' id='word_1_672' title='bbox 3308 3294 3362 3347; x_wconf 90' lang='lat' dir='ltr'><strong><em>in</em></strong></span> <span class='ocrx_word' id='word_1_673' title='bbox 3414 3294 3613 3348; x_wconf 84' lang='lat' dir='ltr'><strong><em>luctum</em></strong></span> 
     </span>
    </p>
   </div>
   <div class='ocr_carea' id='block_1_95' title="bbox 2047 3380 3607 3454">
    <p class='ocr_par' dir='ltr' id='par_1_95' title="bbox 2047 3380 3607 3454">
     <span class='ocr_line' id='line_1_95' title="bbox 2047 3380 3607 3454; baseline 0.004 -21"><span class='ocrx_word' id='word_1_674' title='bbox 2047 3390 2095 3434; x_wconf 94' lang='lat' dir='ltr'><strong><em>et</em></strong></span> <span class='ocrx_word' id='word_1_675' title='bbox 2137 3380 2372 3451; x_wconf 90' lang='lat' dir='ltr'><strong><em>publicas</em></strong></span> <span class='ocrx_word' id='word_1_676' title='bbox 2394 3382 2803 3452; x_wconf 80' lang='lat' dir='ltr'><strong><em>supplicationes</em></strong></span> <span class='ocrx_word' id='word_1_677' title='bbox 2836 3384 3010 3454; x_wconf 74' lang='lat' dir='ltr'><strong><em>effusa:</em></strong></span> <span class='ocrx_word' id='word_1_678' title='bbox 3047 3394 3187 3439; x_wconf 88' lang='lat' dir='ltr'><strong><em>sunt.</em></strong></span> <span class='ocrx_word' id='word_1_679' title='bbox 3221 3383 3302 3438; x_wconf 86' lang='lat' dir='ltr'><strong><em>Ea</em></strong></span> <span class='ocrx_word' id='word_1_680' title='bbox 3328 3384 3479 3439; x_wconf 88' lang='lat' dir='ltr'><strong><em>clade</em></strong></span> <span class='ocrx_word' id='word_1_681' title='bbox 3516 3388 3607 3441; x_wconf 88' lang='lat' dir='ltr'><strong><em>ho-</em></strong></span> 
     </span>
    </p>
   </div>
   <div class='ocr_carea' id='block_1_96' title="bbox 2047 3474 3609 3549">
    <p class='ocr_par' dir='ltr' id='par_1_96' title="bbox 2047 3474 3609 3549">
     <span class='ocr_line' id='line_1_96' title="bbox 2047 3474 3609 3549; baseline 0.004 -23"><span class='ocrx_word' id='word_1_682' title='bbox 2047 3474 2251 3526; x_wconf 90' lang='lat' dir='ltr'><strong><em>minum</em></strong></span> <span class='ocrx_word' id='word_1_683' title='bbox 2285 3484 2512 3544; x_wconf 88' lang='lat' dir='ltr'><strong><em>quatuor</em></strong></span> <span class='ocrx_word' id='word_1_684' title='bbox 2567 3474 2761 3538; x_wconf 86' lang='lat' dir='ltr'><strong><em>millia,</em></strong></span> <span class='ocrx_word' id='word_1_685' title='bbox 2803 3477 3085 3546; x_wconf 85' lang='lat' dir='ltr'><strong><em>octingenti</em></strong></span> <span class='ocrx_word' id='word_1_686' title='bbox 3147 3484 3196 3529; x_wconf 91' lang='lat' dir='ltr'><strong><em>et</em></strong></span> <span class='ocrx_word' id='word_1_687' title='bbox 3272 3479 3609 3549; x_wconf 87' lang='lat' dir='ltr'><strong><em>septuaginta</em></strong></span> 
     </span>
    </p>
   </div>
   <div class='ocr_carea' id='block_1_97' title="bbox 2047 3563 3617 3633">
    <p class='ocr_par' dir='ltr' id='par_1_97' title="bbox 2047 3563 3617 3633">
     <span class='ocr_line' id='line_1_97' title="bbox 2047 3563 3617 3633; baseline 0.004 -20"><span class='ocrx_word' id='word_1_688' title='bbox 2047 3564 2267 3632; x_wconf 74' lang='lat' dir='ltr'><strong><em>periere.</em></strong></span> <span class='ocrx_word' id='word_1_689' title='bbox 2299 3563 2423 3617; x_wconf 64' lang='lat' dir='ltr'><strong><em>Ilaec</em></strong></span> <span class='ocrx_word' id='word_1_690' title='bbox 2470 3563 2858 3633; x_wconf 86' lang='lat' dir='ltr'><strong><em>TheOphanes,</em></strong></span> <span class='ocrx_word' id='word_1_691' title='bbox 2893 3565 3034 3618; x_wconf 89' lang='lat' dir='ltr'><strong><em>nihil</em></strong></span> <span class='ocrx_word' id='word_1_692' title='bbox 3072 3565 3220 3619; x_wconf 90' lang='lat' dir='ltr'><strong><em>aliud</em></strong></span> <span class='ocrx_word' id='word_1_693' title='bbox 3272 3572 3617 3620; x_wconf 85' lang='lat' dir='ltr'><strong><em>memorante</em></strong></span> 
     </span>
    </p>
   </div>
   <div class='ocr_carea' id='block_1_98' title="bbox 2049 3653 3615 3725">
    <p class='ocr_par' dir='ltr' id='par_1_98' title="bbox 2049 3653 3615 3725">
     <span class='ocr_line' id='line_1_98' title="bbox 2049 3653 3615 3725; baseline -0.001 -16"><span class='ocrx_word' id='word_1_694' title='bbox 2049 3654 2307 3725; x_wconf 80' lang='lat' dir='ltr'><strong><em>Evagrio,</em></strong></span> <span class='ocrx_word' id='word_1_695' title='bbox 2354 3669 2520 3724; x_wconf 88' lang='lat' dir='ltr'><strong><em>quam</em></strong></span> <span class='ocrx_word' id='word_1_696' title='bbox 2546 3653 2739 3724; x_wconf 88' lang='lat' dir='ltr'><strong><em>elapsis</em></strong></span> <span class='ocrx_word' id='word_1_697' title='bbox 2768 3654 2990 3724; x_wconf 86' lang='lat' dir='ltr'><strong><em>triginta</em></strong></span> <span class='ocrx_word' id='word_1_698' title='bbox 3029 3655 3312 3720; x_wconf 87' lang='lat' dir='ltr'><strong><em>mensibus,</em></strong></span> <span class='ocrx_word' id='word_1_699' title='bbox 3341 3655 3464 3709; x_wconf 87' lang='lat' dir='ltr'><strong><em>aliis</em></strong></span> <span class='ocrx_word' id='word_1_700' title='bbox 3494 3671 3615 3709; x_wconf 84' lang='lat' dir='ltr'><strong><em>rur-</em></strong></span> 
     </span>
    </p>
   </div>
   <div class='ocr_carea' id='block_1_99' title="bbox 2049 3744 3612 3815">
    <p class='ocr_par' dir='ltr' id='par_1_99' title="bbox 2049 3744 3612 3815">
     <span class='ocr_line' id='line_1_99' title="bbox 2049 3744 3612 3815; baseline 0 -16"><span class='ocrx_word' id='word_1_701' title='bbox 2049 3762 2165 3799; x_wconf 88' lang='lat' dir='ltr'><strong><em>sum</em></strong></span> <span class='ocrx_word' id='word_1_702' title='bbox 2183 3745 2406 3799; x_wconf 90' lang='lat' dir='ltr'><strong><em>motibus</em></strong></span> <span class='ocrx_word' id='word_1_703' title='bbox 2432 3744 2611 3798; x_wconf 87' lang='lat' dir='ltr'><strong><em>urbem</em></strong></span> <span class='ocrx_word' id='word_1_704' title='bbox 2633 3744 3009 3815; x_wconf 80' lang='lat' dir='ltr'><strong><em>labefactatam</em></strong></span> <span class='ocrx_word' id='word_1_705' title='bbox 3025 3761 3150 3799; x_wconf 86' lang='lat' dir='ltr'><strong><em>esse.</em></strong></span> <span class='ocrx_word' id='word_1_706' title='bbox 3170 3745 3473 3815; x_wconf 87' lang='lat' dir='ltr'><strong><em>Procopius</em></strong></span> <span class='ocrx_word' id='word_1_707' title='bbox 3488 3745 3612 3800; x_wconf 88' lang='lat' dir='ltr'><strong><em>nul-</em></strong></span> 
     </span>
    </p>
   </div>
   <div class='ocr_carea' id='block_1_100' title="bbox 2049 3818 3612 3904">
    <p class='ocr_par' dir='ltr' id='par_1_100' title="bbox 2049 3818 3612 3904">
     <span class='ocr_line' id='line_1_100' title="bbox 2049 3818 3612 3904; baseline 0.002 -15"><span class='ocrx_word' id='word_1_708' title='bbox 2049 3835 2156 3889; x_wconf 86' lang='lat' dir='ltr'><strong><em>lam</em></strong></span> <span class='ocrx_word' id='word_1_709' title='bbox 2183 3834 2409 3890; x_wconf 89' lang='lat' dir='ltr'><strong><em>omnino</em></strong></span> <span class='ocrx_word' id='word_1_710' title='bbox 2433 3818 2613 3904; x_wconf 47' lang='lat' dir='ltr'><strong><em>hujus&#39;</em></strong></span> <span class='ocrx_word' id='word_1_711' title='bbox 2627 3834 2857 3890; x_wconf 88' lang='lat' dir='ltr'><strong><em>secundi</em></strong></span> <span class='ocrx_word' id='word_1_712' title='bbox 2881 3843 3065 3890; x_wconf 88' lang='lat' dir='ltr'><strong><em>motus</em></strong></span> <span class='ocrx_word' id='word_1_713' title='bbox 3080 3833 3209 3890; x_wconf 81' lang='lat' dir='ltr'><strong><em>facit</em></strong></span> <span class='ocrx_word' id='word_1_714' title='bbox 3233 3835 3568 3891; x_wconf 87' lang='lat' dir='ltr'><strong><em>mentionem</em></strong></span> <span class='ocrx_word' id='word_1_715' title='bbox 3596 3853 3612 3892; x_wconf 87' lang='lat'><strong>:</strong></span> 
     </span>
    </p>
   </div>
   <div class='ocr_carea' id='block_1_101' title="bbox 2049 3925 3613 3996">
    <p class='ocr_par' dir='ltr' id='par_1_101' title="bbox 2049 3925 3613 3996">
     <span class='ocr_line' id='line_1_101' title="bbox 2049 3925 3613 3996; baseline 0.003 -17"><span class='ocrx_word' id='word_1_716' title='bbox 2049 3925 2118 3980; x_wconf 88' lang='lat' dir='ltr'><strong><em>de</em></strong></span> <span class='ocrx_word' id='word_1_717' title='bbox 2147 3926 2334 3995; x_wconf 88' lang='lat' dir='ltr'><strong><em>priore</em></strong></span> <span class='ocrx_word' id='word_1_718' title='bbox 2361 3926 2476 3981; x_wconf 72' lang='lat' dir='ltr'><strong><em>haec</em></strong></span> <span class='ocrx_word' id='word_1_719' title='bbox 2504 3927 2850 3981; x_wconf 87' lang='lat' dir='ltr'><strong><em>solummodo</em></strong></span> <span class='ocrx_word' id='word_1_720' title='bbox 2874 3925 3044 3980; x_wconf 84' lang='lat' dir='ltr'><strong><em>refert</em></strong></span> <span class='ocrx_word' id='word_1_721' title='bbox 3068 3926 3166 3980; x_wconf 87' lang='lat' dir='ltr'><strong><em>lib.</em></strong></span> <span class='ocrx_word' id='word_1_722' title='bbox 3199 3942 3257 3989; x_wconf 82' lang='grc' dir='ltr'><strong><em>ιι,</em></strong></span> <span class='ocrx_word' id='word_1_723' title='bbox 3282 3941 3402 3996; x_wconf 85' lang='lat' dir='ltr'><strong><em>cap.</em></strong></span> <span class='ocrx_word' id='word_1_724' title='bbox 3434 3928 3516 3991; x_wconf 73' lang='grc'><strong><em>14,</em></strong></span> <span class='ocrx_word' id='word_1_725' title='bbox 3544 3928 3613 3983; x_wconf 72' lang='lat' dir='ltr'><strong><em>de</em></strong></span> 
     </span>
    </p>
   </div>
   <div class='ocr_carea' id='block_1_102' title="bbox 2063 4015 3610 4085">
    <p class='ocr_par' dir='ltr' id='par_1_102' title="bbox 2063 4015 3610 4085">
     <span class='ocr_line' id='line_1_102' title="bbox 2063 4015 3610 4085; baseline 0.002 -16"><span class='ocrx_word' id='word_1_726' title='bbox 2063 4016 2207 4070; x_wconf 85' lang='lat' dir='ltr'><strong><em>bello</em></strong></span> <span class='ocrx_word' id='word_1_727' title='bbox 2235 4015 2454 4071; x_wconf 86' lang='lat' dir='ltr'><strong><em>Persico</em></strong></span> <span class='ocrx_word' id='word_1_728' title='bbox 2489 4034 2502 4070; x_wconf 89' lang='lat'>:</span> <span class='ocrx_word' id='word_1_729' title='bbox 2541 4015 2671 4071; x_wconf 88' lang='lat' dir='ltr'><strong><em>Cum</em></strong></span> <span class='ocrx_word' id='word_1_730' title='bbox 2721 4016 2964 4070; x_wconf 82' lang='lat' dir='ltr'><strong><em>Justinus</em></strong></span> <span class='ocrx_word' id='word_1_731' title='bbox 3007 4015 3257 4069; x_wconf 83' lang='lat' dir='ltr'><strong><em>Romanis</em></strong></span> <span class='ocrx_word' id='word_1_732' title='bbox 3306 4016 3610 4085; x_wconf 82' lang='lat' dir='ltr'><strong><em>imperaret,</em></strong></span> 
     </span>
    </p>
   </div>
   <div class='ocr_carea' id='block_1_103' title="bbox 2051 4108 3608 4178">
    <p class='ocr_par' dir='ltr' id='par_1_103' title="bbox 2051 4108 3608 4178">
     <span class='ocr_line' id='line_1_103' title="bbox 2051 4108 3608 4178; baseline 0 -17"><span class='ocrx_word' id='word_1_733' title='bbox 2051 4118 2160 4162; x_wconf 91' lang='lat' dir='ltr'><strong><em>tota</em></strong></span> <span class='ocrx_word' id='word_1_734' title='bbox 2191 4109 2421 4162; x_wconf 72' lang='lat' dir='ltr'><strong><em>maximo</em></strong></span> <span class='ocrx_word' id='word_1_735' title='bbox 2448 4116 2602 4162; x_wconf 72' lang='lat' dir='ltr'><strong><em>terra:</em></strong></span> <span class='ocrx_word' id='word_1_736' title='bbox 2642 4118 2783 4162; x_wconf 89' lang='lat' dir='ltr'><strong><em>motu</em></strong></span> <span class='ocrx_word' id='word_1_737' title='bbox 2821 4118 3170 4178; x_wconf 87' lang='lat' dir='ltr'><strong><em>conquassata</em></strong></span> <span class='ocrx_word' id='word_1_738' title='bbox 3200 4108 3341 4170; x_wconf 74' lang='lat' dir='ltr'><strong><em>urbe,</em></strong></span> <span class='ocrx_word' id='word_1_739' title='bbox 3380 4108 3608 4178; x_wconf 87' lang='lat' dir='ltr'><strong><em>plurima</em></strong></span> 
     </span>
    </p>
   </div>
   <div class='ocr_carea' id='block_1_104' title="bbox 2051 4199 3607 4273">
    <p class='ocr_par' dir='ltr' id='par_1_104' title="bbox 2051 4199 3607 4273">
     <span class='ocr_line' id='line_1_104' title="bbox 2051 4199 3607 4273; baseline 0 -19"><span class='ocrx_word' id='word_1_740' title='bbox 2051 4201 2562 4273; x_wconf 74' lang='lat' dir='ltr'><strong><em>prwclarissimaque</em></strong></span> <span class='ocrx_word' id='word_1_741' title='bbox 2616 4199 2841 4269; x_wconf 62' lang='lat' dir='ltr'><strong><em>nidiﬁcia</em></strong></span> <span class='ocrx_word' id='word_1_742' title='bbox 2910 4201 3076 4254; x_wconf 89' lang='lat' dir='ltr'><strong><em>subito</em></strong></span> <span class='ocrx_word' id='word_1_743' title='bbox 3118 4211 3426 4255; x_wconf 89' lang='lat' dir='ltr'><strong><em>corruerunt</em></strong></span> <span class='ocrx_word' id='word_1_744' title='bbox 3475 4219 3494 4255; x_wconf 91' lang='lat'><em>:</em></span> <span class='ocrx_word' id='word_1_745' title='bbox 3556 4211 3607 4257; x_wconf 88' lang='lat' dir='ltr'><strong><em>et</em></strong></span> 
     </span>
    </p>
   </div>
   <div class='ocr_carea' id='block_1_105' title="bbox 2052 4292 3616 4365">
    <p class='ocr_par' dir='ltr' id='par_1_105' title="bbox 2052 4292 3616 4365">
     <span class='ocr_line' id='line_1_105' title="bbox 2052 4292 3616 4365; baseline 0.001 -19"><span class='ocrx_word' id='word_1_746' title='bbox 2052 4295 2198 4364; x_wconf 87' lang='lat' dir='ltr'><strong><em>fama</em></strong></span> <span class='ocrx_word' id='word_1_747' title='bbox 2236 4294 2428 4348; x_wconf 88' lang='lat' dir='ltr'><strong><em>obtinet</em></strong></span> <span class='ocrx_word' id='word_1_748' title='bbox 2463 4294 2719 4348; x_wconf 87' lang='lat' dir='ltr'><strong><em>interiisse</em></strong></span> <span class='ocrx_word' id='word_1_749' title='bbox 2752 4300 2873 4347; x_wconf 86' lang='lat' dir='ltr'><strong><em>tunc</em></strong></span> <span class='ocrx_word' id='word_1_750' title='bbox 2901 4293 3149 4365; x_wconf 83' lang='lat' dir='ltr'><strong><em>temporis</em></strong></span> <span class='ocrx_word' id='word_1_751' title='bbox 3177 4292 3616 4348; x_wconf 82' lang='lat' dir='ltr'><strong><em>Antiochenorum</em></strong></span> 
     </span>
    </p>
   </div>
   <div class='ocr_carea' id='block_1_106' title="bbox 2052 4382 2502 4443">
    <p class='ocr_par' dir='ltr' id='par_1_106' title="bbox 2052 4382 2502 4443">
     <span class='ocr_line' id='line_1_106' title="bbox 2052 4382 2502 4443; baseline 0.004 -7"><span class='ocrx_word' id='word_1_752' title='bbox 2052 4387 2284 4438; x_wconf 86' lang='lat' dir='ltr'><strong><em>trecenta</em></strong></span> <span class='ocrx_word' id='word_1_753' title='bbox 2311 4382 2502 4443; x_wconf 88' lang='lat' dir='ltr'><strong><em>millia.</em></strong></span> 
     </span>
    </p>
   </div>
   <div class='ocr_carea' id='block_1_107' title="bbox 2130 4474 3607 4548">
    <p class='ocr_par' dir='ltr' id='par_1_107' title="bbox 2130 4474 3607 4548">
     <span class='ocr_line' id='line_1_107' title="bbox 2130 4474 3607 4548; baseline 0 -19"><span class='ocrx_word' id='word_1_754' title='bbox 2130 4475 2217 4531; x_wconf 80' lang='lat' dir='ltr'><strong><em>i9.</em></strong></span> <span class='ocrx_word' id='word_1_755' title='bbox 2254 4476 2438 4533; x_wconf 87' lang='lat' dir='ltr'><strong><em>Posito</em></strong></span> <span class='ocrx_word' id='word_1_756' title='bbox 2462 4477 2573 4548; x_wconf 90' lang='lat' dir='ltr'><strong><em>jam</em></strong></span> <span class='ocrx_word' id='word_1_757' title='bbox 2610 4474 2899 4546; x_wconf 87' lang='lat' dir='ltr'><strong><em>utriusque</em></strong></span> <span class='ocrx_word' id='word_1_758' title='bbox 2927 4483 3088 4531; x_wconf 83' lang='lat' dir='ltr'><strong><em>teme</em></strong></span> <span class='ocrx_word' id='word_1_759' title='bbox 3130 4483 3312 4531; x_wconf 90' lang='lat' dir='ltr'><strong><em>motus</em></strong></span> <span class='ocrx_word' id='word_1_760' title='bbox 3345 4474 3607 4531; x_wconf 88' lang='lat' dir='ltr'><strong><em>determi-</em></strong></span> 
     </span>
    </p>
   </div>
   <div class='ocr_carea' id='block_1_108' title="bbox 2060 4554 3617 4638">
    <p class='ocr_par' dir='ltr' id='par_1_108' title="bbox 2060 4554 3617 4638">
     <span class='ocr_line' id='line_1_108' title="bbox 2060 4554 3617 4638; baseline 0.001 -17"><span class='ocrx_word' id='word_1_761' title='bbox 2060 4576 2190 4621; x_wconf 89' lang='lat' dir='ltr'><strong><em>nato</em></strong></span> <span class='ocrx_word' id='word_1_762' title='bbox 2216 4577 2483 4638; x_wconf 86' lang='lat' dir='ltr'><strong><em>tempore,</em></strong></span> <span class='ocrx_word' id='word_1_763' title='bbox 2512 4554 2742 4623; x_wconf 81' lang='lat' dir='ltr'><strong><em>alterius</em></strong></span> <span class='ocrx_word' id='word_1_764' title='bbox 2770 4583 2914 4625; x_wconf 88' lang='lat' dir='ltr'><strong><em>anno</em></strong></span> <span class='ocrx_word' id='word_1_765' title='bbox 2938 4566 3344 4624; x_wconf 85' lang='lat' dir='ltr'><strong><em>Justinioctavo</em></strong></span> <span class='ocrx_word' id='word_1_766' title='bbox 3359 4577 3617 4631; x_wconf 81' lang='lat' dir='ltr'><strong><em>exeunte,</em></strong></span> 
     </span>
    </p>
   </div>
   <div class='ocr_carea' id='block_1_109' title="bbox 2061 4656 3618 4727">
    <p class='ocr_par' dir='ltr' id='par_1_109' title="bbox 2061 4656 3618 4727">
     <span class='ocr_line' id='line_1_109' title="bbox 2061 4656 3618 4727; baseline -0.001 -17"><span class='ocrx_word' id='word_1_767' title='bbox 2061 4657 2301 4727; x_wconf 85' lang='lat' dir='ltr'><strong><em>vulgaris</em></strong></span> <span class='ocrx_word' id='word_1_768' title='bbox 2332 4672 2453 4711; x_wconf 56' lang='lat' dir='ltr'><strong><em>{erat</em></strong></span> <span class='ocrx_word' id='word_1_769' title='bbox 2477 4656 2600 4720; x_wconf 74' lang='grc'><strong><em>526,</em></strong></span> <span class='ocrx_word' id='word_1_770' title='bbox 2622 4657 2880 4711; x_wconf 88' lang='lat' dir='ltr'><strong><em>vicesima</em></strong></span> <span class='ocrx_word' id='word_1_771' title='bbox 2903 4671 3049 4711; x_wconf 88' lang='lat' dir='ltr'><strong><em>nona</em></strong></span> <span class='ocrx_word' id='word_1_772' title='bbox 3073 4656 3163 4712; x_wconf 88' lang='lat' dir='ltr'><strong><em>die</em></strong></span> <span class='ocrx_word' id='word_1_773' title='bbox 3200 4657 3324 4712; x_wconf 82' lang='lat' dir='ltr'><strong><em>Maii</em></strong></span> <span class='ocrx_word' id='word_1_774' title='bbox 3347 4673 3362 4721; x_wconf 94' lang='lat'><strong><em>;</em></strong></span> <span class='ocrx_word' id='word_1_775' title='bbox 3390 4656 3618 4711; x_wconf 88' lang='lat' dir='ltr'><strong><em>alterius</em></strong></span> 
     </span>
    </p>
   </div>
   <div class='ocr_carea' id='block_1_110' title="bbox 2060 4744 3622 4814">
    <p class='ocr_par' dir='ltr' id='par_1_110' title="bbox 2060 4744 3622 4814">
     <span class='ocr_line' id='line_1_110' title="bbox 2060 4744 3622 4814; baseline 0.001 -15"><span class='ocrx_word' id='word_1_776' title='bbox 2060 4760 2203 4799; x_wconf 89' lang='lat' dir='ltr'><strong><em>anno</em></strong></span> <span class='ocrx_word' id='word_1_777' title='bbox 2247 4744 2537 4800; x_wconf 84' lang='lat' dir='ltr'><strong><em>Justiniani</em></strong></span> <span class='ocrx_word' id='word_1_778' title='bbox 2563 4744 2828 4808; x_wconf 86' lang='lat' dir='ltr'><strong><em>secundo,</em></strong></span> <span class='ocrx_word' id='word_1_779' title='bbox 2876 4760 3002 4799; x_wconf 66' lang='lat' dir='ltr'><strong><em>atrae</em></strong></span> <span class='ocrx_word' id='word_1_780' title='bbox 3041 4745 3280 4814; x_wconf 83' lang='lat' dir='ltr'><strong><em>vulgaris</em></strong></span> <span class='ocrx_word' id='word_1_781' title='bbox 3321 4744 3449 4810; x_wconf 83' lang='grc'><strong><em>528,</em></strong></span> <span class='ocrx_word' id='word_1_782' title='bbox 3475 4745 3622 4800; x_wconf 87' lang='lat' dir='ltr'><strong><em>vice-</em></strong></span> 
     </span>
    </p>
   </div>
   <div class='ocr_carea' id='block_1_111' title="bbox 2060 4836 3618 4907">
    <p class='ocr_par' dir='ltr' id='par_1_111' title="bbox 2060 4836 3618 4907">
     <span class='ocr_line' id='line_1_111' title="bbox 2060 4836 3618 4907; baseline -0.001 -16"><span class='ocrx_word' id='word_1_783' title='bbox 2060 4836 2199 4891; x_wconf 86' lang='lat' dir='ltr'><strong><em>sima</em></strong></span> <span class='ocrx_word' id='word_1_784' title='bbox 2244 4852 2387 4893; x_wconf 87' lang='lat' dir='ltr'><strong><em>nona</em></strong></span> <span class='ocrx_word' id='word_1_785' title='bbox 2445 4837 2533 4892; x_wconf 88' lang='lat' dir='ltr'><strong><em>die</em></strong></span> <span class='ocrx_word' id='word_1_786' title='bbox 2581 4837 2942 4903; x_wconf 84' lang='lat' dir='ltr'><strong><em>Novembris;</em></strong></span> <span class='ocrx_word' id='word_1_787' title='bbox 3014 4836 3381 4907; x_wconf 86' lang='lat' dir='ltr'><strong><em>indagandum</em></strong></span> <span class='ocrx_word' id='word_1_788' title='bbox 3429 4843 3618 4900; x_wconf 86' lang='lat' dir='ltr'><strong><em>restat,</em></strong></span> 
     </span>
    </p>
   </div>
   <div class='ocr_carea' id='block_1_112' title="bbox 2063 4920 3620 4993">
    <p class='ocr_par' dir='ltr' id='par_1_112' title="bbox 2063 4920 3620 4993">
     <span class='ocr_line' id='line_1_112' title="bbox 2063 4920 3620 4993; baseline 0 -16"><span class='ocrx_word' id='word_1_789' title='bbox 2063 4924 2168 4978; x_wconf 92' lang='lat' dir='ltr'><strong><em>utri</em></strong></span> <span class='ocrx_word' id='word_1_790' title='bbox 2195 4924 2537 4993; x_wconf 86' lang='lat' dir='ltr'><strong><em>potissimum</em></strong></span> <span class='ocrx_word' id='word_1_791' title='bbox 2558 4924 2850 4978; x_wconf 85' lang='lat' dir='ltr'><strong><em>conveniat</em></strong></span> <span class='ocrx_word' id='word_1_792' title='bbox 2872 4932 3053 4977; x_wconf 88' lang='lat' dir='ltr'><strong><em>motus</em></strong></span> <span class='ocrx_word' id='word_1_793' title='bbox 3078 4923 3187 4986; x_wconf 88' lang='lat' dir='ltr'><strong><em>ille,</em></strong></span> <span class='ocrx_word' id='word_1_794' title='bbox 3219 4922 3334 4991; x_wconf 89' lang='lat' dir='ltr'><strong><em>qui,</em></strong></span> <span class='ocrx_word' id='word_1_795' title='bbox 3362 4920 3620 4992; x_wconf 83' lang='lat' dir='ltr'><strong><em>Symeone</em></strong></span> 
     </span>
    </p>
   </div>
   <div class='ocr_carea' id='block_1_113' title="bbox 2061 5010 3621 5084">
    <p class='ocr_par' dir='ltr' id='par_1_113' title="bbox 2061 5010 3621 5084">
     <span class='ocr_line' id='line_1_113' title="bbox 2061 5010 3621 5084; baseline -0.001 -17"><span class='ocrx_word' id='word_1_796' title='bbox 2061 5020 2253 5067; x_wconf 90' lang='lat' dir='ltr'><strong><em>nostro</em></strong></span> <span class='ocrx_word' id='word_1_797' title='bbox 2277 5013 2389 5084; x_wconf 86' lang='lat' dir='ltr'><strong><em>jam</em></strong></span> <span class='ocrx_word' id='word_1_798' title='bbox 2418 5013 2663 5083; x_wconf 87' lang='lat' dir='ltr'><strong><em>quinque</em></strong></span> <span class='ocrx_word' id='word_1_799' title='bbox 2699 5029 2872 5068; x_wconf 87' lang='lat' dir='ltr'><strong><em>annos</em></strong></span> <span class='ocrx_word' id='word_1_800' title='bbox 2902 5020 3050 5077; x_wconf 89' lang='lat' dir='ltr'><strong><em>nato,</em></strong></span> <span class='ocrx_word' id='word_1_801' title='bbox 3089 5010 3433 5067; x_wconf 83' lang='lat' dir='ltr'><strong><em>Antiochiam</em></strong></span> <span class='ocrx_word' id='word_1_802' title='bbox 3487 5026 3621 5065; x_wconf 88' lang='lat' dir='ltr'><strong><em>con-</em></strong></span> 
     </span>
    </p>
   </div>
   <div class='ocr_carea' id='block_1_114' title="bbox 2060 5103 3625 5176">
    <p class='ocr_par' dir='ltr' id='par_1_114' title="bbox 2060 5103 3625 5176">
     <span class='ocr_line' id='line_1_114' title="bbox 2060 5103 3625 5176; baseline -0.002 -17"><span class='ocrx_word' id='word_1_803' title='bbox 2060 5105 2251 5159; x_wconf 89' lang='lat' dir='ltr'><strong><em>cussit.</em></strong></span> <span class='ocrx_word' id='word_1_804' title='bbox 2285 5104 2376 5160; x_wconf 90' lang='lat' dir='ltr'><strong><em>Sic</em></strong></span> <span class='ocrx_word' id='word_1_805' title='bbox 2395 5120 2496 5176; x_wconf 85' lang='lat' dir='ltr'><strong><em>ego</em></strong></span> <span class='ocrx_word' id='word_1_806' title='bbox 2530 5113 2732 5159; x_wconf 88' lang='lat' dir='ltr'><strong><em>statuo.</em></strong></span> <span class='ocrx_word' id='word_1_807' title='bbox 2777 5104 2912 5158; x_wconf 87' lang='lat' dir='ltr'><strong><em>Cum</em></strong></span> <span class='ocrx_word' id='word_1_808' title='bbox 2965 5103 3129 5157; x_wconf 90' lang='lat' dir='ltr'><strong><em>unius</em></strong></span> <span class='ocrx_word' id='word_1_809' title='bbox 3164 5110 3372 5155; x_wconf 88' lang='lat' dir='ltr'><strong><em>tantum</em></strong></span> <span class='ocrx_word' id='word_1_810' title='bbox 3440 5112 3625 5157; x_wconf 80' lang='lat' dir='ltr'><strong><em>motus</em></strong></span> 
     </span>
    </p>
   </div>
   <div class='ocr_carea' id='block_1_115' title="bbox 2060 5192 3624 5265">
    <p class='ocr_par' dir='ltr' id='par_1_115' title="bbox 2060 5192 3624 5265">
     <span class='ocr_line' id='line_1_115' title="bbox 2060 5192 3624 5265; baseline -0.003 -15"><span class='ocrx_word' id='word_1_811' title='bbox 2060 5198 2282 5252; x_wconf 88' lang='lat' dir='ltr'><strong><em>circiter</em></strong></span> <span class='ocrx_word' id='word_1_812' title='bbox 2317 5196 2450 5251; x_wconf 90' lang='lat' dir='ltr'><strong><em>illud</em></strong></span> <span class='ocrx_word' id='word_1_813' title='bbox 2476 5204 2691 5265; x_wconf 86' lang='lat' dir='ltr'><strong><em>tempus</em></strong></span> <span class='ocrx_word' id='word_1_814' title='bbox 2729 5193 3045 5248; x_wconf 81' lang='lat' dir='ltr'><strong><em>meminerit</em></strong></span> <span class='ocrx_word' id='word_1_815' title='bbox 3070 5193 3203 5247; x_wconf 77' lang='lat' dir='ltr'><strong><em>Vitae</em></strong></span> <span class='ocrx_word' id='word_1_816' title='bbox 3234 5205 3447 5256; x_wconf 60' lang='lat' dir='ltr'><strong><em>aucror,</em></strong></span> <span class='ocrx_word' id='word_1_817' title='bbox 3477 5192 3624 5247; x_wconf 84' lang='lat' dir='ltr'><strong><em>illius</em></strong></span> 
     </span>
    </p>
   </div>
   <div class='ocr_carea' id='block_1_116' title="bbox 2062 5281 3623 5355">
    <p class='ocr_par' dir='ltr' id='par_1_116' title="bbox 2062 5281 3623 5355">
     <span class='ocr_line' id='line_1_116' title="bbox 2062 5281 3623 5355; baseline -0.004 -14"><span class='ocrx_word' id='word_1_818' title='bbox 2062 5287 2397 5345; x_wconf 81' lang='lat' dir='ltr'><strong><em>melninisse,</em></strong></span> <span class='ocrx_word' id='word_1_819' title='bbox 2422 5286 2514 5355; x_wconf 88' lang='lat' dir='ltr'><strong><em>qui</em></strong></span> <span class='ocrx_word' id='word_1_820' title='bbox 2537 5286 2767 5339; x_wconf 78' lang='lat' dir='ltr'><strong><em>maxime</em></strong></span> <span class='ocrx_word' id='word_1_821' title='bbox 2787 5285 3092 5347; x_wconf 86' lang='lat' dir='ltr'><strong><em>luctuosus,</em></strong></span> <span class='ocrx_word' id='word_1_822' title='bbox 3113 5283 3204 5352; x_wconf 83' lang='lat' dir='ltr'><strong><em>qui</em></strong></span> <span class='ocrx_word' id='word_1_823' title='bbox 3219 5282 3387 5336; x_wconf 85' lang='lat' dir='ltr'><strong><em>variis</em></strong></span> <span class='ocrx_word' id='word_1_824' title='bbox 3408 5281 3623 5337; x_wconf 77' lang='lat' dir='ltr'><strong><em>eventi-</em></strong></span> 
     </span>
    </p>
   </div>
   <div class='ocr_carea' id='block_1_117' title="bbox 2060 5371 3626 5444">
    <p class='ocr_par' dir='ltr' id='par_1_117' title="bbox 2060 5371 3626 5444">
     <span class='ocr_line' id='line_1_117' title="bbox 2060 5371 3626 5444; baseline -0.003 -13"><span class='ocrx_word' id='word_1_825' title='bbox 2060 5379 2165 5433; x_wconf 90' lang='lat' dir='ltr'><strong><em>bus</em></strong></span> <span class='ocrx_word' id='word_1_826' title='bbox 2185 5376 2616 5437; x_wconf 87' lang='lat' dir='ltr'><strong><em>memorabilior,</em></strong></span> <span class='ocrx_word' id='word_1_827' title='bbox 2634 5375 2728 5444; x_wconf 84' lang='lat' dir='ltr'><strong><em>qui</em></strong></span> <span class='ocrx_word' id='word_1_828' title='bbox 2780 5374 2920 5427; x_wconf 80' lang='lat' dir='ltr'><strong><em>fama</em></strong></span> <span class='ocrx_word' id='word_1_829' title='bbox 2954 5374 3118 5427; x_wconf 79' lang='lat' dir='ltr'><strong><em>latius</em></strong></span> <span class='ocrx_word' id='word_1_830' title='bbox 3172 5372 3342 5431; x_wconf 79' lang='lat' dir='ltr'><strong><em>didita</em></strong></span> <span class='ocrx_word' id='word_1_831' title='bbox 3370 5371 3626 5440; x_wconf 84' lang='lat' dir='ltr'><strong><em>pluribus</em></strong></span> 
     </span>
    </p>
   </div>
   <div class='ocr_carea' id='block_1_118' title="bbox 2061 5451 3626 5531">
    <p class='ocr_par' dir='ltr' id='par_1_118' title="bbox 2061 5451 3626 5531">
     <span class='ocr_line' id='line_1_118' title="bbox 2061 5451 3626 5531; baseline -0.007 -10"><span class='ocrx_word' id='word_1_832' title='bbox 2061 5476 2224 5521; x_wconf 88' lang='lat' dir='ltr'><strong><em>notus</em></strong></span> <span class='ocrx_word' id='word_1_833' title='bbox 2245 5466 2365 5520; x_wconf 80' lang='lat' dir='ltr'><strong><em>fuit.</em></strong></span> <span class='ocrx_word' id='word_1_834' title='bbox 2389 5465 2540 5519; x_wconf 86' lang='lat' dir='ltr'><strong><em>Talia</em></strong></span> <span class='ocrx_word' id='word_1_835' title='bbox 2573 5465 2720 5519; x_wconf 83' lang='lat' dir='ltr'><strong><em>enim</em></strong></span> <span class='ocrx_word' id='word_1_836' title='bbox 2755 5462 3045 5516; x_wconf 87' lang='lat' dir='ltr'><strong><em>memorari</em></strong></span> <span class='ocrx_word' id='word_1_837' title='bbox 3108 5451 3478 5531; x_wconf 76' lang='lat' dir='ltr'><strong><em>scriptoribus</em></strong></span> <span class='ocrx_word' id='word_1_838' title='bbox 3522 5460 3626 5514; x_wconf 87' lang='lat' dir='ltr'><strong><em>im-</em></strong></span> 
     </span>
    </p>
   </div>
   <div class='ocr_carea' id='block_1_119' title="bbox 2062 5547 3625 5628">
    <p class='ocr_par' dir='ltr' id='par_1_119' title="bbox 2062 5547 3625 5628">
     <span class='ocr_line' id='line_1_119' title="bbox 2062 5547 3625 5628; baseline -0.006 -17"><span class='ocrx_word' id='word_1_839' title='bbox 2062 5554 2775 5628; x_wconf 80' lang='lat' dir='ltr'><strong><em>primissolent,pra:scrtim</em></strong></span> <span class='ocrx_word' id='word_1_840' title='bbox 2799 5568 2923 5606; x_wconf 89' lang='lat' dir='ltr'><strong><em>cum</em></strong></span> <span class='ocrx_word' id='word_1_841' title='bbox 2950 5559 3100 5607; x_wconf 86' lang='lat' dir='ltr'><strong><em>certo</em></strong></span> <span class='ocrx_word' id='word_1_842' title='bbox 3133 5560 3382 5620; x_wconf 86' lang='lat' dir='ltr'><strong><em>tempore</em></strong></span> <span class='ocrx_word' id='word_1_843' title='bbox 3412 5547 3625 5618; x_wconf 81' lang='lat' dir='ltr'><strong><em>aliquid</em></strong></span> 
     </span>
    </p>
   </div>
   <div class='ocr_carea' id='block_1_120' title="bbox 2060 5640 3629 5715">
    <p class='ocr_par' dir='ltr' id='par_1_120' title="bbox 2060 5640 3629 5715">
     <span class='ocr_line' id='line_1_120' title="bbox 2060 5640 3629 5715; baseline -0.008 -13"><span class='ocrx_word' id='word_1_844' title='bbox 2060 5647 2349 5711; x_wconf 85' lang='lat' dir='ltr'><strong><em>evenisse,</em></strong></span> <span class='ocrx_word' id='word_1_845' title='bbox 2421 5660 2738 5715; x_wconf 81' lang='lat' dir='ltr'><strong><em>expressum</em></strong></span> <span class='ocrx_word' id='word_1_846' title='bbox 2804 5642 3077 5712; x_wconf 87' lang='lat' dir='ltr'><strong><em>cupiunt;</em></strong></span> <span class='ocrx_word' id='word_1_847' title='bbox 3158 5640 3629 5711; x_wconf 50' lang='lat' dir='ltr'><strong><em>prmtermittcnti-e</em></strong></span> 
     </span>
    </p>
   </div>
   <div class='ocr_carea' id='block_1_121' title="bbox 2062 5727 3618 5803">
    <p class='ocr_par' dir='ltr' id='par_1_121' title="bbox 2062 5727 3618 5803">
     <span class='ocr_line' id='line_1_121' title="bbox 2062 5727 3618 5803; baseline -0.006 -14"><span class='ocrx_word' id='word_1_848' title='bbox 2062 5736 2162 5790; x_wconf 82' lang='lat' dir='ltr'><strong><em>bus</em></strong></span> <span class='ocrx_word' id='word_1_849' title='bbox 2189 5733 2807 5803; x_wconf 74' lang='lat' dir='ltr'><strong><em>obseurioraminnsqne</em></strong></span> <span class='ocrx_word' id='word_1_850' title='bbox 2858 5730 3093 5801; x_wconf 79' lang='lat' dir='ltr'><strong><em>cognita,</em></strong></span> <span class='ocrx_word' id='word_1_851' title='bbox 3136 5746 3200 5784; x_wconf 80' lang='lat' dir='ltr'><strong><em>ne</em></strong></span> <span class='ocrx_word' id='word_1_852' title='bbox 3259 5728 3390 5798; x_wconf 86' lang='lat' dir='ltr'><strong><em>quid</em></strong></span> <span class='ocrx_word' id='word_1_853' title='bbox 3453 5727 3618 5799; x_wconf 77' lang='lat' dir='ltr'><strong><em>igno-</em></strong></span> 
     </span>
    </p>
   </div>
  </div>
