4026 6292
498 406 640 468 2975

1779 410 1838 471 S.
1875 411 2170 471 SYMEON
2206 412 2506 471 JUNIOR.

3596 411 3721 474 2976

505 526 621 568 tum
676 530 775 585 per
823 514 975 569 aliud
1019 531 1173 586 a‘que
1200 516 1443 588 ignotum
1468 530 1557 575 aut
1612 537 1719 576 non
1754 524 1926 576 multo
1970 539 2070 577 no-
2100 532 2145 585 Α
2176 539 2279 593 pus
2312 526 2378 579 ad
2415 542 2504 579 an.
2543 526 2613 581 85
2675 526 2883 582 faciunt
2914 538 3271 581 cxcrescere:
3311 526 3461 596 quod
3492 527 3581 583 alii
3618 541 3724 599 ιοει

502 605 633 671 tius,
693 606 1011 662 confudisse
1048 608 1254 677 potius,
1315 626 1480 680 quam
1525 613 1827 669 illustrasse
1873 615 2065 669 velint.

504 695 710 761 Quidni
745 696 914 767 igitur
952 698 1020 752 ad
1074 699 1315 768 priorem
1344 710 1502 757 terra:
1522 713 1729 758 motum
1755 706 2069 775 quinquen-

503 801 628 840 nem
679 788 966 859 Symeonis
996 799 1211 846 aetatem
1252 791 1553 850 referamus
1570 796 1595 849 ?
1614 795 1803 863 Certe,
1830 798 1874 853 si
1891 797 2073 853 Theo-

506 880 671 949 phani
734 882 1049 948 credimus,
1112 898 1384 955 nunquam
1455 887 1576 941 talis
1634 888 1913 944 calamitas
1949 891 2070 946 aliis

503 971 707 1025 siccatis
731 974 914 1042 quavis
939 973 995 1026 in
1018 974 1148 1027 urbe
1166 975 1400 1046 contigit.
1424 975 1564 1042 Quid
1588 979 1805 1033 tristius
1825 989 1920 1033 aut
1949 996 2068 1035 me-

505 1061 846 1125 morabilius,
875 1077 1037 1130 quam
1066 1062 1331 1119 subversa
1363 1066 1419 1119 in
1449 1067 1587 1121 urbe
1617 1079 1860 1124 trecenta
1891 1069 2069 1124 homi-

503 1167 636 1205 num
668 1153 836 1207 millia
867 1154 1158 1222 occidisse,
1192 1157 1470 1227 publicam
1512 1160 1878 1216 calamitatem
1902 1178 2069 1219 vene-

503 1244 736 1298 randum
771 1245 1074 1302 antistitem
1099 1262 1196 1302 sua
1227 1256 1410 1304 morte
1471 1252 1709 1317 auxisse,
1743 1253 2066 1324 augustissi—

503 1350 653 1389 mum
710 1336 1101 1405 imperatorem
1158 1340 1423 1396 inusitato
1490 1342 1850 1414 inauditoque
1898 1345 2065 1399 modo

501 1414 732 1482 ldxisse?
753 1427 901 1482 Nihil
928 1428 1087 1484 istius
1110 1430 1258 1485 modi
1281 1431 1337 1486 in
1361 1434 1606 1489 secundo
1628 1443 1778 1490 motu
1799 1437 2065 1492 accidisse

501 1520 729 1590 legitur:
759 1519 869 1573 imo
906 1519 1075 1591 hujus
1144 1523 1413 1578 memoria
1462 1527 1606 1595 apud
1649 1536 1925 1594 auctores,
1969 1529 2065 1600 qui

500 1624 726 1679 propius
784 1610 852 1664 ad
897 1609 989 1664 illa
1041 1618 1285 1681 tempora
1315 1613 1604 1681 accedunt,
1652 1616 1744 1670 vix
1806 1618 1950 1682 ulla,
2005 1624 2066 1673 ut

500 1699 763 1764 vidimus,
821 1709 1018 1767 exstat,
1073 1701 1189 1757 solo
1228 1701 1562 1775 Theophane
1601 1706 1886 1777 Iuguhrius
1946 1724 2063 1763 rem

499 1788 863 1844 describente.

2172 613 2310 671 alios
2335 616 2596 687 deinceps
2614 617 3102 688 transcripserunt.

2309 750 2337 822 ᾖ
2367 751 2453 806 iV.
2479 750 2557 805 De
2585 752 2797 823 scriptis
2826 755 3003 807 sancti
3038 752 3313 825 Symeonis
3345 753 3601 809 lautioris.

2218 884 2354 939 ’Leo
2382 884 2633 950 Allatius,
2663 884 2731 939 de
2764 884 3128 956 Symeonibus
3151 886 3360 956 Optime
3402 889 3647 954 meritus,
3676 890 3722 945 in

2168 973 2410 1030 Diattiba
2457 975 2519 1027 de
2563 991 2741 1028 eorum
2792 975 3037 1045 scriptis,
3073 976 3237 1047 hujus
3286 992 3513 1046 quoque
3566 980 3720 1033 nostri

2170 1066 2420 1135 quaedam
2467 1076 2759 1121 recenset:
2795 1083 3030 1138 quorum
3078 1083 3202 1123 cum
3251 1069 3408 1123 nulla
3453 1072 3650 1125 mentio
3675 1072 3720 1128 in

2167 1155 2289 1211 Vita
2322 1156 2588 1211 habeatur
2619 1156 2851 1226 uspiam,
2874 1157 3082 1227 juverit
3116 1158 3209 1213 hic
3233 1159 3327 1214 illa
3358 1175 3428 1215 ex
3453 1160 3597 1215 dicto
3636 1177 3722 1215 au~

2171 1251 2344 1307 ctore,
2382 1258 2491 1297 non
2533 1243 2791 1298 omnibus
2832 1245 3016 1310 obvio,
3041 1246 3438 1316 adnumerare,
3489 1260 3720 1319 tanquam

2168 1332 2385 1403 egregia
2408 1333 2512 1387 viri
2544 1343 2600 1390 et
2631 1335 2978 1389 auctoritatis
3009 1336 3154 1406 apud
3188 1338 3505 1408 principes,
3534 1350 3587 1393 et
3633 1341 3719 1393 zeli

2168 1439 2269 1493 pro
2310 1424 2574 1490 Ecclesia,
2615 1435 2670 1479 et
2690 1426 2907 1496 pietatis
2934 1442 3064 1497 erga
3092 1426 3319 1483 leites
3367 1442 3717 1484 monumenta.

2168 1513 2410 1567 Primum
2442 1514 2608 1584 igitur
2638 1516 2923 1586 scripsisse
2945 1516 3014 1571 de
3049 1517 3409 1590 imaginibus,
3437 1532 3636 1575 constat
3663 1538 3718 1574 ex

2167 1603 2379 1659 Joanne
2410 1605 2767 1673 Damasceno,
2792 1609 2887 1677 qui
2916 1620 3057 1665 orat.
3080 1610 3116 1665 3
3140 1611 3208 1666 de
3242 1611 3581 1681 imaginibus
3611 1629 3718 1683 par-

2168 1704 2277 1749 tem
2310 1695 2437 1750 inde
2471 1696 2684 1762 recitat,
2712 1713 2838 1752 cum
2870 1699 2978 1754 hoc
3008 1701 3218 1756 indicio
3264 1703 3529 1767 auctoris,
3560 1704 3716 1773 Magni

2172 1784 2465 1857 Symeonis,
2499 1788 2800 1842 admirandi
2819 1792 3030 1856 montis,
3054 1793 3117 1845 de
3153 1792 3505 1863 Imaginibus.
3536 1794 3719 1849 Secun-

566 1881 659 1936 go_
694 1882 768 1935 Ex
795 1882 991 1937 eodem
1035 1892 1220 1940 tamen
1270 1894 1498 1943 auctore
1545 1889 1680 1944 illud
1739 1891 1910 1946 etiam
1966 1908 2067 1948 ηο,
2098 1863 2143 1917 Β
2171 1875 2241 1929 do
2290 1877 2489 1946 stylnm
2515 1887 2707 1933 contra
2739 1879 3027 1935 haereticos
3063 1882 3303 1947 acuisse,
3337 1885 3549 1938 eruitur
3580 1900 3608 1938 e
3637 1884 3715 1936 Bi-

503 1981 648 2026 tasse
703 1972 931 2041 juverit,
974 1973 1123 2042 quod
1156 1973 1225 2028 de
1271 1976 1455 2044 priore
1506 1984 1658 2032 motu
1719 1996 1905 2050 agens,
1971 1998 2066 2052 per

500 2077 701 2115 annum
736 2077 939 2127 unum;
974 2063 1042 2117 de
1072 2065 1333 2130 secundo,
1366 2082 1466 2135 per
1524 2083 1687 2122 unam
1721 2071 2065 2126 solummodo

500 2152 707 2215 horam,
730 2151 878 2207 dicat
904 2153 1167 2210 tenuisse.
1218 2153 1377 2222 Quod
1424 2159 1469 2212 si
1498 2158 1678 2214 minus
1724 2162 1920 2227 solide,
1953 2179 2064 2218 non

499 2240 926 2312 suﬂragantibus
978 2243 1101 2298 aliis
1163 2247 1526 2315 auctoribus,
1581 2250 1801 2320 probari
1856 2253 2060 2322 possit;

497 2331 769 2387 obtinebit
790 2341 965 2399 certe,
988 2334 1229 2404 priorem
1288 2338 1526 2409 longiori
1580 2341 1757 2411 spatio
1809 2341 2057 2409 durasse,

498 2422 858 2494 posteriorem
882 2422 1144 2480 breviori.
1174 2427 1352 2484 Motus
1381 2438 1589 2496 autem,
1624 2431 1691 2485 de
1713 2447 1822 2501 quo
1851 2433 1905 2487 in
1938 2434 2061 2490 Vita

495 2516 699 2587 agitur,
725 2518 876 2573 horae
911 2518 1074 2573 unius
1110 2519 1400 2574 intervan
1437 2519 1649 2575 absolvi
1690 2539 1801 2576 non
1852 2525 2054 2592 potuit,

496 2620 623 2659 cum
644 2604 871 2677 Symeon
906 2609 965 2663 in
990 2609 1196 2678 templo
1216 2609 1671 2684 Prom-Martyris
1704 2613 1942 2668 orationi
1962 2632 2059 2670 va-

497 2696 638 2751 carit
651 2697 854 2767 primo,
887 2708 1076 2769 postea
1099 2700 1419 2756 labentibus
1442 2703 1647 2771 passim
1682 2703 1895 2758 aedibus
1930 2705 2058 2761 inde

498 2806 558 2848 se
584 2792 941 2861 proripuerit,
972 2792 1191 2847 tandem
1220 2809 1477 2864 egressus
1508 2797 1643 2851 urbe
1666 2798 1872 2852 circum
1903 2815 2061 2854 erra-

491 2882 655 2946 verit,
690 2898 1014 2939 reversurus
1068 2885 1258 2954 utique
1293 2885 1339 2940 si
1399 2895 1582 2941 motus
1628 2897 1935 2955 cessasset;
1962 2890 2059 2945 sed

489 2986 560 3026 eo
582 2982 992 3042 perseverante,
1032 2974 1270 3045 denique
1305 2976 1565 3032 inventus
1607 2977 1776 3033 fuerit
1833 2996 1864 3034 a
1924 2991 2056 3037 nota

490 3061 720 3119 muliere
746 3063 1124 3140 abductusque
1160 3064 1217 3117 in
1238 3074 1501 3130 montem,
1523 3066 1646 3120 urbi
1670 3067 1963 3123 admodum
1984 3071 2058 3125 vi-

491 3149 700 3215 cinum,
740 3165 805 3206 ac
828 3150 1037 3207 ibidem
1061 3151 1180 3207 dies
1207 3163 1415 3222 septem
1442 3154 1763 3224 perstiterit.
1779 3159 1869 3223 At,
1897 3169 2052 3228 puto,
2082 3188 2127 3247 ε

491 3239 538 3294 si
566 3240 722 3310 prius
790 3240 915 3295 ﬁnis
956 3249 1204 3295 motuum
1249 3241 1464 3309 fuisset,
1500 3244 1655 3299 illum
1704 3255 1800 3301 aut
1841 3263 1941 3317 per
1994 3264 2054 3304 se

498 3329 860 3399 repetiturum
883 3339 1176 3400 paternam
1208 3332 1454 3400 domum,
1479 3344 1574 3389 aut
1608 3352 1706 3406 per
1764 3329 2053 3393 mulierem

491 3419 672 3485 matri,
708 3420 1047 3476 desiderium
1072 3423 1171 3477 lilii
1204 3424 1311 3479 hoc
1349 3427 1651 3495 praesertim
1684 3437 1829 3483 statu
1868 3444 2051 3484 rerum

487 3509 775 3580 aegerrime
804 3510 1028 3578 ferenti,
1051 3515 1455 3569 restituendum
1490 3516 1681 3572 fuisse.
1730 3518 1811 3573 Sit
1865 3520 2053 3592 itaque

490 3599 581 3654 hic
607 3615 785 3655 annus
808 3600 1083 3672 Symeonis
1137 3604 1383 3674 quintus,
1433 3622 1555 3661 mra:
1616 3608 1825 3678 vulgari
1884 3611 2051 3680 quin-

485 3690 834 3761 quagesimus
880 3690 1174 3748 vicesimus
1198 3702 1382 3749 sextus
1421 3712 1435 3749 :
1468 3704 1523 3749 et
1561 3696 1911 3752 manifestum
1943 3698 2052 3753 erit

484 3781 827 3836 nativitatem
856 3784 975 3852 ejus
1010 3783 1066 3837 in
1092 3799 1296 3838 annum
1323 3785 1447 3851 521,
1472 3796 1707 3842 mortem
1747 3804 1901 3856 vero,
1922 3804 2048 3845 cum

485 3886 629 3924 anno
648 3872 828 3927 aetatis
858 3874 924 3928 75
954 3874 1175 3941 obierit,
1203 3876 1259 3929 in
1282 3876 1386 3932 596
1414 3876 1696 3933 incidisse.

551 3960 642 4015 2|.
679 3963 825 4018 Vixit
859 3964 1027 4035 igitur
1058 3966 1160 4021 sub
1213 3968 1457 4037 quinque
1492 3969 1770 4024 continuis
1808 3971 2049 4041 impera-

484 4052 715 4117 toribus,
740 4053 956 4110 Justino
978 4058 1533 4123 vetere,.|ustiniano,
1550 4059 1768 4115 Justino
1796 4061 2044 4129 Juniore,

485 4142 706 4197 'liberio
731 4142 798 4209 ll,
858 4156 915 4199 et
960 4144 1198 4216 denique
1236 4149 1340 4203 sub
1369 4148 1659 4216 Mauritio;
1696 4150 1860 4219 primi
1902 4167 2046 4207 anno

487 4232 521 4285 4
556 4240 737 4297 natus,
768 4234 1089 4303 posterioris
1117 4237 1331 4293 decimo
1351 4240 1546 4309 quinto
1576 4240 1831 4308 denatus,
1850 4251 2044 4313 quarta

481 4332 539 4377 et
564 4324 822 4379 vicesima
842 4325 931 4382 die
954 4329 1159 4383 mensis
1210 4329 1357 4384 Maii.
1392 4332 1601 4386 llorum
1631 4344 1814 4389 autem
1857 4335 2046 4389 termi-

482 4429 677 4468 norum
736 4416 1088 4471 intervallum
1124 4435 1300 4475 annos
1356 4422 1426 4475 75
1472 4424 1876 4493 complectitur,
1905 4441 2043 4496 quos

2170 1966 2423 2022 bliotheca
2472 1968 2652 2023 Photii
2693 1968 2827 2024 Cod.
2851 1972 3107 2037 25i,‘uhi
3133 1970 3362 2030 sanctus
3395 1973 3718 2044 Sophronias

2166 2057 2479 2127 patriarcha
2510 2058 3037 2131 Hierosolymitanus
3067 2063 3123 2116 in
3162 2064 3399 2134 epistola
3444 2064 3712 2136 Synodica.

2166 2145 2410 2201 Honorio
2441 2147 2687 2202 Romano
2713 2148 2870 2219 Papae
2899 2150 3031 2221 (non
3058 2153 3402 2222 imperatori,
3455 2160 3513 2208 ut
3542 2170 3714 2223 perpe-

2166 2250 2282 2290 ram
2314 2237 2587 2307 lnterpres
2625 2241 2801 2309 ponit,
2837 2250 3025 2311 utpote
3055 2244 3214 2299 annis
3248 2254 3382 2300 ante
3406 2245 3644 2300 ducentis
3666 2256 3712 2299 ct
3762 2300 3775 2322 Ι

2163 2327 2397 2395 amplius
2426 2328 2537 2382 vita
2567 2328 2799 2399 functo),
2833 2333 3018 2398 missa,
3049 2333 3317 2406 colligens
3336 2334 3553 2391 Patrum
3580 2338 3713 2390 testi-

2163 2418 2345 2471 monia
2362 2460 2376 2485 ,
2408 2419 2474 2473 ad
2494 2422 2962 2490 comprobandum
2993 2423 3271 2494 duplicem
3290 2426 3345 2480 in
3366 2427 3578 2482 Christe
3597 2441 3710 2495 ope-

2163 2509 2454 2575 rationem,
2494 2511 2657 2582 ltujus
2698 2528 2917 2583 quoque
2962 2516 3134 2570 nostri
3167 2516 3481 2588 Symeonis,
3507 2529 3562 2573 ut
3581 2519 3711 2573 vide-

2162 2606 2284 2677 tur,
2316 2601 2566 2655 meminit
2603 2618 2728 2658 cum
2756 2604 2938 2660 laude.
2972 2605 3063 2662 Sic
3088 2608 3287 2663 scribit
3314 2610 3436 2665 loco
3461 2610 3707 2680 assignato

2161 2689 2391 2745 Photius
2425 2712 2438 2747 :
2473 2693 2653 2747 Etiam
2698 2693 2998 2766 Symonius,
3031 2703 3320 2755 monachus
3358 2710 3405 2755 et
3448 2701 3703 2772 presbyter.

2162 2781 2533 2853 Testimonium
2585 2802 2726 2850 vero,
2751 2789 2888 2858 quod
2947 2801 3190 2846 sanctum
3226 2794 3458 2865 agnoscit
3512 2792 3705 2864 Symeo-

2158 2888 2283 2927 nem
2316 2886 2618 2943 auctorem,
2649 2896 2713 2933 ex
2750 2880 2970 2952 epistola
3001 2883 3222 2954 ejus,ad
3245 2885 3592 2939 Iustinianum
3615 2885 3702 2937 im-

2160 2973 2457 3034 peratorem
2514 2968 2663 3036 data,
2703 2987 2819 3041 qua:
2878 2975 3039 3027 etiam
3087 2984 3275 3030 contra
3317 2977 3638 3031 Nestorianos
3659 2984 3700 3028 et

2157 3053 2513 3125 Eutychianos
2544 3058 2902 3129 digladiatur,
2942 3062 3309 3133 depromptum
3336 3073 3428 3119 est.
3463 3066 3573 3136 Ipse
3601 3080 3700 3118 vero

2156 3142 2512 3214 Justinianus,
2554 3149 2669 3218 pius
2706 3151 3013 3220 imperator,
3065 3153 3119 3204 in
3164 3154 3229 3207 iis
3260 3171 3377 3225 qua:
3417 3155 3483 3209 ad
3520 3153 3698 3208 Zoilum

2157 3237 2514 3303 patriarcham
2547 3237 2964 3294 Alexandrinum
3011 3243 3240 3311 scripsit,
3280 3246 3412 3299 hanc
3453 3242 3697 3315 epistolam

2156 3323 2455 3378 thesaurum
2487 3329 2791 3382 nominavit.

2223 3411 2312 3466 25.
2340 3410 2532 3468 Tertio
2583 3417 2850 3471 recitatur
2882 3420 3127 3492 ejusdem
3167 3425 3403 3493 epistola
3421 3421 3614 3493 quinta,
3637 3416 3692 3471 ad

2154 3502 2431 3557 Justinum
2461 3504 2744 3562 Jnniorem
2776 3518 2871 3564 aut
2919 3512 3104 3581 potius
3142 3513 3509 3569 Iustinianum
3542 3512 3694 3579 impe-

2154 3601 2417 3661 ratorem,
2475 3596 2531 3649 in
2557 3596 2776 3667 Synodo
2815 3602 3056 3671 generali
3086 3619 3184 3667 vn,
3216 3618 3386 3676 agens
3421 3610 3596 3658 contra
3623 3598 3692 3651 in-

2152 3685 2438 3740 solentiam
2474 3686 2909 3758 Samaritarum;
2967 3710 3130 3764 quam
3162 3696 3190 3766 ς
3226 3712 3346 3767 seq.
3391 3692 3687 3760 descriptam

2152 3772 2427 3830 dabimus.
2463 3775 2725 3842 Quamvis
2753 3789 2935 3835 autem
2974 3782 3103 3838 istic
3135 3784 3355 3840 dicatur
3374 3782 3573 3840 Justino
3610 3776 3687 3831 Ju-

2149 3863 2295 3918 niori
2352 3865 2633 3936 inscripta,
2694 3869 2923 3926 inclinat
2977 3882 3160 3929 tamen
3201 3877 3421 3930 animus
3472 3886 3571 3927 non
3608 3881 3685 3939 pa-

2151 3969 2272 4008 rum
2303 3955 2377 4019 ei,
2415 3966 2475 4012 ut
2507 3966 2720 4026 putem,
2748 3960 2815 4015 ad
2846 3961 3214 4019 Justinianum
3270 3967 3481 4037 potius,
3511 3957 3682 4017 Justini

2149 4045 2302 4101 illius
2331 4047 2677 4104 decessorem
2698 4091 2714 4118 ,
2755 4051 2939 4106 datam
2969 4069 3092 4109 esse
3125 4072 3138 4108 :
3172 4066 3289 4110 tum
3322 4054 3463 4127 quod
3496 4051 3586 4106 sub
3609 4048 3683 4104 Ju-

2149 4134 2388 4190 stiniano
2411 4136 2803 4193 Samaritarum
2837 4141 3065 4197 audacia
3094 4144 3219 4213 plus
3263 4144 3422 4199 solito
3470 4139 3679 4195 invalue-

2149 4225 2243 4290 rit,
2275 4226 2365 4280 vix
2398 4229 2615 4299 cognita
2643 4231 2746 4286 sub
2769 4233 2989 4288 Justino
3011 4220 3257 4302 aliunde,
3288 4251 3446 4307 quam
3483 4250 3543 4288 ex
3575 4232 3678 4290 hac,

2147 4313 2216 4369 de
2246 4330 2354 4384 qua
2382 4318 2734 4389 ambigimus,
2769 4320 3057 4393 Symeonis
3092 4325 3349 4394 epistola,
3380 4324 3522 4377 velut
3546 4336 3571 4373 a
3600 4331 3678 4387 po-

2147 4406 2389 4471 steriori,
2427 4417 2487 4463 ut
2507 4409 2811 4479 loquuntur
2856 4414 2911 4467 in
2966 4413 3218 4470 Scholis:
3253 4426 3364 4471 tum
3403 4412 3539 4484 quod
3582 4406 3679 4477 epi-

481 4504 556 4559 ita
599 4503 909 4576 Symeonem
942 4508 1254 4578 implevisse
1298 4527 1364 4567 ex
1391 4513 1518 4568 Vita
1571 4524 1805 4570 constat.
1856 4518 2047 4572 Annos

2154 4500 2289 4554 stola
2320 4500 2501 4556 Caroli
2528 4502 2727 4573 Magni,
2758 4520 2825 4559 ex
2856 4506 3160 4576 Capitulari
3188 4509 3256 4563 de
3283 4525 3387 4563 non
3416 4499 3677 4561 adorandis

478 4598 724 4670 quinque
768 4601 948 4670 exegit
981 4601 1035 4654 in
1101 4610 1330 4671 paterna
1365 4604 1530 4661 domo
1581 4622 1755 4676 usque
1787 4608 1855 4663 ad
1883 4618 2043 4664 terrae

481 4698 690 4743 motum
717 4705 731 4755 ;
780 4689 1080 4745 hinc'unns
1106 4693 1325 4762 elapsus
1357 4694 1524 4750 fuerit
1549 4697 1603 4750 in
1627 4705 1811 4751 monte
1834 4714 1896 4753 ac
1922 4698 2041 4769 pri—

476 4778 582 4832 mis
605 4778 731 4834 vita:
756 4782 1079 4838 monastica:
1127 4783 1477 4849 rudimentis,
1504 4788 1824 4857 priusquam
1850 4789 1905 4843 in
1942 4804 2039 4843 co-

476 4868 718 4924 lumnam
738 4870 1145 4931 admitteretur.
1174 4875 1233 4929 In
1262 4875 1363 4931 hac
1404 4877 1713 4944 humiliori,
1745 4887 1803 4934 et
1855 4880 2040 4950 potius

476 4954 591 5009 basi
622 4972 784 5025 quam
817 4959 1093 5025 columna,
1120 4962 1223 5017 sub
1248 4964 1425 5020 oculis
1472 4965 1701 5021 Joannis
1744 4967 1873 5021 anni
1898 4968 1950 5031 6,
1982 4967 2038 5022 in

475 5047 737 5112 secunda,
787 5050 955 5117 pedes
982 5052 1049 5105 40
1077 5053 1376 5119 eminente,
1423 5055 1456 5109 8
1499 5058 1780 5112 transacti.
1836 5057 2038 5126 Sicque

475 5136 546 5189 20
577 5146 699 5192 erat
725 5154 1017 5205 annorum,
1052 5153 1112 5196 ut
1135 5145 1390 5200 meminit
1442 5162 1699 5216 expresse
1727 5148 1849 5202 Vita
1880 5163 2034 5201 num.

484 5225 573 5291 72,
603 5241 728 5281 cum
775 5228 902 5284 inde
921 5231 1173 5302 migravit
1208 5234 1262 5287 in
1294 5235 1533 5291 Montem
1567 5236 1907 5292 Mirabilem:
1940 5237 2035 5293 ubi

481 5318 754 5388 reliquum
788 5320 914 5376 vita:
944 5331 1158 5393 tempus
1180 5324 1438 5394 confecit,
1459 5328 1619 5382 annis
1677 5327 1743 5382 10
1774 5328 1830 5383 in
1878 5339 2030 5399 petra

470 5407 575 5461 sub
609 5408 725 5475 dio,
749 5410 819 5465 45
852 5426 1027 5482 usque
1051 5413 1117 5467 ad
1146 5415 1357 5470 obitum
1393 5416 1449 5471 in
1484 5418 1740 5474 colunma
1759 5429 2030 5488 perstans.

469 5495 844 5553 Consentium
899 5501 987 5557 his
1036 5502 1261 5571 Menaza,
1317 5514 1376 5561 et
1431 5506 1749 5578 Synaxaria,
1786 5513 1955 5565 tinum
1986 5511 2032 5565 si

470 5585 653 5643 locum
680 5591 944 5661 excipias,
987 5594 1079 5648 ubi
1116 5596 1282 5651 stanti
1315 5596 1373 5650 in
1421 5598 1677 5654 columna
1709 5600 1779 5656 40
1830 5600 2031 5671 pedum

465 5694 641 5733 annos
673 5680 739 5735 18
777 5683 926 5750 pro8
954 5684 1223 5751 tribuunt,
1255 5686 1425 5752 facili,
1480 5698 1542 5743 ut
1574 5689 1750 5756 vides,
1790 5706 1981 5747 errore
2015 5711 2027 5745 :

469 5767 556 5820 cui
584 5780 987 5839 consequenter
1018 5774 1351 5831 inhaerentes
1381 5777 1699 5834 universum
1734 5781 1861 5837 vitae
1894 5791 2032 5837 tem-

2144 4588 2475 4660 imaginibus
2498 4592 2533 4645 l.
2560 4608 2632 4655 tv,
2655 4608 2705 4648 c.
2736 4594 2790 4659 5,
2814 4595 2883 4649 ab
2905 4595 3108 4651 Allatio
3141 4598 3196 4652 in
3224 4595 3551 4651 Diatribahic
3573 4606 3675 4659 rru-

2143 4680 2306 4736 ducta
2334 4698 2347 4745 ;
2381 4692 2437 4737 et
2468 4685 2572 4737 alia
2601 4684 2859 4739 Hadriani
2888 4687 2909 4740 ι
2937 4703 3088 4758 papae
3137 4689 3205 4743 ad
3251 4688 3493 4744 eumdem
3534 4683 3673 4736 Caro-

2142 4772 2257 4825 lum
2290 4789 2390 4843 pro
2420 4775 2628 4846 synodo
2653 4776 2869 4831 Niczena
2899 4794 2937 4831 ll
2966 4778 3020 4832 in
3054 4779 3296 4835 editione
3337 4776 3670 4834 Conciliorum

2142 4863 2448 4919 Labbaeana
2499 4866 2658 4922 dicta:
2702 4869 2913 4939 synodo
2960 4869 3255 4941 subjuncta
3287 4872 3536 4940 (utraque
3577 4874 3667 4914 non

2140 4958 2303 5028 longo
2331 4967 2455 5028 post
2507 4968 2751 5030 tempore
2786 4961 3010 5031 scripta)
3039 4964 3351 5034 exprimant
3378 4969 3560 5014 nomen
3583 4950 3666 5005 Ju-

2139 5050 2395 5116 stiniani,
2460 5065 2570 5104 non
2628 5051 2869 5107 Iustini:
2934 5062 3048 5108 tum
3106 5054 3345 5125 denique
3398 5051 3550 5105 etiam
3594 5039 3662 5094 vel

2141 5141 2396 5209 maxime,
2452 5142 2599 5212 quod
2653 5144 2837 5197 statim
2891 5144 2946 5198 in
2988 5144 3263 5216 principio
3316 5140 3553 5214 Epistolm
3596 5130 3664 5186 di-

2138 5243 2335 5288 cantur
2380 5234 2665 5290 Samaritaa
2721 5235 2777 5289 in
2828 5246 3072 5291 sanctum
3115 5237 3380 5309 templum.
3418 5228 3551 5302 quod
3581 5225 3663 5277 im-

2136 5334 2358 5393 perator
2399 5324 2723 5379 struendum
2779 5335 3090 5393 curaverat,
3141 5344 3239 5398 per
3277 5334 3536 5382 summum
3560 5330 3658 5371 sce-

2136 5414 2223 5469 lus
2251 5423 2416 5485 atque
2455 5414 2792 5486 impietatem
2836 5419 3095 5474 saeviisse.
3122 5421 3387 5476 incertum
3416 5419 3579 5471 manet
3605 5420 3660 5460 ex

2135 5508 2388 5578 epistola,
2425 5517 2549 5562 uter
2574 5507 2852 5562 curaverit
2880 5526 2895 5575 ;
2937 5525 3049 5563 non
3080 5520 3261 5564 manet
3281 5524 3345 5563 ex
3382 5504 3660 5591 conjectura

2134 5598 2427 5669 probabili.
2462 5599 2598 5655 Cum
2632 5600 2781 5654 enim
2818 5600 2946 5655 lotis
2987 5617 3079 5655 sex
3104 5602 3257 5657 libris
3286 5595 3577 5666 complexus
3601 5591 3659 5636 5”

2134 5688 2437 5759 Procopius
2467 5690 2908 5746 substructiones
2937 5701 3100 5761 atque
3127 5691 3350 5748 aedilicia
3376 5683 3539 5743 omnis
3573 5689 3654 5747 ἔθ’

2133 5783 2284 5838 neris
2313 5782 2426 5838 fere
2461 5782 2769 5852 innumera,
2797 5784 3001 5854 ubique
3031 5795 3292 5842 terrarum
3327 5802 3355 5838 η
3381 5773 3651 5837 Justiniano
