4026 6292
413 347 555 412 2977

1535 345 2129 408 COMMENTARIUS
2166 347 2531 408 PIt/EVIUS.

3498 352 3639 416 2978

412 460 668 520 excitata,
707 457 956 526 interque
984 471 1046 511 ea
1077 463 1404 524 numeretur
1438 442 1702 527 templum
1732 456 1977 525 Deipara:
2007 462 2046 516 A
2081 455 2237 519 bens,
2292 457 2437 512 inter
2465 457 2571 512 alia
2610 457 2727 512 haec
2768 459 2979 527 profert
3020 474 3088 515 ex
3128 460 3475 531 Epiphanio:
3513 463 3640 528 Qui-

413 549 654 621 Virginis
687 549 1072 620 Porphyreone
1101 565 1116 613 ;
1144 550 1289 603 circa
1333 563 1497 617 quam
1536 548 1813 603 civitatem
1843 558 1978 602 tem-

412 650 597 712 pestas
633 641 908 711 praecipue
942 640 1218 694 indicatur
1248 640 1560 695 deszeviisse
1587 683 1601 705 ,
1626 639 1825 695 Justini
1848 653 1977 693 vero

414 733 644 803 paucula
664 732 911 802 quaedam
939 740 1295 785 monumenta
1317 731 1388 785 ab
1421 731 1744 786 auctoribus
1765 744 1976 785 memo-

417 832 647 888 rentur;
680 821 837 877 facile
870 822 1055 892 quivis
1088 821 1433 892 dijudicabit,
1470 821 1579 875 utri
1606 819 1978 876 verosimilius

415 929 479 969 ac
508 914 717 967 certius
740 913 858 968 haec
893 912 1124 981 epistola
1152 912 1418 981 inscripta
1451 910 1637 966 luerit.

481 1003 572 1056 24.
609 1003 840 1071 Reliqua
873 1003 1119 1072 ejusdem
1170 1003 1372 1073 scripta
1419 1007 1707 1059 enumerat
1745 1001 1977 1057 Allatius

417 1096 521 1149 hoc
550 1096 712 1148 modo
745 1113 758 1149 :
784 1098 837 1150 4.
869 1095 1121 1165 Ejusdem
1143 1096 1426 1175 Τροπάρια
1462 1099 1540 1159 εἰς
1565 1097 1655 1148 τὸν
1679 1086 1835 1163 ἅγιον
1885 1113 1978 1166 με·

415 1185 800 1257 γαλομάρτυρα
862 1187 1173 1256 Δημήτριον
1222 1188 1279 1238 ἐν
1304 1185 1380 1248 τῷ
1408 1187 1579 1256 Στέχῳ
1605 1205 1617 1218 ·
1649 1186 1900 1258 Troparia
1923 1187 1979 1240 in

413 1287 651 1329 sanctum
687 1294 934 1348 magnum
983 1286 1270 1349 martyrem
1325 1278 1644 1332 Demetrium
1680 1280 1733 1332 in
1779 1277 1974 1343 Sticho,

415 1368 485 1421 26
515 1366 768 1422 Octobris.
828 1367 883 1421 5.
923 1366 1179 1438 Ejusdem
1217 1367 1366 1438 Εὐχὴ
1407 1368 1543 1437 πρὸς
1572 1368 1662 1420 τδν
1686 1368 1832 1432 Υἱθιν,
1874 1368 1979 1438 ἰδίᾳ

417 1458 554 1527 πρὸς
617 1459 742 1521 τοὺς
798 1456 1263 1528 παρενοχλοῦντας
1310 1458 1623 1528 λογισμούς·
1676 1456 1863 1512 Oratio
1909 1458 1978 1513 ad

419 1548 632 1612 Filium,
673 1546 1077 1617 particulariter
1140 1547 1210 1601 ad
1262 1545 1590 1617 repellendas
1642 1545 1978 1599 obturbantes

418 1637 773 1707 cogitationes.
819 1636 1162 1706 Principium
1212 1646 1338 1691 est:
1375 1636 1619 1689 Δέσποτα
1644 1635 1817 1704 Κύριε
1868 1636 1978 1705 Ἰη-

420 1728 514 1780 σοῦ
553 1727 773 1796 Χριστὲ,
802 1727 939 1795 Λόγε
962 1727 1055 1780 τοῦ
1098 1726 1233 1779 Θεοῦ
1274 1725 1528 1789 ἀθάνατε,
1587 1726 1615 1776 ὁ
1664 1725 1772 1777 τῶν
1823 1725 1979 1794 μεγί-

422 1831 563 1867 στων
580 1793 803 1867 τουτωνὶ
833 1793 1045 1882 φῦσεων
1073 1814 1321 1884 τεχνὲτης
1347 1814 1438 1867 καὶ
1466 1793 1832 1883 κυϐερνήτηςί
1851 1813 1983 1867 Erat
2011 1793 2053 1847 Β

419 1904 555 1958 eain
570 1904 814 1959 Palatina
840 1912 897 1959 et
924 1920 1093 1974 penes
1132 1905 1410 1963 Allatium.
1444 1904 1497 1958 6.
1528 1903 1779 1974 Ejusdem
1812 1902 1979 1972 Εὑχὴ,

421 1994 684 2065 λεγομένη
720 1995 856 2065 μετὰ
881 1994 1135 2065 δακρύων
1163 1997 1241 2058 el;
1281 1995 1373 2048 τὸν
1423 1993 1628 2065 Κύριον
1682 1994 1837 2063 ήμῶν
1878 1995 1983 2062 Ἰη-

422 2085 549 2138 σοῦν
599 2087 855 2156 Χριστὸν,
896 2087 1024 2140 ὅταν
1079 2087 1403 2158 ἐπέρχονται
1440 2088 1488 2139 οἱ
1540 2085 1793 2154 λογισμοὶ
1845 2102 1982 2155 πορ-

423 2175 588 2236 νείας·
625 2174 806 2230 Oratio
850 2175 1124 2229 recitanda
1175 2192 1293 2229 cum
1331 2174 1577 2246 lacrymis
1607 2175 1676 2228 ad
1700 2174 1984 2229 Dominum
2033 2209 2035 2211 ι

424 2276 659 2320 nostrum
681 2265 862 2321 Iesum
899 2265 1181 2332 Christum,
1218 2283 1337 2320 cum
1379 2267 1660 2338 insurgunt
1714 2268 1985 2337 cogitatio-

426 2374 518 2412 nes
541 2358 1023 2427 fornicationis.Est
1060 2358 1394 2428 principium
1425 2375 1439 2411 :
1466 2358 1639 2428 Κύριε
1664 2358 1835 2427 Ἰησοῦ
1854 2360 1986 2429 Χρι-

427 2449 539 2514 ore,
570 2450 707 2516 Λόγε
733 2448 828 2502 τοῦ
849 2447 1005 2514 Θεοῦ,
1024 2449 1161 2517 Λόγε
1174 2449 1430 2510 ἀθάνατε,
1456 2451 1484 2502 ὁ
1512 2448 1586 2521 μὴ
1610 2449 1984 2522 καταισχύνων

423 2542 550 2601 τοὺς
608 2540 700 2592 ἐπὶ
763 2539 843 2591 σοὶ
884 2538 1234 2601 πεποιθότας.
1267 2539 1325 2595 lu
1353 2540 1635 2605 Vaticana,
1678 2542 1809 2597 Cod.
1860 2543 1982 2599 798.

426 2629 480 2682 8.
502 2627 770 2696 Ejusdem.
802 2627 948 2698 Εὐχή
977 2628 1077 2696 τῆς
1141 2629 1447 2700 ὑπεραγὶας
1471 2631 1732 2685 Θεοτόκου
1777 2634 1856 2695 εἰς
1896 2650 1984 2685 πο-

427 2718 623 2789 νηροὺς
646 2717 961 2790 λογισμούς·
996 2720 1178 2774 Oratio
1208 2723 1263 2775 in
1287 2723 1674 2779 sanctissimam
1699 2722 1987 2793 Deiparam

427 2826 524 2878 pro
597 2812 771 2877 pravis
840 2812 1259 2882 cogitationibus.
1318 2813 1695 2883 Principium:
1742 2814 1988 2882 Παναγεα

428 2902 657 2954 Θεοτόκε
702 2902 999 2967 ἀποδιωξον
1064 2905 1188 2965 τοὺς
1221 2905 1488 2974 πονηροὺς
1526 2907 1618 2958 καὶ
1649 2906 1989 2977 ἀκαθάρτους

428 2993 743 3062 λογισμούς.
782 2993 1007 3048 Ibidem.
1040 2995 1245 3050 Przeter
1266 2995 1403 3063 haec,
1441 2996 1510 3050 ab
1543 2997 1742 3052 Allatio
1777 2997 1990 3053 indica-

430 3096 504 3151 ta,
522 3094 699 3141 exstat
715 3100 933 3154 quoque
946 3085 1187 3155 Epistola
1206 3087 1325 3156 ejus
1352 3087 1407 3141 in
1432 3088 1551 3141 Vita
1571 3087 1740 3142 beatae
1765 3088 1987 3144 Marthae

428 3177 638 3233 matris.
655 3176 896 3231 Habetur
912 3184 1093 3232 autem
1122 3176 1267 3233 dicta
1287 3179 1599 3248 Epistolan.
1619 3180 1705 3241 69,
1727 3179 1987 3250 inscripta

430 3267 845 3338 Staurophylaci
874 3276 1083 3322 sanctae
1112 3269 1542 3324 resurrectionis
1572 3270 1989 3343 Hierosolymis,

431 3373 597 3431 quem
638 3358 705 3413 de
739 3358 916 3412 salute
941 3362 1163 3413 anxium
1203 3360 1429 3441 animat,
1453 3375 1518 3415 ac
1550 3370 1759 3431 partem
1790 3371 1992 3419 sanctae

432 3449 616 3505 crucis
661 3459 834 3519 rogat.
869 3449 1049 3517 Atque
1099 3460 1302 3519 prieter
1330 3450 1447 3507 haec
1467 3453 1646 3507 omnia
1672 3494 1688 3520 ,
1725 3454 1827 3508 alia
1857 3470 1994 3525 quo—

433 3553 540 3609 que
570 3538 722 3592 illum
758 3539 1041 3609 scripsisse
1061 3555 1170 3594 non
1193 3555 1389 3610 pauca,
1421 3557 1542 3611 qua:
1572 3549 1879 3613 temporum
1912 3544 1994 3597 ln-

429 3628 576 3699 juria
616 3628 852 3697 periere,
885 3628 943 3681 in
994 3639 1278 3697 comperto
1316 3636 1403 3683 est
1434 3645 1500 3683 ex
1531 3630 1762 3699 epistola
1788 3631 1857 3686 de
1886 3647 1993 3700 qua

435 3734 603 3782 mox,
655 3727 846 3773 contra
892 3718 1211 3784 Samaritas,
1240 3735 1361 3789 quae
1404 3722 1588 3791 quinta
1638 3721 1993 3791 indigitatur.

433 3809 516 3862 sic
553 3820 613 3862 ut
636 3807 754 3862 alia:
786 3808 1100 3862 necessario
1121 3810 1524 3877 prtecesserint.
1555 3809 1759 3863 Eodem
1790 3809 1998 3863 faciunt

436 3897 700 3967 Evagrius
736 3905 793 3951 et
817 3897 962 3960 Vita,
1005 3912 1169 3966 quam
1199 3897 1395 3952 damus
1425 3916 1438 3951 :
1470 3913 1704 3966 quorum
1735 3898 1827 3952 ille
1851 3898 1892 3951 ι.
1919 3913 1994 3961 v1,

437 4005 488 4044 c.
537 3989 629 4055 ‘25,
677 3988 832 4052 dicit,
878 3987 982 4041 ista
1043 4003 1101 4042 n.
1137 3988 1238 4043 190
1289 3989 1563 4045 Iustinum
1605 3988 1893 4081 epistolam
1965 4002 1999 4042 a

440 4089 634 4135 sancto
659 4078 962 4150 accepisse.

441 4241 569 4312 δν.
598 4238 839 4310 Epistola
877 4239 1047 4292 sancti
1074 4234 1346 4312 ngeonis
1396 4237 1467 4312 ad
1504 4236 1771 4312 Iustinum
1812 4238 2001 4292 Iunio-

735 4325 847 4362 rem
871 4316 1057 4361 contra
1093 4307 1394 4360 Samaritas
1425 4307 1717 4361 haereticos.

2078 564 2203 601 nam
2240 566 2359 602 vero
2386 550 2580 617 fuerint
2636 549 2941 613 Samaritm,
2996 568 3146 605 nemo
3189 553 3242 611 in
3281 554 3467 607 divinis
3518 571 3637 607 ver-

2076 646 2222 692 satus
2249 637 2534 708 Scripturis
2561 641 2790 709 ignorat.
2817 640 2887 692 Hi
2914 648 3066 702 sunt,
3094 640 3182 710 qui
3208 657 3325 695 cum
3356 643 3508 697 divisi
3558 659 3640 696 es-

2078 737 2261 782 senta
2315 729 2532 794 Iudaeis,
2571 747 2673 783 non
2723 730 2992 801 templum,
3057 748 3160 786 non
3210 734 3497 802 sacri/icio,
3560 734 3642 788 vel

2077 820 2413 872 cwremonias
2448 836 2746 873 communes
2788 838 2905 875 cum
2951 821 3058 875 illis
3093 822 3392 877 habebant:
3420 840 3641 894 cumque

2079 909 2308 979 quinque
2339 916 2545 962 tantum
2579 909 2770 979 Moysis
2822 911 2981 967 libros
3016 914 3320 977 retinerent,
3365 914 3643 984 prophetas

2083 1017 2146 1054 ac
2179 1008 2371 1054 cratera
2424 1000 2614 1055 divina:
2673 1000 2963 1072 Scriptura
3004 1000 3271 1058 volumina
3323 1004 3644 1074 negligenter

2080 1090 2423 1161 rejiciebant;
2453 1109 2555 1145 non
2612 1093 2877 1147 credentes
2923 1096 3356 1149 resurrectionem
3407 1105 3642 1149 mortuo-

2080 1200 2237 1247 rum;
2276 1193 2525 1254 negantes
2555 1192 2602 1237 et
2633 1182 2887 1254 Spiritum
2939 1193 3207 1238 sanctum.
3228 1186 3391 1241 Plura
3433 1188 3476 1242 si
3514 1188 3599 1242 vis
3624 1227 3640 1252 ,

2079 1279 2261 1340 quaere
2291 1273 2433 1340 apud
2474 1273 2649 1342 ipsum
2684 1272 3051 1343 Epiphaniam
3080 1275 3135 1328 in
3170 1273 3429 1329 Panario.

2149 1363 2239 1417 26.
2269 1362 2440 1417 Iidem
2475 1363 2598 1417 aliis
2626 1365 2942 1419 successive
2973 1364 3191 1419 saeculis
3237 1365 3518 1434 impietate
3578 1383 3643 1421 ac

2081 1452 2384 1507 sceleribus
2434 1452 2656 1518 famosi,
2679 1454 2939 1509 licentius
2986 1468 3149 1524 agere
3181 1462 3468 1523 eruperunt
3507 1464 3644 1509 tem-

2081 1544 2307 1613 poribus
2341 1544 2596 1600 Zenonis.
2624 1544 2753 1600 Cum
2778 1547 2917 1599 enim
2942 1547 3181 1600 coiissent
3211 1546 3400 1609 subito,
3426 1555 3487 1600 ut
3514 1546 3645 1601 scri—

2082 1636 2162 1689 bit
2200 1636 2555 1705 Procopiusl.
2582 1652 2617 1689 v
2645 1636 2709 1688 de
2733 1635 2898 1705 zEdif.
2931 1652 2984 1691 c.
3023 1638 3076 1702 7,
3111 1637 3251 1707 facta
3275 1635 3501 1707 Neapoli
3540 1638 3644 1691 im-

2082 1734 2200 1796 petu
2217 1729 2270 1780 in
2285 1711 2901 1797 Christianos,'festumin
2919 1726 3132 1781 ecclesia
3157 1724 3494 1792 celebrantes,
3508 1731 3646 1798 quod

2082 1816 2386 1870 Pentecoste
2415 1827 2651 1879 vocatur,
2679 1817 2872 1871 multos
2900 1817 3182 1885 conﬁciunt
3210 1834 3227 1882 ;
3268 1817 3484 1872 illorum
3531 1819 3645 1888 epi-

2082 1924 2298 1977 scopum
2334 1907 2718 1961 Terebinthium
2747 1923 2915 1965 sacrae
2946 1924 3139 1967 mensa!
3183 1917 3447 1961 astantem
3492 1925 3647 1961 occu-

2083 2004 2234 2066 pant,
2265 1996 2665 2066 oﬂ'erentemque
2697 1996 2959 2067 ineffabile
2990 1997 3308 2065 sacri/icium
3357 1997 3550 2068 gladiis
3576 1999 3649 2067 fc-

2083 2085 2573 2149 riunt,vulneribus
2605 2087 2907 2151 concidunt,
2936 2103 3197 2143 manuum
3230 2095 3479 2142 truncant
3521 2089 3652 2158 digi-

2085 2176 2182 2241 tis;
2210 2176 2563 2245 mysteriaque
2591 2177 2847 2246 injuriose
2863 2185 3150 2231 tractantes
3174 2217 3188 2241 ,
3216 2176 3427 2246 piacula
3455 2194 3644 2249 perpe-

2085 2273 2231 2320 trant
2274 2267 2435 2337 digna
2470 2265 2850 2334 Samaritanis,
2904 2254 3049 2325 nobis
3091 2268 3299 2323 silentio
3343 2270 3647 2340 premenda.

2084 2355 2457 2411 Renuntiante
2511 2357 2629 2412 haec
2660 2357 3196 2428 Constantinopolim
3230 2367 3287 2413 et
3309 2360 3640 2415 ostendente

2086 2449 2145 2505 in
2176 2463 2233 2505 se
2267 2448 2504 2506 admissa
2564 2450 2773 2504 scelera
2824 2449 3209 2513 Terebinthio,
3251 2450 3646 2506 Samaritarum

2086 2538 2380 2594 insolentia
2409 2542 2477 2595 ab
2508 2541 2838 2611 imperatore
2861 2541 3030 2599 armis
3049 2559 3296 2613 repressa
3318 2553 3420 2599 est.
3447 2544 3651 2599 Deinde

2086 2631 2288 2687 iterum
2358 2632 2532 2686 moliti
2590 2633 2743 2688 varia
2798 2635 2902 2689 sub
2953 2636 3244 2691 Anastasio
3291 2637 3650 2705 imperatore,

2088 2721 2287 2776 iterum
2321 2737 2511 2792 poenas
2548 2723 3026 2788 dederunt,etiam
3067 2742 3372 2796 supremas.
3403 2727 3646 2798 Denique

2088 2812 2192 2867 sub
2216 2813 2527 2869 Iustiniano
2559 2816 2939 2875 crudelissime
2970 2819 3217 2873 omnium
3257 2820 3565 2883 saevientes,
3585 2834 3651 2875 ea

2089 2912 2581 2975 patraruntopera,
2603 2921 2726 2975 quae
2745 2907 2926 2963 audiri
2955 2908 3074 2963 sine
3089 2909 3321 2964 horrore
3348 2919 3650 2979 nequeunt.

2090 2993 2169 3046 Ita
2219 2993 2610 3049 describuntur
2639 3012 2670 3050 a
2729 2997 2932 3068 Cyrillo
2973 2999 3029 3077 in
3079 2999 3202 3054 Vita
3247 3007 3449 3055 sanctae
3474 2999 3652 3064 Sabe,

2014 3116 2056 3175 ο
2091 3099 2213 3153 qute
2241 3084 2426 3139 Graeca
2457 3102 2627 3156 penes
2658 3103 2756 3142 nos
2775 3098 2881 3153 est,
2910 3088 3090 3143 danda
3123 3090 3155 3143 5
3180 3089 3520 3144 Decembris.

2159 3176 2247 3229 27.
2274 3177 2501 3248 Jamque
2533 3196 2708 3233 rerum
2744 3183 2937 3251 potitus
2967 3180 3300 3236 Justinianus
3343 3182 3656 3236 moderaba-

2076 3279 2178 3322 .tur
2222 3271 2521 3339 imperium,
2552 3288 2670 3324 cum
2715 3273 2769 3324 in
2813 3272 3104 3326 Palwstina
3136 3289 3260 3343 gens
3305 3271 3655 3327 Samaritana

2092 3376 2265 3429 regem
2292 3360 2389 3414 sibi
2410 3361 2683 3416 lulianum
2704 3364 3002 3433 quemdam,
3038 3372 3086 3416 et
3117 3366 3288 3434 ipsum
3307 3362 3654 3426 Samaritana,

2093 3451 2356 3522 eligentes,
2387 3452 2557 3506 multa
2606 3454 2983 3508 contumeliose
3007 3456 3255 3508 adversus
3293 3453 3656 3508 Christianum

2094 3555 2282 3592 nomen
2307 3541 2422 3593 ausi
2456 3540 2685 3609 fuerunt.
2730 3540 2954 3609 Templis
2988 3557 3217 3611 namque
3248 3542 3465 3611 direptis
3488 3543 3657 3611 subji-

2094 3629 2295 3682 ciebant
2316 3631 2527 3699 ignem;
2561 3629 2883 3684 Christianos
2910 3630 3131 3698 inﬁnitis
3180 3633 3506 3685 excruciatos
3550 3641 3660 3686 tor--

2094 3720 2283 3771 mentis
2339 3719 2547 3772 tandem
2594 3723 2753 3774 morti
2798 3720 3073 3774 tradebant
3100 3738 3120 3786 ;
3146 3721 3337 3775 vicinos
3386 3739 3547 3791 pagos
3577 3724 3662 3781 in.-

2096 3808 2418 3861 cursionibus
2449 3809 2878 3878 populabantur;
2911 3820 3216 3865 sanctorum
3255 3817 3424 3865 thecas
3458 3812 3663 3883 diffrin-

2096 3907 2292 3967 gentes.
2334 3900 2699 3954 .immittebant
2755 3904 2811 3955 in
2859 3904 3110 3970 ﬂammas
3138 3918 3156 3956 :
3184 3913 3235 3955 et
3282 3903 3392 3955 hcce
3442 3904 3661 3957 sa'vities

2098 3991 2361 4059 praecipue
2387 4008 2487 4044 non
2538 3992 2820 4046 admodum
2870 3996 3081 4047 remotis
3117 3991 3346 4063 Neapoli
3382 3994 3665 4064 grassaba-

2100 4085 2187 4130 tur
2234 4079 2376 4133 locis.
2403 4079 2572 4133 Porro
2621 4083 2915 4151 episcopum
2947 4080 3271 4134 sustulerunt
3295 4079 3489 4149 gladio,
3521 4096 3665 4139 com-

2100 4170 2461 4239 prehensisque
2531 4170 2842 4238 quibusdam
2895 4171 3203 4239 presbyteris
3235 4210 3250 4233 ,
3330 4169 3663 4227 membratim

2101 4259 2270 4327 primo
2302 4276 2363 4311 ac
2402 4260 2670 4328 frustatim
2696 4259 2816 4312 illos
2840 4268 3135 4322 secuerunt,
3170 4276 3392 4329 cumque
3422 4259 3663 4329 reliquiis

2103 4358 2399 4418 martyrum
2421 4351 2473 4403 in
2496 4351 2765 4420 sartagine
2804 4351 3107 4419 (riserunt:
3141 4351 3360 4420 denique
3397 4349 3543 4402 nullo
3568 4367 3667 4403 au-

511 4438 599 4493 95.
629 4436 818 4491 Fidem
851 4435 1136 4499 solvimus,
1162 4450 1268 4504 qua
1299 4449 1357 4488 se
1388 4433 1683 4489 obstrinxit
1702 4433 2000 4488 Bollandus
2033 4431 2077 4489 D
2107 4442 2274 4495 ducite
2303 4450 2395 4495 aut
2422 4439 2748 4495 contumelia:
2775 4457 2963 4511 genere
2983 4450 3165 4495 contra
3197 4439 3517 4496 Christianos
3543 4441 3666 4494 abs-

440 4531 507 4586 ad
539 4530 575 4584 5
619 4529 844 4584 Ianuari
878 4528 933 4581 in
966 4527 1093 4581 Vita
1117 4528 1227 4597 jam
1254 4540 1396 4595 saepe
1444 4526 1731 4579 memorati
1778 4525 2003 4597 Symeo—

443 4622 528 4675 nis
553 4619 762 4690 Stylitae
811 4616 1081 4681 Senioris,
1142 4631 1242 4685 per
1296 4617 1702 4685 Metaphrasten
1758 4616 2000 4685 scripta,

441 4724 563 4779 cap.
595 4709 678 4769 Η,
702 4715 892 4762 annot.
923 4707 979 4771 d,
1022 4721 1148 4761 cum
1174 4707 1341 4761 latius
1369 4707 1460 4761 hic
1487 4708 1556 4761 de
1582 4706 1865 4761 Samaritis
1905 4721 2002 4760 seu

352 4816 359 4823 '
445 4800 802 4856 Samaritanis
841 4798 1111 4867 agendum
1138 4787 1434 4866 promittit.
1457 4795 1726 4865 Neapolis,
1763 4795 2006 4850 Hebraeis

444 4887 646 4953 Sichen,
678 4904 774 4944 seu
797 4886 999 4943 Sichem
1020 4896 1078 4941 et
1092 4886 1343 4952 Sichima,
1364 4887 1499 4941 urbs
1529 4893 1613 4940 est
1626 4885 1930 4938 Palaestina:
1951 4884 2008 4937 in

446 4979 692 5035 Samaria
758 4978 1105 5048 episcopalis,
1165 4977 1329 5031 hodie
1384 4975 1499 5032 fere
1551 4975 1829 5030 exstincta
1885 4983 1943 5029 et
1977 4991 2009 5029 a

448 5073 641 5142 paucis
679 5072 925 5127 habitata
957 5089 969 5125 :
1004 5071 1177 5126 distat
1232 5085 1260 5124 a
1314 5069 1562 5124 Samaria
1610 5071 1748 5123 urbe
1773 5085 1824 5122 ix
1855 5069 1913 5122 P.
1939 5068 2007 5122 M.

449 5166 505 5219 in
537 5166 815 5219 Austrum.
846 5164 1105 5218 Imminet
1134 5162 1257 5216 urbi
1277 5177 1435 5215 mons
1465 5163 1627 5225 altus,
1653 5161 1890 5215 Garizim
1921 5174 2013 5213 no-

451 5255 617 5320 mine,
645 5270 807 5325 quem
841 5254 972 5308 olim
1004 5253 1059 5308 in
1112 5253 1471 5307 veneratione
1502 5252 1779 5306 habebant
1805 5263 1860 5303 et
1881 5265 2008 5320 pre-

451 5345 681 5400 cationis
723 5360 885 5399 causa
927 5345 1149 5399 adibant
1207 5344 1537 5399 Samaritani
1571 5361 1584 5396 :
1633 5358 1867 5411 quorum
1899 5340 2008 5412 jam

454 5447 567 5489 tum
618 5437 821 5491 Christi
873 5437 1212 5506 temporibus
1264 5444 1472 5490 sectam
1507 5434 1777 5488 Baronius
1827 5433 2010 5487 tom.l

455 5527 648 5587 Annal.
681 5527 815 5582 locis
857 5526 1042 5593 variis,
1085 5527 1358 5597 praecipue
1400 5528 1455 5580 in
1484 5526 1759 5596 Apparatu
1793 5525 2007 5579 descri-

2110 4532 2398 4585 tinuerunt.
2450 4530 2577 4584 Haec
2627 4528 3023 4584 immanissima
3075 4529 3302 4593 scelera,
3354 4534 3409 4583 et
3462 4527 3508 4582 si
3562 4543 3668 4597 qua

2110 4629 2395 4692 praeterea,
2416 4621 2561 4675 circa
2585 4620 3038 4691 Porphyrionem,
3057 4627 3119 4675 ut.
3143 4629 3418 4690 putamus,
3436 4627 3668 4688 patrata,

2111 4721 2412 4782 potuerunt
2445 4727 2475 4766 a
2523 4712 2820 4766 mitissimo
2849 4711 2969 4765 viro
3001 4720 3057 4765 et
3088 4711 3303 4766 miseris
3351 4726 3672 4765 succurrere

2109 4802 2541 4872 promptissimo,
2574 4801 2671 4855 ubi
2732 4800 2906 4871 gloria
2955 4800 3054 4854 Dei
3108 4810 3166 4854 et
3199 4799 3545 4853 incolumitas
3574 4798 3674 4852 Ec-

2109 4893 2276 4947 clesia
2321 4893 2697 4961 periclitatur,
2761 4891 3015 4960 exemplo
3079 4890 3308 4944 aliorum
3338 4899 3673 4950 sanctorum,

2112 4980 2423 5036 istiusmodi
2461 4989 2803 5050 extorquere
2848 4979 3161 5049 epistolam,
3194 4979 3411 5046 qualem
3454 4977 3676 5049 subjici-

2115 5088 2255 5136 inus,
2283 5072 2347 5125 ad
2373 5072 2741 5127 Iustinianum
2776 5074 2859 5138 (ut
2897 5085 3063 5140 supra
3106 5069 3466 5139 probabiliter
3509 5070 3668 5122 susti-

2115 5163 2333 5234 nemus)
2367 5163 2574 5218 datam.
2606 5164 2803 5232 Ipsam,
2831 5178 2943 5216 non
2999 5171 3059 5217 ut
3108 5159 3374 5215 Baronius
3407 5159 3574 5213 habet
3611 5173 3677 5212 ex

2116 5253 2359 5308 editione
2394 5253 2615 5308 concilii
2652 5268 2718 5307 Ill
2762 5252 2966 5307 Nicmni
2999 5251 3212 5312 Latina,
3246 5249 3341 5303 sed
3365 5263 3431 5302 ex
3460 5248 3678 5302 Graeco-

2114 5345 2329 5408 Latina,
2358 5360 2669 5414 quanquam
2704 5359 2815 5398 non
2869 5343 3002 5397 satis
3032 5351 3297 5397 accurate
3341 5339 3677 5401 translatam,

2115 5443 2177 5487 ut
2207 5434 2330 5487 istic
2356 5433 2594 5487 Actione
2615 5433 2822 5485 Sversa
2846 5438 2952 5494 est,
2976 5432 3068 5484 hic
3084 5431 3272 5499 accipe
3305 5470 3319 5484 .
3345 5435 3532 5497 utpote
3554 5442 3680 5480 cum

2111 5533 2369 5578 contextu
2399 5522 2641 5577 auctoris
2662 5521 2831 5576 (ἔτεοςί
2863 5522 3031 5591 magis
3058 5518 3481 5574 concordantcm
3509 5516 3608 5588 (l).

526 5735 596 5805 (t)
627 5733 775 5788 lianc
813 5733 1110 5805 Epistolam
1151 5731 1289 5787 infra
1321 5732 1534 5796 damus,
1572 5742 1689 5800 post
1726 5731 1898 5785 Vitam
1934 5730 1987 5784 S.
2023 5704 2327 5800 Symconis.
