3980 6296
501 369 648 432 ἳὶιτε)

1770 373 1828 429 S.
1872 371 2167 431 SYMEON
2208 371 2484 433 JUNIOR

3623 374 3749 439 2930

580 482 669 533 51.
706 478 981 533 llactenus
1001 479 1257 549 epistola,
1300 489 1406 533 tam
1469 481 1586 533 zelo
1641 478 1844 533 divinae
1884 482 2070 550 glorias
2100 487 2143 542 Α
2171 482 2413 552 insignis,
2448 482 2614 535 multa
2648 490 2696 534 et
2726 483 2856 536 dixit
2879 493 2926 534 et
2955 484 3095 550 fecit,
3134 498 3256 552 qua
3285 483 3585 552 imperium
3612 483 3746 538 Mau-

510 566 749 636 odioque
775 568 1053 620 scelerum
1094 572 1277 637 plena,
1314 582 1614 636 quamnon
1690 569 1956 621 insrrueta
2009 569 2076 622 ab

512 659 756 712 oratorio
810 658 1107 712 verborum
1140 670 1369 722 ornatu;
1427 659 1573 727 quod
1630 668 1807 713 tamen
1860 658 2077 713 ollice're

512 750 652 803 nihil
699 749 865 803 debet
934 756 1016 817 (ut
1086 750 1202 802 vult
1254 748 1507 818 epistola,
1545 764 1707 816 quam
1741 747 1973 801 Allatins
2022 747 2076 800 in

515 839 892 902 Diatribahie,
922 840 1025 893 sub
1060 840 1283 892 nomine
1332 838 1515 891 Caroli
1573 838 1747 906 Magni
1802 837 2076 905 producit)

514 932 811 998 quominus
856 931 1093 998 genuina
1148 930 1322 983 sancti
1367 929 1636 999 Symeouis
1676 929 1925 991 dicatur,
1968 929 2076 980 vim

514 1021 930 1090 signiﬁcationis
979 1021 1160 1089 potius
1185 1036 1345 1089 quam
1407 1020 1594 1073 fucum
1637 1019 1905 1073 orationis
1951 1034 2077 1085 spe-

513 1113 736 1165 ctantis.
765 1112 987 1165 Relutat
1021 1112 1252 1165 Allatius
1283 1111 1405 1164 loco
1445 1112 1612 1165 citato
1642 1111 1840 1164 dictam
1869 1110 2077 1178 episto-

513 1204 644 1267 lam,
674 1205 787 1258 haec
810 1206 1087 1273 prmcipue
1129 1214 1449 1274 argumenta
1501 1205 1869 1274 complexam;
1929 1203 2075 1271 quod

515 1307 738 1350 sanctus
757 1297 1046 1350 Iustiniani
1094 1298 1427 1365 imperatoris
1487 1312 1642 1350 ames
1683 1295 1885 1348 divinas
1938 1311 2076 1347 nun-

518 1389 785 1457 rupaverit
805 1405 825 1453 ,°
860 1388 1003 1457 quod
1030 1389 1269 1441 eumdem
1308 1390 1664 1441 misericordia
1704 1389 1782 1440 uti
1806 1387 2079 1457 prohibue-

516 1481 585 1531 rit
618 1496 636 1541 ;
670 1478 814 1547 quod
851 1480 941 1549 qui
970 1479 1217 1532 debuerat
1254 1480 1393 1531 iram
1432 1479 1566 1548 regis
1601 1477 1889 1546 refrenare,
1923 1475 2077 1529 illam

513 1570 681 1638 magis
708 1570 977 1639 magisque
994 1570 1352 1633 succenderit;
1386 1568 1532 1637 quod
1551 1569 1662 1638 ejus
1690 1565 1926 1637 exemplo
1953 1583 2077 1619 usus

519 1676 623 1712 non
668 1661 756 1724 sit,
805 1662 895 1730 qui
923 1663 1182 1714 neminem
1220 1660 1332 1715 vult
1380 1660 1596 1730 perire:
1650 1658 1794 1726 quod
1840 1656 2078 1725 denique

518 1753 681 1804 (idem
706 1753 1018 1820 imperatori
1054 1753 1221 1805 Deum
1278 1765 1603 1821 conregnare
1655 1749 1865 1801 dixerit.
1911 1746 2076 1801 Vides

515 1858 678 1909 quam
703 1842 999 1897 inelllcacia
1038 1843 1148 1896 sint
1194 1842 1397 1905 omnia,
1446 1840 1582 1894 adeo
1620 1849 1683 1894 ut
1726 1853 1907 1907 opera:
1947 1852 2074 1907 pre-

519 1935 649 1985 tium
684 1948 791 1986 non
846 1933 917 1987 sit
954 1933 1214 1987 refutare.
1271 1934 1538 2002 Resurgat
1592 1932 1857 2002 propheta
1909 1930 2075 1994 Elias,

517 2025 638 2077 zelo
696 2023 898 2077 divinas
936 2024 1120 2093 gloria:
1158 2038 1481 2085 succensus,
1512 2022 1732 2090 gravius
1790 2022 1965 2076 multo
2021 2022 2074 2075 in

518 2112 723 2168 scelera
763 2113 1072 2167 istiusmodi
1131 2110 1444 2173 invehetur,
1491 2113 1569 2166 uti
1619 2112 1768 2173 olim,
1828 2111 2007 2181 ignem
2047 2125 2078 2165 e

519 2203 658 2256 creto
688 2218 993 2257 accersens.
1034 2202 1089 2256 Si
1143 2202 1269 2271 quis
1332 2202 1565 2257 refutata
1597 2202 1848 2273 pluribus
1906 2201 2075 2270 cupit,

522 2293 681 2347 adt-at
715 2294 941 2347 citatum
970 2293 1155 2347 Allatii
1196 2293 1374 2348 locum
1416 2311 1429 2345 :
1460 2308 1563 2347 nos
1590 2292 1643 2346 in
1673 2308 1755 2356 re,
1808 2307 1915 2345 non
1977 2291 2072 2344 ad-

521 2384 743 2438 modum
780 2385 845 2439 ad
872 2374 1187 2440 institutum
1208 2393 1457 2439 nostrum
1506 2382 1761 2445 faciente,
1803 2380 2078 2450 longiores

523 2477 689 2530 etiam
743 2475 966 2541 luimus,
1016 2491 1179 2546 quam
1206 2491 1304 2546 par
1329 2483 1447 2530 est:
1498 2473 1593 2529 sed
1637 2473 1907 2543 promissa
1956 2471 2078 2525 Bol-

518 2568 666 2622 landi
698 2568 976 2623 solvimus.

617 2737 645 2809 ᾗ
677 2738 761 2793 Vl.
786 2770 854 2779 ———
888 2737 1251 2792 Memorabilia
1299 2739 1362 2791 de
1413 2744 1594 2792 sancto
1623 2734 1878 2806 ngeone
1912 2752 1973 2789 ea:

1169 2808 1419 2878 Evagrio.

582 2940 672 2994 52.
707 2939 1012 2992 Plurimum
1041 2937 1384 2991 auctoritatis
1432 2937 1727 2990 conciliare
1754 2935 1918 2989 debet
1943 2934 2079 2989 Viue

515 3038 718 3083 nostra:
748 3028 1015 3096 Eragrius
1046 3026 1441 3089 Scholasticus,
1470 3041 1569 3093 per
1618 3026 1707 3078 illa
1732 3040 1854 3093 qua:
1903 3024 1956 3077 in
1988 3024 2075 3078 lli—

2180 573 2303 624 ritio
2336 572 2674 625 nuntiabant.
2705 572 2967 638 Quasnam
2999 587 3131 627 vero
3183 573 3284 626 illa
3318 573 3463 638 sint,
3494 588 3605 626 non
3655 589 3752 629 me-

2179 663 2316 716 mini
2357 663 2568 732 uspiam
2596 663 2886 731 speciatim
2922 678 3249 732 expressum
3287 662 3512 730 legere,
3546 676 3615 717 ne
3643 665 3750 733 qui-

2179 753 2304 806 dem
2337 754 2390 806 in
2417 752 2538 808 Vita
2567 762 2754 807 nostra
2784 754 3110 823 prolixiore;
3139 768 3267 822 quae
3297 753 3485 806 multa
3549 756 3749 823 quidam

2178 842 2246 897 de
2276 841 2493 897 Justino
2536 843 2761 897 Juniore
2790 884 2805 906 ,
2860 845 3020 912 eique
3059 845 3334 913 prmdiCto
3397 844 3650 915 imperio,
3693 847 3749 903 de

2180 932 2433 986 Mauritio
2467 948 2599 987 vero
2648 948 2876 1002 prorsus
2907 934 3082 987 nihil:
3141 935 3323 998 unde,
3380 936 3464 988 uti
3491 946 3551 989 et
3589 951 3654 991 ex
3680 953 3749 991 se-

2182 1022 2503 1092 quentibus,
2538 1040 2776 1093 prouum
2839 1035 2927 1079 est
2981 1025 3263 1094 colligere,
3316 1029 3583 1094 quamvis
3643 1042 3749 1095 pro-

2179 1113 2441 1168 lixissima
2470 1113 2586 1167 Vita
2618 1114 2897 1168 contineat
2921 1115 3173 1183 plurima,
3215 1114 3389 1183 plura
3428 1124 3609 1169 tamen
3633 1131 3747 1184 pne-

2181 1205 2411 1260 teriissc.
2441 1205 2608 1260 Libro
2638 1206 2838 1259 deinde
2893 1214 3068 1267 sexto,
3116 1221 3239 1274 cap.
3292 1206 3371 1258 9.3
3423 1214 3562 1270 toto,
3610 1208 3743 1275 quasi

2180 1296 2567 1365 cumpendium
2595 1298 2720 1351 vitae
2749 1297 3041 1367 Symeonis
3073 1298 3154 1353 sic
3188 1297 3375 1351 texit:
3411 1297 3611 1351 Eodem
3635 1308 3743 1352 tem-

2180 1402 2325 1457 pore,
2391 1403 2509 1439 cum
2559 1386 2840 1457 Gregorius
2903 1398 3143 1441 sanctum
3196 1385 3530 1456 Symeonem
3588 1386 3742 1440 lethali

2180 1480 2359 1534 morbo
2388 1490 2665 1550 (egrotare,
2715 1496 2797 1533 me
2848 1479 3133 1538 indicante,
3171 1478 3496 1541 didicisset,
3532 1478 3599 1530 ad
3642 1495 3737 1531 eum

2179 1573 2450 1640 confestim
2499 1572 2759 1635 excurrit,
2814 1579 2872 1623 ut
2924 1579 3201 1639 postrema:
3254 1567 3606 1621 salutationis
3649 1568 3737 1635 θῇ-

2180 1666 2318 1717 cium
2346 1665 2393 1716 ei
2421 1664 2701 1717 exhiberet.
2728 1663 2916 1717 Verum
2945 1663 3000 1716 id
3032 1662 3168 1732 quod
3212 1662 3495 1730 cupiebat,
3527 1662 3735 1729 consequi

2180 1771 2283 1807 non
2305 1756 2495 1825 potuit.
2534 1754 2703 1808 Porro
2737 1757 2819 1807 hic
2853 1752 3078 1823 ngeon
3106 1761 3330 1806 cunctos
3390 1752 3477 1805 sui
3523 1752 3733 1821 temporis

2182 1843 2433 1899 mortales
2460 1846 2654 1899 virtute
2689 1844 2839 1914 longe
2882 1843 3170 1914 superavit.
3236 1841 3456 1912 Quippe
3498 1859 3531 1896 a
3575 1842 3730 1895 teneris

2182 1933 2483 2003 unguiculis
2517 1949 2763 2005 asperum
2800 1934 3005 1987 vivendi
3038 1948 3199 2002 genus
3243 1932 3303 1984 in
3360 1930 3605 1984 columna
3661 1944 3731 1982 es-

2180 2023 2453 2080 coluerat:
2488 2024 2619 2078 adeo
2661 2032 2720 2077 ut
2749 2024 2927 2078 dentes
2980 2024 3034 2077 in
3073 2020 3344 2076 columna
3389 2022 3613 2076 statione
3649 2021 3729 2089 ipsi

2181 2116 2370 2169 mutati
2403 2115 2616 2185 fuerint.

2254 2203 2342 2257 5-4.
2384 2203 2701 2258 Columnam
2762 2211 2939 2257 autem
2990 2203 3295 2256 conscendit
3353 2192 3645 2271 hujusmodi
3678 2213 3727 2251 et

2180 2310 2379 2349 causa:
2418 2294 2551 2349 Cum
2577 2304 2706 2350 esset
2737 2295 3018 2355 admodum
3049 2303 3230 2348 tenera
3272 2294 3450 2349 adhuc
3478 2298 3640 2352 (etate,
3660 2290 3723 2340 lu-

2180 2385 2306 2439 dens
2340 2395 2389 2439 et
2442 2386 2648 2440 saltans
2674 2403 2766 2455 per
2794 2387 2983 2438 montis
2998 2386 3133 2455 juga
3163 2385 3459 2438 oberrabat
3490 2399 3509 2435 :
3539 2393 3722 2447 cumque

2181 2479 2237 2531 in
2267 2479 2495 2549 pardum
2553 2480 2838 2543 incidisset,
2865 2495 3052 2531 zonam
3111 2476 3252 2530 collo
3287 2478 3408 2542 ejus
3460 2473 3720 2544 injecit;et

2179 2568 2430 2632 bellaam,
2449 2569 2650 2622 innata:
2675 2568 2899 2637 feritatis
2929 2567 3167 2631 oblitam,
3202 2568 3367 2637 quasi
3383 2566 3505 2635 joco
3526 2562 3715 2619 trahens,

2182 2660 2250 2713 ad
2282 2661 2659 2714 monasterium
2713 2676 2867 2713 suum
2913 2658 3146 2712 deduxit.
3174 2655 3339 2722 Quod
3372 2651 3714 2723 contemplatu

2184 2752 2437 2821 magister
2467 2752 2602 2820 ejus,
2629 2753 2716 2821 qui
2742 2752 2794 2803 in
2818 2749 3064 2803 columna
3099 2752 3268 2803 vitam
3293 2751 3502 2819 agebat,
3529 2758 3709 2816 puerum

2181 2844 2549 2912 interrogavit,
2566 2843 2818 2911 quidnam
2832 2842 2927 2894 hoc
2942 2849 3089 2893 esset.
3109 2837 3210 2893 Ille.
3223 2839 3381 2909 [rtem
3408 2853 3513 2892 esse
3539 2850 3711 2902 respou-

2181 2935 2281 2995 dit,
2308 2950 2460 3003 quem
2490 2932 2639 3001 tulgo
2672 2942 2871 2985 cattam
2907 2933 3205 2985 nominant.
3238 2932 3413 3001 Atque
3443 2944 3504 2982 ea:
3540 2929 3621 2979 hoc
3642 2924 3710 2992 [a-

2179 3036 2260 3081 cto
2284 3027 2643 3096 conjecturam
2666 3030 2898 3094 capiens,
2934 3023 3107 3093 qualis
3149 3031 3488 3092 quantusque
3521 3018 3703 3086 Synna»

519 3119 688 3175 storia
719 3133 815 3171 sua
854 3115 1226 3170 ecclesiastica
1256 3116 1323 3168 de
1347 3124 1530 3168 sancto
1577 3113 1833 3184 ngeone
1880 3114 2075 3184 Stglita
2110 3134 2152 3188 ο
2186 3119 2239 3171 in
2296 3119 2503 3171 virtutis
2564 3119 2735 3170 studio
2786 3117 2992 3186 futurus
3037 3124 3191 3179 esset,
3222 3117 3281 3168 in
3316 3113 3597 3167 columnam
3617 3121 3706 3158 eum

519 3212 738 3265 .luniore
763 3216 1048 3263 memorat.
1073 3208 1206 3262 Nam
1231 3215 1594 3277 praeterquam
1654 3205 1803 3273 quod
1852 3221 2080 3261 summa:

520 3304 646 3356 lidei
706 3300 1005 3354 historicus
1057 3297 1148 3360 sit,
1180 3312 1397 3353 coaevus
1445 3295 1701 3365 Symeoni
1745 3294 1865 3351 fuit.
1905 3310 2080 3364 eoque

518 3391 860 3445 laruiliariter
922 3405 1074 3455 usus,
1150 3386 1611 3459 quemadmodum
1678 3400 1742 3438 ex
1796 3385 2081 3453 ipsinsmet

518 3481 722 3544 verbis,
774 3497 899 3535 mox
956 3478 1348 3551 subiiciendis,
1408 3484 1590 3547 potest
1645 3475 1825 3545 colligi
1870 3493 1882 3528 :
1944 3475 2079 3529 dicit

519 3577 976 3647 enim,Gregorio
996 3576 1317 3646 patriarcha:
1370 3573 1718 3629 Antiocheno
1770 3574 2075 3631 innotuisse

510 3667 771 3721 lethalem
811 3667 981 3721 sancti
1038 3664 1311 3737 ngeonis
1340 3664 1630 3727 morbum,
1679 3663 1944 3717 indicante
1986 3678 2071 3717 se.

508 3758 762 3814 Ostendit
826 3758 991 3814 etiam
1079 3758 1470 3813 commercium
1539 3757 1852 3811 litterarum
1932 3756 2076 3810 inter

514 3857 810 3917 utrumque
831 3849 1227 3913 intercessisse,
1265 3863 1389 3903 cum
1437 3849 1514 3902 ait
1569 3849 1909 3903 admonitum
1940 3862 1999 3902 se
2043 3863 2073 3901 a

518 3938 718 3993 Sancto
751 3954 849 4009 per
895 3939 1109 3994 litteras
1132 3940 1301 3995 fuisse
1328 3939 1563 4010 quadam
1594 3954 1761 4010 super
1802 3955 1882 4003 re,
1909 3954 2073 4009 quam

514 4030 742 4097 putabat
779 4030 1036 4084 omnibus
1059 4031 1198 4085 clam
1227 4045 1372 4085 esse.
1401 4030 1649 4085 Certiora
1679 4045 1900 4100 quoque
1941 4045 2074 4098 pro-

521 4117 623 4173 lcrt
648 4120 850 4175 indicia
880 4129 1083 4176 mutuze
1120 4122 1539 4179 consuetudinis
1568 4121 1690 4175 Vita
1755 4136 1910 4175 num.
1941 4119 2071 4184 258,

510 4208 603 4263 ubi
634 4224 756 4278 quas
785 4218 1095 4279 cognoverat
1120 4212 1177 4264 in
1203 4212 1393 4279 spiritu
1419 4209 1664 4281 Symeon,
1689 4208 1936 4278 Evagrio,
1974 4223 2077 4285 pro

513 4300 599 4352 sui
624 4298 679 4353 in
697 4301 872 4370 ipsum
899 4300 1160 4370 singulari
1184 4302 1527 4370 propensione
1545 4301 1732 4360 animi.
1776 4301 1938 4369 jussit
1991 4300 2077 4373 in:

512 4388 702 4441 dicari.
726 4388 896 4442 Porro
943 4389 1324 4443 auctoritatem
1376 4388 1533 4451 Vitas,
1570 4397 1678 4443 tam
1733 4387 2071 4458 frequentia,

2187 3208 2417 3262 admisit.
2457 3207 2574 3272 Qua
2612 3208 2669 3260 in
2709 3207 2954 3260 columna
2978 3247 2991 3268 ,
3033 3216 3081 3260 et
3115 3208 3169 3259 in
3219 3207 3397 3260 altera
3444 3216 3554 3273 quin
3583 3204 3643 3250 est
3665 3195 3705 3245 in

2182 3315 2386 3352 summo
2413 3303 2603 3353 montis
2630 3303 2840 3362 vertice,
2864 3307 2974 3351 octo
3004 3315 3067 3350 ac
3118 3299 3405 3367 sexaginta
3440 3291 3591 3358 exegit
3634 3299 3707 3336 an-

2183 3405 2297 3448 ηοε.
2321 3391 2464 3442 omni
2488 3392 2673 3460 gratiae
2697 3405 2883 3460 genere
2923 3391 3166 3441 donatus.
3201 3385 3408 3456 Quippe
3448 3383 3530 3452 qui
3554 3384 3597 3429 et
3619 3373 3703 3424 da?-

2184 3496 2363 3533 mones
2419 3481 2671 3550 abigeret,
2697 3489 2746 3533 et
2792 3478 2996 3532 morbos
3045 3494 3106 3531 ac
3137 3476 3422 3547 languores
3453 3481 3608 3525 omnes
3633 3478 3703 3515 sa-

2183 3579 2355 3633 naret,
2389 3581 2436 3622 et
2493 3571 2673 3639 futura
2718 3569 2928 3639 perinde
2980 3586 3041 3622 ac
3092 3568 3381 3637 praesentia
3418 3556 3697 3632 pra’videfﬂ-

2185 3658 2438 3728 Gregorio
2473 3668 2609 3711 certe
2653 3658 2917 3728 prredixit,
2948 3672 3065 3709 eum
3105 3664 3331 3709 mortem
3353 3649 3549 3721 quidem
3568 3640 3698 3711 ipsius

2181 3752 2414 3805 visurum
2450 3767 2552 3804 non
2579 3766 2687 3803 esse
2716 3767 2734 3813 ;
2766 3765 2882 3820 qua
2924 3765 3045 3802 vero
3102 3756 3217 3817 post
3286 3751 3499 3799 mortem
3555 3735 3697 3804 full”

2184 3850 2377 3902 essent,
2404 3843 2797 3911 ignoraturum.

2253 3934 2341 3987 35.
2372 3909 2606 4001 cumque
2630 3948 2724 4002 ego
2743 3931 2950 3984 amissis
2976 3929 3147 3984 liberis
3174 3929 3303 3982 meis
3329 3927 3383 3979 in
3403 3921 3562 3978 varias
3581 3909 3692 3979 συσὶ·

2182 4025 2408 4078 tatidnes
2427 4024 2723 4085 diducerer,
2763 4032 2813 4074 et
2832 4021 2975 4091 apud
3008 4036 3089 4074 me
3113 4032 3407 4090 quaererem
3430 4009 3545 4083 quid
3559 4012 3696 4059 tam

2184 4124 2337 4179 esset,
2385 4130 2481 4168 cur
2503 4114 2804 4184 gentilibus,
2839 4113 3024 4184 quibus
3047 4111 3200 4165 multi
3242 4118 3368 4166 sunt
3398 4102 3550 4163 ιὲὁπίτ
3588 4094 3695 4147 id”

2181 4222 2287 4260 non
2314 4206 2537 4257 eveniret
2574 4221 2592 4269 ;
2635 4204 2873 4273 quamvis
2900 4202 3094 4255 nemini
3123 4215 3342 4271 prorsus
3373 4188 3698 4279 cogitationem.

2182 4297 2319 4348 hanc
2345 4294 2688 4364 aperuissem,
2719 4292 2813 4346 ille
2851 4301 3026 4346 tamen
3074 4292 3413 4360 cogitationes
3439 4278 3697 4370 animine

2185 4385 2573 4456 introspiciens,
2605 4384 2813 4453 scripsit
2852 4382 2923 4436 ad
2964 4398 3065 4437 me.
3097 4390 3155 4435 ut
3199 4382 3265 4434 ab
3303 4381 3381 4433 his
3416 4366 3695 4456 cogitationi-

516 4477 793 4541 inusitata,
820 4477 1199 4546 stupendaque
1229 4478 1489 4532 miracula
1523 4488 1580 4533 et
1610 4454 1917 4533 inauditum
1942 4480 2070 4534 vita:
2109 4457 2149 4511 θ
2181 4477 2272 4530 bus
2331 4454 2647 4531 abstinerem
2668 4492 2688 4541 ;
2727 4475 2917 4544 quippe
2957 4489 3074 4543 quae
3113 4471 3517 4542 haudquaquam
3556 4454 3696 4528 illam

514 4568 825 4623 institutum
851 4568 1180 4633 continenti,
1213 4570 1506 4635 conciliat;
1535 4586 1659 4624 cum
1680 4571 1900 4624 vixdum
1925 4586 2074 4624 mor-

514 4670 668 4720 tuum
698 4659 880 4714 Sancti
916 4661 1285 4729 appellatione
1336 4678 1445 4715 non
1496 4663 1712 4717 dubitat
1766 4663 2071 4725 honorare;

513 4766 638 4805 cum
682 4739 832 4807 illum
889 4757 1104 4802 cunctos
1147 4750 1229 4801 sui
1281 4750 1530 4819 temporis
1582 4749 1829 4803 mortales
1883 4737 2073 4802 uirtute

512 4843 664 4914 longe
685 4859 980 4912 superasse,
1013 4844 1366 4912 pronuntiat;
1410 4857 1533 4896 cum
1559 4841 1885 4895 miraculum
1932 4842 1985 4895 in
2016 4856 2073 4895 se

510 4934 738 4997 factum,
775 4934 917 4988 idem
957 4934 1105 5004 quod
1140 4935 1193 4987 in
1217 4935 1340 4989 Vita
1373 4950 1424 4987 n.
1461 4935 1567 4987 258
1605 4934 1850 5002 ponitur,
1908 4948 2072 4987 enar-

511 5031 613 5075 rat.
640 5021 828 5090 Neque
854 5033 1033 5076 tamcn
1061 5022 1264 5081 omnia,
1297 5037 1417 5091 qua:
1463 5021 1531 5076 de
1588 5030 1771 5075 sancto
1821 5020 2074 5092 ngeone

512 5112 601 5166 hic
628 5112 817 5172 refert,
843 5114 1236 5181 complectitur
1266 5113 1387 5177 Vita
1417 5126 1602 5168 nostra
1632 5132 1645 5179 ;
1674 5113 1874 5167 desunt
1901 5113 2075 5182 plera-

510 5215 659 5268 que:
700 5211 862 5269 atque
915 5202 1038 5255 ideo
1072 5203 1419 5271 potissimum
1458 5220 1522 5259 ea
1580 5205 1794 5268 datnns,
1825 5218 1893 5257 ne
1939 5202 2071 5271 quid

508 5292 645 5345 scitu
674 5291 898 5361 dignum
943 5303 1318 5361 prmtercatur.

580 5382 669 5435 55.
701 5381 840 5435 Audi
883 5382 1048 5451 igitur
1086 5382 1263 5451 ipsum
1292 5385 1390 5438 lib.
1439 5402 1493 5449 v,
1552 5401 1603 5440 c.
1646 5385 1737 5448 2i,
1780 5384 1925 5437 inter
1968 5382 2072 5437 alia

514 5471 669 5540 signa
732 5488 853 5540 quae
904 5472 1160 5528 Mauritio
1200 5475 1491 5544 imperium
1542 5473 1957 5544 portenderent,
1994 5473 2072 5527 sic

507 5557 824 5628 loquentem
851 5580 865 5614 ε
900 5562 1131 5633 Denique
1162 5563 1409 5635 ngeon,
1447 5567 1537 5635 qui
1553 5566 1715 5633 juxta
1753 5564 1931 5617 urbem
1959 5564 2073 5617 An-

507 5648 755 5702 tiae-Itium
776 5668 933 5720 super
952 5652 1195 5705 columna
1248 5662 1394 5707 stans
1427 5656 1584 5707 vitam
1651 5656 1839 5722 exegit,
1891 5655 1972 5706 vir
2005 5654 2074 5705 ad

509 5749 590 5788 res
624 5740 880 5805 gerendas
913 5743 1212 5813 aptissimus
1233 5785 1247 5809 ,
1275 5751 1323 5795 et
1356 5743 1551 5797 cunctis
1581 5742 1765 5796 divinis
1797 5743 2072 5797 virtutibus

2180 4577 2296 4622 rent
2348 4568 2477 4623 Deo.
2509 4568 2680 4631 Idem,
2712 4583 2830 4620 cum
2861 4566 3015 4619 us‘ori
3035 4564 3313 4634 cujusdam
3348 4575 3410 4613 ea:
3437 4552 3550 4609 meis
3571 4557 3693 4642 απξα·

2179 4660 2464 4714 nuensibus
2495 4668 2610 4729 post
2639 4668 2850 4728 partum
2905 4656 2988 4709 lac
3030 4656 3350 4709 obstructum
3383 4651 3523 4706 esset,
3555 4645 3597 4689 et
3634 4644 3695 4730 ut:

2179 4752 2297 4820 fans
2323 4752 2374 4804 in
2405 4766 2610 4804 summo
2641 4749 2941 4801 discrimine
2992 4754 3292 4800 versaretur
3320 4760 3338 4808 ;
3370 4736 3589 4823 contacto
3618 4732 3695 4823 ξἰη

2183 4818 2420 4905 dextera,
2449 4841 2716 4910 prwcepit,
2748 4848 2804 4892 ut
2831 4855 2947 4892 eam
2967 4838 3204 4907 conjugis
3235 4849 3344 4890 sua:
3368 4818 3695 4910 mamillis‘inte

2176 4940 2410 5002 poneret.
2445 4904 2560 4995 Quo
2591 4904 2751 4998 facto,
2775 4931 2953 4983 statim
2988 4904 3071 4982 lac
3091 4904 3245 4998 quasi
3268 4940 3331 4979 ea:
3349 4915 3560 5002 quodam
3586 4904 3694 5002 lim"

2180 4994 2427 5093 i’rosiliit,
2487 4994 2616 5075 adeo
2658 5028 2713 5074 ut
2740 4994 2921 5075 totam
2956 4994 3193 5073 mulieris
3220 5025 3407 5070 vestem
3447 4994 3693 5063 mad‘lm‘

2178 5121 2278 5166 ret.
2304 5111 2407 5166 Sed
2436 5119 2484 5164 et
2508 5127 2727 5181 puerum
2751 5111 3050 5181 quemdam,
3075 5117 3221 5163 nocte
3244 5104 3535 5171 intempesta
3565 5104 3593 5141 ιι
3625 5094 3691 5181 ξο-

2179 5204 2386 5258 mitibus
2438 5204 2641 5257 itineris
2690 5218 2782 5273 per
2818 5202 3124 5255 oblivionem
3154 5198 3391 5252 relictum
3418 5192 3466 5244 in
3512 5183 3603 5239 ria.
3628 5170 3690 5273 ίέο

2182 5292 2487 5360 impositum
2520 5271 2798 5345 dorsorsuo
2827 5291 2896 5343 ad
2922 5287 3191 5360 Symeonis
3232 5277 3578 5341 monasterium
3596 5271 3692 5332 ρον

2182 5384 2350 5447 tavit;
2377 5392 2425 5435 et
2439 5382 2659 5451 jubente
2687 5382 2943 5453 ngeone
2989 5381 3180 5450 egressi
3224 5371 3462 5432 ministri,
3490 5363 3687 5453 puerum.

2181 5475 2269 5542 qui
2297 5492 2328 5526 a
2361 5474 2508 5526 leone
2529 5451 2949 5537 custodiebatur,
2975 5472 3396 5525 introduxerunt.
3413 5452 3563 5514 Multa
3585 5451 3686 5542 φφ·

2179 5580 2277 5632 que
2312 5564 2441 5628 alia,
2472 5566 2783 5617 memoriam
2835 5579 3040 5616 omnem
3086 5557 3405 5629 superantia.
3441 5540 3684 5635 idem

2180 5625 2268 5714 sit,
2299 5625 2493 5722 qum-et
2536 5652 2773 5723 linguam
2817 5653 3088 5715 disertam,
3117 5625 3165 5702 et
3192 5650 3371 5707 otium,
3401 5648 3445 5692 ει
3468 5625 3682 5725 “ulla:

2179 5712 2323 5816 opus
2349 5712 2648 5797 desiderant
2685 5758 2703 5798 :
2747 5759 2963 5815 qumque
3001 5712 3234 5795 omnium
3276 5749 3397 5810 pene
3424 5712 3680 5783 mortalium
