3980 6296
354 359 457 419 298
468 358 483 417 l

1488 366 2082 429 COMMENTARIUS
2120 370 2359 434 PREYI
2373 375 2485 433 US.

3438 388 3581 453 2982

356 471 545 539 linguis
577 469 924 527 celebrantur.
964 472 1207 528 Omnium
1240 473 1377 526 enim
1419 475 1693 528 nationum
1746 476 1911 528 homi-
1942 477 1988 536 A
2015 493 2152 538 sum,
2187 478 2438 548 maligne,
2464 489 2512 533 et
2559 497 2712 534 curre
2762 485 2814 536 in
2861 489 3105 555 ﬂammas
3134 492 3291 560 ignis,
3316 512 3579 563 arsurus;

351 574 462 622 nes,
500 574 603 611 non
645 558 871 614 Romani
909 562 1101 625 solum,
1131 579 1309 616 verum
1359 565 1519 617 etiam
1572 564 1806 629 barbari,
1843 566 1911 619 ad

348 665 464 703 eum
490 652 855 717 uentitabant;
887 663 934 705 et
979 669 1295 723 qua’cunque
1336 654 1767 724 postulaverant,
1811 658 1911 709 im-

345 739 644 807 petrabant.
682 740 787 794 Pro
826 742 934 794 cibo
984 751 1158 795 autem
1206 761 1268 796 ac
1318 754 1444 813 potu
1499 746 1545 797 ei
1598 746 1741 814 fuere
1771 748 1909 800 rami

346 830 619 898 cujusdam
676 832 918 900 fruticis,
981 833 1167 902 quieo
1221 834 1276 886 in
1335 842 1510 888 monte
1571 837 1904 891 nascebatur.

346 919 646 988 Utrumque
680 922 828 976 hunc
857 922 1073 992 Evagrii
1118 923 1301 979 locum
1334 925 1616 979 transtulit
1639 928 1804 981 etiam
1838 927 1906 981 ad

343 1024 435 1071 se,
508 1010 732 1064 totidem
783 1026 922 1080 pene
976 1012 1198 1075 verbis,
1248 1013 1597 1082 Nicephorus
1652 1014 1907 1071 Callistus

343 1099 377 1150 Ι.
421 1116 566 1160 XVIII.
605 1117 655 1154 c.
686 1102 715 1153 7
747 1112 803 1157 et
835 1103 927 1156 24.

339 1257 365 1326 §
390 1258 496 1312 Vll.
525 1258 646 1314 Alia
676 1261 739 1313 de
764 1262 943 1315 eodem
973 1263 1358 1335 memorabilia,
1383 1280 1446 1317 ex
1471 1266 1667 1335 synodo
1689 1264 1904 1322 Nicwna

616 1345 673 1391 ιι,
716 1340 766 1383 et
798 1340 981 1385 sancto
1012 1332 1219 1385 Joanne
1275 1332 1622 1390 Damasceno.

415 1437 516 1494 Hic
539 1454 759 1508 quoque
809 1444 1186 1513 paragraphus
1237 1447 1429 1501 codem
1462 1446 1647 1512 faciet,
1678 1463 1789 1516 quo
1813 1462 1905 1502 su-

339 1529 565 1596 perior:
600 1530 857 1586 videlicet
888 1542 947 1587 ut
991 1549 1058 1588 eo
1089 1536 1314 1605 majoris
1373 1538 1721 1593 auctoritatis
1769 1553 1903 1594 cen-

337 1626 526 1672 seatur
550 1634 670 1675 esse
697 1621 838 1687 Vita,
872 1640 981 1693 quo
1013 1626 1295 1694 graviores
1331 1637 1463 1681 sunt
1491 1638 1742 1683 auctores
1767 1670 1781 1693 ,
1805 1629 1900 1699 qui

333 1721 434 1760 sua
458 1745 473 1771 ,
530 1707 575 1761 si
605 1724 712 1762 non
738 1726 803 1764 ex
827 1710 938 1775 illa,
975 1723 1125 1767 certe
1151 1715 1340 1771 eadem
1371 1732 1495 1770 cum
1523 1717 1637 1771 illic
1674 1728 1900 1775 conten-

2012 575 2061 618 et
2090 567 2170 634 fer
2200 585 2395 638 aquam
2433 580 2481 622 et
2509 571 2695 642 collige
2718 573 2883 643 ligna.
2921 577 2982 630 Et
3014 583 3214 643 statim.
3255 585 3418 639 veluti
3448 605 3575 644 ven-

2010 663 2111 721 tus,
2144 675 2361 714 currens
2393 672 2440 713 et
2479 665 2804 719 vehementer
2829 676 3061 723 aestuans
3106 673 3310 728 dccmon
3331 717 3345 740 ,
3374 687 3423 730 et
3470 682 3576 734 tol-

2009 743 2122 799 lens
2152 749 2207 800 in
2238 750 2457 804 muliere
2483 758 2794 823 amphoram
2825 777 2997 829 aqum,
3024 765 3363 832 minabatur;
3398 779 3448 822 et
3480 772 3580 826 im-

2006 832 2204 903 pletam
2232 838 2405 904 illam,
2438 851 2486 894 et
2512 843 2732 900 collecta
2763 847 2824 900 de
2850 849 2985 905 silva
3040 851 3186 923 ligna
3228 858 3429 924 attulit,
3456 862 3575 931 eju-

2008 925 2126 979 lans
2151 939 2197 982 et
2216 930 2391 985 dicens
2416 950 2432 987 :
2463 934 2546 989 Va:
2561 939 2685 992 mihi
2710 940 2850 994 malo
2875 959 3019 998 servo
3040 963 3102 999 ac
3125 947 3384 1004 inventori
3409 955 3579 1008 malo~

2079 1244 2168 1298 38.
2203 1245 2298 1299 His
2335 1257 2513 1303 autem
2559 1252 2708 1307 dictis
2730 1272 2909 1311 coram
2952 1261 3164 1330 populo,
3209 1267 3298 1334 qui
3321 1284 3572 1324 convene-

2005 1342 2130 1396 rat;
2165 1344 2441 1405 postquam
2493 1341 2797 1408 adimplevit
2847 1349 3227 1418 ministerium,
3285 1359 3423 1426 quod
3469 1363 3569 1416 sibi

2004 1421 2178 1489 fuerat
2224 1425 2540 1495 imperatum
2563 1469 2576 1492 ,
2608 1432 2856 1488 clamavit
2915 1439 3141 1496 altisone
3164 1485 3178 1507 ,
3242 1421 3496 1517 loquens;
3519 1463 3568 1507 et

2007 1514 2269 1581 aspiciens
2296 1527 2479 1572 contra
2505 1537 2559 1574 se
2581 1526 2792 1579 veniens
2811 1528 2991 1599 fulgur
3027 1535 3162 1603 ignis
3189 1576 3204 1598 ,
3236 1540 3477 1597 currebat
3509 1547 3563 1600 in

2002 1602 2226 1657 muliere
2269 1623 2362 1676 per
2393 1611 2671 1667 circuitum
2699 1625 2870 1672 status
2900 1602 3355 1694 ejus,iplurimum
3391 1641 3441 1685 et
3470 1636 3565 1689 do-

2000 1690 2171 1747 lenter
2206 1699 2513 1765 cruciatus;
2568 1712 2616 1756 et
2647 1705 2827 1760 taliter
2881 1690 3117 1777 protinus
3150 1718 3320 1774 exiit:
3351 1732 3398 1775 et
3447 1743 3563 1778 mu-

333 1798 422 1863 tis,
457 1800 772 1854 testimonia
831 1815 1244 1891 proptpserunt.
1310 1807 1388 1863 Ac
1434 1811 1613 1879 primo
1672 1812 1895 1881 quidem
1929 1805 1971 1862 Β
2001 1781 2127 1891 (ἕπε
2176 1789 2400 1891 pmiino
2439 1794 2913 1891 afﬁnifesmma’
2964 1805 3159 1862 dimi“
3189 1826 3304 1866 eam
3336 1813 3558 1886 δμηθοΊ

330 1889 573 1959 synodus
633 1892 848 1948 Nicama
880 1889 941 1960 It,
982 1899 1256 1966 generalis
1312 1916 1407 1966 vn,
1459 1916 1549 1956 an.
1600 1904 1722 1968 787,
1786 1903 1893 1959 lla-

330 1978 528 2035 driano
555 1980 574 2035 l
604 1997 740 2051 papa
764 2025 777 2047 ,
812 1983 1177 2041 Constantino
1210 1997 1373 2059 atque
1399 1990 1557 2045 Irene
1595 1991 1893 2061 imperato-

335 2071 543 2137 ribus,'
574 2075 846 2131 celebrata
913 2088 1104 2133 contra
1158 2080 1549 2147 lconoclastas,
1599 2085 1813 2140 actione
1836 2088 1891 2152 4,

335 2161 389 2215 in
414 2163 656 2220 editione
676 2165 1093 2226 Graeco-Latina
1121 2171 1347 2241 Labbei,
1377 2176 1456 2231 sic
1480 2176 1725 2246 loquitur
1756 2196 1767 2230 :
1802 2178 1895 2231 Jo-

329 2250 474 2318 seph,
509 2255 967 2310 reverendissimus
1004 2262 1291 2315 monachus
1330 2272 1378 2316 et
1407 2263 1739 2336 Hegumenus
1776 2285 1891 2321 mo-

331 2339 549 2391 nasterii
591 2339 872 2409 Heraclia’,
930 2346 1116 2400 dixit:
1146 2346 1213 2402 Et
1268 2365 1361 2420 ego
1410 2362 1650 2421 peccator
1700 2354 1892 2410 librum

326 2431 459 2496 fero,
493 2433 844 2487 continentem
895 2430 1069 2491 Vitam
1102 2441 1273 2493 sancti
1319 2439 1591 2511 Symeonis
1634 2444 1890 2500 Mirabilis

326 2517 536 2585 Montis,
557 2531 605 2575 et
627 2531 681 2576 ut
686 2525 904 2591 jubclis.
934 2525 1132 2582 Sancta
1181 2532 1408 2599 synodus
1441 2531 1572 2585 dixit
1600 2549 1617 2587 :
1640 2533 1888 2605 Legatur.

330 2609 398 2661 Et
433 2614 688 2682 accipiens
721 2613 958 2683 Cosmas,
992 2617 1102 2672 Deo
1132 2620 1375 2675 amabilis
1411 2623 1660 2679 diaconus
1709 2634 1756 2678 et
1781 2625 1888 2681 Cu-

323 2700 596 2767 buclcsius,
640 2703 780 2775 legit.
823 2705 904 2760 Ex
926 2706 1041 2762 Vita
1072 2712 1244 2764 sancti
1270 2711 1448 2766 Patris
1480 2717 1648 2768 nostri
1673 2711 1890 2787 Sgrneo-

326 2790 405 2842 nis
437 2790 696 2847 Mirabilis
723 2795 916 2851 Montis
944 2799 1235 2868 capitulum
1264 2803 1388 2866 118,
1412 2802 1488 2857 De
1511 2805 1707 2873 femina
1730 2846 1744 2871 ,
1770 2820 1889 2877 qua:

334 2879 609 2953 Rhosopoli
637 2885 832 2940 sterilis
865 2898 1005 2952 erat,
1041 2890 1218 2945 valido
1250 2892 1506 2947 daemonio
1536 2910 1736 2964 pressa,
1771 2912 1888 2968 qua:

325 2990 461 3028 sana
486 2985 535 3028 et
570 2977 791 3046 fecunda
822 2980 985 3049 facta,
1016 2984 1300 3052 imaginem
1335 2984 1475 3039 Justi
1509 2987 1755 3057 imposuit
1787 2990 1882 3043 do-

320 3064 393 3116 mi
412 3080 540 3127 sum,
554 3081 667 3134 quae
682 3069 959 3139 magniﬁce
978 3072 1236 3127 miracula
1262 3075 1597 3143 operabatur.
1625 3076 1883 3143 Quamvis

1997 1889 2225 1942 sanam;
2262 1878 2436 1934 dicens
2470 1884 2540 1936 ad
2578 1886 2733 1941 illam
2766 1905 2784 1941 :
2822 1890 2982 1960 Vade,
3015 1898 3226 1966 mulier,
3250 1904 3304 1956 in
3344 1878 3557 1964 domum

1996 1971 2142 2018 tuam
2183 1976 2231 2020 et
2283 1972 2521 2027 cohabita
2565 1994 2682 2030 cum
2708 1981 2818 2034 viro
2845 1992 2970 2049 tuo;
3025 2004 3138 2042 ecce
3183 1993 3324 2047 enim
3360 1996 3553 2053 direxit

1993 2051 2248 2110 Dominus
2273 2075 2363 2111 cor
2395 2063 2529 2131 ejus,
2562 2072 2617 2116 ut
2647 2071 2863 2137 recipiat
2899 2081 2949 2126 te
2977 2092 3094 2130 cum
3127 2082 3321 2148 gaudio
3342 2101 3552 2155 magno.

1994 2139 2146 2205 Quod
2173 2154 2220 2197 et
2252 2148 2448 2216 factum
2504 2163 2598 2207 est.
2662 2156 2899 2230 Cumque
2929 2164 3027 2218 illa
3083 2139 3291 2226 reversa
3345 2139 3550 2244 fuisset,

1990 2235 2173 2286 statim
2227 2248 2424 2292 rectum
2464 2241 2659 2309 factum
2689 2258 2763 2302 est
2794 2267 2884 2304 cor
2915 2256 3014 2307 viri
3040 2259 3122 2311 sui
3142 2261 3211 2313 ad
3232 2235 3553 2335 diligendum

1992 2337 2142 2388 eam;
2164 2336 2212 2378 et
2242 2328 2297 2382 in
2308 2346 2514 2399 gressus
2546 2346 2619 2390 est
2659 2342 2728 2393 ad
2752 2341 2925 2410 illam,
2950 2356 2998 2400 et
3024 2352 3293 2420 confestim
3322 2328 3554 2431 concepit

1989 2413 2045 2465 in
2064 2424 2214 2469 utero
2242 2435 2259 2471 :
2291 2429 2339 2472 et
2369 2425 2625 2494 completo
2652 2447 2792 2486 anno
2817 2436 3051 2517 tulerunt
3104 2413 3324 2512 puerum
3350 2454 3420 2505 ad
3438 2413 3553 2508 ser-

1990 2517 2109 2558 vum
2164 2507 2275 2572 Dei,
2303 2510 2581 2570 laudantes
2610 2528 2659 2572 et
2700 2507 3055 2593 glorificantes
3083 2507 3268 2591 Deum.
3293 2539 3423 2596 Cum
3457 2507 3552 2598 au-

1992 2600 2095 2646 tem
2137 2599 2480 2668 complessent
2525 2610 2821 2665 orationem
2869 2632 3042 2681 suam,
3073 2629 3122 2675 et
3170 2628 3445 2687 rediissent
3480 2638 3550 2689 ad

1988 2686 2261 2753 propriam
2289 2690 2520 2757 domum,
2546 2702 2710 2751 erexit
2735 2704 2923 2757 mulier
2941 2706 3047 2773 ﬁde
3088 2712 3242 2768 ducta
3265 2718 3548 2789 imaginem

1989 2770 2171 2828 Sancti
2191 2782 2246 2830 in
2270 2780 2510 2837 interiori
2540 2786 2696 2841 domo
2720 2808 2819 2847 sua
2847 2811 2865 2847 :
2899 2813 3015 2865 quia
3041 2803 3362 2870 operabatur
3383 2813 3548 2867 mira-

1987 2863 2127 2958 cula,
2155 2867 2462 2927 obumbrata
2484 2874 2682 2947 Spiritu
2713 2885 2802 2953 qui
2827 2863 3097 2945 habitabat
3136 2896 3190 2950 in
3218 2896 3411 2955 Sancto
3488 2863 3546 2958 vel

1986 2953 2298 3012 adaemonio
2325 2965 2499 3016 vexati
2520 2970 2939 3028 emundabantar
2979 2978 3106 3044 illic,
3161 2992 3209 3037 et
3269 3003 3333 3041 ex
3388 2994 3549 3048 variis
3608 3018 3613 3023 ·

1987 3047 2310 3111 passionibus
2346 3053 2604 3121 inﬁrmati
2643 3064 2985 3122 curabantur.
3019 3069 3081 3125 In
3114 3076 3297 3143 quibus
3335 3091 3383 3134 et
3440 3047 3547 3140 una

322 3161 506 3207 autem
564 3130 724 3211 idem
771 3130 1128 3216 'miraculum
1190 3130 1328 3218 infra
1378 3182 1596 3236 quoque
1914 3130 1955 3187 Ο
1990 3137 2209 3198 mum“
2238 3142 2440 3239 ﬂuxu.“
2461 3151 2735 3239 {inguinis
2760 3154 3082 3215 incessum"
3111 3181 3204 3233 per
3251 3172 3544 3239 quindecim

323 3256 379 3293 n.
419 3241 514 3294 123
549 3245 839 3311 referatur,
870 3250 999 3317 quia
1036 3259 1216 3306 tamen
1247 3254 1586 3323 aliquantum
1611 3257 1884 3314 discrimi-

319 3329 408 3383 nis
434 3329 745 3399 intercedit,
771 3338 1047 3408 praecipue
1093 3342 1272 3409 quoad
1318 3344 1562 3413 phrasin,
1592 3356 1754 3417 atque
1790 3349 1873 3402 in-

325 3433 489 3487 super
558 3426 940 3480 auctoritatem
1013 3430 1213 3499 accipit
1263 3432 1406 3487 liber
1463 3442 1609 3490 totus
1669 3452 1736 3490 ex
1778 3438 1879 3493 hac

322 3517 485 3563 tanta:
527 3514 716 3582 synodi
747 3517 973 3585 probata
1004 3523 1343 3588 narratione,
1383 3526 1557 3580 videri
1588 3540 1881 3596 possumus

317 3608 499 3652 actum
526 3616 636 3655 non
671 3618 852 3674 agere,
885 3608 929 3661 si
969 3610 1112 3663 illam
1170 3615 1545 3670 narrationem
1594 3616 1685 3671 hic
1739 3619 1876 3687 adji-

311 3690 543 3745 ciamus.
570 3693 659 3748 Sic
706 3696 873 3765 igitur
908 3699 1198 3756 lectionem
1247 3719 1398 3759 suam
1444 3703 1876 3776 prosccutusest

312 3778 540 3834 Cosmas
572 3782 864 3840 diaconus:

383 3872 472 3925 57.
498 3871 692 3926 Mulier
711 3876 955 3944 quaedam
985 3888 1100 3931 erat
1143 3879 1423 3950 Rhosapoli
1454 3882 1673 3948 Cilicite,
1710 3884 1873 3939 Theo-

317 3969 469 4014 tecna
511 3963 671 4028 dicta,
714 3980 831 4035 quia
866 3967 1196 4023 habitaverat
1251 3987 1369 4025 cum
1423 3974 1534 4027 viro
1581 3992 1677 4030 suo
1717 3979 1873 4033 annis

309 4051 513 4120 viginti,
546 4061 596 4106 et
643 4055 818 4122 filium
881 4073 984 4110 non
1033 4059 1230 4114 habuit.
1264 4059 1494 4133 Contigit
1552 4075 1729 4121 autem
1751 4087 1871 4124 eam

309 4143 472 4194 etiam
504 4158 535 4193 a
558 4143 794 4198 daemone
814 4163 845 4199 a
878 4149 1105 4214 pueritia
1120 4153 1342 4215 amari,
1372 4159 1423 4204 et
1473 4154 1723 4208 mandere
1771 4156 1873 4211 lin-

308 4245 490 4299 guam.
525 4229 615 4286 Vir
646 4243 821 4289 autem
847 4236 981 4305 ejus,
1010 4237 1155 4292 ultra
1182 4256 1285 4293 non
1308 4242 1485 4297 valens
1511 4246 1730 4316 sufferre
1771 4249 1870 4301 tri-

315 4320 598 4378 bulationis
651 4326 766 4395 ejus
817 4332 1140 4398 angustiam,
1170 4333 1366 4386 dimisit
1429 4334 1580 4389 illam
1628 4353 1659 4389 a
1714 4338 1867 4393 domo

303 4427 426 4475 sua,
460 4423 511 4467 et
535 4432 627 4485 per
658 4427 886 4485 quatuor
915 4436 1080 4474 annos
1107 4438 1224 4475 cum
1244 4422 1393 4477 nulla
1432 4435 1506 4478 est
1541 4425 1737 4495 femina
1783 4445 1868 4482 so-

304 4504 495 4559 ciatus.
536 4506 640 4560 Illa
698 4526 819 4563 vero
877 4512 1087 4565 invento
1124 4517 1376 4568 comitatu
1410 4518 1642 4587 confugit
1667 4520 1736 4572 ad
1764 4520 1862 4573 Ju-

301 4601 461 4647 stum.
494 4594 625 4649 Cum
675 4609 848 4654 autem
882 4604 1090 4658 vidisset
1125 4623 1240 4661 eum
1275 4609 1500 4675 daemon,
1528 4613 1709 4664 statim
1761 4613 1864 4680 fre—

303 4685 438 4737 muit
475 4695 524 4738 et
557 4690 898 4758 torquebatur
942 4710 1118 4749 coram
1150 4713 1208 4751 eo
1228 4738 1242 4757 ,
1266 4700 1441 4753 videns
1474 4717 1591 4754 cum
1646 4703 1865 4756 muliere

299 4775 631 4841 spiritualem
672 4781 784 4850 ejus
829 4786 1131 4856 imaginem,
1159 4789 1411 4844 dicentem
1436 4794 1664 4846 humana
1698 4810 1818 4847 voce
1845 4812 1863 4846 :

298 4859 568 4931 Separabo
607 4873 657 4918 te
692 4869 755 4920 ab
792 4886 878 4937 ea,
906 4872 1137 4944 maligne
1175 4884 1225 4929 et
1249 4877 1517 4931 immunde
1549 4880 1781 4946 spiritus,
1813 4887 1863 4932 et

298 4961 588 5005 revertetur
624 4955 693 5007 ad
722 4959 889 5011 cirum
920 4978 1093 5027 suam,
1127 4973 1178 5016 et
1216 4967 1462 5035 efﬁcietur
1485 4970 1568 5024 illi
1614 4990 1755 5027 anno
1782 4991 1865 5027 se-

300 5040 477 5103 quenti
504 5057 653 5108 puer.
688 5043 756 5096 Et
784 5047 1000 5112 ejulavit
1038 5052 1352 5109 daemonium
1388 5059 1629 5127 ferociter
1658 5076 1864 5122 contur-

299 5133 476 5181 batum
502 5147 520 5183 :
550 5130 594 5185 0
619 5132 865 5188 violentia
897 5140 1148 5194 adversus
1175 5159 1256 5196 me
1286 5147 1306 5198 !
1335 5165 1439 5201 non
1465 5160 1541 5203 est
1570 5162 1718 5208 tuum
1749 5175 1863 5212 ma-

299 5218 537 5271 trimonii
581 5220 867 5278 solutiones
902 5228 1096 5295 efﬁcere
1120 5247 1139 5284 :
1174 5236 1378 5303 utquid
1405 5248 1576 5293 autem
1612 5251 1660 5295 et
1687 5245 1859 5312 ﬁlium

295 5306 365 5357 eis
397 5309 514 5366 das.
540 5328 657 5365 cum
688 5332 719 5366 a
758 5332 839 5368 me
864 5316 1034 5384 ﬁlium
1070 5324 1281 5377 minime
1318 5329 1496 5395 fecerit
1524 5333 1548 5383 ?
1581 5337 1705 5403 quid
1732 5340 1863 5394 mali

296 5394 395 5462 feci
435 5398 555 5462 tibi,
585 5402 668 5453 vel
690 5406 816 5472 quid
845 5412 1053 5474 peccavi
1081 5412 1135 5464 in
1169 5394 1445 5484 conspectu
1469 5394 1726 5493 tuo,'quia
1774 5445 1859 5482 se-

295 5501 459 5554 paras
485 5506 565 5541 me
586 5509 616 5544 a
648 5495 865 5548 muliere
890 5499 1050 5553 mea?
1073 5500 1132 5555 Si
1146 5520 1349 5560 servum
1376 5525 1456 5561 me
1477 5527 1855 5583 comparasscs,

298 5575 452 5626 dares
480 5593 557 5629 me
588 5580 811 5647 forsitan
833 5593 881 5636 et
904 5588 958 5640 in
990 5591 1258 5645 servitium
1290 5595 1607 5653 hominibus.
1635 5603 1701 5656 At
1733 5623 1855 5661 vero

294 5659 516 5747 Sgpnean
546 5670 620 5721 ait
645 5687 662 5723 :
687 5670 822 5735 Quia
852 5676 1022 5732 malus
1056 5696 1236 5737 servus
1269 5700 1340 5749 es,
1365 5702 1673 5759 recognosce
1693 5703 1745 5749 te
1774 5699 1857 5770 ip-

1955 5203 1975 5232 δ

2506 3220 2527 3229 _
3111 3220 3122 3233 ,
3258 3220 3537 3239 run—mu.

1987 3239 2155 3278 annos
2182 3245 2359 3297 passa,
2381 3234 2433 3285 in
2449 3233 2554 3301 ﬁde
2574 3243 2793 3294 accessit
2816 3244 2886 3297 ad
2906 3248 3189 3306 videndum
3213 3254 3493 3327 imaginem
3521 3281 3537 3323 ;

1983 3324 2030 3366 et
2061 3318 2303 3372 continuo
2328 3323 2502 3391 ﬂuxus
2530 3330 2684 3381 stetit.
2705 3328 2853 3385 Dixit
2882 3338 3020 3389 enim
3048 3339 3191 3395 intra
3210 3358 3295 3407 se,
3321 3318 3465 3415 quia,
3489 3350 3546 3405 Si

1985 3408 2189 3458 tantum
2212 3407 2387 3462 videro
2427 3413 2820 3472 similitudinem
2867 3423 3001 3491 ejus,
3031 3427 3182 3482 salva
3207 3407 3544 3493 erm-Videas

1983 3502 2161 3547 autem
2210 3498 2347 3566 quod
2380 3505 2667 3559 exsiccatus
2714 3520 2844 3563 esset
2880 3513 2993 3579 fons
3022 3521 3294 3587 sanguinis
3337 3529 3439 3591 sui,
3471 3531 3541 3583 ad

1981 3583 2241 3640 hominem
2272 3589 2368 3644 Dei
2388 3596 2626 3661 protinus
2671 3604 2919 3665 accurrit,
2949 3606 3179 3662 adorans
3229 3628 3409 3670 coram
3455 3636 3540 3685 eo,

1984 3672 2210 3730 laudans
2251 3689 2299 3731 et
2336 3681 2641 3751 gloriﬁcans
2676 3688 2860 3755 Deum,
2891 3710 2952 3746 ac
2990 3701 3272 3756 enuntians
3306 3707 3540 3767 miracu-

1981 3760 2089 3816 lum
2115 3765 2171 3817 in
2201 3781 2256 3819 se
2287 3779 2664 3840 perpetratum.

2048 3896 2136 3952 59.
2167 3897 2307 3956 Huic
2357 3905 2590 3963 alterum
2649 3914 2819 3969 etiam
2871 3919 3196 3979 miraculum
3242 3929 3537 4001 subjicitur

1975 3999 2099 4040 cum
2130 3987 2236 4044 hoc
2266 3992 2461 4049 titulo:
2488 3997 2622 4053 Item
2644 4001 2767 4074 legit
2798 4004 3046 4075 (Cosmas
3069 3987 3363 4090 diaconus).

1976 4078 2294 4136 miraculum
2351 4090 2524 4142 sancti
2559 4091 2737 4147 Patris
2791 4096 3098 4168 Symeonis:
3152 4106 3407 4183 idemque
3450 4129 3536 4175 est

1972 4169 2115 4235 quod
2143 4182 2365 4263 sanctus
2393 4178 2631 4237 Joannes
2675 4185 3044 4249 Damascenus
3080 4169 3333 4258 oratione
3359 4207 3421 4273 5,
3456 4208 3535 4263 De

1971 4256 2308 4329 imaginibus,
2340 4254 2448 4321 non
2482 4274 2672 4339 procul
2703 4290 2733 4329 a
2762 4276 2867 4334 line
2885 4276 3128 4351 adducit,
3162 4295 3382 4360 praefixo
3406 4254 3531 4357 ⁷Ιιοο

1973 4347 2175 4405 titulo:
2218 4354 2300 4409 Ex
2342 4357 2457 4413 Vita
2499 4366 2671 4419 sancti
2703 4365 2977 4439 Symeouis
3023 4347 3201 4434 rerum
3249 4347 3531 4445 admirabi:

1898 4442 1941 4497 ι)
1973 4435 2100 4490 lium
2138 4442 2410 4511 eﬂ'ectoris,
2441 4454 2685 4506 narratio
2730 4435 2949 4514 Arcadii
2999 4469 3375 4542 archiepiscOpi
3426 4478 3528 4551 Cy-

1968 4527 2070 4594 pri,
2104 4531 2418 4589 miraculum
2443 4537 2564 4591 152.
2618 4540 2936 4601 Couferenti
2986 4527 3188 4610 autem.
3230 4527 3527 4633 utrumqiile

1966 4625 2173 4674 textum
2203 4623 2346 4679 inter
2377 4642 2454 4693 se,
2520 4633 2732 4688 nullum
2780 4639 2914 4692 mihi
2971 4642 3202 4702 dubium
3234 4660 3341 4717 est,
3393 4623 3529 4725 quin

1963 4724 2029 4762 ex
2058 4712 2249 4766 eodem
2280 4732 2505 4784 prorsus
2532 4722 2725 4780 Graeco
2749 4729 2858 4784 sint
2901 4739 3173 4804 translati,
3219 4743 3295 4799 ita
3326 4761 3527 4806 conves

1963 4799 2126 4855 niunt
2179 4806 2530 4878 principium,
2581 4814 2725 4883 ﬁnis,
2783 4823 3020 4892 periodi,
3086 4799 3289 4888 omnia.
3339 4835 3527 4903 Sicubi

1964 4890 2106 4945 forte
2138 4891 2357 4953 Gnaeus
2414 4901 2732 4963 Damasceni
2791 4921 2972 4969 textus
2998 4930 3195 4985 exstat,
3246 4928 3339 4994 qui
3365 4932 3527 4988 nobis

1963 4981 2121 5049 dellt,
2150 4991 2530 5057 comprobabit
2553 4996 2718 5055 dicta.
2750 5002 2846 5056 Est
2899 5016 3079 5064 tamen
3127 4981 3298 5071 altera
3320 5024 3521 5091 versio,

1962 5072 2129 5128 altera
2157 5091 2264 5131 non
2287 5083 2446 5148 paulo
2467 5090 2790 5145 concinnior
2808 5094 3244 5171 elegantiorque.
3268 5072 3523 5169 Vidimus;

1962 5162 2064 5232 iam
2086 5164 2498 5227 iuammniorem
2527 5179 2760 5243 concilii,
2786 5188 3044 5242 succedat
3062 5192 3328 5259 placitura
3351 5203 3523 5272 magis

1962 5253 2002 5272 ἢ
2264 5261 2277 5272 ,
2328 5262 2369 5272 _,

1962 5253 2299 5317 Damasceni.
2326 5262 2511 5334 Neque
2537 5267 2645 5334 hic,
2683 5283 2835 5340 puto,
2861 5292 3083 5346 operam
3116 5285 3387 5352 perdituri
3432 5253 3525 5346 ξιι-

1958 5360 2082 5400 mus
2107 5346 2469 5409 dcscribendo
2502 5357 2645 5414 hanc
2673 5367 3066 5433 narrationem,
3088 5378 3339 5442 quamvis
3373 5395 3522 5435 cam-

1958 5431 2104 5500 dem,
2133 5437 2302 5491 verbo
2322 5447 2479 5498 tenus
2500 5444 2611 5500 fere
2641 5458 2847 5505 tantum
2866 5431 3290 5527 discrepantem,
3316 5465 3371 5518 in
3392 5458 3517 5524 ~Vita

1958 5538 2110 5577 num.
2155 5526 2249 5580 i7l
2301 5533 2442 5600 stylo
2499 5548 2688 5593 nostro
2737 5541 2968 5608 demus;
3030 5551 3136 5604 erit
3183 5558 3329 5608 enim
3383 5575 3515 5614 usus

1958 5616 2245 5688 utriusque
2274 5639 2397 5678 mox
2442 5626 2469 5697 ᾗ
2501 5645 2617 5699 seq.
2670 5632 2759 5686 Sic
2789 5635 2955 5704 igitur
2988 5639 3166 5713 titulo,
3193 5647 3302 5717 jam
3354 5664 3519 5722 supra

1960 5705 2214 5778 adducto,
2242 5714 2523 5789 subjungit
2548 5723 2912 5784 Damasccnus
2937 5746 2950 5782 :
