4026 6292
563 329 705 395 2983

1828 327 1888 386 S.
1929 322 2224 386 SYMEON
2260 321 2560 383 JUNIOR.

3660 323 3791 387 298i

633 439 722 492 40.
752 435 978 505 Contigit
1003 442 1181 487 autem
1207 432 1313 486 illis
1339 432 1610 495 diebus,ut
1640 433 1717 484 vir
1746 431 1960 500 quidam
1988 448 2128 484 mer-
2164 434 2205 490 Α
2236 428 2602 483 scribentem:
2633 425 2784 491 Quod
2813 427 2875 479 de
2895 428 3066 481 codice
3090 429 3305 497 qutrris.
3330 441 3391 478 ea:
3411 443 3517 495 quo
3541 429 3791 499 descripta

565 534 715 581 eator
744 524 968 578 civitatis
995 522 1282 576 Antiochiae
1312 523 1462 591 gravi
1504 521 1743 574 molestia
1779 520 1844 573 ab
1898 519 2131 588 improbo

566 618 800 670 tltemone
836 613 1156 683 aﬂligeretur
1183 611 1371 680 diuque
1394 621 1699 679 angeretur,
1729 610 1861 662 adeo
1889 617 1946 660 ut
1973 610 2130 678 ευπο-

560 712 797 767 caretur,
826 698 1115 755 interclusa
1150 700 1396 769 spirandi
1419 696 1693 768 facultate.
1737 699 1831 752 Hic
1862 698 2126 769 profectus

561 789 630 843 ad
659 787 936 849 Sanctum,
974 795 1022 840 et
1069 787 1182 855 ejus
1211 787 1445 855 precibus
1473 786 1761 840 sanitatem
1802 788 1876 839 sic
1919 802 2127 840 assecu-

564 886 668 938 tus,
700 886 757 931 ut
784 879 830 935 si
864 876 995 932 nihil
1022 893 1257 946 unquam
1285 891 1558 945 perpessus
1579 885 1748 941 esset,
1778 893 1895 929 cum
1916 875 1969 930 in
1996 892 2123 945 pro-

557 970 731 1038 priam
774 967 986 1023 domum
1034 966 1285 1029 rediisset,
1308 973 1365 1018 ut
1398 967 1538 1035 grati
1578 967 1744 1023 animi
1778 965 2125 1037 signiﬁcatio-

556 1075 676 1135 nem
722 1056 893 1121 daret,
928 1058 981 1109 in
1046 1054 1156 1109 loco
1201 1058 1429 1110 civitatis
1474 1056 1677 1126 publico
1712 1066 1871 1126 atque
1899 1055 2118 1120 illustri,

553 1164 716 1216 supra
745 1147 879 1215 fores
910 1148 1123 1216 officinae
1142 1147 1566 1215 sute,imaginem
1592 1148 1796 1200 statuit.
1826 1146 1976 1199 lianc
1996 1140 2122 1214 inﬁ-

554 1236 748 1290 delium
774 1235 988 1305 quidam
1016 1237 1307 1306 conspicati
1336 1235 1618 1289 luminibus
1650 1245 1700 1290 et
1734 1235 1860 1289 telis
1899 1236 2120 1290 decora-

554 1338 686 1387 tam.
713 1327 823 1380 telo
844 1326 1009 1397 pleni,
1039 1328 1121 1379 sui
1144 1325 1339 1380 similes
1359 1327 1591 1381 homines
1608 1327 1972 1395 incompositos
1992 1340 2121 1379 con-

479 1434 487 1441 ’
551 1417 802 1479 citarunt,
834 1422 891 1467 ut
928 1414 1204 1468 multitudo
1236 1417 1529 1469 conveniret
1575 1416 1888 1485 eonfuseque
1934 1417 2121 1485 vocife-

552 1515 768 1560 raretur
800 1521 818 1559 :
845 1504 1085 1558 Tollatur
1107 1521 1134 1558 e
1157 1506 1286 1571 vita,
1319 1508 1406 1576 qui
1428 1508 1522 1561 hoc
1547 1506 1685 1575 fecit,
1718 1516 1765 1559 et
1784 1508 1958 1576 imago
1984 1506 2118 1576 deji-

548 1598 742 1649 ciatur.
776 1594 965 1649 Divina
996 1605 1173 1649 autem
1202 1596 1528 1665 providentia
1554 1597 1753 1665 factum
1781 1604 1878 1660 est,
1903 1604 1962 1648 ut
2004 1598 2116 1650 tum

550 1687 693 1739 domi
710 1701 819 1739 sua:
844 1702 948 1739 non
969 1684 1613 1755 inveniretur.Cupiebant
1641 1688 1780 1739 enim
1804 1700 1922 1739 eum
1946 1687 2113 1740 inter-

2235 526 2377 581 sunt,
2406 527 2519 570 erat
2556 518 2599 569 is
2627 517 2835 587 quidem
2864 518 2917 569 in
2966 515 3287 570 Bibliotheca
3313 518 3663 574 Vallicetlana
3692 538 3791 573 mu-

2235 604 2357 660 tilus
2408 614 2457 659 et
2514 604 2784 673 ἀκέφαλος
2811 622 2826 636 ·
2863 606 2954 659 sed
2987 605 3299 660 Laurentius
3350 607 3567 661 Portius
3601 609 3702 677 (est
3751 611 3791 664 is

2232 696 2506 767 Symonis.
2534 696 2626 764 qui
2658 696 3044 749 Dictionarium
3099 696 3367 760 Latinum,
3397 696 3789 753 Graeca-barba-

2232 805 2351 843 rum
2401 792 2448 840 et
2495 786 2723 840 litterale
2772 786 3001 841 Parisiis
3052 787 3210 851 1655,
3242 787 3419 841 edidit
3442 829 3459 851 ,
3491 787 3662 841 frater
3689 805 3704 853 ;
3737 796 3787 842 et

2229 876 2383 932 suam
2436 875 2597 930 nobis
2627 891 2851 944 operam
2890 876 2944 929 in
2978 875 3358 930 describendis
3414 877 3568 931 Actis
3599 875 3786 931 Graecis

2226 966 2406 1036 pretio
2435 965 2718 1020 moderato
2752 965 2973 1031 locavit,
3006 965 3164 1021 istius
3190 965 3474 1020 idiomatis
3501 966 3783 1020 admodum

2226 1056 2492 1125 peritus),
2525 1055 2616 1108 sed
2646 1054 2984 1119 Laurentius,
3013 1055 3212 1125 inquit,
3245 1056 3460 1110 Portius
3483 1057 3575 1123 qui
3599 1057 3783 1109 descri-

2225 1144 2325 1212 psit
2342 1159 2406 1196 ea:
2430 1142 2537 1196 alio
2563 1142 2851 1213 exemplari
2878 1143 3067 1197 ibidem
3100 1152 3323 1214 reperto,
3344 1161 3513 1197 manu
3546 1144 3663 1197 licet
3691 1161 3780 1197 au-

2226 1234 2519 1302 tiquissima
2542 1242 2592 1286 et
2606 1234 2727 1303 jam
2760 1233 3076 1288 exolescente
3100 1237 3365 1306 scriptura
3404 1243 3647 1296 exorato,
3668 1250 3780 1302 sup-

2222 1325 2377 1396 plevit
2428 1343 2532 1379 non
2581 1342 2743 1395 parvo
2770 1324 2948 1379 labore
2977 1342 3070 1379 suo
3104 1326 3241 1396 quod
3269 1326 3476 1387 deerat,
3510 1335 3559 1378 et
3579 1326 3778 1393 integri-

2220 1419 2321 1472 tati
2341 1418 2452 1487 fere
2482 1416 2811 1486 primigenite
2842 1431 2970 1484 opus
2990 1414 3085 1468 hoc
3109 1416 3353 1469 reddidit.
3381 1415 3561 1486 Caput
3584 1424 3773 1476 autem,

2218 1507 2367 1577 quod
2399 1508 2611 1576 reliquo
2643 1507 2860 1576 corpori
2889 1506 2944 1561 in
2967 1507 3158 1562 codice
3192 1507 3438 1561 defuisse
3478 1519 3537 1562 et
3567 1507 3769 1563 alicnde

2218 1598 2531 1667 suppletum
2579 1597 2782 1651 dicitur
2817 1636 2832 1662 ,
2891 1605 2979 1651 est
3032 1594 3124 1650 illa
3178 1612 3304 1667 pars
3350 1597 3570 1667 Prologi
3621 1610 3767 1665 quam

2216 1686 2414 1757 primis
2470 1686 2688 1741 duobus
2732 1686 2981 1741 numeris
3028 1686 3298 1755 complexi
3328 1702 3542 1742 sumus.
3570 1685 3766 1746 Profert

551 1772 747 1841 βεενεέ
779 1789 898 1826 cum
936 1772 1072 1826 αιίαε
1111 1772 1260 1826 aliud
1305 1772 1599 1825 clamaret:
1631 1788 1755 1825 nam
1794 1787 1975 1824 eorum
2019 1786 2113 1823 ηε*
2142 1758 2191 1818 Β
2216 1784 2480 1846 prteterea
2511 1776 2775 1833 Pessinus
2829 1777 2884 1830 in
2929 1774 3123 1831 eadem
3148 1777 3383 1847 epistola
3411 1792 3572 1834 suum
3599 1778 3664 1832 de
3689 1776 3769 1830 his

547 1864 715 1930 quitia
742 1862 911 1916 multa
959 1870 1008 1915 et
1040 1879 1235 1933 magna
1276 1871 1390 1915 erat
1422 1864 1479 1916 in
1505 1869 1779 1931 conspectu
1801 1860 1898 1914 Dei
1939 1858 2111 1925 valde,

547 1964 598 2007 et
623 1956 881 2008 immensa
909 1953 1130 2017 invidia,
1156 1970 1260 2022 qua
1290 1952 1499 2022 quidem
1520 1951 1732 2021 impulsi
1765 1967 1825 2004 eo
1859 1966 2112 2004 conveneo

549 2052 694 2107 runt,
719 2044 1075 2096 existimantes
1120 2058 1176 2095 se
1229 2051 1409 2095 nactos
1439 2057 1548 2095 esse
1596 2042 1941 2104 occasionem,
2006 2057 2111 2110 qua

544 2142 788 2187 sanctum
840 2133 1100 2186 hominem
1146 2133 1501 2202 opprimerent
1553 2140 1604 2186 et
1662 2133 1923 2201 aﬂicerent
1958 2133 2113 2201 igno-

544 2225 733 2287 minia,
770 2223 906 2294 quod
957 2238 1094 2293 stepe
1145 2224 1461 2292 impietatem
1488 2230 1539 2276 et
1596 2238 1825 2276 errorem
1867 2221 2105 2286 illorum,

545 2313 634 2381 qui
654 2328 772 2365 cunt
794 2313 918 2383 ipsis
945 2312 1008 2364 de
1032 2310 1280 2381 religione
1310 2311 1449 2365 male
1484 2313 1774 2376 sentirent,
1807 2310 2111 2380 redarguis-

541 2408 639 2455 set.
674 2399 805 2455 Cum
833 2401 991 2471 igitur
1025 2407 1233 2453 tantam
1264 2401 1531 2454 insaniam
1578 2401 1810 2453 cohibere
1843 2415 1946 2452 non
1988 2414 2109 2468 pos-

543 2499 683 2555 sent,
715 2490 924 2544 cuidam
955 2490 1185 2543 militum
1239 2490 1584 2556 mandarunt,
1641 2497 1696 2542 ut
1746 2489 1941 2560 gradus
1987 2505 2110 2542 con-

541 2582 807 2635 scenderet
835 2588 885 2634 et
935 2582 1220 2650 imaginem
1252 2580 1573 2635 deturbaret.
1615 2580 1717 2645 Qui
1763 2596 1880 2634 cum
1920 2596 2106 2635 ascen-

539 2673 695 2725 disse!
717 2680 766 2724 et
804 2688 991 2725 manus
1023 2671 1339 2730 extenderet,
1368 2678 1427 2723 ut
1440 2664 1595 2741 j'ussa
1622 2671 2106 2741 perﬁceret,statim

542 2761 755 2814 eollisns
788 2771 885 2825 est,
918 2776 945 2812 e
971 2762 1239 2829 superiore
1290 2758 1400 2812 loco
1465 2758 1710 2829 delapsus
1767 2762 2009 2815 deorsum
2051 2762 2105 2816 in

543 2861 783 2907 terram:
816 2862 863 2905 et
897 2867 1117 2920 magnus
1163 2850 1417 2903 tumultus
1453 2850 1509 2903 in
1542 2851 1698 2905 turba
1723 2860 1798 2904 est
1827 2856 2102 2905 excitatus.

551 2941 978 3009 lnﬂammatique
1028 2947 1374 3008 perrexerunt
1417 2938 1645 2993 alterum
1681 2941 1924 2994 adhibere
1950 2986 1966 3009 ,
2014 2942 2105 3010 qui

553 3048 713 3091 manu
747 3043 984 3102 protenta
1013 3051 1132 3089 cum
1162 3033 1434 3095 detrahere
1466 3037 1749 3113 imaginem
1773 3028 1885 3112 ipse
1901 3058 2105 3112 quoque

542 3139 845 3194 conaretur,
875 3133 1019 3185 humi
1050 3134 1250 3202 pariter
1279 3135 1479 3203 aﬂictus
1507 3144 1601 3189 est.
1633 3134 1747 3200 Quo
1783 3137 1990 3205 quidem
2025 3136 2106 3204 fa-

543 3226 647 3282 cto,
679 3228 816 3271 metu
868 3236 1044 3274 omnes
1074 3223 1360 3290 perterriti,
1393 3226 1561 3278 crucis
1602 3227 1811 3296 signum
1849 3226 1947 3279 sibi
2000 3227 2101 3295 ipsi

541 3317 806 3378 coeperunt
860 3310 1152 3365 admovere.
1179 3311 1367 3366 Verum
1405 3330 1521 3368 cum
1560 3316 1728 3369 adhuc
1752 3316 1987 3384 inﬁdeles
2024 3316 2105 3369 illi

536 3398 852 3460 insanirent,
884 3401 1095 3453 tertium
1115 3401 1293 3455 eodem
1325 3402 1595 3472 impellere
1616 3420 1721 3458 non
1747 3405 2051 3459 destiterunt
2084 3423 2102 3460 :

542 3490 632 3558 qui
662 3504 779 3541 cum
814 3506 1032 3551 manum
1060 3493 1395 3560 attendisset,
1425 3502 1485 3547 ut
1516 3496 1798 3566 imaginem
1820 3497 2063 3566 dejiceret
2084 3535 2099 3561 ,

538 3579 652 3647 ipse
683 3594 887 3647 quoque
924 3578 1168 3633 similiter
1212 3582 1530 3652 confractus,
1560 3584 1616 3637 in
1660 3592 1859 3638 terram
1891 3585 2098 3639 decidit.

492 3700 495 3701 ν
538 3667 678 3721 Tunc
695 3667 875 3735 fideles
907 3686 1104 3734 omnes,
1133 3673 1224 3741 qui
1253 3674 1683 3737 circumstabant,
1706 3691 1930 3745 magnus
1954 3676 2104 3728 inva~

536 3759 606 3812 sit
636 3760 814 3821 timor,
849 3768 898 3811 et
953 3758 1246 3827 infidelium
1289 3763 1576 3817 caecitatem
1629 3772 1785 3833 atque
1822 3764 2101 3818 audaciam

536 3848 807 3915 admirati,
823 3850 1107 3919 imaginem
1132 3854 1416 3907 adorantes
1444 3869 1562 3906 cum
1593 3855 1975 3924 precationibus
1995 3855 2102 3908 dis-

536 3946 824 4001 cesserunt.
879 3939 1154 4005 Hactenus
1194 3943 1583 3999 Damascenus.
1610 3946 1869 4000 Recitatis
1886 3946 2036 4001 hisce
2068 3961 2101 3999 a

535 4028 730 4084 Cosma
761 4030 993 4086 diacono
1022 4018 1205 4091 corbm
1237 4034 1491 4090 Patribus
1521 4036 1737 4091 concilii
1783 4037 2098 4102 miraculis,

538 4120 657 4174 haec
711 4122 897 4175 statim
948 4123 1358 4193 subjiciuntur,
1393 4126 1754 4191 illorum,nti
1816 4136 1873 4183 et
1928 4129 2099 4182 totius

535 4210 671 4265 Viue
700 4221 922 4276 nostras,
950 4212 1110 4267 ﬁdem
1139 4223 1194 4268 et
1218 4216 1599 4272 auctoritatem
1622 4219 1878 4289 augentia
1914 4236 1927 4272 :
1960 4217 2099 4273 Con-

530 4303 798 4356 stantinus
854 4305 1215 4367 sanctissimus
1268 4308 1531 4378 episwpus
1573 4309 1895 4365 Constantia:
1938 4309 2098 4379 Cypri

2214 1867 2369 1921 Actis
2418 1866 2712 1921 admodum
2760 1866 3055 1933 laudabile,
3090 1883 3193 1922 nec
3239 1868 3506 1937 ponderis
3552 1866 3762 1921 minoris

2210 1959 2480 2030 judicium
2516 1975 2531 2017 :
2567 1957 2651 2015 Ea:
2689 1960 2859 2014 animi
2894 1962 2995 2014 mei
3032 1960 3298 2015 sententia
3327 2000 3342 2024 ,
3370 1959 3573 2030 inquit.
3614 1958 3763 2030 proﬁ-

2216 2058 2327 2102 teor
2351 2066 2451 2113 me,
2478 2050 2533 2103 in
2558 2050 2622 2102 iis
2651 2056 2896 2103 accurate
2912 2047 3151 2120 perlectis
3168 2090 3183 2115 ,
3214 2046 3349 2104 nihil
3366 2051 3467 2104 nisi
3487 2047 3757 2103 verisimili-

2214 2149 2314 2203 ter,
2369 2140 2674 2210 prudenter,
2708 2137 2974 2209 eleganter
3026 2142 3282 2210 scriptum
3343 2142 3654 2195 observasse.
3688 2138 3760 2191 Es

2213 2247 2316 2299 quo
2342 2232 2469 2300 coepi
2493 2229 2681 2299 legere,
2712 2238 2884 2301 tenere
2919 2246 3000 2283 me
3030 2247 3133 2284 non
3154 2241 3395 2301 poteram
3422 2232 3582 2285 donec
3607 2228 3760 2284 absol-

2211 2335 2408 2373 verem.
2442 2319 2613 2374 Tanta
2638 2329 2754 2374 erat
2792 2319 3079 2391 voluptas;
3114 2337 3206 2375 nec
3238 2323 3417 2375 minor
3446 2330 3632 2376 tenerte
3655 2318 3757 2373 reli-

2210 2410 2380 2479 gionis
2408 2427 2610 2475 sensus,
2648 2427 2738 2464 cor
2767 2410 3150 2481 liquefacientis
3178 2428 3346 2483 usque
3378 2412 3449 2468 ad
3490 2413 3749 2482 lacrgmas.

2208 2499 2398 2570 Itaque
2427 2517 2556 2555 rara
2577 2502 2814 2555 existimo
2857 2503 3074 2572 reperiri
3107 2503 3219 2572 ejus
3270 2505 3480 2574 generis
3531 2502 3751 2558 ecclesia-

2208 2592 2342 2645 stica
2372 2599 2732 2655 monumenta,
2758 2608 2875 2662 quae
2896 2593 3021 2659 fide,
3055 2595 3396 2661 auctoritate,
3426 2594 3748 2648 concinnitate

2209 2683 2620 2751 compositionis,
2653 2683 3067 2738 admirabilitate
3112 2674 3291 2739 rerum
3347 2702 3452 2745 non
3503 2684 3748 2740 incredibi-

2208 2770 2329 2825 liter
2371 2779 2737 2835 narratarum,
2765 2774 2885 2842 pari
2923 2790 3042 2827 cum
3064 2774 3143 2829 his
3169 2774 3315 2830 Actis
3343 2777 3469 2847 jure
3497 2777 3744 2830 editionem

2208 2864 2477 2936 lucemque
2506 2876 2828 2920 mereantur.
2862 2863 3106 2930 Verbum
3137 2869 3224 2927 his
3264 2886 3382 2928 mm
3436 2871 3594 2928 addo.
3618 2868 3744 2925 Beli-

2204 2975 2367 3033 quam
2397 2957 2466 3019 de
2497 2958 2696 3033 se'ipsa
2729 2964 2862 3019 Acta
2896 2964 3057 3019 ﬁdem
3086 2964 3290 3020 facient
3317 2983 3331 3019 :
3362 2965 3594 3036 perlege.

2275 3054 2364 3108 42.
2405 3055 2481 3109 De
2508 3062 2734 3110 auctore
2761 3062 3027 3124 quantum
3061 3056 3276 3123 assequi
3313 3056 3474 3121 licet,
3500 3054 3738 3109 dicamus.

2206 3146 2485 3214 Principio
2540 3146 2675 3200 Vita:
2703 3144 2960 3214 prteﬁxus
2988 3152 3107 3200 erat
3135 3145 3227 3199 hic
3261 3146 3480 3209 titulus,
3510 3145 3623 3204 Βίος
3660 3137 3740 3193 καὶ

2205 3235 2450 3289 πολιτεία
2496 3236 2588 3288 τοῦ
2628 3236 2776 3289 ὁσίου
2822 3235 3032 3305 Πατρδς
3055 3235 3211 3306 ἡμῶν
3234 3230 3463 3306 Συμεὼν
3482 3233 3568 3287 τοῦ
3601 3235 3650 3284 ιν
3668 3226 3734 3295 τῷ

2204 3325 2511 3395 Θαυμαστῷ
2538 3328 2712 3396 Ὄρει,
2746 3328 3125 3397 συγγραφέντα
3155 3327 3312 3397 παρὰ
3340 3326 3633 3396 Νικηφόρον
3659 3319 3737 3374 τοῦ

2202 3419 2517 3487 Μαγίστρον
2553 3418 2878 3487 Ἀντιοχείας
2906 3417 2999 3471 τοῦ
3024 3416 3290 3488 Οὐρανοῶ
3317 3417 3433 3474 Vita
3461 3426 3507 3470 et
3542 3428 3727 3469 convcr-

2198 3508 2336 3560 satio
2381 3508 2553 3561 sancti
2589 3506 2765 3561 Patris
2809 3510 2976 3562 nostri
2999 3506 3271 3579 ngeonis
3313 3511 3366 3563 in
3409 3506 3573 3564 Monte
3593 3504 3735 3559 Hira-

2202 3595 2313 3660 bili,
2364 3597 2663 3666 conscripta
2694 3614 2727 3651 α
2772 3596 3062 3667 Nicephoro
3127 3596 3389 3667 Magistro
3429 3594 3690 3653 Antiochia
3714 3628 3728 3651 ι

2203 3687 2401 3742 Caelum
2447 3688 2602 3741 dicto.
2642 3688 2799 3744 Unde
2853 3704 2985 3743 vero
3036 3688 3143 3744 hoc
3186 3688 3238 3743 ei
3293 3680 3730 3759 cognomentum?

2202 3778 2467 3832 Existimo
2490 3779 2635 3848 quod
2661 3780 2730 3833 ab
2755 3774 3104 3849 eloquentia,
3139 3797 3307 3851 quam
3344 3782 3400 3836 in
3422 3777 3724 3833 Antiochena

2201 3868 2421 3923 civitate
2471 3869 2691 3937 publice
2737 3869 3129 3938 proﬁtebatur,
3192 3879 3394 3926 ornatu
3451 3862 3723 3936 singulari.

2198 3958 2328 4028 quia
2358 3958 2537 4013 oratio
2578 3960 2699 4030 ejus
2751 3960 2932 4015 omnis
2980 3961 3281 4016 rhetoricis
3346 3959 3643 4016 luminibus,
3674 3958 3723 4003 ut

2200 4049 2402 4103 ctelum
2459 4049 2654 4113 stellis,
2681 4050 3089 4120 resplendebat.
3121 4052 3299 4107 Habet
3354 4050 3561 4122 quidem
3601 4038 3720 4119 apud

2200 4136 2416 4193 Graecos
2453 4154 2558 4192 vox
2586 4139 2875 4209 Μαγίστηρ
2904 4140 2993 4196 vel
3046 4141 3364 4213 Μαγίστρος
3411 4132 3722 4209 signiﬁcatiO‘

2200 4243 2325 4282 nem
2353 4229 2519 4282 etiam
2554 4228 2739 4290 aliam.
2771 4238 2832 4285 ut
2860 4230 2931 4285 sit
2983 4232 3176 4287 titulus
3226 4233 3282 4297 in
3316 4232 3435 4291 aula
3469 4228 3719 4296 imperato-

2200 4320 2278 4374 ris
2308 4319 2623 4389 primarius,
2659 4332 2716 4375 et
2742 4321 2992 4378 Caesareo
3036 4322 3341 4397 proximus,
3380 4329 3511 4375 teste
3544 4313 3717 4371 Cedre-

532 4392 702 4445 di.1:it:
732 4391 857 4446 Hcce
888 4394 1114 4462 quidem,
1165 4396 1490 4456 honorabiles
1521 4398 1729 4466 Patres,
1757 4401 1819 4455 de
1868 4402 1947 4455 his
1977 4416 2096 4470 qute
2127 4416 2172 4470 ι)
2195 4426 2286 4476 ne,
2321 4426 2491 4480 quare
2527 4411 2692 4466 etiam
2720 4391 3112 4482 imperatoer
3135 4413 3334 4471 fragres
3370 4410 3563 4479 ﬁliique
3612 4411 3715 4456 eum

537 4481 680 4537 lecta:
702 4492 846 4550 sunt,
879 4485 1173 4547 audivimus
1196 4493 1244 4539 et
1282 4488 1561 4551 credimus.

535 4638 721 4709 §Vlll.
758 4638 1030 4713 Desancti
1079 4638 1350 4711 Symeonis
1414 4643 1552 4707 Vita,
1596 4657 1733 4697 nunc
1785 4646 2016 4713 primum
2060 4663 2096 4701 a

747 4708 890 4763 nobis
920 4711 976 4763 in
1008 4708 1178 4765 lucem
1218 4714 1377 4778 edita,
1405 4715 1619 4783 ejusque
1649 4708 1881 4769 auctore.

599 4844 686 4899 Η.
723 4843 823 4899 Cui
849 4845 1149 4915 plurimum
1174 4847 1309 4903 Acta
1327 4856 1660 4915 sanctorum,
1687 4857 1746 4905 et
1774 4865 1877 4906 nos
1901 4889 1917 4914 ,
1958 4858 2014 4907 et
2034 4860 2093 4908 tu

536 4935 759 4999 Lector,
803 4935 1058 4993 leitum
1095 4938 1375 4994 studiosus
1416 4940 1624 5009 gloriae,
1659 4941 1960 5010 debemus,
2007 4954 2094 5001 est

533 5026 600 5081 ιι.
618 5027 675 5084 Ρ.
694 5028 890 5083 Petrus
907 5028 1166 5083 Possinus
1183 5028 1473 5084 Societatis
1490 5039 1708 5087 nostm.
1731 5032 1940 5089 Nomen
1961 5050 2089 5106 ego;

529 5125 728 5174 cetera
754 5120 882 5175 libri
918 5121 987 5175 ab
1016 5121 1137 5191 ipso
1159 5121 1292 5176 editi
1324 5133 1383 5179 et
1412 5122 1672 5194 frequens
1701 5125 1758 5183 in
1806 5126 1958 5183 hisee
1982 5129 2090 5184 Ac-

529 5207 605 5264 tis
633 5210 899 5266 memoria
925 5211 1241 5281 loquentur.
1276 5212 1504 5270 Curavit
1559 5215 1671 5282 ille,
1698 5224 1826 5286 post
1874 5228 2091 5275 nostro-

531 5314 649 5353 rum
677 5299 1007 5356 Henschenii
1040 5309 1204 5370 atque
1258 5303 1619 5373 Papebrocbii
1652 5306 1957 5365 discessum
1984 5311 2093 5366 Ro-

533 5404 639 5449 ma.
674 5389 911 5445 describi
941 5391 1119 5446 Vitam
1149 5391 1288 5448 hanc
1338 5410 1405 5449 ex
1442 5396 1631 5452 codice
1660 5396 1852 5453 Graeco
1881 5398 2089 5455 Biblio-

538 5479 707 5535 theca:
726 5480 1110 5548 Vallicellanm,
1131 5498 1253 5552 qme
1274 5492 1359 5539 est
1374 5484 1826 5558 Congregationis
1849 5490 2089 5547 Oratorii

538 5569 597 5621 S.
628 5571 865 5639 Philippi
926 5572 1097 5626 Nerii.
1135 5573 1240 5628 Sed
1286 5577 1464 5646 ipsum
1512 5579 1696 5646 potius
1724 5580 1791 5634 de
1825 5580 1911 5636 bis
1937 5582 2087 5642 audi.

535 5660 732 5719 litteris
762 5676 905 5715 anno
949 5662 1103 5729 1036,
1135 5680 1208 5718 κη
1236 5668 1350 5722 tlal.
1385 5668 1555 5723 Julias
1600 5670 1771 5725 Roma
1801 5671 1963 5738 datis,
2008 5676 2087 5729 sic

2197 4517 2310 4557 non
2370 4502 2647 4572 dedignati
2706 4512 2857 4568 sunt,
2885 4512 2943 4559 et
2997 4504 3104 4560 hoc
3164 4519 3329 4560 sensu
3366 4503 3583 4572 Symeon
3621 4491 3713 4553 ille,

2195 4594 2359 4665 vulgo
2389 4594 2803 4664 Metaphrastes,
2835 4596 3088 4668 Magister
3105 4611 3324 4667 quoque
3349 4580 3711 4649 dictttsest.Ve-

2194 4700 2320 4739 rum
2345 4701 2454 4739 non
2476 4700 2576 4754 pro
2600 4702 2707 4740 una
2739 4687 2961 4743 civitate
2995 4697 3089 4747 aut
3111 4689 3234 4745 loco
3258 4689 3482 4745 dabatur
3504 4679 3584 4734 hic
3603 4673 3710 4728 titu-

2195 4772 2304 4837 lus,
2332 4773 2564 4843 ideoque
2580 4790 2799 4843 semper
2825 4775 3105 4832 invenitur
3124 4777 3243 4833 sine
3264 4769 3518 4844 ejusmodi
3538 4759 3710 4818 addita-

2196 4874 2403 4927 mento,
2434 4880 2576 4934 saepe
2602 4866 2767 4919 etiam
2802 4881 2928 4921 cum
2973 4867 3239 4937 epithetis
3266 4860 3608 4935 Περιϐλέπτον
3632 4853 3707 4946 aut

2196 4955 2556 5025 Περιφανοῦς,
2604 4955 2883 5026 Conspicati
2934 4935 3024 5020 vel
3073 4954 3324 5015 Illustris.
3364 4952 3460 5010 Hic
3491 4958 3607 5002 vero
3630 4935 3705 5038 l-Vi'

2193 5049 2445 5115 cephorus
2469 5062 2728 5117 expresse
2748 5047 2952 5103 dicitur
2978 5049 3231 5120 Magister
3276 5040 3546 5104 Antiochia
3565 5028 3703 5088 :soli-

2195 5145 2278 5193 tas
2309 5147 2493 5193 autem
2515 5137 2769 5194 civitates
2800 5140 3070 5209 ejusmodi
3099 5136 3402 5209 primariae,
3429 5124 3589 5200 qualis
3610 5121 3699 5172 An-

2193 5229 2397 5285 tiochia
2427 5235 2566 5292 erat,
2596 5244 2799 5299 magno
2848 5229 3125 5300 stipendio
3188 5228 3482 5287 conductos
3532 5211 3701 5308 hab?"

2192 5320 2443 5391 egregios
2467 5321 2797 5390 eloquentiae
2847 5321 3136 5392 magistros
3199 5320 3282 5375 vel
3324 5332 3389 5372 ex
3437 5307 3695 5377 Augustino

2193 5411 2417 5465 scimus.
2457 5410 2723 5481 ejusmodi
2747 5426 2850 5481 spe
2881 5413 3111 5467 Romam
3164 5410 3362 5469 delato.
3394 5402 3563 5459 Talem
3589 5396 3694 5481 vero
3796 5400 3803 5407 '

2190 5494 2361 5551 fuisse
2385 5479 2735 5566 Nicephorum
2764 5479 2907 5553 hunc
2937 5509 3185 5555 nostrum
3214 5494 3354 5567 quod
3380 5499 3434 5546 et
3474 5479 3690 5567 Possint“

2192 5586 2426 5649 censuit,
2466 5563 2575 5640 non
2634 5588 2759 5649 ideo
2795 5588 3052 5656 dubites,
3093 5563 3246 5660 quia-
3268 5580 3579 5662 l‘iicel’h0w_s

2194 5676 2352 5733 listus
2383 5677 2478 5731 lib.
2504 5693 2637 5732 xvm
2663 5678 2907 5737 Historia:
2957 5657 3136 5737 cocles‘.
3162 5693 3278 5749 cap.
3304 5673 3389 5739 Ἃ,
3422 5676 3531 5725 cum
3548 5657 3682 5722 buli”
