  <div class='ocr_page' id='page_1' title='image "/cluster/home/n/w/nwhite01/storage/ocr_20150623/86 pt.2/mdp.39015008855424/620.png"; bbox 0 0 3980 6296; ppageno 0'>
   <div class='ocr_carea' id='block_1_1' title="bbox 286 335 428 402">
    <p class='ocr_par' dir='ltr' id='par_1_1' title="bbox 286 335 428 402">
     <span class='ocr_line' id='line_1_1' title="bbox 286 335 428 402; baseline 0.028 -4"><span class='ocrx_word' id='word_1_1' title='bbox 286 335 428 402; x_wconf 72' lang='lat'><strong>2985</strong></span> 
     </span>
    </p>
   </div>
   <div class='ocr_carea' id='block_1_2' title="bbox 1422 326 2431 396">
    <p class='ocr_par' dir='ltr' id='par_1_2' title="bbox 1422 326 2431 396">
     <span class='ocr_line' id='line_1_2' title="bbox 1422 326 2431 396; baseline 0.001 -4"><span class='ocrx_word' id='word_1_2' title='bbox 1422 330 2025 394; x_wconf 77' lang='lat' dir='ltr'><strong>COMMENTARIUS</strong></span> <span class='ocrx_word' id='word_1_3' title='bbox 2059 326 2431 396; x_wconf 64' lang='lat' dir='ltr'><strong>PRIEVIUS.</strong></span> 
     </span>
    </p>
   </div>
   <div class='ocr_carea' id='block_1_3' title="bbox 3407 345 3550 412">
    <p class='ocr_par' dir='ltr' id='par_1_3' title="bbox 3407 345 3550 412">
     <span class='ocr_line' id='line_1_3' title="bbox 3407 345 3550 412; baseline 0.014 -2"><span class='ocrx_word' id='word_1_4' title='bbox 3407 345 3550 412; x_wconf 78' lang='lat'><strong>2986</strong></span> 
     </span>
    </p>
   </div>
   <div class='ocr_carea' id='block_1_4' title="bbox 285 440 3551 519">
    <p class='ocr_par' dir='ltr' id='par_1_4' title="bbox 285 440 3551 519">
     <span class='ocr_line' id='line_1_4' title="bbox 285 440 3551 519; baseline 0.004 -15"><span class='ocrx_word' id='word_1_5' title='bbox 285 450 413 504; x_wconf 64' lang='lat' dir='ltr'><strong>vitae</strong></span> <span class='ocrx_word' id='word_1_6' title='bbox 469 445 745 513; x_wconf 85' lang='lat' dir='ltr'><strong>meminit,</strong></span> <span class='ocrx_word' id='word_1_7' title='bbox 780 443 972 502; x_wconf 87' lang='lat' dir='ltr'><strong>Latine</strong></span> <span class='ocrx_word' id='word_1_8' title='bbox 1039 441 1118 500; x_wconf 86' lang='lat' dir='ltr'><strong>sic</strong></span> <span class='ocrx_word' id='word_1_9' title='bbox 1150 443 1386 498; x_wconf 74' lang='lat' dir='ltr'><strong>vertitur</strong></span> <span class='ocrx_word' id='word_1_10' title='bbox 1426 443 1496 498; x_wconf 89' lang='lat' dir='ltr'><strong>ab</strong></span> <span class='ocrx_word' id='word_1_11' title='bbox 1553 443 1857 514; x_wconf 80' lang='lat' dir='ltr'><strong>interprete</strong></span> <span class='ocrx_word' id='word_1_12' title='bbox 1889 451 1930 506; x_wconf 83' lang='grc' dir='ltr'><strong>Α</strong></span> <span class='ocrx_word' id='word_1_13' title='bbox 1963 440 2237 516; x_wconf 81' lang='lat' dir='ltr'><strong>principio</strong></span> <span class='ocrx_word' id='word_1_14' title='bbox 2291 445 2501 502; x_wconf 88' lang='lat' dir='ltr'><strong>aberit:</strong></span> <span class='ocrx_word' id='word_1_15' title='bbox 2535 445 2658 501; x_wconf 86' lang='lat' dir='ltr'><strong>istic</strong></span> <span class='ocrx_word' id='word_1_16' title='bbox 2686 447 2984 519; x_wconf 83' lang='lat' dir='ltr'><strong>capitulum</strong></span> <span class='ocrx_word' id='word_1_17' title='bbox 3013 452 3129 517; x_wconf 84' lang='lat' dir='ltr'><strong>H8,</strong></span> <span class='ocrx_word' id='word_1_18' title='bbox 3173 454 3264 512; x_wconf 88' lang='lat' dir='ltr'><strong>hic</strong></span> <span class='ocrx_word' id='word_1_19' title='bbox 3287 473 3551 516; x_wconf 79' lang='lat' dir='ltr'><strong>numerus</strong></span> 
     </span>
    </p>
   </div>
   <div class='ocr_carea' id='block_1_5' title="bbox 283 535 1865 611">
    <p class='ocr_par' dir='ltr' id='par_1_5' title="bbox 283 535 1865 611">
     <span class='ocr_line' id='line_1_5' title="bbox 283 535 1865 611; baseline -0.004 -16"><span class='ocrx_word' id='word_1_20' title='bbox 283 539 514 611; x_wconf 77' lang='lat' dir='ltr'><strong>Langio,</strong></span> <span class='ocrx_word' id='word_1_21' title='bbox 534 537 690 608; x_wconf 71' lang='lat' dir='ltr'><strong>quasi</strong></span> <span class='ocrx_word' id='word_1_22' title='bbox 729 553 832 591; x_wconf 89' lang='lat' dir='ltr'><strong>non</strong></span> <span class='ocrx_word' id='word_1_23' title='bbox 861 538 938 590; x_wconf 92' lang='lat' dir='ltr'><strong>ita</strong></span> <span class='ocrx_word' id='word_1_24' title='bbox 964 537 1108 590; x_wconf 86' lang='lat' dir='ltr'><strong>docte</strong></span> <span class='ocrx_word' id='word_1_25' title='bbox 1137 543 1193 587; x_wconf 90' lang='lat' dir='ltr'><strong>ut</strong></span> <span class='ocrx_word' id='word_1_26' title='bbox 1224 535 1533 605; x_wconf 73' lang='lat' dir='ltr'><strong>magnitudo</strong></span> <span class='ocrx_word' id='word_1_27' title='bbox 1559 551 1736 588; x_wconf 86' lang='lat' dir='ltr'><strong>rerum</strong></span> <span class='ocrx_word' id='word_1_28' title='bbox 1758 538 1865 607; x_wconf 79' lang='lat' dir='ltr'><strong>[la-</strong></span> 
     </span>
    </p>
   </div>
   <div class='ocr_carea' id='block_1_6' title="bbox 284 626 1864 702">
    <p class='ocr_par' dir='ltr' id='par_1_6' title="bbox 284 626 1864 702">
     <span class='ocr_line' id='line_1_6' title="bbox 284 626 1864 702; baseline -0.004 -16"><span class='ocrx_word' id='word_1_29' title='bbox 284 631 488 702; x_wconf 80' lang='lat' dir='ltr'><strong>gitabat</strong></span> <span class='ocrx_word' id='word_1_30' title='bbox 525 631 820 700; x_wconf 85' lang='lat' dir='ltr'><strong>conscripta</strong></span> <span class='ocrx_word' id='word_1_31' title='bbox 849 631 953 684; x_wconf 90' lang='lat' dir='ltr'><strong>sit:</strong></span> <span class='ocrx_word' id='word_1_32' title='bbox 1003 629 1179 683; x_wconf 87' lang='lat' dir='ltr'><strong>utitur</strong></span> <span class='ocrx_word' id='word_1_33' title='bbox 1223 627 1373 682; x_wconf 89' lang='lat' dir='ltr'><strong>enim</strong></span> <span class='ocrx_word' id='word_1_34' title='bbox 1443 627 1534 682; x_wconf 91' lang='lat' dir='ltr'><strong>ille</strong></span> <span class='ocrx_word' id='word_1_35' title='bbox 1594 626 1864 681; x_wconf 87' lang='lat' dir='ltr'><strong>adverbio</strong></span> 
     </span>
    </p>
   </div>
   <div class='ocr_carea' id='block_1_7' title="bbox 288 720 1866 798">
    <p class='ocr_par' dir='ltr' id='par_1_7' title="bbox 288 720 1866 798">
     <span class='ocr_line' id='line_1_7' title="bbox 288 720 1866 798; baseline -0.001 -22"><span class='ocrx_word' id='word_1_36' title='bbox 288 724 363 794; x_wconf 79' lang='grc' dir='ltr'><strong>μὴ</strong></span> <span class='ocrx_word' id='word_1_37' title='bbox 390 725 578 791; x_wconf 75' lang='grc' dir='ltr'><strong>ἀξίως,</strong></span> <span class='ocrx_word' id='word_1_38' title='bbox 607 741 710 778; x_wconf 87' lang='lat' dir='ltr'><strong>non</strong></span> <span class='ocrx_word' id='word_1_39' title='bbox 738 725 911 798; x_wconf 79' lang='lat' dir='ltr'><strong>digne,</strong></span> <span class='ocrx_word' id='word_1_40' title='bbox 947 722 1091 794; x_wconf 88' lang='lat' dir='ltr'><strong>quod</strong></span> <span class='ocrx_word' id='word_1_41' title='bbox 1131 721 1296 776; x_wconf 87' lang='lat' dir='ltr'><strong>etiam</strong></span> <span class='ocrx_word' id='word_1_42' title='bbox 1327 720 1702 777; x_wconf 74' lang='lat' dir='ltr'><strong>Ciceronianze</strong></span> <span class='ocrx_word' id='word_1_43' title='bbox 1751 721 1866 775; x_wconf 91' lang='lat' dir='ltr'><strong>elo-</strong></span> 
     </span>
    </p>
   </div>
   <div class='ocr_carea' id='block_1_8' title="bbox 284 814 1858 887">
    <p class='ocr_par' dir='ltr' id='par_1_8' title="bbox 284 814 1858 887">
     <span class='ocr_line' id='line_1_8' title="bbox 284 814 1858 887; baseline -0.003 -17"><span class='ocrx_word' id='word_1_44' title='bbox 284 817 526 887; x_wconf 71' lang='lat' dir='ltr'><strong>quentia:</strong></span> <span class='ocrx_word' id='word_1_45' title='bbox 556 825 741 886; x_wconf 89' lang='lat' dir='ltr'><strong>posset</strong></span> <span class='ocrx_word' id='word_1_46' title='bbox 777 816 978 886; x_wconf 87' lang='lat' dir='ltr'><strong>aptari.</strong></span> <span class='ocrx_word' id='word_1_47' title='bbox 1014 816 1082 871; x_wconf 87' lang='lat' dir='ltr'><strong>ad</strong></span> <span class='ocrx_word' id='word_1_48' title='bbox 1142 815 1568 885; x_wconf 76' lang='lat' dir='ltr'><strong>exprimendum</strong></span> <span class='ocrx_word' id='word_1_49' title='bbox 1611 814 1858 884; x_wconf 79' lang='lat' dir='ltr'><strong>singula-</strong></span> 
     </span>
    </p>
   </div>
   <div class='ocr_carea' id='block_1_9' title="bbox 283 907 1860 980">
    <p class='ocr_par' dir='ltr' id='par_1_9' title="bbox 283 907 1860 980">
     <span class='ocr_line' id='line_1_9' title="bbox 283 907 1860 980; baseline -0.001 -19"><span class='ocrx_word' id='word_1_50' title='bbox 283 923 396 961; x_wconf 86' lang='lat' dir='ltr'><strong>rem</strong></span> <span class='ocrx_word' id='word_1_51' title='bbox 423 909 828 980; x_wconf 76' lang='lat' dir='ltr'><strong>excellentiam,</strong></span> <span class='ocrx_word' id='word_1_52' title='bbox 879 907 1030 963; x_wconf 92' lang='lat' dir='ltr'><strong>omni</strong></span> <span class='ocrx_word' id='word_1_53' title='bbox 1069 908 1313 964; x_wconf 88' lang='lat' dir='ltr'><strong>humano</strong></span> <span class='ocrx_word' id='word_1_54' title='bbox 1373 921 1629 962; x_wconf 86' lang='lat' dir='ltr'><strong>sermone</strong></span> <span class='ocrx_word' id='word_1_55' title='bbox 1682 907 1860 961; x_wconf 88' lang='lat' dir='ltr'><strong>subli-</strong></span> 
     </span>
    </p>
   </div>
   <div class='ocr_carea' id='block_1_10' title="bbox 281 999 1860 1071">
    <p class='ocr_par' dir='ltr' id='par_1_10' title="bbox 281 999 1860 1071">
     <span class='ocr_line' id='line_1_10' title="bbox 281 999 1860 1071; baseline 0.001 -21"><span class='ocrx_word' id='word_1_56' title='bbox 281 999 772 1070; x_wconf 79' lang='lat' dir='ltr'><strong>mioremzalioqui</strong></span> <span class='ocrx_word' id='word_1_57' title='bbox 808 1000 1014 1056; x_wconf 80' lang='lat' dir='ltr'><strong>fatetur</strong></span> <span class='ocrx_word' id='word_1_58' title='bbox 1054 1001 1402 1071; x_wconf 89' lang='lat' dir='ltr'><strong>Nicephorus</strong></span> <span class='ocrx_word' id='word_1_59' title='bbox 1449 1000 1618 1070; x_wconf 89' lang='lat' dir='ltr'><strong>quod,</strong></span> <span class='ocrx_word' id='word_1_60' title='bbox 1667 1000 1860 1054; x_wconf 86' lang='lat' dir='ltr'><strong>cumin</strong></span> 
     </span>
    </p>
   </div>
   <div class='ocr_carea' id='block_1_11' title="bbox 279 1090 1859 1162">
    <p class='ocr_par' dir='ltr' id='par_1_11' title="bbox 279 1090 1859 1162">
     <span class='ocr_line' id='line_1_11' title="bbox 279 1090 1859 1162; baseline 0.001 -19"><span class='ocrx_word' id='word_1_61' title='bbox 279 1093 419 1144; x_wconf 87' lang='lat' dir='ltr'><strong>hanc</strong></span> <span class='ocrx_word' id='word_1_62' title='bbox 441 1092 603 1144; x_wconf 68' lang='lat' dir='ltr'><strong>vitam</strong></span> <span class='ocrx_word' id='word_1_63' title='bbox 641 1091 845 1155; x_wconf 75' lang='lat' dir='ltr'><strong>incidit,</strong></span> <span class='ocrx_word' id='word_1_64' title='bbox 877 1091 1143 1162; x_wconf 82' lang='lat' dir='ltr'><strong>obstupuit</strong></span> <span class='ocrx_word' id='word_1_65' title='bbox 1168 1093 1596 1162; x_wconf 82' lang='lat' dir='ltr'><strong>magnitudinem</strong></span> <span class='ocrx_word' id='word_1_66' title='bbox 1627 1108 1692 1145; x_wconf 89' lang='lat' dir='ltr'><strong>ac</strong></span> <span class='ocrx_word' id='word_1_67' title='bbox 1718 1090 1859 1145; x_wconf 83' lang='lat' dir='ltr'><strong>ntul-</strong></span> 
     </span>
    </p>
   </div>
   <div class='ocr_carea' id='block_1_12' title="bbox 278 1183 1860 1256">
    <p class='ocr_par' dir='ltr' id='par_1_12' title="bbox 278 1183 1860 1256">
     <span class='ocr_line' id='line_1_12' title="bbox 278 1183 1860 1256; baseline 0.003 -22"><span class='ocrx_word' id='word_1_68' title='bbox 278 1183 553 1236; x_wconf 85' lang='lat' dir='ltr'><strong>titudinem</strong></span> <span class='ocrx_word' id='word_1_69' title='bbox 587 1185 836 1238; x_wconf 78' lang='lat' dir='ltr'><strong>eximiam</strong></span> <span class='ocrx_word' id='word_1_70' title='bbox 861 1201 1084 1252; x_wconf 87' lang='lat' dir='ltr'><strong>operum</strong></span> <span class='ocrx_word' id='word_1_71' title='bbox 1104 1201 1137 1238; x_wconf 89' lang='lat' dir='ltr'><strong>a</strong></span> <span class='ocrx_word' id='word_1_72' title='bbox 1171 1195 1357 1239; x_wconf 74' lang='lat' dir='ltr'><strong>saneto</strong></span> <span class='ocrx_word' id='word_1_73' title='bbox 1381 1193 1720 1256; x_wconf 87' lang='lat' dir='ltr'><strong>patratorum</strong></span> <span class='ocrx_word' id='word_1_74' title='bbox 1745 1200 1762 1237; x_wconf 87' lang='lat'><strong>.&#39;</strong></span> <span class='ocrx_word' id='word_1_75' title='bbox 1794 1199 1860 1238; x_wconf 90' lang='lat' dir='ltr'><strong>ea</strong></span> 
     </span>
    </p>
   </div>
   <div class='ocr_carea' id='block_1_13' title="bbox 275 1274 1858 1346">
    <p class='ocr_par' dir='ltr' id='par_1_13' title="bbox 275 1274 1858 1346">
     <span class='ocr_line' id='line_1_13' title="bbox 275 1274 1858 1346; baseline 0 -18"><span class='ocrx_word' id='word_1_76' title='bbox 275 1285 482 1336; x_wconf 91' lang='lat' dir='ltr'><strong>autem,</strong></span> <span class='ocrx_word' id='word_1_77' title='bbox 512 1274 715 1344; x_wconf 87' lang='lat' dir='ltr'><strong>inquit,</strong></span> <span class='ocrx_word' id='word_1_78' title='bbox 749 1291 911 1346; x_wconf 85' lang='lat' dir='ltr'><strong>usque</strong></span> <span class='ocrx_word' id='word_1_79' title='bbox 941 1275 1095 1328; x_wconf 84' lang='lat' dir='ltr'><strong>hodie</strong></span> <span class='ocrx_word' id='word_1_80' title='bbox 1124 1274 1460 1328; x_wconf 80' lang='lat' dir='ltr'><strong>celebrantur</strong></span> <span class='ocrx_word' id='word_1_81' title='bbox 1488 1276 1725 1329; x_wconf 89' lang='lat' dir='ltr'><strong>omnium</strong></span> <span class='ocrx_word' id='word_1_82' title='bbox 1753 1274 1858 1328; x_wconf 84' lang='lat' dir='ltr'><strong>lin-</strong></span> 
     </span>
    </p>
   </div>
   <div class='ocr_carea' id='block_1_14' title="bbox 274 1348 1856 1438">
    <p class='ocr_par' dir='ltr' id='par_1_14' title="bbox 274 1348 1856 1438">
     <span class='ocr_line' id='line_1_14' title="bbox 274 1348 1856 1438; baseline -0.001 -18"><span class='ocrx_word' id='word_1_83' title='bbox 274 1367 409 1437; x_wconf 84' lang='lat' dir='ltr'><strong>guis,</strong></span> <span class='ocrx_word' id='word_1_84' title='bbox 441 1368 704 1436; x_wconf 84' lang='lat' dir='ltr'><strong>descripta</strong></span> <span class='ocrx_word' id='word_1_85' title='bbox 731 1348 836 1419; x_wconf 60' lang='grc' dir='ltr'><strong>ὑπδ</strong></span> <span class='ocrx_word' id='word_1_86' title='bbox 868 1366 1116 1434; x_wconf 82' lang='grc' dir='ltr'><strong>Συμεῶνι</strong></span> <span class='ocrx_word' id='word_1_87' title='bbox 1154 1367 1468 1438; x_wconf 71' lang='grc' dir='ltr'><strong>(Νικηφόρῳ</strong></span> <span class='ocrx_word' id='word_1_88' title='bbox 1507 1367 1687 1421; x_wconf 81' lang='lat' dir='ltr'><strong>voluit</strong></span> <span class='ocrx_word' id='word_1_89' title='bbox 1716 1367 1856 1421; x_wconf 84' lang='lat' dir='ltr'><strong>scri-</strong></span> 
     </span>
    </p>
   </div>
   <div class='ocr_carea' id='block_1_15' title="bbox 274 1458 1857 1528">
    <p class='ocr_par' dir='ltr' id='par_1_15' title="bbox 274 1458 1857 1528">
     <span class='ocr_line' id='line_1_15' title="bbox 274 1458 1857 1528; baseline 0 -16"><span class='ocrx_word' id='word_1_90' title='bbox 274 1458 426 1522; x_wconf 86' lang='lat' dir='ltr'><strong>bere,</strong></span> <span class='ocrx_word' id='word_1_91' title='bbox 459 1459 746 1512; x_wconf 88' lang='lat' dir='ltr'><strong>autetiam</strong></span> <span class='ocrx_word' id='word_1_92' title='bbox 771 1459 1018 1528; x_wconf 88' lang='lat' dir='ltr'><strong>scripsit,</strong></span> <span class='ocrx_word' id='word_1_93' title='bbox 1051 1459 1149 1514; x_wconf 88' lang='lat' dir='ltr'><strong>sed</strong></span> <span class='ocrx_word' id='word_1_94' title='bbox 1186 1459 1628 1528; x_wconf 78' lang='lat' dir='ltr'><strong>sciolus‘aliquis</strong></span> <span class='ocrx_word' id='word_1_95' title='bbox 1654 1467 1857 1513; x_wconf 84' lang='lat' dir='ltr'><strong>nomen</strong></span> 
     </span>
    </p>
   </div>
   <div class='ocr_carea' id='block_1_16' title="bbox 275 1549 1858 1620">
    <p class='ocr_par' dir='ltr' id='par_1_16' title="bbox 275 1549 1858 1620">
     <span class='ocr_line' id='line_1_16' title="bbox 275 1549 1858 1620; baseline -0.003 -17"><span class='ocrx_word' id='word_1_96' title='bbox 275 1550 510 1604; x_wconf 83' lang='lat' dir='ltr'><strong>mutavit</strong></span> <span class='ocrx_word' id='word_1_97' title='bbox 538 1549 960 1620; x_wconf 84' lang='lat' dir='ltr'><strong>Metaphrastem</strong></span> <span class='ocrx_word' id='word_1_98' title='bbox 1018 1549 1252 1620; x_wconf 81' lang='lat' dir='ltr'><strong>intelligi</strong></span> <span class='ocrx_word' id='word_1_99' title='bbox 1307 1551 1520 1619; x_wconf 81' lang='lat' dir='ltr'><strong>volens)</strong></span> <span class='ocrx_word' id='word_1_100' title='bbox 1555 1549 1858 1619; x_wconf 74' lang='grc' dir='ltr'><strong>Μαγίςτρῳ</strong></span> 
     </span>
    </p>
   </div>
   <div class='ocr_carea' id='block_1_17' title="bbox 274 1639 1855 1714">
    <p class='ocr_par' dir='ltr' id='par_1_17' title="bbox 274 1639 1855 1714">
     <span class='ocr_line' id='line_1_17' title="bbox 274 1639 1855 1714; baseline -0.003 -14"><span class='ocrx_word' id='word_1_101' title='bbox 274 1642 352 1712; x_wconf 81' lang='grc' dir='ltr'>τῷ</span> <span class='ocrx_word' id='word_1_102' title='bbox 404 1639 670 1712; x_wconf 73' lang='grc' dir='ltr'><strong>Οὖρανὶῖ›’</strong></span> <span class='ocrx_word' id='word_1_103' title='bbox 714 1642 861 1711; x_wconf 85' lang='lat' dir='ltr'><strong>quod</strong></span> <span class='ocrx_word' id='word_1_104' title='bbox 914 1642 1235 1698; x_wconf 83' lang='lat' dir='ltr'><strong>abbreviate</strong></span> <span class='ocrx_word' id='word_1_105' title='bbox 1277 1642 1566 1714; x_wconf 81' lang='lat' dir='ltr'><strong>scriptum,</strong></span> <span class='ocrx_word' id='word_1_106' title='bbox 1612 1657 1680 1696; x_wconf 76' lang='lat' dir='ltr'><strong>ex</strong></span> <span class='ocrx_word' id='word_1_107' title='bbox 1705 1657 1855 1695; x_wconf 89' lang='lat' dir='ltr'><strong>more</strong></span> 
     </span>
    </p>
   </div>
   <div class='ocr_carea' id='block_1_18' title="bbox 271 1732 1854 1804">
    <p class='ocr_par' dir='ltr' id='par_1_18' title="bbox 271 1732 1854 1804">
     <span class='ocr_line' id='line_1_18' title="bbox 271 1732 1854 1804; baseline 0 -17"><span class='ocrx_word' id='word_1_108' title='bbox 271 1732 476 1788; x_wconf 73' lang='lat' dir='ltr'><strong>Grmcis</strong></span> <span class='ocrx_word' id='word_1_109' title='bbox 531 1733 938 1797; x_wconf 83' lang='lat' dir='ltr'><strong>usitatissimo,</strong></span> <span class='ocrx_word' id='word_1_110' title='bbox 991 1750 1093 1803; x_wconf 90' lang='lat' dir='ltr'><strong>pro</strong></span> <span class='ocrx_word' id='word_1_111' title='bbox 1151 1734 1403 1804; x_wconf 79' lang='grc' dir='ltr'><strong>Οὐρανῷ,</strong></span> <span class='ocrx_word' id='word_1_112' title='bbox 1458 1750 1568 1788; x_wconf 91' lang='lat' dir='ltr'><strong>non</strong></span> <span class='ocrx_word' id='word_1_113' title='bbox 1626 1733 1854 1802; x_wconf 87' lang='lat' dir='ltr'><strong>capiens</strong></span> 
     </span>
    </p>
   </div>
   <div class='ocr_carea' id='block_1_19' title="bbox 1971 531 3644 609">
    <p class='ocr_par' dir='ltr' id='par_1_19' title="bbox 1971 531 3644 609">
     <span class='ocr_line' id='line_1_19' title="bbox 1971 531 3644 609; baseline 0.007 -16"><span class='ocrx_word' id='word_1_114' title='bbox 1971 531 2092 594; x_wconf 67' lang='lat'><strong>123.</strong></span> <span class='ocrx_word' id='word_1_115' title='bbox 2120 539 2200 594; x_wconf 83' lang='lat' dir='ltr'><strong>En</strong></span> <span class='ocrx_word' id='word_1_116' title='bbox 2229 539 2554 609; x_wconf 84' lang='lat' dir='ltr'><strong>quantulum</strong></span> <span class='ocrx_word' id='word_1_117' title='bbox 2581 539 2917 598; x_wconf 87' lang='lat' dir='ltr'><strong>discrimen!</strong></span> <span class='ocrx_word' id='word_1_118' title='bbox 2945 543 3193 602; x_wconf 79' lang='lat' dir='ltr'><strong>Alterum</strong></span> <span class='ocrx_word' id='word_1_119' title='bbox 3223 550 3550 609; x_wconf 84' lang='lat' dir='ltr'><strong>miraculum</strong></span> <span class='ocrx_word' id='word_1_120' title='bbox 3629 595 3644 604; x_wconf 81' lang='grc'><em>.</em></span> 
     </span>
    </p>
   </div>
   <div class='ocr_carea' id='block_1_20' title="bbox 1970 630 3548 710">
    <p class='ocr_par' dir='ltr' id='par_1_20' title="bbox 1970 630 3548 710">
     <span class='ocr_line' id='line_1_20' title="bbox 1970 630 3548 710; baseline 0.01 -25"><span class='ocrx_word' id='word_1_121' title='bbox 1970 630 2132 700; x_wconf 87' lang='lat' dir='ltr'><strong>paulo</strong></span> <span class='ocrx_word' id='word_1_122' title='bbox 2158 631 2378 703; x_wconf 78' lang='lat' dir='ltr'><strong>longius</strong></span> <span class='ocrx_word' id='word_1_123' title='bbox 2400 633 2612 688; x_wconf 88' lang='lat' dir='ltr'><strong>recedit</strong></span> <span class='ocrx_word' id='word_1_124' title='bbox 2660 633 2716 688; x_wconf 91' lang='lat' dir='ltr'><strong>in</strong></span> <span class='ocrx_word' id='word_1_125' title='bbox 2743 643 2931 690; x_wconf 90' lang='lat' dir='ltr'><strong>nostra</strong></span> <span class='ocrx_word' id='word_1_126' title='bbox 2968 637 3112 703; x_wconf 85' lang='lat' dir='ltr'><strong>Vita,</strong></span> <span class='ocrx_word' id='word_1_127' title='bbox 3155 657 3318 710; x_wconf 88' lang='lat' dir='ltr'><strong>quam</strong></span> <span class='ocrx_word' id='word_1_128' title='bbox 3372 644 3548 702; x_wconf 42' lang='lat' dir='ltr'><strong>Arcas</strong></span> 
     </span>
    </p>
   </div>
   <div class='ocr_carea' id='block_1_21' title="bbox 1968 722 3580 801">
    <p class='ocr_par' dir='ltr' id='par_1_21' title="bbox 1968 722 3580 801">
     <span class='ocr_line' id='line_1_21' title="bbox 1968 722 3580 801; baseline 0.011 -25"><span class='ocrx_word' id='word_1_129' title='bbox 1968 722 2132 778; x_wconf 87' lang='lat' dir='ltr'><strong>diana</strong></span> <span class='ocrx_word' id='word_1_130' title='bbox 2161 740 2176 789; x_wconf 96' lang='lat'><strong>;</strong></span> <span class='ocrx_word' id='word_1_131' title='bbox 2204 724 2300 779; x_wconf 92' lang='lat' dir='ltr'><strong>sed</strong></span> <span class='ocrx_word' id='word_1_132' title='bbox 2331 724 2636 780; x_wconf 90' lang='lat' dir='ltr'><strong>notandum</strong></span> <span class='ocrx_word' id='word_1_133' title='bbox 2669 742 2933 781; x_wconf 89' lang='lat' dir='ltr'><strong>numeros</strong></span> <span class='ocrx_word' id='word_1_134' title='bbox 2962 727 3014 780; x_wconf 94' lang='lat' dir='ltr'><strong>in</strong></span> <span class='ocrx_word' id='word_1_135' title='bbox 3047 729 3157 784; x_wconf 90' lang='lat' dir='ltr'><strong>vita</strong></span> <span class='ocrx_word' id='word_1_136' title='bbox 3182 741 3368 790; x_wconf 88' lang='lat' dir='ltr'><strong>nostra</strong></span> <span class='ocrx_word' id='word_1_137' title='bbox 3399 736 3580 801; x_wconf 81' lang='lat' dir='ltr'><strong>circa,</strong></span> 
     </span>
    </p>
   </div>
   <div class='ocr_carea' id='block_1_22' title="bbox 1967 816 3546 890">
    <p class='ocr_par' dir='ltr' id='par_1_22' title="bbox 1967 816 3546 890">
     <span class='ocr_line' id='line_1_22' title="bbox 1967 816 3546 890; baseline 0.01 -21"><span class='ocrx_word' id='word_1_138' title='bbox 1967 816 2210 871; x_wconf 88' lang='lat' dir='ltr'><strong>medium</strong></span> <span class='ocrx_word' id='word_1_139' title='bbox 2238 818 2641 873; x_wconf 82' lang='lat' dir='ltr'><strong>contractiores</strong></span> <span class='ocrx_word' id='word_1_140' title='bbox 2661 835 2804 884; x_wconf 87' lang='lat' dir='ltr'><strong>esse,</strong></span> <span class='ocrx_word' id='word_1_141' title='bbox 2847 835 3010 890; x_wconf 87' lang='lat' dir='ltr'><strong>quam</strong></span> <span class='ocrx_word' id='word_1_142' title='bbox 3053 838 3249 878; x_wconf 91' lang='lat' dir='ltr'><strong>versus</strong></span> <span class='ocrx_word' id='word_1_143' title='bbox 3287 825 3546 885; x_wconf 84' lang='lat' dir='ltr'><strong>initiumt</strong></span> 
     </span>
    </p>
   </div>
   <div class='ocr_carea' id='block_1_23' title="bbox 1965 910 3549 987">
    <p class='ocr_par' dir='ltr' id='par_1_23' title="bbox 1965 910 3549 987">
     <span class='ocr_line' id='line_1_23' title="bbox 1965 910 3549 987; baseline 0.009 -23"><span class='ocrx_word' id='word_1_144' title='bbox 1965 910 2214 982; x_wconf 86' lang='lat' dir='ltr'><strong>adeoque</strong></span> <span class='ocrx_word' id='word_1_145' title='bbox 2235 913 2606 968; x_wconf 78' lang='lat' dir='ltr'><strong>convenirent</strong></span> <span class='ocrx_word' id='word_1_146' title='bbox 2671 914 2900 987; x_wconf 88' lang='lat' dir='ltr'><strong>propius</strong></span> <span class='ocrx_word' id='word_1_147' title='bbox 2961 918 3202 981; x_wconf 83' lang='lat' dir='ltr'><strong>numeri,</strong></span> <span class='ocrx_word' id='word_1_148' title='bbox 3253 921 3420 975; x_wconf 91' lang='lat' dir='ltr'><strong>etiam</strong></span> <span class='ocrx_word' id='word_1_149' title='bbox 3457 924 3549 978; x_wconf 86' lang='lat' dir='ltr'><strong>hic</strong></span> 
     </span>
    </p>
   </div>
   <div class='ocr_carea' id='block_1_24' title="bbox 1966 1003 3552 1080">
    <p class='ocr_par' dir='ltr' id='par_1_24' title="bbox 1966 1003 3552 1080">
     <span class='ocr_line' id='line_1_24' title="bbox 1966 1003 3552 1080; baseline 0.009 -26"><span class='ocrx_word' id='word_1_150' title='bbox 1966 1003 2166 1068; x_wconf 86' lang='lat' dir='ltr'><strong>nostri,</strong></span> <span class='ocrx_word' id='word_1_151' title='bbox 2201 1018 2325 1057; x_wconf 91' lang='lat' dir='ltr'><strong>cum</strong></span> <span class='ocrx_word' id='word_1_152' title='bbox 2378 1019 2614 1058; x_wconf 90' lang='lat' dir='ltr'><strong>numero</strong></span> <span class='ocrx_word' id='word_1_153' title='bbox 2663 1003 2824 1058; x_wconf 88' lang='lat' dir='ltr'><strong>istius</strong></span> <span class='ocrx_word' id='word_1_154' title='bbox 2867 1005 3141 1071; x_wconf 89' lang='lat' dir='ltr'><strong>miraculi,</strong></span> <span class='ocrx_word' id='word_1_155' title='bbox 3172 1008 3215 1062; x_wconf 87' lang='lat' dir='ltr'><strong>si</strong></span> <span class='ocrx_word' id='word_1_156' title='bbox 3245 1013 3441 1080; x_wconf 78' lang='lat' dir='ltr'><strong>:equali</strong></span> <span class='ocrx_word' id='word_1_157' title='bbox 3470 1023 3552 1068; x_wconf 83' lang='lat' dir='ltr'><strong>te-</strong></span> 
     </span>
    </p>
   </div>
   <div class='ocr_carea' id='block_1_25' title="bbox 1965 1093 3330 1164">
    <p class='ocr_par' dir='ltr' id='par_1_25' title="bbox 1965 1093 3330 1164">
     <span class='ocr_line' id='line_1_25' title="bbox 1965 1093 3330 1164; baseline 0.01 -22"><span class='ocrx_word' id='word_1_158' title='bbox 1965 1105 2100 1145; x_wconf 86' lang='lat' dir='ltr'><strong>nore</strong></span> <span class='ocrx_word' id='word_1_159' title='bbox 2126 1107 2190 1147; x_wconf 90' lang='lat' dir='ltr'><strong>ac</strong></span> <span class='ocrx_word' id='word_1_160' title='bbox 2219 1093 2396 1163; x_wconf 90' lang='lat' dir='ltr'><strong>spatio</strong></span> <span class='ocrx_word' id='word_1_161' title='bbox 2421 1102 2642 1150; x_wconf 92' lang='lat' dir='ltr'><strong>nostros</strong></span> <span class='ocrx_word' id='word_1_162' title='bbox 2668 1093 2866 1164; x_wconf 87' lang='lat' dir='ltr'><strong>ubique</strong></span> <span class='ocrx_word' id='word_1_163' title='bbox 2918 1095 3330 1156; x_wconf 91' lang='lat' dir='ltr'><strong>incidissemus.</strong></span> 
     </span>
    </p>
   </div>
   <div class='ocr_carea' id='block_1_26' title="bbox 2033 1183 3550 1258">
    <p class='ocr_par' dir='ltr' id='par_1_26' title="bbox 2033 1183 3550 1258">
     <span class='ocr_line' id='line_1_26' title="bbox 2033 1183 3550 1258; baseline 0.01 -22"><span class='ocrx_word' id='word_1_164' title='bbox 2033 1183 2123 1236; x_wconf 67' lang='grc'><strong>44.</strong></span> <span class='ocrx_word' id='word_1_165' title='bbox 2147 1183 2254 1238; x_wconf 90' lang='lat' dir='ltr'><strong>Sed</strong></span> <span class='ocrx_word' id='word_1_166' title='bbox 2291 1184 2584 1239; x_wconf 86' lang='lat' dir='ltr'><strong>redeamus</strong></span> <span class='ocrx_word' id='word_1_167' title='bbox 2615 1186 2679 1239; x_wconf 89' lang='lat' dir='ltr'><strong>ad</strong></span> <span class='ocrx_word' id='word_1_168' title='bbox 2711 1186 3059 1242; x_wconf 89' lang='lat' dir='ltr'><strong>collationem</strong></span> <span class='ocrx_word' id='word_1_169' title='bbox 3080 1191 3356 1258; x_wconf 88' lang='lat' dir='ltr'><strong>miraculi,</strong></span> <span class='ocrx_word' id='word_1_170' title='bbox 3390 1204 3447 1251; x_wconf 88' lang='lat' dir='ltr'><strong>et</strong></span> <span class='ocrx_word' id='word_1_171' title='bbox 3474 1197 3550 1250; x_wconf 87' lang='lat' dir='ltr'><strong>vi-</strong></span> 
     </span>
    </p>
   </div>
   <div class='ocr_carea' id='block_1_27' title="bbox 1963 1269 3548 1357">
    <p class='ocr_par' dir='ltr' id='par_1_27' title="bbox 1963 1269 3548 1357">
     <span class='ocr_line' id='line_1_27' title="bbox 1963 1269 3548 1357; baseline 0.009 -29"><span class='ocrx_word' id='word_1_172' title='bbox 1963 1274 2194 1330; x_wconf 86' lang='lat' dir='ltr'><strong>deamus</strong></span> <span class='ocrx_word' id='word_1_173' title='bbox 2219 1292 2342 1345; x_wconf 70' lang='lat' dir='ltr'><strong>quae</strong></span> <span class='ocrx_word' id='word_1_174' title='bbox 2372 1269 2547 1332; x_wconf 88' lang='lat' dir='ltr'><strong>videri</strong></span> <span class='ocrx_word' id='word_1_175' title='bbox 2574 1278 2786 1346; x_wconf 88' lang='lat' dir='ltr'><strong>possint</strong></span> <span class='ocrx_word' id='word_1_176' title='bbox 2816 1279 2870 1334; x_wconf 91' lang='lat' dir='ltr'><strong>in</strong></span> <span class='ocrx_word' id='word_1_177' title='bbox 2904 1273 3026 1335; x_wconf 81' lang='lat' dir='ltr'><strong>Vita</strong></span> <span class='ocrx_word' id='word_1_178' title='bbox 3054 1293 3240 1338; x_wconf 87' lang='lat' dir='ltr'><strong>nostra</strong></span> <span class='ocrx_word' id='word_1_179' title='bbox 3279 1290 3548 1357; x_wconf 80' lang='lat' dir='ltr'><strong>superad-</strong></span> 
     </span>
    </p>
   </div>
   <div class='ocr_carea' id='block_1_28' title="bbox 1961 1364 3608 1450">
    <p class='ocr_par' dir='ltr' id='par_1_28' title="bbox 1961 1364 3608 1450">
     <span class='ocr_line' id='line_1_28' title="bbox 1961 1364 3608 1450; baseline 0.01 -32"><span class='ocrx_word' id='word_1_180' title='bbox 1961 1364 2097 1429; x_wconf 88' lang='lat' dir='ltr'><strong>dita,</strong></span> <span class='ocrx_word' id='word_1_181' title='bbox 2127 1366 2212 1420; x_wconf 91' lang='lat' dir='ltr'><strong>vel</strong></span> <span class='ocrx_word' id='word_1_182' title='bbox 2242 1367 2460 1421; x_wconf 89' lang='lat' dir='ltr'><strong>decoris</strong></span> <span class='ocrx_word' id='word_1_183' title='bbox 2483 1369 2568 1421; x_wconf 90' lang='lat' dir='ltr'><strong>vel</strong></span> <span class='ocrx_word' id='word_1_184' title='bbox 2597 1369 2868 1426; x_wconf 88' lang='lat' dir='ltr'><strong>claritatis</strong></span> <span class='ocrx_word' id='word_1_185' title='bbox 2897 1387 3082 1427; x_wconf 86' lang='lat' dir='ltr'><strong>causa.</strong></span> <span class='ocrx_word' id='word_1_186' title='bbox 3118 1373 3261 1430; x_wconf 88' lang='lat' dir='ltr'><strong>Sunt</strong></span> <span class='ocrx_word' id='word_1_187' title='bbox 3298 1378 3390 1433; x_wconf 87' lang='lat' dir='ltr'><strong>illa</strong></span> <span class='ocrx_word' id='word_1_188' title='bbox 3417 1396 3538 1450; x_wconf 87' lang='lat' dir='ltr'><strong>per-</strong></span> <span class='ocrx_word' id='word_1_189' title='bbox 3590 1369 3608 1396; x_wconf 73' lang='lat'><em>&#39;</em></span> 
     </span>
    </p>
   </div>
   <div class='ocr_carea' id='block_1_29' title="bbox 1961 1465 3542 1543">
    <p class='ocr_par' dir='ltr' id='par_1_29' title="bbox 1961 1465 3542 1543">
     <span class='ocr_line' id='line_1_29' title="bbox 1961 1465 3542 1543; baseline 0.01 -31"><span class='ocrx_word' id='word_1_190' title='bbox 1961 1466 2274 1529; x_wconf 82' lang='lat' dir='ltr'><strong>Opportuna</strong></span> <span class='ocrx_word' id='word_1_191' title='bbox 2327 1467 2520 1516; x_wconf 89' lang='lat' dir='ltr'><strong>etere</strong></span> <span class='ocrx_word' id='word_1_192' title='bbox 2574 1472 2721 1517; x_wconf 87' lang='lat' dir='ltr'><strong>nata.</strong></span> <span class='ocrx_word' id='word_1_193' title='bbox 2754 1465 2857 1520; x_wconf 88' lang='lat' dir='ltr'><strong>Ubi</strong></span> <span class='ocrx_word' id='word_1_194' title='bbox 2921 1465 2988 1520; x_wconf 90' lang='lat' dir='ltr'><strong>de</strong></span> <span class='ocrx_word' id='word_1_195' title='bbox 3043 1467 3293 1524; x_wconf 62' lang='lat' dir='ltr'><strong>daemone</strong></span> <span class='ocrx_word' id='word_1_196' title='bbox 3339 1474 3542 1543; x_wconf 81' lang='lat' dir='ltr'><strong>agitur,</strong></span> 
     </span>
    </p>
   </div>
   <div class='ocr_carea' id='block_1_30' title="bbox 1963 1549 3545 1638">
    <p class='ocr_par' dir='ltr' id='par_1_30' title="bbox 1963 1549 3545 1638">
     <span class='ocr_line' id='line_1_30' title="bbox 1963 1549 3545 1638; baseline 0.011 -34"><span class='ocrx_word' id='word_1_197' title='bbox 1963 1549 2245 1607; x_wconf 86' lang='lat' dir='ltr'><strong>interserit</strong></span> <span class='ocrx_word' id='word_1_198' title='bbox 2279 1571 2290 1606; x_wconf 96' lang='lat'>:</span> <span class='ocrx_word' id='word_1_199' title='bbox 2331 1553 2789 1618; x_wconf 78' lang='lat' dir='ltr'><strong>Quemadmodum</strong></span> <span class='ocrx_word' id='word_1_200' title='bbox 2819 1561 2986 1613; x_wconf 83' lang='lat' dir='ltr'><strong>isthoc</strong></span> <span class='ocrx_word' id='word_1_201' title='bbox 3019 1565 3188 1617; x_wconf 81' lang='lat' dir='ltr'><strong>scelus</strong></span> <span class='ocrx_word' id='word_1_202' title='bbox 3217 1581 3319 1618; x_wconf 85' lang='lat' dir='ltr'><strong>non</strong></span> <span class='ocrx_word' id='word_1_203' title='bbox 3369 1567 3545 1638; x_wconf 85' lang='lat' dir='ltr'><strong>loqui-</strong></span> 
     </span>
    </p>
   </div>
   <div class='ocr_carea' id='block_1_31' title="bbox 1959 1647 3540 1723">
    <p class='ocr_par' dir='ltr' id='par_1_31' title="bbox 1959 1647 3540 1723">
     <span class='ocr_line' id='line_1_31' title="bbox 1959 1647 3540 1723; baseline 0.013 -28"><span class='ocrx_word' id='word_1_204' title='bbox 1959 1652 2045 1696; x_wconf 89' lang='lat' dir='ltr'><strong>tur</strong></span> <span class='ocrx_word' id='word_1_205' title='bbox 2099 1647 2202 1699; x_wconf 85' lang='lat' dir='ltr'><strong>nisi</strong></span> <span class='ocrx_word' id='word_1_206' title='bbox 2251 1647 2472 1702; x_wconf 85' lang='lat' dir='ltr'><strong>scelera.</strong></span> <span class='ocrx_word' id='word_1_207' title='bbox 2518 1651 2724 1706; x_wconf 88' lang='lat' dir='ltr'><strong>Deinde</strong></span> <span class='ocrx_word' id='word_1_208' title='bbox 2767 1664 2994 1723; x_wconf 81' lang='lat' dir='ltr'><strong>accepta</strong></span> <span class='ocrx_word' id='word_1_209' title='bbox 3048 1657 3316 1712; x_wconf 80' lang='lat' dir='ltr'><strong>beneﬁcia</strong></span> <span class='ocrx_word' id='word_1_210' title='bbox 3374 1662 3540 1715; x_wconf 79' lang='lat' dir='ltr'><strong>simul</strong></span> 
     </span>
    </p>
   </div>
   <div class='ocr_carea' id='block_1_32' title="bbox 1956 1742 3541 1820">
    <p class='ocr_par' dir='ltr' id='par_1_32' title="bbox 1956 1742 3541 1820">
     <span class='ocr_line' id='line_1_32' title="bbox 1956 1742 3541 1820; baseline 0.011 -30"><span class='ocrx_word' id='word_1_211' title='bbox 1956 1748 2246 1791; x_wconf 88' lang='lat' dir='ltr'><strong>enumerat</strong></span> <span class='ocrx_word' id='word_1_212' title='bbox 2269 1747 2324 1792; x_wconf 89' lang='lat' dir='ltr'><strong>et</strong></span> <span class='ocrx_word' id='word_1_213' title='bbox 2349 1742 2504 1792; x_wconf 87' lang='lat' dir='ltr'><strong>velut</strong></span> <span class='ocrx_word' id='word_1_214' title='bbox 2537 1743 2858 1810; x_wconf 83' lang='lat' dir='ltr'><strong>parenthesi</strong></span> <span class='ocrx_word' id='word_1_215' title='bbox 2892 1745 3127 1801; x_wconf 86' lang='lat' dir='ltr'><strong>includit</strong></span> <span class='ocrx_word' id='word_1_216' title='bbox 3155 1749 3358 1820; x_wconf 83' lang='lat' dir='ltr'><strong>(Neque</strong></span> <span class='ocrx_word' id='word_1_217' title='bbox 3403 1756 3541 1807; x_wconf 82' lang='lat' dir='ltr'><strong>enim</strong></span> 
     </span>
    </p>
   </div>
   <div class='ocr_carea' id='block_1_33' title="bbox 271 1806 3543 1915">
    <p class='ocr_par' dir='ltr' id='par_1_33' title="bbox 271 1806 3543 1915">
     <span class='ocr_line' id='line_1_33' title="bbox 271 1806 3543 1915; baseline 0.006 -37"><span class='ocrx_word' id='word_1_218' title='bbox 271 1824 511 1895; x_wconf 80' lang='lat' dir='ltr'><strong>Langius</strong></span> <span class='ocrx_word' id='word_1_219' title='bbox 547 1827 932 1896; x_wconf 68' lang='lat' dir='ltr'><strong>praztermisit;</strong></span> <span class='ocrx_word' id='word_1_220' title='bbox 959 1827 1170 1880; x_wconf 89' lang='lat' dir='ltr'><strong>clarum</strong></span> <span class='ocrx_word' id='word_1_221' title='bbox 1202 1836 1385 1881; x_wconf 86' lang='lat' dir='ltr'><strong>autem</strong></span> <span class='ocrx_word' id='word_1_222' title='bbox 1436 1826 1497 1880; x_wconf 83' lang='lat' dir='ltr'><strong>[it</strong></span> <span class='ocrx_word' id='word_1_223' title='bbox 1545 1843 1612 1881; x_wconf 80' lang='lat' dir='ltr'><strong>ex</strong></span> <span class='ocrx_word' id='word_1_224' title='bbox 1658 1825 1850 1880; x_wconf 83' lang='lat' dir='ltr'><strong>eodem</strong></span> <span class='ocrx_word' id='word_1_225' title='bbox 1882 1806 1930 1864; x_wconf 72' lang='grc' dir='ltr'><strong>Β</strong></span> <span class='ocrx_word' id='word_1_226' title='bbox 1958 1839 2268 1884; x_wconf 78' lang='lat' dir='ltr'><strong>acowtaneo</strong></span> <span class='ocrx_word' id='word_1_227' title='bbox 2285 1832 2382 1884; x_wconf 82' lang='lat' dir='ltr'><strong>sibi</strong></span> <span class='ocrx_word' id='word_1_228' title='bbox 2403 1833 2638 1887; x_wconf 76' lang='lat' dir='ltr'><strong>da&#39;mone</strong></span> <span class='ocrx_word' id='word_1_229' title='bbox 2656 1835 2925 1900; x_wconf 87' lang='lat' dir='ltr'><strong>immunis,</strong></span> <span class='ocrx_word' id='word_1_230' title='bbox 2955 1838 3044 1892; x_wconf 84' lang='lat' dir='ltr'><strong>sed</strong></span> <span class='ocrx_word' id='word_1_231' title='bbox 3067 1849 3115 1892; x_wconf 90' lang='lat' dir='ltr'><strong>et</strong></span> <span class='ocrx_word' id='word_1_232' title='bbox 3138 1806 3329 1897; x_wconf 72' lang='lat' dir='ltr'><strong>marito</strong></span> <span class='ocrx_word' id='word_1_233' title='bbox 3347 1845 3543 1915; x_wconf 77' lang='lat' dir='ltr'><strong>integre</strong></span> 
     </span>
    </p>
   </div>
   <div class='ocr_carea' id='block_1_34' title="bbox 269 1920 1532 1990">
    <p class='ocr_par' dir='ltr' id='par_1_34' title="bbox 269 1920 1532 1990">
     <span class='ocr_line' id='line_1_34' title="bbox 269 1920 1532 1990; baseline -0.002 -17"><span class='ocrx_word' id='word_1_234' title='bbox 269 1921 593 1990; x_wconf 84' lang='lat' dir='ltr'><strong>cognomine</strong></span> <span class='ocrx_word' id='word_1_235' title='bbox 616 1929 745 1974; x_wconf 83' lang='lat' dir='ltr'><strong>ante</strong></span> <span class='ocrx_word' id='word_1_236' title='bbox 780 1920 962 1974; x_wconf 83' lang='lat' dir='ltr'><strong>Vitam</strong></span> <span class='ocrx_word' id='word_1_237' title='bbox 993 1921 1202 1990; x_wconf 83' lang='lat' dir='ltr'><strong>integre</strong></span> <span class='ocrx_word' id='word_1_238' title='bbox 1251 1935 1532 1989; x_wconf 80' lang='lat' dir='ltr'><strong>expresso.</strong></span> 
     </span>
    </p>
   </div>
   <div class='ocr_carea' id='block_1_35' title="bbox 337 2009 1849 2081">
    <p class='ocr_par' dir='ltr' id='par_1_35' title="bbox 337 2009 1849 2081">
     <span class='ocr_line' id='line_1_35' title="bbox 337 2009 1849 2081; baseline -0.001 -16"><span class='ocrx_word' id='word_1_239' title='bbox 337 2013 427 2066; x_wconf 67' lang='grc'><strong>45.</strong></span> <span class='ocrx_word' id='word_1_240' title='bbox 455 2012 537 2064; x_wconf 84' lang='lat' dir='ltr'><strong>Ab</strong></span> <span class='ocrx_word' id='word_1_241' title='bbox 583 2011 692 2064; x_wconf 90' lang='lat' dir='ltr'><strong>alio</strong></span> <span class='ocrx_word' id='word_1_242' title='bbox 743 2026 963 2081; x_wconf 84' lang='lat' dir='ltr'><strong>quoque</strong></span> <span class='ocrx_word' id='word_1_243' title='bbox 1021 2027 1242 2080; x_wconf 89' lang='lat' dir='ltr'><strong>quama</strong></span> <span class='ocrx_word' id='word_1_244' title='bbox 1300 2011 1612 2081; x_wconf 84' lang='lat' dir='ltr'><strong>Nicephoro</strong></span> <span class='ocrx_word' id='word_1_245' title='bbox 1669 2009 1849 2064; x_wconf 89' lang='lat' dir='ltr'><strong>Vitam</strong></span> 
     </span>
    </p>
   </div>
   <div class='ocr_carea' id='block_1_36' title="bbox 267 2095 1848 2171">
    <p class='ocr_par' dir='ltr' id='par_1_36' title="bbox 267 2095 1848 2171">
     <span class='ocr_line' id='line_1_36' title="bbox 267 2095 1848 2171; baseline 0.001 -19"><span class='ocrx_word' id='word_1_246' title='bbox 267 2095 542 2168; x_wconf 78' lang='lat' dir='ltr'><strong>Symeonis</strong></span> <span class='ocrx_word' id='word_1_247' title='bbox 595 2099 759 2168; x_wconf 83' lang='lat' dir='ltr'><strong>hujus</strong></span> <span class='ocrx_word' id='word_1_248' title='bbox 810 2099 1017 2154; x_wconf 88' lang='lat' dir='ltr'><strong>litteris</strong></span> <span class='ocrx_word' id='word_1_249' title='bbox 1078 2101 1395 2155; x_wconf 89' lang='lat' dir='ltr'><strong>mandatam</strong></span> <span class='ocrx_word' id='word_1_250' title='bbox 1437 2110 1492 2155; x_wconf 85' lang='lat' dir='ltr'><strong>et</strong></span> <span class='ocrx_word' id='word_1_251' title='bbox 1538 2101 1848 2171; x_wconf 84' lang='lat' dir='ltr'><strong>posteritati</strong></span> 
     </span>
    </p>
   </div>
   <div class='ocr_carea' id='block_1_37' title="bbox 269 2190 1848 2262">
    <p class='ocr_par' dir='ltr' id='par_1_37' title="bbox 269 2190 1848 2262">
     <span class='ocr_line' id='line_1_37' title="bbox 269 2190 1848 2262; baseline 0.003 -20"><span class='ocrx_word' id='word_1_252' title='bbox 269 2190 646 2244; x_wconf 85' lang='lat' dir='ltr'><strong>transmissam</strong></span> <span class='ocrx_word' id='word_1_253' title='bbox 677 2205 823 2254; x_wconf 90' lang='lat' dir='ltr'><strong>esse,</strong></span> <span class='ocrx_word' id='word_1_254' title='bbox 857 2205 924 2244; x_wconf 86' lang='lat' dir='ltr'><strong>ex</strong></span> <span class='ocrx_word' id='word_1_255' title='bbox 965 2192 1318 2262; x_wconf 76' lang='lat' dir='ltr'><strong>paragrapho</strong></span> <span class='ocrx_word' id='word_1_256' title='bbox 1363 2192 1652 2262; x_wconf 89' lang='lat' dir='ltr'><strong>superiore</strong></span> <span class='ocrx_word' id='word_1_257' title='bbox 1691 2193 1848 2247; x_wconf 85' lang='lat' dir='ltr'><strong>colli-</strong></span> 
     </span>
    </p>
   </div>
   <div class='ocr_carea' id='block_1_38' title="bbox 269 2278 1850 2352">
    <p class='ocr_par' dir='ltr' id='par_1_38' title="bbox 269 2278 1850 2352">
     <span class='ocr_line' id='line_1_38' title="bbox 269 2278 1850 2352; baseline 0 -20"><span class='ocrx_word' id='word_1_258' title='bbox 269 2281 481 2350; x_wconf 78' lang='lat' dir='ltr'><strong>gimus:</strong></span> <span class='ocrx_word' id='word_1_259' title='bbox 520 2282 676 2350; x_wconf 86' lang='lat' dir='ltr'><strong>cujus</strong></span> <span class='ocrx_word' id='word_1_260' title='bbox 720 2278 1850 2352; x_wconf 87' lang='lat' dir='ltr'><strong>auctorem,quamvisnounominetconci-</strong></span> 
     </span>
    </p>
   </div>
   <div class='ocr_carea' id='block_1_39' title="bbox 267 2370 1848 2444">
    <p class='ocr_par' dir='ltr' id='par_1_39' title="bbox 267 2370 1848 2444">
     <span class='ocr_line' id='line_1_39' title="bbox 267 2370 1848 2444; baseline -0.001 -19"><span class='ocrx_word' id='word_1_261' title='bbox 267 2370 512 2432; x_wconf 82' lang='lat' dir='ltr'><strong>lium,ex</strong></span> <span class='ocrx_word' id='word_1_262' title='bbox 552 2372 888 2427; x_wconf 77' lang='lat' dir='ltr'><strong>Damasceno</strong></span> <span class='ocrx_word' id='word_1_263' title='bbox 935 2373 1226 2427; x_wconf 81' lang='lat' dir='ltr'><strong>Arcadium</strong></span> <span class='ocrx_word' id='word_1_264' title='bbox 1272 2372 1434 2444; x_wconf 80' lang='lat' dir='ltr'><strong>Cypri</strong></span> <span class='ocrx_word' id='word_1_265' title='bbox 1498 2371 1848 2440; x_wconf 79' lang='lat' dir='ltr'><strong>archiepisco-</strong></span> 
     </span>
    </p>
   </div>
   <div class='ocr_carea' id='block_1_40' title="bbox 267 2465 1842 2538">
    <p class='ocr_par' dir='ltr' id='par_1_40' title="bbox 267 2465 1842 2538">
     <span class='ocr_line' id='line_1_40' title="bbox 267 2465 1842 2538; baseline -0.001 -20"><span class='ocrx_word' id='word_1_266' title='bbox 267 2480 394 2533; x_wconf 88' lang='lat' dir='ltr'><strong>pum</strong></span> <span class='ocrx_word' id='word_1_267' title='bbox 413 2467 784 2535; x_wconf 78' lang='lat' dir='ltr'><strong>agnoscimus,</strong></span> <span class='ocrx_word' id='word_1_268' title='bbox 823 2465 998 2519; x_wconf 90' lang='lat' dir='ltr'><strong>nihilo</strong></span> <span class='ocrx_word' id='word_1_269' title='bbox 1023 2465 1299 2522; x_wconf 89' lang='lat' dir='ltr'><strong>notiorem</strong></span> <span class='ocrx_word' id='word_1_270' title='bbox 1325 2467 1842 2538; x_wconf 84' lang='lat' dir='ltr'><strong>Nicephoronostro,</strong></span> 
     </span>
    </p>
   </div>
   <div class='ocr_carea' id='block_1_41' title="bbox 266 2555 1848 2637">
    <p class='ocr_par' dir='ltr' id='par_1_41' title="bbox 266 2555 1848 2637">
     <span class='ocr_line' id='line_1_41' title="bbox 266 2555 1848 2637; baseline -0.001 -27"><span class='ocrx_word' id='word_1_271' title='bbox 266 2556 371 2610; x_wconf 88' lang='lat' dir='ltr'><strong>nisi</strong></span> <span class='ocrx_word' id='word_1_272' title='bbox 403 2557 568 2610; x_wconf 91' lang='lat' dir='ltr'><strong>etiam</strong></span> <span class='ocrx_word' id='word_1_273' title='bbox 602 2557 984 2612; x_wconf 86' lang='lat' dir='ltr'><strong>obscuriorem</strong></span> <span class='ocrx_word' id='word_1_274' title='bbox 1024 2557 1196 2637; x_wconf 74' lang='lat' dir='ltr'><strong>velis;</strong></span> <span class='ocrx_word' id='word_1_275' title='bbox 1239 2565 1429 2626; x_wconf 89' lang='lat' dir='ltr'><strong>utpote</strong></span> <span class='ocrx_word' id='word_1_276' title='bbox 1493 2555 1586 2626; x_wconf 86' lang='lat' dir='ltr'><strong>qui</strong></span> <span class='ocrx_word' id='word_1_277' title='bbox 1621 2571 1690 2612; x_wconf 87' lang='lat' dir='ltr'><strong>ne</strong></span> <span class='ocrx_word' id='word_1_278' title='bbox 1748 2571 1848 2625; x_wconf 88' lang='lat' dir='ltr'><strong>per</strong></span> 
     </span>
    </p>
   </div>
   <div class='ocr_carea' id='block_1_42' title="bbox 265 2650 1842 2720">
    <p class='ocr_par' dir='ltr' id='par_1_42' title="bbox 265 2650 1842 2720">
     <span class='ocr_line' id='line_1_42' title="bbox 265 2650 1842 2720; baseline 0.001 -17"><span class='ocrx_word' id='word_1_279' title='bbox 265 2650 465 2717; x_wconf 87' lang='lat' dir='ltr'><strong>scripta</strong></span> <span class='ocrx_word' id='word_1_280' title='bbox 527 2650 792 2720; x_wconf 91' lang='lat' dir='ltr'><strong>quidem,</strong></span> <span class='ocrx_word' id='word_1_281' title='bbox 851 2667 974 2720; x_wconf 62' lang='lat' dir='ltr'><strong>qua;</strong></span> <span class='ocrx_word' id='word_1_282' title='bbox 1029 2650 1456 2711; x_wconf 88' lang='lat' dir='ltr'><strong>interciderunt,</strong></span> <span class='ocrx_word' id='word_1_283' title='bbox 1520 2650 1842 2705; x_wconf 83' lang='lat' dir='ltr'><strong>innotescit.</strong></span> 
     </span>
    </p>
   </div>
   <div class='ocr_carea' id='block_1_43' title="bbox 263 2739 1840 2814">
    <p class='ocr_par' dir='ltr' id='par_1_43' title="bbox 263 2739 1840 2814">
     <span class='ocr_line' id='line_1_43' title="bbox 263 2739 1840 2814; baseline -0.001 -18"><span class='ocrx_word' id='word_1_284' title='bbox 263 2739 473 2812; x_wconf 78' lang='lat' dir='ltr'><strong>Colligo</strong></span> <span class='ocrx_word' id='word_1_285' title='bbox 503 2742 694 2803; x_wconf 88' lang='lat' dir='ltr'><strong>etiam,</strong></span> <span class='ocrx_word' id='word_1_286' title='bbox 743 2742 1169 2814; x_wconf 77' lang='lat' dir='ltr'><strong>prolixissimam</strong></span> <span class='ocrx_word' id='word_1_287' title='bbox 1226 2743 1395 2797; x_wconf 80' lang='lat' dir='ltr'><strong>fuisse</strong></span> <span class='ocrx_word' id='word_1_288' title='bbox 1445 2739 1625 2797; x_wconf 81' lang='lat' dir='ltr'><strong>Vitam</strong></span> <span class='ocrx_word' id='word_1_289' title='bbox 1667 2742 1840 2806; x_wconf 87' lang='lat' dir='ltr'><strong>illam,</strong></span> 
     </span>
    </p>
   </div>
   <div class='ocr_carea' id='block_1_44' title="bbox 265 2833 1844 2904">
    <p class='ocr_par' dir='ltr' id='par_1_44' title="bbox 265 2833 1844 2904">
     <span class='ocr_line' id='line_1_44' title="bbox 265 2833 1844 2904; baseline 0 -17"><span class='ocrx_word' id='word_1_290' title='bbox 265 2848 328 2887; x_wconf 90' lang='lat' dir='ltr'><strong>ac</strong></span> <span class='ocrx_word' id='word_1_291' title='bbox 390 2844 592 2888; x_wconf 69' lang='lat' dir='ltr'><strong>nostrae</strong></span> <span class='ocrx_word' id='word_1_292' title='bbox 641 2850 753 2889; x_wconf 92' lang='lat' dir='ltr'><strong>non</strong></span> <span class='ocrx_word' id='word_1_293' title='bbox 803 2834 963 2889; x_wconf 83' lang='lat' dir='ltr'><strong>valde</strong></span> <span class='ocrx_word' id='word_1_294' title='bbox 1013 2834 1278 2904; x_wconf 86' lang='lat' dir='ltr'><strong>imparem</strong></span> <span class='ocrx_word' id='word_1_295' title='bbox 1330 2833 1716 2904; x_wconf 77' lang='lat' dir='ltr'><strong>longitudine;</strong></span> <span class='ocrx_word' id='word_1_296' title='bbox 1771 2833 1844 2887; x_wconf 87' lang='lat' dir='ltr'><strong>ita</strong></span> 
     </span>
    </p>
   </div>
   <div class='ocr_carea' id='block_1_45' title="bbox 264 2923 1844 2996">
    <p class='ocr_par' dir='ltr' id='par_1_45' title="bbox 264 2923 1844 2996">
     <span class='ocr_line' id='line_1_45' title="bbox 264 2923 1844 2996; baseline -0.003 -14"><span class='ocrx_word' id='word_1_297' title='bbox 264 2924 573 2996; x_wconf 83' lang='lat' dir='ltr'><strong>Capitulum</strong></span> <span class='ocrx_word' id='word_1_298' title='bbox 609 2925 734 2989; x_wconf 82' lang='lat' dir='ltr'><strong>H8,</strong></span> <span class='ocrx_word' id='word_1_299' title='bbox 765 2926 840 2980; x_wconf 90' lang='lat' dir='ltr'><strong>ita</strong></span> <span class='ocrx_word' id='word_1_300' title='bbox 869 2925 1190 2981; x_wconf 73' lang='lat' dir='ltr'><strong>Miraculum</strong></span> <span class='ocrx_word' id='word_1_301' title='bbox 1222 2923 1344 2989; x_wconf 74' lang='grc'><strong>152,</strong></span> <span class='ocrx_word' id='word_1_302' title='bbox 1383 2941 1550 2995; x_wconf 88' lang='lat' dir='ltr'><strong>supra</strong></span> <span class='ocrx_word' id='word_1_303' title='bbox 1616 2924 1844 2980; x_wconf 81' lang='lat' dir='ltr'><strong>recitata</strong></span> 
     </span>
    </p>
   </div>
   <div class='ocr_carea' id='block_1_46' title="bbox 264 3015 1844 3087">
    <p class='ocr_par' dir='ltr' id='par_1_46' title="bbox 264 3015 1844 3087">
     <span class='ocr_line' id='line_1_46' title="bbox 264 3015 1844 3087; baseline -0.001 -18"><span class='ocrx_word' id='word_1_304' title='bbox 264 3015 548 3080; x_wconf 86' lang='lat' dir='ltr'><strong>obtinent;</strong></span> <span class='ocrx_word' id='word_1_305' title='bbox 599 3016 772 3071; x_wconf 90' lang='lat' dir='ltr'><strong>multa</strong></span> <span class='ocrx_word' id='word_1_306' title='bbox 823 3018 970 3070; x_wconf 89' lang='lat' dir='ltr'><strong>enim</strong></span> <span class='ocrx_word' id='word_1_307' title='bbox 1027 3016 1376 3087; x_wconf 67' lang='lat' dir='ltr'><strong>praecessisse</strong></span> <span class='ocrx_word' id='word_1_308' title='bbox 1440 3023 1681 3086; x_wconf 90' lang='lat' dir='ltr'><strong>oportet.</strong></span> <span class='ocrx_word' id='word_1_309' title='bbox 1729 3015 1844 3068; x_wconf 91' lang='lat' dir='ltr'><strong>lmo</strong></span> 
     </span>
    </p>
   </div>
   <div class='ocr_carea' id='block_1_47' title="bbox 265 3106 1842 3177">
    <p class='ocr_par' dir='ltr' id='par_1_47' title="bbox 265 3106 1842 3177">
     <span class='ocr_line' id='line_1_47' title="bbox 265 3106 1842 3177; baseline -0.001 -15"><span class='ocrx_word' id='word_1_310' title='bbox 265 3107 479 3162; x_wconf 90' lang='lat' dir='ltr'><strong>nullum</strong></span> <span class='ocrx_word' id='word_1_311' title='bbox 513 3106 761 3173; x_wconf 89' lang='lat' dir='ltr'><strong>dubium,</strong></span> <span class='ocrx_word' id='word_1_312' title='bbox 824 3107 959 3177; x_wconf 91' lang='lat' dir='ltr'><strong>quin</strong></span> <span class='ocrx_word' id='word_1_313' title='bbox 1026 3107 1199 3162; x_wconf 91' lang='lat' dir='ltr'><strong>altera</strong></span> <span class='ocrx_word' id='word_1_314' title='bbox 1228 3121 1296 3162; x_wconf 79' lang='lat' dir='ltr'><strong>ex</strong></span> <span class='ocrx_word' id='word_1_315' title='bbox 1350 3107 1523 3162; x_wconf 86' lang='lat' dir='ltr'><strong>altera</strong></span> <span class='ocrx_word' id='word_1_316' title='bbox 1567 3106 1842 3176; x_wconf 89' lang='lat' dir='ltr'><strong>descripta</strong></span> 
     </span>
    </p>
   </div>
   <div class='ocr_carea' id='block_1_48' title="bbox 263 3196 1847 3270">
    <p class='ocr_par' dir='ltr' id='par_1_48' title="bbox 263 3196 1847 3270">
     <span class='ocr_line' id='line_1_48' title="bbox 263 3196 1847 3270; baseline -0.003 -15"><span class='ocrx_word' id='word_1_317' title='bbox 263 3200 340 3256; x_wconf 87' lang='lat' dir='ltr'><strong>sit</strong></span> <span class='ocrx_word' id='word_1_318' title='bbox 373 3199 529 3264; x_wconf 84' lang='lat' dir='ltr'><strong>Vita;</strong></span> <span class='ocrx_word' id='word_1_319' title='bbox 558 3207 614 3253; x_wconf 88' lang='lat' dir='ltr'><strong>et</strong></span> <span class='ocrx_word' id='word_1_320' title='bbox 640 3207 829 3254; x_wconf 87' lang='lat' dir='ltr'><strong>nostra</strong></span> <span class='ocrx_word' id='word_1_321' title='bbox 862 3199 1047 3270; x_wconf 87' lang='lat' dir='ltr'><strong>potius</strong></span> <span class='ocrx_word' id='word_1_322' title='bbox 1075 3213 1144 3254; x_wconf 78' lang='lat' dir='ltr'><strong>ex</strong></span> <span class='ocrx_word' id='word_1_323' title='bbox 1195 3197 1287 3252; x_wconf 88' lang='lat' dir='ltr'><strong>illa</strong></span> <span class='ocrx_word' id='word_1_324' title='bbox 1343 3197 1588 3261; x_wconf 80' lang='lat' dir='ltr'><strong>Arcadii,</strong></span> <span class='ocrx_word' id='word_1_325' title='bbox 1640 3196 1847 3252; x_wconf 89' lang='lat' dir='ltr'><strong>additis</strong></span> 
     </span>
    </p>
   </div>
   <div class='ocr_carea' id='block_1_49' title="bbox 265 3287 1838 3364">
    <p class='ocr_par' dir='ltr' id='par_1_49' title="bbox 265 3287 1838 3364">
     <span class='ocr_line' id='line_1_49' title="bbox 265 3287 1838 3364; baseline -0.004 -18"><span class='ocrx_word' id='word_1_326' title='bbox 265 3292 520 3364; x_wconf 87' lang='lat' dir='ltr'><strong>pauculis</strong></span> <span class='ocrx_word' id='word_1_327' title='bbox 581 3292 668 3346; x_wconf 89' lang='lat' dir='ltr'><strong>vel</strong></span> <span class='ocrx_word' id='word_1_328' title='bbox 732 3290 1256 3355; x_wconf 80' lang='lat' dir='ltr'><strong>exclamationibus,</strong></span> <span class='ocrx_word' id='word_1_329' title='bbox 1315 3290 1402 3344; x_wconf 90' lang='lat' dir='ltr'><strong>vel</strong></span> <span class='ocrx_word' id='word_1_330' title='bbox 1461 3287 1838 3360; x_wconf 81' lang='lat' dir='ltr'><strong>apostrOphis,</strong></span> 
     </span>
    </p>
   </div>
   <div class='ocr_carea' id='block_1_50' title="bbox 266 3383 1843 3456">
    <p class='ocr_par' dir='ltr' id='par_1_50' title="bbox 266 3383 1843 3456">
     <span class='ocr_line' id='line_1_50' title="bbox 266 3383 1843 3456; baseline -0.003 -16"><span class='ocrx_word' id='word_1_331' title='bbox 266 3387 488 3450; x_wconf 82' lang='lat' dir='ltr'><strong>aliisve,</strong></span> <span class='ocrx_word' id='word_1_332' title='bbox 513 3393 573 3439; x_wconf 90' lang='lat' dir='ltr'><strong>ut</strong></span> <span class='ocrx_word' id='word_1_333' title='bbox 604 3384 679 3439; x_wconf 86' lang='lat' dir='ltr'><strong>rei</strong></span> <span class='ocrx_word' id='word_1_334' title='bbox 708 3385 983 3456; x_wconf 77' lang='lat' dir='ltr'><strong>exigentia</strong></span> <span class='ocrx_word' id='word_1_335' title='bbox 1011 3391 1067 3439; x_wconf 89' lang='lat' dir='ltr'><strong>et</strong></span> <span class='ocrx_word' id='word_1_336' title='bbox 1097 3385 1275 3455; x_wconf 91' lang='lat' dir='ltr'><strong>pietas</strong></span> <span class='ocrx_word' id='word_1_337' title='bbox 1303 3385 1547 3439; x_wconf 88' lang='lat' dir='ltr'><strong>auctoris</strong></span> <span class='ocrx_word' id='word_1_338' title='bbox 1577 3383 1843 3437; x_wconf 90' lang='lat' dir='ltr'><strong>tulerunt.</strong></span> 
     </span>
    </p>
   </div>
   <div class='ocr_carea' id='block_1_51' title="bbox 263 3476 1842 3551">
    <p class='ocr_par' dir='ltr' id='par_1_51' title="bbox 263 3476 1842 3551">
     <span class='ocr_line' id='line_1_51' title="bbox 263 3476 1842 3551; baseline -0.005 -11"><span class='ocrx_word' id='word_1_339' title='bbox 263 3484 400 3540; x_wconf 77' lang='lat' dir='ltr'><strong>Nam</strong></span> <span class='ocrx_word' id='word_1_340' title='bbox 429 3482 739 3538; x_wconf 84' lang='lat' dir='ltr'><strong>conferenti</strong></span> <span class='ocrx_word' id='word_1_341' title='bbox 789 3481 1093 3551; x_wconf 89' lang='lat' dir='ltr'><strong>superioris</strong></span> <span class='ocrx_word' id='word_1_342' title='bbox 1124 3479 1450 3551; x_wconf 79' lang='lat' dir='ltr'><strong>paragraphi</strong></span> <span class='ocrx_word' id='word_1_343' title='bbox 1511 3476 1842 3534; x_wconf 89' lang='lat' dir='ltr'><strong>miraculum</strong></span> 
     </span>
    </p>
   </div>
   <div class='ocr_carea' id='block_1_52' title="bbox 263 3568 1843 3643">
    <p class='ocr_par' dir='ltr' id='par_1_52' title="bbox 263 3568 1843 3643">
     <span class='ocr_line' id='line_1_52' title="bbox 263 3568 1843 3643; baseline -0.004 -15"><span class='ocrx_word' id='word_1_344' title='bbox 263 3574 505 3643; x_wconf 82' lang='lat' dir='ltr'><strong>primum</strong></span> <span class='ocrx_word' id='word_1_345' title='bbox 541 3584 666 3627; x_wconf 90' lang='lat' dir='ltr'><strong>cum</strong></span> <span class='ocrx_word' id='word_1_346' title='bbox 692 3585 928 3626; x_wconf 88' lang='lat' dir='ltr'><strong>numero</strong></span> <span class='ocrx_word' id='word_1_347' title='bbox 959 3570 1063 3625; x_wconf 73' lang='grc'><strong>123</strong></span> <span class='ocrx_word' id='word_1_348' title='bbox 1094 3569 1254 3632; x_wconf 57' lang='lat' dir='ltr'><strong>Vitas,</strong></span> <span class='ocrx_word' id='word_1_349' title='bbox 1288 3578 1344 3625; x_wconf 87' lang='lat' dir='ltr'><strong>et</strong></span> <span class='ocrx_word' id='word_1_350' title='bbox 1383 3568 1690 3624; x_wconf 89' lang='lat' dir='ltr'><strong>secundum</strong></span> <span class='ocrx_word' id='word_1_351' title='bbox 1717 3583 1843 3623; x_wconf 86' lang='lat' dir='ltr'><strong>cum</strong></span> 
     </span>
    </p>
   </div>
   <div class='ocr_carea' id='block_1_53' title="bbox 265 3658 1843 3732">
    <p class='ocr_par' dir='ltr' id='par_1_53' title="bbox 265 3658 1843 3732">
     <span class='ocr_line' id='line_1_53' title="bbox 265 3658 1843 3732; baseline -0.006 -13"><span class='ocrx_word' id='word_1_352' title='bbox 265 3679 417 3719; x_wconf 91' lang='lat' dir='ltr'><strong>num.</strong></span> <span class='ocrx_word' id='word_1_353' title='bbox 463 3663 589 3726; x_wconf 79' lang='grc'><strong>171,</strong></span> <span class='ocrx_word' id='word_1_354' title='bbox 634 3668 886 3732; x_wconf 85' lang='lat' dir='ltr'><strong>apparet,</strong></span> <span class='ocrx_word' id='word_1_355' title='bbox 919 3659 1375 3721; x_wconf 80' lang='lat' dir='ltr'><strong>fundamentalia,</strong></span> <span class='ocrx_word' id='word_1_356' title='bbox 1411 3658 1698 3722; x_wconf 88' lang='lat' dir='ltr'><strong>notabilia,</strong></span> <span class='ocrx_word' id='word_1_357' title='bbox 1731 3659 1843 3713; x_wconf 87' lang='lat' dir='ltr'><strong>cir-</strong></span> 
     </span>
    </p>
   </div>
   <div class='ocr_carea' id='block_1_54' title="bbox 263 3747 1842 3820">
    <p class='ocr_par' dir='ltr' id='par_1_54' title="bbox 263 3747 1842 3820">
     <span class='ocr_line' id='line_1_54' title="bbox 263 3747 1842 3820; baseline -0.004 -12"><span class='ocrx_word' id='word_1_358' title='bbox 263 3753 628 3808; x_wconf 85' lang='lat' dir='ltr'><strong>cumstantias</strong></span> <span class='ocrx_word' id='word_1_359' title='bbox 652 3753 843 3813; x_wconf 80' lang='lat' dir='ltr'><strong>etiam,</strong></span> <span class='ocrx_word' id='word_1_360' title='bbox 875 3751 1170 3820; x_wconf 87' lang='lat' dir='ltr'><strong>utrobique</strong></span> <span class='ocrx_word' id='word_1_361' title='bbox 1196 3750 1388 3805; x_wconf 89' lang='lat' dir='ltr'><strong>eadem</strong></span> <span class='ocrx_word' id='word_1_362' title='bbox 1419 3764 1564 3804; x_wconf 86' lang='lat' dir='ltr'><strong>esse.</strong></span> <span class='ocrx_word' id='word_1_363' title='bbox 1598 3749 1655 3803; x_wconf 92' lang='lat' dir='ltr'><strong>In</strong></span> <span class='ocrx_word' id='word_1_364' title='bbox 1683 3747 1842 3819; x_wconf 88' lang='lat' dir='ltr'><strong>prio—</strong></span> 
     </span>
    </p>
   </div>
   <div class='ocr_carea' id='block_1_55' title="bbox 264 3836 1851 3911">
    <p class='ocr_par' dir='ltr' id='par_1_55' title="bbox 264 3836 1851 3911">
     <span class='ocr_line' id='line_1_55' title="bbox 264 3836 1851 3911; baseline -0.003 -14"><span class='ocrx_word' id='word_1_365' title='bbox 264 3843 438 3907; x_wconf 85' lang='lat' dir='ltr'><strong>ribus,</strong></span> <span class='ocrx_word' id='word_1_366' title='bbox 468 3843 623 3898; x_wconf 88' lang='lat' dir='ltr'><strong>locus</strong></span> <span class='ocrx_word' id='word_1_367' title='bbox 639 3841 842 3897; x_wconf 83' lang='lat' dir='ltr'><strong>Rhosus</strong></span> <span class='ocrx_word' id='word_1_368' title='bbox 862 3856 956 3896; x_wconf 89' lang='lat' dir='ltr'><strong>seu</strong></span> <span class='ocrx_word' id='word_1_369' title='bbox 984 3836 1288 3911; x_wconf 84' lang='lat' dir='ltr'><strong>Rhosopolis</strong></span> <span class='ocrx_word' id='word_1_370' title='bbox 1321 3839 1520 3895; x_wconf 80' lang='lat' dir='ltr'><strong>Ciliciae</strong></span> <span class='ocrx_word' id='word_1_371' title='bbox 1552 3839 1716 3904; x_wconf 91' lang='lat' dir='ltr'><strong>urbs;</strong></span> <span class='ocrx_word' id='word_1_372' title='bbox 1756 3853 1851 3893; x_wconf 92' lang='lat' dir='ltr'><strong>no-</strong></span> 
     </span>
    </p>
   </div>
   <div class='ocr_carea' id='block_1_56' title="bbox 269 3930 1846 4001">
    <p class='ocr_par' dir='ltr' id='par_1_56' title="bbox 269 3930 1846 4001">
     <span class='ocr_line' id='line_1_56' title="bbox 269 3930 1846 4001; baseline -0.003 -13"><span class='ocrx_word' id='word_1_373' title='bbox 269 3949 395 3988; x_wconf 92' lang='lat' dir='ltr'><strong>men</strong></span> <span class='ocrx_word' id='word_1_374' title='bbox 429 3933 679 3988; x_wconf 90' lang='lat' dir='ltr'><strong>mulieris</strong></span> <span class='ocrx_word' id='word_1_375' title='bbox 709 3930 998 3987; x_wconf 76' lang='lat' dir='ltr'><strong>Theotecna</strong></span> <span class='ocrx_word' id='word_1_376' title='bbox 1020 3971 1035 3991; x_wconf 86' lang='lat'><strong><em>.</em></strong></span> <span class='ocrx_word' id='word_1_377' title='bbox 1070 3939 1288 4001; x_wconf 89' lang='lat' dir='ltr'><strong>tempus</strong></span> <span class='ocrx_word' id='word_1_378' title='bbox 1310 3931 1552 4001; x_wconf 79' lang='lat' dir='ltr'><strong>conjugii</strong></span> <span class='ocrx_word' id='word_1_379' title='bbox 1605 3931 1738 3984; x_wconf 87' lang='lat' dir='ltr'><strong>anni</strong></span> <span class='ocrx_word' id='word_1_380' title='bbox 1766 3931 1846 3984; x_wconf 82' lang='lat' dir='ltr'><strong>vi-</strong></span> 
     </span>
    </p>
   </div>
   <div class='ocr_carea' id='block_1_57' title="bbox 261 4025 1847 4098">
    <p class='ocr_par' dir='ltr' id='par_1_57' title="bbox 261 4025 1847 4098">
     <span class='ocr_line' id='line_1_57' title="bbox 261 4025 1847 4098; baseline -0.003 -17"><span class='ocrx_word' id='word_1_381' title='bbox 261 4029 396 4098; x_wconf 84' lang='lat' dir='ltr'><strong>ginti</strong></span> <span class='ocrx_word' id='word_1_382' title='bbox 410 4045 431 4093; x_wconf 90' lang='lat'><strong>;</strong></span> <span class='ocrx_word' id='word_1_383' title='bbox 457 4028 672 4098; x_wconf 89' lang='lat' dir='ltr'><strong>repudii</strong></span> <span class='ocrx_word' id='word_1_384' title='bbox 695 4029 825 4080; x_wconf 88' lang='lat' dir='ltr'><strong>anni</strong></span> <span class='ocrx_word' id='word_1_385' title='bbox 841 4035 1107 4096; x_wconf 82' lang='lat' dir='ltr'><strong>quatuor;</strong></span> <span class='ocrx_word' id='word_1_386' title='bbox 1133 4025 1513 4080; x_wconf 62' lang='lat' dir='ltr'><strong>inemorrbceae</strong></span> <span class='ocrx_word' id='word_1_387' title='bbox 1533 4025 1664 4077; x_wconf 87' lang='lat' dir='ltr'><strong>anni</strong></span> <span class='ocrx_word' id='word_1_388' title='bbox 1690 4025 1847 4094; x_wconf 80' lang='lat' dir='ltr'><strong>quin-~</strong></span> 
     </span>
    </p>
   </div>
   <div class='ocr_carea' id='block_1_58' title="bbox 263 4115 1844 4184">
    <p class='ocr_par' dir='ltr' id='par_1_58' title="bbox 263 4115 1844 4184">
     <span class='ocr_line' id='line_1_58' title="bbox 263 4115 1844 4184; baseline -0.004 -11"><span class='ocrx_word' id='word_1_389' title='bbox 263 4120 459 4184; x_wconf 82' lang='lat' dir='ltr'><strong>decim;</strong></span> <span class='ocrx_word' id='word_1_390' title='bbox 485 4134 648 4174; x_wconf 83' lang='lat' dir='ltr'><strong>causa</strong></span> <span class='ocrx_word' id='word_1_391' title='bbox 681 4117 923 4173; x_wconf 88' lang='lat' dir='ltr'><strong>adeundi</strong></span> <span class='ocrx_word' id='word_1_392' title='bbox 967 4125 1254 4181; x_wconf 89' lang='lat' dir='ltr'><strong>sanctum;</strong></span> <span class='ocrx_word' id='word_1_393' title='bbox 1296 4116 1514 4170; x_wconf 86' lang='lat' dir='ltr'><strong>aversio</strong></span> <span class='ocrx_word' id='word_1_394' title='bbox 1546 4115 1844 4180; x_wconf 68' lang='lat' dir='ltr'><strong>daemonis;</strong></span> 
     </span>
    </p>
   </div>
   <div class='ocr_carea' id='block_1_59' title="bbox 264 4207 1842 4280">
    <p class='ocr_par' dir='ltr' id='par_1_59' title="bbox 264 4207 1842 4280">
     <span class='ocr_line' id='line_1_59' title="bbox 264 4207 1842 4280; baseline -0.003 -16"><span class='ocrx_word' id='word_1_395' title='bbox 264 4210 506 4279; x_wconf 65' lang='lat' dir='ltr'><strong>querela:</strong></span> <span class='ocrx_word' id='word_1_396' title='bbox 538 4209 832 4280; x_wconf 75' lang='lat' dir='ltr'><strong>ejusdem;</strong></span> <span class='ocrx_word' id='word_1_397' title='bbox 877 4207 1117 4278; x_wconf 88' lang='lat' dir='ltr'><strong>raptatio</strong></span> <span class='ocrx_word' id='word_1_398' title='bbox 1189 4209 1399 4261; x_wconf 84' lang='lat' dir='ltr'><strong>circum</strong></span> <span class='ocrx_word' id='word_1_399' title='bbox 1473 4207 1789 4262; x_wconf 88' lang='lat' dir='ltr'><strong>columnam</strong></span> <span class='ocrx_word' id='word_1_400' title='bbox 1831 4223 1842 4258; x_wconf 92' lang='lat'><strong>:</strong></span> 
     </span>
    </p>
   </div>
   <div class='ocr_carea' id='block_1_60' title="bbox 265 4299 1849 4374">
    <p class='ocr_par' dir='ltr' id='par_1_60' title="bbox 265 4299 1849 4374">
     <span class='ocr_line' id='line_1_60' title="bbox 265 4299 1849 4374; baseline -0.003 -17"><span class='ocrx_word' id='word_1_401' title='bbox 265 4303 538 4374; x_wconf 82' lang='lat' dir='ltr'><strong>promissa</strong></span> <span class='ocrx_word' id='word_1_402' title='bbox 579 4302 801 4357; x_wconf 90' lang='lat' dir='ltr'><strong>mulieri</strong></span> <span class='ocrx_word' id='word_1_403' title='bbox 827 4303 992 4356; x_wconf 89' lang='lat' dir='ltr'><strong>data:</strong></span> <span class='ocrx_word' id='word_1_404' title='bbox 1024 4309 1348 4370; x_wconf 88' lang='lat' dir='ltr'><strong>conceptus,</strong></span> <span class='ocrx_word' id='word_1_405' title='bbox 1387 4299 1571 4365; x_wconf 79' lang='lat' dir='ltr'><strong>natus,</strong></span> <span class='ocrx_word' id='word_1_406' title='bbox 1630 4299 1849 4355; x_wconf 89' lang='lat' dir='ltr'><strong>oblatus</strong></span> 
     </span>
    </p>
   </div>
   <div class='ocr_carea' id='block_1_61' title="bbox 267 4391 1848 4466">
    <p class='ocr_par' dir='ltr' id='par_1_61' title="bbox 267 4391 1848 4466">
     <span class='ocr_line' id='line_1_61' title="bbox 267 4391 1848 4466; baseline -0.003 -16"><span class='ocrx_word' id='word_1_407' title='bbox 267 4396 446 4461; x_wconf 82' lang='lat' dir='ltr'><strong>ﬁlius;</strong></span> <span class='ocrx_word' id='word_1_408' title='bbox 487 4393 786 4466; x_wconf 76' lang='lat' dir='ltr'><strong>gratitudo,</strong></span> <span class='ocrx_word' id='word_1_409' title='bbox 810 4401 996 4449; x_wconf 86' lang='lat' dir='ltr'><strong>erecta</strong></span> <span class='ocrx_word' id='word_1_410' title='bbox 1031 4393 1218 4453; x_wconf 87' lang='lat' dir='ltr'><strong>icone;</strong></span> <span class='ocrx_word' id='word_1_411' title='bbox 1271 4392 1589 4447; x_wconf 86' lang='lat' dir='ltr'><strong>sanationes</strong></span> <span class='ocrx_word' id='word_1_412' title='bbox 1621 4407 1721 4462; x_wconf 92' lang='lat' dir='ltr'><strong>per</strong></span> <span class='ocrx_word' id='word_1_413' title='bbox 1779 4391 1848 4444; x_wconf 91' lang='lat' dir='ltr'><strong>il-</strong></span> 
     </span>
    </p>
   </div>
   <div class='ocr_carea' id='block_1_62' title="bbox 1955 1925 3536 2001">
    <p class='ocr_par' dir='ltr' id='par_1_62' title="bbox 1955 1925 3536 2001">
     <span class='ocr_line' id='line_1_62' title="bbox 1955 1925 3536 2001; baseline 0.008 -26"><span class='ocrx_word' id='word_1_414' title='bbox 1955 1934 2169 1982; x_wconf 71' lang='lat' dir='ltr'><strong>sanata,</strong></span> <span class='ocrx_word' id='word_1_415' title='bbox 2210 1925 2451 1978; x_wconf 84' lang='lat' dir='ltr'><strong>restituta</strong></span> <span class='ocrx_word' id='word_1_416' title='bbox 2508 1926 2650 1994; x_wconf 80' lang='lat' dir='ltr'><strong>fuit:</strong></span> <span class='ocrx_word' id='word_1_417' title='bbox 2678 1928 2749 1980; x_wconf 93' lang='lat' dir='ltr'><strong>ad</strong></span> <span class='ocrx_word' id='word_1_418' title='bbox 2799 1929 2909 1982; x_wconf 66' lang='lat' dir='ltr'><strong>haec</strong></span> <span class='ocrx_word' id='word_1_419' title='bbox 2957 1947 3087 2000; x_wconf 83' lang='lat' dir='ltr'><strong>puer</strong></span> <span class='ocrx_word' id='word_1_420' title='bbox 3123 1948 3326 2001; x_wconf 88' lang='lat' dir='ltr'><strong>quoque</strong></span> <span class='ocrx_word' id='word_1_421' title='bbox 3359 1951 3421 1988; x_wconf 79' lang='lat' dir='ltr'><strong>ea:</strong></span> <span class='ocrx_word' id='word_1_422' title='bbox 3453 1952 3536 1995; x_wconf 86' lang='lat' dir='ltr'><strong>ea.</strong></span> 
     </span>
    </p>
   </div>
   <div class='ocr_carea' id='block_1_63' title="bbox 1955 2015 3535 2092">
    <p class='ocr_par' dir='ltr' id='par_1_63' title="bbox 1955 2015 3535 2092">
     <span class='ocr_line' id='line_1_63' title="bbox 1955 2015 3535 2092; baseline 0.008 -26"><span class='ocrx_word' id='word_1_423' title='bbox 1955 2015 2093 2084; x_wconf 87' lang='lat' dir='ltr'><strong>quod</strong></span> <span class='ocrx_word' id='word_1_424' title='bbox 2139 2031 2413 2085; x_wconf 83' lang='lat' dir='ltr'><strong>nunquam</strong></span> <span class='ocrx_word' id='word_1_425' title='bbox 2449 2025 2594 2087; x_wconf 69' lang='lat' dir='ltr'><strong>ante,</strong></span> <span class='ocrx_word' id='word_1_426' title='bbox 2620 2030 2908 2088; x_wconf 81' lang='lat' dir='ltr'><strong>prognatus</strong></span> <span class='ocrx_word' id='word_1_427' title='bbox 2940 2024 3059 2086; x_wconf 87' lang='lat' dir='ltr'><strong>est).</strong></span> <span class='ocrx_word' id='word_1_428' title='bbox 3092 2022 3342 2092; x_wconf 85' lang='lat' dir='ltr'><strong>Denique</strong></span> <span class='ocrx_word' id='word_1_429' title='bbox 3375 2026 3535 2080; x_wconf 86' lang='lat' dir='ltr'><strong>istam</strong></span> 
     </span>
    </p>
   </div>
   <div class='ocr_carea' id='block_1_64' title="bbox 1954 2102 3537 2178">
    <p class='ocr_par' dir='ltr' id='par_1_64' title="bbox 1954 2102 3537 2178">
     <span class='ocr_line' id='line_1_64' title="bbox 1954 2102 3537 2178; baseline 0.01 -23"><span class='ocrx_word' id='word_1_430' title='bbox 1954 2102 2008 2156; x_wconf 92' lang='lat' dir='ltr'><strong>in</strong></span> <span class='ocrx_word' id='word_1_431' title='bbox 2071 2103 2177 2156; x_wconf 87' lang='lat' dir='ltr'><strong>line</strong></span> <span class='ocrx_word' id='word_1_432' title='bbox 2239 2106 2652 2159; x_wconf 84' lang='lat' dir='ltr'><strong>conclusionem</strong></span> <span class='ocrx_word' id='word_1_433' title='bbox 2713 2108 2948 2178; x_wconf 88' lang='lat' dir='ltr'><strong>adjicit:</strong></span> <span class='ocrx_word' id='word_1_434' title='bbox 2983 2111 3069 2165; x_wconf 84' lang='lat' dir='ltr'><strong>Ita</strong></span> <span class='ocrx_word' id='word_1_435' title='bbox 3093 2114 3194 2166; x_wconf 87' lang='lat' dir='ltr'><strong>viri</strong></span> <span class='ocrx_word' id='word_1_436' title='bbox 3236 2117 3408 2169; x_wconf 86' lang='lat' dir='ltr'><strong>sancti</strong></span> <span class='ocrx_word' id='word_1_437' title='bbox 3455 2116 3537 2171; x_wconf 79' lang='lat' dir='ltr'><strong>uel</strong></span> 
     </span>
    </p>
   </div>
   <div class='ocr_carea' id='block_1_65' title="bbox 1952 2187 3540 2279">
    <p class='ocr_par' dir='ltr' id='par_1_65' title="bbox 1952 2187 3540 2279">
     <span class='ocr_line' id='line_1_65' title="bbox 1952 2187 3540 2279; baseline 0.011 -33"><span class='ocrx_word' id='word_1_438' title='bbox 1952 2189 2122 2248; x_wconf 87' lang='lat' dir='ltr'><strong>tenuis</strong></span> <span class='ocrx_word' id='word_1_439' title='bbox 2153 2195 2207 2248; x_wconf 88' lang='lat' dir='ltr'><strong>in</strong></span> <span class='ocrx_word' id='word_1_440' title='bbox 2235 2187 2464 2266; x_wconf 80' lang='lat' dir='ltr'><strong>imagine</strong></span> <span class='ocrx_word' id='word_1_441' title='bbox 2485 2207 2745 2266; x_wconf 86' lang='lat' dir='ltr'><strong>aspectus,</strong></span> <span class='ocrx_word' id='word_1_442' title='bbox 2778 2191 2988 2270; x_wconf 84' lang='lat' dir='ltr'><strong>signum</strong></span> <span class='ocrx_word' id='word_1_443' title='bbox 3018 2205 3210 2267; x_wconf 88' lang='lat' dir='ltr'><strong>crucis,</strong></span> <span class='ocrx_word' id='word_1_444' title='bbox 3242 2208 3414 2276; x_wconf 82' lang='lat' dir='ltr'><strong>virga,</strong></span> <span class='ocrx_word' id='word_1_445' title='bbox 3435 2210 3540 2279; x_wconf 79' lang='lat' dir='ltr'><strong>for-</strong></span> 
     </span>
    </p>
   </div>
   <div class='ocr_carea' id='block_1_66' title="bbox 1951 2283 3536 2364">
    <p class='ocr_par' dir='ltr' id='par_1_66' title="bbox 1951 2283 3536 2364">
     <span class='ocr_line' id='line_1_66' title="bbox 1951 2283 3536 2364; baseline 0.009 -25"><span class='ocrx_word' id='word_1_446' title='bbox 1951 2301 2059 2350; x_wconf 88' lang='lat' dir='ltr'><strong>ma,</strong></span> <span class='ocrx_word' id='word_1_447' title='bbox 2093 2283 2326 2350; x_wconf 82' lang='lat' dir='ltr'><strong>verbum,</strong></span> <span class='ocrx_word' id='word_1_448' title='bbox 2360 2288 2652 2354; x_wconf 80' lang='lat' dir='ltr'><strong>invocatio,</strong></span> <span class='ocrx_word' id='word_1_449' title='bbox 2687 2300 2734 2345; x_wconf 84' lang='lat' dir='ltr'><strong>et</strong></span> <span class='ocrx_word' id='word_1_450' title='bbox 2770 2294 2814 2345; x_wconf 87' lang='lat' dir='ltr'><strong>si</strong></span> <span class='ocrx_word' id='word_1_451' title='bbox 2837 2295 2965 2364; x_wconf 84' lang='lat' dir='ltr'><strong>quid</strong></span> <span class='ocrx_word' id='word_1_452' title='bbox 3007 2295 3159 2350; x_wconf 88' lang='lat' dir='ltr'><strong>aliud</strong></span> <span class='ocrx_word' id='word_1_453' title='bbox 3197 2315 3370 2352; x_wconf 86' lang='lat' dir='ltr'><strong>rerum</strong></span> <span class='ocrx_word' id='word_1_454' title='bbox 3394 2300 3536 2354; x_wconf 85' lang='lat' dir='ltr'><strong>illius</strong></span> 
     </span>
    </p>
   </div>
   <div class='ocr_carea' id='block_1_67' title="bbox 1951 2379 3533 2458">
    <p class='ocr_par' dir='ltr' id='par_1_67' title="bbox 1951 2379 3533 2458">
     <span class='ocr_line' id='line_1_67' title="bbox 1951 2379 3533 2458; baseline 0.01 -28"><span class='ocrx_word' id='word_1_455' title='bbox 1951 2386 2101 2440; x_wconf 84' lang='lat' dir='ltr'><strong>esset,</strong></span> <span class='ocrx_word' id='word_1_456' title='bbox 2127 2379 2418 2449; x_wconf 75' lang='lat' dir='ltr'><strong>sufﬁciebat</strong></span> <span class='ocrx_word' id='word_1_457' title='bbox 2445 2382 2650 2435; x_wconf 84' lang='lat' dir='ltr'><strong>cuilibet</strong></span> <span class='ocrx_word' id='word_1_458' title='bbox 2675 2385 2974 2440; x_wconf 86' lang='lat' dir='ltr'><strong>morborum</strong></span> <span class='ocrx_word' id='word_1_459' title='bbox 3004 2390 3182 2457; x_wconf 83' lang='lat' dir='ltr'><strong>generi</strong></span> <span class='ocrx_word' id='word_1_460' title='bbox 3211 2390 3533 2458; x_wconf 73' lang='lat' dir='ltr'><strong>depellenda.</strong></span> 
     </span>
    </p>
   </div>
   <div class='ocr_carea' id='block_1_68' title="bbox 2020 2470 3534 2548">
    <p class='ocr_par' dir='ltr' id='par_1_68' title="bbox 2020 2470 3534 2548">
     <span class='ocr_line' id='line_1_68' title="bbox 2020 2470 3534 2548; baseline 0.009 -25"><span class='ocrx_word' id='word_1_461' title='bbox 2020 2471 2110 2523; x_wconf 66' lang='grc'><strong>45.</strong></span> <span class='ocrx_word' id='word_1_462' title='bbox 2152 2470 2278 2524; x_wconf 68' lang='lat' dir='ltr'><strong>llam</strong></span> <span class='ocrx_word' id='word_1_463' title='bbox 2312 2471 2378 2525; x_wconf 86' lang='lat' dir='ltr'><strong>de</strong></span> <span class='ocrx_word' id='word_1_464' title='bbox 2409 2471 2710 2541; x_wconf 89' lang='lat' dir='ltr'><strong>prioribus.</strong></span> <span class='ocrx_word' id='word_1_465' title='bbox 2753 2474 3003 2530; x_wconf 89' lang='lat' dir='ltr'><strong>Otiosum</strong></span> <span class='ocrx_word' id='word_1_466' title='bbox 3041 2478 3184 2533; x_wconf 76' lang='lat' dir='ltr'><strong>foret</strong></span> <span class='ocrx_word' id='word_1_467' title='bbox 3227 2481 3534 2548; x_wconf 84' lang='lat' dir='ltr'><strong>posteriora</strong></span> 
     </span>
    </p>
   </div>
   <div class='ocr_carea' id='block_1_69' title="bbox 1948 2560 3531 2641">
    <p class='ocr_par' dir='ltr' id='par_1_69' title="bbox 1948 2560 3531 2641">
     <span class='ocr_line' id='line_1_69' title="bbox 1948 2560 3531 2641; baseline 0.008 -29"><span class='ocrx_word' id='word_1_468' title='bbox 1948 2560 2112 2614; x_wconf 89' lang='lat' dir='ltr'><strong>simili</strong></span> <span class='ocrx_word' id='word_1_469' title='bbox 2159 2562 2322 2615; x_wconf 89' lang='lat' dir='ltr'><strong>modo</strong></span> <span class='ocrx_word' id='word_1_470' title='bbox 2367 2562 2621 2618; x_wconf 80' lang='lat' dir='ltr'><strong>conferre</strong></span> <span class='ocrx_word' id='word_1_471' title='bbox 2665 2582 2678 2618; x_wconf 90' lang='lat'><strong>:</strong></span> <span class='ocrx_word' id='word_1_472' title='bbox 2715 2565 2963 2621; x_wconf 81' lang='lat' dir='ltr'><strong>conferat</strong></span> <span class='ocrx_word' id='word_1_473' title='bbox 2994 2569 3081 2621; x_wconf 89' lang='lat' dir='ltr'><strong>cui</strong></span> <span class='ocrx_word' id='word_1_474' title='bbox 3135 2569 3336 2623; x_wconf 83' lang='lat' dir='ltr'><strong>lubet:</strong></span> <span class='ocrx_word' id='word_1_475' title='bbox 3383 2586 3531 2641; x_wconf 78' lang='lat' dir='ltr'><strong>repe-</strong></span> 
     </span>
    </p>
   </div>
   <div class='ocr_carea' id='block_1_70' title="bbox 1949 2649 3531 2730">
    <p class='ocr_par' dir='ltr' id='par_1_70' title="bbox 1949 2649 3531 2730">
     <span class='ocr_line' id='line_1_70' title="bbox 1949 2649 3531 2730; baseline 0.008 -26"><span class='ocrx_word' id='word_1_476' title='bbox 1949 2650 2054 2704; x_wconf 88' lang='lat' dir='ltr'><strong>riet</strong></span> <span class='ocrx_word' id='word_1_477' title='bbox 2120 2649 2312 2706; x_wconf 88' lang='lat' dir='ltr'><strong>eadem</strong></span> <span class='ocrx_word' id='word_1_478' title='bbox 2361 2654 2683 2723; x_wconf 87' lang='lat' dir='ltr'><strong>utrobique.</strong></span> <span class='ocrx_word' id='word_1_479' title='bbox 2716 2656 2918 2711; x_wconf 77' lang='lat' dir='ltr'><strong>Refero</strong></span> <span class='ocrx_word' id='word_1_480' title='bbox 2967 2659 3232 2713; x_wconf 74' lang='lat' dir='ltr'><strong>duntaxat</strong></span> <span class='ocrx_word' id='word_1_481' title='bbox 3278 2661 3370 2715; x_wconf 90' lang='lat' dir='ltr'><strong>illa</strong></span> <span class='ocrx_word' id='word_1_482' title='bbox 3414 2677 3531 2730; x_wconf 72' lang='lat' dir='ltr'><strong>quae</strong></span> 
     </span>
    </p>
   </div>
   <div class='ocr_carea' id='block_1_71' title="bbox 1947 2743 3538 2813">
    <p class='ocr_par' dir='ltr' id='par_1_71' title="bbox 1947 2743 3538 2813">
     <span class='ocr_line' id='line_1_71' title="bbox 1947 2743 3538 2813; baseline 0.006 -16"><span class='ocrx_word' id='word_1_483' title='bbox 1947 2743 2163 2813; x_wconf 88' lang='lat' dir='ltr'><strong>adjecta</strong></span> <span class='ocrx_word' id='word_1_484' title='bbox 2195 2744 2480 2800; x_wconf 86' lang='lat' dir='ltr'><strong>videntur.</strong></span> <span class='ocrx_word' id='word_1_485' title='bbox 2508 2743 2756 2801; x_wconf 87' lang='lat' dir='ltr'><strong>Primum</strong></span> <span class='ocrx_word' id='word_1_486' title='bbox 2782 2759 2980 2804; x_wconf 67' lang='lat' dir='ltr'><strong>erectae</strong></span> <span class='ocrx_word' id='word_1_487' title='bbox 3011 2750 3156 2804; x_wconf 89' lang='lat' dir='ltr'><strong>iconi</strong></span> <span class='ocrx_word' id='word_1_488' title='bbox 3184 2767 3343 2805; x_wconf 90' lang='lat' dir='ltr'><strong>suum</strong></span> <span class='ocrx_word' id='word_1_489' title='bbox 3381 2753 3538 2807; x_wconf 88' lang='lat' dir='ltr'><strong>addit</strong></span> 
     </span>
    </p>
   </div>
   <div class='ocr_carea' id='block_1_72' title="bbox 1946 2838 3532 2915">
    <p class='ocr_par' dir='ltr' id='par_1_72' title="bbox 1946 2838 3532 2915">
     <span class='ocr_line' id='line_1_72' title="bbox 1946 2838 3532 2915; baseline 0.006 -25"><span class='ocrx_word' id='word_1_490' title='bbox 1946 2844 2226 2901; x_wconf 87' lang='lat' dir='ltr'><strong>ornatum,</strong></span> <span class='ocrx_word' id='word_1_491' title='bbox 2251 2853 2378 2892; x_wconf 93' lang='lat' dir='ltr'><strong>cum</strong></span> <span class='ocrx_word' id='word_1_492' title='bbox 2430 2838 2578 2893; x_wconf 91' lang='lat' dir='ltr'><strong>illam</strong></span> <span class='ocrx_word' id='word_1_493' title='bbox 2615 2839 2888 2896; x_wconf 87' lang='lat' dir='ltr'><strong>describit</strong></span> <span class='ocrx_word' id='word_1_494' title='bbox 2915 2859 2926 2894; x_wconf 91' lang='lat'>:</span> <span class='ocrx_word' id='word_1_495' title='bbox 2952 2845 3279 2915; x_wconf 81' lang='lat' dir='ltr'><strong>Pervenuste</strong></span> <span class='ocrx_word' id='word_1_496' title='bbox 3307 2862 3412 2899; x_wconf 88' lang='lat' dir='ltr'><strong>non</strong></span> <span class='ocrx_word' id='word_1_497' title='bbox 3443 2863 3532 2900; x_wconf 69' lang='lat' dir='ltr'><strong>so-</strong></span> 
     </span>
    </p>
   </div>
   <div class='ocr_carea' id='block_1_73' title="bbox 1947 2927 3530 3010">
    <p class='ocr_par' dir='ltr' id='par_1_73' title="bbox 1947 2927 3530 3010">
     <span class='ocr_line' id='line_1_73' title="bbox 1947 2927 3530 3010; baseline 0.007 -29"><span class='ocrx_word' id='word_1_498' title='bbox 1947 2927 2057 2982; x_wconf 91' lang='lat' dir='ltr'><strong>lum</strong></span> <span class='ocrx_word' id='word_1_499' title='bbox 2078 2927 2358 2994; x_wconf 89' lang='lat' dir='ltr'><strong>coloribus,</strong></span> <span class='ocrx_word' id='word_1_500' title='bbox 2381 2930 2473 2983; x_wconf 89' lang='lat' dir='ltr'><strong>sed</strong></span> <span class='ocrx_word' id='word_1_501' title='bbox 2509 2931 2672 2985; x_wconf 91' lang='lat' dir='ltr'><strong>etiam</strong></span> <span class='ocrx_word' id='word_1_502' title='bbox 2707 2933 2905 2986; x_wconf 88' lang='lat' dir='ltr'><strong>amictu</strong></span> <span class='ocrx_word' id='word_1_503' title='bbox 2938 2942 2986 2987; x_wconf 88' lang='lat' dir='ltr'><strong>et</strong></span> <span class='ocrx_word' id='word_1_504' title='bbox 3009 2937 3334 3010; x_wconf 81' lang='lat' dir='ltr'><strong>tegumentis</strong></span> <span class='ocrx_word' id='word_1_505' title='bbox 3379 2953 3530 2992; x_wconf 87' lang='lat' dir='ltr'><strong>orna-</strong></span> 
     </span>
    </p>
   </div>
   <div class='ocr_carea' id='block_1_74' title="bbox 1947 3021 3532 3092">
    <p class='ocr_par' dir='ltr' id='par_1_74' title="bbox 1947 3021 3532 3092">
     <span class='ocr_line' id='line_1_74' title="bbox 1947 3021 3532 3092; baseline 0.005 -18"><span class='ocrx_word' id='word_1_506' title='bbox 1947 3029 2078 3074; x_wconf 89' lang='lat' dir='ltr'><strong>tam.</strong></span> <span class='ocrx_word' id='word_1_507' title='bbox 2125 3021 2294 3076; x_wconf 88' lang='lat' dir='ltr'><strong>Paulo</strong></span> <span class='ocrx_word' id='word_1_508' title='bbox 2346 3033 2471 3092; x_wconf 88' lang='lat' dir='ltr'><strong>post</strong></span> <span class='ocrx_word' id='word_1_509' title='bbox 2520 3025 2974 3080; x_wconf 83' lang='lat' dir='ltr'><strong>exclamationem</strong></span> <span class='ocrx_word' id='word_1_510' title='bbox 3004 3026 3147 3080; x_wconf 89' lang='lat' dir='ltr'><strong>hanc</strong></span> <span class='ocrx_word' id='word_1_511' title='bbox 3199 3028 3479 3082; x_wconf 76' lang='lat' dir='ltr'><strong>interserit</strong></span> <span class='ocrx_word' id='word_1_512' title='bbox 3519 3048 3532 3082; x_wconf 90' lang='lat'><strong>:</strong></span> 
     </span>
    </p>
   </div>
   <div class='ocr_carea' id='block_1_75' title="bbox 1957 3105 3535 3174">
    <p class='ocr_par' dir='ltr' id='par_1_75' title="bbox 1957 3105 3535 3174">
     <span class='ocr_line' id='line_1_75' title="bbox 1957 3105 3535 3174; baseline -0.002 -11"><span class='ocrx_word' id='word_1_513' title='bbox 1957 3105 2003 3163; x_wconf 91' lang='lat'><em>0</em></span> <span class='ocrx_word' id='word_1_514' title='bbox 2035 3106 2198 3172; x_wconf 74' lang='lat' dir='ltr'><strong>Deus,</strong></span> <span class='ocrx_word' id='word_1_515' title='bbox 2237 3115 2437 3174; x_wconf 86' lang='lat' dir='ltr'><strong>quanta</strong></span> <span class='ocrx_word' id='word_1_516' title='bbox 2472 3108 2645 3162; x_wconf 78' lang='lat' dir='ltr'><strong>hostes</strong></span> <span class='ocrx_word' id='word_1_517' title='bbox 2675 3106 2927 3164; x_wconf 80' lang='lat' dir='ltr'><strong>adversus</strong></span> <span class='ocrx_word' id='word_1_518' title='bbox 2960 3108 3213 3165; x_wconf 86' lang='lat' dir='ltr'><strong>Sanctum</strong></span> <span class='ocrx_word' id='word_1_519' title='bbox 3245 3115 3390 3162; x_wconf 86' lang='lat' dir='ltr'><strong>tuum</strong></span> <span class='ocrx_word' id='word_1_520' title='bbox 3420 3121 3535 3161; x_wconf 48' lang='lat' dir='ltr'><strong>mad</strong></span> 
     </span>
    </p>
   </div>
   <div class='ocr_carea' id='block_1_76' title="bbox 1960 3190 3528 3256">
    <p class='ocr_par' dir='ltr' id='par_1_76' title="bbox 1960 3190 3528 3256">
     <span class='ocr_line' id='line_1_76' title="bbox 1960 3190 3528 3256; baseline 0 -3"><span class='ocrx_word' id='word_1_521' title='bbox 1960 3200 2164 3254; x_wconf 84' lang='lat' dir='ltr'><strong>chinati</strong></span> <span class='ocrx_word' id='word_1_522' title='bbox 2193 3199 2350 3254; x_wconf 83' lang='lat' dir='ltr'><strong>sunt!</strong></span> <span class='ocrx_word' id='word_1_523' title='bbox 2385 3199 2507 3254; x_wconf 79' lang='lat' dir='ltr'><strong>Mox</strong></span> <span class='ocrx_word' id='word_1_524' title='bbox 2542 3213 2666 3253; x_wconf 86' lang='lat' dir='ltr'><strong>cum</strong></span> <span class='ocrx_word' id='word_1_525' title='bbox 2699 3201 3018 3256; x_wconf 83' lang='lat' dir='ltr'><strong>extenderet</strong></span> <span class='ocrx_word' id='word_1_526' title='bbox 3055 3216 3199 3256; x_wconf 86' lang='lat' dir='ltr'><strong>unus</strong></span> <span class='ocrx_word' id='word_1_527' title='bbox 3233 3202 3284 3255; x_wconf 92' lang='lat' dir='ltr'><strong>in</strong></span> <span class='ocrx_word' id='word_1_528' title='bbox 3313 3190 3528 3255; x_wconf 91' lang='lat' dir='ltr'><strong>iconem</strong></span> 
     </span>
    </p>
   </div>
   <div class='ocr_carea' id='block_1_77' title="bbox 1957 3284 3529 3361">
    <p class='ocr_par' dir='ltr' id='par_1_77' title="bbox 1957 3284 3529 3361">
     <span class='ocr_line' id='line_1_77' title="bbox 1957 3284 3529 3361; baseline 0 -19"><span class='ocrx_word' id='word_1_529' title='bbox 1957 3303 2203 3353; x_wconf 88' lang='lat' dir='ltr'><strong>manum,</strong></span> <span class='ocrx_word' id='word_1_530' title='bbox 2232 3287 2554 3342; x_wconf 84' lang='lat' dir='ltr'><strong>deturbatus</strong></span> <span class='ocrx_word' id='word_1_531' title='bbox 2586 3288 2788 3344; x_wconf 85' lang='lat' dir='ltr'><strong>dicitur</strong></span> <span class='ocrx_word' id='word_1_532' title='bbox 2811 3295 3040 3345; x_wconf 84' lang='lat' dir='ltr'><strong>venusta</strong></span> <span class='ocrx_word' id='word_1_533' title='bbox 3068 3284 3169 3346; x_wconf 85' lang='lat' dir='ltr'><strong>hac</strong></span> <span class='ocrx_word' id='word_1_534' title='bbox 3201 3297 3255 3346; x_wconf 89' lang='lat' dir='ltr'><strong>et</strong></span> <span class='ocrx_word' id='word_1_535' title='bbox 3280 3293 3366 3361; x_wconf 86' lang='lat' dir='ltr'><strong>pia</strong></span> <span class='ocrx_word' id='word_1_536' title='bbox 3399 3305 3529 3360; x_wconf 87' lang='lat' dir='ltr'><strong>apo-</strong></span> 
     </span>
    </p>
   </div>
   <div class='ocr_carea' id='block_1_78' title="bbox 1959 3377 3532 3451">
    <p class='ocr_par' dir='ltr' id='par_1_78' title="bbox 1959 3377 3532 3451">
     <span class='ocr_line' id='line_1_78' title="bbox 1959 3377 3532 3451; baseline 0 -16"><span class='ocrx_word' id='word_1_537' title='bbox 1959 3380 2183 3451; x_wconf 84' lang='lat' dir='ltr'><strong>strophe</strong></span> <span class='ocrx_word' id='word_1_538' title='bbox 2213 3395 2227 3432; x_wconf 90' lang='lat'><strong>:</strong></span> <span class='ocrx_word' id='word_1_539' title='bbox 2257 3379 2506 3434; x_wconf 80' lang='lat' dir='ltr'><strong>Manibus</strong></span> <span class='ocrx_word' id='word_1_540' title='bbox 2535 3379 2669 3442; x_wconf 88' lang='lat' dir='ltr'><strong>illis,</strong></span> <span class='ocrx_word' id='word_1_541' title='bbox 2690 3398 2820 3450; x_wconf 85' lang='lat' dir='ltr'><strong>quas</strong></span> <span class='ocrx_word' id='word_1_542' title='bbox 2853 3391 2930 3436; x_wconf 91' lang='lat' dir='ltr'><strong>tu.</strong></span> <span class='ocrx_word' id='word_1_543' title='bbox 2962 3377 3185 3446; x_wconf 77' lang='lat' dir='ltr'><strong>Christe,</strong></span> <span class='ocrx_word' id='word_1_544' title='bbox 3225 3399 3381 3450; x_wconf 83' lang='lat' dir='ltr'><strong>super</strong></span> <span class='ocrx_word' id='word_1_545' title='bbox 3408 3383 3532 3436; x_wconf 79' lang='lat' dir='ltr'><strong>illo-</strong></span> 
     </span>
    </p>
   </div>
   <div class='ocr_carea' id='block_1_79' title="bbox 1957 3471 3528 3542">
    <p class='ocr_par' dir='ltr' id='par_1_79' title="bbox 1957 3471 3528 3542">
     <span class='ocr_line' id='line_1_79' title="bbox 1957 3471 3528 3542; baseline 0 -18"><span class='ocrx_word' id='word_1_546' title='bbox 1957 3489 2075 3530; x_wconf 85' lang='lat' dir='ltr'><strong>rum</strong></span> <span class='ocrx_word' id='word_1_547' title='bbox 2107 3471 2407 3542; x_wconf 85' lang='lat' dir='ltr'><strong>superbiam</strong></span> <span class='ocrx_word' id='word_1_548' title='bbox 2430 3472 2692 3536; x_wconf 79' lang='lat' dir='ltr'><strong>extulisti,</strong></span> <span class='ocrx_word' id='word_1_549' title='bbox 2734 3473 3120 3542; x_wconf 82' lang='lat' dir='ltr'><strong>dejicientibus.</strong></span> <span class='ocrx_word' id='word_1_550' title='bbox 3153 3473 3376 3527; x_wconf 87' lang='lat' dir='ltr'><strong>Dcmum</strong></span> <span class='ocrx_word' id='word_1_551' title='bbox 3403 3488 3528 3525; x_wconf 89' lang='lat' dir='ltr'><strong>cum</strong></span> 
     </span>
    </p>
   </div>
   <div class='ocr_carea' id='block_1_80' title="bbox 1957 3564 3529 3636">
    <p class='ocr_par' dir='ltr' id='par_1_80' title="bbox 1957 3564 3529 3636">
     <span class='ocr_line' id='line_1_80' title="bbox 1957 3564 3529 3636; baseline -0.004 -14"><span class='ocrx_word' id='word_1_552' title='bbox 1957 3567 2152 3622; x_wconf 81' lang='lat' dir='ltr'><strong>tertius</strong></span> <span class='ocrx_word' id='word_1_553' title='bbox 2176 3581 2396 3636; x_wconf 87' lang='lat' dir='ltr'><strong>quoque</strong></span> <span class='ocrx_word' id='word_1_554' title='bbox 2425 3565 2670 3632; x_wconf 82' lang='lat' dir='ltr'><strong>dejectns</strong></span> <span class='ocrx_word' id='word_1_555' title='bbox 2694 3575 2859 3627; x_wconf 80' lang='lat' dir='ltr'><strong>esset.</strong></span> <span class='ocrx_word' id='word_1_556' title='bbox 2891 3567 3048 3634; x_wconf 76' lang='lat' dir='ltr'><strong>quasi</strong></span> <span class='ocrx_word' id='word_1_557' title='bbox 3091 3564 3529 3632; x_wconf 80' lang='lat' dir='ltr'><strong>epiphonematis</strong></span> 
     </span>
    </p>
   </div>
   <div class='ocr_carea' id='block_1_81' title="bbox 1957 3651 3530 3725">
    <p class='ocr_par' dir='ltr' id='par_1_81' title="bbox 1957 3651 3530 3725">
     <span class='ocr_line' id='line_1_81' title="bbox 1957 3651 3530 3725; baseline -0.003 -13"><span class='ocrx_word' id='word_1_558' title='bbox 1957 3651 2080 3712; x_wconf 86' lang='lat' dir='ltr'><strong>loco</strong></span> <span class='ocrx_word' id='word_1_559' title='bbox 2127 3655 2328 3712; x_wconf 85' lang='lat' dir='ltr'><strong>dicitur</strong></span> <span class='ocrx_word' id='word_1_560' title='bbox 2370 3675 2384 3712; x_wconf 92' lang='lat'>:</span> <span class='ocrx_word' id='word_1_561' title='bbox 2418 3651 2590 3710; x_wconf 82' lang='lat' dir='ltr'><strong>Multo</strong></span> <span class='ocrx_word' id='word_1_562' title='bbox 2631 3656 2895 3725; x_wconf 88' lang='lat' dir='ltr'><strong>prioribus</strong></span> <span class='ocrx_word' id='word_1_563' title='bbox 2933 3655 3127 3725; x_wconf 86' lang='lat' dir='ltr'><strong>majori</strong></span> <span class='ocrx_word' id='word_1_564' title='bbox 3168 3655 3396 3708; x_wconf 86' lang='lat' dir='ltr'><strong>ludibrio</strong></span> <span class='ocrx_word' id='word_1_565' title='bbox 3445 3653 3530 3707; x_wconf 84' lang='lat' dir='ltr'><strong>di-</strong></span> 
     </span>
    </p>
   </div>
   <div class='ocr_carea' id='block_1_82' title="bbox 1955 3750 3526 3822">
    <p class='ocr_par' dir='ltr' id='par_1_82' title="bbox 1955 3750 3526 3822">
     <span class='ocr_line' id='line_1_82' title="bbox 1955 3750 3526 3822; baseline -0.003 -15"><span class='ocrx_word' id='word_1_566' title='bbox 1955 3770 2089 3820; x_wconf 83' lang='lat' dir='ltr'><strong>gnus</strong></span> <span class='ocrx_word' id='word_1_567' title='bbox 2109 3793 2125 3818; x_wconf 91' lang='lat'><strong>,</strong></span> <span class='ocrx_word' id='word_1_568' title='bbox 2157 3751 2295 3822; x_wconf 87' lang='lat' dir='ltr'><strong>quod</strong></span> <span class='ocrx_word' id='word_1_569' title='bbox 2326 3751 2541 3806; x_wconf 86' lang='lat' dir='ltr'><strong>illorum</strong></span> <span class='ocrx_word' id='word_1_570' title='bbox 2572 3752 2807 3818; x_wconf 73' lang='lat' dir='ltr'><strong>exemplo</strong></span> <span class='ocrx_word' id='word_1_571' title='bbox 2841 3751 3006 3804; x_wconf 79' lang='lat' dir='ltr'><strong>nihilo</strong></span> <span class='ocrx_word' id='word_1_572' title='bbox 3044 3751 3302 3821; x_wconf 86' lang='lat' dir='ltr'><strong>sapuisset</strong></span> <span class='ocrx_word' id='word_1_573' title='bbox 3335 3750 3526 3820; x_wconf 83' lang='lat' dir='ltr'><strong>magis.</strong></span> 
     </span>
    </p>
   </div>
   <div class='ocr_carea' id='block_1_83' title="bbox 1949 3843 3531 3915">
    <p class='ocr_par' dir='ltr' id='par_1_83' title="bbox 1949 3843 3531 3915">
     <span class='ocr_line' id='line_1_83' title="bbox 1949 3843 3531 3915; baseline -0.002 -11"><span class='ocrx_word' id='word_1_574' title='bbox 1949 3845 2092 3915; x_wconf 85' lang='lat' dir='ltr'><strong>Quid</strong></span> <span class='ocrx_word' id='word_1_575' title='bbox 2117 3847 2236 3905; x_wconf 71' lang='lat' dir='ltr'><strong>brec</strong></span> <span class='ocrx_word' id='word_1_576' title='bbox 2252 3844 2356 3900; x_wconf 90' lang='lat' dir='ltr'><strong>nisi</strong></span> <span class='ocrx_word' id='word_1_577' title='bbox 2381 3843 2760 3915; x_wconf 84' lang='lat' dir='ltr'><strong>parentheses,</strong></span> <span class='ocrx_word' id='word_1_578' title='bbox 2783 3843 3214 3900; x_wconf 82' lang='lat' dir='ltr'><strong>exclamationes</strong></span> <span class='ocrx_word' id='word_1_579' title='bbox 3231 3883 3247 3908; x_wconf 89' lang='lat'><strong>,</strong></span> <span class='ocrx_word' id='word_1_580' title='bbox 3282 3855 3531 3915; x_wconf 78' lang='lat' dir='ltr'><strong>apostro~</strong></span> 
     </span>
    </p>
   </div>
   <div class='ocr_carea' id='block_1_84' title="bbox 1951 3933 3531 4010">
    <p class='ocr_par' dir='ltr' id='par_1_84' title="bbox 1951 3933 3531 4010">
     <span class='ocr_line' id='line_1_84' title="bbox 1951 3933 3531 4010; baseline -0.001 -17"><span class='ocrx_word' id='word_1_581' title='bbox 1951 3940 2094 4010; x_wconf 68' lang='lat' dir='ltr'><strong>plne,</strong></span> <span class='ocrx_word' id='word_1_582' title='bbox 2124 3937 2658 4008; x_wconf 79' lang='lat' dir='ltr'><strong>epiphonemata,cx</strong></span> <span class='ocrx_word' id='word_1_583' title='bbox 2687 3935 2854 3989; x_wconf 90' lang='lat' dir='ltr'><strong>rebus</strong></span> <span class='ocrx_word' id='word_1_584' title='bbox 2885 3933 3024 3987; x_wconf 89' lang='lat' dir='ltr'><strong>nihil</strong></span> <span class='ocrx_word' id='word_1_585' title='bbox 3050 3935 3356 3991; x_wconf 88' lang='lat' dir='ltr'><strong>immutatis</strong></span> <span class='ocrx_word' id='word_1_586' title='bbox 3381 3945 3531 4001; x_wconf 88' lang='lat' dir='ltr'><strong>nata,</strong></span> 
     </span>
    </p>
   </div>
   <div class='ocr_carea' id='block_1_85' title="bbox 1951 4024 3056 4100">
    <p class='ocr_par' dir='ltr' id='par_1_85' title="bbox 1951 4024 3056 4100">
     <span class='ocr_line' id='line_1_85' title="bbox 1951 4024 3056 4100; baseline -0.007 -15"><span class='ocrx_word' id='word_1_587' title='bbox 1951 4041 2007 4085; x_wconf 90' lang='lat' dir='ltr'><strong>et</strong></span> <span class='ocrx_word' id='word_1_588' title='bbox 2037 4029 2316 4100; x_wconf 87' lang='lat' dir='ltr'><strong>emphasis</strong></span> <span class='ocrx_word' id='word_1_589' title='bbox 2345 4028 2520 4099; x_wconf 79' lang='lat' dir='ltr'><strong>gratia</strong></span> <span class='ocrx_word' id='word_1_590' title='bbox 2547 4034 2779 4080; x_wconf 87' lang='lat' dir='ltr'><strong>venuste</strong></span> <span class='ocrx_word' id='word_1_591' title='bbox 2803 4024 3056 4095; x_wconf 82' lang='lat' dir='ltr'><strong>adjecta?</strong></span> 
     </span>
    </p>
   </div>
   <div class='ocr_carea' id='block_1_86' title="bbox 2027 4118 3532 4180">
    <p class='ocr_par' dir='ltr' id='par_1_86' title="bbox 2027 4118 3532 4180">
     <span class='ocr_line' id='line_1_86' title="bbox 2027 4118 3532 4180; baseline -0.005 -2"><span class='ocrx_word' id='word_1_592' title='bbox 2027 4125 2118 4180; x_wconf 72' lang='grc'><strong>46.</strong></span> <span class='ocrx_word' id='word_1_593' title='bbox 2143 4122 2296 4178; x_wconf 88' lang='lat' dir='ltr'><strong>Ordo</strong></span> <span class='ocrx_word' id='word_1_594' title='bbox 2327 4130 2513 4175; x_wconf 80' lang='lat' dir='ltr'><strong>autem</strong></span> <span class='ocrx_word' id='word_1_595' title='bbox 2542 4129 2694 4174; x_wconf 86' lang='lat' dir='ltr'><strong>totus</strong></span> <span class='ocrx_word' id='word_1_596' title='bbox 2731 4120 2786 4174; x_wconf 92' lang='lat' dir='ltr'><strong>in</strong></span> <span class='ocrx_word' id='word_1_597' title='bbox 2828 4120 2934 4174; x_wconf 89' lang='lat' dir='ltr'><strong>hac</strong></span> <span class='ocrx_word' id='word_1_598' title='bbox 2973 4119 3206 4174; x_wconf 90' lang='lat' dir='ltr'><strong>historia</strong></span> <span class='ocrx_word' id='word_1_599' title='bbox 3237 4127 3321 4173; x_wconf 87' lang='lat' dir='ltr'><strong>est</strong></span> <span class='ocrx_word' id='word_1_600' title='bbox 3348 4118 3532 4173; x_wconf 58' lang='lat' dir='ltr'><strong>admo.</strong></span> 
     </span>
    </p>
   </div>
   <div class='ocr_carea' id='block_1_87' title="bbox 1953 4211 3535 4284">
    <p class='ocr_par' dir='ltr' id='par_1_87' title="bbox 1953 4211 3535 4284">
     <span class='ocr_line' id='line_1_87' title="bbox 1953 4211 3535 4284; baseline -0.004 -13"><span class='ocrx_word' id='word_1_601' title='bbox 1953 4217 2085 4271; x_wconf 86' lang='lat' dir='ltr'><strong>dum</strong></span> <span class='ocrx_word' id='word_1_602' title='bbox 2119 4214 2411 4278; x_wconf 87' lang='lat' dir='ltr'><strong>naturalis,</strong></span> <span class='ocrx_word' id='word_1_603' title='bbox 2451 4213 2724 4284; x_wconf 88' lang='lat' dir='ltr'><strong>incipiens</strong></span> <span class='ocrx_word' id='word_1_604' title='bbox 2758 4228 2788 4267; x_wconf 89' lang='lat' dir='ltr'><strong>a</strong></span> <span class='ocrx_word' id='word_1_605' title='bbox 2815 4213 3105 4266; x_wconf 90' lang='lat' dir='ltr'><strong>nativitate</strong></span> <span class='ocrx_word' id='word_1_606' title='bbox 3127 4253 3141 4276; x_wconf 97' lang='lat'><strong>,</strong></span> <span class='ocrx_word' id='word_1_607' title='bbox 3172 4211 3535 4282; x_wconf 81' lang='lat' dir='ltr'><strong>progrediens</strong></span> 
     </span>
    </p>
   </div>
   <div class='ocr_carea' id='block_1_88' title="bbox 1953 4301 3533 4370">
    <p class='ocr_par' dir='ltr' id='par_1_88' title="bbox 1953 4301 3533 4370">
     <span class='ocr_line' id='line_1_88' title="bbox 1953 4301 3533 4370; baseline -0.003 -11"><span class='ocrx_word' id='word_1_608' title='bbox 1953 4322 2078 4360; x_wconf 91' lang='lat' dir='ltr'><strong>cum</strong></span> <span class='ocrx_word' id='word_1_609' title='bbox 2114 4306 2298 4370; x_wconf 90' lang='lat' dir='ltr'><strong>annis,</strong></span> <span class='ocrx_word' id='word_1_610' title='bbox 2330 4304 2593 4360; x_wconf 86' lang='lat' dir='ltr'><strong>desinens</strong></span> <span class='ocrx_word' id='word_1_611' title='bbox 2642 4302 2697 4356; x_wconf 92' lang='lat' dir='ltr'><strong>in</strong></span> <span class='ocrx_word' id='word_1_612' title='bbox 2731 4311 2908 4357; x_wconf 83' lang='lat' dir='ltr'><strong>morte</strong></span> <span class='ocrx_word' id='word_1_613' title='bbox 2936 4319 2950 4356; x_wconf 89' lang='lat'><strong>:</strong></span> <span class='ocrx_word' id='word_1_614' title='bbox 2975 4302 3082 4356; x_wconf 91' lang='lat' dir='ltr'><strong>imo</strong></span> <span class='ocrx_word' id='word_1_615' title='bbox 3108 4317 3219 4356; x_wconf 92' lang='lat' dir='ltr'><strong>non</strong></span> <span class='ocrx_word' id='word_1_616' title='bbox 3257 4316 3396 4354; x_wconf 90' lang='lat' dir='ltr'><strong>vana</strong></span> <span class='ocrx_word' id='word_1_617' title='bbox 3423 4301 3533 4355; x_wconf 89' lang='lat' dir='ltr'><strong>erit</strong></span> 
     </span>
    </p>
   </div>
   <div class='ocr_carea' id='block_1_89' title="bbox 1952 4390 3533 4468">
    <p class='ocr_par' dir='ltr' id='par_1_89' title="bbox 1952 4390 3533 4468">
     <span class='ocr_line' id='line_1_89' title="bbox 1952 4390 3533 4468; baseline -0.004 -16"><span class='ocrx_word' id='word_1_618' title='bbox 1952 4396 2297 4468; x_wconf 89' lang='lat' dir='ltr'><strong>suspicio,si</strong></span> <span class='ocrx_word' id='word_1_619' title='bbox 2357 4395 2623 4450; x_wconf 88' lang='lat' dir='ltr'><strong>miracula</strong></span> <span class='ocrx_word' id='word_1_620' title='bbox 2678 4394 2944 4464; x_wconf 90' lang='lat' dir='ltr'><strong>pleraque</strong></span> <span class='ocrx_word' id='word_1_621' title='bbox 2987 4392 3186 4447; x_wconf 90' lang='lat' dir='ltr'><strong>ordine</strong></span> <span class='ocrx_word' id='word_1_622' title='bbox 3235 4390 3533 4461; x_wconf 85' lang='lat' dir='ltr'><strong>temporis,</strong></span> 
     </span>
    </p>
   </div>
   <div class='ocr_carea' id='block_1_90' title="bbox 267 4483 3529 4558">
    <p class='ocr_par' dir='ltr' id='par_1_90' title="bbox 267 4483 3529 4558">
     <span class='ocr_line' id='line_1_90' title="bbox 267 4483 3529 4558; baseline -0.002 -18"><span class='ocrx_word' id='word_1_623' title='bbox 267 4489 375 4542; x_wconf 87' lang='lat' dir='ltr'><strong>lam</strong></span> <span class='ocrx_word' id='word_1_624' title='bbox 403 4487 588 4542; x_wconf 65' lang='lat' dir='ltr'><strong>factae.</strong></span> <span class='ocrx_word' id='word_1_625' title='bbox 625 4485 758 4556; x_wconf 89' lang='lat' dir='ltr'><strong>quid</strong></span> <span class='ocrx_word' id='word_1_626' title='bbox 788 4484 988 4555; x_wconf 85' lang='lat' dir='ltr'><strong>plura?</strong></span> <span class='ocrx_word' id='word_1_627' title='bbox 1023 4484 1216 4540; x_wconf 87' lang='lat' dir='ltr'><strong>eadem</strong></span> <span class='ocrx_word' id='word_1_628' title='bbox 1254 4483 1551 4554; x_wconf 90' lang='lat' dir='ltr'><strong>utrobique</strong></span> <span class='ocrx_word' id='word_1_629' title='bbox 1580 4489 1844 4538; x_wconf 82' lang='lat' dir='ltr'><strong>notantur</strong></span> <span class='ocrx_word' id='word_1_630' title='bbox 1879 4491 1918 4544; x_wconf 89' lang='lat' dir='ltr'>D</span> <span class='ocrx_word' id='word_1_631' title='bbox 1952 4503 2061 4558; x_wconf 90' lang='lat' dir='ltr'><strong>quo</strong></span> <span class='ocrx_word' id='word_1_632' title='bbox 2095 4487 2237 4542; x_wconf 77' lang='lat' dir='ltr'><strong>facta</strong></span> <span class='ocrx_word' id='word_1_633' title='bbox 2282 4491 2432 4546; x_wconf 91' lang='lat' dir='ltr'><strong>sunt,</strong></span> <span class='ocrx_word' id='word_1_634' title='bbox 2465 4491 2735 4555; x_wconf 84' lang='lat' dir='ltr'><strong>putentur</strong></span> <span class='ocrx_word' id='word_1_635' title='bbox 2779 4484 3021 4554; x_wconf 91' lang='lat' dir='ltr'><strong>primum</strong></span> <span class='ocrx_word' id='word_1_636' title='bbox 3049 4483 3329 4552; x_wconf 87' lang='lat' dir='ltr'><strong>descripta</strong></span> <span class='ocrx_word' id='word_1_637' title='bbox 3359 4497 3484 4537; x_wconf 86' lang='lat' dir='ltr'><strong>esse</strong></span> <span class='ocrx_word' id='word_1_638' title='bbox 3513 4500 3529 4549; x_wconf 35' lang='grc' dir='ltr'><strong>,τ</strong></span> 
     </span>
    </p>
   </div>
   <div class='ocr_carea' id='block_1_91' title="bbox 266 4576 1837 4649">
    <p class='ocr_par' dir='ltr' id='par_1_91' title="bbox 266 4576 1837 4649">
     <span class='ocr_line' id='line_1_91' title="bbox 266 4576 1837 4649; baseline -0.003 -15"><span class='ocrx_word' id='word_1_639' title='bbox 266 4581 472 4634; x_wconf 89' lang='lat' dir='ltr'><strong>omnia.</strong></span> <span class='ocrx_word' id='word_1_640' title='bbox 499 4580 617 4634; x_wconf 84' lang='lat' dir='ltr'><strong>Non</strong></span> <span class='ocrx_word' id='word_1_641' title='bbox 641 4585 946 4649; x_wconf 90' lang='lat' dir='ltr'><strong>potuerunt</strong></span> <span class='ocrx_word' id='word_1_642' title='bbox 965 4592 1098 4648; x_wconf 77' lang='lat' dir='ltr'><strong>ergo</strong></span> <span class='ocrx_word' id='word_1_643' title='bbox 1129 4591 1243 4632; x_wconf 91' lang='lat' dir='ltr'><strong>non</strong></span> <span class='ocrx_word' id='word_1_644' title='bbox 1279 4577 1366 4631; x_wconf 88' lang='lat' dir='ltr'><strong>vel</strong></span> <span class='ocrx_word' id='word_1_645' title='bbox 1396 4577 1566 4631; x_wconf 90' lang='lat' dir='ltr'><strong>altera</strong></span> <span class='ocrx_word' id='word_1_646' title='bbox 1601 4592 1669 4631; x_wconf 84' lang='lat' dir='ltr'><strong>ex</strong></span> <span class='ocrx_word' id='word_1_647' title='bbox 1699 4576 1837 4630; x_wconf 88' lang='lat' dir='ltr'><strong>alte—</strong></span> 
     </span>
    </p>
   </div>
   <div class='ocr_carea' id='block_1_92' title="bbox 266 4667 1842 4740">
    <p class='ocr_par' dir='ltr' id='par_1_92' title="bbox 266 4667 1842 4740">
     <span class='ocr_line' id='line_1_92' title="bbox 266 4667 1842 4740; baseline -0.003 -15"><span class='ocrx_word' id='word_1_648' title='bbox 266 4672 365 4735; x_wconf 90' lang='lat' dir='ltr'><strong>ris,</strong></span> <span class='ocrx_word' id='word_1_649' title='bbox 396 4671 483 4725; x_wconf 85' lang='lat' dir='ltr'><strong>vel</strong></span> <span class='ocrx_word' id='word_1_650' title='bbox 513 4679 748 4740; x_wconf 88' lang='lat' dir='ltr'><strong>utraque</strong></span> <span class='ocrx_word' id='word_1_651' title='bbox 774 4681 843 4723; x_wconf 76' lang='lat' dir='ltr'><strong>ex</strong></span> <span class='ocrx_word' id='word_1_652' title='bbox 883 4668 1081 4723; x_wconf 86' lang='lat' dir='ltr'><strong>iisdem</strong></span> <span class='ocrx_word' id='word_1_653' title='bbox 1136 4667 1512 4722; x_wconf 88' lang='lat' dir='ltr'><strong>monumentis</strong></span> <span class='ocrx_word' id='word_1_654' title='bbox 1567 4667 1842 4738; x_wconf 86' lang='lat' dir='ltr'><strong>descripta</strong></span> 
     </span>
    </p>
   </div>
   <div class='ocr_carea' id='block_1_93' title="bbox 265 4759 1848 4830">
    <p class='ocr_par' dir='ltr' id='par_1_93' title="bbox 265 4759 1848 4830">
     <span class='ocr_line' id='line_1_93' title="bbox 265 4759 1848 4830; baseline -0.003 -12"><span class='ocrx_word' id='word_1_655' title='bbox 265 4763 462 4820; x_wconf 88' lang='lat' dir='ltr'><strong>videri.</strong></span> <span class='ocrx_word' id='word_1_656' title='bbox 495 4762 615 4830; x_wconf 84' lang='lat' dir='ltr'><strong>Qua</strong></span> <span class='ocrx_word' id='word_1_657' title='bbox 659 4761 1079 4818; x_wconf 75' lang='lat' dir='ltr'><strong>confirmaberis</strong></span> <span class='ocrx_word' id='word_1_658' title='bbox 1106 4759 1162 4814; x_wconf 91' lang='lat' dir='ltr'><strong>in</strong></span> <span class='ocrx_word' id='word_1_659' title='bbox 1213 4761 1510 4824; x_wconf 87' lang='lat' dir='ltr'><strong>sententia,</strong></span> <span class='ocrx_word' id='word_1_660' title='bbox 1565 4761 1610 4814; x_wconf 92' lang='lat' dir='ltr'><strong>si</strong></span> <span class='ocrx_word' id='word_1_661' title='bbox 1662 4761 1848 4815; x_wconf 85' lang='lat' dir='ltr'><strong>conci-</strong></span> 
     </span>
    </p>
   </div>
   <div class='ocr_carea' id='block_1_94' title="bbox 266 4851 1848 4926">
    <p class='ocr_par' dir='ltr' id='par_1_94' title="bbox 266 4851 1848 4926">
     <span class='ocr_line' id='line_1_94' title="bbox 266 4851 1848 4926; baseline -0.001 -17"><span class='ocrx_word' id='word_1_662' title='bbox 266 4855 406 4926; x_wconf 82' lang='lat' dir='ltr'><strong>pias,</strong></span> <span class='ocrx_word' id='word_1_663' title='bbox 455 4854 625 4910; x_wconf 84' lang='lat' dir='ltr'><strong>vitam</strong></span> <span class='ocrx_word' id='word_1_664' title='bbox 685 4853 835 4909; x_wconf 88' lang='lat' dir='ltr'><strong>illam</strong></span> <span class='ocrx_word' id='word_1_665' title='bbox 889 4868 993 4924; x_wconf 90' lang='lat' dir='ltr'><strong>per</strong></span> <span class='ocrx_word' id='word_1_666' title='bbox 1026 4851 1288 4923; x_wconf 87' lang='lat' dir='ltr'><strong>capitula,</strong></span> <span class='ocrx_word' id='word_1_667' title='bbox 1345 4851 1594 4907; x_wconf 88' lang='lat' dir='ltr'><strong>numeris</strong></span> <span class='ocrx_word' id='word_1_668' title='bbox 1641 4851 1848 4907; x_wconf 87' lang='lat' dir='ltr'><strong>nostris</strong></span> 
     </span>
    </p>
   </div>
   <div class='ocr_carea' id='block_1_95' title="bbox 265 4943 1848 5019">
    <p class='ocr_par' dir='ltr' id='par_1_95' title="bbox 265 4943 1848 5019">
     <span class='ocr_line' id='line_1_95' title="bbox 265 4943 1848 5019; baseline -0.003 -17"><span class='ocrx_word' id='word_1_669' title='bbox 265 4947 382 5004; x_wconf 80' lang='lat' dir='ltr'><strong>fere</strong></span> <span class='ocrx_word' id='word_1_670' title='bbox 406 4948 577 5019; x_wconf 87' lang='lat' dir='ltr'><strong>paria,</strong></span> <span class='ocrx_word' id='word_1_671' title='bbox 606 4945 922 5002; x_wconf 86' lang='lat' dir='ltr'><strong>distinctam</strong></span> <span class='ocrx_word' id='word_1_672' title='bbox 957 4944 1157 5010; x_wconf 85' lang='lat' dir='ltr'><strong>luisse;</strong></span> <span class='ocrx_word' id='word_1_673' title='bbox 1205 4945 1286 5000; x_wconf 89' lang='lat' dir='ltr'><strong>sic</strong></span> <span class='ocrx_word' id='word_1_674' title='bbox 1313 4945 1462 5000; x_wconf 87' lang='lat' dir='ltr'><strong>enim</strong></span> <span class='ocrx_word' id='word_1_675' title='bbox 1500 4943 1647 5000; x_wconf 88' lang='lat' dir='ltr'><strong>istud</strong></span> <span class='ocrx_word' id='word_1_676' title='bbox 1673 4944 1848 4999; x_wconf 63' lang='lat' dir='ltr'><strong>inira-</strong></span> 
     </span>
    </p>
   </div>
   <div class='ocr_carea' id='block_1_96' title="bbox 264 5034 1843 5110">
    <p class='ocr_par' dir='ltr' id='par_1_96' title="bbox 264 5034 1843 5110">
     <span class='ocr_line' id='line_1_96' title="bbox 264 5034 1843 5110; baseline -0.004 -16"><span class='ocrx_word' id='word_1_677' title='bbox 264 5038 455 5094; x_wconf 85' lang='lat' dir='ltr'><strong>culum</strong></span> <span class='ocrx_word' id='word_1_678' title='bbox 484 5037 890 5110; x_wconf 89' lang='lat' dir='ltr'><strong>propemodum</strong></span> <span class='ocrx_word' id='word_1_679' title='bbox 943 5035 1064 5104; x_wconf 86' lang='lat' dir='ltr'><strong>pari</strong></span> <span class='ocrx_word' id='word_1_680' title='bbox 1120 5034 1412 5091; x_wconf 86' lang='lat' dir='ltr'><strong>intervallo</strong></span> <span class='ocrx_word' id='word_1_681' title='bbox 1463 5035 1759 5106; x_wconf 88' lang='lat' dir='ltr'><strong>utrobique</strong></span> <span class='ocrx_word' id='word_1_682' title='bbox 1814 5050 1843 5088; x_wconf 83' lang='lat' dir='ltr'><strong>a</strong></span> 
     </span>
    </p>
   </div>
   <div class='ocr_carea' id='block_1_97' title="bbox 587 5845 1404 5911">
    <p class='ocr_par' dir='ltr' id='par_1_97' title="bbox 587 5845 1404 5911">
     <span class='ocr_line' id='line_1_97' title="bbox 587 5845 1404 5911; baseline 0 -1"><span class='ocrx_word' id='word_1_683' title='bbox 587 5849 861 5910; x_wconf 76' lang='lat' dir='ltr'><strong>PATROL.</strong></span> <span class='ocrx_word' id='word_1_684' title='bbox 889 5850 1004 5910; x_wconf 87' lang='lat' dir='ltr'><strong>Gn.</strong></span> <span class='ocrx_word' id='word_1_685' title='bbox 1054 5845 1404 5911; x_wconf 72' lang='lat' dir='ltr'><strong>LXXXVI.</strong></span> 
     </span>
    </p>
   </div>
   <div class='ocr_carea' id='block_1_98' title="bbox 1952 4571 3530 4646">
    <p class='ocr_par' dir='ltr' id='par_1_98' title="bbox 1952 4571 3530 4646">
     <span class='ocr_line' id='line_1_98' title="bbox 1952 4571 3530 4646; baseline -0.004 -15"><span class='ocrx_word' id='word_1_686' title='bbox 1952 4577 2006 4633; x_wconf 91' lang='lat' dir='ltr'><strong>id</strong></span> <span class='ocrx_word' id='word_1_687' title='bbox 2037 4579 2184 4634; x_wconf 89' lang='lat' dir='ltr'><strong>enim</strong></span> <span class='ocrx_word' id='word_1_688' title='bbox 2215 4575 2355 4631; x_wconf 91' lang='lat' dir='ltr'><strong>ordo</strong></span> <span class='ocrx_word' id='word_1_689' title='bbox 2379 4574 2556 4631; x_wconf 70' lang='lat' dir='ltr'><strong>aetatis</strong></span> <span class='ocrx_word' id='word_1_690' title='bbox 2578 4583 2634 4629; x_wconf 88' lang='lat' dir='ltr'><strong>et</strong></span> <span class='ocrx_word' id='word_1_691' title='bbox 2657 4573 2740 4628; x_wconf 72' lang='lat' dir='ltr'><strong>hae</strong></span> <span class='ocrx_word' id='word_1_692' title='bbox 2763 4574 3071 4646; x_wconf 76' lang='lat' dir='ltr'><strong>particulze,</strong></span> <span class='ocrx_word' id='word_1_693' title='bbox 3100 4583 3305 4644; x_wconf 79' lang='lat' dir='ltr'><strong>postea;</strong></span> <span class='ocrx_word' id='word_1_694' title='bbox 3326 4571 3530 4634; x_wconf 75' lang='lat' dir='ltr'><strong>deinde,</strong></span> 
     </span>
    </p>
   </div>
   <div class='ocr_carea' id='block_1_99' title="bbox 1953 4665 3533 4742">
    <p class='ocr_par' dir='ltr' id='par_1_99' title="bbox 1953 4665 3533 4742">
     <span class='ocr_line' id='line_1_99' title="bbox 1953 4665 3533 4742; baseline -0.004 -17"><span class='ocrx_word' id='word_1_695' title='bbox 1953 4679 2067 4742; x_wconf 88' lang='lat' dir='ltr'><strong>post</strong></span> <span class='ocrx_word' id='word_1_696' title='bbox 2092 4671 2220 4734; x_wconf 76' lang='lat' dir='ltr'><strong>hwc,</strong></span> <span class='ocrx_word' id='word_1_697' title='bbox 2251 4668 2356 4724; x_wconf 89' lang='lat' dir='ltr'><strong>illis</strong></span> <span class='ocrx_word' id='word_1_698' title='bbox 2383 4669 2632 4739; x_wconf 89' lang='lat' dir='ltr'><strong>peractis,</strong></span> <span class='ocrx_word' id='word_1_699' title='bbox 2655 4682 2719 4721; x_wconf 88' lang='lat' dir='ltr'><strong>ac</strong></span> <span class='ocrx_word' id='word_1_700' title='bbox 2740 4667 2971 4731; x_wconf 89' lang='lat' dir='ltr'><strong>similes,</strong></span> <span class='ocrx_word' id='word_1_701' title='bbox 3001 4667 3056 4721; x_wconf 90' lang='lat' dir='ltr'><strong>in</strong></span> <span class='ocrx_word' id='word_1_702' title='bbox 3076 4667 3350 4737; x_wconf 88' lang='lat' dir='ltr'><strong>principio</strong></span> <span class='ocrx_word' id='word_1_703' title='bbox 3371 4665 3533 4720; x_wconf 84' lang='lat' dir='ltr'><strong>mira-</strong></span> 
     </span>
    </p>
   </div>
   <div class='ocr_carea' id='block_1_100' title="bbox 1957 4756 3528 4828">
    <p class='ocr_par' dir='ltr' id='par_1_100' title="bbox 1957 4756 3528 4828">
     <span class='ocr_line' id='line_1_100' title="bbox 1957 4756 3528 4828; baseline -0.004 -12"><span class='ocrx_word' id='word_1_704' title='bbox 1957 4763 2211 4816; x_wconf 91' lang='lat' dir='ltr'><strong>culorum</strong></span> <span class='ocrx_word' id='word_1_705' title='bbox 2269 4757 2570 4813; x_wconf 90' lang='lat' dir='ltr'><strong>identidem</strong></span> <span class='ocrx_word' id='word_1_706' title='bbox 2621 4757 2912 4828; x_wconf 55' lang='lat' dir='ltr'><strong>repetitae,</strong></span> <span class='ocrx_word' id='word_1_707' title='bbox 2961 4757 3222 4811; x_wconf 82' lang='lat' dir='ltr'><strong>videntur</strong></span> <span class='ocrx_word' id='word_1_708' title='bbox 3274 4756 3528 4810; x_wconf 87' lang='lat' dir='ltr'><strong>innucre.</strong></span> 
     </span>
    </p>
   </div>
   <div class='ocr_carea' id='block_1_101' title="bbox 1959 4848 3529 4922">
    <p class='ocr_par' dir='ltr' id='par_1_101' title="bbox 1959 4848 3529 4922">
     <span class='ocr_line' id='line_1_101' title="bbox 1959 4848 3529 4922; baseline -0.003 -16"><span class='ocrx_word' id='word_1_709' title='bbox 1959 4849 2118 4907; x_wconf 78' lang='lat' dir='ltr'><strong>Hunc</strong></span> <span class='ocrx_word' id='word_1_710' title='bbox 2143 4867 2311 4922; x_wconf 89' lang='lat' dir='ltr'><strong>porro</strong></span> <span class='ocrx_word' id='word_1_711' title='bbox 2337 4860 2445 4906; x_wconf 88' lang='lat' dir='ltr'><strong>tam</strong></span> <span class='ocrx_word' id='word_1_712' title='bbox 2477 4850 2762 4921; x_wconf 88' lang='lat' dir='ltr'><strong>copiosum</strong></span> <span class='ocrx_word' id='word_1_713' title='bbox 2790 4849 2997 4906; x_wconf 74' lang='lat' dir='ltr'><strong>fontem</strong></span> <span class='ocrx_word' id='word_1_714' title='bbox 3031 4849 3364 4905; x_wconf 90' lang='lat' dir='ltr'><strong>habentibus</strong></span> <span class='ocrx_word' id='word_1_715' title='bbox 3391 4848 3529 4902; x_wconf 89' lang='lat' dir='ltr'><strong>nihil</strong></span> 
     </span>
    </p>
   </div>
   <div class='ocr_carea' id='block_1_102' title="bbox 1956 4939 3531 5017">
    <p class='ocr_par' dir='ltr' id='par_1_102' title="bbox 1956 4939 3531 5017">
     <span class='ocr_line' id='line_1_102' title="bbox 1956 4939 3531 5017; baseline -0.005 -17"><span class='ocrx_word' id='word_1_716' title='bbox 1956 4961 2100 5017; x_wconf 89' lang='lat' dir='ltr'><strong>opus</strong></span> <span class='ocrx_word' id='word_1_717' title='bbox 2131 4955 2216 5001; x_wconf 88' lang='lat' dir='ltr'><strong>est</strong></span> <span class='ocrx_word' id='word_1_718' title='bbox 2249 4944 2461 4999; x_wconf 89' lang='lat' dir='ltr'><strong>rivulos</strong></span> <span class='ocrx_word' id='word_1_719' title='bbox 2508 4943 2936 5014; x_wconf 76' lang='lat' dir='ltr'><strong>Synaxariorum</strong></span> <span class='ocrx_word' id='word_1_720' title='bbox 2973 4940 3198 5006; x_wconf 89' lang='lat' dir='ltr'><strong>sectari,</strong></span> <span class='ocrx_word' id='word_1_721' title='bbox 3225 4941 3281 4996; x_wconf 92' lang='lat' dir='ltr'><strong>in</strong></span> <span class='ocrx_word' id='word_1_722' title='bbox 3325 4939 3531 5011; x_wconf 79' lang='lat' dir='ltr'><strong>quibus</strong></span> 
     </span>
    </p>
   </div>
   <div class='ocr_carea' id='block_1_103' title="bbox 1955 5033 3370 5107">
    <p class='ocr_par' dir='ltr' id='par_1_103' title="bbox 1955 5033 3370 5107">
     <span class='ocr_line' id='line_1_103' title="bbox 1955 5033 3370 5107; baseline -0.001 -17"><span class='ocrx_word' id='word_1_723' title='bbox 1955 5036 2193 5107; x_wconf 77' lang='lat' dir='ltr'><strong>elogium</strong></span> <span class='ocrx_word' id='word_1_724' title='bbox 2220 5035 2354 5091; x_wconf 87' lang='lat' dir='ltr'><strong>alibi</strong></span> <span class='ocrx_word' id='word_1_725' title='bbox 2383 5034 2630 5099; x_wconf 91' lang='lat' dir='ltr'><strong>brevius,</strong></span> <span class='ocrx_word' id='word_1_726' title='bbox 2661 5034 2792 5088; x_wconf 89' lang='lat' dir='ltr'><strong>alibi</strong></span> <span class='ocrx_word' id='word_1_727' title='bbox 2825 5033 3100 5104; x_wconf 82' lang='lat' dir='ltr'><strong>prolixius</strong></span> <span class='ocrx_word' id='word_1_728' title='bbox 3129 5033 3370 5105; x_wconf 13' lang='lat' dir='ltr'><strong>legitur.»</strong></span> 
     </span>
    </p>
   </div>
   <div class='ocr_carea' id='block_1_104' title="bbox 3023 5850 3102 5912">
    <p class='ocr_par' dir='ltr' id='par_1_104' title="bbox 3023 5850 3102 5912">
     <span class='ocr_line' id='line_1_104' title="bbox 3023 5850 3102 5912; baseline -0.025 0"><span class='ocrx_word' id='word_1_729' title='bbox 3023 5850 3102 5912; x_wconf 58' lang='lat'><strong>95</strong></span> 
     </span>
    </p>
   </div>
  </div>
