4026 6292
1674 366 1679 370 -
1718 335 1779 396 S.
1820 332 2197 397 SYMEONIS
2233 334 2591 401 IUNIORIS

3612 322 3784 401 .2588

529 562 3758 593 Μ

1228 772 1645 865 SANCTI
1736 775 2350 868 SYMEONIS
2445 777 3024 873 JUNIORIS

1941 1018 2333 1146 VITA

828 1276 1295 1338 CONSCRIPTA
1340 1279 1386 1337 A
1434 1278 1892 1352 NICEPHOBO,
1938 1279 2328 1343 MAGISTRO
2372 1282 2827 1358 ANTIOCHIE,
2880 1280 3224 1349 COELUM
3263 1283 3507 1349 DICTO.

1152 1442 1247 1494 Ex.
1275 1439 1365 1492 Ms.
1391 1443 1735 1494 Vallicellanaa
1766 1443 2084 1496 Bibliotheca
2105 1448 2234 1510 apud
2266 1448 2443 1498 Patres
2466 1448 2683 1500 Oratorii
2716 1449 2902 1512 Bome,
2934 1451 3052 1503 Cod.
3075 1451 3135 1504 B.

707 1591 1018 1660 Jnterprete
1047 1590 1303 1647 Conrado
1328 1591 1600 1662 Janningo
1623 1591 1913 1649 Societatis
1941 1592 2091 1649 Jesu.
2118 1593 2281 1651 Edid.
2319 1596 2585 1654 BOLLAND.
2617 1598 2732 1654 Act.
2781 1597 2989 1664 Sanct.,
3028 1607 3070 1656 t.
3110 1598 3154 1657 ν
3176 1598 3331 1670 Maii,
3356 1614 3413 1671 p.
3438 1599 3563 1657 501.

1851 1903 2261 1983 PBOLOG
2274 1904 2432 1983 US.

570 2070 1193 2131 LBenedictusDeusl
1244 2073 1368 2132 'Deo
1407 2077 1614 2149 quippe
1656 2077 1923 2137 benedici
1987 2097 2091 2152 par

2265 2090 2334 2140 α’.
2362 2084 2669 2156 Εὐλογητὸς
2693 2084 2723 2139 ὁ
2752 2084 2885 2150 Θεός
2917 2084 2931 2140 ι
2967 2084 3134 2140 αὐτὸν
3166 2082 3277 2156 γὰρ
3304 2081 3550 2152 εὐλογεῖν
3576 2080 3729 2147 ἄξιον
3754 2119 3774 2144 ,

486 2169 622 2226 ~est,
648 2177 680 2219 a
731 2164 894 2220 nobis
934 2166 1237 2237 praecipue,
1297 2166 1390 2238 qui
1427 2169 1493 2224 ad
1547 2172 1876 2226 memoriam
1915 2171 2092 2228 divini

509 2252 800 2325 Symeonis
835 2255 1141 2313 faciendam
1185 2259 1548 2332 accingimur,
1603 2272 1885 2335 gestorum
1943 2265 2094 2323 illius

510 2344 1043 2401 conscribendorum
1102 2349 1388 2419 provincia
1442 2364 1735 2425 suscepta:
1780 2354 2093 2427 Symeonis,

488 2433 759 2506 inquam,
789 2436 963 2502 illius,
996 2439 1091 2509 qui
1123 2440 1178 2495 in
1212 2440 1395 2497 Monte
1423 2443 1983 2517 Mirabiliangelicam
2006 2448 2101 2511 in-p

510 2529 795 2586 stituendo
824 2529 993 2585 vitam
1041 2530 1248 2598 effecit,
1282 2532 1338 2587 id
1385 2536 1735 2605 cognominis
1783 2539 1962 2593 monti
1998 2539 2097 2594 ad-

511 2618 737 2676 haesisse
767 2663 782 2686 ,
814 2629 871 2676 et
892 2620 1140 2676 vicissim
1172 2622 1289 2693 ipse
1317 2637 1383 2677 ex
1406 2638 1475 2679 eo
1522 2625 1705 2691 traxit,
1760 2642 1856 2682 seu
1909 2627 2097 2697 potius

492 2710 591 2765 illi
624 2725 916 2767 nomenex
952 2727 1011 2767 se
1041 2712 1214 2767 dedit.
1256 2711 1384 2783 ipse
1449 2730 1690 2786 namque
1740 2717 2094 2774 manifestum

510 2802 609 2858 Dei
637 2803 843 2859 donum
870 2803 1081 2858 mundo
1137 2802 1300 2859 datus
1342 2812 1448 2871 est,
1504 2821 1535 2860 a
1600 2805 1712 2861 Deo
1767 2806 2090 2878 priusquam

510 2894 853 2951 formaretur
881 2896 1111 2962 electus,
1158 2904 1288 2951 ante
1336 2899 1753 2969 conceptionem
1803 2901 2097 2957 annuntia-

510 2994 625 3050 tus,
650 2997 782 3042 ante
832 2989 1179 3043 nativitatem
1208 2988 1621 3045 sanetilicatus:
1677 3000 1740 3045 ut
1782 3007 1884 3046 nos
1911 2992 2093 3062 ipsum

513 3093 624 3134 non
656 3077 823 3133 modo
866 3079 1314 3145 intercessorem,
1337 3079 1699 3136 mediatorem
1747 3090 1911 3152 atque
1949 3082 2098 3138 arbi-

516 3179 662 3224 trum
699 3170 794 3240 qui
818 3169 1154 3240 corporibus
1189 3171 1397 3226 nostris
1431 3172 1645 3242 pariter
1694 3187 1759 3227 ac
1805 3174 2095 3229 animabus

513 3259 725 3315 mederi
754 3268 964 3331 posset,
1014 3259 1381 3328 haberemus;
1430 3276 1628 3317 verum
1674 3263 1843 3318 etiam
1876 3279 2096 3335 expres-

514 3364 633 3405 sam
660 3349 787 3404 vitae
827 3349 1086 3410 solitaria:
1131 3348 1309 3404 ideam
1354 3358 1414 3405 et
1441 3350 1697 3420 practice:
1733 3350 2094 3423 philosophiae

2196 2177 2291 2231 καὶ
2311 2178 2391 2242 είς
2417 2179 2637 2249 μνήμην
2666 2178 2896 2243 ἑαυτοὺς
2920 2176 3015 2231 τοῦ
3040 2178 3188 2232 θείου
3209 2176 3438 2247 Συμεὼν
3460 2172 3776 2236 καθιέντας.

2196 2268 2294 2322 καὶ
2335 2270 2407 2323 τὰ
2458 2271 2581 2323 κατ’
2608 2269 2770 2323 αὐτὸν
2804 2268 2911 2340 ἤδη
2957 2264 3773 2341 συγγράφειννπροῃρημένουςο

2192 2355 2424 2423 Συμεὼν
2471 2360 2685 2414 ἐκείνου
2735 2359 2832 2414 τοῦ
2867 2357 3011 2413 κατὰ
3040 2359 3102 2411 τὸ
3123 2357 3452 2426 Θαυμαστὸν
3484 2357 3651 2428 Ὄρος
3680 2356 3776 2422 ἁγ-

2196 2451 2420 2522 γελικὴν
2477 2453 2753 2524 διαγωγὴν
2795 2452 3172 2524 μετελθόντος,
3210 2448 3470 2520 τοιαύτης
3499 2465 3560 2502 τε
3608 2448 3773 2501 τοῦτο

2194 2546 2377 2613 τυχεῖν
2416 2545 2738 2616 ἐπωνυμίας
2790 2542 3184 2614 πεποιηκότος,
3223 2542 3258 2613 ἢ
3293 2540 3632 2610 καταλληλου
3676 2541 3776 2593 καὶ

2197 2636 2334 2703 αὐτῇ
2400 2635 2604 2704 μᾶλλον
2636 2638 2696 2702 ἐξ
2715 2633 2907 2689 ἐαυτοῦ
2927 2633 3270 2704 μεταδόντος.
3319 2633 3474 2686 Ἐπεὶ
3503 2632 3599 2686 καὶ
3634 2629 3772 2685 θεοῦ

2195 2726 2367 2797 δῶρον
2387 2725 2699 2797 ἀνθρώποις
2750 2723 2903 2789 οὗτος
2933 2724 3125 2795 σαφὲς,
3158 2723 3254 2778 τοῦ
3289 2724 3387 2777 καὶ
3410 2722 3517 2795 πρὸ
3541 2721 3773 2777 διαπλά-

2198 2835 2333 2883 σεως
2362 2818 2526 2873 αὐτὸν
2555 2818 2916 2889 ἐκλεξαμένου
2947 2817 3044 2872 καὶ
3095 2816 3205 2889 πρδ
3232 2814 3551 2886 συλλήψεως
3598 2818 3776 2883 ἐπαγ-

2196 2911 2547 2981 γειλάμενου,
2586 2912 2682 2965 καὶ
2723 2912 2832 2982 πρὸ
2865 2912 3175 2982 γεννήσεως
3213 2910 3542 2980 ἁγιάσαντος
3572 2924 3587 2939 ·
3618 2909 3685 2962 ἶν’
3708 2908 3773 2962 ού

2197 3003 2539 3073 πρεσϐευτὴν
2562 3002 2726 3056 αὑτὸν
2755 3001 2917 3072 μόνον
2942 3002 3038 3055 καὶ
3064 3001 3294 3072 μεσίτην
3326 3000 3419 3053 καὶ
3444 2996 3778 3064 διαλλακτὴν

2198 3094 2425 3164 σώματά
2451 3111 2510 3146 τε
2537 3095 2631 3148 καὶ
2655 3094 2832 3165 ψυχὰς
2867 3094 3048 3147 ἰᾶσθαι
3075 3091 3372 3162 δυνάμενον
3394 3090 3619 3162 ιχοιμεν
3638 3128 3657 3152 ,
3680 3088 3775 3142 ἀ).-

2196 3181 2263 3235 λὰ
2290 3183 2385 3235 καὶ
2410 3182 2525 3250 βίου
2557 3183 2729 3237 τύπον
2762 3182 3056 3253 ιρημικοῦ,
3096 3181 3193 3235 καὶ
3249 3182 3572 3252 φιλοσοφίας
3633 3197 3776 3250 πρα-

2197 3272 2391 3340 κτικῆς
2425 3273 2749 3343 ὑπόδειγμα.
2798 3273 2867 3328 Εῐ
2890 3289 2973 3336 τις
3008 3274 3117 3344 ἄρα
3146 3270 3320 3343 βραχύ
3346 3288 3403 3327 τι
3431 3271 3539 3323 τῶν
3567 3271 3775 3324 ἐκείνου

2197 3363 2673 3434 κατορθωθέντων,
2724 3365 2821 3418 καὶ
2886 3366 3010 3417 ὅσον
3060 3362 3283 3433 ἐφικτὸν
3330 3361 3648 3433 ἀνθρωπίνῃ
3680 3361 3774 3415 καὶ

515 3442 834 3513 exemplar;
867 3442 913 3496 si
941 3442 1068 3511 quis
1098 3441 1241 3497 forte
1265 3456 1441 3514 pauca
1493 3442 1743 3512 quaedam
1769 3443 1918 3499 illius
1944 3453 2095 3499 recte

2204 3455 2398 3524 ρευστῇ
2463 3452 2624 3522 φύσει
2650 3492 2665 3515 .
2695 3452 2939 3523 ζηλῶσαι
2992 3454 3278 3525 δυνήσεται
3318 3451 3522 3505 αὐτόν.
3556 3449 3777 3505 πλείονι

516 3536 679 3601 facta,
704 3542 970 3604 quantum
992 3533 1232 3590 humana
1276 3533 1597 3606 fragilisque
1634 3542 1832 3590 natura
1861 3535 2093 3606 patitur,

515 3625 765 3680 aemulari
799 3633 1022 3695 posset:
1081 3639 1211 3679 nam
1247 3625 1512 3695 pleraque
1535 3635 1630 3681 aut
1658 3626 1843 3680 omnia
1884 3624 2098 3680 imitari

516 3728 630 3773 non
658 3725 865 3772 nostra:
882 3715 1294 3782 facultatisest;
1329 3716 1425 3772 sed
1455 3725 1666 3775 naturae
1691 3712 2097 3780 immaterialis,

520 3807 963 3878 incorruptibilis
1010 3821 1074 3862 ac
1097 3806 1316 3861 divinae.
2061 3787 2069 3803 '

590 3900 647 3956 εὶ.
684 3901 958 3956 Praeterea
989 3898 1130 3953 nihil
1164 3907 1272 3952 tam
1306 3907 1495 3952 natum
1528 3904 1612 3953 est
1644 3898 1947 3969 proborum
1981 3898 2102 3954 ani-

521 4010 643 4050 mas
663 4008 846 4049 amore
878 3993 1014 4048 recti
1042 3992 1405 4056 inﬂammare,
1434 3999 1491 4047 et
1546 4007 1848 4062 provocare
1884 3992 1951 4046 ad
1979 3991 2103 4046 imi-

526 4087 792 4142 tationem
818 4084 1104 4139 hominum
1129 4082 1336 4137 virtute
1363 4082 1748 4153 prmdltorum,
1791 4062 1954 4152 quam
1989 4081 2101 4134 vita

526 4177 759 4247 hujusce
797 4176 925 4240 viri,
955 4182 1107 4229 tanto
1157 4173 1358 4228 divinae
1392 4174 1581 4244 gratia:
1632 4172 1878 4234 cumulo,
1907 4187 1970 4226 ac
2009 4173 2100 4226 tali

524 4268 780 4324 eucho
811 4266 1181 4322 familiaritate
1203 4266 1575 4334 libertateque
1633 4264 1832 4335 agendi
1868 4263 2099 4335 dignati,

524 4370 588 4416 ut
620 4360 903 4431 signorum
955 4357 1330 4428 magnitudine
1368 4366 1425 4411 et
1484 4356 1811 4411 excellentia
1867 4370 2100 4425 operum

522 4454 922 4522 obstupescant
974 4448 1231 4503 homines
1279 4458 1334 4503 ct
1384 4448 1758 4515 emolliantur,
1809 4456 1976 4517 atque
2034 4448 2101 4502 ad

529 4543 896 4612 operandnm,
925 4543 969 4597 si
997 4555 1104 4595 non
1130 4541 1357 4595 omnino
1382 4540 1532 4611 paria
1570 4541 1703 4610 (quo
1751 4541 1900 4595 enim
1941 4549 2102 4609 pacto

522 4636 758 4706 “gradum
804 4633 1031 4687 virtutis
1081 4634 1203 4704 ejus
1269 4631 1540 4702 quispiam
1598 4630 1915 4701 attingati),
1951 4638 2103 4685 certe

528 4725 823 4798 quamdam
848 4738 973 4778 eum
1007 4724 1097 4779 illa
1125 4721 1542 4795 congruentiam
1565 4722 1847 4784 habentia,
1885 4720 2103 4776 inﬂam-

2199 3544 2307 3613 γὰρ
2342 3544 2374 3616 ἢ
2408 3546 2500 3599 καὶ
2529 3546 2706 3599 πάντα
2736 3546 2922 3616 σχεδὸν
2968 3545 3136 3600 ἁΰλου
3182 3544 3382 3615 μᾶλλον
3437 3545 3533 3602 καὶ
3576 3544 3779 3600 ἀνωλέ-

2201 3635 2330 3707 θρου
2364 3637 2456 3691 καὶ
2496 3636 2663 3700 θείας,

2280 3905 2345 3974 β’.
2378 3904 2587 3969 ’Ἄλλως
2633 3923 2691 3959 τε
2731 3905 2790 3960 δὲ
2841 3905 2936 3959 καὶ
2972 3902 3108 3973 πρὸς
3145 3903 3238 3957 τὸν
3268 3900 3361 3957 τοῦ
3398 3900 3565 3957 καλοῦ
3596 3898 3774 3970 ζῆλον,

2201 3999 2351 4052 οὐδὲν
2395 3997 2567 4062 οὕτως
2600 3993 2709 4050 οἶδε
2739 3994 3093 4063 διανιστάναι,
3124 3995 3219 4048 καὶ
3250 3994 3349 4057 τὰς
3408 3993 3619 4061 ἀγαθὰς
3672 3993 3779 4062 ψυ-

2202 4088 2303 4159 χὰς
2330 4089 2467 4160 πρδς
2515 4089 2748 4159 μίμησιν
2773 4087 2909 4150 τέως
2937 4085 3047 4141 τῶν
3084 4086 3228 4140 κατὰ
3257 4085 3485 4156 δύναμιν
3527 4085 3779 4139 ἐκκαλεῖ-

2206 4181 2350 4242 σθαι,
2377 4180 2452 4243 ὡς
2490 4179 2680 4247 ἀνδρὸς
2724 4177 2966 4231 τοιούτου
3025 4177 3161 4247 βίος,
3195 4178 3291 4231 καὶ
3347 4175 3623 4246 τοσαύτης
3677 4176 3777 4246 μὶν

2206 4273 2495 4343 ἐπιδημίας
2558 4270 2691 4323 Θεοῦ
2750 4271 2843 4323 καὶ
2866 4269 3119 4341 χάριτος,
3150 4269 3489 4341 τηλικαύτης
3535 4269 3595 4322 δέ
3642 4268 3779 4338 πρὸς

2205 4365 2367 4419 αὐτὸν
2392 4364 2720 4427 οἰκειώσεως
2750 4362 2843 4416 καὶ
2867 4360 3183 4436 παρρησίας
3208 4357 3536 4431 ἠξιωμένου,
3566 4361 3659 4414 ῐνα
3703 4360 3779 4428 τῷ

2207 4454 2341 4526 πρδς
2377 4453 2622 4524 σημείων
2657 4450 2899 4523 μεγέθει,
2931 4454 3027 4505 καὶ
3059 4454 3126 4522 τῇ
3163 4451 3271 4505 τῶν
3292 4450 3469 4522 ἔργων
3501 4451 3777 4522 ὑπερϐολῇ

2206 4543 2715 4615 καταπληττόμεναί
2752 4560 2811 4595 τε
2845 4543 2939 4595 καὶ
2971 4542 3378 4613 μαλαττόμεναι
3403 4580 3419 4606 ,
3454 4542 3594 4612 πρὸς
3617 4544 3780 4612 ἐργα-

2209 4634 2352 4701 σίαν,
2382 4636 2430 4687 εί
2487 4633 2582 4687 καὶ
2641 4632 2716 4703 μὴ
2768 4631 2948 4703 πάντη
3010 4629 3269 4685 τοιούτων
3304 4630 3431 4701 (ποῦ
3462 4633 3577 4701 γὰρ
3600 4631 3667 4687 ἄν
3701 4648 3782 4694 τις

2208 4728 2319 4784 τῶν
2360 4730 2571 4783 ἐκείνου
2629 4729 2726 4798 τῆς
2782 4726 2982 4796 ἀρετῆς
3032 4725 3276 4795 ἐφίκοιτο
3326 4722 3621 4797 μέτρων;)
3653 4726 3785 4780 ἀλλὰ

527 4789 756 4872 rixentur
778 4857 793 4881 ,
826 4822 1114 4884 postquam
1151 4821 1261 4866 tam
1283 4810 1653 4880 exemplarem
1711 4810 1901 4872 vitam,
1945 4809 2099 4879 quasi

2208 4821 2318 4875 τῶν
2345 4839 2408 4890 γε
2439 4789 2836 4891 παραπλησίως
2859 4789 3088 4887 ἑχύντων
3120 4789 3639 4887 διαθερμαίνωνται,
3669 4814 3783 4870 εἶτα

396 4950 417 4964 .
528 4913 841 4962 accuratam
870 4903 1214 4974 magistram,
1239 4902 1386 4956 nacti
1414 4909 1578 4956 sunt:
1611 4915 1733 4971 qua:
1765 4901 2102 4971 quibusdam

530 4998 757 5069 quidem
809 4995 1198 5051 abstinendum
1262 4993 1529 5063 suggerit,
1560 5000 1754 5046 contra
1807 5004 1941 5047 vero
1978 4993 2102 5060 qui-

530 5089 769 5151 busdam
792 5086 944 5142 omni
964 5085 1087 5140 nisu
1136 5081 1567 5138 incumhcndum
1626 5080 1869 5144 mandat,
1894 5090 1949 5136 et
1982 5091 2103 5135 tan—

530 5194 697 5250 quam
725 5193 888 5233 manu
927 5185 1074 5230 recta
1106 5173 1259 5228 ducit
1282 5172 1349 5227 ad
1376 5170 1843 5242 perfectissimum
1874 5172 2108 5227 divinis-

534 5273 848 5340 simumque
867 5267 1090 5322 virtutis
1114 5265 1324 5334 apicem
1358 5281 1373 5328 ;
1395 5278 1506 5333 quo
1529 5263 1622 5316 ubi
1655 5272 1981 5333 perventum
2003 5273 2107 5331 est,

535 5361 799 5427 ostendit,
832 5366 971 5430 quot
1023 5356 1302 5411 hominem
1338 5354 1515 5420 illum,
1549 5354 1642 5424 qui
1682 5355 1933 5410 semitam
1968 5355 2110 5410 hanc

535 5452 677 5524 pede
704 5449 975 5506 inoll'enso
1001 5445 1236 5511 triverit,
1265 5443 1408 5515 apud
1450 5459 1801 5499 communem
1851 5444 2108 5500 omnibus

537 5544 890 5617 praemiorum
940 5540 1358 5596 distributorcm
1408 5539 1581 5594 Deum
1612 5546 1873 5593 maneant
1925 5554 2109 5594 remu-

538 5637 874 5703 nerationes,
912 5643 1116 5705 quanta
1151 5632 1402 5688 laborum
1454 5645 1671 5686 merces
1713 5638 2017 5699 exspectet.
2044 5630 2112 5686 At

544 5726 760 5797 qualem
783 5730 839 5782 in
869 5724 1125 5796 praesenti
1140 5722 1368 5778 materia
1390 5722 1679 5777 adhibeam
1696 5724 1921 5778 vocem?
1946 5737 2110 5793 quam

2211 4909 2305 4963 καὶ
2338 4907 2656 4962 διδάσκαλον
2681 4904 2885 4977 ἀκριΰῆ
2928 4905 3021 4958 τὸν
3045 4905 3286 4958 τοιοῦτον
3319 4905 3483 4976 ἔχωσι
3544 4906 3683 4975 βίον,
3709 4907 3786 4960 ti-

2212 5019 2316 5054 νων
2350 4996 2450 5066 μὲν
2486 4997 2788 5070 ἀπέχεσθαι
2822 4997 2938 5050 δέον
2983 4995 3304 5050 ὑποτιθέντα
3326 5036 3341 5060 ,
3378 4998 3517 5068 πρὸς
3547 5000 3675 5051 ποῖα
3731 4997 3784 5050 δὲ

2214 5093 2375 5146 πάλιν
2419 5088 2614 5145 ἑαυτὰς
2703 5089 2829 5152 ὅλας
2885 5086 3185 5141 ἐπιδιδόναι
3240 5085 3783 5156 παρεγγυῶντα,καὶ

2214 5184 2401 5254 ὥσπερ
2432 5184 2516 5234 ἐπ’
2549 5180 2687 5234 αὐτὰ
2707 5177 3153 5250 χειραγωγοῦντα
3188 5178 3377 5245 σαφῶς
3403 5176 3467 5229 τὸ
3506 5177 3607 5247 τῆς
3658 5174 3783 5247 ἀρε.

2214 5276 2312 5344 τῆς
2344 5273 2641 5343 ἀκρότατον
2669 5272 2761 5324 καὶ
2788 5268 3085 5334 θειότατον,
3110 5268 3228 5320 ἐκεῖ
3253 5267 3308 5321 δέ
3337 5269 3640 5338 γενομένας
3662 5269 3786 5322 ὐπο-

2213 5359 2517 5424 δεικνύντα,
2549 5358 2688 5410 ὅσων
2740 5357 2769 5409 ὁ
2816 5355 3022 5426 ταύτην
3054 5355 3422 5426 ἀπροσκόπως
3452 5358 3553 5427 τὴν
3607 5356 3785 5427 τρίϐον

2217 5445 2403 5517 ἐλθὼν,
2435 5448 2587 5521 παρὰ
2620 5447 2698 5517 τῷ
2733 5445 2898 5516 κοινῷ
2932 5446 3141 5500 τούτων
3169 5446 3484 5518 ἁγωνοθέτῃ
3514 5447 3637 5520 Θεῷ
3660 5465 3784 5515 τυγ-

2217 5543 2365 5614 χάνει
2393 5541 2504 5596 τῶν
2534 5539 2803 5611 ὰμοιῦὦν,
2837 5537 3033 5607 ἡλίκας
3083 5539 3194 5593 τῶν
3229 5540 3408 5593 πόνων
3451 5539 3551 5603 τὰς
3582 5540 3788 5595 ἀντιδόο

2220 5649 2333 5695 ost;
2377 5630 2683 5702 κομίζεται.
2729 5626 2889 5681 ’Λλλὰ
2948 5627 3073 5683 τίνα
3122 5628 3383 5699 λάϐοιμεν
3430 5628 3500 5682 ἂν
3552 5631 3648 5684 ἐπὶ
3683 5634 3788 5693 τοῖς

2222 5722 2456 5794 παροῦσι
2510 5721 2694 5791 φωνήν
2724 5738 2740 5789 ;
2776 5721 2929 5774 ποῖον
2984 5719 3040 5772 δὲ
3077 5719 3174 5774 καὶ
3213 5718 3372 5789 λόγον
3402 5718 3659 5793 εὕρωμεν
3682 5724 3788 5781 τοῖς
