3980 6296
238 336 256 345 ”
314 325 460 391 2989

1236 404 1246 409 ᾔ
1278 290 1452 407 ΠΤᾹ
1487 319 1536 378 Α
1573 314 2008 379 NICEPHORO
2029 314 2565 402 .CONSCRIPTAL

3428 307 3570 369 2!,90

319 433 637 510 πράγμασιν
666 435 1054 507 ἑξισούμενοη
1090 431 1253 487 ὁπότε
1287 433 1382 487 καὶ
1419 429 1554 502 μόνα
1599 430 1702 498 τῆς
1727 425 1891 481 αὐτοῦ

2006 427 2273 483 inveniam
2319 424 2626 481 orationem
2675 435 2860 476 rerum
2906 418 3273 491 magnitudini
3335 423 3574 488 parem?

319 530 626 602 γεννήσεως
654 530 722 582 τὰ
749 525 1045 599 παράδοξα,
1075 526 1173 579 ὅσα
1202 542 1262 579 τε
1301 524 1395 593 τῆς
1426 524 1489 577 ἐγ
1522 521 1715 585 παιδὸς
1768 521 1896 593 ἀρε-

319 620 418 691 τῆς
437 620 533 690 τῆς
558 635 616 673 τε
643 620 774 691 παρ’
800 618 1017 686 ἠλικίαν
1050 616 1419 688 ὲνασκήσεως,
1454 614 1549 668 καὶ
1582 612 1691 666 τῶν
1739 609 1896 681 παρά

320 712 380 767 τὸ
399 712 543 774 εἰκὸς
574 713 672 781 τῆς
705 711 919 780 φύσεως
950 708 1199 779 ἀγώνων,
1233 710 1282 760 εί
1314 708 1409 762 καὶ
1465 707 1539 777 μὴ
1579 704 1720 761 κατά
1761 721 1896 757 ταυ-

319 805 413 858 τὸν
450 804 650 869 πάντα,
682 803 818 859 ἀλλά
854 818 995 866 τινα,
1025 801 1226 871 μᾶλλον
1261 800 1318 854 δὲ
1370 800 1465 853 καὶ
1510 799 1558 851 εί
1587 796 1710 853 καθ’
1734 794 1898 848 ἑαυτὸ

321 881 525 949 τοῦτων
544 886 777 949 ἰκαστον
799 895 980 947 πᾶσαν
1000 891 1110 948 οἶδε
1135 893 1298 962 λόγου
1330 889 1562 945 κατόπιν
1590 886 1788 943 ἑαυτοῦ
1816 901 1897 938 τι-

323 987 472 1041 θέναι
497 988 691 1057 τέχνην
721 988 812 1040 καὶ
842 985 1092 1058 δύναμιν.

390 1166 459 1226 γ’.
481 1161 546 1213 Τί
574 1160 619 1212 δ’
638 1160 706 1213 ἂν
729 1163 779 1218 εὶ
813 1162 907 1214 καὶ
932 1161 993 1215 τὸ
1021 1160 1129 1214 τῶν
1159 1161 1403 1231 σημείων
1428 1161 1524 1215 καὶ
1552 1161 1661 1214 τῶν
1688 1160 1900 1230 θαυμά-

315 1266 426 1303 των
454 1250 659 1320 πλῆθος
682 1252 775 1305 καὶ
799 1253 1050 1320 μέγεθος,
1078 1254 1176 1317 τὰς
1210 1270 1268 1308 τε
1295 1253 1448 1318 θείας
1478 1253 1692 1317 ὲκείνας
1719 1252 1894 1323 ὄψεις,

318 1337 374 1391 αἳ
401 1339 464 1410 δὴ
490 1339 683 1393 πολλαὶ
710 1339 972 1404 πολλάκις
994 1342 1143 1412 αὐτῷ
1177 1344 1457 1414 μυστικῶς
1496 1360 1554 1396 τε
1600 1345 1694 1396 καὶ
1722 1344 1898 1415 ἁπορο

318 1432 497 1500 pacm;
530 1431 813 1501 ὤφθησαν,
846 1432 1160 1497 ἐπεξελθεῖν
1206 1433 1603 1505 βουληθείημεν
1632 1453 1646 1500 ;
1676 1435 1807 1508 ποίᾳ
1841 1436 1898 1488 δὲ

318 1523 411 1575 καὶ
437 1522 597 1589 λόγου
613 1523 775 1592 φύσει
790 1524 925 1595 πρὸς
940 1514 1236 1596 ἑρμηνείαν
1250 1525 1357 1581 τῶν
1374 1523 1514 1596 ὑπὲρ
1525 1525 1680 1593 λόγον
1698 1543 1801 1596 χρη
1810 1525 1898 1577 σό-

322 1613 461 1682 μεθα
492 1630 506 1679 ;
535 1615 657 1667 ἐπεὶ
691 1616 785 1668 καὶ
827 1617 940 1668 πᾶν
967 1615 997 1668 ὃ
1038 1616 1112 1686 μὴ
1143 1617 1287 1687 λόγῳ
1312 1620 1583 1689 χωρητδν,
1619 1617 1740 1669 οὐδὲ
1799 1616 1896 1670 λα-

317 1701 500 1776 λητόν.
532 1704 661 1768 Πῶς
689 1703 799 1776 γὰρ
824 1704 853 1758 ὃ
891 1704 965 1775 μὴ
1015 1706 1278 1776 χωρήσει,
1315 1706 1523 1776 φράσαι
1569 1706 1897 1777 δυνήσεται;

1999 516 2448 588 quandoquidem
2487 513 2624 580 sola,
2669 527 2790 582 qua:
2819 511 3164 565 nativitatem
3192 510 3572 573 circumstant,

1999 625 2231 680 quaeque
2254 609 2310 663 in
2335 607 2542 661 virtute
2571 620 2601 658 a
2623 619 2798 674 puero
2827 602 3092 665 exercita,
3119 602 3175 656 in
3204 601 3434 670 reliquae
3450 601 3577 657 vitae

1999 698 2358 767 occupatione
2380 704 2435 751 et
2467 694 2522 749 in
2558 691 2958 749 certaminibus
2998 703 3213 747 naturae
3235 691 3382 746 vires
3424 706 3581 747 exce-

2000 788 2258 844 dentibus
2275 787 2497 842 elucent
2525 784 2812 849 miracula,
2858 784 2962 839 etsi
2992 797 3105 837 non
3164 782 3359 837 eodem
3412 783 3578 841 modo

2000 877 2461 949 omnia,quzedam
2485 887 2660 940 certe,
2691 875 2800 929 imo
2830 889 2965 933 vero
3012 872 3450 943 unumquodque
3489 889 3580 929 se-

2001 970 2243 1025 cundum
2287 983 2347 1022 se
2388 981 2609 1023 omnem
2660 964 2882 1021 dicendi
2920 974 3097 1020 artem
3138 974 3196 1021 et
3223 966 3577 1034 elegantiam,

2000 1061 2159 1131 longe
2182 1067 2466 1129 superent.

2071 1155 2124 1209 5.
2157 1153 2300 1221 Quid
2343 1170 2508 1226 porro
2536 1153 2584 1210 si
2620 1153 2904 1225 signorum
2962 1160 3129 1223 atque
3181 1152 3580 1209 miraculorum

2002 1244 2418 1301 multitudinem
2470 1242 3055 1315 magnitudinemque;
3087 1242 3222 1313 quid
3271 1244 3313 1299 si
3362 1243 3580 1299 divinas

2000 1350 2095 1392 eas
2144 1337 2407 1403 visiones,
2431 1351 2554 1407 qua:
2582 1350 2692 1391 non
2725 1350 2851 1390 raro
2876 1334 3159 1406 Symeoni,
3193 1350 3400 1392 arcano
3435 1342 3578 1406 qtro-
3639 1318 3654 1341 '

2002 1431 2127 1486 dam
2160 1438 2217 1487 et
2251 1430 2626 1501 inexplicabili
2655 1431 2841 1495 modo,
2890 1430 3143 1501 plurimas
3174 1431 3373 1492 oblata:
3419 1444 3571 1494 sunt,

2001 1524 2253 1579 oratione
2279 1523 2542 1594 prosequi
2564 1522 2842 1585 velimus?
2865 1523 3069 1594 qualis,
3094 1539 3305 1597 quasso.
3332 1524 3424 1579 illa
3458 1540 3584 1579 orae

2003 1618 2082 1673 tio
2116 1617 2187 1672 sit
2208 1624 2450 1688 oportet,
2479 1630 2603 1686 qua:
2625 1629 2846 1669 omnem
2878 1614 3100 1670 dicendi
3134 1614 3448 1671 facultatem
3487 1631 3584 1670 su-

2002 1707 2255 1778 perantia
2283 1706 2601 1776 expositura
2629 1715 2746 1769 est,
2775 1721 2901 1761 cum
2935 1714 3109 1760 totum
3127 1721 3307 1778 neque
3327 1707 3582 1762 oratione

315 1797 465 1864 ὅμως
499 1799 547 1850 εί
590 1797 687 1850 καὶ
718 1796 1025 1867 κρείττονῆ
1058 1797 1202 1851 κατά
1245 1797 1409 1866 λόγου
1463 1797 1695 1868 δύναμιν
1725 1798 1784 1850 τὸ
1805 1799 1896 1866 ὲγο

2006 1796 2398 1869 comprehendi
2448 1797 2648 1867 possit,
2697 1812 2879 1865 neque
2917 1797 3109 1852 verbis
3152 1797 3432 1868 proferri?
3473 1808 3582 1869 quo

316 1889 579 1960 χείρημα,
607 1886 743 1941 ἀλλά
768 1887 830 1939 τὸ
860 1895 957 1958 μιν
1004 1904 1057 1941 τι
1087 1888 1421 1959 συλλήψεται
1455 1887 1674 1950 πάντως
1705 1889 1892 1958 ήμῖνή

317 1982 439 2035 θεία
471 1983 563 2037 καὶ
593 1978 891 2052 συμπαθὴς
921 1980 1105 2050 ἐκείνη
1133 1980 1304 2051 ψυχὴ,
1335 1981 1430 2035 καὶ
1460 1980 1593 2034 Θεοῦ
1635 1980 1731 2034 νῦν
1756 1981 1893 2051 ἁμέ-

318 2093 428 2140 σως
480 2074 574 2130 τοῦ
657 2073 994 2145 ποθουμένου
1057 2073 1466 2142 κατατρυφῶσα
1505 2089 1517 2103 ο
1557 2072 1619 2125 τὸ
1671 2071 1768 2135 δὲ,
1805 2073 1900 2125 καὶ

292 2168 715 2236 ¹συγγνώσεται.
750 2164 1143 2235 Συγγνώσεσθε
1173 2163 1231 2218 δὲ
1263 2163 1359 2217 καὶ
1409 2164 1610 2228 πάντες
1653 2164 1767 2217 ὅσοι
1799 2163 1896 2232 τῆς

319 2258 635 2330 ὑπερφυοῦς
666 2246 869 2328 ταύτης
900 2258 994 2310 καὶ
1047 2257 1243 2326 καινῆς
1282 2256 1559 2319 πολιτείας
1588 2253 1856 2326 ἀκροαταὶ
1882 2291 1897 2315 ,

319 2350 488 2420 μηδὲν
551 2349 643 2402 τοῦ
707 2350 845 2420 πρὸς
910 2348 1142 2415 δύναμιν
1199 2345 1610 2413 ὲλλιποῦσιν,εί
1649 2348 1742 2401 καὶ
1798 2345 1894 2400 τοῦ

315 2441 452 2512 πρὸς
487 2440 643 2504 ἀξίαν
682 2441 933 2493 πλεῖστον
963 2440 1400 2510 ἀπολειπόμεθα.
1430 2442 1521 2492 Δεῖ
1566 2440 1628 2493 δὲ
1693 2438 1893 2508 μικρὸν

316 2532 574 2601 ἀνωτέρω
601 2532 692 2585 τὸν
709 2532 867 2599 λόγον
894 2531 1291 2600 ἀναγαγόντας,
1313 2530 1445 2584 οἴων
1462 2532 1490 2583 ὁ
1517 2529 1758 2592 τοιοῦτος
1793 2528 1895 2596 ἔφυ

314 2625 541 2693 γονέων.
579 2625 674 2678 καὶ
719 2626 865 2688 ὅστις
898 2627 929 2679 ὁ
954 2625 1054 2695 τῆς
1104 2624 1423 2695 συλλήψεως
1481 2624 1682 2695 τρόπος
1746 2621 1896 2694 αὐτῷ

317 2716 585 2793 πρότερον
640 2716 1009 2788 παραττῆσαι,
1041 2715 1108 2768 ἵν’
1135 2716 1356 2787 ἔχοιμεν
1396 2716 1489 2769 τοῦ
1519 2714 1727 2770 τοιοῦδε
1761 2730 1902 2785 καρ-

318 2808 421 2863 ποῦ
456 2811 551 2863 ita).
605 2807 667 2863 τὸ
703 2808 916 2876 δένδρον
941 2807 1162 2871 εἰδέναι,
1193 2807 1226 2879 ἢ
1265 2807 1403 2879 μηδὲ
1450 2807 1549 2879 τὴν
1583 2806 1740 2878 ῥίζαν
1798 2808 1898 2875 ἀγ-

318 2905 458 2957 νοεῖν
495 2902 697 2972 μᾶλλον
733 2943 747 2968 ,
801 2902 924 2971 ἥτις
972 2900 1064 2954 τὸν
1119 2899 1293 2963 οὕτως
1345 2898 1546 2971 ὡραῖον
1597 2899 1901 2968 ἐϐλάστησε

321 2994 540 3050 κλάδον.

1998 1894 2148 1950 enim
2178 1902 2339 1964 pacto
2371 1892 2556 1947 verbis
2577 1891 2853 1963 quispiam
2887 1901 3240 1963 assequatur,
3272 1893 3423 1963 quod
3482 1908 3582 1947 ne-

2000 1987 2119 2058 quit
2143 1986 2480 2057 eogitatione
2509 1985 2822 2055 attingere?
2852 1985 3234 2041 Nihilominus
3256 1985 3364 2041 etsi
3404 1987 3580 2056 major

1999 2079 2213 2135 viribus
2255 2078 2464 2134 nostris
2498 2085 2734 2133 conatus
2760 2078 2854 2143 sit,
2883 2078 3083 2147 partim
3137 2085 3343 2144 tamen,
3389 2079 3582 2132 nullus

2002 2168 2217 2234 dubito,
2244 2168 2612 2240 opitulabitur
2649 2167 2811 2223 nobis
2857 2167 3045 2223 divina
3080 2167 3175 2222 illa
3235 2176 3292 2223 et
3350 2168 3579 2223 misera-

2004 2261 2156 2317 tione
2178 2262 2343 2332 plena
2370 2260 2662 2330 Symeonis
2684 2259 2889 2324 anima,
2922 2275 3046 2329 quae
3073 2259 3237 2316 modo
3288 2259 3583 2314 intuitionc

2002 2357 2099 2413 Dei
2121 2356 2259 2413 adeo
2290 2356 2615 2421 desiderati,
2644 2354 2800 2410 nullo
2842 2352 3175 2423 interposito
3227 2353 3432 2418 medio,
3489 2352 3583 2407 de-

2003 2446 2268 2512 lectatur;
2302 2446 2504 2516 partim
2536 2445 2702 2501 etiam
2735 2441 3102 2499 imbecillitati
3130 2451 3334 2498 nostra:
3365 2445 3582 2497 veniam

2007 2536 2180 2592 dabit.
2210 2536 2422 2592 Dabitis
2470 2544 2526 2591 et
2559 2551 2682 2598 vos.
2707 2536 3026 2605 quicunque
3083 2534 3384 2590 eminentis
3432 2535 3588 2588 inau-

2008 2628 2243 2700 ditaeque
2299 2628 2533 2701 hujusce
2605 2626 3045 2684 conversationis
3098 2625 3387 2681 auditores
3428 2627 3586 2690 estis,

2005 2721 2147 2779 nihil
2198 2731 2470 2793 quantum
2522 2736 2623 2791 per
2673 2718 2824 2777 vires
2875 2716 3070 2775 licebit
3106 2717 3586 2787 pmtermissuris,

2007 2828 2322 2883 quanquam
2353 2813 2616 2883 plurima,
2648 2813 2696 2867 si
2739 2827 2925 2867 rerum
2951 2810 3279 2882 dignitatem
3303 2811 3587 2880 spectetis.

2005 2905 2408 2983 relinquamus.
2444 2902 2678 2975 Oportet
2704 2911 2890 2959 autem
2948 2904 3114 2973 paulo
3156 2903 3326 2958 altius
3371 2917 3588 2959 sermo-

2008 3010 2135 3050 nem
2157 3003 2498 3069 repetentes,
2534 2994 2742 3064 quibus
2771 2995 3045 3053 oriundus
3068 2996 3416 3065 pareotibns,
3459 2996 3587 3066 quis

320 3085 701 3154 conceptionls
729 3085 926 3140 modus
946 3083 1038 3150 sit,
1068 3083 1223 3154 prius
1281 3083 1354 3139 ob
1382 3084 1573 3139 oculos
1597 3100 1843 3155 ponere;
1905 3094 1967 3141 ut
2006 3089 2132 3143 talis
2176 3089 2391 3144 fructus
2435 3088 2695 3145 arborem
2737 3104 2962 3160 quoque
3024 3098 3440 3159 cognoscamus,
3490 3100 3587 3145 aut

324 3178 507 3250 potius
536 3195 644 3234 non
674 3180 990 3250 ignoremus
1019 3178 1287 3245 radicem,
1323 3193 1445 3247 qua:
1481 3184 1588 3233 tam
1633 3179 1895 3234 decorum
1935 3180 2199 3251 produxit
2229 3196 2462 3235 ramum.
2912 3198 2915 3203 ν

916 3350 947 3378 ο
1803 3316 2037 3374 CAPUT
2075 3317 2117 3372 Ι.

1008 3420 1011 3427 ‘
1074 3405 1347 3471 Parentes,
1373 3407 1645 3474 nativitas,
1673 3406 1963 3478 baptismate
1995 3416 2045 3463 et
2077 3410 2306 3480 pueritia
2342 3408 2821 3480 sanctiSymconist

385 3541 449 3599 δ’.
497 3544 662 3613 Ἀνήρ
686 3558 768 3604 τις
809 3540 1011 3608 ὀλίγοις
1037 3539 1348 3609 ἔμπροσθεν
1397 3538 1614 3609 χρόνοις
1649 3538 1710 3604 ἐξ
1756 3539 1900 3593 Ἐδέ-

2086 3555 2143 3611 4.
2170 3551 2326 3608 Multi
2345 3551 2457 3620 jam
2484 3546 2612 3601 anni
2647 3553 2796 3610 sunt,
2833 3559 2957 3600 cum
2979 3545 3065 3598 vir
3092 3534 3579 3613 quidammomlnc

326 3652 426 3708 σης
475 3633 816 3705 ὁρμώμενος,
846 3636 971 3686 νέαν
1006 3631 1087 3684 ἔτι
1133 3630 1229 3701 τὴν
1260 3629 1480 3698 ἡλικίαν
1531 3628 1702 3699 ἄγων,
1734 3628 1903 3699 ὄνομα

2011 3648 2271 3710 Joannes,
2293 3644 2562 3698 oriundus
2592 3640 2820 3703 Edessa,
2848 3635 3079 3708 juvenili
3104 3635 3399 3691 admodum
3422 3642 3580 3689 astate

339 3730 613 3798 Ἰωάννης,
645 3728 786 3797 (σιν)
845 3725 1029 3787 αὐτοῖς
1055 3722 1130 3786 ὡς
1165 3718 1276 3793 εἶχε
1311 3720 1551 3791 γονεῦσι,
1580 3721 1903 3793 κατειλήφει

2013 3737 2236 3801 florens,
2264 3750 2387 3789 cum
2414 3732 2549 3803 ipsis
2594 3744 2739 3801 quos
2782 3726 2976 3785 habuit
3020 3725 3348 3797 parentibus
3387 3723 3581 3780 Antio-

325 3826 424 3892 τὴν
499 3821 775 3890 Ἀντιόχου
806 3834 821 3852 ·
857 3820 906 3872 οἱ
950 3818 1003 3870 δὲ
1054 3817 1162 3888 ἄρα
1226 3815 1487 3886 βάναυσοι
1552 3813 1651 3885 τὴν
1713 3814 1903 3885 τέχνην

2013 3827 2191 3884 chiam
2218 3841 2279 3881 se
2308 3823 2542 3881 contulit
2567 3840 2578 3874 :
2613 3827 2875 3892 parentes
2897 3825 3104 3882 autem,
3129 3815 3437 3873 mechanici
3457 3817 3581 3885 opi-

327 3909 484 3986 ἦσαν,
521 3911 650 3981 περὶ
687 3906 950 3978 συλλογὴν
987 3907 1177 3978 μύρων
1211 3907 1304 3959 καὶ
1322 3907 1525 3978 πράσιν
1556 3907 1903 3978 πονούμενοι,

2012 3919 2163 3981 lices,
2211 3913 2607 3985 conquirendis
2647 3908 3121 3978 divendendisque
3162 3905 3461 3978 unguentis
3489 3905 3584 3960 da.

327 4005 420 4059 καὶ
452 4004 564 4056 πᾶν
593 4003 730 4070 ὅπερ
771 3999 837 4052 ἂν
865 4000 1053 4061 αὐτοῖς
1092 3997 1280 4067 ἐκείνη
1313 3997 1610 4068 πορίσειεν,
1648 3998 1903 4070 ἀφορμὴν

2008 4009 2144 4065 bant
2171 4021 2418 4077 operam,
2440 4013 2496 4061 et
2512 4000 2783 4073 quidquid
2814 3997 3125 4057 iatiusmodi
3153 4007 3271 4053 arte
3300 3996 3404 4052 sibi
3428 4010 3583 4050 com-

326 4095 482 4149 τοῦτο
529 4093 643 4165 βίου
696 4089 1077 4160 πεποιημένοι.
1139 4086 1290 4141 Ἐπεὶ
1327 4087 1383 4141 δὲ
1418 4088 1521 4160 ἤδη
1576 4089 1675 4143 καὶ
1726 4089 1903 4160 γάμου

2013 4107 2319 4174 parassent,
2342 4098 2470 4152 vitae
2494 4091 2882 4150 sustentationi
2899 4090 3345 4161 impendebatur.
3361 4089 3584 4144 Postea:-

327 4189 404 4260 τῷ
434 4189 534 4257 υἱῷ
565 4187 660 4240 καὶ
687 4183 949 4251 συζυγίας
978 4181 1087 4234 ἔδει
1110 4180 1199 4234 διὰ
1225 4180 1323 4252 τὴν
1349 4181 1566 4251 ἡλικίαν
1586 4223 1601 4248 ,
1631 4181 1910 4251 διαλέγον-

333 4283 417 4335 ταί
457 4298 567 4334 τισι
618 4278 789 4349 κόρης
832 4276 1076 4345 πατράσι
1126 4275 1349 4346 (Μάρθα
1382 4275 1437 4327 δὲ
1489 4275 1659 4346 ὄνομα
1690 4273 1908 4345 ταύτῃ),

330 4373 418 4442 ἐφ’
455 4367 501 4440 ᾧ
533 4372 667 4442 πρὸς
702 4369 915 4438 γάμους
948 4366 1120 4437 αὐτὴν
1168 4367 1471 4435 ἀγαγέσθαι
1504 4367 1582 4438 τῷ
1620 4367 1908 4438 νεανίσκῳ.

333 4467 440 4518 Καὶ⁵
471 4467 522 4517 oi
558 4463 656 4532 μὲν
692 4462 947 4530 ἀσμένως
998 4457 1158 4511 τοῦτο
1214 4458 1519 4530 δεξάμενοι,
1556 4450 1623 4531 τῇ
1682 4459 1913 4529 θυγατρὶ

336 4555 632 4629 μηνύουσιν
660 4570 673 4585 ⁸
712 4555 744 4623 ἡ
776 4553 834 4606 δὲ
860 4551 1161 4623 παρθενίαν
1189 4552 1469 4621 ἠσπάζετο
1496 4595 1510 4617 ,
1550 4551 1752 4622 μᾶλλον
1785 4568 1913 4612 συνε-

334 4648 560 4718 αγαγιίν
595 4644 766 4716 αὐτὴν
795 4640 968 4696 εἰδυῖα
1002 4639 1227 4714 Χριστῷ
1275 4641 1353 4713 τῷ
1401 4640 1656 4713 ἀθανάτῳ
1694 4640 1915 4712 νυμξίῳ

333 4741 434 4803 τάς
497 4736 797 4809 παρθένους
842 4734 1021 4812 ψυχὰς
1078 4735 1157 4798 είς
1215 4733 1306 4786 τὸν
1350 4734 1559 4787 ἐκείνου
1620 4732 1909 4803 νυμφῶνα.

2011 4208 2174 4265 quam
2200 4206 2334 4245 vero
2363 4191 2472 4260 jam
2505 4184 2717 4256 nuptiis
2768 4181 3140 4253 conjbgioque
3184 4190 3438 4239 maturus
3486 4194 3584 4248 per

2010 4294 2225 4342 aetatem
2262 4280 2409 4337 filius
2459 4288 2603 4341 erat,
2655 4277 3037 4345 colloquentes
3082 4288 3209 4328 cum
3259 4269 3591 4343 parentibus-

2006 4377 2205 4448 puelhe
2237 4372 2549 4444 cujusdam,
2605 4368 2696 4424 cui
2748 4365 2974 4422 Marthae
3030 4379 3255 4427 nomen,
3323 4360 3587 4423 eamdem.

2005 4467 2191 4540 juveni
2217 4467 2273 4520 in
2305 4461 2716 4523 matrimonium
2743 4455 3120 4515 collocandum
3156 4461 3369 4526 petunt.
3393 4451 3573 4521 Atque

2008 4559 2086 4614 illi
2139 4555 2362 4627 quidem
2414 4552 2658 4609 oblatam
2715 4547 3092 4606 conditionem
3149 4544 3295 4601 haud
3348 4551 3573 4615 gravate

2009 4657 2379 4720 aceeptantes,
2422 4646 2591 4700 titiam
2634 4642 2795 4698 istius
2853 4639 2937 4696 rei
2998 4639 3293 4696 certiorem
3330 4635 3572 4695 faciunt;

2009 4752 2065 4799 at
2099 4742 2216 4798 haec
2242 4739 2616 4810 virginitatem
2642 4735 2977 4804 amplexata,
2999 4731 3283 4800 antiquius
3315 4727 3578 4790 habebat,

356 4835 750 4905 Ἐπικειμὲνων
787 4834 843 4887 δὲ
871 4832 1052 4886 αὐτῶν
1076 4832 1166 4887 καὶ
1209 4831 1306 4884 οὐκ
1331 4830 1612 4893 ἀνιέντων,
1644 4828 1743 4897 οὐχ
1769 4826 1903 4880 ὅσιοι

2017 4834 2228 4905 Sponso
2255 4829 2549 4886 immortali
2580 4826 2800 4882 Christo
2830 4823 3098 4894 virginem
3127 4835 3284 4877 suam
3315 4818 3577 4880 animam,

346 4928 506 4983 πάλιν
557 4927 632 4996 μὴ
682 4910 861 4978 πάντα
903 4921 1186 4975 πείθεσθαι
1234 4919 1502 4989 γονεῦσιν,
1535 4917 1643 4972 οὐδ’
1694 4915 1903 4979 εὐσεϐὲς

2017 4924 2183 4981 castis
2221 4920 2469 4977 thalamis
2491 4915 2803 4974 habendam
2828 4912 3353 4986 possidendamque,
3410 4910 3580 4966 collo-

344 5013 624 5089 ἠγουμένη
655 5055 670 5079 ,
703 5012 822 5083 Θεῷ
849 5012 946 5081 τὴν
973 5013 1065 5065 τοῦ
1099 5011 1422 5081 πράγματος
1465 5009 1678 5063 δίδωσιν
1711 5006 1912 5077 κρίσιν,

345 5109 439 5162 καὶ
490 5105 639 5175 αὐτῷ
686 5103 752 5158 τὰ
801 5100 922 5155 καθ’
970 5100 1171 5168 ἑαυτὴν
1220 5096 1582 5167 ἐπιτρέψασα,
1636 5096 1786 5167 παρά
1823 5094 1916 5147 τὸν

347 5197 495 5251 θεῖον
533 5195 627 5248 τοῦ
677 5193 996 5263 Προδρόμου
1025 5189 1152 5242 ναὸν
1185 5188 1536 5254 ἀφικνεῖται,
1574 5183 1632 5246 ὃς
1666 5182 1774 5252 πρὸ
1816 5181 1918 5251 τῆς

358 5287 634 5357 Ἀντιόχου
683 5284 887 5354 ἵδρυτο,
922 5276 1270 5339 δυσωποῦσα,
1320 5272 1756 5345 προσπίπτουσα,
1807 5269 1917 5323 δεο-

349 5379 507 5450 μένη,
536 5378 799 5448 δάκρυσιν
822 5367 1197 5440 ὲκλιπαροῦσα
1232 5362 1484 5436 μᾶλλονῆ
1508 5362 1740 5450 ρῄμασι,
1776 5360 1916 5450 πλη-

349 5447 609 5539 ροφορίας
632 5465 759 5536 περὶ
780 5462 875 5517 τοῦ
899 5458 1263 5533 προκειμένου
1284 5456 1470 5525 τυχεῖν
1497 5469 1510 5484 ·
1528 5447 1595 5522 ἧς
1612 5451 1706 5505 καὶ
1720 5449 1916 5521 τυχοῦ-

351 5576 419 5612 σα
438 5599 452 5624 ,
482 5559 749 5610 τεκόντων
773 5554 910 5607 είκει
959 5549 1249 5619 θελήμασι,
1304 5545 1398 5598 καὶ
1438 5544 1634 5614 γάμων
1664 5542 1918 5611 κοινωνίᾳ

348 5647 428 5718 τῷ
465 5647 689 5719 Ἰωάννῃ
712 5642 1061 5699 συνάπτεται.
1097 5638 1160 5692 Ἡ
1184 5637 1281 5707 μὲν
1301 5633 1392 5689 οὖν
1412 5634 1682 5707 ὲναρέτως
1704 5632 1916 5704 βιοῦσα,

289 5748 296 5755 ’
351 5737 605 5795 κοινωνὸν
647 5738 740 5791 τὸν
783 5734 951 5805 ἄνδρα
1003 5731 1097 5786 καὶ
1136 5730 1228 5784 τοῦ
1274 5727 1478 5798 τρόπον
1524 5726 1794 5791 ποιεῖται,
1855 5725 1914 5777 οὐ

2013 5032 2156 5071 care.
2183 5013 2520 5069 lnstantibus
2538 5020 2717 5065 tamen
2734 5007 3064 5079 parentibus
3080 5019 3182 5061 nec
3199 5003 3500 5072 quidquam
3516 5002 3584 5057 de
3616 5040 3620 5046 -

2011 5105 2285 5162 sententia
2309 5120 2406 5159 sua
2431 5101 2859 5162 remittentibus,
2875 5097 3201 5154 existimans
3214 5095 3445 5156 Martha,
3473 5109 3613 5147 non.

2009 5198 2143 5254 satis
2168 5210 2385 5266 aequum
2416 5195 2678 5265 piumque
2707 5207 2850 5256 esse,
2878 5185 3440 5261 parentibusomnino
3469 5198 3588 5239 mo-

2006 5304 2124 5344 rem
2141 5303 2249 5342 nou
2265 5301 2478 5358 gerere.
2496 5286 2607 5340 Deo
2631 5299 2741 5339 rem
2771 5290 2940 5338 totam
2952 5279 3313 5336 decidendam
3338 5275 3590 5333 eommit-
3614 5304 3625 5323 η

2007 5379 2075 5434 tit
2092 5396 2107 5444 ;
2122 5379 2351 5449 ejusque
2370 5376 2604 5433 arbitrio
2630 5391 2690 5432 se
2709 5389 2918 5445 suaque
2934 5372 3285 5431 conformans
3299 5369 3506 5434 omnia,
3522 5368 3587 5425 ad

2009 5468 2182 5523 sancti
2204 5466 2566 5522 Praecursoris
2591 5465 2877 5535 templum,
2894 5462 3040 5533 quod
3058 5461 3111 5516 in
3128 5458 3595 5522 suburbioAntio-

2011 5559 2148 5614 chio:
2176 5566 2281 5623 est,
2313 5572 2371 5613 se
2403 5557 2636 5612 confert.
2669 5555 2748 5611 lbi
2773 5554 2989 5625 pudore
3017 5552 3249 5619 suffusa,
3274 5551 3589 5623 precidem,

2012 5664 2195 5717 orans,
2209 5649 2787 5721 obsecrans.lacrymis
2802 5646 3086 5718 potentius
3106 5660 3269 5717 quam
3290 5643 3474 5700 verbis
3496 5641 3631 5700 011'z

2016 5741 2340 5811 testabatur,
2373 5741 2580 5797 certior
2607 5750 2665 5796 ut
2686 5740 3033 5805 redderetur,
3061 5737 3192 5793 ouid
3215 5735 3472 5809 presenti
3505 5746 3594 5789 rc-
