4026 6292
399 229 580 298 3991

1580 242 1638 300 S.
1684 246 2058 312 SYMEONIS
2093 253 2457 319 JUNIORIS

3507 267 3679 334 1992

422 374 544 412 rum
574 367 718 414 statu
750 359 893 417 iacto
925 376 1065 434 opus
1105 363 1263 421 roret.
1310 366 1527 431 Certior
1579 387 1711 430 vero
1776 376 1970 434 reddit:

2091 363 2206 432 βίον
2248 366 2411 436 μόνον
2454 365 2602 438 αὐτῷ
2640 367 2854 440 βοηθὸς,
2880 371 3016 426 ἀλλὰ
3055 374 3149 427 καὶ
3177 377 3450 446 σωτηρίας
3475 378 3675 451 ὁδηγδς

415 460 705 517 parentum
727 453 994 510 voluntati
1029 457 1198 523 cedit,
1229 459 1534 533 Joannique
1563 465 1786 523 thalami
1813 471 1992 528 socie-

415 546 526 594 tate
555 541 929 613 conjungitur,
958 554 1014 600 et
1033 547 1201 602 vitam
1233 550 1486 622 religiose
1503 565 1804 630 sancteque
1828 561 1990 620 insti-

331 651 334 654 ’
369 648 378 672 μ
413 641 598 699 tuens,
622 648 745 688 cum
779 637 978 692 marito
1017 656 1238 712 quoque
1276 660 1460 701 mores
1507 663 1639 706 suos
1671 653 1986 726 participat,

368 741 376 760 =
407 736 532 776 non
563 724 742 779 solum
776 727 903 784 vitae
935 730 1251 787 auxiliatrix
1279 733 1405 804 ipsi,
1447 753 1639 795 verum
1674 743 1840 798 etiam
1873 724 1987 802 dux

361 837 380 848 ε
407 813 602 870 salutis
628 817 1051 878 factaIDein’de
1085 823 1152 878 ad
1182 828 1356 881 sancti
1401 829 1762 890 Praecursoris
1804 837 1987 894 denuo

327 965 337 988 _‘
373 907 672 977 ~templum
714 912 1010 993 concessit,
1051 913 1204 970 humi
1240 921 1645 988 procumbens;
1695 941 1798 980 nec
1829 929 1984 997 quid-

338 1033 348 1044 .
407 995 555 1065 piam
585 998 819 1054 alterius
857 1001 938 1056 rei
991 1013 1357 1076 praeterquam
1395 1012 1574 1079 panis,
1613 1029 1768 1084 aquae
1801 995 1862 1072 et
1898 1034 1984 1074 sa-

407 1087 475 1140 lis
503 1097 763 1158 gustatis;
800 1106 910 1146 non
940 1093 1205 1152 inclinato
1237 1099 1293 1152 in
1341 1100 1487 1156 latus
1523 1119 1776 1174 corpore,
1835 1124 1980 1163 som-

369 1194 534 1234 mum
575 1180 779 1236 ibidem
806 1184 1063 1254 capiens;
1105 1197 1162 1242 et
1191 1188 1462 1262 lacrymas
1491 1209 1622 1251 suas
1667 1197 1758 1254 die
1787 1210 1981 1258 noete-

368 1285 509 1338 :zque
539 1271 592 1324 in
611 1287 806 1341 panem
823 1286 1156 1332 convertens
1183 1295 1250 1334 eo
1305 1280 1433 1348 line,
1492 1293 1555 1338 ut
1597 1286 1762 1355 lilius,
1803 1291 1979 1348 inter-

375 1360 628 1417 cedente
657 1374 848 1420 sancto
861 1365 1377 1440 ’Joaune'Baptista,
1419 1377 1821 1434 concederetur
1843 1381 1972 1450 sibi,

2093 457 2628 530 γενομένη.Ἐπειτα
2653 461 2838 531 μέντηι
2855 463 2932 536 τῷ
2958 465 3106 536 αὐτῷ
3122 466 3214 520 τοῦ
3234 469 3553 541 Προδρόμου
3574 475 3673 527 καὶ

2094 548 2256 602 πάλιν
2283 551 2638 623 προσεδρεύει
2670 553 2806 625 ναῷ,
2846 556 2940 609 ἐπὶ
2963 556 3057 610 τοῦ
3081 559 3314 629 ἐδάφους
3352 562 3669 636 καθημένη,

2086 640 2178 693 καὶ
2211 641 2286 710 μὴ
2335 642 2382 696 δ’
2410 637 2615 699 οὗτινος
2655 640 2747 698 οὖν
2803 647 3014 717 ἐτέρου,
3057 649 3140 703 ὅτι
3172 651 3249 721 μὴ
3307 653 3470 722 μόνον
3497 655 3670 727 ἄρτου

2215 731 2410 798 ὕδατος
2465 736 2558 787 καὶ
2609 735 2752 790 ἁλῶν
2799 740 3094 810 γευομένη,
3153 743 3288 812 μηδὲ
3311 747 3392 809 είς
3426 747 3672 818 πλευρὰν

2081 823 2505 896 ἀνακλινομένη,
2538 828 2674 882 ἀλλὰ
2707 831 2798 882 καὶ
2847 829 3018 884 ὕπνου
3073 830 3250 906 ταύτῃ
3308 837 3669 906 μεταλαμϐά-

2083 931 2268 981 νουσα,
2302 917 2396 971 καὶ
2445 919 2609 989 ἄρτον
2633 916 2804 990 ἑαυτῇ
2846 921 2914 974 τὰ
2960 924 3138 978 οἰκεῖα
3184 925 3396 995 δάκρυα
3458 931 3666 1000 μᾶλλον

2082 1002 2297 1072 ἡμέρας
2327 1004 2422 1057 καὶ
2455 1007 2651 1070 νυκτδς
2696 1009 3014 1080 ποιουμένη,
3046 1011 3187 1067 ὥστε
3243 1013 3466 1085 δοθῆναι
3498 1021 3669 1074 παῖδα

2086 1095 2206 1157 ταῖς
2244 1095 2338 1148 τοῦ
2371 1097 2679 1151 Βαπτιστοῦ
2717 1102 3036 1170 πρεσϐείαις
3062 1106 3221 1176 αὐτῇ,
3253 1106 3313 1159 ὃν
3343 1110 3482 1177 αὐτὴ
3511 1111 3668 1165 δοτδν

2084 1185 2246 1238 πάλιν
2271 1189 2413 1241 κατὰ
2443 1189 2534 1242 τὸν
2557 1191 2810 1262 Σαμουὴλ
2841 1194 3103 1263 προσάξει
3143 1197 3284 1269 Θεῷ.
3321 1200 3509 1272 Τολμᾷ
3553 1205 3665 1274 γὰρ

2081 1277 2181 1348 ἤδη
2211 1296 2305 1348 μοι
2364 1281 2459 1334 καὶ
2512 1282 2676 1354 μέχρι
2736 1286 2949 1350 τούτου,
2993 1287 3133 1358 πρὸς
3181 1291 3251 1342 τὰ
3301 1291 3661 1361 έξῆςδλόγος

2077 1367 2244 1432 ὁρῶν.

384 1453 654 1510 eumdem
691 1456 825 1524 Deo,
849 1459 1271 1517 velut-alterum
1321 1465 1652 1535 Samuelem,
1689 1483 1789 1541 per
1815 1475 2148 1534 oblationem
2178 1473 2494 1530 redditura.
2527 1470 2706 1526 Audet
2734 1471 2882 1526 enim
2913 1472 3090 1526 oratio
3142 1487 3327 1529 nostra
3370 1477 3650 1544 hucusch

397 1547 673 1618 progredi,
709 1551 1010 1622 respiciens
1033 1553 1105 1609 ad
1127 1556 1368 1627 reliqua.

474 1644 527 1698 5.
557 1644 675 1699 Non
711 1648 942 1700 multum
979 1649 1295 1705 intercessit
1321 1655 1614 1720 temporis,
1659 1671 1782 1710 cum
1835 1671 1962 1711 ecce

2155 1650 2216 1697 ε’,
2250 1647 2325 1696 Οὐ
2355 1647 2528 1716 βραχύ
2562 1649 2620 1702 τὸ
2648 1651 2705 1702 ἐν
2739 1652 2910 1722 μέσῳ,
2947 1654 3041 1708 καί
3072 1667 3156 1719 τις
3203 1650 3432 1724 γλυκεῖα
3461 1662 3655 1724 νυκτὸς

396 1735 640 1805 jucunda
675 1737 924 1806 quaedam
959 1750 1124 1794 noctu
1153 1741 1314 1806 visio,
1376 1743 1492 1812 ipse
1521 1744 1860 1800 Prodromus
1887 1764 1970 1817 ap-

2081 1739 2107 1789 ὁ
2140 1738 2448 1809 Πρόδρομος
2499 1744 2782 1812 ἐφίσταται
2830 1747 2972 1815 ὄψις,
3027 1748 3249 1819 Θάρσει,
3278 1750 3458 1819 γύναι,
3484 1753 3655 1822 λέγων

401 1839 577 1897 paret,
604 1828 856 1896 Conﬁdo,
904 1832 1124 1895 mulier,
1187 1833 1485 1903 inquiens;
1521 1846 1775 1906 suscepta
1827 1838 1974 1893 enim

371 1920 647 1987 :precatio
677 1930 768 1973 tua
795 1929 916 1974 est:
953 1922 1109 1991 cujus
1149 1921 1226 1976 rei
1261 1923 1376 1977 hrec
1429 1924 1620 1980 odoris
1661 1927 1973 1981 suavissimi

363 2010 731 2080 ~compositio
762 2011 979 2080 signum
1012 2020 1159 2077 esto;
1192 2028 1354 2082 quam
1386 2015 1478 2067 ubi
1517 2017 1832 2085 perceperis
1883 2033 1975 2071 ea-

377 2100 526 2154 dem
560 2101 786 2154 domum
815 2111 984 2156 totam
1036 2103 1458 2175 suﬁumigabis;
1525 2106 1633 2160 erit
1690 2107 1838 2161 enim
1891 2119 1976 2163 sat

389 2207 597 2262 magna
627 2191 724 2248 tibi
757 2193 936 2262 copia.
977 2193 1172 2250 Mulier
1203 2204 1389 2250 autem
1448 2199 1715 2253 continuo
1769 2215 1971 2270 exper—

369 2293 572 2348 ~recta,
598 2283 798 2338 timore
833 2285 1045 2352 pariter
1074 2293 1130 2340 et
1161 2286 1349 2340 laetitia
1395 2287 1672 2356 perfusam
1701 2305 1760 2344 se
1789 2291 1970 2344 anim-

389 2374 673 2440 advertit;
731 2375 928 2429 timore
972 2375 1194 2445 quidem
1243 2387 1466 2446 propter
1511 2379 1812 2434 novitatem
1849 2396 1972 2451 spe-

401 2465 626 2530 ctaculi,
655 2465 843 2520 laetitia
875 2481 1012 2520 vero
1045 2475 1272 2536 propter
1313 2468 1486 2537 prolis
1532 2471 1720 2538 petita:
1748 2472 1970 2540 pollici-

400 2557 670 2611 tationem
729 2557 955 2627 (ecquis
1005 2566 1214 2624 autem,
1261 2573 1294 2613 ο
1345 2558 1562 2615 Christe
1603 2576 1698 2617 rex
1752 2571 1964 2626 noster,

399 2646 811 2702 multitudinem
846 2646 1110 2702 bonitatis
1142 2658 1248 2703 tua:
1275 2648 1458 2719 dignis
1501 2651 1746 2706 celebret
1783 2651 1968 2708 laudi-

401 2741 587 2809 busl),
619 2739 780 2810 quasi
803 2738 1028 2809 globum
1062 2737 1277 2794 suﬂitus
1301 2755 1560 2810 magnum
1597 2741 1820 2796 tenebat
1846 2758 1968 2796 ma-

396 2829 596 2898 nibus;
629 2832 905 2900 simulque
937 2831 1092 2886 humi
1121 2846 1181 2886 se
1214 2839 1596 2901 prosternens,
1619 2848 1683 2887 ac
1704 2848 1882 2902 prono
1911 2834 1966 2888 in

384 2921 776 2992 pavimentum
803 2923 1006 2992 capite,
1036 2931 1164 2976 ante
1194 2937 1347 2977 aram
1369 2922 1498 2977 nixa
1534 2922 1788 2993 genibus,
1832 2932 1969 2994 quot

383 3012 540 3081 grati
591 3012 770 3068 animi
814 3027 1002 3079 voces,
1041 3021 1179 3082 quot
1233 3013 1383 3069 rivos
1433 3013 1805 3087 lacrymarum
1852 3030 1964 3070 non

2083 1829 2259 1898 αὐτῇ·
2299 1833 2632 1904 προσεδέχθη
2671 1834 2838 1906 γὰρὴ
2887 1838 3073 1908 δέησίς
3120 1857 3234 1905 σου,
3261 1845 3353 1895 καὶ
3400 1843 3536 1915 αὕτη
3574 1863 3654 1899 σοι

2082 1934 2146 1990 σῃ
2159 1926 2308 1989 μεῖον
2335 1926 2366 1993 ή
2389 1925 2608 1991 εὐωδία,
2651 1931 2836 1996 φησὶν,
2880 1933 2946 2001 ἣν
2980 1934 3073 1986 καὶ
3100 1934 3341 1989 λαὸοὗσα
3369 1936 3657 2009 θυμιάσεις

2079 2013 2154 2081 τῷ
2187 2016 2320 2084 οἴκῳ
2358 2032 2371 2044 ·
2411 2017 2658 2087 ἀρκοῦσα
2700 2022 2809 2090 γὰρ
2839 2023 2922 2090 ἐφ’
2951 2025 3136 2078 ἱκανὸν
3169 2027 3326 2080 ἔσται
3357 2047 3460 2082 σοι.
3506 2031 3567 2083 Ἡ
3597 2033 3655 2084 δὲ

2086 2106 2396 2175 κατάφοϐος
2417 2109 2549 2178 ὁμοῦ
2575 2113 2666 2165 καὶ
2697 2117 2999 2186 περιχαρὴς
3027 2119 3223 2172 αὐτίκα
3237 2121 3608 2175 διυπνισθείσα
3641 2167 3656 2189 ,

2077 2196 2138 2246 τὸ
2175 2197 2294 2264 μὲν,
2327 2198 2404 2269 τῷ
2441 2202 2616 2271 καινῷ
2638 2204 2732 2256 τοῦ
2761 2207 3038 2275 ὁράματος
3060 2253 3074 2276 ,
3115 2212 3176 2264 τὸ
3205 2212 3287 2275 δὲ,
3319 2217 3386 2283 τῇ
3414 2215 3509 2268 τοῦ
3565 2219 3652 2269 ai-

2075 2286 2329 2356 τηθέντος
2369 2292 2672 2364 ἐπαγγελίᾳ
2694 2296 2810 2361 (Τίς
2875 2315 2989 2362 σου,
3038 2303 3241 2370 Χριστὲ
3306 2305 3551 2374 βασιλεῦ,
3590 2307 3653 2361 τὸ

2075 2379 2174 2450 τῆς
2224 2385 2589 2454 χρηστότητος
2645 2389 2853 2457 πλῆθος
2890 2391 3056 2456 ἀξίως
3086 2395 3379 2464 ὐμνήσειεν
3405 2398 3467 2460 Ξ),
3520 2400 3652 2453 ὡσεὶ

2077 2480 2310 2546 σφαῖραν
2361 2479 2701 2550 θυμιάματος
2756 2484 3000 2553 μεγάλην
3028 2483 3141 2555 εἶχε
3177 2487 3266 2542 διὰ
3312 2491 3530 2561 χειρὸς,
3558 2494 3652 2544 καὶ

2076 2568 2420 2638 παραχρῆμα
2467 2571 2542 2632 ὡς
2576 2567 2723 2642 εἶχεν
2753 2575 2954 2644 ἑαυτὴν
2982 2575 3059 2644 τῷ
3087 2577 3271 2646 ἐδάφει
3317 2579 3485 2635 δοῦσα
3507 2621 3523 2647 ,
3558 2583 3652 2635 καὶ

2073 2659 2316 2727 κεφαλὴν
2372 2661 2459 2713 ἐπ’
2494 2661 2624 2715 αὐτὸ
2670 2665 2776 2734 πρὸ
2805 2667 2899 2718 τοῦ
2941 2665 3330 2739 θυσιαστηρίου
3365 2671 3507 2738 μετὰ
3555 2672 3650 2725 καὶ

2072 2751 2312 2817 γονάτων
2341 2752 2623 2822 ἐρείσασα,
2659 2755 2815 2818 ποίας
2839 2757 3294 2828 εὐχαριστηρίους
3321 2761 3422 2814 οὐκ
3451 2765 3650 2816 ἐποιεῖ-

2072 2856 2133 2892 το
2159 2842 2340 2908 φωνάς
2363 2859 2377 2907 ;
2407 2842 2560 2906 τίνας
2586 2844 2843 2914 δακρύων
2867 2849 3090 2917 ὀχετοὺς
3116 2852 3216 2904 οὐκ
3249 2853 3401 2922 ἠφίει
3433 2855 3446 2906 1
3482 2853 3644 2923 Ἑξῆς

2071 2928 2128 2982 δὲ
2160 2929 2400 2984 λαϐοῦσα
2426 2931 2810 3004 θυμιατήριον,
2843 2939 3100 3010 τοιαύτης
3141 2942 3381 3013 ἐπλήρου
3417 2945 3648 3008 εὐωδὶας

2074 3020 2166 3072 τὸν
2221 3015 2390 3087 οἷκον,
2421 3024 2496 3086 ὡς
2545 3024 2674 3097 μηδ’
2717 3025 2865 3099 ἔχειν
2902 3031 3050 3094 τοὺς
3101 3033 3270 3104 αὐτῆς
3309 3035 3647 3106 ἀντιλαμδαο

389 3101 956 3161 .emittebatlDeinde
1005 3112 1231 3173 arrepto
1263 3102 1574 3168 tburibulo,
1629 3104 1722 3159 tali
1788 3105 1970 3160 locum

2079 3111 2336 3182 νομένους
2393 3095 2621 3170 εἰδέναι⁷
2660 3095 2847 3189 caedi;
2887 3161 2903 3185 ,
2969 3123 3093 3194 ἥτις
3148 3095 3280 3179 ποτε
3327 3095 3518 3198 4'51"}:
3555 3130 3649 3183 καὶ

398 3193 665 3266 implebat
694 3192 885 3247 odoris
909 3193 1202 3260 suavitate,
1226 3201 1289 3248 ut
1317 3193 1463 3247 illam
1504 3195 1808 3250 sentientes
1855 3209 1964 3251 non

397 3284 535 3341 satis
581 3293 979 3354 cognoscerent
1030 3283 1210 3353 qualis
1231 3291 1411 3350 esset;
1465 3283 1600 3354 quin
1651 3285 1965 3348 etiam,eu-

2075 3202 2260 3256 ὁποίου
2286 3206 2354 3259 ἂν
2378 3207 2460 3276 είη
2501 3206 2675 3279 μύρου
2725 3211 2920 3281 (οὕτως
2975 3216 3288 3286 ἀπόρῤητύν
3340 3235 3394 3272 τι
3455 3219 3646 3290 χρῆμα

2067 3293 2172 3346 καὶ
2193 3294 2333 3348 θεῖον
2354 3293 2442 3369 ἦν)
2471 3300 2876 3372 ἑρμηνευθῆναι
2908 3301 3055 3378 My?!)
3078 3302 3151 3375 μὴ
3176 3302 3462 3379 δυναμένη.

390 3383 613 3453 jusnam
645 3381 788 3435 odor
811 3380 902 3436 ille
935 3380 1205 3452 unguenti
1239 3378 1382 3435 foret
1414 3380 1550 3451 (tam
1584 3381 1974 3438 inenarrabilis
2009 3402 2074 3441 ac
2145 3387 2330 3444 divina
2370 3393 2620 3462 qmedam
2653 3411 2740 3450 res
2807 3399 2945 3468 erat.)
2966 3401 3146 3453 verbis
3206 3378 3466 3470 explicari
3507 3421 3644 3456 nun-

398 3487 563 3544 quam
591 3473 790 3543 potuit.

457 3568 524 3624 θ.
555 3568 654 3622 Illo
690 3568 857 3638 igitur
883 3565 974 3621 die
1000 3575 1173 3620 totum
1205 3581 1350 3636 pene
1373 3561 1708 3620 oderamcnti
1743 3566 1964 3637 globum

396 3659 669 3715 adolendo
723 3659 1104 3729 consumpsit,
1160 3658 1359 3727 exigua
1422 3657 1658 3727 quadam
1711 3659 1964 3727 portione

395 3752 660 3808 duntaxat
683 3751 903 3816 relicta,
931 3765 1099 3821 quam
1153 3749 1460 3820 strophiolo
1505 3749 1652 3819 quod
1681 3766 1844 3803 manu
1879 3759 1962 3806 te-

397 3845 585 3910 nebat,
616 3843 869 3898 involvit.
925 3842 1154 3898 Postera
1209 3848 1394 3896 autem
1463 3842 1610 3907 luce,
1654 3842 1888 3896 excitata
1934 3857 1964 3897 e

389 3952 611 4001 somno,
659 3943 830 3991 totam
875 3934 1024 3990 illam
1092 3931 1388 3988 suﬂimenti
1439 3934 1803 4002 quantitatem
1853 3935 1966 4001 (res

396 4030 539 4084 mira
561 4029 602 4098 l)
627 4043 790 4099 quam
813 4038 1045 4084 sanctus
1084 4026 1402 4081 'Prmcursor
1451 4023 1700 4090 dederat,
1732 4023 1962 4079 invenit.

394 4119 576 4188 Atque
601 4119 716 4188 ipsa
738 4118 962 4188 quidem
986 4118 1203 4184 eodem,
1231 4133 1342 4188 quo
1365 4115 1566 4186 pridie,
1619 4114 1782 4170 modo
1804 4114 1965 4169 facti-

399 4210 572 4275 tabat,
605 4211 980 4281 templumque
1006 4225 1201 4265 rursus
1235 4209 1586 4265 suavitudine
1634 4207 1822 4262 odoris
1873 4221 1962 4260 rc-

391 4301 684 4360 fereicbat.
747 4301 1045 4372 interiecto
1110 4309 1292 4354 autem
1353 4299 1636 4368 aliquanto
1695 4306 1961 4365 tempore,

2153 3567 2227 3624 ς’.
2267 3558 2378 3631 τὴν
2411 3558 2510 3632 μὲν
2536 3554 2630 3615 οὖν
2665 3561 2900 3632 σφαῖραν
2932 3562 3114 3616 πᾶσαν
3153 3563 3339 3634 σχεδον
3365 3566 3484 3618 κατ’
3509 3567 3653 3620 ἐκεί.

2079 3667 2176 3723 νην
2206 3651 2448 3706 ἀνάλωσε
2480 3652 2579 3722 τὴν
2609 3653 2844 3723 ἡμέραν,
2874 3652 2952 3722 τῷ
2982 3653 3095 3724 ναῷ
3135 3653 3409 3724 θυμιῶσα,
3455 3659 3649 3728 μικρὸν

2081 3743 2137 3796 δέ
2171 3761 2222 3795 τι
2253 3744 2420 3814 μέρος
2452 3743 2798 3811 ὑπολειφθὲν,
2849 3745 2927 3814 τῷ
2975 3746 3078 3797 ἀνὰ
3125 3748 3279 3815 χεῖρα
3329 3749 3645 3818 περιέδησεν

2076 3835 2355 3907 ὲγχειρίῳ.
2384 3835 2500 3904 ’Τῆς
2543 3835 2590 3888 δ’
2636 3835 2896 3905 ἐπιούσης
2928 3834 3087 3898 αὖθις
3125 3835 3219 3888 τοῦ
3250 3837 3420 3890 ὕπνου
3462 3839 3642 3892 διανα⁴

2078 3931 2272 3992 στᾶσα,
2330 3925 2455 4001 εὗρε
2497 3930 2660 3984 πάλιν
2703 3931 2833 4000 ὃλην
2879 3932 3082 4000 αὐτὴν,
3117 3926 3162 3985 ὦ
3194 3931 3289 3984 τοῦ
3334 3932 3637 4001 θαύματοςί

2074 4022 2148 4085 ὡς
2194 4022 2299 4074 ὑπὸ
2332 4021 2425 4074 τοῦ
2459 4022 2614 4089 ἁγίου
2645 4022 2842 4077 δέδοτο.
2881 4024 2988 4076 Καὶ
3034 4027 3066 4093 ἡ
3115 4024 3235 4093 μὲν,
3281 4025 3346 4075 τὰ
3401 4025 3489 4074 ἶσα
3532 4026 3639 4085 τοῖς

2075 4115 2358 4185 προτέροις
2383 4114 2533 4184 ἔδρα,
2555 4116 2648 4168 καὶ
2671 4115 2761 4168 τὸν
2783 4115 2909 4168 ναὸν
2941 4115 3094 4178 αὖθις
3125 4116 3350 4178 εὐωδίας
3380 4116 3633 4184 ἐπλήρου.

2073 4208 2279 4278 Χρόνου
2314 4209 2371 4262 δέ
2406 4226 2551 4271 τινος
2597 4210 2997 4278 διαγενομένου,
3047 4211 3075 4260 ὁ
3129 4209 3438 4277 Πρὸδρομος
3483 4208 3638 4259 πάλιν

2071 4299 2206 4371 αὐτῇ
2239 4299 2442 4367 γλυκὺς
2473 4300 2679 4371 ὄνειρος
2713 4301 2962 4366 ἐπιστὰς,
3001 4300 3313 4369 Ἀνάστηθι,
3350 4301 3503 4368 φησι,
3546 4297 3637 4364 γύ-

332 4447 338 4452 .
396 4403 622 4450 sanctus
650 4394 966 4448 Pmcursor
997 4393 1184 4446 denuo
1205 4391 1307 4460 ipsi
1346 4398 1502 4460 grato
1534 4404 1731 4443 somno
1773 4387 1965 4456 sopita:

2077 4410 2184 4458 ναι,
2201 4395 2295 4446 καὶ
2326 4393 2558 4462 πορεύου
2589 4393 2736 4459 παρὰ
2767 4393 2856 4445 τὸν
2882 4392 3011 4445 ἴδιον
3035 4392 3198 4460 ἄνδρα
3227 4408 3238 4420 ·
3263 4391 3510 4462 συλλήψῃ
3533 4393 3633 4459 γὰρ

396 4486 831 4558 superveniens:
869 4481 1065 4552 Surge,
1119 4481 1320 4551 inquit,
1354 4481 1572 4542 mulier,
1608 4489 1666 4534 et
1725 4479 1966 4534 concede

394 4577 462 4632 ad
499 4575 760 4630 maritum
791 4584 983 4638 tuum;
1021 4572 1304 4641 concipies
1328 4572 1476 4627 enim
1502 4569 1966 4635 lilium,vocabis-

393 4685 503 4739 quc
533 4683 736 4723 nomen
785 4667 908 4736 ejus
961 4665 1220 4737 Symeon.
1259 4663 1368 4718 Lac
1412 4661 1648 4717 dextera:
1713 4661 1967 4716 mamillae

398 4771 506 4816 tua:
529 4768 709 4830 suget,
731 4769 788 4828 et
815 4758 1040 4814 sinistra
1067 4759 1296 4813 omnino
1331 4755 1636 4810 abstinebit
1656 4772 1670 4819 ;
1693 4753 1800 4809 erit
1819 4755 1965 4810 enim

398 4850 546 4906 illius
571 4851 833 4905 dem-rm.
859 4849 1098 4905 Carnem
1125 4857 1182 4903 et
1229 4847 1442 4911 vinum,
1475 4854 1534 4900 et
1571 4844 1838 4915 quidquid
1873 4846 1962 4899 in-

394 4943 608 4998 dustria
653 4951 818 5012 atque
873 4957 963 4998 ars
995 4941 1235 4996 humana
1294 4938 1514 4993 noverit
1565 4930 1783 5007 parare,
1852 4950 1961 4988 non

393 5033 717 5106 continget:
756 5032 853 5088 sed
903 5032 1062 5103 panis
1100 5040 1158 5086 et
1182 5045 1342 5099 aqua,
1383 5027 1489 5083 mel
1542 5035 1600 5081 et
1654 5026 1730 5081 sal
1784 5025 1964 5079 nutri-

397 5137 648 5181 mentum
681 5125 833 5180 illius
875 5131 1062 5186 erunt,
1093 5121 1290 5176 sedulo
1337 5129 1524 5172 autem
1569 5114 1966 5170 custodiendus

394 5219 494 5276 tibi
535 5217 665 5281 erit,
715 5214 885 5270 veluti
942 5229 1040 5266 vas
1103 5225 1320 5266 sacrum
1355 5219 1412 5263 et
1437 5208 1626 5263 divino
1660 5205 1965 5260 ministerio

393 5307 714 5362 dicandum.
749 5304 966 5360 Biennii
1013 5315 1183 5371 porro
1231 5300 1419 5369 elapso
1453 5296 1650 5369 spatio.
1698 5295 1800 5348 hac
1848 5294 1963 5364 ipsa

2067 4485 2201 4549 υἱὸν,
2221 4486 2316 4538 καὶ
2336 4485 2585 4547 καλέσεις
2607 4485 2666 4537 τὸ
2687 4484 2856 4553 ὄνομα
2878 4483 3042 4536 αὐτοῦ
3063 4483 3306 4552 Συμεών·
3329 4483 3501 4548 δεξιοῦ
3535 4500 3635 4553 μα-

2069 4571 2195 4624 στοῦ
2256 4573 2396 4641 γάλα
2435 4570 2662 4643 θηλάσει
2698 4589 2815 4638 σου,
2847 4572 2943 4626 τοῦ
2976 4574 3258 4643 εὐωνύμου
3293 4575 3350 4628 δὲ
3383 4575 3633 4640 καθάπαξ

2066 4663 2326 4729 ἀφέξεται
2354 4680 2369 4696 ο
2398 4664 2551 4717 ἔσται
2575 4665 2682 4734 γὰρ
2733 4665 2841 4718 τῶν
2888 4664 3079 4728 δεξιῶν
3118 4669 3179 4718 τὸ
3205 4665 3419 4718 παιδίον
3447 4684 3460 4697 ·
3507 4683 3631 4737 κρε-

2067 4753 2143 4806 ῶν
2176 4754 2207 4824 ἢ
2260 4754 2487 4826 οίνου,ἢ
2547 4755 2656 4808 τῶν
2679 4757 2778 4809 ὅσα
2804 4745 2966 4826 τέχνη
3003 4756 3097 4809 καὶ
3140 4755 3262 4824 χεὶρ
3302 4750 3409 4808 οἶδε
3443 4756 3628 4808 σκευά-

2071 4845 2209 4908 ζειν,
2237 4845 2298 4898 οὐ
2332 4847 2724 4917 μεταλήψεται,
2755 4847 2872 4899 ἀλλ’
2904 4847 3068 4916 ἄρτος
3095 4848 3128 4916 ἠ
3166 4846 3342 4916 τροφὴ
3375 4849 3471 4900 καὶ
3499 4847 3634 4916 ὕδωρ

2074 4933 2244 5002 αὐτῷ,
2270 4935 2364 4986 καὶ
2390 4934 2512 5004 μέλι
2543 4935 2635 4987 καὶ
2666 4934 2792 4999 ἅλες
2818 4953 2831 4965 ⁸
2867 4936 2894 4988 ὃ
2928 4937 3022 4989 καὶ
3053 4937 3203 5007 πάσῃ
3235 4935 3450 5006 φυλακῇ
3477 4953 3636 5007 τηρη-

2071 5025 2216 5081 τέον.
2243 5025 2318 5087 ὡς
2346 5025 2538 5087 σκεῦος
2569 5026 2744 5095 ἅγιον,
2777 5027 2873 5081 καὶ
2900 5029 3018 5097 Θεῷ
3041 5031 3119 5091 είς
3153 5028 3501 5099 λειτουργίαν
3529 5029 3635 5082 ἐσό-

2074 5131 2253 5182 μενον.
2287 5115 2479 5177 Διετὲςς
2517 5116 2572 5167 δὲ
2595 5117 2814 5183 γεγονὸς
2856 5120 2914 5170 ἐν
2945 5118 3078 5187 τῷδε
3110 5118 3187 5187 τῷ
3208 5119 3344 5190 οἴκῳ
3374 5119 3432 5172 τδ
3498 5119 3634 5172 θεῖον

2074 5204 2355 5274 βάπτισμα
2385 5204 2627 5269 δέξεται,
2661 5210 2757 5260 καὶ
2813 5206 2949 5260 αὐτὸ
2995 5211 3133 5279 μετὰ
3177 5209 3275 5280 τὴν
3303 5214 3367 5262 ἐκ
3395 5209 3488 5262 τοῦ
3541 5210 3635 5279 βα·

2071 5293 2380 5362 πτίσματος
2412 5295 2592 5366 χάριν,
2624 5296 2692 5347 τὰ
2717 5298 2843 5367 περὶ
2870 5298 3062 5350 ἑαυτοῦ
3087 5299 3395 5367 φθέγξεται.

391 5405 452 5461 in
471 5403 712 5460 ecclesia
739 5416 960 5457 sacrum
984 5398 1255 5468 baptisma
1315 5396 1605 5466 suscipiet,
1666 5393 1959 5465 gratiaeque
1998 5393 2342 5465 baptismalis
2375 5392 2556 5447 factus
2592 5392 2893 5463 particeps,
2920 5390 3052 5463 quid
3070 5393 3136 5448 de
3154 5409 3218 5451 se
3244 5393 3490 5448 futurum
3545 5391 3635 5456 sit,

392 5493 729 5552 enuntiabit.

463 5585 517 5640 7‘.
545 5584 758 5640 Martha
779 5583 951 5655 igitur
981 5591 1090 5637 tam
1124 5580 1382 5652 praesenti
1413 5578 1712 5648 divinaque
1741 5577 1960 5647 appari~

394 5679 544 5733 tione
593 5675 838 5746 dignata,
881 5673 1134 5745 perculsa
1188 5681 1246 5726 et
1273 5669 1485 5740 trepida
1540 5669 1764 5723 domum
1808 5683 1962 5723 suam

2141 5575 2208 5640 ζ’.
2259 5576 2322 5628 Ἦ
2354 5575 2452 5648 μὲν
2487 5574 2581 5629 οὖν
2606 5574 2743 5643 γυνὴ
2767 5573 3024 5644 τοιαύτης
3066 5575 3158 5626 καὶ
3184 5573 3325 5626 οὕτω
3349 5573 3496 5638 θείας
3525 5577 3630 5628 ἑπι-

2075 5667 2301 5732 στασίας
2354 5669 2672 5735 ἀξιωθεῖσα,
2693 5667 2998 5736 ὑπότρομος
3036 5668 3128 5719 καὶ
3161 5666 3415 5739 περιδεὴς
3436 5671 3516 5732 εις
3551 5666 3637 5721 τὸν
