4026 6292
347 416 487 484 2993

1370 433 1548 495 vm.
1585 434 1632 492 A
1669 421 2109 490 NICEPHORO
2146 421 2638 485 conseruerit;

3469 424 3642 489 299“;

348 533 559 587 οἰκεῖον
594 531 873 590 ἐπάνεισιν
909 535 1081 606 οἷκον,
1117 541 1249 594 είσω
1290 542 1476 597 πυλῶν
1509 544 1607 614 τῆς
1651 540 1926 612 Ἀντιόχου

2051 535 2354 600 evertitur,
2383 533 2528 589 intra
2556 540 2748 603 portas
2779 531 3090 590 Antiochiae
3125 533 3324 602 sitam;
3363 535 3609 592 accedit-

349 626 510 679 όντα·
545 627 959 700 καταλαμϐάνει
997 630 1056 686 δὲ
1103 631 1198 686 τὸν
1249 633 1452 703 ἑαυτῆς
1494 633 1662 707 ἄνδρα
1723 634 1803 706 τῷ
1843 633 1927 705 βι-

351 717 487 788 όλίῳ
520 721 941 790 προσκείμενον,
969 721 997 775 δ
1026 722 1126 795 τὴν
1174 723 1440 796 ἐξήγησιν
1473 729 1575 797 τῆς
1631 726 1784 796 ἰερᾶς
1832 724 1928 779 τοῦ

355 807 672 881 Προδρόμου
689 805 935 884 κεφαλῆς
959 817 1256 887 περιεῖχεν,
1287 817 1438 882 ὅπως
1473 820 1502 872 ό
1539 819 1796 882 τοσοῦτος
1829 817 1931 888 θη-

355 902 576 972 σαυρὸς,
611 905 704 957 καὶ
736 904 829 958 τοῦ
868 907 942 975 μὴ
971 907 1156 963 λαθεῖν
1193 907 1345 976 ἄξιος
1366 948 1382 974 ,
1415 910 1520 964 ὑπὸ
1551 911 1656 981 γῆν
1686 912 1934 982 κρυπτόο

358 1008 518 1062 μενος
539 992 812 1066 εὑρεθείη.
849 995 1148 1067 Σύμϐολον,
1180 993 1357 1071 οἶμαι,
1394 1000 1492 1066 τῆς
1517 996 1610 1052 τοῦ
1647 997 1934 1067 εὐαγγελι-

357 1082 576 1148 σθέντος
609 1086 746 1158 αὐτῇ
785 1088 1123 1158 προφητείας
1153 1091 1248 1143 καὶ
1279 1089 1458 1154 τοῦτο,
1486 1091 1566 1143 ὅτι
1601 1090 1744 1160 μέγα
1775 1107 1826 1145 τι
1858 1090 1934 1154 τῷ

358 1175 458 1246 βίῳ
487 1176 688 1244 ἀγαθὸν
718 1179 810 1232 καὶ
844 1173 999 1244 οὗτος
1026 1184 1293 1250 φανεῖται.
1330 1181 1486 1253 Παρά
1530 1181 1609 1252 τῷ
1639 1181 1794 1254 ἀνδρὶ
1827 1184 1936 1236 τοί-

357 1286 451 1321 νυν
508 1269 800 1334 καθίσασα,
851 1271 953 1342 τῆς
1005 1273 1369 1341 ἀναγνώσεως
1418 1275 1695 1344 ἠκροᾶτοο
1747 1274 1824 1337 ὡς
1877 1273 1936 1327 δὲ

358 1358 496 1429 αὕτη
553 1362 726 1431 πέρας
777 1357 924 1432 εἶχεν
982 1363 1154 1433 αὐτῷ,
1182 1365 1215 1434 ὴ
1250 1364 1382 1434 γυνὴ
1414 1364 1512 1434 τὴν
1537 1363 1658 1432 ὄψιν
1686 1365 1765 1427 εἰς
1811 1363 1936 1417 νοῦν

359 1451 731 1521 λαμϐάνουσα,
764 1453 930 1522 φόϐου
964 1456 1059 1508 καὶ
1111 1456 1288 1525 χαρᾶς
1316 1455 1413 1527 τὴν
1441 1455 1618 1527 ψυχὴν
1653 1457 1938 1521 ὑπόπλεως

359 1537 517 1604 οὖσα,
552 1544 672 1598 οὐδὲ
722 1545 1008 1606 ωθεκτῶς
1051 1545 1199 1615 ἐχειν
1229 1547 1318 1600 οἵα
1348 1563 1408 1600 τε
1430 1542 1519 1615 ἧν,
1552 1547 1687 1601 ἀλλά
1731 1565 1785 1602 τι
1819 1548 1938 1601 λίαν

359 1634 574 1703 οίκτρδν
611 1635 809 1707 ἑαυτὴν
839 1635 1186 1708 ὠλοφύρετο,
1221 1639 1297 1702 ὡς
1353 1638 1489 1711 μηδὲ
1546 1637 1940 1710 πυνθανομένῳ

360 1723 461 1795 τὴν
482 1725 662 1778 αἰτίαν
689 1726 767 1798 τῷ
787 1725 944 1797 ἀνδρὶ
973 1725 1393 1798 ἀποκρίνεσθαι,
1419 1726 1532 1779 ἀλλ’
1552 1729 1612 1779 ἐν
1641 1726 1942 1798 ἀπορρήτῳ

362 1816 588 1886 καρδίας
647 1817 718 1870 τά
778 1817 1014 1888 ὀφθέντα
1067 1817 1323 1888 κατέχειν
1350 1833 1366 1848 ο
1393 1818 1577 1888 ἐκείνη
1611 1817 1712 1887 μὲν
1740 1815 1834 1871 οὖν
1860 1817 1938 1889 τῷ

2030 640 2140 696 que
2169 623 2237 680 ad
2269 625 2553 691 maritum,
2578 639 2801 696 operam
2824 624 3049 682 dantem
3078 623 3303 681 lectioni
3325 625 3610 698 cujusdam

2032 715 2181 780 libri,
2231 716 2605 771 narrationem
2677 716 2746 772 de
2801 731 2963 773 sacro
3011 717 3612 787 Prmcursoris-capite

2031 807 2404 874 continentis;
2433 822 2545 878 quo
2584 807 2798 864 scilicet
2825 819 2996 880 pacto
3045 809 3343 865 thesaurus
3374 808 3490 876 ille,
3519 809 3609 863 in-

2033 901 2212 972 dignis
2247 900 2352 956 sub
2385 908 2528 956 terra
2571 903 2819 958 tenebris
2848 903 3142 958 abstrusus
3187 903 3437 965 latitans,
3486 909 3611 956 tan.-

2034 991 2159 1046 dcm
2189 991 2317 1047 inde
2342 990 2582 1047 eductus
2613 993 2708 1048 sit.
2747 993 3066 1064 Symbolum
3110 991 3163 1046 id
3197 1007 3300 1064 ego
3325 991 3615 1047 existima-

2036 1101 2166 1141 vero
2225 1087 2534 1158 prophetiae
2585 1087 2814 1142 mulieri.
2866 1086 3243 1152 denuntiatae;
3303 1085 3462 1156 quod
3521 1084 3614 1142 hic

2035 1194 2253 1249 quoque
2281 1195 2540 1252 magnum
2572 1178 2799 1250 aliquod
2833 1179 2965 1235 huic
3023 1178 3232 1234 mundo
3262 1178 3472 1234 bonum
3520 1194 3616 1248 apo

2035 1270 2318 1340 pariturus
2367 1281 2534 1327 esset.
2591 1271 2764 1342 Igitur
2811 1273 3012 1327 marito
3060 1271 3332 1337 assidens,
3387 1270 3613 1324 lectioni

2036 1361 2314 1432 praebebat
2341 1378 2538 1430 aures;
2575 1380 2681 1434 qua
2718 1362 2898 1429 finita,
2929 1364 3218 1418 recordata
3250 1361 3483 1417 visionis
3503 1377 3616 1416 sua:

2037 1451 2304 1522 repletam
2338 1453 2534 1507 timore
2556 1452 2868 1524 gaudioque
2915 1465 3158 1507 mentem
3201 1451 3492 1506 continere
3520 1466 3618 1504 ne-

2036 1544 2268 1615 quibat:
2310 1545 2406 1600 sed
2434 1546 2752 1602 luctuosum
2791 1546 2926 1616 quid
2978 1548 3234 1603 evenisse
3270 1546 3379 1601 sibi
3408 1546 3620 1600 lamen-

2040 1637 2211 1692 tando
2249 1637 2562 1705 simulabat,
2622 1647 2684 1693 ut
2725 1654 2796 1694 ne
2829 1654 3050 1695 causam
3105 1639 3452 1710 percontanti
3490 1651 3610 1692 ma.

2042 1728 2150 1783 rito
2203 1728 2451 1786 revelare
2510 1728 2900 1799 respondendo
2942 1719 3266 1802 cogeretur,
3320 1745 3514 1786 verum
3559 1729 3617 1784 in

2044 1819 2420 1889 penetralibus
2477 1819 2664 1876 cordis
2719 1837 2862 1892 quae.
2899 1821 3118 1877 viderat
3171 1822 3432 1877 conclusa
3483 1822 3618 1876 reti.

361 1885 516 1977 ἀνδρὶ
549 1885 877 1962 συνοικοῦσα
913 1907 1176 1964 συνέλαϐε
1208 1885 1314 1967 ἀπὸ
1347 1908 1468 1962 τότε
1511 1885 1656 1964 κατά
1697 1911 1797 1981 τὴν
1838 1885 1935 1965 tofi

2051 1921 2216 1968 neret.
2244 1913 2420 1970 Porro
2443 1913 2543 1968 illa
2565 1913 2695 1969 viro
2739 1928 3060 1986 congressa,
3093 1913 3280 1970 statim
3338 1913 3616 1985 concepit,

364 2001 680 2072 Προδρόμου
730 2000 936 2074 φωνὴν,
966 2001 1078 2056 καὶ
1113 2003 1428 2074 συνετήρει¹
1453 2001 1722 2059 πάντοθεν
1769 2003 1940 2072 αὐτὴν

359 2091 548 2162 ὥσπερ
577 2109 630 2146 τι
648 2091 798 2146 θεῖον
829 2093 888 2147 ἐν
916 2082 1360 2164 ἑαυτῇ-φέρουσα
1412 2092 1606 2157 σκεῦος
1635 2109 1649 2124 ο
1686 2087 1768 2160 οἷς
1813 2094 1943 2164 μένο

361 2200 443 2238 τοι
473 2183 697 2256 θαρρεῖν
719 2183 857 2255 εἶχε,
884 2184 980 2239 καὶ
1012 2185 1252 2254 μάλιστα
1294 2184 1370 2256 τῷ
1400 2185 1555 2256 ἀνδρὶ
1585 2227 1598 2246 .
1634 2187 1939 2258 παρεδήλου

363 2275 621 2339 πολλάκις
649 2316 664 2340 ,
693 2276 770 2340 ὼς
802 2277 1032 2348 ἄρρενος
1065 2275 1325 2346 ἐγκύμων
1357 2276 1444 2347 είη
1471 2279 1660 2347 γονῆς,
1717 2280 1811 2332 καὶ
1858 2280 1940 2333 ότι

363 2366 586 2437 Συμεὼν
637 2367 698 2422 τὸ
750 2368 1155 2439 τεχθησόμενον
1188 2367 1473 2439 ὀνομάσαι.
1501 2368 1608 2422 Τοῦ
1639 2369 1836 2440 χρόνου
1884 2369 1941 2424 δὲ

363 2460 464 2531 ήδη
490 2459 602 2514 τῶν
627 2459 834 2514 ὠδίνων
860 2460 1327 2523 συντελεσθέντος,
1355 2460 1553 2526 τίκτει,
1586 2460 1696 2514 τῶν
1725 2461 1826 2530 τῆς
1857 2462 1941 2518 λο-

362 2554 515 2625 χείας
572 2553 772 2606 ὀδυνῶν
813 2553 950 2624 αὐτῇ
1005 2552 1079 2624 μὴ
1114 2551 1256 2606 κατὰ
1281 2553 1382 2621 τὴν
1411 2552 1621 2604 οἰκείαν
1645 2551 1808 2620 φύσιν
1829 2554 1942 2606 ἐπι-

363 2645 626 2715 θεμένων,
659 2645 798 2698 ἀλλά
858 2645 952 2698 καὶ
998 2644 1116 2697 λίαν
1147 2643 1338 2714 ἀλύπῳ
1357 2642 1564 2712 τοκετῷ
1591 2643 1939 2715 χρησαμένη.

365 2737 792 2808 Τεσσαρακοστῇ
824 2736 1010 2790 τοίνυν
1053 2735 1193 2805 μετὰ
1223 2736 1315 2789 τὸν
1348 2735 1507 2788 τόκον
1535 2735 1721 2807 ἡμέρα
1773 2753 1943 2808 προσ-

365 2831 490 2898 άγει
518 2831 580 2883 τὸ
611 2830 811 2901 βρέφος
838 2829 918 2900 τῷ
948 2829 1045 2884 τοῦ
1077 2827 1393 2900 Προδρόμου
1425 2827 1539 2897 ναῷ
1558 2869 1573 2894 ,
1602 2827 1944 2882 ἀντιδιδοῦσα

366 2921 620 2995 καθάπερ
665 2923 695 2976 ὃ
745 2922 928 2988 ελαϐε,
990 2923 1085 2976 καὶ
1140 2919 1260 2993 Θεῷ
1317 2921 1397 2993 τῷ
1451 2919 1708 2976 δεδωκότι
1757 2919 1944 2974 καθιε-

371 3013 558 3086 ροῦσα.

438 3115 510 3180 η’.
544 3109 652 3162 Καὶ
681 3111 714 3179 ἡ
759 3109 858 3180 μέν
897 3108 1045 3179 αὐτῷ
1078 3107 1175 3179 τὴν
1215 3105 1399 3172 δεξιὰν
1425 3107 1613 3177 ἐπεῖχε
1645 3105 1834 3178 θηλὴν,
1869 3105 1945 3168 ὡς

366 3202 475 3256 ὑπὸ
517 3199 612 3253 τοῦ
674 3200 988 3270 Προδρόμου
1038 3201 1246 3270 είρητο,
1275 3199 1372 3253 καὶ
1421 3198 1597 3270 ταύτῃ
1628 3197 1690 3251 τὸ
1744 3196 1945 3269 βρέφος

368 3291 666 3360 ὲτιθηνεῖτο
693 3307 708 3322 σ
739 3290 950 3358 ὀλίγαις
979 3289 1036 3342 δέ
1072 3289 1298 3360 ὕστερον
1326 3289 1564 3360 ἡμέραις
1598 3288 1776 3343 ἔννοια
1804 3289 1950 3358 γίνε-

366 3399 458 3436 ται
489 3385 555 3453 τῇ
583 3383 773 3453 μητρὶ,
800 3381 903 3448 ,καὶ
925 3382 1024 3452 τὴν
1051 3379 1336 3452 εὐώνυμον
1367 3379 1518 3451 αὐτῷ
1549 3384 1819 3451 ἐπισχεῖν,
1855 3381 1949 3434 καὶ

367 3475 506 3544 δῆτα
553 3475 803 3545 δεόμενον
856 3475 1039 3527 ἰδοῦσα
1095 3473 1282 3542 θηλῆς,
1311 3474 1402 3530 τὸν
1429 3472 1718 3545 ἀριστερὸν
1762 3471 1950 3542 ἐπέχει

374 3565 598 3638 μαστόν.
622 3565 731 3618 Καὶ
751 3564 812 3618 τό
830 3565 928 3636 μὲν
948 3566 1044 3635 οὐχ
1068 3565 1292 3634 ἥπτετο,
1309 3563 1444 3616 ἀλλὰ
1465 3563 1946 3634 κλαυθμυριζόμεψ

370 3673 462 3709 νον
481 3655 876 3726 ἀπεστρέφετο·
909 3655 1005 3726 ἡδ’
1030 3655 1264 3723 ἐπέμενε
1301 3653 1501 3724 μᾶλλον
1527 3653 1817 3724 ἐπέχουσα.
1863 3651 1951 3716 Ὦς

370 3746 426 3800 δέ
461 3746 617 3799 τοῦτο
646 3747 829 3799 πᾶσαν
859 3745 1077 3816 ἐκείνην
1111 3748 1400 3816 παρέτεινε
1447 3744 1633 3815 σχεδὸν
1664 3744 1762 3816 τὴν
1809 3744 1950 3814 ἡμέ-

374 3854 496 3908 ραν,
525 3838 620 3890 mi.
667 3837 729 3890 τὸ
772 3837 982 3890 παιδίον
1030 3838 1296 3907 ἄγευστον
1341 3836 1508 3909 θηλῆς
1561 3836 1952 3907 διεμεμενήκει

372 3931 472 3999 τῆς
500 3929 694 3992 νυκτὸς
722 3930 937 3998 ἐκείνης
971 3931 1058 4000 (Ὦ
1089 3931 1206 3993 πῶς
1239 3946 1334 3983 σου
1365 3930 1434 3983 τὰ
1461 3929 1742 3999 θαυμάσια
1765 3969 1780 3994 ,
1813 3929 1951 3998 Χρι-

375 4021 488 4085 στέ,
519 4021 856 4091 διηγήσομαι
887 4022 927 4091 ι)
961 4020 1308 4075 συστέλλεται
1333 4023 1398 4091 τῇ
1431 4022 1600 4091 μητρὶ
1632 4021 1691 4074 τὸ
1720 4019 1952 4074 διοιδοῦν

374 4113 470 4168 καὶ
531 4113 834 4182 ἀνεστηκὸς
893 4111 992 4165 τοῦ
1034 4111 1319 4180 εὐωνύμου
1381 4110 1742 4181 μαστοῦ,,εῐτ“
1790 4107 1884 4165 οὖν
1923 4112 1952 4165 ὀ

375 4205 827 4274 ὐποπιπλάμενος
852 4203 949 4258 τοῦ
993 4203 1270 4272 γάλακτος
1302 4203 1525 4266 κόλπος,
1561 4204 1658 4255 καὶ
1695 4202 1951 4256 ὑπολεαί-

375 4315 524 4353 νεται
562 4299 656 4350 καὶ
681 4296 1018 4367 ξηραίνεται,
1058 4296 1152 4349 καὶ
1185 4294 1418 4366 ἀνδρείῳ
1437 4294 1498 4348 τὸ
1530 4296 1640 4348 πᾶν
1675 4293 1766 4348 ίσα
1802 4294 1950 4363 γίνε-

373 4405 502 4444 ται·
532 4391 561 4444 ὀ
588 4389 763 4454 δεξιὸς
797 4388 874 4453 δὲ,
903 4388 979 4450 ὼς
1036 4387 1132 4441 καὶ
1185 4387 1450 4458 πρότερον
1496 4383 1666 4456 εἶχεν,
1707 4386 1956 4454 ἀφθόνως

375 4482 633 4553 θηλάζειν
662 4482 722 4535 τὸ
765 4481 976 4535 παιδίον
1028 4481 1346 4550 δυνάμενος.
1377 4478 1671 4551 Μάρτυρες
1701 4477 1796 4530 τοῦ
1829 4492 1956 4530 τοσ-

2041 2007 2120 2064 uti
2148 2005 2485 2076 praedixerat,
2503 2015 2729 2062 sanctus
2752 2006 2996 2062 Joannes
3018 2025 3051 2073 ;.
3065 2005 3542 2075 conservabatque
3559 2019 3619 2062 se

2040 2091 2190 2148 omni
2222 2093 2275 2147 in
2297 2092 2441 2159 loco,
2473 2109 2585 2150 non
2612 2110 2774 2151 secus
2801 2109 2867 2150 ac
2894 2094 2939 2150 si
2961 2109 3057 2150 vas
3084 2094 3365 2166 quoddam
3399 2109 3618 2150 sacrum

2039 2183 2232 2241 ferret:
2256 2199 2320 2241 ac
2344 2186 2536 2242 multis
2569 2187 2830 2257 quidem,
2863 2189 3074 2259 quibus
3091 2187 3424 2253 conﬁdebat,
3452 2197 3620 2258 atque

2042 2277 2316 2348 imprimis
2346 2279 2547 2335 marito
2571 2280 2733 2336 satis.
2759 2278 3049 2337 manifeste
3097 2279 3380 2336 indicabat
3419 2279 3622 2350 saepius

2042 2371 2268 2428 virilem
2329 2387 2390 2428 se
2438 2373 2613 2428 fetum
2665 2382 2880 2444 gestare
2943 2383 3132 2438 utero,
3178 2372 3342 2443 eique
3417 2387 3620 2428 nomen

2043 2461 2279 2534 Symeon
2306 2463 2727 2534 imponendum.
2753 2465 2872 2521 Jam
2899 2480 3047 2519 vero
3066 2463 3286 2534 expleto
3320 2462 3621 2536 graviditae

2045 2553 2117 2609 tis
2139 2564 2408 2623 tempore,
2444 2571 2556 2611 non
2585 2556 2750 2611 modo
2785 2556 2926 2611 nihil
2958 2555 3312 2627 aegritudinis
3337 2571 3406 2610 ex
3433 2563 3620 2624 partu,
3648 2606 3653 2612 .

2043 2653 2208 2712 prout
2231 2642 2520 2702 reinatura
2539 2647 2974 2718 fert,persensit,:
3003 2646 3099 2702 sed
3159 2649 3341 2703 omnis
3393 2648 3624 2703 omnino

2045 2734 2252 2792 doloris
2274 2753 2472 2809 expers
2527 2737 2688 2794 enixa
2729 2748 2836 2796 est.
2883 2739 3315 2812 Quadragesima
3361 2739 3562 2796 deinde
3593 2756 3624 2796 ι

2043 2837 2206 2899 partu
2255 2829 2344 2885 die
2399 2829 2665 2887 infantem
2728 2831 2786 2886 in
2847 2832 3026 2888 sancti
3081 2832 3310 2888 Joannis
3365 2832 3625 2902 Baptista:

2047 2922 2312 2993 templum
2346 2922 2596 2988 adducit,
2630 2923 2920 2979 redditura
2949 2924 3206 2980 eumdem
3259 2925 3622 2995 quemadmo-

2047 3018 2178 3072 dum
2203 3025 2514 3087 acceperat,
2539 3017 2764 3086 Deoque
2794 3014 2974 3070 datori
2997 3026 3410 3071 conmaeratura.

2121 3105 2173 3159 8.
2228 3105 2491 3160 Dextrum
2521 3120 2692 3176 porro
2729 3105 3002 3169 uber,.uti
3055 3104 3124 3159 ab
3177 3104 3372 3160 eodem
3436 3115 3628 3161 sancto

2050 3198 2262 3252 dictum
2296 3207 2439 3261 erat,
2458 3199 2508 3252 ei
2539 3196 2840 3267 praebebat,
2879 3213 2944 3252 ac
2978 3197 3388 3253 nutrimentum
3429 3211 3630 3268 suppe-

2051 3289 2282 3344 ditabat.
2311 3289 2512 3344 Paucis
2544 3303 2676 3345 vero
2703 3298 2828 3360 post
2887 3289 3173 3346 diebusin
3204 3301 3444 3346 mentem
3480 3292 3632 3347 venit

2052 3381 2236 3447 matri,
2258 3381 2505 3438 sinistra:
2522 3396 2744 3452 quoque
2767 3396 3016 3436 mammae
3040 3381 3335 3438 admovere
3361 3398 3628 3454 puerum:

2051 3483 2216 3542 atque
2248 3472 2400 3528 adeo:
2419 3481 2747 3544 poscentem
2777 3471 2946 3526 ubera
2994 3488 3052 3528 re
3087 3473 3205 3542 ipsa
3233 3474 3530 3530 admovet:
3573 3485 3632 3529 at

2053 3565 2685 3634 illetangererenuens,
2714 3565 3048 3634 ploransque
3078 3563 3279 3620 faciem
3324 3566 3635 3622 avertebat:

2051 3653 2188 3710 Cum
2221 3663 2404 3709 autem
2438 3663 2616 3709 mater
2649 3665 3064 3725 perseveraret,
3103 3666 3326 3726 totoque
3368 3672 3509 3727 pene
3539 3657 3633 3714 illo

2053 3743 2143 3798 die
2169 3744 2306 3799 uber
2327 3743 2616 3800 sinistrum
2655 3745 2984 3815 porrigeret,
3013 3757 3072 3801 et
3095 3763 3233 3816 puer
3257 3747 3424 3803 etiam
3473 3755 3634 3802 nocte

2054 3835 2197 3892 nihil
2247 3835 2482 3890 materni
2527 3835 2687 3891 lactis
2736 3837 3339 3907 gustassetatquomodo
3381 3838 3634 3908 prodigia

2054 3924 2672 3994 Domini.enarrabo!).
2705 3927 3052 3982 contrahitur
3093 3931 3256 3982 matri
3327 3929 3633 3986 distentum

2055 4028 2221 4091 atque
2256 4019 2523 4074 tumidum
2551 4020 2693 4075 lacte
2721 4021 3213 4088 uber-sinistrum;
3243 4030 3298 4076 et
3321 4023 3479 4079 sinus
3510 4031 3636 4078 ante

2055 4109 2448 4179 protuberans,
2481 4111 2680 4175 mollis,
2713 4109 2925 4164 aridus.
2955 4119 3014 4164 et
3036 4112 3640 4168 vinili-omnino-simi-

2055 4201 2126 4257 lis
2157 4199 2430 4257 cﬂicitur:
2472 4202 2667 4256 dexter
2690 4218 2842 4267 vero,
2874 4202 2956 4258 uti
2977 4203 3157 4272 prius,
3181 4203 3466 4260 retinebat
3501 4205 3648 4261 alia-

2059 4292 2181 4357 tim,
2243 4291 2390 4347 unde
2442 4305 2580 4360 puer
2637 4291 2837 4346 nutriri
2891 4301 3096 4361 posset.
3137 4292 3330 4347 Testes
3381 4294 3461 4350 rei
3528 4302 3636 4350 tam

2058 4382 2401 4438 admirabilis
2422 4393 2570 4448 sunt,
2592 4391 2864 4454 quotquot
2880 4384 2935 4438 in
2969 4384 3167 4440 vicinia
3191 4385 3479 4452 mulieres;
3514 4386 3640 4456 qui-

2058 4476 2163 4532 bus
2181 4483 2358 4531 mater
2385 4491 2496 4546 prae
2518 4475 2848 4530 verecundia
2890 4476 3231 4532 erubescens
3283 4476 3417 4533 illud
3455 4477 3637 4548 ipsum

377 4573 534 4629 οὐτου
558 4574 834 4644 θαύματος
868 4573 991 4626 ὅσαι
1018 4571 1128 4625 τῶν
1158 4572 1436 4640 γυναικῶν
1489 4569 1835 4639 ἐγγειτόνων,
1867 4561 1947 4632 αἷς

2063 4567 2201 4625 uber
2223 4565 2572 4631 monstravit,
2613 4581 2677 4622 ac
2702 4573 2867 4638 gestae
2896 4565 2973 4622 rei
3007 4567 3209 4623 seriem
3256 4569 3533 4640 exposuit.

376 4668 412 4738 ἡ
441 4667 631 4720 τούτου
693 4667 896 4736 μήτηρ,
931 4663 1140 4735 χλωρὸν
1171 4663 1275 4716 ὑπὸ
1330 4662 1486 4726 δέους
1527 4660 1734 4732 ὀρῶσα,
1766 4659 1860 4713 τόν
1894 4675 1952 4713 τε

381 4757 585 4830 μαστὸν
615 4756 814 4819 εὐθέως
838 4755 1068 4821 ἐδείκνυ,
1096 4756 1190 4809 καὶ
1209 4753 1308 4824 τὴν
1343 4753 1522 4807 αἰτίαν
1545 4751 1884 4823 ἐπεξηγεττο.

451 4850 515 4903 θ’.
549 4849 735 4912 Διετές
771 4848 826 4900 δε
865 4847 1086 4916 γεγονὸς
1117 4848 1178 4900 τὸ
1217 4847 1428 4900 παιδίον
1458 4847 1516 4899 έν
1551 4844 1628 4916 τῷ
1676 4845 1770 4900 τοῦ
1816 4846 1960 4916 Προ-

377 4938 582 5010 δρόμου
607 4935 741 5007 ναῷ,
773 4935 912 4990 κατὰ
935 4938 1036 5006 τὴν
1070 4935 1280 4989 ἐκείνου
1307 4935 1671 5006 προφητείαν,
1736 4935 1798 4988 τὸ
1855 4933 1959 5005 βά-

381 5047 596 5101 πτισμα
639 5031 879 5100 δέχεται,
912 5030 1006 5083 καὶ
1041 5027 1268 5100 Συμεὼν
1295 5027 1592 5098 ἐπικληθὲν
1652 5027 1861 5084 ἄνεισιν
1895 5032 1961 5085 ἐκ

380 5119 478 5176 τοῦ
509 5121 720 5184 ὓδατος.
762 5121 976 5174 Γίνεται
995 5121 1052 5175 δέ
1077 5139 1128 5174 τι
1154 5118 1342 5188 θαῦμα
1372 5121 1502 5190 περὶ
1527 5120 1660 5174 αὐτὸ
1691 5121 1785 5174 τοῦ
1822 5139 1960 5193 προ-

381 5215 544 5284 τέρου
593 5212 1045 5286 παραδοξότερον.
1119 5211 1346 5285 Γλώττῃ
1380 5213 1489 5284 γὰρ
1553 5213 1714 5278 εὐθὺς
1761 5213 1965 5285 ἤρξατο

381 5311 556 5381 τρανῇ
587 5307 788 5375 λέγειν,
815 5306 844 5360 ὀ
895 5306 988 5359 καὶ
1021 5304 1099 5375 τῷ
1133 5305 1412 5374 Βαπτιστῇ
1477 5303 1678 5376 δηλαδὴ
1729 5305 1966 5377 προηγό.

390 5417 570 5472 ρευτοο
601 5399 753 5470 Ἐχω
813 5398 1026 5469 πατέρα
1072 5397 1168 5450 καὶ
1195 5396 1294 5450 οὐκ
1323 5396 1451 5466 ἔχω,
1483 5396 1594 5466 ἔχω
1627 5397 1840 5468 μητέρα
1871 5398 1966 5453 καὶ

386 5493 489 5547 οὐκ
518 5491 626 5563 ἔχω
651 5509 663 5522 ·
690 5491 849 5545 τοῦτο
901 5489 959 5544 δὲ
1023 5489 1119 5543 καὶ
1152 5491 1208 5553 ἐς
1248 5487 1482 5560 ἐόδόμην
1529 5488 1762 5560 ἐπέμενε
1808 5493 1966 5562 λέγον

387 5583 626 5654 ἡμέραν,
663 5585 926 5654 σημαῖνον
982 5581 1230 5635 ἐντεῦθεν
1267 5581 1368 5652 τὴν
1418 5579 1626 5633 οἰκείαν
1692 5578 1800 5631 τῶν
1847 5577 1968 5648 γηΐ-

387 5691 496 5730 νων
552 5676 780 5747 ἄρνησίν
837 5690 893 5730 τε
954 5676 1044 5729 καὶ
1094 5674 1464 5747 ἀναχώρησιν,
1518 5674 1614 5726 καὶ
1673 5671 1769 5743 τὴν
1832 5670 1970 5741 πρὸς

388 5766 458 5821 τὰ
503 5768 732 5840 οὐράνια
798 5767 1000 5838 μᾶλλον
1038 5768 1311 5822 οἰκείωσιν
1354 5765 1520 5820 αὑτοῦ
1555 5765 1648 5819 καὶ
1683 5761 1967 5818 ἀνάϐασιν.

401 5858 491 5927 Ἐξ
523 5860 730 5915 ἐκείνου
758 5861 932 5916 τοίνυν
961 5859 1150 5923 ὁσάκις
1188 5862 1218 5930 ἡ
1275 5859 1451 5929 μήτηρ
1499 5857 1674 5929 κρεῶν
1737 5852 1972 5920 μεταλὰο

2143 4826 2196 4883 9.
2228 4824 2499 4881 Caeterum
2541 4833 2729 4894 postea
2763 4837 2925 4895 quam
2955 4819 3238 4878 biennium
3282 4815 3654 4900 compleverat

2063 4936 2222 4995 puer,
2241 4920 2295 4975 in
2316 4919 2427 4975 divi
2443 4917 2817 4975 Praecursoris
2829 4911 3140 4979 atde,veluti
3157 4910 3227 4962 ab
3239 4905 3428 4962 eodem
3445 4903 3664 4995 dictumr

2066 4992 2208 5078 erat,
2231 5027 2392 5069 sacro
2422 5009 2776 5080 baptismatis
2796 5007 3039 5062 abluitur
3065 5003 3239 5063 fonte,
3270 5013 3335 5053 ac
3365 4992 3663 5069 Symconis-

2068 5103 2290 5160 nomine
2310 5100 2610 5173 insignitus
2629 5099 2753 5154 inde
2769 5091 3243 5164 etncrgit.Accidit
3262 5091 3366 5145 hoc
3385 5089 3503 5178 ipso
3525 5094 3654 5178 tem-
3678 5089 3684 5178 ξ

2071 5211 2204 5266 pore
2220 5193 2530 5265 prodigium
2547 5191 2821 5263 quoddam
2841 5186 3221 5244 admirabilius
3234 5182 3441 5253 priore.
3463 5175 3654 5233 Conti-
3680 5175 3684 5188 ³

2069 5302 2181 5343 nuo
2205 5301 2442 5356 namque
2461 5286 2611 5339 clara
2630 5298 2760 5338 voce
2774 5281 2940 5352 (quod
2963 5281 3141 5350 ipsum
3185 5288 3407 5346 quoque
3431 5278 3658 5326 sanctus

2069 5375 2309 5432 Joatmes
2343 5373 2726 5445 prmdixerat),
2762 5371 3014 5442 proloqui
3052 5365 3378 5436 incipiebat:
3404 5361 3502 5417 Est
3524 5358 3657 5412 mihi

2071 5474 2308 5538 pater,et
2327 5481 2433 5520 non
2453 5474 2566 5522 est:
2589 5472 2676 5522 est
2697 5463 2828 5519 mihi
2852 5468 3108 5526 matcr,et
3125 5473 3232 5514 non
3251 5464 3335 5513 est
3353 5451 3660 5522 ;eutndetn-

2073 5574 2181 5630 que
2204 5559 2258 5612 in
2280 5559 2569 5628 septimam
2591 5571 2766 5627 usque
2780 5554 2923 5610 diem
2940 5550 3299 5610 continuabat
3326 5560 3658 5608 sermonem,
3768 5539 3782 5552 ‘

2075 5652 2415 5723 signilicans,
2460 5666 2521 5707 se
2541 5650 2666 5707 dein
2687 5648 2855 5703 rebus
2876 5643 3113 5702 terrenis
3135 5641 3328 5697 nuntio
3351 5636 3606 5703 remisso,
3633 5650 3660 5684 a

2075 5746 2303 5816 strepitu
2345 5745 2528 5816 populi
2571 5755 2925 5798 recessurum
2949 5779 2964 5804 ,
3000 5735 3434 5803 cmlestibusque
3461 5729 3662 5786 melius

2075 5839 2342 5896 intentum
2371 5877 2384 5902 ,
2431 5853 2494 5894 eo
2539 5845 2652 5892 tota
2688 5839 2868 5891 mente
2901 5844 3280 5890 ascensurum.
3318 5823 3568 5881 Profecto
3595 5834 3664 5870 eo
