3980 6296
264 371 419 439 299T

1267 377 1441 437 VlTA
1480 380 1528 433 A
1563 348 1997 435 NICEPHORO
2034 370 2525 433 CONSCRIPTA;

3373 360 3551 426 9998-:

339 485 420 555 ιβ’.
454 485 679 557 Συμϐάν
701 487 758 542 δὲ
782 487 874 542 τὸν
902 486 1125 558 Συμεὼν
1155 486 1294 555 μετὰ
1319 485 1494 539 ταῦτα
1522 485 1643 538 κατ’
1665 484 1840 535 ἐκεῖνο

2016 482 2101 536 12.
2134 481 2264 536 Post
2296 479 2414 535 haec
2442 478 2712 550 Symeon,
2737 490 2862 531 cum
2886 473 3024 528 forte
3061 473 3117 527 in
3146 472 3239 527 illo
3265 483 3514 526 versare-
3557 510 3561 512 ν

264 577 655 649 τῆςἏντιὸχου
672 577 897 647 διάγειν.
920 577 949 631 δ
999 574 1285 647 Χερουϐὶμ
1304 575 1527 638 εἰκότως
1553 574 1660 626 άτιδ
1678 568 1837 625 Τίτου

271 668 483 733 ἑλόντος
522 669 866 742 Ἱεροσόλυμα
886 668 1122 737 λέγεται,
1139 666 1356 729 εἰκόνας
1375 683 1433 718 τε
1459 663 1696 735 περιωνύ
1705 680 1840 731 μους

269 754 377 812 τῶν
415 760 696 831 Χερουϐὶμ
740 761 850 815 άπὸ
896 756 990 814 τοῦ
1026 760 1085 813 ὲν
1123 759 1308 822 αὐτοῖς
1351 755 1674 827 ἀνελομένου
1708 753 1837 808 ναοῦ

268 846 406 917 πρός
449 865 509 901 τε
547 849 650 920 τὴν
698 847 968 917 Ἀντιόχου
1036 847 1525 918 μετακομίσαντος,
1559 845 1839 900 κάνταῦθα

268 937 368 1006 τῆς
408 939 615 1002 πόλεως
654 938 731 1002 ὡς
774 940 833 992 ὲν
876 937 1294 1008 ἐπιφανεστάτῳ
1340 939 1657 1006 στήσαντος.
1700 934 1839 1006 Τῇδε

266 1029 446 1081 τοίνυν
464 1029 685 1098 διάγων,
715 1031 817 1101 ὁρᾷ
843 1031 964 1083 κατ’
996 1028 1333 1101 ὀφθαλμοὺς,
1358 1029 1451 1082 ἐπὶ
1478 1028 1579 1097 τῆς
1608 1027 1840 1098 ἀρχαίας

266 1121 618 1189 τειχοποιϊας,
652 1122 888 1192 φρικτῆς
909 1121 1123 1192 ἐκείνης
1148 1121 1411 1192 ὁράσεως.
1464 1119 1598 1190 Ὁρᾷ
1621 1136 1841 1191 τοιγαρ-

267 1208 380 1271 οῦν,
416 1212 507 1262 καὶ
542 1212 675 1272 ίδοὺ,
707 1213 735 1264 ὁ
759 1212 962 1283 Κύριος
993 1212 1248 1267 ἁπάντων
1277 1211 1370 1263 καὶ
1406 1209 1680 1280 Δεσπότης
1705 1210 1841 1280 Χρι-

268 1300 392 1362 στὸς
429 1303 457 1354 ὁ
483 1301 615 1366 Θεὸς
648 1302 788 1373 (πῶς
817 1302 885 1356 ἂν
908 1304 1278 1374 παραστήσειε
1299 1300 1454 1368 λόγος
1482 1298 1545 1353 τδ
1572 1299 1714 1370 μέγα
1741 1301 1841 1369 τῆς

265 1393 590 1462 ἐπιφανείας
631 1395 848 1465 ἐκείνης
889 1394 1147 1465 θέαμας)
1182 1396 1275 1448 ἐπὶ
1307 1393 1499 1466 θρόνου
1541 1392 1746 1465 ὑψηλοῦ
1780 1411 1839 1451 τε

266 1482 361 1538 καὶ
397 1482 700 1553 μετεώρου,
734 1484 885 1554 βῆμά
923 1500 983 1538 τε
1020 1484 1127 1554 πρὸ
1152 1484 1314 1538 αὐτοῦ
1351 1484 1577 1555 φοϐερὸν
1608 1485 1838 1554 ἑωρᾶτο,

263 1572 387 1624 τότε
435 1573 545 1626 τῶν
586 1575 814 1628 δικαίων
850 1576 1052 1646 πλῆθος
1097 1578 1415 1647 συνήρχετο,
1454 1578 1550 1629 καὶ
1586 1578 1619 1647 ἡ
1660 1575 1842 1646 βίϐλος
1884 1636 1899 1647 _

265 1661 366 1731 τῆς
401 1662 547 1731 ζωῆς
575 1663 882 1735 ἀνεῴγνυτο
907 1683 922 1696 ⁸
958 1665 1052 1719 καὶ
1081 1665 1190 1719 ἀπὸ
1227 1665 1326 1735 μὲν
1360 1665 1632 1719 ἀνατολῶν
1675 1667 1703 1718 ὁ
1741 1664 1843 1734 τῆς

1943 583 2033 629 tur
2092 571 2401 628 Antiochia:
2432 572 2580 637 loco,
2638 569 2734 639 qui
2779 569 2903 639 jure
2950 566 3151 620 merito
3209 560 3515 619 Cherubim

1940 666 2273 735 appellatur,
2300 674 2594 734 propterea
2617 660 2766 732 quod
2786 659 2971 722 Titus,
2999 671 3196 711 eversa
3246 655 3514 709 Hieroso-

1938 757 2104 828 lyma,
2138 755 2474 812 celebriores
2501 752 2949 810 Cberubinorum
2982 755 3213 812 statuas,
3271 761 3338 799 ex
3378 752 3520 800 tem-

1939 849 2032 919 plo
2061 849 2181 919 ejus
2198 846 2469 912 sublatas,
2510 843 2861 900 Antiochiam
2888 836 3256 900 transtulerit,
3278 836 3516 890 ibidem-

1939 954 2047 1009 que
2082 938 2444 994 celeberrimo
2499 936 2658 992 urbis
2703 935 2830 991 loco
2864 931 3150 1003 posuerit:
3212 942 3341 984 cum
3398 925 3514 990 illo,

1941 1027 2188 1098 inquam,
2218 1027 2340 1081 loco
2365 1032 2686 1081 versaretur
2719 1022 2983 1094 Symeon,
3019 1018 3284 1088 objicitur
3312 1015 3391 1070 illi
3412 1028 3513 1086 ap-

1938 1135 2140 1191 parens
2168 1134 2332 1189 super
2363 1119 2650 1173 ruinosum
2688 1115 2957 1187 parietem
2974 1110 3322 1168 horrendum
3349 1109 3521 1164 hocce
3539 1136 3557 1147 οι

1941 1205 2341 1283 ερεοιιιοιιιιιωζ
2383 1208 2699 1280 Apparebat
2741 1220 2872 1262 ecce
2919 1204 3180 1260 Christus
3221 1202 3517 1257 universo-

1942 1316 2066 1357 rum
2095 1301 2365 1356 Dominus
2388 1298 2505 1371 (sed
2527 1312 2650 1367 quae
2672 1295 2946 1351 sermonis
2975 1293 3231 1349 facundia
3257 1301 3367 1346 tam
3394 1291 3520 1347 illu-

1944 1392 2074 1446 stris
2118 1389 2483 1461 apparitionis
2513 1385 2889 1460 Spectaculum
2916 1400 3017 1454 pro
3050 1383 3317 1455 dignitate
3360 1397 3521 1437 enar-

1942 1483 2128 1549 reti),
2162 1482 2500 1553 apparebat,
2573 1482 2820 1551 inquam,
2870 1479 3125 1535 Christus
3183 1477 3412 1533 sublimi
3461 1477 3519 1542 iu

1945 1575 2167 1639 throno,
2228 1583 2358 1628 ante
2384 1589 2552 1643 quem
2601 1572 2844 1627 tribunal
2890 1570 3173 1636 terribile;
3227 1578 3359 1623 tunc
3418 1569 3521 1623 im-

1943 1681 2134 1721 mensa
2158 1666 2433 1736 justorum
2458 1665 2758 1720 multitudo
2783 1661 3119 1727 conﬂuebat,
3146 1660 3520 1731 pandebatur-

266 1756 477 1826 τρυφῆς
512 1756 772 1821 πυκάζων
810 1759 1166 1829 Παράδεισος,
1201 1759 1309 1811 ἀπ’)
1337 1757 1392 1810 δὲ
1417 1758 1638 1827 δυσμῶν
1675 1758 1839 1830 λίμνη

1949 1773 2051 1827 que
2075 1756 2221 1811 liber
2240 1757 2400 1810 vitat:
2428 1754 2786 1825 spectabatur
2815 1752 2886 1806 ab
2916 1760 3040 1805 ortu
3091 1748 3330 1805 refertus
3362 1746 3521 1801 volu-

269 1822 443 1916 ςέυρδξ
468 1847 872 1918 άναϐράζουσα,
899 1822 1134 1920 ’Πνεῡμά
1151 1822 1217 1903 ’τε
1240 1849 1442 1921 Κυρίου
1464 1822 1552 1903 ἑτέ*
1571 1822 1844 1903 etiam;

1949 1857 2157 1921 ptatum
2182 1822 2483 1916 paradisus,
2510 1846 2580 1901 ab
2604 1861 2804 1901 occasu
2838 1860 2972 1900 vero
3000 1856 3258 1914 stagnum
3298 1840 3522 1911 ignibus

268 1955 393 2005 γον·
433 1940 632 1992 Ἀκουε
667 1942 762 1993 καὶ
787 1938 943 2005 σύνες
981 1941 1173 2010 λόγους
1214 1940 1358 2010 ζωῆς
1378 1959 1392 1972 ο
1423 1942 1700 2013 συμϐουλὴ
1732 1940 1842 2012 γάρ

270 2047 353 2083 σοι
401 2033 539 2103 πρὸς
591 2032 823 2104 ὲκλογὴν
875 2033 968 2086 τοῦ
1005 2032 1171 2086 καλοῦ
1210 2033 1279 2087 τὰ
1315 2031 1588 2103 ὁρώμενα.
1638 2033 1701 2086 Ἢ
1744 2033 1842 2103 μὲν

223 2151 227 2155 -
266 2123 378 2192 γάρ
426 2121 536 2174 τῶν
591 2121 819 2176 δικαίων
869 2123 1212 2193 λαμπρότης,
1264 2122 1360 2176 καὶ
1408 2125 1437 2177 ὁ
1483 2123 1581 2192 τῆς
1633 2125 1843 2196 τρυφῆς

268 2213 622 2282 Ηαράδεισος,
661 2215 759 2286 τὴν
804 2214 976 2268 ἀΐδιον
1009 2214 1330 2283 άγαλλίασιν
1374 2213 1800 2282 ἐπαγγέλλονται
1821 2231 1840 2247 ⁸

267 2305 300 2373 ἡ
325 2302 382 2356 δὲ
408 2304 501 2356 τοῦ
528 2304 702 2374 πυρὸς
737 2305 953 2375 γέεννα,
992 2304 1090 2374 τὴν
1120 2289 1479 2375 ἀτελεύτητον
1508 2305 1726 2358 ἀπειλεί
1758 2322 1843 2359 τι·

270 2394 501 2464 μωρίαν.
543 2395 732 2449 ’Ἄπιθι
769 2395 972 2462 τοίνυν,
1006 2395 1069 2449 τὸ
1103 2395 1306 2464 ἀγαθὸν
1351 2394 1733 2465 ἐκλεξάμενος,
1767 2396 1844 2461 ὡς

263 2485 333 2540 ἂν
391 2484 466 2559 μὴ
515 2486 624 2540 τῶν
682 2487 967 2541 ἀθανάτων
1026 2487 1190 2557 μόνον
1247 2487 1388 2556 μετὰ
1451 2486 1603 2551 τέλος
1655 2488 1844 2542 δεινῶν

265 2577 609 2648 ἀπαλλαγῇς,
637 2578 776 2632 ἀλλὰ
816 2578 911 2632 καὶ
943 2577 1051 2632 τῶν
1080 2576 1517 2649 ἀπηγγελμένων
1558 2579 1674 2644 τοῖς
1706 2580 1846 2649 ἁγα-

265 2670 410 2723 πῶσι
433 2670 524 2724 τὸν
551 2669 683 2724 Θεὸν
706 2669 1088 2741 ἀνεκλαλήτων
1113 2669 1335 2740 ἀγαθῶν
1364 2671 1646 2744 ἐπιτύχῃς.

339 2854 428 2919 ιγ’.
461 2849 680 2921 Ταύτης
721 2849 800 2919 τῷ
824 2848 1049 2920 Συμεὼν
1092 2848 1190 2919 τῆς
1226 2849 1466 2922 θεωρίας
1505 2850 1845 2922 ύποδειχθεί-

269 2958 391 3013 σης,
422 2941 637 3006 σύνεσίς
663 2958 723 2995 τε
750 2940 1067 3012 παραδόξως
1100 2941 1250 3011 αὐτῷ
1291 2940 1539 3011 θειοτέρα
1577 2943 1672 2995 καὶ
1705 2959 1844 3012 κρυ-

266 3035 409 3102 φίων
449 3034 699 3098 ἀθεάτως
744 3033 1144 3103 ἀποκαλύψεων
1190 3035 1572 3106 προσετέθειτο
1618 3035 1840 3103 γνῶσις.

1941 1950 2215 2006 aestuans;
2242 1948 2299 1994 et
2319 1938 2560 2009 Spiritus
2596 1935 2816 1992 Domini
2873 1935 3096 1990 diccbat
3123 1934 3211 1988 ei:
3252 1930 3515 1986 Ausculta

1942 2043 2000 2087 et
2029 2032 2273 2103 intellige
2300 2030 2471 2086 verba
2496 2030 2655 2094 vitae;
2692 2028 2919 2083 consule
2966 2027 3080 2091 illa,
3126 2039 3249 2094 quae
3274 2022 3367 2077 hic
3386 2036 3515 2077 cer-

1943 2130 2032 2186 nis
2087 2138 2148 2184 ut
2178 2128 2349 2199 eligas
2364 2127 2649 2183 virtutem.
2683 2124 2956 2196 Splendor
2983 2123 3087 2177 iste
3123 2129 3441 2177 sanctorum
3465 2131 3537 2174 et.

1943 2222 2235 2294 paradisus
2293 2220 2594 2288 voluptatis
2649 2219 3042 2288 sempiternam
3091 2212 3521 2269 exsultationem

1944 2315 2259 2387 signiﬁcant
2307 2314 2457 2368 :ista
2510 2322 2695 2368 autem
2732 2313 2982 2383 gehenna
3044 2309 3189 2379 ignis
3239 2321 3522 2378 nunquam

1949 2405 2295 2463 terminauda
2338 2404 2609 2474 supplicia
2675 2400 3090 2457 interminatur.
3154 2397 3259 2453 Abi
3328 2397 3523 2467 igitur,

1944 2499 2319 2568 virtutemque
2343 2494 2524 2568 elige;
2558 2504 2620 2550 ut
2650 2503 2775 2566 post
2802 2494 2928 2549 vitae
2979 2492 3147 2563 huius
3195 2490 3521 2556 terminum,

1945 2608 2057 2648 non
2100 2592 2265 2647 modo
2320 2589 2575 2646 libereris
2617 2589 2884 2643 aerumnis
2940 2586 3158 2640 nullum
3216 2581 3542 2639 terminum.

1946 2680 2245 2745 habituris,
2303 2693 2500 2734 verum
2547 2678 2712 2733 etiam
2758 2674 3036 2746 particeps
3088 2672 3187 2728 ﬁas
3244 2672 3519 2727 bonorum

1948 2768 2333 2833 ineffabilium,
2369 2767 2782 2838 propositorum
2809 2764 3125 2819 amantibus
3145 2763 3341 2817 Deum.

2017 2863 2106 2918 15.
2129 2859 2608 2930 Coutemplatione
2638 2856 2740 2913 ista
2775 2854 3037 2927 Symeoni
3083 2853 3320 2924 objecta,
3345 2853 3526 2907 scien-

1948 2955 2023 3012 tia
2046 2953 2295 3026 quaedam
2357 2952 2648 3021 plusquam
2700 2948 2962 3012 humana,
3031 2961 3153 3016 qua:
3208 2944 3428 3032 occulta
3468 2952 3542 3000 et:

1947 3046 2122 3103 aciem
2152 3053 2397 3099 nostram
2420 3039 2687 3110 fugientia
2716 3037 3009 3098 revelaret,
3056 3033 3392 3089 mirabiliter
3432 3034 3522 3089 ei;-

278 3125 522 3193 ὀλίγαις
561 3126 618 3179 δὲ
662 3124 892 3195 ὕστερον
930 3127 1168 3197 ἡμέραις
1193 3127 1295 3197 ὁρᾷ
1324 3125 1488 3179 πάλιν
1518 3125 1611 3179 ὑπ’
1644 3126 1846 3195 ὀφθαλ-

1953 3137 2080 3191 dem
2116 3134 2381 3189 attributa
2416 3140 2522 3187 est.
2546 3130 2896 3200 Paucispost
2918 3127 3116 3182 diebus
3148 3125 3299 3181 videt
3331 3127 3519 3181 denuo

271 3213 405 3284 μοὺς
434 3212 599 3283 ἄνδρα
632 3212 1107 3283 λευχειμονοῦντα,
1129 3213 1208 3279 ὃς,
1246 3213 1553 3267 Ἀκολούθει
1580 3232 1693 3283 μοι,
1719 3215 1845 3285 ἔφη.

268 3305 380 3358 Καὶ
405 3303 435 3356 ὁ
462 3304 560 3373 μὲν
597 3303 884 3374 ἠκολούθει
911 3306 1254 3378 παραχρῆμα
1281 3310 1349 3383 τῇ
1373 3307 1501 3377 σκιᾷ
1530 3307 1623 3359 τοῦ
1653 3308 1845 3375 ὀφθέν-

267 3410 394 3457 τος·
431 3394 462 3447 ὁ
493 3393 550 3446 δὲ
587 3394 729 3447 κατὰ
751 3395 850 3465 τὴν
883 3395 1175 3467 Τιϐερινὴν
1209 3396 1410 3463 ἀπάγει
1452 3397 1635 3466 χώραν
1661 3398 1846 3465 αὐτὸν,

265 3484 366 3553 τὴν
398 3484 503 3535 ὑπὸ
540 3486 606 3554 τῇ
640 3483 843 3552 γείτονι
883 3484 1146 3556 Σελευκίᾳ
1180 3485 1439 3555 κειμένην
1475 3486 1567 3538 ὲπί
1601 3500 1723 3540 τινα
1755 3488 1847 3542 τό·

268 3591 388 3639 πον,
417 3577 477 3627 ὲν
504 3568 550 3643 ᾧ
572 3576 794 3645 χωρίον,
819 3575 957 3629 Πίλα
994 3576 1213 3647 συνήθει
1249 3577 1463 3648 γλώττῃ
1490 3577 1846 3647 καλούμενον,

264 3662 358 3737 ἦν.
394 3666 660 3722 Ἐνταῦθα
684 3666 976 3738 τοιγαροῦν
1001 3670 1028 3722 ὁ
1052 3668 1276 3739 Συμεὼν
1300 3668 1404 3723 ἀνὰ
1433 3670 1534 3737 τὴν
1563 3670 1658 3723 τοῦ
1688 3670 1849 3742 ὅρους

270 3759 506 3829 ἐρημίαν
555 3760 662 3813 ὑπὸ
702 3759 912 3831 θηρίοις
940 3760 1118 3829 διῆγε,
1156 3761 1336 3831 μόνοις
1376 3762 1526 3832 αὐτῷ
1572 3766 1851 3827 κοινωνοῖς

271 3850 369 3920 τῆς
396 3844 625 3920 διαίτης,
657 3850 915 3905 πλουσίου
945 3850 1115 3904 νύκτα
1144 3851 1239 3903 καὶ
1260 3852 1473 3922 ἡμέρας
1527 3851 1706 3920 φωτὸς
1757 3851 1850 3905 άν-

270 3940 414 3995 ωθεν
448 3943 758 4008 ἀπολαύων,
794 3944 889 3997 καὶ
921 3937 1021 3995 ὑπὸ
1052 3941 1146 3995 τοῦ
1169 3941 1425 4009 ὀφθέντος
1448 3941 1596 4011 αὐτῷ
1643 3941 1852 4012 λευχεί-

273 4050 436 4105 μονος
468 4035 658 4106 ἀνδρὸς
679 4033 1059 4104 ὁδηγούμενος,
1095 4032 1153 4097 ὃς
1184 4033 1332 4102 αὐτῷ
1366 4035 1460 4085 καὶ
1485 4032 1554 4087 τὰ
1578 4034 1849 4102 ἀναγκαῖα

268 4127 524 4197 ἐπήρκει.
578 4127 822 4197 Ἡμέρας
874 4125 971 4194 μὲν
1008 4124 1072 4195 δή
1112 4141 1265 4187 τινας
1315 4124 1442 4195 τῇδε
1485 4123 1852 4194 διεκαρτέρει,

271 4212 392 4271 εἶτα
438 4220 537 4272 καὶ
581 4218 731 4289 αὐτῷ
784 4216 1129 4286 προσϐαίνων
1172 4217 1273 4287 ἤδη
1317 4216 1396 4286 τῷ
1427 4216 1567 4286 δρει,
1606 4216 1853 4287 εὑρίσκει

274 4309 449 4381 βραχὺ
483 4312 865 4380 μοναστήριον,
894 4311 952 4363 ὲν
983 4303 1029 4377 ᾧ
1064 4326 1149 4372 τις
1186 4308 1460 4378 Ἰωάννης,
1487 4307 1691 4381 ἀρετὴν
1725 4325 1854 4378 μετ-

276 4403 371 4458 ιὼν
398 4404 556 4475 ἀνὴρ,
591 4405 682 4457 ἐπὶ
730 4404 941 4474 βάσεως
972 4402 1261 4468 ίστάμενος
1293 4397 1382 4472 ἦν,
1414 4394 1458 4470 ᾧ
1488 4402 1580 4456 καὶ
1626 4401 1731 4473 πρὸ
1756 4400 1851 4454 τοῦ

1948 3226 2153 3290 virum,
2209 3223 2336 3280 albo
2369 3220 2702 3276 vestimento
2745 3219 3039 3282 amictum,
3097 3217 3519 3286 dicentemque:

1949 3318 2194 3386 Sequere
2224 3328 2331 3367 me.
2366 3311 2463 3366 Ille
2493 3317 2678 3365 autem
2704 3308 3042 3379 sequebatur
3089 3309 3359 3362 continuo
3406 3321 3528 3360 um-

1949 3407 2105 3462 bram
2157 3400 2474 3474 apparentis
2519 3399 2646 3465 sibi,
2697 3398 3064 3468 ducentisque
3116 3398 3175 3452 iu
3238 3398 3525 3468 regionem

1950 3496 2292 3561 Tiberinam,
2338 3493 2699 3550 contermina:
2751 3489 3019 3545 Seleucia:
3067 3489 3400 3558 subjectum,
3455 3488 3526 3543 ad

1948 3589 2132 3645 locum
2161 3585 2478 3659 quemdam,
2506 3590 2774 3639 consueto
2830 3580 3027 3634 incolis
3082 3578 3366 3644 idiomate,
3411 3578 3525 3634 Pila

1952 3674 2436 3750 appellatum.Hic
2467 3675 2706 3745 Symeon
2762 3670 2986 3725 deserto
3013 3669 3069 3722 in
3119 3676 3306 3722 monte
3359 3680 3535 3736 agens

1952 3770 2096 3824 inter
2122 3766 2289 3829 feras,
2320 3782 2457 3836 quas
2480 3764 2624 3820 solas
2646 3763 2776 3817 vita
2798 3776 2911 3816 suae
2940 3767 3228 3814 consortes
3260 3757 3525 3821 habebat,

1950 3860 2177 3930 copioso
2250 3857 2460 3911 lumine
2511 3854 2730 3910 caelitus
2760 3853 3007 3907 immisso
3066 3850 3165 3904 diu
3232 3857 3521 3918 noctuque

1951 3944 2379 4017 perfruebatur;
2412 3942 2651 3998 ducente
2699 3956 2801 4012 per
2854 3939 3039 3994 omnia
3085 3938 3210 3993 viro
3275 3937 3390 4001 illo,
3429 3936 3527 4008 qui

1954 4035 2284 4091 candidatus
2310 4042 2739 4104 apparuerat,et
2787 4031 3104 4088 necessaria
3153 4031 3279 4086 vitae
3322 4044 3529 4100 suppe-

1953 4127 2186 4182 ditante.
2213 4126 2439 4197 Aliquot
2467 4124 2589 4181 istic
2616 4126 2724 4182 loci
2770 4124 2890 4179 dies
2933 4124 3280 4195 perduravit,
3327 4123 3549 4179 deinde!

1953 4218 2135 4289 ipsum
2164 4233 2388 4289 quoque
2418 4226 2663 4271 montem
2695 4218 3105 4281 conscendens,
3137 4218 3399 4287 exiguum
3439 4216 3526 4269 in-

1953 4310 2575 4378 venitmonasterium;
2615 4310 2673 4366 in
2714 4326 2825 4381 quo
2879 4310 3087 4382 degens
3129 4310 3217 4364 vir
3277 4309 3547 4379 quidam,.

1953 4402 2198 4459 Joannes
2214 4400 2439 4456 nomine
2472 4399 2573 4471 (4),
2599 4399 2824 4455 virtutis
2861 4399 3162 4455 admodum
3219 4399 3527 4464 studiosus,

271 4497 362 4547 τδν
387 4493 613 4565 Συμεὼν
643 4494 899 4562 ἐπιϐῆναι
942 4493 1037 4547 τοῦ
1065 4493 1247 4565 ὅρους,
1282 4494 1473 4547 πολλαὶ
1519 4493 1649 4565 περὶ⁵
1682 4493 1846 4548 αὐτοῦ

1958 4493 2142 4550 stabat
2165 4508 2336 4564 super
2358 4493 2567 4548 basim:
2596 4493 2689 4548 cui
2731 4493 2854 4548 viro
2901 4494 3057 4564 prius
3092 4494 3261 4548 etiam
3319 4493 3388 4548 de
3432 4492 3535 4565 Sy-

273 4584 531 4649 πολλάκις
559 4586 834 4655 ἐφάνησαν
853 4585 1026 4654 ὄψεις.
1058 4584 1194 4638 “ore
1228 4585 1327 4655 μὲν
1358 4584 1468 4656 γάρ
1504 4585 1670 4639 παῖδα
1695 4583 1844 4656 ἐώρα

273 4674 741 4746 λευχειμονοῦντα,
767 4677 853 4729 ἐπ’
874 4677 1149 4748 ὀχήματος
1190 4676 1489 4746 φερόμενον
1516 4674 1611 4728 ἐπὶ
1632 4675 1731 4747 τὴν
1751 4692 1848 4744 μο-

273 4768 403 4838 νήν⁸
434 4768 565 4821 ποτὲ
592 4768 649 4821 δὲ
680 4768 838 4822 πάλιν
869 4769 928 4821 ὲν
956 4768 1080 4838 άέρι
1123 4768 1293 4838 μέσῳ,
1328 4765 1506 4838 στύλῳ
1539 4767 1717 4836 φωτὸς
1753 4768 1843 4821 ὁδ-

272 4858 595 4928 ηγούμενον,
639 4859 733 4912 καὶ
771 4860 1327 4931 συμπεριϊστάμενον,
1375 4861 1470 4914 καλ⁹
1527 4861 1625 4930 τῆς
1676 4860 1843 4929 μονῆς

272 4948 620 5003 ἐπιϐαίνοντα
659 4968 673 4983 ’
732 4950 920 5004 ἄλλοτε
970 4950 1031 5009 δὲ,
1085 4952 1430 5022 προσάγοντα
1495 4952 1593 5022 μὲν
1635 4953 1735 5022 ἤδη
1784 4955 1849 5023 τῇ

276 5042 411 5110 μονῇ
477 5040 568 5093 τὸν
619 5040 784 5093 παῖδα
813 5083 828 5106 ,
878 5042 1117 5110 ἄγγελον.
1161 5041 1217 5094 δὲ
1263 5043 1405 5112 άετῷ
1463 5042 1652 5095 τοῦτον
1718 5044 1852 5096 ὑπο-

271 5127 576 5189 δεικνύντα,
610 5130 727 5190 καὶ,
763 5122 933 5193 Οὗτος
965 5131 1195 5196 ἐκεῖνος,
1215 5130 1462 5197 λέγοντα,
1494 5131 1563 5184 δι’
1586 5124 1648 5183 οὗ
1681 5131 1852 5197 σώζε-

276 5219 400 5271 σθαι
451 5218 684 5289 μέλλοις.
727 5220 912 5273 Ταῦτα
963 5222 993 5273 ὁ
1047 5221 1146 5290 μὲν
1198 5222 1358 5289 ὁρῶν,
1405 5225 1518 5285 τοῖς
1568 5222 1662 5275 σὺν
1707 5222 1855 5293 αὐτῷ

279 5312 531 5381 μοναχοίς
558 5310 760 5381 διεξῄει
780 5327 792 5341 ·
813 5314 1117 5377 μονωτάτου
1139 5311 1198 5364 δὲ
1233 5312 1333 5383 ήδη
1355 5315 1421 5382 τῇ
1460 5315 1595 5383 μονῇ
1626 5312 1717 5365 τοῖι
1749 5314 1853 5366 Συ-

349 5443 425 5512 (4)
452 5441 735 5513 NuSquam
761 5445 1099 5499 mentionem
1126 5447 1347 5516 reperio
1370 5446 1535 5510 hujus
1559 5446 1665 5502 viri
1703 5449 1849 5516 apud

275 5512 518 5576 Graecos,
558 5512 683 5567 eum
717 5523 901 5567 tamen
936 5524 1137 5582 prater
1168 5512 1272 5569 alia
1312 5516 1515 5569 virtutis
1564 5512 1851 5572 admodum

275 5583 538 5652 studiosus
570 5582 683 5652 hic,
711 5591 767 5636 et
802 5582 1008 5652 placide
1030 5595 1265 5638 mortuus
1298 5600 1453 5638 num.
1482 5586 1571 5641 45.
1601 5585 1847 5652 dicatur;

236 5660 331 5721 ‘et
377 5651 430 5703 in
480 5651 599 5705 Vita
644 5651 708 5706 Β.
760 5651 1005 5716 Marthae,
1052 5668 1205 5708 num.
1258 5655 1348 5718 22,
1389 5655 1560 5708 sancti
1626 5651 1849 5713 nomine

276 5721 593 5777 decoretur.
628 5721 726 5779 Est
760 5731 943 5783 autem
988 5722 1098 5785 ille,
1158 5724 1252 5785 qui
1303 5739 1334 5778 a
1385 5723 1603 5779 Radere
1659 5734 1850 5782 nostro

284 5796 440 5860 parte
490 5805 546 5847 tu
578 5788 848 5856 Viridarii,
902 5806 1019 5860 cap.
1073 5794 1124 5858 4,
1176 5788 1249 5848 De
1282 5790 1505 5866 Stylitis,
1542 5799 1846 5866 Anonymus

1955 4602 2153 4643 meone
2177 4586 2496 4656 frequentes
2528 4584 2845 4656 obtigerant
2870 4585 3136 4652 risiones,
3164 4600 3330 4657 quam
3374 4586 3421 4640 is
3461 4583 3532 4642 ad

1954 4689 2198 4736 montem
2225 4679 2562 4735 advenisset.
2594 4679 2745 4733 Alias
2767 4678 2971 4750 quippe
2988 4694 3241 4750 puerum,
3297 4677 3533 4734 candido

1955 4770 2159 4824 amictu
2191 4766 2616 4833 circumdatum,
2659 4767 2715 4821 in
2735 4769 3135 4823 monasterium
3165 4784 3332 4824 curru
3372 4768 3532 4836 vehi;

1955 4862 2093 4915 alias
2134 4874 2335 4915 rursus
2389 4874 2491 4929 per
2543 4858 2786 4914 medium
2838 4874 2987 4924 aera,
3040 4860 3296 4916 columna
3344 4860 3532 4917 lucida

1950 4950 2096 5005 viam
2125 4958 2490 5013 monstrante,
2523 4948 2818 5019 ipsumque
2852 4949 3154 5015 ambiente,
3204 4952 3401 5005 eodem
3427 4932 3555 5020 ρο--Ξ

2126 4988 2490 5013 mansum"...
2524 4988 2818 5019 .,,........,....
2852 4988 3154 5015 “unum...”
3205 4988 3401 5005 υυυυ...
3429 4988 3533 5020 ,ιν--

1952 5051 2175 5096 netrare
2199 5046 2582 5110 conspexerat.
2608 5038 2826 5094 Aecidit
2856 5053 3076 5109 quoque
3114 5030 3308 5093 eodem
3354 4988 3554 5131 addu-!

1950 5140 2099 5187 ctum
2133 5132 2330 5188 Joanni
2359 5132 2605 5189 exhiberi
2641 5133 2710 5187 ab
2736 5133 2954 5202 angelo,
2989 5131 3208 5187 dicente
3241 5148 3255 5185 :
3292 5132 3393 5187 llic
3441 5132 3553 5189 ille»

1951 5232 2053 5289 est,
2085 5241 2184 5295 per
2212 5241 2377 5296 quem
2410 5226 2642 5280 salutem
2689 5234 3095 5280 consecuturus
3147 5238 3226 5279 es.
3259 5223 3404 5285 ﬂare,
3438 5223 3549 5279 illo.—

1952 5332 2063 5387 quo
2085 5316 2306 5375 videbat
2338 5327 2581 5387 tempore
2615 5317 2780 5373 sociis
2806 5317 2923 5372 suis
2953 5315 3238 5372 monachis
3272 5315 3539 5370 retulerat

1958 5452 2173 5525 Stylita,
2199 5453 2474 5527 Symeonis
2491 5454 2727 5527 leuioris
2747 5458 3000 5527 magister
3016 5465 3399 5527 nuncupatur,
3424 5473 3551 5514 non

1953 5524 2147 5596 parum
2183 5524 2484 5581 obstrictus
2542 5524 2663 5581 Vita:
2708 5524 2862 5596 hujus
2917 5527 3162 5596 scriptori
3216 5524 3533 5596 Nicephoro,

1953 5592 2103 5660 quod
2151 5603 2277 5661 post
2324 5603 2406 5649 tot
2434 5598 2633 5650 saecula
2667 5595 2942 5651 beneﬁcio
2973 5592 3139 5658 illius,
3176 5610 3286 5649 non
3324 5592 3534 5652 tantum

1955 5662 2265 5743 innotescat
2315 5666 2645 5743 nominatim
2678 5665 2911 5743 Latinis,
2941 5665 3045 5743 sed
3087 5665 3286 5720 famam
3308 5681 3537 5738 quoque

1955 5735 2267 5788 sanctitatis
2320 5743 2373 5789 ct
2425 5735 2972 5792 odorcmrvirtutum
3030 5735 3138 5791 late
3185 5746 3425 5809 spargat.
