4026 6292
587 349 728 414 3003

1788 353 1851 415 S.
1890 352 2268 414 SYMEONIS
2304 352 2664 415 JUNIORIS

3705 357 3816 421 ωοι

588 462 863 518 humanas
894 460 1044 517 vires
1093 460 1534 518 excedentibus?
1583 459 1814 531 Oportet
1840 470 1897 516 et
1925 463 2178 532 corporis

2286 463 2587 535 ἱνθρωπον,
2605 462 2847 518 Δέόωκα-
2876 465 2981 535 γὰρ
3015 464 3158 535 ὑμῖν
3191 465 3391 521 πάντα
3418 467 3627 538 φαγεῖν
3657 470 3812 537 sua

587 569 777 611 curam
795 568 1009 625 gerere,
1023 555 1189 624 eique
1203 554 1540 609 mediocrem
1553 568 1806 608 somnum
1821 554 2173 610 alimentum-

2283 574 2438 626 χανα
2461 558 2701 626 χόρτου,
2731 558 2895 626 φησὶν
2923 561 2956 629 ή
2982 558 3101 611 θεία
3122 559 3338 630 Γραφή.

589 662 694 716 qur.
724 646 1037 717 indulgere,
1094 658 1156 701 ut
1194 647 1444 702 sullicere
1503 645 1790 703 laboribus
1815 651 2067 705 asceticaa
2132 649 2257 705 vitae
2298 651 2492 720 possit.
2540 650 2731 719 Neque
2781 651 2930 706 enim
2978 651 3140 707 cibus
3175 661 3232 707 et
3285 661 3455 722 potus
3509 654 3811 726 coinquinant

590 739 893 806 hominem;
923 756 1047 794 nam
1077 757 1093 793 :
1133 739 1265 794 Dedi
1312 740 1456 795 vobis
1497 743 1676 795 omnia
1705 743 1839 796 sicut
1873 741 2021 795 olera
2055 743 2236 812 pabuli
2267 744 2669 808 manducanda,
2704 745 2891 814 inquit
2930 760 3084 800 sacra
3116 745 3193 817 (6)
3228 743 3518 816 Scriptura
3552 750 3591 801 ⁸.

667 833 750 887 t8.
793 834 874 887 Ad
912 834 1104 889 isthmc
1134 835 1372 907 Symeon
1417 836 1712 891 admodum
1748 838 2056 907 prudenter
2089 854 2172 894 re-

588 924 872 995 SpOndens
907 944 919 979 :
952 926 1217 991 Tametsi,
1272 927 1474 997 inquit,
1526 928 1619 982 illa
1671 943 1783 981 non
1820 928 2182 997 coinquinant

593 1019 918 1082 hominem,
982 1018 1354 1095 nihilominus
1411 1019 1842 1088 coinquinantes
1894 1019 2183 1088 cogitatio-

592 1126 693 1164 nes
731 1110 995 1173 excitant,
1019 1124 1223 1179 easque
1253 1111 1507 1165 turbidas
1530 1126 1887 1180 morosasque
1916 1111 2182 1177 eﬁiciunt,

594 1208 650 1255 et
675 1201 1095 1254 suhtilissimam
1131 1201 1373 1255 hominis
1394 1210 1633 1256 mentem
1665 1213 1826 1258 terra:
1853 1202 2101 1274 alligunt,
2126 1213 2185 1258 et

597 1291 842 1346 tenebris
869 1292 1043 1347 veluti
1088 1293 1420 1360 quibusdam
1464 1295 1769 1350 involvunt.
1806 1297 2023 1351 Etenim
2056 1313 2181 1352 cum

595 1385 690 1439 diu
719 1395 999 1455 noctuque
1034 1386 1210 1457 legem
1244 1387 1459 1442 Domini
1485 1390 1839 1455 meditamur,
1870 1391 2183 1460 periculum

593 1476 738 1530 haud
767 1487 874 1540 est,
911 1493 979 1531 ne
1015 1478 1358 1548 abripiamur
1380 1481 1559 1534 somni
1592 1480 1890 1544 illecebris,
1942 1481 2021 1534 uti
2056 1497 2186 1549 que-

594 1568 739 1622 ritur
773 1570 1047 1638 Propheta
1075 1570 1270 1625 dicens
1308 1591 1320 1625 :
1354 1571 1674 1626 Dormitavit
1699 1576 1881 1626 anima
1928 1589 2045 1625 mea
2070 1588 2181 1642 pra:

597 1663 751 1715 taedio
775 1664 794 1693 '
842 1661 1009 1730 (quod
1041 1663 1233 1731 utique
1262 1662 1482 1717 L'edium
1508 1663 1858 1717 continentes
1887 1679 2178 1732 pravarum

594 1753 989 1821 cogitationum
1027 1754 1286 1810 incursus
1335 1754 1596 1819 alierum,
1660 1755 1857 1810 animae
1912 1756 2180 1811 intcnsio-

2356 839 2446 909 ιη’.
2480 839 2626 910 Πρὸς
2667 840 2811 909 ἅπερ
2849 842 3034 894 ἐκεῖνα
3072 842 3164 896 τὸν
3197 842 3426 912 Συμεὼν
3459 843 3550 897 καὶ
3579 841 3685 895 λίαν
3710 860 3810 916 πρε·

2285 932 2554 996 σευτικῶς
2589 934 2999 1004 ἀποκρίνεσθαι.
3052 936 3142 1000 Ὠς
3173 937 3221 989 εί
3242 938 3339 990 καὶ
3370 935 3559 993 ταῦτα,
3584 937 3742 1006 φησὶν,
3764 939 3807 990 οὗ

2288 1028 2461 1079 κοινοῖ
2494 1027 2586 1080 τὸν
2620 1026 2927 1099 ἄνθρωπον,
2955 1027 3091 1079 ἀλλὰ
3180 1029 3306 1091 τοὺς
3380 1027 3674 1090 κοινοῦντας
3700 1028 3810 1096 λογι-

2289 1120 2459 1187 σμοὺς
2494 1121 2634 1171 κινεί
2667 1119 2761 1170 καὶ
2786 1117 2929 1171 θολεί
2946 1115 3038 1169 καὶ
3051 1117 3302 1188 παχύνει,
3330 1117 3514 1171 ἔνυλόν
3537 1137 3592 1171 τε
3638 1119 3716 1172 τδν
3742 1120 3807 1172 λε-

2290 1210 2554 1263 πτότατον
2579 1206 2874 1281 ἐργάζεται
2913 1209 3061 1274 νοῦν,
3096 1210 3266 1279 ἀχλὺν
3291 1209 3442 1278 αὑτῷ
3468 1210 3697 1280 καθάπερ
3715 1211 3805 1262 ἂνα-

2290 1304 2619 1374 κεράσαντα.
2653 1302 2842 1355 Νύκτα
2893 1302 3074 1371 μέντοι
3111 1301 3207 1353 καὶ
3254 1302 3470 1371 ἡμέραν
3508 1303 3560 1354 ὲν
3600 1301 3669 1366 τῷ
3697 1302 3808 1370 νόμῳ

2290 1395 2494 1466 Κυρίου
2530 1394 2883 1464 μελετῶντες,
2908 1394 2969 1446 οὐ
2998 1392 3462 1464 συναρπαζόμεθα
3487 1396 3549 1464 τῇ
3572 1393 3656 1445 τοῦ
3678 1390 3809 1444 ὕπνου

2293 1487 2451 1558 μέθῃ.
2470 1485 2808 1548 Ἐνύσταξε
2835 1486 2961 1556 γὰρ,
2978 1485 3163 1553 φησὶν,
3188 1487 3223 1553 ἡ
3246 1485 3419 1554 ψυχή
3443 1502 3557 1554 μου
3578 1485 3682 1538 ἀπὸ
3700 1485 3810 1548 ἀκη-

2288 1578 2423 1643 δίας
2467 1577 2555 1648 (ἣν
2584 1577 2617 1646 ἡ
2654 1575 2881 1647 συνεχὴς
2898 1576 3007 1630 τῶν
3030 1576 3296 1646 ὲμπαθῶν
3324 1576 3596 1646 λογισμῶν
3621 1572 3805 1645 ἐργάζε-

2286 1686 2376 1721 ται
2423 1667 2720 1740 τιροσϐολὴ,
2769 1670 2858 1721 τὸν
2887 1669 2987 1736 τῆς
3014 1667 3198 1738 ψυχῆς
3226 1667 3385 1721 τόνον
3420 1668 3594 1738 ἡρέμα
3633 1665 3809 1734 διακαυ-

2287 1760 2472 1829 νοῦσα)
2495 1804 2507 1823 ,
2539 1759 2675 1814 ἀλλὰ
2714 1760 2776 1812 τὸ
2800 1760 2973 1830 στόμα
2995 1759 3301 1829 τηνικαῦτα
3328 1758 3524 1829 μᾶλλον
3561 1756 3809 1824 ἀνοίγοντες

593 1860 719 1898 nem
769 1846 972 1898 sansim
1022 1846 1372 1911 relaxantes),
1423 1847 1516 1900 sed
1570 1848 1849 1915 aperimus
1906 1849 2091 1916 potius
2121 1862 2182 1902 os

2288 1853 2444 1925 (ὅπερ
2491 1853 2639 1905 ἐστὶν
2676 1854 2704 1905 ὁ
2737 1852 2866 1922 περὶ
2903 1853 3002 1915 τὰς
3032 1852 3184 1914 θείας
3223 1851 3447 1914 ἐντολὰς
3495 1846 3662 1914 πόθος,
3685 1850 3803 1916 καὶὴ

594 1956 845 1998 nostrum
896 1945 1255 2011 (desiderium
1296 1946 1544 2016 intelligo
1587 1955 1641 2000 et
1684 1946 1870 2000 cordis
1909 1947 2179 2000 fervorem

592 2036 663 2090 ad
715 2036 1141 2100 custodiendum
1178 2046 1452 2108 prmerpta
1497 2038 1705 2105 divina)
1740 2047 1802 2092 ut
1835 2038 2181 2094 attrahamus

592 2141 889 2196 supernam
927 2128 1156 2198 gratiam
1195 2144 1290 2182 seu
1333 2129 1601 2198 Spiritum
1646 2139 1915 2185 sanctum.
1970 2130 2174 2185 Verum

592 2218 732 2273 nihil
793 2217 915 2279 tibi,
955 2220 1025 2271 mi
1076 2220 1256 2284 Pater,
1299 2236 1397 2289 per
1428 2219 1524 2274 Dei
1575 2236 1841 2286 amorem,
1883 2236 2009 2276 cum
2040 2222 2178 2276 meis

593 2308 748 2363 hisce
793 2308 1186 2374 sermonibus;
1244 2311 1378 2364 mihi
1411 2312 1529 2380 ipse
1577 2312 1727 2381 leges
1758 2312 1857 2366 has
1897 2313 2036 2378 fero,
2070 2329 2182 2367 non

586 2398 749 2452 aliis:
784 2398 918 2451 mihi
947 2398 1096 2452 enim
1126 2386 1425 2465 necessitas
1448 2402 1740 2465 incumbit,
1779 2402 1851 2457 ob
1878 2403 2182 2473 iuvenilem

584 2497 830 2557 aetatem,
882 2498 993 2544 tam
1046 2505 1244 2561 aspere
1279 2508 1481 2564 corpus
1530 2509 1716 2549 meum
1771 2492 2068 2550 tractandi.

2286 1946 2387 2014 τῆς
2438 1944 2665 2015 καρδίας
2704 1946 2831 2014 περὶ
2873 1944 3041 2005 αὐτὰς
3081 1942 3285 2014 θέρμη)
3322 1944 3423 2013 τὴν
3454 1941 3643 1994 ἄνωθεν
3684 1940 3804 2009 χάριν

2281 2028 2383 2088 εἴτ’
2424 2030 2517 2088 οὖν
2545 2033 2766 2105 Πνεῦμα
2796 2035 3115 2105 ὲλκύσομεν.
3157 2035 3342 2099 Ἀλλὰ,
3376 2034 3466 2087 διὰ
3494 2034 3585 2102 τὴν
3619 2031 3699 2085 τοῦ
3726 2031 3801 2083 Κυ-

2283 2127 2402 2199 ρίου
2448 2128 2690 2197 ἀγάπην,
2740 2127 2909 2198 μηδὲν
2967 2145 3049 2181 σοι
3100 2129 3238 2198 πρὸς
3278 2130 3405 2190 τοὺς
3441 2131 3594 2196 ἐμοὺς
3635 2125 3800 2191 λόγους,

2281 2220 2506 2289 ἐμαυτῷ
2526 2222 2634 2290 γὰρ
2662 2218 2938 2287 νομοθετῶ
2964 2220 3061 2273 καὶ
3092 2220 3195 2273 οὐκ
3225 2219 3436 2282 ἄλλοις·
3473 2220 3550 2270 δεῖ
3580 2217 3674 2286 γάρ
3716 2231 3798 2284 μοι.

2281 2311 2371 2363 διὰ
2422 2310 2482 2363 τὸ
2525 2312 2644 2363 νέον
2694 2311 2797 2381 τῆς
2846 2311 3089 2382 ἡλικίας,
3118 2311 3388 2381 τοσαύτης
3436 2314 3554 2382 περὶ
3592 2308 3646 2362 τὸ
3679 2306 3798 2375 σῶμα

2286 2402 2421 2473 σκλη
2430 2403 2736 2473 ραγωγίας.

2055 2650 2285 2708 CAPUT
2320 2652 2409 2707 ΙΙΙ.

1466 2813 1698 2868 Visiones
1727 2813 1889 2878 aliaz;
1916 2810 2177 2866 miracula
2199 2824 2218 2874 ,'
2249 2810 2681 2866 terriculamenta
2714 2813 2987 2868 daemonis.

661 2968 752 3023 l9.
806 2968 875 3023 Et
937 2968 1057 3023 huic
1105 2972 1329 3038 quidem
1390 2969 1680 3041 Symeonis
1723 2968 1924 3036 oratio,
1977 2977 2180 3039 praeter

2357 2970 2442 3025 ιϐ’.
2473 2968 2714 3024 Τοιαῦτα
2778 2969 2878 3040 μὶν
2934 2969 2998 3039 δὴ
3060 2968 3127 3021 τὰ
3173 2969 3270 3023 τοῦ
3319 2970 3568 3040 Συμεὼν,
3596 2967 3671 3023 καὶ
3694 2976 3790 3034 παρ’

590 3070 812 3116 a'tatem
844 3071 900 3115 et
941 3063 1408 3130 exspectationem
1455 3061 1683 3130 prolata,
1725 3062 2026 3130 percellere
2078 3074 2183 3116 aut

2286 3060 2499 3134 ἡλικίαν
2521 3062 2616 3115 καὶ
2653 3062 2824 3133 ἀκοὴν
2864 3060 3008 3114 οὕτω
3042 3063 3227 3115 πᾶσαν
3263 3063 3576 3134 ἐκπλήττειν
3607 3058 3792 3125 δυνάμε-

594 3152 812 3207 dientes
835 3162 1078 3221 poterat:
1113 3150 1370 3207 Christus
1401 3161 1585 3206 autem
1617 3154 1713 3221 qui
1768 3152 1947 3222 ipsum
1976 3155 2184 3208 sancti-

2286 3168 2388 3207 να·
2440 3154 2675 3223 Χριστὸς
2729 3153 2807 3218 δὲ,
2857 3155 2886 3207 ὁ
2937 3153 3032 3205 καὶ
3080 3153 3172 3207 τὸν
3218 3155 3441 3226 Συμεὼν
3486 3145 3794 3223 ἁγιάσας.καὶ

598 3247 882 3309 ticaverat,
908 3246 1113 3316 quique
1137 3246 1459 3316 priusquam
1493 3254 1772 3315 pateretur
1814 3248 2021 3302 sanctis
2064 3249 2184 3303 suis

2286 3244 2392 3315 πρὸ
2438 3243 2534 3296 τοῦ
2585 3243 2826 3313 σταθῆναι
2871 3247 2984 3307 τοῖς
3031 3245 3199 3315 ἱεροῖς
3252 3245 3414 3300 αὑτοῦ
3457 3244 3689 3315 μαθηταῖς
3725 3235 3792 3286 καὶ

597 3337 887 3408 discipulis
946 3340 1325 3408 apostolisque
1394 3337 1610 3393 dixerat
1670 3356 1683 3391 :
1746 3336 2026 3406 Conﬁdite,
2087 3355 2181 3409 ego

2286 3338 2635 3401 ἀποστόλοιςο
2680 3335 2992 3405 Θαρσεῖτε,
3028 3335 3235 3401 εἰπὼν,
3278 3338 3390 3407 ἐγὼ
3428 3337 3686 3400 νενίκηκα
3714 3326 3794 3382 τὸν

595 3431 697 3486 uici
734 3431 1070 3497 mundum';
1115 3432 1460 3502 gratiamque
1515 3438 1571 3488 et
1620 3431 1885 3486 virtutem
1928 3431 2182 3500 patrandi

2286 3432 2541 3498 κόσμον,
2591 3431 2688 3483 καὶ
2717 3433 2875 3500 χάριν
2904 3431 3091 3492 αὐτοῖς
3131 3432 3227 3483 καὶ
3278 3429 3511 3500 σημείων
3539 3420 3792 3496 ἐμπνεύσας

597 3523 865 3579 miracula
895 3523 1207 3590 infuderat;
1251 3524 1341 3579 ille
1372 3524 1648 3579 similibus
1666 3522 1997 3596 Symeonem
2021 3525 2186 3579 donis

2286 3523 2535 3594 δύναμιν,
2562 3522 2946 3592 παραπλησίου
3005 3521 3214 3592 μέλλων
3267 3522 3585 3593 χαρίσματος
3626 3514 3702 3568 καὶ
3737 3506 3793 3576 τῷ

597 3617 1005 3687 impertituros,
1031 3617 1337 3687 palmisque
1364 3626 1555 3672 contra
1578 3617 1859 3672 diabolum
1886 3617 2184 3689 pugnando

2286 3614 2513 3683 Συμεὼν
2569 3612 2914 3682 μεταδοῦναι,
2942 3616 3046 3683 τήν
3072 3631 3130 3667 τε
3176 3615 3323 3667 κατά
3350 3612 3441 3666 τοῦ
3482 3607 3694 3663 διαῦόλου
3717 3616 3793 3651 πᾶν

597 3710 841 3765 obtentis
879 3710 1299 3775 nobilitaturus,
1335 3712 1612 3766 similibus
1651 3713 1818 3766 etiam
1880 3712 1949 3766 ad
2003 3712 2183 3782 ipsum

595 3802 828 3858 vocibus
861 3803 939 3857 uti
970 3802 1229 3870 dignatus
1270 3811 1375 3866 est,
1404 3803 1630 3858 dicens:
1661 3801 1899 3873 Conﬁde,
1946 3820 2040 3875 ego
2089 3805 2186 3857 vici

597 3895 877 3949 mundum.
964 3895 1176 3951 Deinde
1238 3895 1406 3950 etiam
1477 3896 1679 3951 divinae
1736 3897 1880 3953 lucis
1932 3897 2186 3951 claritate

598 3986 1110 4053 circumfunditur,
1192 3987 1583 4060 detegiturque
1637 3988 1931 4044 confestim
2006 3988 2188 4043 omnis

599 4078 1013 4148 magnificentia
1032 4080 1504 4151 atqueimperium
1523 4080 1729 4135 diaboli
1752 4097 1764 4133 :
1793 4081 1911 4150 ipse
1932 4080 2186 4134 diadema

593 4171 658 4226 in
707 4172 890 4240 capite
946 4173 1231 4242 gestabat;
1295 4172 1550 4229 astabant
1600 4174 1834 4244 integrae
1870 4174 2183 4228 daemonum

594 4262 938 4334 phalanges;
1005 4263 1073 4318 ad
1130 4265 1430 4334 voluptatis
1480 4274 1737 4320 ornatum
1778 4274 1982 4335 praesto
2027 4274 2187 4321 erant

590 4369 819 4414 aurum.
845 4354 1076 4424 pretiosi
1092 4354 1326 4424 lapides,
1351 4356 1608 4420 uniones,
1634 4365 1826 4425 utpote
1848 4356 2023 4426 magis
2044 4363 2186 4425 aptas

591 4451 669 4504 ad
700 4447 1072 4513 inducendam
1105 4447 1443 4516 voluptatem
1475 4447 1784 4514 illecebrae;
1851 4447 2186 4501 audiebatur

596 4537 870 4593 tibiarum
928 4536 1351 4607 listularumque
1395 4551 1588 4599 sonus,
1637 4544 1694 4591 et
1725 4535 1914 4591 varius
1965 4535 2188 4591 musica:

590 4640 940 4695 concentus;
1001 4610 1353 4684 cernebatur.
1397 4638 1685 4700 peccatum
1742 4627 1929 4699 specie
1960 4630 2183 4699 puellae,

2291 3703 2589 3776 ρασχέσθαι
2645 3703 2803 3772 νίκην
2861 3703 3030 3775 αὐτῷ,
3076 3704 3174 3773 τῆς
3229 3702 3353 3772 ἴσης
3404 3699 3555 3754 αὐτὸν
3610 3690 3791 3746 ἐκείνοις

2287 3797 2429 3862 ἀξιοί
2454 3798 2545 3848 καὶ
2575 3796 2785 3864 φωνῆς,
2831 3794 3174 3863 Θάρσεῳιαὶ
3190 3796 3331 3867 πρὸς
3352 3793 3502 3847 αὐτὸν
3527 3786 3694 3847 εἰπὼν,
3708 3779 3792 3848 ἐγὼ

2287 3891 2580 3959 νενίκηκα
2618 3892 2726 3945 τὸν
2750 3894 3005 3962 κόσμον.
3045 3886 3176 3944 Εἶτα
3218 3893 3314 3946 καὶ
3369 3889 3484 3945 θεία
3515 3884 3625 3954 περὶ
3667 3874 3788 3933 ait?”

2290 3982 2559 4052 ἔλλαμψις
2589 3984 2821 4050 γίνεται,
2856 3983 2948 4036 καὶ
2971 3984 3146 4038 πᾶσαι
3180 3984 3276 4037 τοῦ
3305 3981 3537 4036 διαϐόλου
3568 3972 3725 4043 ἁθρόον
3747 3962 3787 4018 αί

2289 4073 2582 4142 φαντασίαι
2617 4075 2713 4127 καὶ
2745 4075 3017 4144 βασιλεῖαι
3046 4074 3199 4143 αὐτῷ
3247 4073 3631 4127 ὑποδείκνυνται
3659 4077 3669 4090 ’
3694 4056 3783 4112 διά-

2288 4166 2437 4234 δημα
2463 4172 2561 4236 μὲν
2598 4169 2805 4231 ἐκεῖνος
2835 4169 2929 4220 ἐπὶ
2956 4167 3200 4234 κεφαλῆς
3230 4168 3388 4237 ἔχων,
3418 4166 3470 4217 al
3510 4161 3559 4214 δὲ
3587 4156 3676 4210 τῶν
3699 4152 3784 4251 διας

2293 4257 2469 4327 μόνων
2502 4257 2654 4329 αὐτῷ
2704 4256 3052 4327 παρεστῶσαι
3074 4255 3376 4324 φάλαγγες,
3403 4248 3581 4322 χρυσός
3619 4258 3665 4293 τε
3687 4250 3768 4303 πιρ

2288 4347 2438 4418 αὐτῷ
2464 4347 2600 4416 πρὸς
2627 4348 2719 4401 τὸν
2750 4345 2860 4399 τῶν
2890 4346 3092 4416 ἡδονῶν
3115 4346 3341 4415 κόσμον,
3368 4342 3456 4395 καὶ
3488 4338 3608 4391 λίθοι
3628 4330 3780 4395 τίμιοι,

2289 4441 2385 4493 καὶ
2442 4443 2795 4509 μαργαρῖται,
2867 4437 2957 4491 ἵνα
2986 4438 3080 4490 καὶ
3117 4422 3317 4506 μᾶλλον
3346 4431 3450 4488 εἷεν
3502 4418 3781 4509 ἐπαγωγᾷτε·

2293 4508 2528 4603 ραιΪΗν
2558 4530 2614 4582 δὲ
2642 4527 2738 4581 καὶ
2760 4527 2942 4581 αὐλῶν
2967 4528 3210 4593 ἀκούειν,
3248 4529 3338 4582 καὶ
3368 4525 3618 4594 σύριγγος,
3635 4508 3780 4581 μέλους

2288 4639 2349 4675 τε
2407 4619 2665 4692 μουσικοῦ
2701 4620 2903 4683 παντὸς
2950 4638 2963 4652 ·
3017 4620 3092 4683 ὡς
3138 4618 3408 4689 θυγατέρα
3443 4631 3497 4667 τε
3541 4610 3625 4677 τὴν
3648 4605 3781 4670 ἁμαρ·

599 4738 728 4779 cum
758 4722 1059 4778 comitibus
1092 4722 1231 4787 suis,
1266 4722 1335 4778 ad
1366 4696 1787 4793 turpitudinem
1819 4696 2076 4778 homines
2107 4723 2186 4778 al-

2291 4715 2414 4768 τίαν
2445 4713 2714 4766 συνοῦσαν
2737 4714 2850 4774 τοῖς
2876 4711 3097 4779 ὀλέθρια
3121 4708 3517 4778 δελεαζομένοις
3541 4718 3554 4733 ·
3578 4696 3688 4793 ἐκεῐλ
3708 4703 3779 4793 τε·

600 4812 922 4869 licientibus
946 4831 960 4866 :
988 4813 1101 4869 illic
1126 4813 1468 4870 curiositatis
1508 4815 1899 4885 nequitiaeque,
1932 4815 2025 4870 hic
2069 4814 2179 4868 dif-

596 4905 865 4971 ﬁdentiae,
920 4906 1135 4962 inertiae
1167 4914 1225 4962 et
1253 4906 1552 4962 oblivionis
1588 4908 1817 4977 spiritus
1843 4906 2180 4971 residebant;

594 4996 832 5066 spiritus
853 5006 1039 5053 autem
1067 4998 1312 5054 avaritia:
1358 4998 1601 5054 diductis
1645 4999 1882 5053 immane
1954 4998 2186 5052 rictibus

600 5087 814 5153 hiabat,
834 5088 1010 5146 veluti
1040 5105 1151 5143 non
1180 5089 1466 5144 satiandus
1505 5089 1614 5143 nisi
1664 5089 1925 5144 universa
1984 5089 2184 5143 absor-

597 5176 833 5247 psisset;
884 5177 981 5246 qui
1020 5176 1330 5232 istiusmodi
1361 5193 1545 5233 rerum
1577 5178 1790 5248 species
1833 5177 2181 5242 exhibentes,

598 5254 949 5321 conabantur
974 5266 1302 5339 Symeoncm
1330 5284 1552 5339 quoque
1593 5269 1661 5323 ad
1693 5284 1752 5324 se
1806 5269 2088 5338 pellicere.
2113 5270 2183 5323 At

598 5357 692 5411 ille
715 5357 998 5423 consuetis
1024 5359 1215 5414 armis.
1241 5359 1468 5414 salutari
1498 5360 1627 5416 Jcsu
1642 5361 1866 5415 nomine
1891 5359 2181 5428 erucisque

599 5448 758 5517 signo
805 5463 864 5502 sc
926 5447 1203 5513 muniens,
1267 5449 1525 5504 universa
1596 5450 1891 5506 confestim
1963 5459 2180 5520 spectra

678 5603 699 5635 ⁵
727 5604 868 5662 Gen.
894 5622 969 5671 ix,
1001 5605 1055 5659 5.

1134 5607 1154 5637 ¹
1188 5606 1333 5662 Psal.
1380 5621 1566 5672 cxvm,
1599 5605 1691 5661 9.8.
1770 5607 1791 5638 ³
1823 5606 1980 5663 Joan.
2014 5623 2126 5674 xvi,
2156 5606 2249 5664 53.

2292 4803 2540 4876 ριεργίας
2602 4803 2816 4872 πνεῦμα
2878 4804 2973 4855 καὶ
3039 4805 3321 4872 πονηρίας.
3383 4796 3519 4850 Ἐκεῖ
3556 4779 3779 4876 inuisior;

2290 4865 2393 4949 διαὶ·
2417 4865 2693 4966 ῥᾳθυμίας
2717 4865 2811 4947 διαὶ
2837 4893 3031 4964 λήθης,
3066 4895 3128 4947 τὸ
3238 4895 3336 4963 τῆς
3364 4865 3773 4966 φιλαργυρίας-καὶ

2291 4987 2411 5040 λίαν
2468 4986 2699 5057 φοϐερὸν
2749 4985 3021 5056 ἑκεχῄνει,
3056 4984 3247 5055 ὥσπερ
3311 4980 3416 5036 οὐδ’
3447 4979 3507 5031 ἂν
3556 4962 3777 5067 εἰ.πξντ⁶

2293 5074 2553 5130 καταπίοι
2582 5074 2940 5146 χορτάζεσθαι
2973 5074 3188 5144 μέλλον.
3218 5073 3394 5127 Ταῦτα
3419 5066 3571 5125 οὕτως
3614 5058 3776 5146 δρώμξ’

2289 5187 2377 5234 να,
2412 5169 2506 5222 καὶ
2534 5167 2791 5236 τοιαύτην
2817 5167 3120 5236 φαντασίαν
3148 5162 3503 5221 ἐπιδεικνύντα
3527 5198 3538 5221 ,
3562 5136 3776 5241 inarari:

2290 5262 2416 5316 σθαι
2452 5262 2588 5329 πρὸς
2622 5261 2791 5315 ἑαυτὰ
2814 5261 2909 5313 καὶ
2940 5260 3033 5313 τὸν
3064 5258 3284 5329 Συμεὼν
3309 5252 3545 5319 ἐπειρᾶτο
3574 5260 3585 5274 ⁸
3614 5243 3639 5293 ὁ
3659 5236 3776 5294 δὲτῴ

2290 5354 2507 5426 συνήθει
2542 5354 2638 5407 καὶ
2672 5349 2767 5403 νῦν
2792 5350 2940 5420 ὅπλῳ
2968 5392 2985 5417 ,
3019 5356 3086 5423 τῇ
3111 5353 3205 5405 τοῦ
3244 5344 3469 5419 Χριστοῦ
3503 5332 3776 5426 φραξὰμξνξις

2289 5448 2594 5520 ἐπικλήσει,
2624 5448 2722 5520 τήν
2748 5465 2808 5501 τε
2842 5447 2937 5500 τοῦ
2963 5445 3197 5515 σταυροῦ
3239 5436 3492 5513 σφραγῖδα
3542 5428 3636 5488 τοῖς
3679 5417 3774 5469 0⁵⁸⁸

677 5757 755 5829 ιε)
799 5759 878 5815 Er.
907 5745 1161 5817 versione
1185 5761 1345 5829 LXX,
1375 5778 1535 5832 quam
1587 5764 1790 5837 ubique
1816 5764 1974 5820 citari
2004 5764 2058 5819 in
2091 5763 2194 5820 hac
2236 5763 2353 5819 lita
2376 5779 2527 5822 more
2555 5764 2893 5835 Graecorum,
2930 5771 3177 5821 notatum
3219 5757 3398 5817 velim.
