4026 6292
143 381 305 445 3005'

1169 375 1342 436 VlTA
1382 376 1427 433 Α
1465 371 1901 443 NICEPHQRO
1938 376 2422 440 CONSCRIPTA.

3248 374 3387 440 3006

149 506 322 560 μασιν
343 488 575 550 ἐκείνοις
606 486 903 551 ἐπιϐαλὼν,
927 484 1125 540 αὐτίκα
1158 485 1334 539 πάντα
1356 482 1717 549 emneatu,

1831 485 2074 558 dissipat,
2124 486 2591 559 quemadmodum
2639 483 2889 554 dissipari
2932 482 3172 541 tenebrae
3210 488 3388 544 solent

145 584 406 651 καθάπερ
429 596 483 632 τι
516 579 706 641 σκότος
734 578 928 646 αὐγαῖς
960 576 1111 647 ἡλίου
1133 575 1473 629 διαλυθέντα.

222 684 294 730 κ’.
317 674 474 730 Μετά
531 670 715 741 μέντοι
762 672 860 734 τὰς
906 670 1196 732 νυκτώδεις
1230 668 1320 721 καὶ
1343 668 1532 732 νυκτὸς
1562 666 1723 732 ἀξίας

148 762 450 831 φαντασίας
504 758 720 822 ὲκείνας
774 758 1108 827 τελιωτέρας
1151 752 1304 819 αὖθις
1345 755 1663 826 ὲλλάμψεως
1695 758 1723 808 ὁ

148 850 378 921 Συμεὼν
425 850 708 915 ἀξιοῦται·
740 849 864 902 ἐπεὶ
912 850 1005 901 καὶ
1036 847 1149 917 φῶς
1195 847 1506 901 ἀκολουθεῖν
1556 848 1725 915 ἀναγ-

149 947 307 998 καῖ’»ν
338 983 353 1007 ,
388 942 612 1009 σκότους
637 941 1093 1011 ὑποχωρήσαντος
1119 981 1132 995 .
1199 941 1506 1003 Ἀντενίσας
1557 942 1666 1008 γάρ
1703 977 1719 1002 ,

150 1032 281 1085 ναδν
313 1033 413 1103 ὁρᾷ
431 1033 570 1084 θεῖον
595 1032 675 1093 είς
705 1030 955 1101 οὐρανὸν,
979 1029 1104 1096 δόξα
1122 1046 1183 1082 τε
1206 1030 1368 1083 αὑτὸν
1390 1029 1599 1083 ἐκεῖθεν
1628 1030 1722 1081 εὐ-

153 1123 254 1186 θὺς
284 1122 621 1193 περιέλαμψε
660 1138 674 1152 ·
708 1122 801 1177 καί
847 1139 931 1186 τις
982 1121 1092 1173 τῶν
1148 1122 1521 1193 πατριαρχῶν,
1551 1120 1723 1191 μύρον

154 1216 255 1285 ἡδύ
291 1233 342 1270 τι
377 1217 473 1268 καὶ
501 1216 642 1269 θεῖον
671 1214 872 1279 ἀπόζον
899 1216 956 1267 ὲν
990 1217 1172 1284 χεροῖν
1196 1214 1359 1284 ἔχων,
1388 1215 1724 1281 ἀποσταγεὶς

156 1311 295 1379 πρὸς
320 1309 483 1362 αὐτὸν
512 1310 606 1361 καὶ
633 1310 960 1378 σφραγίσας,
993 1308 1209 1379 ἔχρισεν
1241 1309 1409 1363 εἰπών
1434 1324 1447 1338 ·
1509 1309 1596 1361 Ἑν
1646 1306 1725 1376 τῷ

159 1397 319 1466 μύρῳ
346 1397 520 1467 τούτῳ
558 1397 769 1461 διώξεις
819 1399 945 1462 τοὺς
977 1398 1255 1467 δαίμονας,
1282 1394 1433 1448 θείαν
1475 1410 1533 1446 τε
1563 1392 1723 1446 δύνα-

159 1508 254 1560 μιν
279 1490 339 1554 ἐξ
361 1490 527 1558 ὕψους
557 1491 615 1542 ἐν
641 1489 803 1559 ὀσφύῖ
845 1490 1312 1560 περιζωσάμενος,
1338 1486 1500 1545 κενάς
1545 1484 1726 1538 αὐτῶν

156 1576 262 1639 τὰς
291 1577 596 1646 προσϐολὰς
625 1578 720 1630 καὶ
748 1578 845 1641 τὰς
871 1577 1162 1640 επιϐουλὰς
1190 1574 1723 1644 ἀποδείξεις.Θάρσει

152 1670 467 1739 τοιγαροῦν,
500 1670 771 1732 πεποιθὼς
805 1673 870 1739 τῇ
894 1671 988 1723 τοῦ
1021 1668 1347 1738 ποιήσαντός
1379 1686 1439 1721 σε
1463 1665 1720 1737 σφραγῖδι

153 1760 395 1827 Χριστοῦ
424 1775 437 1789 ⁸
465 1761 564 1813 οὐκ
626 1761 899 1831 ὠφελήσει
944 1761 1053 1830 γὰρ
1111 1759 1304 1829 ἐχθρὸς
1350 1756 1444 1811 ἐπὶ
1488 1758 1603 1819 σοὶ,
1632 1756 1725 1810 καὶ

152 1849 270 1911 υἱὸς
304 1850 532 1920 ἀνομίας
564 1850 623 1903 οὐ
653 1849 950 1920 προσθήσει
980 1848 1226 1904 κακῶσαί
1257 1866 1336 1902 σε.

230 2027 335 2080 κα’.
374 2027 665 2091 Τοιαύταις
713 2030 742 2081 ὀ
793 2028 932 2090 θεῖος
983 2028 1206 2098 Συμεὼν
1250 2027 1519 2097 ἐνετρύφα
1573 2028 1722 2099 παρά

155 2117 293 2170 Θεοῦ
327 2118 604 2188 θεωρίαις,
637 2119 905 2190 τοσαύτης
935 2120 1140 2172 ἐκεῖθεν
1172 2120 1306 2188 πρὸς
1340 2119 1464 2181 τοὺς
1494 2123 1724 2189 ἀσκητι-

157 2204 290 2266 κοὺς
336 2202 557 2272 ἀγῶνας
605 2204 855 2268 εὐδοκίας
891 2203 1111 2274 ἠξίωτο.
1154 2204 1333 2273 "Amp
1366 2203 1467 2256 οὐκ
1499 2203 1742 2275 ἐλελήθει

154 2293 251 2347 τὸν
278 2294 531 2363 Ἰωάννην
553 2310 565 2323 °
591 2294 668 2359 ὡς
699 2295 808 2367 γάρ
838 2297 945 2349 τῶν
975 2296 1165 2351 ἑαυτοῦ
1191 2294 1364 2365 φύντα
1394 2295 1742 2365 σπλάγχνων,

152 2383 333 2447 οὕτως
356 2385 504 2454 ἑώρα
543 2387 634 2438 τὸν
663 2386 909 2457 Συμεὼν,
947 2388 1036 2441 διὰ
1062 2388 1122 2440 τὸ
1148 2386 1282 2440 πολὺ
1338 2387 1431 2439 καὶ
1464 2386 1593 2455 παρ’
1621 2386 1740 2457 ἡλι-

153 2477 283 2530 κίαν
316 2477 417 2546 τῆς
450 2478 652 2549 ἀρετῆς
675 2521 689 2544 ,
718 2481 812 2533 καὶ
844 2480 1140 2551 μανθάνειν
1174 2481 1239 2534 τά
1268 2479 1388 2533 κατ’
1416 2480 1579 2551 αὐτὸν
1614 2480 1743 2549 περὶ

151 2571 362 2634 παντὸς
401 2573 659 2637 ἐποιεῖτο,
707 2568 789 2637 οἷς
831 2573 1104 2627 ἀκόλουθα
1151 2574 1324 2645 δήπου
1367 2574 1460 2627 καὶ
1490 2546 1737 2640 τέὲξῆς.

163 2660 336 2732 Ἀνὴρ
362 2663 471 2735 γάρ
520 2680 603 2728 τις
636 2666 969 2735 παρειμένος
1000 2666 1061 2717 τὸ
1088 2668 1260 2734 ίσχίον
1299 2666 1392 2718 καὶ
1421 2666 1613 2735 χρόνον
1639 2665 1737 2735 ήδη

151 2755 376 2824 συχνὸν,
412 2755 626 2819 ὀδύναις
664 2774 727 2808 τε
757 2755 916 2810 τοῦτο
952 2757 1229 2827 δριμείαις
1264 2755 1627 2826 βαλλόμενος,
1663 2755 1739 2821 ὡς

153 2846 282 2918 μηδ’
320 2842 434 2909 οἶός
465 2864 524 2899 τε
569 2843 709 2900 εἴναι
750 2851 1100 2901 παντάπασιν
1146 2846 1423 2917 ἀνακύψαι
1446 2888 1460 2911 ,
1496 2847 1738 2916 συνεχῶς

146 2941 219 3009 τῇ
253 2942 387 3009 μονῇ
414 2940 633 3009 φοιτῶν,
666 2942 768 3010 τήν
801 2957 860 2993 τε
896 2941 1054 3010 ξένην
1084 2940 1178 2993 τοῦ
1208 2940 1433 3010 Συμεὼν
1461 2941 1517 2993 ὲν
1550 2939 1736 3010 ἡλικίᾳ

1821 578 2032 649 fulgore
2061 581 2211 635 solis.
2855 603 2859 607 ν
3416 634 3421 639 .

1889 670 1978 724 9.0.
2003 670 2285 742 Luciiugis
2318 671 2471 726 hisce
2497 668 2897 739 nocturnisque
2932 667 3246 723 visionibus
3271 669 3389 724 dis—
3416 718 3421 723 .

1821 761 2020 822 cassis,
2040 760 2252 814 meliori
2288 760 2472 816 denuo
2516 760 2881 815 illustratione
2941 758 3139 829 dignus
3173 758 3389 829 judica~

1824 859 1948 916 tur;
2005 852 2250 907 tenebris
2288 853 2493 921 quippe
2539 852 2787 920 depulsis
2825 850 3013 905 lumen
3091 851 3392 907 succedere

1822 959 2044 999 necesse
2070 954 2173 1000 est.
2190 943 2320 998 Nam
2345 944 2472 999 dum
2499 944 2616 998 lixis
2642 943 2905 1012 templum
2923 943 3167 997 intuetur
3189 941 3387 1006 oculis,

1823 1035 1975 1090 videt
2005 1036 2099 1089 Dei
2130 1037 2472 1105 maiestatem
2498 1035 2552 1088 in
2579 1034 2753 1090 cmlo:
2804 1035 3181 1103 continuoque
3216 1033 3390 1103 gloria

1823 1128 1951 1181 itule
2001 1126 2202 1181 dill‘usa
2262 1125 2590 1196 Symeonetn
2645 1123 3032 1184 circumfulsit,
3056 1130 3111 1175 et
3155 1121 3393 1190 patriar-

1824 1222 2051 1270 charum
2084 1214 2358 1284 quispiam
2386 1213 2917 1283 unguentum,quod
2950 1229 3117 1267 suave
3152 1228 3216 1267 ac
3248 1212 3393 1266 divi-

1825 1306 2257 1375 numquidpiam
2292 1304 2597 1367 redolebat,
2635 1304 2887 1358 manibus
2921 1303 3230 1372 praelatum,
3266 1310 3394 1372 gut-

1828 1397 1982 1450 latim
2023 1397 2234 1451 stillare
2264 1395 2414 1459 facit,
2449 1395 2714 1462 unxitque
2776 1394 2979 1462 ipsum,
3041 1393 3267 1446 dicens:
3333 1392 3393 1445 ln

1823 1488 2033 1542 virtute
2064 1488 2230 1559 hujus
2261 1486 2529 1558 unguenti
2565 1484 2783 1554 fugabis
2834 1485 3131 1548 daemonas,
3178 1483 3396 1536 divino-

1825 1595 1932 1651 que
1984 1578 2184 1633 robore
2205 1579 2274 1633 ab
2335 1578 2551 1633 excelso
2602 1576 2805 1630 lumbis
2842 1575 3142 1638 accinctus,
3192 1574 3385 1629 inanes

1827 1672 2070 1740 ipsorum
2094 1685 2216 1725 esse
2254 1670 2491 1737 impetus
2514 1666 2849 1734 insidiasque
2875 1662 3396 1718 ostendes.Conlide

1829 1762 2019 1832 igitur,
2043 1774 2273 1830 sperans
2308 1759 2363 1811 in
2392 1757 2622 1819 Christi,
2662 1756 2754 1825 qui
2801 1765 2851 1810 te
2907 1756 3136 1818 creavit,
3190 1755 3343 1824 signo
3379 1770 3394 1805 :

1826 1868 1935 1907 non
1968 1836 2114 1907 enim
2146 1849 2400 1920 proficiet
2431 1849 2692 1902 inimicus
2716 1848 2772 1901 in
2799 1857 2871 1910 te,
2902 1855 2957 1901 et
2993 1845 3137 1900 ﬁlius
3186 1846 3398 1914 iniqui-

1827 1948 1953 1999 tatis
1981 1957 2091 1995 non
2121 1948 2361 2009 apponet
2387 1954 2587 1993 nocere
2619 1938 2743 1992 tibi.
2804 1947 2821 1956 '

1896 2032 1983 2087 21.
2017 2031 2332 2086 Istiusmodi
2364 2029 2657 2086 submissis
2680 2046 2711 2084 a
2747 2030 2861 2083 Deo
2918 2028 3250 2098 spectaculis
3300 2043 3392 2083 rc-

1824 2125 2115 2181 creabatur
2142 2123 2399 2195 Symeon.
2425 2122 2979 2194 prreveniebaturque
3026 2122 3262 2191 gratuita
3292 2120 3398 2177 bac

1824 2215 2228 2278 benevolentia,
2261 2222 2322 2267 ut
2347 2229 2447 2283 par
2468 2213 2719 2267 ascetica:
2746 2213 2873 2266 vitae
2900 2211 3184 2265 laboribus
3234 2222 3398 2280 atque

1824 2308 2226 2363 certaminibus
2285 2306 2459 2361 fieret.
2493 2306 2672 2374 Atque
2736 2304 2825 2357 illa
2872 2302 3138 2357 Joannem
3174 2301 3400 2355 minime

1824 2398 2135 2467 fugiebant:
2158 2398 2363 2467 quippe
2394 2396 2721 2467 Symeonem
2754 2404 2978 2464 propter
3004 2392 3238 2461 plurima
3262 2407 3397 2462 prae.

1824 2489 2219 2557 stantioraque,
2271 2502 2433 2557 quam
2454 2487 2506 2539 in
2530 2487 2619 2539 illa
2640 2493 2799 2540 etate
2822 2486 3004 2539 solent
3038 2484 3243 2563 inesse,
3277 2482 3398 2535 vir-

1825 2586 2005 2632 tutum
2045 2577 2268 2643 decora,
2303 2593 2415 2632 non
2449 2592 2608 2631 secus
2660 2575 2986 2630 observabat
3033 2588 3195 2642 quam
3224 2570 3398 2625 ﬁlium

1825 2684 1894 2723 ex
1920 2684 1979 2724 se
2010 2676 2363 2739 prognatum,
2404 2666 2917 2734 instituendumque
2943 2664 3175 2718 curabat
3218 2662 3398 2716 omni-

1825 2761 1952 2827 bus,
1978 2776 2102 2830 quae
2149 2760 2216 2814 ad
2258 2761 2438 2829 ipsum
2504 2758 2857 2827 Spectabant:
2908 2770 3145 2825 quorum
3207 2756 3398 2824 utique

1825 2853 2060 2907 eil‘ectus
2109 2859 2238 2907 sunt
2295 2863 2418 2917 quae
2464 2848 2889 2902 subuectuntur.
2934 2843 3031 2897 Vir
3090 2842 3313 2912 quidam
3366 2857 3400 2897 a

1826 2945 1990 3014 longo
2012 2944 2124 3014 jam
2154 2949 2400 3010 tempore
2430 2939 2640 2993 viribus
2677 2936 2999 2998 destitutus,
3060 2935 3400 3006 gravissimis

144 3032 377 3103 τοιαύτῃ
405 3033 680 3087 πολιτείαν
718 3033 885 3105 ὁρῶν,
919 3033 1165 3086 πείθεται
1194 3034 1295 3104 τὴν
1320 3033 1518 3104 ψυχὴν,
1547 3033 1623 3097 ὼς
1659 3031 1732 3085 εί-

1831 3036 2182 3108 premebatur
2216 3032 2534 3096 doloribus;
2571 3044 2674 3083 nec
2717 3030 2827 3083 ulla
2883 3030 3111 3083 omnino
3150 3028 3400 3082 adhibita

147 3139 258 3194 περ
293 3119 447 3184 οὗτος
479 3125 623 3195 ὑπὲρ
655 3124 819 3177 αὐτοῦ
842 3125 1058 3196 δεηθείη
1087 3167 1100 3187 ,
1123 3126 1255 3193 ὑγιᾶ
1289 3126 1448 3180 πάλιν
1473 3125 1637 3178 αὑτὸν
1658 3124 1732 3188 ὼς

1831 3127 2102 3182 medicina
2150 3133 2364 3195 poterat
2390 3123 2595 3177 levari:
2649 3122 2889 3190 dumque
2933 3120 3231 3175 identidem
3284 3134 3401 3172 mo-

143 3214 243 3268 καὶ
265 3215 532 3287 πρότερον
574 3217 602 3269 ὁ
643 3216 775 3280 Θεὸς
813 3218 1257 3284 ἀποκαταστήσει
1278 3233 1292 3247 ⁸
1321 3218 1414 3271 καὶ
1448 3215 1732 3289 προελθὼν

139 3305 225 3376 τῷ
255 3304 477 3381 Ἰωάννῃ
502 3308 673 3362 δεῖται
693 3308 913 3380 θερμῶς
935 3308 1192 3379 δεηθῆναι
1217 3310 1377 3363 πάλιν
1397 3311 1559 3363 αὐτὸν
1590 3309 1733 3364 ὲκεί-

162 3403 258 3438 νου
304 3389 703 3454 προσεύξασθαι
743 3392 871 3459 περὶ
907 3391 1094 3445 αὑτοῦ.
1134 3393 1191 3444 '0
1224 3394 1323 3462 μὲν
1351 3392 1441 3448 οὖν
1479 3396 1730 3465 Ἰωάννης

165 3478 304 3548 πρὸς
330 3481 391 3531 τὸ
415 3479 508 3532 τοῦ
540 3481 729 3550 ἀνδρὸς
760 3483 929 3545 πάθος
961 3484 1243 3554 σπλάγχνα
1287 3486 1495 3550 παθὼν,
1528 3491 1596 3560 τῇ
1635 3489 1733 3558 βά-

165 3585 250 3620 σει
303 3574 646 3641 παραστῆναι
687 3572 780 3625 τοῦ
827 3574 1051 3643 Συμεὼν
1095 3577 1507 3645 παραγγέλλει·
1543 3580 1731 3633 ἔπειτα

164 3665 443 3731 παραινεῖ,
497 3664 852 3732 συμϐουλεύει
910 3666 988 3732 τῷ
1042 3667 1285 3735 Συμεὼν,
1333 3669 1517 3739 ἱκέτης
1567 3672 1729 3724 αὐτοῦ

162 3752 329 3805 πάλιν
366 3755 571 3817 ἐκεῖνος
602 3755 832 3822 γίνεται,
865 3757 940 3826 μὴ
977 3757 1117 3811 οὕτω
1148 3760 1390 3828 σφοδρῶς
1432 3761 1731 3831 ἀλγυνομέ-

162 3860 259 3896 νου
288 3844 380 3897 τοῦ
409 3846 709 3914 κάμνοντος
739 3848 1034 3915 ὑπεριδεῖν,
1063 3848 1175 3901 ἀλλ’
1217 3850 1472 3917 εὔξασθαί
1504 3870 1560 3904 τε
1592 3854 1732 3924 ὑπὲρ

160 3935 332 3989 αὑτοῦ
381 3939 473 3991 καὶ
512 3940 700 4008 χεῖρας
750 3938 900 4007 αὐτῷ
946 3940 1236 3995 ἐπιθεῖναι.
1290 3942 1350 3995 '0
1400 3942 1454 3996 δὲ
1490 3943 1582 3996 καὶ
1614 3942 1733 3997 λίαν

162 4024 475 4094 ἀχθεσθεὶς,
500 4026 821 4098 ἁμαρτωλὸν
859 4028 1047 4083 ἑαυτὸν
1076 4029 1278 4094 ἐκάλει,
1309 4032 1401 4083 καὶ
1439 4031 1514 4093 ὡς
1548 4031 1733 4099 μεῖζον

161 4116 197 4185 ἢ
228 4116 367 4169 κατὰ
395 4117 490 4179 τὴν
507 4115 701 4172 ἑαυτοῦ
719 4118 967 4189 δύναμιν,
999 4121 1060 4173 τὸ
1098 4121 1377 4188 ἐπίταγμα
1415 4124 1730 4194 παρῃτεῖτο.

177 4208 330 4260 Ἐπεὶ
373 4207 427 4259 δὲ
467 4208 496 4259 ὁ
539 4208 790 4277 Ἰωάννης
839 4209 976 4274 μεεά
1008 4209 1114 4262 τῶν
1146 4212 1241 4261 σὺν
1272 4210 1419 4280 αὐτῴ
1440 4213 1538 4263 οὐκ
1571 4212 1730 4275 ἀνίει,

162 4297 301 4352 ἀλλά
356 4297 684 4367 θερμότερον
740 4300 819 4352 ἔτι
879 4301 1076 4368 μᾶλλον
1137 4302 1436 4366 ἐπέκειντο,
1486 4302 1584 4371 tes.
1640 4303 1735 4355 καὶ

165 4387 409 4458 βραδέως
442 4388 706 4451 πεισθεὶς,
735 4390 891 4459 χεῖρά
942 4407 1000 4443 τε
1052 4391 1128 4459 τῷ
1187 4392 1448 4459 πάσχοντι
1505 4392 1732 4459 ἐπιθεὶς,

1828 3214 2127 3269 nastcrium
2178 3212 2514 3279 frequentat,
2563 3209 2955 3277 insolitamque
3002 3208 3290 3278 Symconis
3338 3208 3396 3261 in

1834 3296 1922 3351 illa
1971 3304 2131 3350 :etate
2179 3292 2575 3364 perfectionem
2626 3300 2799 3355 notat,
2852 3291 3108 3345 fiduciam
3177 3286 3417 3356 concipit

1830 3389 1949 3446 fore
1988 3397 2049 3443 ut
2099 3386 2541 3457 Deuspristinae
2595 3401 2653 3440 se
2688 3383 2991 3438 valetudini
3046 3383 3321 3446 restituat,
3369 3379 3415 3434 si

1832 3481 2070 3554 Symcon
2119 3481 2449 3551 deprecator
2496 3477 2892 3533 intercedebat.
2931 3476 3114 3543 Itaque
3148 3472 3415 3527 Joannem

1829 3569 2020 3626 adiens
2065 3573 2226 3625 enixe
2256 3578 2448 3639 rogat,
2484 3567 2814 3639 Symeonem
2862 3566 3121 3636 precibus
3166 3564 3284 3617 suis
3318 3578 3416 3615 ex-

1827 3679 1987 3719 orare
2014 3662 2165 3728 velit,
2196 3672 2253 3715 ut
2286 3677 2385 3731 pro
2411 3677 2470 3715 se
2495 3661 2700 3714 misero
2724 3658 3026 3711 intercedat
3056 3654 3197 3722 apud
3222 3652 3414 3706 Deum.

1826 3754 2403 3823 Joannes,conspvcto
2430 3752 2530 3805 viri
2557 3751 2752 3805 allecto
2771 3765 3023 3819 corpore,
3050 3747 3415 3802 commisera-

1827 3847 1977 3902 tione
2021 3855 2222 3909 tactus,
2262 3843 2460 3898 adduci
2484 3844 2550 3897 ad
2578 3844 2890 3896 columnam
2917 3840 3209 3913 Symeonis
3234 3838 3412 3908 ipsum

1828 3944 2095 4011 imperat;
2134 3938 2332 3993 deinde
2373 3937 2595 3992 hortatu
2636 3950 2940 4004 suasuque,
2974 3933 3203 4002 supplex
3232 3932 3416 3985 denuo

1832 4029 2034 4091 factus.
2051 4029 2310 4084 inducere
2329 4028 2508 4080 virum
2524 4033 2774 4080 sanciunt
2795 4033 3048 4089 conatur,
3076 4031 3134 4076 ut
3155 4039 3220 4077 ne
3235 4022 3416 4090 despi-

1827 4121 1940 4178 ciat
1957 4129 2067 4175 tam
2082 4120 2322 4192 graviter
2339 4116 2802 4179 laborantem,sed
2824 4129 3017 4185 preces
3034 4129 3133 4183 pro
3152 4115 3271 4180 ipso
3294 4112 3417 4167 fun-

1836 4210 1931 4265 dat
1955 4222 2261 4276 manusque
2296 4208 2557 4273 imponat.
2585 4201 2638 4255 ls
2666 4208 2853 4256 autem
2881 4199 3271 4253 molestissime
3303 4197 3409 4252 hoc

1837 4301 2041 4359 ferens.
2078 4299 2425 4367 pec’catorem
2453 4309 2512 4348 se
2536 4291 2915 4360 nuncupabat,
2949 4288 3403 4358 mandatumque,

1839 4392 1986 4462 quod
2016 4392 2168 4445 vires
2198 4404 2326 4443 suas
2357 4385 2625 4441 excedere
2650 4383 2961 4452 inquiebat,
2980 4380 3406 4450 deprecabatur.

163 4474 261 4526 καὶ
311 4474 431 4526 ὅλον
476 4474 663 4527 ἑαυτὸν
706 4478 785 4539 είς
822 4479 986 4547 εὐχὴν
1025 4479 1342 4550 ἐπιτρέψας·
1386 4479 1527 4548 Ἐγὼ
1570 4481 1669 4551 μὲν
1704 4483 1732 4534 ὁ

1833 4485 2083 4553 Cumque
2107 4482 2349 4537 Joannes
2375 4494 2499 4534 cmn
2559 4476 2674 4531 suis
2724 4473 2867 4528 nihil
2917 4472 3249 4535 remitteret,
3298 4472 3409 4523 imo

162 4564 489 4634 ἁμαρτωλὸς
514 4568 815 4636 σφραγίζω,
841 4568 967 4638 εφη,
1000 4572 1065 4638 τῇ
1083 4570 1176 4622 τοῦ
1191 4571 1424 4641 Χριστοῦ
1457 4575 1733 4642 σφραγῖδι,

160 4654 309 4709 κατὰ
336 4654 393 4707 δὲ
418 4656 517 4725 τὴν
542 4657 721 4711 πίστιν
752 4660 905 4729 ὑμῶν
926 4660 1209 4733 γενηθήτω
1229 4663 1304 4730 τῷ
1325 4665 1614 4733 πάσχοντιο
1644 4666 1738 4718 καὶ

164 4751 509 4819 παραχρῆμα
572 4751 863 4821 θεραπείας
901 4752 1096 4825 τυχὼν,
1144 4756 1374 4828 ἀπῆλθε,
1425 4759 1599 4813 λαλῶν
1642 4758 1738 4832 ὅλῃ

161 4836 381 4909 γλώττῃ
411 4838 508 4903 τὰς
546 4839 641 4892 τοῦ
672 4840 809 4895 Θεοῦ
838 4842 1178 4910 δυναστείας.

238 5103 344 5173 κβκ
388 5100 523 5158 Εἶτα
551 5106 883 5173 προσάγεται
939 5124 1023 5170 τις
1066 5107 1215 5176 αὐτῷ
1244 5108 1512 5177 δαιμονῶν
1535 5129 1548 5143 υ
1585 5111 1679 5167 καὶ
1710 5113 1741 5163 ὁ

164 5198 269 5266 μὲν
322 5195 530 5264 δαίμων
570 5197 661 5248 τὸν
708 5196 932 5266 Συμεὼν
978 5199 1172 5251 αὐτίκα
1224 5198 1367 5262 ἰδὼν,
1407 5201 1741 5270 ἀφαρπάσας

161 5286 421 5349 ἐλεεινῶς
449 5286 538 5339 τὸν
564 5287 849 5357 ἄνθρωπον
880 5290 986 5342 τῶν
1013 5289 1173 5342 αὐτὸν
1200 5292 1555 5359 κατεχόντων,
1578 5293 1658 5355 είς
1682 5292 1741 5344 ὃν

164 5380 381 5439 ἐκεῖνος
404 5374 473 5449 ἦν
498 5379 743 5443 ὲνοικῶν,
767 5381 869 5433 άνά
891 5381 987 5445 τὰς
1008 5382 1245 5452 ἐρήμους
1278 5381 1371 5435 τοῦ
1398 5382 1555 5455 ὅρους
1576 5383 1743 5453 ἠλαύ-

162 5487 317 5525 νετο.
351 5472 410 5525 ⁸0
441 5471 665 5542 Συμεὼν
695 5473 751 5526 δὲ
779 5471 871 5525 τοῦ
903 5475 1196 5544 πάσχοντος
1217 5470 1394 5527 οἶκτον
1415 5474 1616 5539 λαϐὼν,
1648 5477 1742 5529 καὶ

160 5565 361 5617 τοῦτον
393 5564 451 5617 ὲν
478 5565 703 5633 ὀνόματι
738 5565 944 5635 Κυρίου
976 5567 1230 5630 καλέσας,
1258 5568 1613 5638 ἀναστρέφειν
1644 5586 1740 5623 κε-

159 5656 353 5709 λειέειο
400 5657 494 5709 καὶ
551 5656 629 5722 δς,
685 5657 801 5728 ἅμα
853 5663 919 5730 τῇ
960 5660 1150 5731 κλήσει
1200 5661 1384 5732 παρῆν
1422 5661 1569 5731 αὐτῷ
1602 5679 1743 5733 παρ·

163 5749 363 5812 εστώς.
405 5750 465 5805 '0
499 5752 555 5807 δὲ
581 5750 657 5823 τῷ
688 5752 901 5823 δαίμονι
924 5752 1127 5819 εὐθέως
1158 5756 1508 5828 ἐπιτιμήσας,
1556 5760 1657 5825 τήν
1683 5777 1741 5813 τε

1836 4574 2002 4629 etiam
2034 4572 2195 4642 longe
2220 4569 2508 4624 ardentius
2567 4566 2802 4620 instaret
2833 4604 2848 4629 ,
2914 4563 3007 4616 vix
3046 4561 3268 4617 tandem
3304 4562 3405 4615 ali-

1838 4665 2059 4737 quando
2088 4671 2368 4723 exoratus,
2391 4675 2538 4730 aegre
2592 4656 2817 4711 babenti
2856 4671 3053 4710 manus
3118 4652 3409 4723 imposuit,

1839 4773 2008 4827 seque
2045 4756 2182 4809 dans
2216 4763 2394 4807 totum
2426 4749 2706 4805 orationi:
2759 4747 2898 4817 Ego,
2957 4746 3159 4814 inquit,
3210 4759 3412 4813 pecca‘

1840 4856 1927 4902 tor
1987 4845 2167 4900 formo
2215 4842 2429 4911 signum
2458 4838 2711 4904 Christi;
2773 4838 2851 4891 uti
2918 4835 3259 4897 credidistis,
3316 4832 3409 4888 fiat

1839 4937 2152 5009 aegrotanti.
2190 4934 2296 5002 Qui
2351 4931 2618 4987 continuo
2665 4929 2902 4983 sanitate
2954 4923 3411 4999 donatusmbiit,

1841 5029 2143 5101 potentiam
2176 5025 2273 5079 Dei
2315 5024 2481 5093 pleno
2508 5037 2606 5076 ore
2646 5020 2966 5075 decantatis.
3190 5087 3201 5096 ‘

1914 5120 2003 5174 22.
2037 5120 2164 5173 Post
2196 5118 2312 5172 haec
2333 5115 2700 5170 dmmoniacus
2724 5112 2791 5167 ad
2815 5111 3140 5181 Symeonem
3176 5107 3407 5161 adduci-

1844 5220 1977 5267 tur:
2016 5219 2073 5265 at
2115 5210 2329 5264 daemon
2378 5207 2540 5261 simul
2586 5215 2751 5274 atque
2789 5204 2960 5256 virum
2993 5208 3236 5255 sanctum
3286 5214 3417 5251 cnn-

1842 5304 2041 5374 Spexit,
2062 5312 2311 5371 ereptum
2339 5297 2774 5353 miserabilitere
2803 5311 2906 5347 ma:
2932 5295 3056 5349 ibus
3087 5290 3418 5354 tenentium,

1844 5410 2008 5465 quem
2039 5392 2334 5455 insidebat,
2368 5387 2645 5442 hominem
2679 5402 2776 5456 per
2804 5393 3021 5437 deserta
3070 5383 3273 5434 montis
3298 5380 3416 5450 agi-

1848 5484 2017 5539 tabat.
2059 5482 2312 5535 Misertus
2363 5492 2498 5547 ergo
2531 5476 2767 5546 Synieon
2813 5474 2886 5528 ita
2936 5472 3159 5541 raptati,
3190 5484 3315 5523 eum
3359 5468 3417 5523 in

1845 5577 2069 5631 nomine
2099 5571 2313 5627 Domini
2352 5576 2606 5623 vocatum
2643 5564 2846 5619 reverti
2873 5564 3028 5631 jubet
3063 5581 3074 5615 :
3105 5562 3195 5615 ille
3229 5567 3421 5641 autem

1844 5682 1987 5739 pene
2033 5665 2218 5727 citius,
2247 5675 2415 5731 quam
2457 5669 2684 5712 vocatus
2727 5663 2895 5717 esset,
2950 5669 3007 5709 se
3034 5667 3218 5707 coram
3251 5648 3412 5705 stitit.

1845 5760 1966 5816 Mox
2010 5758 2097 5812 vir
2146 5755 2238 5811 Dei
2280 5752 2609 5822 increpitum
2658 5750 2989 5810 daemonem,
3035 5748 3190 5812 signo
3235 5740 3423 5809 cruciat
