4026 6292
118 405 267 471 3009

1148 392 1328 454 VITA
1362 392 1412 450 Α
1444 377 1885 449 NICEPHORO
1917 375 2235 439 CONSCRI
2249 374 2404 437 ΡΤᾹ-

3246 365 3389 434 3010

125 515 395 586 διαλέκτῳ
422 513 667 568 καλεῖται
755 512 931 575 πάσας
968 508 1042 574 ῶς
1072 505 1250 561 ἐδόκει
1281 499 1465 564 καλῶς
1491 497 1595 562 τάς
1622 496 1747 557 ὐπ⁹λ

1844 505 1927 552 tra
1970 495 2159 565 lingua
2209 490 2515 550 December
2552 496 2930 559 nuncupatur,
2988 485 3249 543 omnibus
3306 490 3391 553 (ut

128 607 294 663 αὐτον
322 605 617 675 φάλαγγας
647 600 974 672 ἐξαρτύσας,
998 595 1231 666 δευτέρα
1258 592 1473 662 φυλακῇ
1503 589 1606 658 τῆς
1631 605 1718 642 νυ-

127 701 258 762 κτὸς
290 695 676 769 lutet-pateﬁat
707 694 788 764 τῷ
808 692 1056 764 Συμεὼν.
1091 691 1187 746 xa't
1213 687 1307 741 τὸν
1338 682 1718 769 γεγλυμμένον

129 794 335 847 αὐτίκα
364 768 548 862 μόδιον
574 788 714 857 ἄρας
736 787 877 857 αὐτῇ
914 782 1138 855 μελωπῇ
1172 822 1187 846 ,
1210 779 1405 850 ἀφίησι
1443 774 1588 830 κατὰ
1620 768 1718 825 τοῦ

129 881 408 954 κρημνοῦ.
458 878 621 944 Δεξιά
662 878 722 931 δὲ
765 877 976 947 Κυρίου
1007 874 1170 936 εὐθὺς
1202 872 1291 926 ἐπ’
1320 869 1511 933 αὐτὴν,
1566 863 1722 930 δεξιά

130 979 344 1047 Κυρίου
379 973 613 1029 ποιοῦσα
634 973 903 1042 ’δύναμινο
934 972 1030 1024 καὶ
1053 972 1082 1023 6
1114 969 1213 1039 μὲν
1238 966 1474 1027 ἁκλινῶς
1498 963 1590 1015 ἐπὶ
1621 961 1724 1031 τῆς

133 1071 349 1142 βάσεως
392 1066 567 1129 ἑστὼς
598 1066 692 1119 καὶ
728 1064 1171 1134 προσευχόμενος
1198 1056 1266 1121 ἦν
1288 1076 1300 1088 ο
1329 1059 1359 1111 6
1394 1057 1450 1111 δὲ
1480 1055 1724 1126 ὄμϐρους

132 1162 249 1216 ἀπὸ
280 1161 378 1228 τῆς
422 1158 703 1229 θαλάσσης
743 1157 840 1210 καὶ
885 1156 1146 1226 ἀνέμους,
1195 1153 1290 1206 καὶ
1329 1150 1581 1220 τυφῶνας
1627 1145 1726 1200 καὶ

131 1252 484 1325 πρηστῆρας.
539 1251 635 1304 καὶ
679 1247 1001 1314 καταιγίδας
1059 1245 1269 1303 ἐκίνει,
1324 1238 1604 1311 ἀστραπαί
1663 1254 1724 1291 τε

133 1346 398 1415 διάπυροι
446 1343 543 1396 καὶ
571 1341 890 1413 φλογώδειις,
942 1340 1040 1394 καὶ
1090 1337 1312 1410 βρονταὶ
1366 1334 1580 1406 βαρεῖαι
1627 1331 1725 1385 καὶ

131 1438 376 1509 σκληραὶ
415 1432 946 1508 έξερῤήγνυντῳὼς
979 1431 1053 1501 μὴ
1085 1431 1186 1494 τὰς
1210 1426 1391 1498 ψυχὰς
1434 1425 1596 1495 μόνον
1629 1424 1725 1476 έκ-

135 1529 482 1600 τεταράχθαι
512 1526 639 1589 τοὺς
674 1522 942 1595 μοναχοὺς
975 1519 1113 1574 ἀλλά
1139 1520 1234 1572 καὶ
1264 1518 1331 1570 τὰ
1356 1512 1473 1568 ῶτα
1500 1512 1727 1574 τούτους

127 1617 636 1687 ἑκκεκωφωμένοις
686 1612 1094 1685 προσεοικέναι.
1140 1611 1198 1664 ὐ
1245 1609 1345 1678 μὲν
1378 1601 1472 1659 οὖν
1499 1602 1726 1675 Συμεὼν

127 1708 438 1778 ἀκλόνητός
456 1724 517 1759 τε
542 1708 636 1759 καὶ
658 1696 1084 1775 ἀπερίτρεπτος,
1109 1701 1172 1753 οὗ
1201 1696 1365 1768 σῶμα
1390 1694 1571 1767 μόνον,
1590 1690 1730 1747 ἀλλά

128 1802 238 1856 καὶ
260 1800 387 1855 νοῦν
416 1799 556 1868 πρὸς
578 1796 917 1870 τηλικαύτας
948 1795 1137 1849 εστατο
1163 1790 1307 1862 βίας.

214 1967 331 2026 κςῆ
365 1962 425 2017 Ὀ
451 1962 509 2017 δὲ
554 1961 697 2026 θεῖος
734 1962 995 2033 Ἰωάννης
1029 1963 1292 2018 ἐκόπτετυ
1338 1963 1407 2017 τά
1441 1962 1727 2033 σπλάγχνα

136 2054 278 2122 περὶ
315 2051 504 2115 αὐτοῦ,
528 2054 759 2106 ἀστακτὶ
807 2053 1061 2125 δακρύων
1085 2096 1100 2120 ,
1130 2055 1227 2108 καὶ
1278 2056 1405 2119 τοὺς
1456 2056 1727 2125 μοναχοὺς

142 2139 384 2197 καθ’ἕνα
402 2159 461 2195 τε
487 2140 744 2215 καὶκοινῇ
766 2145 1076 2212 συγκαλῶν.
1113 2148 1178 2200 Οἱ
1217 2133 1273 2201 ὁὶ
1310 2147 1389 2217 τῷ
1430 2147 1728 2217 παραλόγῳ

138 2237 248 2303 τῆς
279 2232 395 2301 βίας
431 2232 899 2301 καταπλαγέντες,
934 2236 1054 2290 οὐδὲ
1089 2237 1494 2306 ἀποκρίνατθαι
1527 2234 1629 2291 οἷοί
1669 2255 1729 2290 τε

140 2320 323 2394 ἦσαν·
360 2324 474 2377 ἀλλ’
504 2324 536 2393 ἢ
576 2325 676 2393 μὲν
697 2325 1048 2380 ἀποθανεῖται
1081 2327 1198 2389 νῦν,
1227 2328 1433 2394 ελεγον,
1474 2329 1610 2397 πρὸς
1641 2328 1731 2384 ἁλο

142 2416 369 2481 λή).ους,
389 2419 416 2468 6
441 2414 687 2483 Συμεών.
713 2413 845 2471 Εἶτα
870 2419 963 2472 καὶ
987 2419 1055 2473 τά
1081 2421 1145 2472 ὲκ
1165 2419 1261 2473 τοῦ
1298 2420 1535 2491 πονηροῦ
1568 2437 1734 2491 προσ-

143 2506 419 2560 ετίέσαν.
459 2504 569 2559 Ποῦ
594 2510 876 2580 ,φησλν,ή
921 2511 1062 2580 ὑπὲρ
1113 2511 1400 2582 ἄνθρωπον
1443 2511 1610 2565 αὐτοῦ
1647 2528 1736 2565 πο-

143 2596 330 2649 λιτεία
362 2611 377 2656 ς
409 2596 514 2649 ποῦ
580 2598 612 2667 ὴ
667 2600 766 2669 τῆς
829 2602 1120 2671 ἀσκήσεως
1180 2602 1374 2671 μανίας
1414 2603 1577 2674 ποῦή
1627 2602 1736 2656 τῶν

145 2688 454 2757 θαυμάτων
477 2690 742 2754 ἐπίδειξις
780 2708 794 2753 ;
834 2692 996 2756 αὐτὸς
1046 2695 1384 2763 παραστῆτω
1416 2693 1512 2746 νῦν
1561 2692 1738 2764 ἑαυτῷ

149 2777 376 2848 βοηθδς,
403 2778 566 2840 αὐτὸς
598 2777 690 2831 τὸν
729 2780 868 2850 ὑπὲρ
899 2781 1142 2851 κεφαλῆς
1169 2783 1439 2855 διαδράτω
1470 2783 1735 2840 κίνδυνον.

154 2868 270 2923 Τοῦ
306 2869 352 2923 δ’
375 2867 470 2923 οὖν
507 2870 756 2924 Ἰωάννου
783 2871 857 2942 μὴ
886 2873 1157 2938 ἀνιέντος,
1183 2875 1317 2927 ἀλλὰ
1361 2876 1739 2947 συντ,νωτέρᾳ

1805 590 2027 661 quidem
2060 587 2377 654 videbatur)
2406 582 2771 656 phalangibus
2803 580 3115 637 instructis.
3149 580 3392 637 secunda

1806 682 1988 737 noctis
2017 680 2225 751 vigilia,
2254 677 2506 732 adoritur
2552 674 2921 746 Symeonem;
2968 672 3264 741 subitoque
3294 687 3393 726 ex-

1807 782 2059 829 cavatum
2118 769 2386 832 modium,
2437 752 2562 821 cum
2619 766 2736 835 ipsa
2783 763 2925 834 pelle
2969 771 3276 831 arreptum,
3333 762 3391 817 in

1808 879 2053 937 praeceps
2081 862 2193 917 dat.
2235 861 2469 915 Dextera
2495 865 2684 912 autem
2734 854 2953 910 Domini
2985 855 3253 909 continuo
3288 853 3397 908 fuit

1810 971 1977 1026 super
2002 955 2204 1025 ipsum,
2231 952 2458 1006 dextera
2484 948 2699 1004 Domini
2731 946 2941 1001 faciens
2964 946 3251 999 virtutem
3278 945 3399 1014 ipse

1811 1048 2085 1118 siquidem
2116 1046 2377 1101 immotus
2404 1044 2586 1098 stabat
2614 1056 2779 1110 supra
2812 1040 3150 1104 columnam,
3173 1038 3399 1091 orabat-

1813 1155 1957 1210 que;
2008 1138 2221 1192 daemon
2254 1150 2388 1189 vero
2434 1149 2464 1187 a
2520 1130 2657 1185 mari
2725 1130 2954 1193 imbres,
3005 1136 3240 1206 ventos,
3273 1140 3401 1196 [31'0-

1814 1231 2000 1293 cellas,
2028 1228 2281 1282 turbines
2305 1226 2496 1295 igneos
2519 1237 2583 1277 ac
2601 1229 2959 1290 tempestates
2983 1218 3185 1277 ciebat.
3217 1216 3402 1272 fulmi-

1815 1336 1998 1390 naque
2044 1319 2380 1374 inﬂammata
2415 1324 2472 1371 et
2519 1314 2729 1384 ignita:
2769 1321 2826 1367 et
2856 1312 3099 1366 tonitrua
3130 1320 3239 1365 tam
3268 1310 3402 1364 hor-

1816 1413 1989 1470 renda
2038 1420 2206 1481 atque
2260 1409 2476 1478 fragosa
2520 1404 2911 1474 erumpebant,
2968 1411 3029 1457 ut
3073 1417 3184 1457 non
3238 1398 3404 1454 modo

1820 1507 1949 1563 totis
1967 1504 2201 1561 artubus
2217 1500 2714 1557 contremiscerent
2732 1496 3009 1560 monachi,
3030 1511 3218 1549 verum
3235 1493 3404 1549 etiam

1819 1598 2114 1654 surdorum
2148 1594 2324 1648 instar
2350 1591 2486 1646 nihil
2518 1590 2750 1645 auribus
2792 1587 3282 1658 pcrsentiscerent.
3315 1583 3407 1638 In-

1822 1700 1975 1746 terea
1999 1672 2256 1760 Synieon,
2290 1685 2651 1739 inconcussus
2674 1697 2738 1735 ac
2768 1678 3123 1735 circumverti
3160 1676 3405 1740 nescius,

1822 1797 1933 1838 non
1961 1795 2197 1850 corpore
2230 1786 2464 1841 tantum,
2490 1774 2588 1830 sed
2607 1776 2691 1829 vel
2721 1772 2957 1827 maxime
2984 1771 3187 1835 animo,
3218 1768 3412 1823 adver-

1826 1889 1921 1930 sus
1951 1873 2074 1927 illos
2101 1872 2341 1941 impetus
2370 1869 2573 1925 stabat.

1899 1965 1991 2020 26.
2032 1954 2265 2019 Divinus
2290 1961 2515 2017 interim
2562 1960 2809 2015 Joannes
2860 1954 3222 2013 cruciabatur
3281 1952 3412 2006 inti-

1827 2057 1936 2113 mis
1963 2055 2274 2111 visceribus
2303 2051 2595 2125 Symeonis
2661 2065 2855 2112 causa,
2906 2047 3157 2101 ubertim
3218 2044 3410 2113 lacry-

1830 2163 2011 2211 mans,
2046 2146 2463 2214 monachosque
2495 2144 2548 2197 in
2583 2158 2755 2197 unum
2816 2139 3043 2210 publice
3095 2143 3363 2192 convocat
3395 2152 3410 2187 :

1832 2243 1926 2310 qui
1955 2240 2258 2306 inopinatae
2314 2234 2667 2307 tempestatis
2721 2233 2989 2287 violentia
3044 2226 3413 2291 consternati,

1834 2332 1972 2386 nihil
1999 2331 2130 2385 dare
2161 2329 2411 2398 responsi
2434 2335 2691 2397 poterant
2714 2324 2960 2380 universi
2988 2340 3001 2388 ;
3038 2321 3133 2377 sed
3169 2322 3314 2376 inter
3334 2332 3416 2384 se,

1835 2425 1956 2480 Jam
1990 2424 2132 2477 forte
2160 2421 2401 2493 Symeon
2446 2429 2623 2476 morte
2674 2417 3021 2479 oecubuerit,
3065 2411 3417 2484 inquiebant.

1836 2515 2046 2571 Deinde
2071 2514 2241 2569 etiam
2275 2512 2526 2582 quaedam
2553 2526 2583 2564 e
2618 2510 2861 2580 pessimo
2916 2506 3165 2578 profecta
3218 2503 3420 2573 spiritu

1838 2606 2192 2677 adjiciebant,
2228 2604 2481 2659 dicentes
2510 2621 2523 2655 :
2554 2602 2655 2658 Ubi
2679 2617 2829 2656 nunc
2851 2598 3205 2655 conversatio
3267 2596 3423 2651 illius

1841 2698 2086 2753 humana
2138 2694 2475 2750 sublimior?
2510 2694 2602 2748 ubi
2646 2694 2785 2748 illud
2840 2692 3095 2747 insanum
3146 2688 3423 2744 exercita-

1842 2789 2011 2844 tionis
2036 2787 2251 2859 genus?
2283 2786 2379 2841 ubi
2411 2786 2714 2841 ostentatio
2731 2784 3116 2856 prodigiorum
3140 2782 3165 2837 ?
3218 2780 3423 2842 Οβίιιι-

1842 2881 1992 2936 letur
2020 2894 2170 2934 nunc
2201 2879 2309 2935 sibi
2357 2881 2497 2950 ipse,
2530 2889 2587 2934 et
2640 2879 2953 2948 periculum
3012 2892 3044 2932 a
3106 2875 3289 2945 capite
3323 2888 3427 2929 suo

150 2958 366 3029 μᾶλλον
381 2959 462 3013 ἔτι
481 2961 577 3013 καὶ
598 2960 1045 3033 περιπαθεστέρᾳ
1066 2966 1131 3034 τῇ
1152 2966 1301 3034 φωνῇ
1322 2963 1623 3034 χρωμένου,
1650 2960 1737 3016 Mt

1845 2972 2160 3029 amoltatur.
2192 2970 2343 3025 Inter
2367 2971 2485 3026 haec
2526 2971 2738 3025 Joanne
2799 2970 3013 3024 nullum
3049 2965 3274 3023 dolendi
3307 2979 3431 3020 mo-

152 3048 216 3105 δὶ
251 3051 353 3120 μία
380 3067 464 3104 σοι
491 3051 561 3104 δι’
586 3052 685 3121 ἐμὲ
713 3050 881 3122 λύπη,
912 3054 1116 3125 Πάτερ,
1151 3054 1282 3125 μηδὲ
1307 3056 1547 3126 φροντὶς,
1571 3056 1601 3107 6
1628 3054 1736 3106 Συ-

1848 3062 1981 3119 dum
2016 3063 2276 3127 faciente,
2299 3062 2399 3118 sed
2428 3062 2602 3133 magis
2628 3061 2798 3116 etiam
2827 3061 3045 3115 intonsa
3089 3073 3155 3113 ac
3205 3054 3430 3127 lugubri

159 3139 316 3212 μεὼν
357 3141 712 3212 ἀποκρίνεται
747 3159 764 3173 ’
795 3144 822 3196 6
855 3143 957 3214 μὲν
997 3143 1108 3213 γὰρ
1160 3144 1353 3216 ἐχθρὸς
1401 3146 1745 3215 κατήργηται

1850 3174 1987 3214 voce
2019 3165 2387 3228 personante,
2438 3170 2766 3226 responsum
2808 3152 3099 3224 Symeonis
3154 3149 3430 3205 auditur:

156 3232 271 3305 ἥδη
297 3232 393 3286 καὶ
420 3232 853 3303 καταϐέϐληταιο
883 3236 1008 3306 ἐμοὶ
1051 3242 1107 3299 δι
1169 3235 1409 3308 ἔρρωται
1436 3239 1504 3307 τῇ
1538 3235 1747 3291 ἄνωθεν

1852 3246 2004 3303 Nihil
2063 3245 2162 3301 tibi
2216 3260 2337 3300 mea
2369 3260 2559 3309 causa,
2617 3244 2691 3297 mi
2734 3243 2916 3305 Pater,
2976 3239 3125 3311 quod
3160 3236 3434 3295 crucicris

160 3324 355 3394 χάριτι
411 3324 614 3389 πάντα,
651 3325 748 3379 καὶ
770 3324 1032 3393 ἀσφαλῶς
1082 3324 1154 3379 τὰ
1188 3329 1290 3398 τῆς
1319 3327 1562 3392 στάσεως
1607 3326 1742 3399 ἔχει.

1855 3347 1952 3393 aut
2010 3337 2243 3393 doleas:
2299 3336 2356 3391 in
2405 3350 2610 3391 vanum
2667 3333 2919 3390 recidere
2982 3331 3433 3388 machinamenta

164 3414 327 3486 Ἅμα
379 3416 438 3470 δι
481 3417 671 3490 ἡμέρᾳ
708 3418 919 3472 συνίασι
941 3419 1036 3472 καὶ
1057 3418 1108 3472 οί
1134 3420 1385 3491 μοναχοὶ,
1417 3420 1747 3475 καταλαϐεῖν

1854 3428 2033 3484 hostis
2074 3426 2316 3498 turpiter
2347 3426 2611 3499 prostrati
2636 3442 2652 3491 ;
2683 3441 2771 3479 me
2802 3432 2985 3478 autem
3026 3422 3072 3477 si
3131 3431 3349 3491 spectes
3376 3428 3435 3474 et

163 3505 336 3561 αὑτδν
381 3507 486 3580 ἧῖη
532 3509 809 3564 τεθνεῶτα
853 3510 1170 3582 νομίζοντες
1195 3529 1211 3545 ⁸
1240 3512 1382 3567 ἀλλά
1437 3511 1747 3585 κρεῖττονῆ

1856 3520 2171 3575 columnam
2205 3522 2349 3588 (qua:
2372 3531 2634 3587 superum
2660 3514 2835 3586 gratia
2864 3512 2993 3579 est),
3027 3509 3174 3565 salva
3225 3505 3435 3562 omnia.

163 3596 319 3653 κατά
372 3598 704 3681 προσδοκίαν
745 3599 968 3673 ἀπήντα
1011 3601 1076 3656 τὸ
1112 3601 1392 3658 ιλπισθέν.
1420 3602 1531 3658 Καὶ
1556 3606 1588 3658 6
1626 3604 1746 3674 μὲν,

1859 3610 2037 3667 Simul
2071 3618 2238 3679 atque
2264 3606 2467 3671 illuxit,
2506 3605 2942 3677 progrediuntur
2997 3616 3104 3655 una
3155 3595 3435 3657 monachi,

170 3687 362 3762 ψυχὴν
414 3689 533 3761 ἅμα
567 3690 664 3745 καὶ
690 3689 813 3762 ὄψιν
839 3689 1160 3762 ἡγαλλιᾶτο,
1199 3692 1277 3757 ὥς
1315 3693 1407 3748 διὰ
1451 3692 1546 3747 τοῦ
1581 3710 1751 3765 προσ-

167 3780 329 3836 ώπου
352 3779 454 3854 τὴν
483 3782 632 3838 ἔνδον
656 3783 990 3856 φαιδρότητα
1021 3785 1490 3861 παραδείκνυσοαι
1519 3801 1535 3817 ·
1574 3787 1626 3839 oi
1674 3785 1753 3852 δὲ,

170 3872 334 3944 παρά
377 3871 473 3928 τοῦ
522 3873 667 3928 θείου
706 3871 956 3929 Ἰωάννου
998 3877 1070 3929 τά
1122 3876 1309 3931 είκότα
1350 3875 1754 3947 ὀνειδιζόμενοι,

172 3964 510 4038 ἀνεχώρουν.

1859 3702 2065 3772 ipsum,
2099 3707 2163 3754 ut
2222 3697 2518 3769 putabant,
2564 3696 2680 3764 jam
2742 3704 3024 3749 mortuum
3075 3687 3437 3760 suscepturi:

1861 3805 2057 3847 verum
2083 3788 2374 3852 euntibus,
2405 3786 2601 3841 melior
2621 3785 2886 3856 opinione
2914 3798 3015 3838 sua
3044 3797 3195 3852 spes,
3243 3792 3443 3835 occur—

1864 3881 1940 3937 rit
1962 3880 2080 3952 ipse
2110 3879 2371 3948 Svmeon,
2401 3887 2460 3935 et
2491 3877 2679 3934 animo
2707 3885 2765 3933 et
2793 3877 2952 3931 vultu
3007 3873 3216 3944 pariter
3250 3869 3441 3926 exsul-

1866 3980 2036 4040 tans;
2072 3969 2325 4026 externis
2353 3971 2541 4025 vultus
2569 3969 2715 4025 notis
2740 3969 3024 4023 internum
3082 3962 3254 4017 animi
3303 3975 3441 4031 gau-

172 4058 334 4113 dium
367 4073 481 4113 non
507 4059 748 4115 obscure
782 4060 1137 4118 testantibus.
1162 4059 1418 4117 Monachi
1460 4075 1651 4131 porro,
1688 4068 1750 4115 ut
1790 4062 1976 4118 meriti
2043 4070 2221 4128 erant,
2252 4076 2281 4115 a
2315 4060 2506 4115 divino
2535 4060 2746 4115 Joanne
2798 4057 3080 4126 increpiti,
3105 4054 3172 4108 ad
3204 4068 3262 4107 se
3292 4049 3445 4121 quis-

174 4167 288 4221 que
321 4151 763 4206 revertebantur.

1636 4262 1866 4319 CAPUT
1912 4263 1999 4318 IV.

1170 4383 1486 4439 Exhortatio
1510 4383 1707 4455 duplex
1730 4381 2024 4456 Symeonis,
2061 4390 2110 4434 et
2151 4352 2476 4446 pwnitentia.

255 4492 365 4555 κζ’.
410 4489 655 4561 Ὀμιλίας
675 4491 733 4547 δέ
755 4508 884 4546 ποτε
916 4492 1051 4560 πρὸς
1075 4492 1270 4556 αὐτοὺς
1291 4496 1321 4547 6
1358 4493 1586 4563 Συμεὼν
1626 4492 1747 4561 ἁψά·

1939 4489 2187 4547 27.Cum
2211 4489 2499 4546 incidisset
2552 4490 2852 4559 aliquando
2894 4488 3215 4561 Symeonin
3275 4489 3448 4545 collo-

192 4597 374 4650 μενος.
406 4582 632 4637 τοιαῦτα
677 4583 996 4656 παραδόξως
1050 4586 1235 4649 αὐτοῖς
1285 4584 1579 4653 διελέγετο,
1627 4585 1661 4655 ἢ
1699 4586 1767 4654 τῇ

189 4670 283 4724 τοῦ
321 4672 482 4740 ἀγίου
519 4674 839 4744 Πνεῦματος
875 4675 1105 4744 δυνάμει
1137 4675 1341 4746 μᾶλλον
1370 4673 1706 4743 ἐφθέγγετο,
1742 4674 1772 4726 6

193 4764 283 4817 καὶ
324 4763 413 4818 διά
444 4763 646 4829 παντὸς
679 4764 1082 4837 έμφιλοχωρεῖν
1112 4761 1261 4837 εἶχεν
1301 4762 1451 4836 αὐτῷ
1476 4765 1571 4818 καὶ
1594 4764 1770 4834 ἡδέως

201 4849 688 4906 ὲπαναπαύεσθαιο
715 4854 914 4923 Ἔλεγε
949 4854 1151 4918 τοίνυν,
1197 4855 1321 4909 Ὅτι
1370 4853 1785 4925 δημιουργήσας

196 4937 255 4988 ἐν
282 4941 422 5010 ἀρχῇ
448 4940 540 4992 τὸν
570 4941 900 5012 ἀνθρωπονό
916 4941 1072 5005 Θεὸς,
1096 4941 1223 4995 νοῦν
1253 4942 1313 4994 έν
1343 4942 1493 5012 αὐτῷ
1519 4941 1787 5009 κατέστη-

196 5044 289 5080 σεν
310 5030 933 5102 ὴγεμόνα,δοκιμαστὴν
955 5031 1148 5103 ῶσπερ
1167 5033 1259 5087 καὶ
1280 5032 1544 5103 δικαστὴν
1559 5030 1672 5085 τῶν
1693 5033 1785 5100 ἔγ·

194 5121 502 5193 γινομένων
535 5125 668 5194 ἡμῖν
712 5123 994 5195 λογισμῶν
1039 5122 1262 5192 ἀγαθῶν
1300 5141 1359 5177 τε
1400 5124 1496 5179 καὶ
1537 5123 1780 5192 φαύλων,

192 5211 336 5266 ὥστε
372 5213 547 5278 οὐδεὶς
574 5214 803 5284 ἄγνοιαν
834 5215 981 5286 ἔχειν
1001 5214 1094 5269 τοῦ
1116 5215 1282 5270 καλοῦ
1304 5233 1365 5269 τε
1390 5217 1484 5270 καὶ
1508 5216 1584 5287 μὴ
1604 5215 1781 5269 τοιού-

193 5315 289 5355 του
314 5300 495 5371 λέγειν
515 5303 829 5375 δυνήσεται.
855 5305 918 5359 El
940 5305 1121 5358 τοίνυν
1148 5305 1206 5357 αί
1227 5304 1338 5357 τῶν
1362 5303 1565 5374 ἡδονῶν
1588 5302 1778 5357 ἐπιθυ-

196 5389 319 5456 μίαι
356 5394 758 5463 περιγένωνται
798 5398 829 5465 ἡ
840 5394 978 5466 μῶν,
998 5396 1093 5449 καὶ
1123 5396 1216 5449 ὑπ’
1246 5395 1427 5448 αὐτῶν
1452 5393 1785 5464 αἰχμαλωτι-

196 5482 433 5553 σθῶμεν,
464 5489 560 5541 καὶ
592 5487 668 5558 μὴ
705 5488 911 5559 μᾶλλον
937 5487 1205 5556 γενναίως
1222 5486 1622 5556 ἀγωνισώμεθα
1645 5484 1783 5556 πρὸς

196 5572 387 5639 αὐτάς,
410 5578 549 5648 μηδὲ
568 5579 799 5649 δυνάμει
822 5583 888 5651 τῇ
913 5582 1064 5652 πάσῃ
1089 5580 1306 5651 στῶμεν
1329 5579 1466 5651 πρὸς
1483 5580 1582 5641 τάς
1598 5577 1782 5631 αὐτῶν

199 5668 544 5739 προσϐολὰς,
583 5672 818 5741 ψεῦσται
857 5674 1078 5738 πάντως
1116 5673 1214 5742 τῆς
1254 5672 1463 5726 ἑαυτῶν
1491 5670 1783 5741 ὁμολογίας

198 5760 493 5831 γινόμεθα,
524 5765 592 5834 ἢν
621 5764 699 5834 τῷ
741 5764 965 5837 Χριστῷ
1008 5766 1097 5820 διὰ
1142 5764 1239 5820 τοῦ
1276 5764 1653 5836 βαπτίσματος
1685 5763 1782 5817 καὶ

1843 4581 2061 4651 quium
2089 4593 2214 4633 cum
2255 4577 2562 4643 monachis,
2582 4578 2710 4632 talia
2742 4585 2944 4647 praeter
2977 4577 3445 4648 exspectationem

1871 4670 2285 4735 disseruit,aut
2312 4670 2499 4740 potius
2551 4670 2761 4724 virtute
2808 4668 2989 4724 sancti
3049 4668 3315 4739 Spiritus,
3352 4670 3447 4739 qui

1872 4769 2205 4834 perpetuam
2256 4762 2312 4816 in
2366 4761 2487 4831 ipso
2509 4760 2615 4815 sibi
2677 4768 3001 4832 gratamque
3042 4760 3447 4816 habitationem

1872 4856 2117 4926 elegerat
2147 4854 2501 4923 suaviterque
2567 4853 2978 4923 requiescebat,
3031 4853 3287 4908 elocutus
3312 4859 3400 4906 est
3432 4868 3448 4917 ;

1871 4944 2177 5000 videlicet:
2204 4943 2385 5011 Quod,
2422 4959 2548 4998 cum
2576 4944 2719 4999 Deus
2750 4944 2806 4997 in
2874 4943 3153 5013 principio
3185 4942 3451 4998 conderet

1875 5034 2183 5099 hominem,
2248 5042 2492 5089 mentem
2523 5033 2575 5088 ei
2611 5033 2834 5099 ducem,
2867 5033 3164 5099 arbitrum,
3193 5048 3257 5087 ac
3298 5033 3453 5088 velut

1871 5123 2118 5196 iudicem
2135 5123 2535 5195 cogitationum
2565 5124 2836 5180 bonarum
2867 5125 3246 5195 malarumque
3311 5123 3455 5178 indi-

1877 5214 2043 5279 derit,
2080 5222 2143 5269 ut
2174 5230 2243 5270 ne
2273 5216 2401 5285 quis
2428 5215 2798 5286 ignorantiam
2824 5215 3051 5271 virtutis
3071 5215 3453 5285 vitiorumque

1876 5311 2065 5374 posset
2097 5303 2465 5374 praetendere.
2503 5303 2708 5373 Siqua:
2750 5303 2920 5374 igitur
2976 5317 3143 5373 prava
3201 5301 3456 5371 volupta-

1880 5400 1997 5447 tum
2020 5394 2298 5449 desideria
2323 5408 2428 5447 nos
2477 5393 2761 5459 invadant,
2818 5393 2997 5463 iisque
3048 5388 3456 5463 quodammodo

1879 5485 2083 5556 captivi
2120 5493 2429 5549 teneamur,
2477 5494 2535 5539 et
2586 5500 2697 5539 non
2760 5483 3000 5539 viriliter
3031 5482 3231 5553 pedem
3265 5482 3459 5536 confe-

1880 5591 2090 5643 ramus,
2113 5592 2216 5632 nec
2236 5584 2350 5631 tota
2373 5576 2579 5630 virtute
2600 5575 2987 5630 invadentium
3010 5574 3252 5629 insultus
3276 5571 3458 5642 repri-

1881 5683 2137 5731 mamus;
2172 5666 2336 5721 fallax
2367 5664 2534 5737 atque
2572 5667 2809 5721 mendax
2833 5675 2918 5721 est
2952 5665 3223 5736 professio
3247 5674 3458 5731 nostra,

1882 5775 2049 5832 quam
2079 5758 2303 5816 Christo
2337 5768 2452 5815 tum
2487 5776 2587 5831 per
2616 5759 2976 5832 baptismum,
3030 5768 3147 5814 tum
3206 5774 3305 5830 per
3331 5772 3462 5813 sus-
