  <div class='ocr_page' id='page_1' title='image "/cluster/home/n/w/nwhite01/storage/ocr_20150623/86 pt.2/mdp.39015008855424/634.png"; bbox 0 0 4026 6292; ppageno 0'>
   <div class='ocr_carea' id='block_1_1' title="bbox 283 364 438 435">
    <p class='ocr_par' dir='ltr' id='par_1_1' title="bbox 283 364 438 435">
     <span class='ocr_line' id='line_1_1' title="bbox 283 364 438 435; baseline 0 -3"><span class='ocrx_word' id='word_1_1' title='bbox 283 364 438 435; x_wconf 47' lang='grc'><strong>’3613</strong></span> 
     </span>
    </p>
   </div>
   <div class='ocr_carea' id='block_1_2' title="bbox 1305 380 2565 455">
    <p class='ocr_par' dir='ltr' id='par_1_2' title="bbox 1305 380 2565 455">
     <span class='ocr_line' id='line_1_2' title="bbox 1305 380 2565 455; baseline 0.005 -7"><span class='ocrx_word' id='word_1_2' title='bbox 1305 384 1482 448; x_wconf 77' lang='lat' dir='ltr'>VITA</span> <span class='ocrx_word' id='word_1_3' title='bbox 1520 387 1567 447; x_wconf 83' lang='grc' dir='ltr'><strong>Α</strong></span> <span class='ocrx_word' id='word_1_4' title='bbox 1606 389 2043 450; x_wconf 82' lang='lat' dir='ltr'><strong>NICEPHORO</strong></span> <span class='ocrx_word' id='word_1_5' title='bbox 2082 380 2565 455; x_wconf 77' lang='lat' dir='ltr'><strong>CONSCRIPTA-</strong></span> 
     </span>
    </p>
   </div>
   <div class='ocr_carea' id='block_1_3' title="bbox 3426 371 3568 465">
    <p class='ocr_par' dir='ltr' id='par_1_3' title="bbox 3426 371 3568 465">
     <span class='ocr_line' id='line_1_3' title="bbox 3426 371 3568 465; baseline -0.014 0"><span class='ocrx_word' id='word_1_6' title='bbox 3426 371 3568 465; x_wconf 69' lang='lat' dir='ltr'><strong>3m</strong></span> 
     </span>
    </p>
   </div>
   <div class='ocr_carea' id='block_1_4' title="bbox 300 487 1871 578">
    <p class='ocr_par' dir='ltr' id='par_1_4' title="bbox 300 487 1871 578">
     <span class='ocr_line' id='line_1_4' title="bbox 300 487 1871 578; baseline 0.013 -38"><span class='ocrx_word' id='word_1_7' title='bbox 300 488 554 558; x_wconf 77' lang='grc' dir='ltr'>παθήσας</span> <span class='ocrx_word' id='word_1_8' title='bbox 605 487 907 558; x_wconf 75' lang='grc' dir='ltr'>ἀναγκάζει</span> <span class='ocrx_word' id='word_1_9' title='bbox 945 495 1032 550; x_wconf 86' lang='grc' dir='ltr'><strong>τὸν</strong></span> <span class='ocrx_word' id='word_1_10' title='bbox 1055 489 1288 567; x_wconf 75' lang='grc' dir='ltr'>’Συμεὼν</span> <span class='ocrx_word' id='word_1_11' title='bbox 1329 488 1457 572; x_wconf 72' lang='grc' dir='ltr'>ἆραι</span> <span class='ocrx_word' id='word_1_12' title='bbox 1505 505 1644 558; x_wconf 76' lang='grc' dir='ltr'>κατὰ</span> <span class='ocrx_word' id='word_1_13' title='bbox 1689 509 1871 578; x_wconf 56' lang='grc' dir='ltr'>μικρὸη</span> 
     </span>
    </p>
   </div>
   <div class='ocr_carea' id='block_1_5' title="bbox 1973 487 3570 578">
    <p class='ocr_par' dir='ltr' id='par_1_5' title="bbox 1991 508 3570 577">
     <span class='ocr_line' id='line_1_5' title="bbox 1991 508 3570 577; baseline 0.008 -17"><span class='ocrx_word' id='word_1_14' title='bbox 1991 523 2098 577; x_wconf 90' lang='lat' dir='ltr'><strong>que</strong></span> <span class='ocrx_word' id='word_1_15' title='bbox 2137 508 2402 562; x_wconf 91' lang='lat' dir='ltr'><strong>continuo</strong></span> <span class='ocrx_word' id='word_1_16' title='bbox 2437 509 2504 562; x_wconf 87' lang='lat' dir='ltr'><strong>ab</strong></span> <span class='ocrx_word' id='word_1_17' title='bbox 2539 508 2643 561; x_wconf 93' lang='lat' dir='ltr'><strong>hoc</strong></span> <span class='ocrx_word' id='word_1_18' title='bbox 2696 509 3010 576; x_wconf 88' lang='lat' dir='ltr'><strong>spectaculo</strong></span> <span class='ocrx_word' id='word_1_19' title='bbox 3042 511 3108 564; x_wconf 88' lang='lat' dir='ltr'><strong>ad</strong></span> <span class='ocrx_word' id='word_1_20' title='bbox 3137 512 3397 569; x_wconf 81' lang='lat' dir='ltr'><strong>Joannem</strong></span> <span class='ocrx_word' id='word_1_21' title='bbox 3427 533 3570 572; x_wconf 89' lang='lat' dir='ltr'><strong>nun-</strong></span> 
     </span>
    </p>
   </div>
   <div class='ocr_carea' id='block_1_6' title="bbox 298 577 1886 664">
    <p class='ocr_par' dir='ltr' id='par_1_6' title="bbox 298 577 1886 664">
     <span class='ocr_line' id='line_1_6' title="bbox 298 577 1886 664; baseline 0.014 -36"><span class='ocrx_word' id='word_1_22' title='bbox 298 577 360 630; x_wconf 70' lang='grc' dir='ltr'>τὸ</span> <span class='ocrx_word' id='word_1_23' title='bbox 384 577 614 646; x_wconf 62' lang='grc' dir='ltr'>σχοινίον</span> <span class='ocrx_word' id='word_1_24' title='bbox 634 595 647 608; x_wconf 77' lang='grc' dir='ltr'>ο</span> <span class='ocrx_word' id='word_1_25' title='bbox 677 579 910 650; x_wconf 78' lang='grc' dir='ltr'><strong>ἀρθῆναι</strong></span> <span class='ocrx_word' id='word_1_26' title='bbox 931 584 1038 655; x_wconf 82' lang='grc' dir='ltr'>γὰρ</span> <span class='ocrx_word' id='word_1_27' title='bbox 1059 586 1251 655; x_wconf 86' lang='grc' dir='ltr'>ἀθρόον</span> <span class='ocrx_word' id='word_1_28' title='bbox 1271 589 1369 642; x_wconf 73' lang='grc' dir='ltr'>οὐκ</span> <span class='ocrx_word' id='word_1_29' title='bbox 1395 587 1483 661; x_wconf 83' lang='grc' dir='ltr'><strong>ἦν,</strong></span> <span class='ocrx_word' id='word_1_30' title='bbox 1503 593 1780 664; x_wconf 82' lang='grc' dir='ltr'>ἐκδαπανῆ</span> <span class='ocrx_word' id='word_1_31' title='bbox 1791 577 1886 650; x_wconf 70' lang='grc' dir='ltr'>σαν</span> 
     </span>
    </p>
   </div>
   <div class='ocr_carea' id='block_1_7' title="bbox 299 666 1886 756">
    <p class='ocr_par' dir='ltr' id='par_1_7' title="bbox 299 666 1886 756">
     <span class='ocr_line' id='line_1_7' title="bbox 299 666 1886 756; baseline 0.012 -38"><span class='ocrx_word' id='word_1_32' title='bbox 299 666 402 736; x_wconf 66' lang='grc' dir='ltr'>ἤδη</span> <span class='ocrx_word' id='word_1_33' title='bbox 456 667 550 720; x_wconf 74' lang='grc' dir='ltr'><strong>καὶ</strong></span> <span class='ocrx_word' id='word_1_34' title='bbox 597 668 869 739; x_wconf 77' lang='grc' dir='ltr'>διασῆψαν</span> <span class='ocrx_word' id='word_1_35' title='bbox 902 673 998 737; x_wconf 71' lang='grc' dir='ltr'>τὰς</span> <span class='ocrx_word' id='word_1_36' title='bbox 1041 677 1269 746; x_wconf 77' lang='grc' dir='ltr'>σάρκας,</span> <span class='ocrx_word' id='word_1_37' title='bbox 1320 681 1414 734; x_wconf 74' lang='grc' dir='ltr'><strong>καὶ</strong></span> <span class='ocrx_word' id='word_1_38' title='bbox 1464 683 1690 749; x_wconf 81' lang='grc' dir='ltr'><strong>ταύταις</strong></span> <span class='ocrx_word' id='word_1_39' title='bbox 1727 689 1886 756; x_wconf 78' lang='grc' dir='ltr'>ἄχρις</span> 
     </span>
    </p>
   </div>
   <div class='ocr_carea' id='block_1_8' title="bbox 299 762 912 831">
    <p class='ocr_par' dir='ltr' id='par_1_8' title="bbox 299 762 912 831">
     <span class='ocr_line' id='line_1_8' title="bbox 299 762 912 831; baseline 0.015 -19"><span class='ocrx_word' id='word_1_40' title='bbox 299 762 507 816; x_wconf 65' lang='grc' dir='ltr'>ὀστέων</span> <span class='ocrx_word' id='word_1_41' title='bbox 537 763 912 831; x_wconf 77' lang='grc' dir='ltr'>ἑγκοιλανθέν.</span> 
     </span>
    </p>
   </div>
   <div class='ocr_carea' id='block_1_9' title="bbox 365 1024 1882 1111">
    <p class='ocr_par' dir='ltr' id='par_1_9' title="bbox 365 1024 1882 1111">
     <span class='ocr_line' id='line_1_9' title="bbox 365 1024 1882 1111; baseline 0.013 -34"><span class='ocrx_word' id='word_1_42' title='bbox 365 1024 428 1077; x_wconf 84' lang='grc' dir='ltr'><strong>λ’.</strong></span> <span class='ocrx_word' id='word_1_43' title='bbox 452 1026 884 1096; x_wconf 83' lang='grc' dir='ltr'>Περιερχομὲνου</span> <span class='ocrx_word' id='word_1_44' title='bbox 908 1028 964 1083; x_wconf 81' lang='grc' dir='ltr'>δὲ</span> <span class='ocrx_word' id='word_1_45' title='bbox 986 1032 1198 1098; x_wconf 89' lang='grc' dir='ltr'>τούτου,</span> <span class='ocrx_word' id='word_1_46' title='bbox 1221 1036 1314 1088; x_wconf 75' lang='grc' dir='ltr'>καὶ</span> <span class='ocrx_word' id='word_1_47' title='bbox 1334 1036 1541 1107; x_wconf 77' lang='grc' dir='ltr'>δάκρυα</span> <span class='ocrx_word' id='word_1_48' title='bbox 1567 1042 1882 1111; x_wconf 80' lang='grc' dir='ltr'>προστιθέν-</span> 
     </span>
    </p>
   </div>
   <div class='ocr_carea' id='block_1_10' title="bbox 299 1116 1882 1206">
    <p class='ocr_par' dir='ltr' id='par_1_10' title="bbox 299 1116 1882 1206">
     <span class='ocr_line' id='line_1_10' title="bbox 299 1116 1882 1206; baseline 0.015 -40"><span class='ocrx_word' id='word_1_49' title='bbox 299 1131 391 1176; x_wconf 85' lang='grc' dir='ltr'><strong>τος</strong></span> <span class='ocrx_word' id='word_1_50' title='bbox 423 1116 651 1184; x_wconf 85' lang='grc' dir='ltr'>καρδίας</span> <span class='ocrx_word' id='word_1_51' title='bbox 683 1119 957 1189; x_wconf 76' lang='grc' dir='ltr'><strong>δήγματα,</strong></span> <span class='ocrx_word' id='word_1_52' title='bbox 990 1123 1228 1194; x_wconf 76' lang='grc' dir='ltr'><strong>ἐπετίμα</strong></span> <span class='ocrx_word' id='word_1_53' title='bbox 1258 1129 1286 1179; x_wconf 81' lang='grc' dir='ltr'><em>ὁ</em></span> <span class='ocrx_word' id='word_1_54' title='bbox 1322 1129 1574 1200; x_wconf 78' lang='grc' dir='ltr'><strong>Ἰωάννης</strong></span> <span class='ocrx_word' id='word_1_55' title='bbox 1603 1136 1694 1186; x_wconf 64' lang='grc' dir='ltr'><strong>καὶ¹</strong></span> <span class='ocrx_word' id='word_1_56' title='bbox 1716 1152 1882 1206; x_wconf 82' lang='grc' dir='ltr'>προσ-</span> 
     </span>
    </p>
   </div>
   <div class='ocr_carea' id='block_1_11' title="bbox 296 1206 1878 1297">
    <p class='ocr_par' dir='ltr' id='par_1_11' title="bbox 296 1206 1878 1297">
     <span class='ocr_line' id='line_1_11' title="bbox 296 1206 1878 1297; baseline 0.015 -40"><span class='ocrx_word' id='word_1_57' title='bbox 296 1206 537 1271; x_wconf 79' lang='grc' dir='ltr'>ωνείδιζε</span> <span class='ocrx_word' id='word_1_58' title='bbox 563 1209 1053 1284; x_wconf 73' lang='grc' dir='ltr'>φιλοστόργως-Μὴ</span> <span class='ocrx_word' id='word_1_59' title='bbox 1081 1216 1235 1286; x_wconf 80' lang='grc' dir='ltr'>δῆτα,</span> <span class='ocrx_word' id='word_1_60' title='bbox 1270 1219 1462 1287; x_wconf 83' lang='grc' dir='ltr'>λέγων,</span> <span class='ocrx_word' id='word_1_61' title='bbox 1488 1217 1531 1274; x_wconf 81' lang='grc' dir='ltr'><strong>ὦ</strong></span> <span class='ocrx_word' id='word_1_62' title='bbox 1560 1225 1766 1292; x_wconf 85' lang='grc' dir='ltr'>τέκνον,</span> <span class='ocrx_word' id='word_1_63' title='bbox 1805 1228 1878 1297; x_wconf 84' lang='grc' dir='ltr'><strong>μὴ</strong></span> 
     </span>
    </p>
   </div>
   <div class='ocr_carea' id='block_1_12' title="bbox 296 1297 1878 1388">
    <p class='ocr_par' dir='ltr' id='par_1_12' title="bbox 296 1297 1878 1388">
     <span class='ocr_line' id='line_1_12' title="bbox 296 1297 1878 1388; baseline 0.015 -37"><span class='ocrx_word' id='word_1_64' title='bbox 296 1297 468 1361; x_wconf 79' lang='grc' dir='ltr'>οὕτως</span> <span class='ocrx_word' id='word_1_65' title='bbox 488 1300 684 1354; x_wconf 75' lang='grc' dir='ltr'>ἑαυτοῦ</span> <span class='ocrx_word' id='word_1_66' title='bbox 709 1305 908 1373; x_wconf 81' lang='grc' dir='ltr'>χρῆναι</span> <span class='ocrx_word' id='word_1_67' title='bbox 934 1307 1052 1360; x_wconf 90' lang='grc' dir='ltr'>λίαν</span> <span class='ocrx_word' id='word_1_68' title='bbox 1082 1311 1511 1385; x_wconf 75' lang='grc' dir='ltr'>ἀφιλανθρώπως</span> <span class='ocrx_word' id='word_1_69' title='bbox 1540 1318 1703 1388; x_wconf 81' lang='grc' dir='ltr'>ἔχειν.</span> <span class='ocrx_word' id='word_1_70' title='bbox 1745 1321 1802 1374; x_wconf 83' lang='grc' dir='ltr'>Ὀ</span> <span class='ocrx_word' id='word_1_71' title='bbox 1823 1321 1878 1374; x_wconf 81' lang='grc' dir='ltr'>δὲ</span> 
     </span>
    </p>
   </div>
   <div class='ocr_carea' id='block_1_13' title="bbox 297 1389 1877 1472">
    <p class='ocr_par' dir='ltr' id='par_1_13' title="bbox 297 1389 1877 1472">
     <span class='ocr_line' id='line_1_13' title="bbox 297 1389 1877 1472; baseline 0.015 -31"><span class='ocrx_word' id='word_1_72' title='bbox 297 1389 417 1442; x_wconf 85' lang='grc' dir='ltr'>τότε</span> <span class='ocrx_word' id='word_1_73' title='bbox 451 1393 548 1460; x_wconf 77' lang='grc' dir='ltr'>μὲν</span> <span class='ocrx_word' id='word_1_74' title='bbox 580 1399 875 1464; x_wconf 82' lang='grc' dir='ltr'><strong>πατρικαῖς</strong></span> <span class='ocrx_word' id='word_1_75' title='bbox 909 1400 1292 1472; x_wconf 77' lang='grc' dir='ltr'>ἐπιτιμήσεσιν</span> <span class='ocrx_word' id='word_1_76' title='bbox 1335 1407 1506 1472; x_wconf 76' lang='grc' dir='ltr'>εἴξας,</span> <span class='ocrx_word' id='word_1_77' title='bbox 1543 1410 1776 1464; x_wconf 83' lang='grc' dir='ltr'><strong>ἀπέθετο</strong></span> <span class='ocrx_word' id='word_1_78' title='bbox 1818 1411 1877 1466; x_wconf 81' lang='grc' dir='ltr'>τὸ</span> 
     </span>
    </p>
   </div>
   <div class='ocr_carea' id='block_1_14' title="bbox 297 1483 1872 1570">
    <p class='ocr_par' dir='ltr' id='par_1_14' title="bbox 297 1483 1872 1570">
     <span class='ocr_line' id='line_1_14' title="bbox 297 1483 1872 1570; baseline 0.017 -39"><span class='ocrx_word' id='word_1_79' title='bbox 297 1483 529 1551; x_wconf 77' lang='grc' dir='ltr'><strong>σχοινίον</strong></span> <span class='ocrx_word' id='word_1_80' title='bbox 547 1500 562 1514; x_wconf 72' lang='grc' dir='ltr'><strong>ο</strong></span> <span class='ocrx_word' id='word_1_81' title='bbox 595 1487 733 1553; x_wconf 75' lang='grc' dir='ltr'>μετὰ</span> <span class='ocrx_word' id='word_1_82' title='bbox 755 1488 810 1540; x_wconf 79' lang='grc' dir='ltr'>δὲ</span> <span class='ocrx_word' id='word_1_83' title='bbox 832 1489 1004 1544; x_wconf 80' lang='grc' dir='ltr'>ταῦτα</span> <span class='ocrx_word' id='word_1_84' title='bbox 1024 1492 1316 1562; x_wconf 76' lang='grc' dir='ltr'>λαμϐάνων</span> <span class='ocrx_word' id='word_1_85' title='bbox 1338 1499 1470 1551; x_wconf 86' lang='grc' dir='ltr'>αὐτὸ</span> <span class='ocrx_word' id='word_1_86' title='bbox 1495 1500 1652 1553; x_wconf 85' lang='grc' dir='ltr'>πάλιν</span> <span class='ocrx_word' id='word_1_87' title='bbox 1677 1502 1872 1570; x_wconf 75' lang='grc' dir='ltr'>ὁμοίως</span> 
     </span>
    </p>
   </div>
   <div class='ocr_carea' id='block_1_15' title="bbox 296 1576 1875 1663">
    <p class='ocr_par' dir='ltr' id='par_1_15' title="bbox 296 1576 1875 1663">
     <span class='ocr_line' id='line_1_15' title="bbox 296 1576 1875 1663; baseline 0.013 -38"><span class='ocrx_word' id='word_1_88' title='bbox 296 1576 714 1645; x_wconf 82' lang='grc' dir='ltr'>περιειλίσσετο,</span> <span class='ocrx_word' id='word_1_89' title='bbox 751 1582 812 1632; x_wconf 81' lang='grc' dir='ltr'>οὑ</span> <span class='ocrx_word' id='word_1_90' title='bbox 850 1585 986 1650; x_wconf 78' lang='grc' dir='ltr'>μετὰ</span> <span class='ocrx_word' id='word_1_91' title='bbox 1032 1586 1133 1654; x_wconf 78' lang='grc' dir='ltr'>τῆς</span> <span class='ocrx_word' id='word_1_92' title='bbox 1169 1588 1338 1658; x_wconf 76' lang='grc' dir='ltr'>αὐτῆς</span> <span class='ocrx_word' id='word_1_93' title='bbox 1384 1591 1650 1657; x_wconf 79' lang='grc' dir='ltr'>σφίγξεως</span> <span class='ocrx_word' id='word_1_94' title='bbox 1688 1593 1719 1663; x_wconf 80' lang='grc' dir='ltr'>ἢ</span> <span class='ocrx_word' id='word_1_95' title='bbox 1761 1594 1875 1646; x_wconf 81' lang='grc' dir='ltr'>δια-</span> 
     </span>
    </p>
   </div>
   <div class='ocr_carea' id='block_1_16' title="bbox 292 1666 1869 1754">
    <p class='ocr_par' dir='ltr' id='par_1_16' title="bbox 292 1666 1869 1754">
     <span class='ocr_line' id='line_1_16' title="bbox 292 1666 1869 1754; baseline 0.012 -36"><span class='ocrx_word' id='word_1_96' title='bbox 292 1666 524 1731; x_wconf 81' lang='grc' dir='ltr'><strong>τάσεως,</strong></span> <span class='ocrx_word' id='word_1_97' title='bbox 579 1669 716 1723; x_wconf 57' lang='lat' dir='ltr'><strong>me</strong></span> <span class='ocrx_word' id='word_1_98' title='bbox 777 1675 1099 1742; x_wconf 71' lang='grc' dir='ltr'>χαυνότερον</span> <span class='ocrx_word' id='word_1_99' title='bbox 1155 1695 1272 1741; x_wconf 90' lang='grc' dir='ltr'><strong>πως</strong></span> <span class='ocrx_word' id='word_1_100' title='bbox 1327 1681 1420 1732; x_wconf 71' lang='grc' dir='ltr'>καὶ</span> <span class='ocrx_word' id='word_1_101' title='bbox 1474 1683 1869 1754; x_wconf 71' lang='grc' dir='ltr'><strong>φορητότερονὁ</strong></span> 
     </span>
    </p>
   </div>
   <div class='ocr_carea' id='block_1_17' title="bbox 294 1755 1872 1840">
    <p class='ocr_par' dir='ltr' id='par_1_17' title="bbox 294 1755 1872 1840">
     <span class='ocr_line' id='line_1_17' title="bbox 294 1755 1872 1840; baseline 0.011 -33"><span class='ocrx_word' id='word_1_102' title='bbox 294 1755 592 1822; x_wconf 67' lang='grc' dir='ltr'>ἐσπούδαζε</span> <span class='ocrx_word' id='word_1_103' title='bbox 641 1761 749 1830; x_wconf 75' lang='grc' dir='ltr'>γὰρ</span> <span class='ocrx_word' id='word_1_104' title='bbox 782 1762 1122 1830; x_wconf 80' lang='grc' dir='ltr'><strong>ὑπωπιάζειν</strong></span> <span class='ocrx_word' id='word_1_105' title='bbox 1161 1768 1247 1820; x_wconf 76' lang='grc' dir='ltr'>ἀεὶ</span> <span class='ocrx_word' id='word_1_106' title='bbox 1279 1769 1339 1821; x_wconf 86' lang='grc' dir='ltr'>τὸ</span> <span class='ocrx_word' id='word_1_107' title='bbox 1373 1769 1530 1840; x_wconf 85' lang='grc' dir='ltr'>σῶμα</span> <span class='ocrx_word' id='word_1_108' title='bbox 1580 1773 1672 1824; x_wconf 77' lang='grc' dir='ltr'><strong>καὶ</strong></span> <span class='ocrx_word' id='word_1_109' title='bbox 1703 1791 1872 1826; x_wconf 85' lang='grc' dir='ltr'>κατα-</span> 
     </span>
    </p>
   </div>
   <div class='ocr_carea' id='block_1_18' title="bbox 293 1834 1946 1936">
    <p class='ocr_par' dir='ltr' id='par_1_18' title="bbox 293 1834 1946 1936">
     <span class='ocr_line' id='line_1_18' title="bbox 293 1834 1946 1936; baseline 0.013 -37"><span class='ocrx_word' id='word_1_110' title='bbox 293 1847 537 1918; x_wconf 84' lang='grc' dir='ltr'>τρύχειν,</span> <span class='ocrx_word' id='word_1_111' title='bbox 568 1852 696 1914; x_wconf 81' lang='grc' dir='ltr'>τοὺς</span> <span class='ocrx_word' id='word_1_112' title='bbox 733 1856 1198 1926; x_wconf 79' lang='grc' dir='ltr'><strong>ἐπανισταμένους</strong></span> <span class='ocrx_word' id='word_1_113' title='bbox 1225 1859 1282 1924; x_wconf 77' lang='grc' dir='ltr'>ἐξ</span> <span class='ocrx_word' id='word_1_114' title='bbox 1313 1834 1475 1914; x_wconf 73' lang='grc' dir='ltr'>αὐτού</span> <span class='ocrx_word' id='word_1_115' title='bbox 1502 1866 1564 1934; x_wconf 82' lang='grc' dir='ltr'>τῇ</span> <span class='ocrx_word' id='word_1_116' title='bbox 1591 1864 1734 1936; x_wconf 77' lang='grc' dir='ltr'>ψυχῇ</span> <span class='ocrx_word' id='word_1_117' title='bbox 1772 1883 1871 1919; x_wconf 86' lang='grc' dir='ltr'>πο-</span> <span class='ocrx_word' id='word_1_118' title='bbox 1898 1834 1946 1892; x_wconf 83' lang='grc' dir='ltr'><strong>Β</strong></span> 
     </span>
    </p>
   </div>
   <div class='ocr_carea' id='block_1_19' title="bbox 294 1938 1872 2028">
    <p class='ocr_par' dir='ltr' id='par_1_19' title="bbox 294 1938 1872 2028">
     <span class='ocr_line' id='line_1_19' title="bbox 294 1938 1872 2028; baseline 0.014 -40"><span class='ocrx_word' id='word_1_119' title='bbox 294 1938 493 2006; x_wconf 84' lang='grc' dir='ltr'>λέμους</span> <span class='ocrx_word' id='word_1_120' title='bbox 519 1941 761 1995; x_wconf 81' lang='grc' dir='ltr'>ἀκούων·</span> <span class='ocrx_word' id='word_1_121' title='bbox 789 1945 931 2016; x_wconf 83' lang='grc' dir='ltr'>ἃπερ</span> <span class='ocrx_word' id='word_1_122' title='bbox 955 1947 1136 2017; x_wconf 83' lang='grc' dir='ltr'>ἐξίστη</span> <span class='ocrx_word' id='word_1_123' title='bbox 1162 1952 1286 2014; x_wconf 82' lang='grc' dir='ltr'>τοὺς</span> <span class='ocrx_word' id='word_1_124' title='bbox 1313 1955 1578 2023; x_wconf 78' lang='grc' dir='ltr'>μοναχοὺς</span> <span class='ocrx_word' id='word_1_125' title='bbox 1609 1958 1666 2008; x_wconf 83' lang='grc' dir='ltr'><strong>ἐν</strong></span> <span class='ocrx_word' id='word_1_126' title='bbox 1689 1957 1872 2028; x_wconf 76' lang='grc' dir='ltr'>ἡλικίᾳ</span> 
     </span>
    </p>
   </div>
   <div class='ocr_carea' id='block_1_20' title="bbox 297 2028 1871 2106">
    <p class='ocr_par' dir='ltr' id='par_1_20' title="bbox 297 2028 1871 2106">
     <span class='ocr_line' id='line_1_20' title="bbox 297 2028 1871 2106; baseline 0.015 -27"><span class='ocrx_word' id='word_1_127' title='bbox 297 2028 532 2096; x_wconf 80' lang='grc' dir='ltr'>μαλιστα</span> <span class='ocrx_word' id='word_1_128' title='bbox 573 2033 797 2105; x_wconf 84' lang='grc' dir='ltr'>τοιαύτῃ</span> <span class='ocrx_word' id='word_1_129' title='bbox 844 2037 1119 2106; x_wconf 88' lang='grc' dir='ltr'>γινόμενα.</span> <span class='ocrx_word' id='word_1_130' title='bbox 1165 2042 1382 2096; x_wconf 79' lang='grc' dir='ltr'>Αίτοῦσι</span> <span class='ocrx_word' id='word_1_131' title='bbox 1419 2045 1598 2100; x_wconf 81' lang='grc' dir='ltr'>τοίνυν</span> <span class='ocrx_word' id='word_1_132' title='bbox 1642 2049 1871 2102; x_wconf 84' lang='grc' dir='ltr'>ἀκοῦσαι</span> 
     </span>
    </p>
   </div>
   <div class='ocr_carea' id='block_1_21' title="bbox 292 2117 1872 2208">
    <p class='ocr_par' dir='ltr' id='par_1_21' title="bbox 292 2117 1872 2208">
     <span class='ocr_line' id='line_1_21' title="bbox 292 2117 1872 2208; baseline 0.015 -37"><span class='ocrx_word' id='word_1_133' title='bbox 292 2117 485 2188; x_wconf 80' lang='grc' dir='ltr'><strong>λόγους</strong></span> <span class='ocrx_word' id='word_1_134' title='bbox 534 2123 664 2192; x_wconf 83' lang='grc' dir='ltr'>παρ’</span> <span class='ocrx_word' id='word_1_135' title='bbox 698 2125 857 2180; x_wconf 75' lang='grc' dir='ltr'>αὐτοῦ</span> <span class='ocrx_word' id='word_1_136' title='bbox 897 2130 1186 2198; x_wconf 78' lang='grc' dir='ltr'><strong>σωτηρίας,</strong></span> <span class='ocrx_word' id='word_1_137' title='bbox 1219 2133 1314 2186; x_wconf 73' lang='grc' dir='ltr'>καὶ</span> <span class='ocrx_word' id='word_1_138' title='bbox 1345 2136 1370 2187; x_wconf 84' lang='grc' dir='ltr'>ὁ</span> <span class='ocrx_word' id='word_1_139' title='bbox 1403 2136 1629 2205; x_wconf 87' lang='grc' dir='ltr'>Συμεὼν</span> <span class='ocrx_word' id='word_1_140' title='bbox 1658 2139 1872 2208; x_wconf 80' lang='grc' dir='ltr'><strong>ὁμιλίας</strong></span> 
     </span>
    </p>
   </div>
   <div class='ocr_carea' id='block_1_22' title="bbox 294 2209 1874 2300">
    <p class='ocr_par' dir='ltr' id='par_1_22' title="bbox 294 2209 1874 2300">
     <span class='ocr_line' id='line_1_22' title="bbox 294 2209 1874 2300; baseline 0.012 -36"><span class='ocrx_word' id='word_1_141' title='bbox 294 2209 451 2276; x_wconf 75' lang='grc' dir='ltr'>αὖθις</span> <span class='ocrx_word' id='word_1_142' title='bbox 505 2215 801 2283; x_wconf 78' lang='grc' dir='ltr'>ἁψάμενος,</span> <span class='ocrx_word' id='word_1_143' title='bbox 839 2218 870 2288; x_wconf 80' lang='grc' dir='ltr'>ἢ</span> <span class='ocrx_word' id='word_1_144' title='bbox 914 2220 992 2292; x_wconf 81' lang='grc' dir='ltr'>τῷ</span> <span class='ocrx_word' id='word_1_145' title='bbox 1034 2223 1329 2277; x_wconf 78' lang='grc' dir='ltr'>ἐνοικοῦντι</span> <span class='ocrx_word' id='word_1_146' title='bbox 1379 2227 1578 2296; x_wconf 83' lang='grc' dir='ltr'>μᾶλλον</span> <span class='ocrx_word' id='word_1_147' title='bbox 1618 2230 1874 2300; x_wconf 77' lang='grc' dir='ltr'>κινούμεο</span> 
     </span>
    </p>
   </div>
   <div class='ocr_carea' id='block_1_23' title="bbox 293 2301 1870 2386">
    <p class='ocr_par' dir='ltr' id='par_1_23' title="bbox 293 2301 1870 2386">
     <span class='ocr_line' id='line_1_23' title="bbox 293 2301 1870 2386; baseline 0.013 -30"><span class='ocrx_word' id='word_1_148' title='bbox 293 2320 382 2366; x_wconf 84' lang='grc' dir='ltr'>νος</span> <span class='ocrx_word' id='word_1_149' title='bbox 435 2306 736 2376; x_wconf 71' lang='grc' dir='ltr'>Πνεῦματι,</span> <span class='ocrx_word' id='word_1_150' title='bbox 792 2301 836 2378; x_wconf 81' lang='grc' dir='ltr'><strong>ᾧ</strong></span> <span class='ocrx_word' id='word_1_151' title='bbox 893 2311 990 2364; x_wconf 74' lang='grc' dir='ltr'><strong>καὶ</strong></span> <span class='ocrx_word' id='word_1_152' title='bbox 1039 2312 1145 2383; x_wconf 79' lang='grc' dir='ltr'><strong>πρὸ</strong></span> <span class='ocrx_word' id='word_1_153' title='bbox 1203 2319 1484 2386; x_wconf 85' lang='grc' dir='ltr'>μητρικῶν</span> <span class='ocrx_word' id='word_1_154' title='bbox 1532 2319 1736 2375; x_wconf 80' lang='grc' dir='ltr'>ὠδίνων</span> <span class='ocrx_word' id='word_1_155' title='bbox 1783 2323 1870 2386; x_wconf 79' lang='grc' dir='ltr'>ἐξ·</span> 
     </span>
    </p>
   </div>
   <div class='ocr_carea' id='block_1_24' title="bbox 295 2394 490 2448">
    <p class='ocr_par' dir='ltr' id='par_1_24' title="bbox 295 2394 490 2448">
     <span class='ocr_line' id='line_1_24' title="bbox 295 2394 490 2448; baseline 0.015 -3"><span class='ocrx_word' id='word_1_156' title='bbox 295 2394 490 2448; x_wconf 84' lang='grc' dir='ltr'>είλετο.</span> 
     </span>
    </p>
   </div>
   <div class='ocr_carea' id='block_1_25' title="bbox 367 2653 1871 2742">
    <p class='ocr_par' dir='ltr' id='par_1_25' title="bbox 367 2653 1871 2742">
     <span class='ocr_line' id='line_1_25' title="bbox 367 2653 1871 2742; baseline 0.013 -34"><span class='ocrx_word' id='word_1_157' title='bbox 367 2653 466 2709; x_wconf 85' lang='grc' dir='ltr'>λα’.</span> <span class='ocrx_word' id='word_1_158' title='bbox 504 2657 743 2728; x_wconf 73' lang='grc' dir='ltr'>ῐιατέρες</span> <span class='ocrx_word' id='word_1_159' title='bbox 776 2659 901 2731; x_wconf 78' lang='grc' dir='ltr'>ἔφη,</span> <span class='ocrx_word' id='word_1_160' title='bbox 935 2663 1026 2716; x_wconf 69' lang='grc' dir='ltr'><strong>κού⁵</strong></span> <span class='ocrx_word' id='word_1_161' title='bbox 1053 2665 1290 2734; x_wconf 71' lang='grc' dir='ltr'>ἀδελφοὶ,</span> <span class='ocrx_word' id='word_1_162' title='bbox 1317 2669 1378 2722; x_wconf 77' lang='grc' dir='ltr'>οὑ</span> <span class='ocrx_word' id='word_1_163' title='bbox 1419 2670 1522 2742; x_wconf 79' lang='grc' dir='ltr'><strong>χρὴ</strong></span> <span class='ocrx_word' id='word_1_164' title='bbox 1554 2670 1644 2726; x_wconf 80' lang='grc' dir='ltr'>τὸν</span> <span class='ocrx_word' id='word_1_165' title='bbox 1678 2672 1871 2726; x_wconf 83' lang='grc' dir='ltr'>ἀσύνε-</span> 
     </span>
    </p>
   </div>
   <div class='ocr_carea' id='block_1_26' title="bbox 289 2749 1872 2832">
    <p class='ocr_par' dir='ltr' id='par_1_26' title="bbox 289 2749 1872 2832">
     <span class='ocr_line' id='line_1_26' title="bbox 289 2749 1872 2832; baseline 0.009 -31"><span class='ocrx_word' id='word_1_166' title='bbox 289 2761 385 2804; x_wconf 74' lang='grc' dir='ltr'><strong>τον</strong></span> <span class='ocrx_word' id='word_1_167' title='bbox 420 2749 519 2817; x_wconf 80' lang='grc' dir='ltr'>ἐμὲ</span> <span class='ocrx_word' id='word_1_168' title='bbox 544 2750 672 2818; x_wconf 78' lang='grc' dir='ltr'>περὶ</span> <span class='ocrx_word' id='word_1_169' title='bbox 703 2750 976 2822; x_wconf 82' lang='grc' dir='ltr'>σωτηρίας</span> <span class='ocrx_word' id='word_1_170' title='bbox 1007 2755 1184 2826; x_wconf 69' lang='grc' dir='ltr'>ψυχῆς</span> <span class='ocrx_word' id='word_1_171' title='bbox 1213 2761 1277 2828; x_wconf 80' lang='grc' dir='ltr'>τῇ</span> <span class='ocrx_word' id='word_1_172' title='bbox 1311 2760 1552 2832; x_wconf 79' lang='grc' dir='ltr'>ὑμετέρᾳ</span> <span class='ocrx_word' id='word_1_173' title='bbox 1577 2762 1738 2832; x_wconf 83' lang='grc' dir='ltr'>πολιᾷ</span> <span class='ocrx_word' id='word_1_174' title='bbox 1759 2763 1872 2816; x_wconf 83' lang='grc' dir='ltr'>δια-</span> 
     </span>
    </p>
   </div>
   <div class='ocr_carea' id='block_1_27' title="bbox 291 2837 1872 2924">
    <p class='ocr_par' dir='ltr' id='par_1_27' title="bbox 291 2837 1872 2924">
     <span class='ocr_line' id='line_1_27' title="bbox 291 2837 1872 2924; baseline 0.011 -35"><span class='ocrx_word' id='word_1_175' title='bbox 291 2837 546 2906; x_wconf 83' lang='grc' dir='ltr'>λέγεσθαι</span> <span class='ocrx_word' id='word_1_176' title='bbox 575 2855 589 2870; x_wconf 74' lang='grc'><strong><em>⁸</em></strong></span> <span class='ocrx_word' id='word_1_177' title='bbox 619 2841 769 2910; x_wconf 83' lang='grc' dir='ltr'>ὅμως</span> <span class='ocrx_word' id='word_1_178' title='bbox 796 2844 920 2896; x_wconf 75' lang='grc' dir='ltr'>ἐπεὶ</span> <span class='ocrx_word' id='word_1_179' title='bbox 949 2851 1234 2916; x_wconf 81' lang='grc' dir='ltr'>πατρικοῖς</span> <span class='ocrx_word' id='word_1_180' title='bbox 1254 2851 1571 2924; x_wconf 79' lang='grc' dir='ltr'>οὺκὲστιμὴ</span> <span class='ocrx_word' id='word_1_181' title='bbox 1589 2853 1872 2906; x_wconf 84' lang='grc' dir='ltr'>πείθεσθαι</span> 
     </span>
    </p>
   </div>
   <div class='ocr_carea' id='block_1_28' title="bbox 291 2927 1871 3013">
    <p class='ocr_par' dir='ltr' id='par_1_28' title="bbox 291 2927 1871 3013">
     <span class='ocr_line' id='line_1_28' title="bbox 291 2927 1871 3013; baseline 0.012 -33"><span class='ocrx_word' id='word_1_182' title='bbox 291 2927 494 2996; x_wconf 80' lang='grc' dir='ltr'>λόγοις,</span> <span class='ocrx_word' id='word_1_183' title='bbox 529 2930 732 2998; x_wconf 84' lang='grc' dir='ltr'>Ἔργον</span> <span class='ocrx_word' id='word_1_184' title='bbox 766 2935 1000 3003; x_wconf 87' lang='grc' dir='ltr'>μοναχοῦ</span> <span class='ocrx_word' id='word_1_185' title='bbox 1039 2935 1138 3006; x_wconf 85' lang='grc' dir='ltr'>τὴν</span> <span class='ocrx_word' id='word_1_186' title='bbox 1163 2939 1490 3011; x_wconf 73' lang='grc' dir='ltr'>ἐγκράτειαν</span> <span class='ocrx_word' id='word_1_187' title='bbox 1522 2939 1696 3013; x_wconf 71' lang='grc' dir='ltr'>οἴμαι,</span> <span class='ocrx_word' id='word_1_188' title='bbox 1731 2944 1871 2998; x_wconf 79' lang='grc' dir='ltr'>ὥστε</span> 
     </span>
    </p>
   </div>
   <div class='ocr_carea' id='block_1_29' title="bbox 291 3019 1872 3109">
    <p class='ocr_par' dir='ltr' id='par_1_29' title="bbox 291 3019 1872 3109">
     <span class='ocr_line' id='line_1_29' title="bbox 291 3019 1872 3109; baseline 0.013 -39"><span class='ocrx_word' id='word_1_189' title='bbox 291 3019 521 3089; x_wconf 75' lang='grc' dir='ltr'>ἠρεμεῖν</span> <span class='ocrx_word' id='word_1_190' title='bbox 566 3022 716 3094; x_wconf 86' lang='grc' dir='ltr'><strong>αύτῷ</strong></span> <span class='ocrx_word' id='word_1_191' title='bbox 760 3024 857 3087; x_wconf 86' lang='grc' dir='ltr'><strong>τὰς</strong></span> <span class='ocrx_word' id='word_1_192' title='bbox 887 3025 980 3079; x_wconf 73' lang='grc' dir='ltr'>τοῦ</span> <span class='ocrx_word' id='word_1_193' title='bbox 1027 3025 1280 3100; x_wconf 83' lang='grc' dir='ltr'>σώματος</span> <span class='ocrx_word' id='word_1_194' title='bbox 1313 3033 1526 3098; x_wconf 77' lang='grc' dir='ltr'>ἡδονὰς,</span> <span class='ocrx_word' id='word_1_195' title='bbox 1558 3035 1734 3105; x_wconf 77' lang='grc' dir='ltr'>ἔχοντι</span> <span class='ocrx_word' id='word_1_196' title='bbox 1772 3037 1872 3109; x_wconf 83' lang='grc' dir='ltr'><strong>τὴν</strong></span> 
     </span>
    </p>
   </div>
   <div class='ocr_carea' id='block_1_30' title="bbox 291 3111 1871 3193">
    <p class='ocr_par' dir='ltr' id='par_1_30' title="bbox 291 3111 1871 3193">
     <span class='ocr_line' id='line_1_30' title="bbox 291 3111 1871 3193; baseline 0.013 -31"><span class='ocrx_word' id='word_1_197' title='bbox 291 3111 472 3181; x_wconf 75' lang='grc' dir='ltr'>ψυχὴν</span> <span class='ocrx_word' id='word_1_198' title='bbox 506 3115 562 3164; x_wconf 87' lang='grc' dir='ltr'>ἐν</span> <span class='ocrx_word' id='word_1_199' title='bbox 593 3115 806 3187; x_wconf 79' lang='grc' dir='ltr'>εἰρήνῃ,</span> <span class='ocrx_word' id='word_1_200' title='bbox 839 3118 902 3170; x_wconf 87' lang='grc' dir='ltr'><strong>τό</strong></span> <span class='ocrx_word' id='word_1_201' title='bbox 936 3136 996 3172; x_wconf 87' lang='grc' dir='ltr'><strong>τε</strong></span> <span class='ocrx_word' id='word_1_202' title='bbox 1041 3122 1282 3192; x_wconf 84' lang='grc' dir='ltr'>συνεχῶς</span> <span class='ocrx_word' id='word_1_203' title='bbox 1313 3125 1555 3193; x_wconf 74' lang='grc' dir='ltr'>ψάλλειν,</span> <span class='ocrx_word' id='word_1_204' title='bbox 1583 3128 1679 3181; x_wconf 68' lang='grc' dir='ltr'><strong>καὶ</strong></span> <span class='ocrx_word' id='word_1_205' title='bbox 1716 3129 1871 3182; x_wconf 85' lang='grc' dir='ltr'>ἀδια-</span> 
     </span>
    </p>
   </div>
   <div class='ocr_carea' id='block_1_31' title="bbox 291 3201 1871 3290">
    <p class='ocr_par' dir='ltr' id='par_1_31' title="bbox 291 3201 1871 3290">
     <span class='ocr_line' id='line_1_31' title="bbox 291 3201 1871 3290; baseline 0.013 -36"><span class='ocrx_word' id='word_1_206' title='bbox 291 3201 525 3266; x_wconf 84' lang='grc' dir='ltr'>λείπτως</span> <span class='ocrx_word' id='word_1_207' title='bbox 556 3202 633 3274; x_wconf 85' lang='grc' dir='ltr'><strong>τῷ</strong></span> <span class='ocrx_word' id='word_1_208' title='bbox 662 3204 738 3275; x_wconf 87' lang='grc' dir='ltr'>νῷ</span> <span class='ocrx_word' id='word_1_209' title='bbox 765 3209 1162 3280; x_wconf 82' lang='grc' dir='ltr'>προσεύχεσθαι</span> <span class='ocrx_word' id='word_1_210' title='bbox 1180 3230 1195 3245; x_wconf 79' lang='grc' dir='ltr'><strong>ο</strong></span> <span class='ocrx_word' id='word_1_211' title='bbox 1219 3214 1378 3284; x_wconf 81' lang='grc' dir='ltr'>ἔργον</span> <span class='ocrx_word' id='word_1_212' title='bbox 1415 3219 1648 3288; x_wconf 86' lang='grc' dir='ltr'>μοναχοῦ</span> <span class='ocrx_word' id='word_1_213' title='bbox 1681 3221 1871 3290; x_wconf 84' lang='grc' dir='ltr'>ήάγά-</span> 
     </span>
    </p>
   </div>
   <div class='ocr_carea' id='block_1_32' title="bbox 294 3295 1870 3382">
    <p class='ocr_par' dir='ltr' id='par_1_32' title="bbox 294 3295 1870 3382">
     <span class='ocr_line' id='line_1_32' title="bbox 294 3295 1870 3382; baseline 0.013 -38"><span class='ocrx_word' id='word_1_214' title='bbox 294 3311 394 3364; x_wconf 86' lang='grc' dir='ltr'><strong>πη,</strong></span> <span class='ocrx_word' id='word_1_215' title='bbox 432 3295 526 3348; x_wconf 82' lang='grc' dir='ltr'>καὶ</span> <span class='ocrx_word' id='word_1_216' title='bbox 556 3297 588 3366; x_wconf 84' lang='grc' dir='ltr'><strong>ή</strong></span> <span class='ocrx_word' id='word_1_217' title='bbox 617 3299 752 3364; x_wconf 83' lang='grc' dir='ltr'>μετὰ</span> <span class='ocrx_word' id='word_1_218' title='bbox 789 3304 1050 3371; x_wconf 81' lang='grc' dir='ltr'>ταπεινῆς</span> <span class='ocrx_word' id='word_1_219' title='bbox 1081 3306 1304 3376; x_wconf 84' lang='grc' dir='ltr'>καρδίας</span> <span class='ocrx_word' id='word_1_220' title='bbox 1329 3310 1563 3378; x_wconf 85' lang='grc' dir='ltr'>ὑπακοὴ,</span> <span class='ocrx_word' id='word_1_221' title='bbox 1589 3311 1657 3364; x_wconf 77' lang='grc' dir='ltr'>δι’</span> <span class='ocrx_word' id='word_1_222' title='bbox 1678 3306 1745 3382; x_wconf 84' lang='grc' dir='ltr'>ἦς</span> <span class='ocrx_word' id='word_1_223' title='bbox 1776 3312 1870 3364; x_wconf 72' lang='grc' dir='ltr'><strong>καὶ</strong></span> 
     </span>
    </p>
   </div>
   <div class='ocr_carea' id='block_1_33' title="bbox 291 3383 1869 3473">
    <p class='ocr_par' dir='ltr' id='par_1_33' title="bbox 291 3383 1869 3473">
     <span class='ocr_line' id='line_1_33' title="bbox 291 3383 1869 3473; baseline 0.013 -38"><span class='ocrx_word' id='word_1_224' title='bbox 291 3385 525 3455; x_wconf 80' lang='grc' dir='ltr'>Χριστὸς</span> <span class='ocrx_word' id='word_1_225' title='bbox 558 3383 668 3441; x_wconf 79' lang='grc' dir='ltr'>εἷλε</span> <span class='ocrx_word' id='word_1_226' title='bbox 697 3389 789 3442; x_wconf 84' lang='grc' dir='ltr'>τὸν</span> <span class='ocrx_word' id='word_1_227' title='bbox 830 3391 1080 3456; x_wconf 86' lang='grc' dir='ltr'>θάνατον,</span> <span class='ocrx_word' id='word_1_228' title='bbox 1108 3397 1396 3466; x_wconf 83' lang='grc' dir='ltr'>γενόμενος</span> <span class='ocrx_word' id='word_1_229' title='bbox 1440 3399 1678 3470; x_wconf 81' lang='grc' dir='ltr'>ὑπήκοος</span> <span class='ocrx_word' id='word_1_230' title='bbox 1710 3403 1869 3473; x_wconf 80' lang='grc' dir='ltr'>μέχρι</span> 
     </span>
    </p>
   </div>
   <div class='ocr_carea' id='block_1_34' title="bbox 293 3475 1870 3564">
    <p class='ocr_par' dir='ltr' id='par_1_34' title="bbox 293 3475 1870 3564">
     <span class='ocr_line' id='line_1_34' title="bbox 293 3475 1870 3564; baseline 0.013 -36"><span class='ocrx_word' id='word_1_231' title='bbox 293 3475 549 3542; x_wconf 83' lang='grc' dir='ltr'>θανάτου,</span> <span class='ocrx_word' id='word_1_232' title='bbox 576 3479 805 3534; x_wconf 88' lang='grc' dir='ltr'>θανάτου</span> <span class='ocrx_word' id='word_1_233' title='bbox 829 3481 886 3536; x_wconf 79' lang='grc' dir='ltr'>δὲ</span> <span class='ocrx_word' id='word_1_234' title='bbox 913 3487 1169 3555; x_wconf 84' lang='grc' dir='ltr'>σταυροῦ,</span> <span class='ocrx_word' id='word_1_235' title='bbox 1197 3488 1284 3541; x_wconf 75' lang='grc' dir='ltr'>ἵνα</span> <span class='ocrx_word' id='word_1_236' title='bbox 1319 3490 1419 3553; x_wconf 83' lang='grc' dir='ltr'><strong>τὰς</strong></span> <span class='ocrx_word' id='word_1_237' title='bbox 1453 3492 1747 3562; x_wconf 78' lang='grc' dir='ltr'>ἐπιθυμίας</span> <span class='ocrx_word' id='word_1_238' title='bbox 1768 3497 1870 3564; x_wconf 86' lang='grc' dir='ltr'>τῆς</span> 
     </span>
    </p>
   </div>
   <div class='ocr_carea' id='block_1_35' title="bbox 292 3568 1868 3652">
    <p class='ocr_par' dir='ltr' id='par_1_35' title="bbox 292 3568 1868 3652">
     <span class='ocr_line' id='line_1_35' title="bbox 292 3568 1868 3652; baseline 0.013 -33"><span class='ocrx_word' id='word_1_239' title='bbox 292 3568 496 3639; x_wconf 79' lang='grc' dir='ltr'>σαρκὸς</span> <span class='ocrx_word' id='word_1_240' title='bbox 541 3571 635 3623; x_wconf 73' lang='grc' dir='ltr'><strong>καὶ</strong></span> <span class='ocrx_word' id='word_1_241' title='bbox 677 3573 840 3642; x_wconf 79' lang='grc' dir='ltr'>ἡμεῖς</span> <span class='ocrx_word' id='word_1_242' title='bbox 879 3575 946 3627; x_wconf 89' lang='grc' dir='ltr'>δι’</span> <span class='ocrx_word' id='word_1_243' title='bbox 978 3577 1148 3650; x_wconf 75' lang='grc' dir='ltr'>αὐτῆς</span> <span class='ocrx_word' id='word_1_244' title='bbox 1215 3579 1780 3652; x_wconf 78' lang='grc' dir='ltr'>θανατώσωμεν,τότε</span> <span class='ocrx_word' id='word_1_245' title='bbox 1811 3587 1868 3637; x_wconf 85' lang='grc' dir='ltr'>ἐν</span> 
     </span>
    </p>
   </div>
   <div class='ocr_carea' id='block_1_36' title="bbox 290 3659 1869 3745">
    <p class='ocr_par' dir='ltr' id='par_1_36' title="bbox 290 3659 1869 3745">
     <span class='ocr_line' id='line_1_36' title="bbox 290 3659 1869 3745; baseline 0.013 -34"><span class='ocrx_word' id='word_1_246' title='bbox 290 3659 676 3732; x_wconf 78' lang='grc' dir='ltr'>ἐξομολογήσει</span> <span class='ocrx_word' id='word_1_247' title='bbox 709 3664 937 3730; x_wconf 80' lang='grc' dir='ltr'>κλαίειν,</span> <span class='ocrx_word' id='word_1_248' title='bbox 971 3670 1067 3719; x_wconf 69' lang='grc' dir='ltr'>καὶ</span> <span class='ocrx_word' id='word_1_249' title='bbox 1095 3671 1152 3719; x_wconf 81' lang='grc' dir='ltr'>ἐν</span> <span class='ocrx_word' id='word_1_250' title='bbox 1178 3673 1436 3744; x_wconf 77' lang='grc' dir='ltr'>συντριϐῇ</span> <span class='ocrx_word' id='word_1_251' title='bbox 1470 3676 1697 3745; x_wconf 84' lang='grc' dir='ltr'>καρδίας</span> <span class='ocrx_word' id='word_1_252' title='bbox 1729 3677 1804 3740; x_wconf 84' lang='grc' dir='ltr'><strong>ὡς</strong></span> <span class='ocrx_word' id='word_1_253' title='bbox 1841 3679 1869 3730; x_wconf 89' lang='grc' dir='ltr'>ὁ</span> 
     </span>
    </p>
   </div>
   <div class='ocr_carea' id='block_1_37' title="bbox 289 3749 1870 3834">
    <p class='ocr_par' dir='ltr' id='par_1_37' title="bbox 289 3749 1870 3834">
     <span class='ocr_line' id='line_1_37' title="bbox 289 3749 1870 3834; baseline 0.013 -31"><span class='ocrx_word' id='word_1_254' title='bbox 289 3749 543 3822; x_wconf 83' lang='grc' dir='ltr'>Τελώνης</span> <span class='ocrx_word' id='word_1_255' title='bbox 577 3753 995 3826; x_wconf 66' lang='grc' dir='ltr'>προσεύχεσθαι,</span> <span class='ocrx_word' id='word_1_256' title='bbox 1033 3761 1183 3830; x_wconf 86' lang='grc' dir='ltr'>φωνή</span> <span class='ocrx_word' id='word_1_257' title='bbox 1228 3779 1286 3814; x_wconf 89' lang='grc' dir='ltr'><strong>τε</strong></span> <span class='ocrx_word' id='word_1_258' title='bbox 1320 3763 1633 3834; x_wconf 87' lang='grc' dir='ltr'>σύμμετρος</span> <span class='ocrx_word' id='word_1_259' title='bbox 1672 3769 1764 3820; x_wconf 78' lang='grc' dir='ltr'>καὶ</span> <span class='ocrx_word' id='word_1_260' title='bbox 1789 3768 1870 3822; x_wconf 66' lang='grc' dir='ltr'>λόη</span> 
     </span>
    </p>
   </div>
   <div class='ocr_carea' id='block_1_38' title="bbox 289 3844 1867 3930">
    <p class='ocr_par' dir='ltr' id='par_1_38' title="bbox 289 3844 1867 3930">
     <span class='ocr_line' id='line_1_38' title="bbox 289 3844 1867 3930; baseline 0.012 -33"><span class='ocrx_word' id='word_1_261' title='bbox 289 3861 388 3912; x_wconf 90' lang='grc' dir='ltr'><strong>γος</strong></span> <span class='ocrx_word' id='word_1_262' title='bbox 420 3844 702 3915; x_wconf 77' lang='grc' dir='ltr'>εὓτακτος,</span> <span class='ocrx_word' id='word_1_263' title='bbox 733 3850 830 3903; x_wconf 78' lang='grc' dir='ltr'><strong>καὶ</strong></span> <span class='ocrx_word' id='word_1_264' title='bbox 855 3853 888 3922; x_wconf 79' lang='grc' dir='ltr'>ἡ</span> <span class='ocrx_word' id='word_1_265' title='bbox 920 3854 976 3906; x_wconf 83' lang='grc' dir='ltr'>ἐν</span> <span class='ocrx_word' id='word_1_266' title='bbox 1003 3855 1268 3924; x_wconf 74' lang='grc' dir='ltr'>πραότητι</span> <span class='ocrx_word' id='word_1_267' title='bbox 1312 3859 1404 3910; x_wconf 74' lang='grc' dir='ltr'>καὶ</span> <span class='ocrx_word' id='word_1_268' title='bbox 1433 3861 1631 3930; x_wconf 74' lang='grc' dir='ltr'>ἠσυχίᾳ</span> <span class='ocrx_word' id='word_1_269' title='bbox 1667 3862 1867 3930; x_wconf 85' lang='grc' dir='ltr'>διαγω-</span> 
     </span>
    </p>
   </div>
   <div class='ocr_carea' id='block_1_39' title="bbox 291 3937 1866 4023">
    <p class='ocr_par' dir='ltr' id='par_1_39' title="bbox 291 3937 1866 4023">
     <span class='ocr_line' id='line_1_39' title="bbox 291 3937 1866 4023; baseline 0.013 -36"><span class='ocrx_word' id='word_1_270' title='bbox 291 3937 388 4004; x_wconf 83' lang='grc' dir='ltr'>γή,</span> <span class='ocrx_word' id='word_1_271' title='bbox 426 3937 624 4007; x_wconf 85' lang='grc' dir='ltr'>Ἔργον</span> <span class='ocrx_word' id='word_1_272' title='bbox 666 3942 922 4012; x_wconf 62' lang='grc' dir='ltr'>μοειαχοῦ,</span> <span class='ocrx_word' id='word_1_273' title='bbox 957 3943 1018 3998; x_wconf 83' lang='grc' dir='ltr'><strong>τὸ</strong></span> <span class='ocrx_word' id='word_1_274' title='bbox 1058 3946 1132 4016; x_wconf 81' lang='grc' dir='ltr'>μὴ</span> <span class='ocrx_word' id='word_1_275' title='bbox 1168 3947 1388 4018; x_wconf 82' lang='grc' dir='ltr'>ὀμνύειν</span> <span class='ocrx_word' id='word_1_276' title='bbox 1416 3951 1571 4015; x_wconf 84' lang='grc' dir='ltr'>ὅλως,</span> <span class='ocrx_word' id='word_1_277' title='bbox 1601 3952 1740 4023; x_wconf 77' lang='grc' dir='ltr'>πλὴν</span> <span class='ocrx_word' id='word_1_278' title='bbox 1773 3954 1866 4008; x_wconf 79' lang='grc' dir='ltr'><strong>τοῦ</strong></span> 
     </span>
    </p>
   </div>
   <div class='ocr_carea' id='block_1_40' title="bbox 292 4027 1869 4115">
    <p class='ocr_par' dir='ltr' id='par_1_40' title="bbox 292 4027 1869 4115">
     <span class='ocr_line' id='line_1_40' title="bbox 292 4027 1869 4115; baseline 0.01 -33"><span class='ocrx_word' id='word_1_279' title='bbox 292 4027 592 4084; x_wconf 79' lang='grc' dir='ltr'>Πίστευσον</span> <span class='ocrx_word' id='word_1_280' title='bbox 612 4031 644 4098; x_wconf 84' lang='grc' dir='ltr'>ἢ</span> <span class='ocrx_word' id='word_1_281' title='bbox 667 4032 1050 4104; x_wconf 84' lang='grc' dir='ltr'>Συγχώρησον,</span> <span class='ocrx_word' id='word_1_282' title='bbox 1089 4038 1124 4107; x_wconf 80' lang='grc' dir='ltr'><strong>ἥ</strong></span> <span class='ocrx_word' id='word_1_283' title='bbox 1162 4057 1219 4090; x_wconf 84' lang='grc' dir='ltr'><strong>τε</strong></span> <span class='ocrx_word' id='word_1_284' title='bbox 1248 4039 1356 4093; x_wconf 85' lang='grc' dir='ltr'><strong>τῶν</strong></span> <span class='ocrx_word' id='word_1_285' title='bbox 1386 4044 1482 4111; x_wconf 87' lang='grc' dir='ltr'>τῆς</span> <span class='ocrx_word' id='word_1_286' title='bbox 1506 4042 1869 4115; x_wconf 84' lang='grc' dir='ltr'>φιλαργυρίας</span> 
     </span>
    </p>
   </div>
   <div class='ocr_carea' id='block_1_41' title="bbox 294 4120 1868 4201">
    <p class='ocr_par' dir='ltr' id='par_1_41' title="bbox 294 4120 1868 4201">
     <span class='ocr_line' id='line_1_41' title="bbox 294 4120 1868 4201; baseline 0.013 -31"><span class='ocrx_word' id='word_1_287' title='bbox 294 4120 608 4175; x_wconf 58' lang='grc' dir='ltr'>σκανδάλων</span> <span class='ocrx_word' id='word_1_288' title='bbox 631 4125 801 4194; x_wconf 85' lang='grc' dir='ltr'>φυγὴ,</span> <span class='ocrx_word' id='word_1_289' title='bbox 834 4128 926 4179; x_wconf 78' lang='grc' dir='ltr'>καὶ</span> <span class='ocrx_word' id='word_1_290' title='bbox 951 4129 983 4197; x_wconf 83' lang='grc' dir='ltr'><strong>ή</strong></span> <span class='ocrx_word' id='word_1_291' title='bbox 1013 4127 1119 4181; x_wconf 86' lang='grc' dir='ltr'>τῶν</span> <span class='ocrx_word' id='word_1_292' title='bbox 1147 4129 1315 4183; x_wconf 79' lang='grc' dir='ltr'>ὄντων</span> <span class='ocrx_word' id='word_1_293' title='bbox 1352 4134 1657 4201; x_wconf 85' lang='grc' dir='ltr'>μετάδοσις,</span> <span class='ocrx_word' id='word_1_294' title='bbox 1694 4138 1785 4190; x_wconf 80' lang='grc' dir='ltr'>καὶ</span> <span class='ocrx_word' id='word_1_295' title='bbox 1808 4137 1868 4190; x_wconf 86' lang='grc' dir='ltr'><strong>τὸ</strong></span> 
     </span>
    </p>
   </div>
   <div class='ocr_carea' id='block_1_42' title="bbox 295 4212 1888 4299">
    <p class='ocr_par' dir='ltr' id='par_1_42' title="bbox 295 4212 1888 4299">
     <span class='ocr_line' id='line_1_42' title="bbox 295 4212 1888 4299; baseline 0.01 -35"><span class='ocrx_word' id='word_1_296' title='bbox 295 4212 373 4283; x_wconf 87' lang='grc' dir='ltr'>μὴ</span> <span class='ocrx_word' id='word_1_297' title='bbox 411 4214 570 4284; x_wconf 79' lang='grc' dir='ltr'>μόνον</span> <span class='ocrx_word' id='word_1_298' title='bbox 619 4217 754 4286; x_wconf 86' lang='grc' dir='ltr'><strong>μηδέ</strong></span> <span class='ocrx_word' id='word_1_299' title='bbox 806 4222 938 4272; x_wconf 82' lang='grc' dir='ltr'>ποτέ</span> <span class='ocrx_word' id='word_1_300' title='bbox 978 4237 1121 4284; x_wconf 87' lang='grc' dir='ltr'>τινος</span> <span class='ocrx_word' id='word_1_301' title='bbox 1163 4223 1518 4289; x_wconf 84' lang='grc' dir='ltr'>καταλαλεῖν,</span> <span class='ocrx_word' id='word_1_302' title='bbox 1550 4227 1686 4281; x_wconf 84' lang='grc' dir='ltr'><strong>ἀλλὰ</strong></span> <span class='ocrx_word' id='word_1_303' title='bbox 1732 4229 1888 4299; x_wconf 65' lang='grc' dir='ltr'>μηδὲι</span> 
     </span>
    </p>
   </div>
   <div class='ocr_carea' id='block_1_43' title="bbox 232 4305 1868 4384">
    <p class='ocr_par' dir='ltr' id='par_1_43' title="bbox 232 4305 1868 4384">
     <span class='ocr_line' id='line_1_43' title="bbox 232 4305 1868 4384; baseline 0.012 -28"><span class='ocrx_word' id='word_1_304' title='bbox 232 4378 235 4379; x_wconf 13' lang='grc' dir='ltr'><em>ν</em></span> <span class='ocrx_word' id='word_1_305' title='bbox 292 4305 724 4370; x_wconf 79' lang='grc' dir='ltr'>καταλαλοῦντος</span> <span class='ocrx_word' id='word_1_306' title='bbox 748 4309 1055 4380; x_wconf 83' lang='grc' dir='ltr'>ἀνέχεσθαι,</span> <span class='ocrx_word' id='word_1_307' title='bbox 1082 4316 1422 4384; x_wconf 79' lang='grc' dir='ltr'>συμπάσχειν</span> <span class='ocrx_word' id='word_1_308' title='bbox 1448 4335 1506 4370; x_wconf 90' lang='grc' dir='ltr'><strong>τε</strong></span> <span class='ocrx_word' id='word_1_309' title='bbox 1537 4322 1649 4383; x_wconf 85' lang='grc' dir='ltr'>τοῖς</span> <span class='ocrx_word' id='word_1_310' title='bbox 1672 4322 1730 4375; x_wconf 85' lang='grc' dir='ltr'><strong>ὲν</strong></span> <span class='ocrx_word' id='word_1_311' title='bbox 1755 4321 1868 4375; x_wconf 76' lang='grc' dir='ltr'>ὀδύο</span> 
     </span>
    </p>
   </div>
   <div class='ocr_carea' id='block_1_44' title="bbox 288 4395 1867 4482">
    <p class='ocr_par' dir='ltr' id='par_1_44' title="bbox 288 4395 1867 4482">
     <span class='ocr_line' id='line_1_44' title="bbox 288 4395 1867 4482; baseline 0.011 -35"><span class='ocrx_word' id='word_1_312' title='bbox 288 4410 380 4466; x_wconf 67' lang='lat' dir='ltr'><strong>vn,</strong></span> <span class='ocrx_word' id='word_1_313' title='bbox 404 4395 497 4449; x_wconf 73' lang='grc' dir='ltr'>καὶ</span> <span class='ocrx_word' id='word_1_314' title='bbox 513 4397 756 4467; x_wconf 77' lang='grc' dir='ltr'>ἀδελφῶν</span> <span class='ocrx_word' id='word_1_315' title='bbox 777 4401 942 4465; x_wconf 82' lang='grc' dir='ltr'>πόδας</span> <span class='ocrx_word' id='word_1_316' title='bbox 961 4403 1192 4470; x_wconf 89' lang='grc' dir='ltr'>νίπτειν,</span> <span class='ocrx_word' id='word_1_317' title='bbox 1211 4407 1304 4460; x_wconf 76' lang='grc' dir='ltr'><strong>καὶ</strong></span> <span class='ocrx_word' id='word_1_318' title='bbox 1321 4411 1438 4471; x_wconf 83' lang='grc' dir='ltr'>ταῖς</span> <span class='ocrx_word' id='word_1_319' title='bbox 1462 4410 1639 4464; x_wconf 83' lang='grc' dir='ltr'>αὐτῶν</span> <span class='ocrx_word' id='word_1_320' title='bbox 1658 4413 1867 4482; x_wconf 88' lang='grc' dir='ltr'>χρείαις</span> 
     </span>
    </p>
   </div>
   <div class='ocr_carea' id='block_1_45' title="bbox 1994 599 3569 662">
    <p class='ocr_par' dir='ltr' id='par_1_45' title="bbox 1994 599 3569 662">
     <span class='ocr_line' id='line_1_45' title="bbox 1994 599 3569 662; baseline 0.007 -11"><span class='ocrx_word' id='word_1_321' title='bbox 1994 600 2226 653; x_wconf 88' lang='lat' dir='ltr'><strong>tiaturus</strong></span> <span class='ocrx_word' id='word_1_322' title='bbox 2257 599 2489 652; x_wconf 91' lang='lat' dir='ltr'><strong>accedit.</strong></span> <span class='ocrx_word' id='word_1_323' title='bbox 2535 600 2582 652; x_wconf 93' lang='lat' dir='ltr'><strong>Is</strong></span> <span class='ocrx_word' id='word_1_324' title='bbox 2625 606 2810 652; x_wconf 88' lang='lat' dir='ltr'><strong>autem</strong></span> <span class='ocrx_word' id='word_1_325' title='bbox 2862 614 2971 652; x_wconf 92' lang='lat' dir='ltr'><strong>non</strong></span> <span class='ocrx_word' id='word_1_326' title='bbox 3022 602 3235 656; x_wconf 90' lang='lat' dir='ltr'><strong>modice</strong></span> <span class='ocrx_word' id='word_1_327' title='bbox 3274 603 3466 660; x_wconf 86' lang='lat' dir='ltr'><strong>dolens</strong></span> <span class='ocrx_word' id='word_1_328' title='bbox 3514 617 3569 662; x_wconf 87' lang='lat' dir='ltr'><strong>et</strong></span> 
     </span>
    </p>
   </div>
   <div class='ocr_carea' id='block_1_46' title="bbox 1989 692 3566 763">
    <p class='ocr_par' dir='ltr' id='par_1_46' title="bbox 1989 692 3566 763">
     <span class='ocr_line' id='line_1_46' title="bbox 1989 692 3566 763; baseline 0.003 -17"><span class='ocrx_word' id='word_1_329' title='bbox 1989 701 2397 756; x_wconf 90' lang='lat' dir='ltr'><strong>consternatus,</strong></span> <span class='ocrx_word' id='word_1_330' title='bbox 2431 692 2601 763; x_wconf 73' lang='lat' dir='ltr'><strong>adigit</strong></span> <span class='ocrx_word' id='word_1_331' title='bbox 2633 693 2983 762; x_wconf 80' lang='lat' dir='ltr'><strong>Symeonem,</strong></span> <span class='ocrx_word' id='word_1_332' title='bbox 3032 705 3091 747; x_wconf 91' lang='lat' dir='ltr'><strong>ut</strong></span> <span class='ocrx_word' id='word_1_333' title='bbox 3139 697 3340 749; x_wconf 83' lang='lat' dir='ltr'><strong>sensim</strong></span> <span class='ocrx_word' id='word_1_334' title='bbox 3384 697 3566 752; x_wconf 85' lang='lat' dir='ltr'><strong>funem</strong></span> 
     </span>
    </p>
   </div>
   <div class='ocr_carea' id='block_1_47' title="bbox 1987 783 3564 856">
    <p class='ocr_par' dir='ltr' id='par_1_47' title="bbox 1987 783 3564 856">
     <span class='ocr_line' id='line_1_47' title="bbox 1987 783 3564 856; baseline 0.002 -20"><span class='ocrx_word' id='word_1_335' title='bbox 1987 783 2227 849; x_wconf 76' lang='lat' dir='ltr'><strong>auferat;</strong></span> <span class='ocrx_word' id='word_1_336' title='bbox 2280 799 2407 838; x_wconf 88' lang='lat' dir='ltr'><strong>nam</strong></span> <span class='ocrx_word' id='word_1_337' title='bbox 2461 785 2751 838; x_wconf 79' lang='lat' dir='ltr'><strong>confestim</strong></span> <span class='ocrx_word' id='word_1_338' title='bbox 2787 785 3034 839; x_wconf 77' lang='lat' dir='ltr'><strong>solvendi</strong></span> <span class='ocrx_word' id='word_1_339' title='bbox 3084 787 3231 840; x_wconf 86' lang='lat' dir='ltr'><strong>nulla</strong></span> <span class='ocrx_word' id='word_1_340' title='bbox 3261 801 3388 856; x_wconf 89' lang='lat' dir='ltr'><strong>spes</strong></span> <span class='ocrx_word' id='word_1_341' title='bbox 3427 799 3564 849; x_wconf 89' lang='lat' dir='ltr'><strong>erat,</strong></span> 
     </span>
    </p>
   </div>
   <div class='ocr_carea' id='block_1_48' title="bbox 1986 875 3569 946">
    <p class='ocr_par' dir='ltr' id='par_1_48' title="bbox 1986 875 3569 946">
     <span class='ocr_line' id='line_1_48' title="bbox 1986 875 3569 946; baseline 0.003 -20"><span class='ocrx_word' id='word_1_342' title='bbox 1986 882 2178 943; x_wconf 90' lang='lat' dir='ltr'><strong>utpote</strong></span> <span class='ocrx_word' id='word_1_343' title='bbox 2228 876 2321 944; x_wconf 92' lang='lat' dir='ltr'><strong>qui</strong></span> <span class='ocrx_word' id='word_1_344' title='bbox 2353 875 2464 946; x_wconf 91' lang='lat' dir='ltr'><strong>jam</strong></span> <span class='ocrx_word' id='word_1_345' title='bbox 2498 878 2842 945; x_wconf 87' lang='lat' dir='ltr'><strong>consumptis</strong></span> <span class='ocrx_word' id='word_1_346' title='bbox 2868 887 2922 930; x_wconf 91' lang='lat' dir='ltr'><strong>et</strong></span> <span class='ocrx_word' id='word_1_347' title='bbox 2953 877 3278 946; x_wconf 76' lang='lat' dir='ltr'><strong>putrefactis</strong></span> <span class='ocrx_word' id='word_1_348' title='bbox 3308 878 3569 932; x_wconf 79' lang='lat' dir='ltr'><strong>carnibus</strong></span> 
     </span>
    </p>
   </div>
   <div class='ocr_carea' id='block_1_49' title="bbox 1984 966 2836 1034">
    <p class='ocr_par' dir='ltr' id='par_1_49' title="bbox 1984 966 2836 1034">
     <span class='ocr_line' id='line_1_49' title="bbox 1984 966 2836 1034; baseline 0.002 -16"><span class='ocrx_word' id='word_1_349' title='bbox 1984 966 2050 1019; x_wconf 90' lang='lat' dir='ltr'><strong>ad</strong></span> <span class='ocrx_word' id='word_1_350' title='bbox 2099 980 2222 1019; x_wconf 87' lang='lat' dir='ltr'><strong>ossa</strong></span> <span class='ocrx_word' id='word_1_351' title='bbox 2267 981 2440 1034; x_wconf 88' lang='lat' dir='ltr'><strong>usque</strong></span> <span class='ocrx_word' id='word_1_352' title='bbox 2477 976 2836 1034; x_wconf 78' lang='lat' dir='ltr'><strong>penetrasset.</strong></span> 
     </span>
    </p>
   </div>
   <div class='ocr_carea' id='block_1_50' title="bbox 2046 1056 3562 1128">
    <p class='ocr_par' dir='ltr' id='par_1_50' title="bbox 2046 1056 3562 1128">
     <span class='ocr_line' id='line_1_50' title="bbox 2046 1056 3562 1128; baseline 0.001 -19"><span class='ocrx_word' id='word_1_353' title='bbox 2046 1056 2392 1110; x_wconf 76' lang='lat' dir='ltr'><strong>30.1nterim</strong></span> <span class='ocrx_word' id='word_1_354' title='bbox 2446 1057 2512 1110; x_wconf 93' lang='lat' dir='ltr'><strong>ad</strong></span> <span class='ocrx_word' id='word_1_355' title='bbox 2549 1058 2834 1126; x_wconf 75' lang='lat' dir='ltr'><strong>amplexus</strong></span> <span class='ocrx_word' id='word_1_356' title='bbox 2888 1067 3272 1128; x_wconf 82' lang='lat' dir='ltr'><strong>properantem</strong></span> <span class='ocrx_word' id='word_1_357' title='bbox 3331 1059 3562 1128; x_wconf 81' lang='lat' dir='ltr'><strong>Symec—</strong></span> 
     </span>
    </p>
   </div>
   <div class='ocr_carea' id='block_1_51' title="bbox 1981 1149 3567 1220">
    <p class='ocr_par' dir='ltr' id='par_1_51' title="bbox 1981 1149 3567 1220">
     <span class='ocr_line' id='line_1_51' title="bbox 1981 1149 3567 1220; baseline 0.001 -19"><span class='ocrx_word' id='word_1_358' title='bbox 1981 1162 2128 1210; x_wconf 90' lang='lat' dir='ltr'><strong>nem,</strong></span> <span class='ocrx_word' id='word_1_359' title='bbox 2179 1149 2558 1219; x_wconf 86' lang='lat' dir='ltr'><strong>lacrymasque</strong></span> <span class='ocrx_word' id='word_1_360' title='bbox 2593 1151 2814 1204; x_wconf 91' lang='lat' dir='ltr'><strong>contriti</strong></span> <span class='ocrx_word' id='word_1_361' title='bbox 2849 1150 3032 1203; x_wconf 91' lang='lat' dir='ltr'><strong>cordis</strong></span> <span class='ocrx_word' id='word_1_362' title='bbox 3058 1150 3273 1204; x_wconf 84' lang='lat' dir='ltr'><strong>indices</strong></span> <span class='ocrx_word' id='word_1_363' title='bbox 3305 1150 3567 1220; x_wconf 76' lang='lat' dir='ltr'><strong>adjicien-</strong></span> 
     </span>
    </p>
   </div>
   <div class='ocr_carea' id='block_1_52' title="bbox 1981 1239 3562 1310">
    <p class='ocr_par' dir='ltr' id='par_1_52' title="bbox 1981 1239 3562 1310">
     <span class='ocr_line' id='line_1_52' title="bbox 1981 1239 3562 1310; baseline 0.003 -20"><span class='ocrx_word' id='word_1_364' title='bbox 1981 1245 2113 1302; x_wconf 88' lang='lat' dir='ltr'><strong>tem,</strong></span> <span class='ocrx_word' id='word_1_365' title='bbox 2144 1239 2394 1308; x_wconf 91' lang='lat' dir='ltr'><strong>increpat</strong></span> <span class='ocrx_word' id='word_1_366' title='bbox 2423 1240 2661 1294; x_wconf 87' lang='lat' dir='ltr'><strong>Joannes</strong></span> <span class='ocrx_word' id='word_1_367' title='bbox 2704 1249 3048 1310; x_wconf 87' lang='lat' dir='ltr'><strong>paterneque</strong></span> <span class='ocrx_word' id='word_1_368' title='bbox 3106 1241 3358 1310; x_wconf 86' lang='lat' dir='ltr'><strong>objurgat</strong></span> <span class='ocrx_word' id='word_1_369' title='bbox 3396 1259 3409 1294; x_wconf 93' lang='lat'>:</span> <span class='ocrx_word' id='word_1_370' title='bbox 3443 1241 3562 1294; x_wconf 85' lang='lat' dir='ltr'><strong>Non</strong></span> 
     </span>
    </p>
   </div>
   <div class='ocr_carea' id='block_1_53' title="bbox 1978 1328 3562 1398">
    <p class='ocr_par' dir='ltr' id='par_1_53' title="bbox 1978 1328 3562 1398">
     <span class='ocr_line' id='line_1_53' title="bbox 1978 1328 3562 1398; baseline 0.002 -17"><span class='ocrx_word' id='word_1_371' title='bbox 1978 1328 2248 1398; x_wconf 83' lang='lat' dir='ltr'><strong>profecto,</strong></span> <span class='ocrx_word' id='word_1_372' title='bbox 2296 1329 2369 1383; x_wconf 92' lang='lat' dir='ltr'><strong>mi</strong></span> <span class='ocrx_word' id='word_1_373' title='bbox 2409 1329 2506 1393; x_wconf 85' lang='lat' dir='ltr'><strong>fili,</strong></span> <span class='ocrx_word' id='word_1_374' title='bbox 2548 1331 2826 1398; x_wconf 90' lang='lat' dir='ltr'><strong>inquiens,</strong></span> <span class='ocrx_word' id='word_1_375' title='bbox 2875 1346 2985 1384; x_wconf 92' lang='lat' dir='ltr'><strong>non</strong></span> <span class='ocrx_word' id='word_1_376' title='bbox 3039 1332 3110 1384; x_wconf 91' lang='lat' dir='ltr'><strong>ita</strong></span> <span class='ocrx_word' id='word_1_377' title='bbox 3165 1331 3457 1384; x_wconf 79' lang='lat' dir='ltr'><strong>barbarum</strong></span> <span class='ocrx_word' id='word_1_378' title='bbox 3506 1331 3562 1384; x_wconf 91' lang='lat' dir='ltr'><strong>in</strong></span> 
     </span>
    </p>
   </div>
   <div class='ocr_carea' id='block_1_54' title="bbox 1979 1419 3562 1490">
    <p class='ocr_par' dir='ltr' id='par_1_54' title="bbox 1979 1419 3562 1490">
     <span class='ocr_line' id='line_1_54' title="bbox 1979 1419 3562 1490; baseline 0.002 -19"><span class='ocrx_word' id='word_1_379' title='bbox 1979 1419 2204 1473; x_wconf 90' lang='lat' dir='ltr'><strong>modum</strong></span> <span class='ocrx_word' id='word_1_380' title='bbox 2255 1435 2458 1488; x_wconf 91' lang='lat' dir='ltr'><strong>corpus</strong></span> <span class='ocrx_word' id='word_1_381' title='bbox 2502 1430 2737 1474; x_wconf 88' lang='lat' dir='ltr'><strong>tractare</strong></span> <span class='ocrx_word' id='word_1_382' title='bbox 2781 1421 2862 1475; x_wconf 81' lang='lat' dir='ltr'><strong>fas</strong></span> <span class='ocrx_word' id='word_1_383' title='bbox 2897 1420 2997 1475; x_wconf 84' lang='lat' dir='ltr'><strong>tibi</strong></span> <span class='ocrx_word' id='word_1_384' title='bbox 3030 1430 3132 1474; x_wconf 88' lang='lat' dir='ltr'><strong>est.</strong></span> <span class='ocrx_word' id='word_1_385' title='bbox 3183 1420 3283 1475; x_wconf 90' lang='lat' dir='ltr'><strong>Cui</strong></span> <span class='ocrx_word' id='word_1_386' title='bbox 3318 1429 3562 1490; x_wconf 67' lang='lat' dir='ltr'><strong>paternae</strong></span> 
     </span>
    </p>
   </div>
   <div class='ocr_carea' id='block_1_55' title="bbox 1977 1510 3556 1579">
    <p class='ocr_par' dir='ltr' id='par_1_55' title="bbox 1977 1510 3556 1579">
     <span class='ocr_line' id='line_1_55' title="bbox 1977 1510 3556 1579; baseline 0.002 -16"><span class='ocrx_word' id='word_1_387' title='bbox 1977 1511 2322 1579; x_wconf 81' lang='lat' dir='ltr'><strong>castigationi</strong></span> <span class='ocrx_word' id='word_1_388' title='bbox 2352 1510 2444 1563; x_wconf 90' lang='lat' dir='ltr'><strong>ille</strong></span> <span class='ocrx_word' id='word_1_389' title='bbox 2481 1518 2611 1562; x_wconf 91' lang='lat' dir='ltr'><strong>tunc</strong></span> <span class='ocrx_word' id='word_1_390' title='bbox 2636 1511 2859 1579; x_wconf 88' lang='lat' dir='ltr'><strong>quidem</strong></span> <span class='ocrx_word' id='word_1_391' title='bbox 2895 1511 3120 1574; x_wconf 88' lang='lat' dir='ltr'><strong>cedens,</strong></span> <span class='ocrx_word' id='word_1_392' title='bbox 3151 1510 3334 1564; x_wconf 80' lang='lat' dir='ltr'><strong>funem</strong></span> <span class='ocrx_word' id='word_1_393' title='bbox 3368 1512 3556 1566; x_wconf 75' lang='lat' dir='ltr'><strong>solvit:</strong></span> 
     </span>
    </p>
   </div>
   <div class='ocr_carea' id='block_1_56' title="bbox 1974 1601 3561 1672">
    <p class='ocr_par' dir='ltr' id='par_1_56' title="bbox 1974 1601 3561 1672">
     <span class='ocr_line' id='line_1_56' title="bbox 1974 1601 3561 1672; baseline 0 -17"><span class='ocrx_word' id='word_1_394' title='bbox 1974 1615 2165 1655; x_wconf 73' lang='lat' dir='ltr'><strong>verum</strong></span> <span class='ocrx_word' id='word_1_395' title='bbox 2200 1601 2347 1656; x_wconf 85' lang='lat' dir='ltr'><strong>haud</strong></span> <span class='ocrx_word' id='word_1_396' title='bbox 2388 1602 2461 1654; x_wconf 87' lang='lat' dir='ltr'><strong>ita</strong></span> <span class='ocrx_word' id='word_1_397' title='bbox 2498 1603 2670 1655; x_wconf 91' lang='lat' dir='ltr'><strong>multo</strong></span> <span class='ocrx_word' id='word_1_398' title='bbox 2703 1611 2828 1671; x_wconf 91' lang='lat' dir='ltr'><strong>post</strong></span> <span class='ocrx_word' id='word_1_399' title='bbox 2855 1612 3197 1672; x_wconf 88' lang='lat' dir='ltr'><strong>resumptum</strong></span> <span class='ocrx_word' id='word_1_400' title='bbox 3245 1603 3427 1656; x_wconf 89' lang='lat' dir='ltr'><strong>denuo</strong></span> <span class='ocrx_word' id='word_1_401' title='bbox 3452 1603 3561 1657; x_wconf 91' lang='lat' dir='ltr'><strong>cir-</strong></span> 
     </span>
    </p>
   </div>
   <div class='ocr_carea' id='block_1_57' title="bbox 1975 1693 3560 1762">
    <p class='ocr_par' dir='ltr' id='par_1_57' title="bbox 1975 1693 3560 1762">
     <span class='ocr_line' id='line_1_57' title="bbox 1975 1693 3560 1762; baseline -0.001 -15"><span class='ocrx_word' id='word_1_402' title='bbox 1975 1708 2100 1747; x_wconf 92' lang='lat' dir='ltr'><strong>cum</strong></span> <span class='ocrx_word' id='word_1_403' title='bbox 2129 1708 2331 1762; x_wconf 90' lang='lat' dir='ltr'><strong>corpus</strong></span> <span class='ocrx_word' id='word_1_404' title='bbox 2365 1693 2644 1754; x_wconf 86' lang='lat' dir='ltr'><strong>astrinxit,</strong></span> <span class='ocrx_word' id='word_1_405' title='bbox 2688 1695 2942 1762; x_wconf 82' lang='lat' dir='ltr'><strong>quamvis</strong></span> <span class='ocrx_word' id='word_1_406' title='bbox 2989 1710 3098 1748; x_wconf 91' lang='lat' dir='ltr'><strong>non</strong></span> <span class='ocrx_word' id='word_1_407' title='bbox 3150 1704 3259 1748; x_wconf 91' lang='lat' dir='ltr'><strong>tam</strong></span> <span class='ocrx_word' id='word_1_408' title='bbox 3302 1703 3454 1748; x_wconf 90' lang='lat' dir='ltr'><strong>arcte</strong></span> <span class='ocrx_word' id='word_1_409' title='bbox 3503 1702 3560 1747; x_wconf 90' lang='lat' dir='ltr'><strong>et</strong></span> 
     </span>
    </p>
   </div>
   <div class='ocr_carea' id='block_1_58' title="bbox 1973 1785 3556 1854">
    <p class='ocr_par' dir='ltr' id='par_1_58' title="bbox 1973 1785 3556 1854">
     <span class='ocr_line' id='line_1_58' title="bbox 1973 1785 3556 1854; baseline -0.001 -16"><span class='ocrx_word' id='word_1_410' title='bbox 1973 1785 2270 1846; x_wconf 76' lang='lat' dir='ltr'><strong>violenter,</strong></span> <span class='ocrx_word' id='word_1_411' title='bbox 2319 1785 2416 1838; x_wconf 80' lang='lat' dir='ltr'><strong>sed</strong></span> <span class='ocrx_word' id='word_1_412' title='bbox 2443 1785 2725 1854; x_wconf 87' lang='lat' dir='ltr'><strong>aliquanto</strong></span> <span class='ocrx_word' id='word_1_413' title='bbox 2756 1785 2934 1839; x_wconf 84' lang='lat' dir='ltr'><strong>laxius</strong></span> <span class='ocrx_word' id='word_1_414' title='bbox 2965 1785 3416 1854; x_wconf 88' lang='lat' dir='ltr'><strong>tolerabiliusque</strong></span> <span class='ocrx_word' id='word_1_415' title='bbox 3451 1802 3463 1838; x_wconf 91' lang='lat'><strong>:</strong></span> <span class='ocrx_word' id='word_1_416' title='bbox 3490 1800 3556 1837; x_wconf 87' lang='lat' dir='ltr'><strong>eo</strong></span> 
     </span>
    </p>
   </div>
   <div class='ocr_carea' id='block_1_59' title="bbox 1977 1876 3557 1948">
    <p class='ocr_par' dir='ltr' id='par_1_59' title="bbox 1977 1876 3557 1948">
     <span class='ocr_line' id='line_1_59' title="bbox 1977 1876 3557 1948; baseline -0.003 -17"><span class='ocrx_word' id='word_1_417' title='bbox 1977 1879 2182 1948; x_wconf 87' lang='lat' dir='ltr'><strong>quippe</strong></span> <span class='ocrx_word' id='word_1_418' title='bbox 2211 1876 2496 1946; x_wconf 81' lang='lat' dir='ltr'><strong>Symeonis</strong></span> <span class='ocrx_word' id='word_1_419' title='bbox 2521 1891 2651 1930; x_wconf 90' lang='lat' dir='ltr'><strong>cura</strong></span> <span class='ocrx_word' id='word_1_420' title='bbox 2682 1877 2862 1930; x_wconf 87' lang='lat' dir='ltr'><strong>omnis</strong></span> <span class='ocrx_word' id='word_1_421' title='bbox 2889 1877 3235 1939; x_wconf 87' lang='lat' dir='ltr'><strong>intendebat,</strong></span> <span class='ocrx_word' id='word_1_422' title='bbox 3265 1885 3324 1930; x_wconf 90' lang='lat' dir='ltr'><strong>ut</strong></span> <span class='ocrx_word' id='word_1_423' title='bbox 3355 1890 3557 1944; x_wconf 84' lang='lat' dir='ltr'><strong>corpus</strong></span> 
     </span>
    </p>
   </div>
   <div class='ocr_carea' id='block_1_60' title="bbox 1979 1965 3553 2037">
    <p class='ocr_par' dir='ltr' id='par_1_60' title="bbox 1979 1965 3553 2037">
     <span class='ocr_line' id='line_1_60' title="bbox 1979 1965 3553 2037; baseline -0.004 -13"><span class='ocrx_word' id='word_1_424' title='bbox 1979 1985 2138 2024; x_wconf 87' lang='lat' dir='ltr'><strong>suum</strong></span> <span class='ocrx_word' id='word_1_425' title='bbox 2173 1967 2470 2037; x_wconf 86' lang='lat' dir='ltr'><strong>castigaret</strong></span> <span class='ocrx_word' id='word_1_426' title='bbox 2493 1982 2712 2035; x_wconf 87' lang='lat' dir='ltr'><strong>semper</strong></span> <span class='ocrx_word' id='word_1_427' title='bbox 2735 1976 2791 2020; x_wconf 91' lang='lat' dir='ltr'><strong>et</strong></span> <span class='ocrx_word' id='word_1_428' title='bbox 2815 1967 2869 2020; x_wconf 92' lang='lat' dir='ltr'><strong>in</strong></span> <span class='ocrx_word' id='word_1_429' title='bbox 2889 1968 3215 2021; x_wconf 82' lang='lat' dir='ltr'><strong>servitutem</strong></span> <span class='ocrx_word' id='word_1_430' title='bbox 3253 1965 3553 2035; x_wconf 77' lang='lat' dir='ltr'><strong>redigeret,</strong></span> 
     </span>
    </p>
   </div>
   <div class='ocr_carea' id='block_1_61' title="bbox 1974 2057 3558 2132">
    <p class='ocr_par' dir='ltr' id='par_1_61' title="bbox 1974 2057 3558 2132">
     <span class='ocr_line' id='line_1_61' title="bbox 1974 2057 3558 2132; baseline -0.004 -18"><span class='ocrx_word' id='word_1_431' title='bbox 1974 2061 2148 2132; x_wconf 87' lang='lat' dir='ltr'><strong>probe</strong></span> <span class='ocrx_word' id='word_1_432' title='bbox 2173 2060 2387 2113; x_wconf 88' lang='lat' dir='ltr'><strong>scilicet</strong></span> <span class='ocrx_word' id='word_1_433' title='bbox 2415 2059 2586 2128; x_wconf 82' lang='lat' dir='ltr'><strong>ignari</strong></span> <span class='ocrx_word' id='word_1_434' title='bbox 2615 2066 2821 2126; x_wconf 88' lang='lat' dir='ltr'><strong>quanta</strong></span> <span class='ocrx_word' id='word_1_435' title='bbox 2848 2057 2974 2111; x_wconf 92' lang='lat' dir='ltr'><strong>inde</strong></span> <span class='ocrx_word' id='word_1_436' title='bbox 3005 2058 3191 2126; x_wconf 66' lang='lat' dir='ltr'><strong>prmlia</strong></span> <span class='ocrx_word' id='word_1_437' title='bbox 3231 2057 3558 2110; x_wconf 84' lang='lat' dir='ltr'><strong>immineant</strong></span> 
     </span>
    </p>
   </div>
   <div class='ocr_carea' id='block_1_62' title="bbox 1977 2149 3557 2218">
    <p class='ocr_par' dir='ltr' id='par_1_62' title="bbox 1977 2149 3557 2218">
     <span class='ocr_line' id='line_1_62' title="bbox 1977 2149 3557 2218; baseline -0.004 -11"><span class='ocrx_word' id='word_1_438' title='bbox 1977 2153 2191 2207; x_wconf 71' lang='lat' dir='ltr'><strong>animm.</strong></span> <span class='ocrx_word' id='word_1_439' title='bbox 2217 2151 2348 2216; x_wconf 83' lang='lat' dir='ltr'><strong>Quae</strong></span> <span class='ocrx_word' id='word_1_440' title='bbox 2377 2165 2489 2211; x_wconf 89' lang='lat' dir='ltr'><strong>res,</strong></span> <span class='ocrx_word' id='word_1_441' title='bbox 2534 2149 2588 2202; x_wconf 92' lang='lat' dir='ltr'><strong>in</strong></span> <span class='ocrx_word' id='word_1_442' title='bbox 2628 2149 2718 2202; x_wconf 88' lang='lat' dir='ltr'><strong>tali</strong></span> <span class='ocrx_word' id='word_1_443' title='bbox 2755 2149 3060 2218; x_wconf 72' lang='lat' dir='ltr'><strong>praesertim</strong></span> <span class='ocrx_word' id='word_1_444' title='bbox 3096 2158 3278 2212; x_wconf 86' lang='lat' dir='ltr'><strong>aetate,</strong></span> <span class='ocrx_word' id='word_1_445' title='bbox 3325 2149 3557 2218; x_wconf 85' lang='lat' dir='ltr'><strong>perculit</strong></span> 
     </span>
    </p>
   </div>
   <div class='ocr_carea' id='block_1_63' title="bbox 1975 2239 3555 2310">
    <p class='ocr_par' dir='ltr' id='par_1_63' title="bbox 1975 2239 3555 2310">
     <span class='ocr_line' id='line_1_63' title="bbox 1975 2239 3555 2310; baseline -0.004 -13"><span class='ocrx_word' id='word_1_446' title='bbox 1975 2243 2334 2298; x_wconf 74' lang='lat' dir='ltr'><strong>vehementer</strong></span> <span class='ocrx_word' id='word_1_447' title='bbox 2363 2241 2685 2306; x_wconf 82' lang='lat' dir='ltr'><strong>monachos,</strong></span> <span class='ocrx_word' id='word_1_448' title='bbox 2719 2250 2978 2310; x_wconf 80' lang='lat' dir='ltr'><strong>rogantes</strong></span> <span class='ocrx_word' id='word_1_449' title='bbox 3029 2240 3199 2293; x_wconf 86' lang='lat' dir='ltr'><strong>verba</strong></span> <span class='ocrx_word' id='word_1_450' title='bbox 3241 2239 3440 2293; x_wconf 80' lang='lat' dir='ltr'><strong>salutis</strong></span> <span class='ocrx_word' id='word_1_451' title='bbox 3487 2239 3555 2292; x_wconf 89' lang='lat' dir='ltr'><strong>ab</strong></span> 
     </span>
    </p>
   </div>
   <div class='ocr_carea' id='block_1_64' title="bbox 1975 2329 3557 2404">
    <p class='ocr_par' dir='ltr' id='par_1_64' title="bbox 1975 2329 3557 2404">
     <span class='ocr_line' id='line_1_64' title="bbox 1975 2329 3557 2404; baseline -0.006 -14"><span class='ocrx_word' id='word_1_452' title='bbox 1975 2351 2071 2390; x_wconf 90' lang='lat' dir='ltr'><strong>ore</strong></span> <span class='ocrx_word' id='word_1_453' title='bbox 2097 2336 2270 2404; x_wconf 82' lang='lat' dir='ltr'><strong>ipsius</strong></span> <span class='ocrx_word' id='word_1_454' title='bbox 2296 2333 2552 2404; x_wconf 81' lang='lat' dir='ltr'><strong>excipere</strong></span> <span class='ocrx_word' id='word_1_455' title='bbox 2584 2333 2688 2387; x_wconf 92' lang='lat' dir='ltr'><strong>sibi</strong></span> <span class='ocrx_word' id='word_1_456' title='bbox 2729 2332 2913 2386; x_wconf 90' lang='lat' dir='ltr'><strong>denuo</strong></span> <span class='ocrx_word' id='word_1_457' title='bbox 2968 2341 3027 2384; x_wconf 90' lang='lat' dir='ltr'><strong>ut</strong></span> <span class='ocrx_word' id='word_1_458' title='bbox 3060 2329 3272 2386; x_wconf 89' lang='lat' dir='ltr'><strong>liceret.</strong></span> <span class='ocrx_word' id='word_1_459' title='bbox 3316 2330 3429 2384; x_wconf 88' lang='lat' dir='ltr'><strong>Nec</strong></span> <span class='ocrx_word' id='word_1_460' title='bbox 3461 2329 3557 2382; x_wconf 83' lang='lat' dir='ltr'><strong>ab-</strong></span> 
     </span>
    </p>
   </div>
   <div class='ocr_carea' id='block_1_65' title="bbox 1976 2403 3551 2494">
    <p class='ocr_par' dir='ltr' id='par_1_65' title="bbox 1976 2403 3551 2494">
     <span class='ocr_line' id='line_1_65' title="bbox 1976 2403 3551 2494; baseline -0.005 -14"><span class='ocrx_word' id='word_1_461' title='bbox 1976 2441 2158 2480; x_wconf 89' lang='lat' dir='ltr'><strong>nuens</strong></span> <span class='ocrx_word' id='word_1_462' title='bbox 2187 2423 2449 2494; x_wconf 80' lang='lat' dir='ltr'><strong>Symeon,</strong></span> <span class='ocrx_word' id='word_1_463' title='bbox 2489 2403 2709 2476; x_wconf 70' lang='lat' dir='ltr'><strong>interno</strong></span> <span class='ocrx_word' id='word_1_464' title='bbox 2770 2415 3005 2491; x_wconf 88' lang='lat' dir='ltr'><strong>Spiritu,</strong></span> <span class='ocrx_word' id='word_1_465' title='bbox 3033 2438 3061 2475; x_wconf 86' lang='lat' dir='ltr'><strong>a</strong></span> <span class='ocrx_word' id='word_1_466' title='bbox 3085 2437 3194 2490; x_wconf 89' lang='lat' dir='ltr'><strong>quo</strong></span> <span class='ocrx_word' id='word_1_467' title='bbox 3240 2430 3551 2476; x_wconf 81' lang='lat' dir='ltr'><strong>maternum</strong></span> 
     </span>
    </p>
   </div>
   <div class='ocr_carea' id='block_1_66' title="bbox 1975 2511 3554 2583">
    <p class='ocr_par' dir='ltr' id='par_1_66' title="bbox 1975 2511 3554 2583">
     <span class='ocr_line' id='line_1_66' title="bbox 1975 2511 3554 2583; baseline -0.004 -14"><span class='ocrx_word' id='word_1_468' title='bbox 1975 2524 2101 2569; x_wconf 87' lang='lat' dir='ltr'><strong>ante</strong></span> <span class='ocrx_word' id='word_1_469' title='bbox 2137 2521 2354 2583; x_wconf 83' lang='lat' dir='ltr'><strong>partum</strong></span> <span class='ocrx_word' id='word_1_470' title='bbox 2384 2514 2599 2567; x_wconf 88' lang='lat' dir='ltr'><strong>electus</strong></span> <span class='ocrx_word' id='word_1_471' title='bbox 2649 2511 2850 2576; x_wconf 86' lang='lat' dir='ltr'><strong>fuerat,</strong></span> <span class='ocrx_word' id='word_1_472' title='bbox 2911 2521 3186 2576; x_wconf 81' lang='lat' dir='ltr'><strong>movente,</strong></span> <span class='ocrx_word' id='word_1_473' title='bbox 3234 2511 3554 2582; x_wconf 81' lang='lat' dir='ltr'><strong>aggreditur</strong></span> 
     </span>
    </p>
   </div>
   <div class='ocr_carea' id='block_1_67' title="bbox 1975 2607 2186 2660">
    <p class='ocr_par' dir='ltr' id='par_1_67' title="bbox 1975 2607 2186 2660">
     <span class='ocr_line' id='line_1_67' title="bbox 1975 2607 2186 2660; baseline -0.005 0"><span class='ocrx_word' id='word_1_474' title='bbox 1975 2607 2186 2660; x_wconf 91' lang='lat' dir='ltr'><strong>dicere.</strong></span> 
     </span>
    </p>
   </div>
   <div class='ocr_carea' id='block_1_68' title="bbox 2043 2694 3552 2765">
    <p class='ocr_par' dir='ltr' id='par_1_68' title="bbox 2043 2694 3552 2765">
     <span class='ocr_line' id='line_1_68' title="bbox 2043 2694 3552 2765; baseline -0.004 -15"><span class='ocrx_word' id='word_1_475' title='bbox 2043 2697 2337 2752; x_wconf 80' lang='lat' dir='ltr'><strong>5|.Patres</strong></span> <span class='ocrx_word' id='word_1_476' title='bbox 2363 2696 2695 2765; x_wconf 85' lang='lat' dir='ltr'><strong>fratresque,</strong></span> <span class='ocrx_word' id='word_1_477' title='bbox 2725 2694 3031 2764; x_wconf 81' lang='lat' dir='ltr'><strong>inquiebat,</strong></span> <span class='ocrx_word' id='word_1_478' title='bbox 3063 2695 3308 2760; x_wconf 57' lang='lat' dir='ltr'><strong>meinon</strong></span> <span class='ocrx_word' id='word_1_479' title='bbox 3332 2709 3552 2762; x_wconf 66' lang='lat' dir='ltr'><strong>mquum</strong></span> 
     </span>
    </p>
   </div>
   <div class='ocr_carea' id='block_1_69' title="bbox 1975 2783 3553 2857">
    <p class='ocr_par' dir='ltr' id='par_1_69' title="bbox 1975 2783 3553 2857">
     <span class='ocr_line' id='line_1_69' title="bbox 1975 2783 3553 2857; baseline -0.004 -14"><span class='ocrx_word' id='word_1_480' title='bbox 1975 2795 2080 2851; x_wconf 88' lang='lat' dir='ltr'><strong>est,</strong></span> <span class='ocrx_word' id='word_1_481' title='bbox 2119 2802 2204 2842; x_wconf 91' lang='lat' dir='ltr'><strong>me</strong></span> <span class='ocrx_word' id='word_1_482' title='bbox 2242 2789 2461 2857; x_wconf 79' lang='lat' dir='ltr'><strong>ingenio</strong></span> <span class='ocrx_word' id='word_1_483' title='bbox 2504 2795 2611 2840; x_wconf 87' lang='lat' dir='ltr'><strong>tam</strong></span> <span class='ocrx_word' id='word_1_484' title='bbox 2654 2785 2920 2839; x_wconf 86' lang='lat' dir='ltr'><strong>imbecilli</strong></span> <span class='ocrx_word' id='word_1_485' title='bbox 2988 2783 3056 2837; x_wconf 88' lang='lat' dir='ltr'><strong>ad</strong></span> <span class='ocrx_word' id='word_1_486' title='bbox 3112 2784 3258 2836; x_wconf 89' lang='lat' dir='ltr'><strong>hunc</strong></span> <span class='ocrx_word' id='word_1_487' title='bbox 3307 2792 3553 2837; x_wconf 70' lang='lat' dir='ltr'><strong>vesnum</strong></span> 
     </span>
    </p>
   </div>
   <div class='ocr_carea' id='block_1_70' title="bbox 1975 2873 3553 2933">
    <p class='ocr_par' dir='ltr' id='par_1_70' title="bbox 1975 2873 3553 2933">
     <span class='ocr_line' id='line_1_70' title="bbox 1975 2873 3553 2933; baseline -0.004 -1"><span class='ocrx_word' id='word_1_488' title='bbox 1975 2879 2174 2932; x_wconf 84' lang='lat' dir='ltr'><strong>canitie</strong></span> <span class='ocrx_word' id='word_1_489' title='bbox 2217 2878 2594 2933; x_wconf 80' lang='lat' dir='ltr'><strong>venerandum</strong></span> <span class='ocrx_word' id='word_1_490' title='bbox 2615 2886 2818 2931; x_wconf 76' lang='lat' dir='ltr'><strong>caelum</strong></span> <span class='ocrx_word' id='word_1_491' title='bbox 2853 2875 3024 2930; x_wconf 90' lang='lat' dir='ltr'><strong>verba</strong></span> <span class='ocrx_word' id='word_1_492' title='bbox 3049 2874 3266 2927; x_wconf 81' lang='lat' dir='ltr'><strong>facere:</strong></span> <span class='ocrx_word' id='word_1_493' title='bbox 3295 2873 3389 2928; x_wconf 91' lang='lat' dir='ltr'><strong>sed</strong></span> <span class='ocrx_word' id='word_1_494' title='bbox 3450 2888 3553 2928; x_wconf 89' lang='lat' dir='ltr'><strong>nec</strong></span> 
     </span>
    </p>
   </div>
   <div class='ocr_carea' id='block_1_71' title="bbox 1974 2963 3554 3037">
    <p class='ocr_par' dir='ltr' id='par_1_71' title="bbox 1974 2963 3554 3037">
     <span class='ocr_line' id='line_1_71' title="bbox 1974 2963 3554 3037; baseline -0.005 -14"><span class='ocrx_word' id='word_1_495' title='bbox 1974 2983 2190 3037; x_wconf 71' lang='lat' dir='ltr'><strong>aequum</strong></span> <span class='ocrx_word' id='word_1_496' title='bbox 2226 2978 2312 3022; x_wconf 82' lang='lat' dir='ltr'><strong>est</strong></span> <span class='ocrx_word' id='word_1_497' title='bbox 2345 2969 2629 3022; x_wconf 91' lang='lat' dir='ltr'><strong>seniorum</strong></span> <span class='ocrx_word' id='word_1_498' title='bbox 2655 2966 2818 3020; x_wconf 88' lang='lat' dir='ltr'><strong>dictis</strong></span> <span class='ocrx_word' id='word_1_499' title='bbox 2851 2981 2962 3018; x_wconf 90' lang='lat' dir='ltr'><strong>non</strong></span> <span class='ocrx_word' id='word_1_500' title='bbox 3025 2964 3429 3033; x_wconf 85' lang='lat' dir='ltr'><strong>obtemperare.</strong></span> <span class='ocrx_word' id='word_1_501' title='bbox 3464 2963 3554 3017; x_wconf 85' lang='lat' dir='ltr'><strong>Sic</strong></span> 
     </span>
    </p>
   </div>
   <div class='ocr_carea' id='block_1_72' title="bbox 1974 3053 3556 3130">
    <p class='ocr_par' dir='ltr' id='par_1_72' title="bbox 1974 3053 3556 3130">
     <span class='ocr_line' id='line_1_72' title="bbox 1974 3053 3556 3130; baseline -0.004 -17"><span class='ocrx_word' id='word_1_502' title='bbox 1974 3059 2140 3130; x_wconf 82' lang='lat' dir='ltr'><strong>igitur</strong></span> <span class='ocrx_word' id='word_1_503' title='bbox 2185 3058 2443 3112; x_wconf 81' lang='lat' dir='ltr'><strong>existimo</strong></span> <span class='ocrx_word' id='word_1_504' title='bbox 2475 3099 2490 3123; x_wconf 95' lang='lat'><strong>,</strong></span> <span class='ocrx_word' id='word_1_505' title='bbox 2543 3072 2610 3112; x_wconf 91' lang='lat' dir='ltr'><strong>eo</strong></span> <span class='ocrx_word' id='word_1_506' title='bbox 2667 3055 3061 3111; x_wconf 83' lang='lat' dir='ltr'><strong>connitendum</strong></span> <span class='ocrx_word' id='word_1_507' title='bbox 3111 3071 3231 3109; x_wconf 88' lang='lat' dir='ltr'><strong>esse</strong></span> <span class='ocrx_word' id='word_1_508' title='bbox 3284 3053 3556 3108; x_wconf 86' lang='lat' dir='ltr'><strong>monacho</strong></span> 
     </span>
    </p>
   </div>
   <div class='ocr_carea' id='block_1_73' title="bbox 1899 3144 3555 3232">
    <p class='ocr_par' dir='ltr' id='par_1_73' title="bbox 1899 3144 3555 3232">
     <span class='ocr_line' id='line_1_73' title="bbox 1899 3144 3555 3232; baseline -0.004 -29"><span class='ocrx_word' id='word_1_509' title='bbox 1899 3175 1940 3232; x_wconf 69' lang='grc' dir='ltr'>ο</span> <span class='ocrx_word' id='word_1_510' title='bbox 1975 3149 2274 3219; x_wconf 67' lang='grc' dir='ltr'>ριτεοίριιο,</span> <span class='ocrx_word' id='word_1_511' title='bbox 2330 3149 2627 3202; x_wconf 86' lang='lat' dir='ltr'><strong>continens</strong></span> <span class='ocrx_word' id='word_1_512' title='bbox 2675 3153 2738 3198; x_wconf 91' lang='lat' dir='ltr'><strong>ut</strong></span> <span class='ocrx_word' id='word_1_513' title='bbox 2780 3146 2886 3210; x_wconf 85' lang='lat' dir='ltr'><strong>sit;</strong></span> <span class='ocrx_word' id='word_1_514' title='bbox 2937 3153 2996 3199; x_wconf 89' lang='lat' dir='ltr'><strong>ut</strong></span> <span class='ocrx_word' id='word_1_515' title='bbox 3055 3146 3254 3198; x_wconf 90' lang='lat' dir='ltr'><strong>nuntio</strong></span> <span class='ocrx_word' id='word_1_516' title='bbox 3302 3144 3555 3212; x_wconf 85' lang='lat' dir='ltr'><strong>corporis</strong></span> 
     </span>
    </p>
   </div>
   <div class='ocr_carea' id='block_1_74' title="bbox 1975 3237 3556 3308">
    <p class='ocr_par' dir='ltr' id='par_1_74' title="bbox 1975 3237 3556 3308">
     <span class='ocr_line' id='line_1_74' title="bbox 1975 3237 3556 3308; baseline -0.003 -16"><span class='ocrx_word' id='word_1_517' title='bbox 1975 3239 2356 3308; x_wconf 70' lang='lat' dir='ltr'><strong>voluptatibus</strong></span> <span class='ocrx_word' id='word_1_518' title='bbox 2416 3239 2684 3301; x_wconf 88' lang='lat' dir='ltr'><strong>remisso,</strong></span> <span class='ocrx_word' id='word_1_519' title='bbox 2741 3237 3193 3305; x_wconf 80' lang='lat' dir='ltr'><strong>tranquillitatem</strong></span> <span class='ocrx_word' id='word_1_520' title='bbox 3257 3245 3556 3304; x_wconf 67' lang='lat' dir='ltr'><strong>pacemque</strong></span> 
     </span>
    </p>
   </div>
   <div class='ocr_carea' id='block_1_75' title="bbox 1973 3326 3555 3396">
    <p class='ocr_par' dir='ltr' id='par_1_75' title="bbox 1973 3326 3555 3396">
     <span class='ocr_line' id='line_1_75' title="bbox 1973 3326 3555 3396; baseline -0.004 -12"><span class='ocrx_word' id='word_1_521' title='bbox 1973 3331 2477 3392; x_wconf 84' lang='lat' dir='ltr'><strong>animiconservet,</strong></span> <span class='ocrx_word' id='word_1_522' title='bbox 2531 3338 2592 3382; x_wconf 90' lang='lat' dir='ltr'><strong>ut</strong></span> <span class='ocrx_word' id='word_1_523' title='bbox 2654 3329 3006 3382; x_wconf 87' lang='lat' dir='ltr'><strong>continenter</strong></span> <span class='ocrx_word' id='word_1_524' title='bbox 3058 3327 3278 3396; x_wconf 87' lang='lat' dir='ltr'><strong>psallat,</strong></span> <span class='ocrx_word' id='word_1_525' title='bbox 3330 3341 3395 3380; x_wconf 90' lang='lat' dir='ltr'><strong>ac</strong></span> <span class='ocrx_word' id='word_1_526' title='bbox 3433 3326 3555 3379; x_wconf 86' lang='lat' dir='ltr'><strong>sine</strong></span> 
     </span>
    </p>
   </div>
   <div class='ocr_carea' id='block_1_76' title="bbox 1972 3415 3556 3475">
    <p class='ocr_par' dir='ltr' id='par_1_76' title="bbox 1972 3415 3556 3475">
     <span class='ocr_line' id='line_1_76' title="bbox 1972 3415 3556 3475; baseline -0.005 0"><span class='ocrx_word' id='word_1_527' title='bbox 1972 3421 2384 3475; x_wconf 83' lang='lat' dir='ltr'><strong>intermissione</strong></span> <span class='ocrx_word' id='word_1_528' title='bbox 2409 3419 2637 3474; x_wconf 88' lang='lat' dir='ltr'><strong>mentali</strong></span> <span class='ocrx_word' id='word_1_529' title='bbox 2663 3428 2820 3473; x_wconf 85' lang='lat' dir='ltr'><strong>vacet</strong></span> <span class='ocrx_word' id='word_1_530' title='bbox 2860 3417 3119 3471; x_wconf 85' lang='lat' dir='ltr'><strong>orationi.</strong></span> <span class='ocrx_word' id='word_1_531' title='bbox 3155 3417 3233 3471; x_wconf 87' lang='lat' dir='ltr'><strong>Eo</strong></span> <span class='ocrx_word' id='word_1_532' title='bbox 3263 3415 3556 3469; x_wconf 80' lang='lat' dir='ltr'><strong>conniten-</strong></span> 
     </span>
    </p>
   </div>
   <div class='ocr_carea' id='block_1_77' title="bbox 1970 3505 3554 3573">
    <p class='ocr_par' dir='ltr' id='par_1_77' title="bbox 1970 3505 3554 3573">
     <span class='ocr_line' id='line_1_77' title="bbox 1970 3505 3554 3573; baseline -0.006 -7"><span class='ocrx_word' id='word_1_533' title='bbox 1970 3512 2100 3566; x_wconf 90' lang='lat' dir='ltr'><strong>dum</strong></span> <span class='ocrx_word' id='word_1_534' title='bbox 2129 3510 2423 3573; x_wconf 87' lang='lat' dir='ltr'><strong>monacho,</strong></span> <span class='ocrx_word' id='word_1_535' title='bbox 2445 3510 2717 3564; x_wconf 86' lang='lat' dir='ltr'><strong>charitate</strong></span> <span class='ocrx_word' id='word_1_536' title='bbox 2742 3507 3030 3570; x_wconf 86' lang='lat' dir='ltr'><strong>utardcat,</strong></span> <span class='ocrx_word' id='word_1_537' title='bbox 3066 3515 3121 3561; x_wconf 91' lang='lat' dir='ltr'><strong>et</strong></span> <span class='ocrx_word' id='word_1_538' title='bbox 3155 3505 3326 3560; x_wconf 87' lang='lat' dir='ltr'><strong>corde</strong></span> <span class='ocrx_word' id='word_1_539' title='bbox 3357 3505 3554 3558; x_wconf 87' lang='lat' dir='ltr'><strong>humili</strong></span> 
     </span>
    </p>
   </div>
   <div class='ocr_carea' id='block_1_78' title="bbox 1970 3598 3550 3673">
    <p class='ocr_par' dir='ltr' id='par_1_78' title="bbox 1970 3598 3550 3673">
     <span class='ocr_line' id='line_1_78' title="bbox 1970 3598 3550 3673; baseline -0.005 -16"><span class='ocrx_word' id='word_1_540' title='bbox 1970 3601 2605 3673; x_wconf 69' lang='lat' dir='ltr'><strong>praecipientiobediat:</strong></span> <span class='ocrx_word' id='word_1_541' title='bbox 2661 3599 2979 3655; x_wconf 89' lang='lat' dir='ltr'><strong>obedientia</strong></span> <span class='ocrx_word' id='word_1_542' title='bbox 3033 3598 3246 3666; x_wconf 84' lang='lat' dir='ltr'><strong>quippe</strong></span> <span class='ocrx_word' id='word_1_543' title='bbox 3292 3605 3398 3660; x_wconf 90' lang='lat' dir='ltr'><strong>est,</strong></span> <span class='ocrx_word' id='word_1_544' title='bbox 3451 3612 3550 3664; x_wconf 87' lang='lat' dir='ltr'><strong>per</strong></span> 
     </span>
    </p>
   </div>
   <div class='ocr_carea' id='block_1_79' title="bbox 1969 3685 3555 3762">
    <p class='ocr_par' dir='ltr' id='par_1_79' title="bbox 1969 3685 3555 3762">
     <span class='ocr_line' id='line_1_79' title="bbox 1969 3685 3555 3762; baseline -0.004 -16"><span class='ocrx_word' id='word_1_545' title='bbox 1969 3707 2135 3762; x_wconf 90' lang='lat' dir='ltr'><strong>quam</strong></span> <span class='ocrx_word' id='word_1_546' title='bbox 2164 3690 2424 3745; x_wconf 71' lang='lat' dir='ltr'><strong>Christus</strong></span> <span class='ocrx_word' id='word_1_547' title='bbox 2453 3691 2571 3758; x_wconf 90' lang='lat' dir='ltr'><strong>ipse</strong></span> <span class='ocrx_word' id='word_1_548' title='bbox 2629 3690 2772 3742; x_wconf 88' lang='lat' dir='ltr'><strong>mori</strong></span> <span class='ocrx_word' id='word_1_549' title='bbox 2829 3688 3018 3757; x_wconf 81' lang='lat' dir='ltr'><strong>elegit,</strong></span> <span class='ocrx_word' id='word_1_550' title='bbox 3070 3685 3555 3740; x_wconf 68' lang='lat' dir='ltr'><strong>factusoobediens</strong></span> 
     </span>
    </p>
   </div>
   <div class='ocr_carea' id='block_1_80' title="bbox 1971 3777 3553 3850">
    <p class='ocr_par' dir='ltr' id='par_1_80' title="bbox 1971 3777 3553 3850">
     <span class='ocr_line' id='line_1_80' title="bbox 1971 3777 3553 3850; baseline -0.004 -14"><span class='ocrx_word' id='word_1_551' title='bbox 1971 3797 2146 3850; x_wconf 88' lang='lat' dir='ltr'><strong>usque</strong></span> <span class='ocrx_word' id='word_1_552' title='bbox 2177 3781 2244 3835; x_wconf 87' lang='lat' dir='ltr'><strong>ad</strong></span> <span class='ocrx_word' id='word_1_553' title='bbox 2269 3790 2527 3844; x_wconf 91' lang='lat' dir='ltr'><strong>mortem,</strong></span> <span class='ocrx_word' id='word_1_554' title='bbox 2555 3787 2790 3833; x_wconf 90' lang='lat' dir='ltr'><strong>mortem</strong></span> <span class='ocrx_word' id='word_1_555' title='bbox 2819 3789 3004 3833; x_wconf 89' lang='lat' dir='ltr'><strong>autem</strong></span> <span class='ocrx_word' id='word_1_556' title='bbox 3041 3777 3246 3838; x_wconf 84' lang='lat' dir='ltr'><strong>crucis,</strong></span> <span class='ocrx_word' id='word_1_557' title='bbox 3283 3785 3345 3829; x_wconf 90' lang='lat' dir='ltr'><strong>ut</strong></span> <span class='ocrx_word' id='word_1_558' title='bbox 3375 3783 3430 3829; x_wconf 91' lang='lat' dir='ltr'><strong>et</strong></span> <span class='ocrx_word' id='word_1_559' title='bbox 3454 3790 3553 3829; x_wconf 85' lang='lat' dir='ltr'><strong>nos</strong></span> 
     </span>
    </p>
   </div>
   <div class='ocr_carea' id='block_1_81' title="bbox 1970 3863 3548 3936">
    <p class='ocr_par' dir='ltr' id='par_1_81' title="bbox 1970 3863 3548 3936">
     <span class='ocr_line' id='line_1_81' title="bbox 1970 3863 3548 3936; baseline -0.004 -12"><span class='ocrx_word' id='word_1_560' title='bbox 1970 3869 2246 3924; x_wconf 85' lang='lat' dir='ltr'><strong>desideria</strong></span> <span class='ocrx_word' id='word_1_561' title='bbox 2275 3869 2464 3922; x_wconf 90' lang='lat' dir='ltr'><strong>carnis</strong></span> <span class='ocrx_word' id='word_1_562' title='bbox 2486 3876 2691 3922; x_wconf 71' lang='lat' dir='ltr'><strong>nostra:</strong></span> <span class='ocrx_word' id='word_1_563' title='bbox 2720 3883 2820 3936; x_wconf 91' lang='lat' dir='ltr'><strong>per</strong></span> <span class='ocrx_word' id='word_1_564' title='bbox 2853 3868 3026 3935; x_wconf 87' lang='lat' dir='ltr'><strong>ipsam</strong></span> <span class='ocrx_word' id='word_1_565' title='bbox 3060 3863 3548 3918; x_wconf 81' lang='lat' dir='ltr'><strong>mortificaremus.</strong></span> 
     </span>
    </p>
   </div>
   <div class='ocr_carea' id='block_1_82' title="bbox 1972 3954 3551 4029">
    <p class='ocr_par' dir='ltr' id='par_1_82' title="bbox 1972 3954 3551 4029">
     <span class='ocr_line' id='line_1_82' title="bbox 1972 3954 3551 4029; baseline -0.004 -15"><span class='ocrx_word' id='word_1_566' title='bbox 1972 3961 2053 4015; x_wconf 92' lang='lat' dir='ltr'><strong>Eo</strong></span> <span class='ocrx_word' id='word_1_567' title='bbox 2089 3974 2309 4029; x_wconf 92' lang='lat' dir='ltr'><strong>quoque</strong></span> <span class='ocrx_word' id='word_1_568' title='bbox 2340 3958 2738 4013; x_wconf 90' lang='lat' dir='ltr'><strong>connitendum</strong></span> <span class='ocrx_word' id='word_1_569' title='bbox 2796 3958 3090 4020; x_wconf 84' lang='lat' dir='ltr'><strong>monacho,</strong></span> <span class='ocrx_word' id='word_1_570' title='bbox 3121 3965 3182 4009; x_wconf 90' lang='lat' dir='ltr'><strong>ut</strong></span> <span class='ocrx_word' id='word_1_571' title='bbox 3229 3957 3286 4008; x_wconf 88' lang='lat' dir='ltr'><strong>in</strong></span> <span class='ocrx_word' id='word_1_572' title='bbox 3329 3954 3551 4009; x_wconf 83' lang='lat' dir='ltr'><strong>confes--</strong></span> 
     </span>
    </p>
   </div>
   <div class='ocr_carea' id='block_1_83' title="bbox 1970 4046 3549 4118">
    <p class='ocr_par' dir='ltr' id='par_1_83' title="bbox 1970 4046 3549 4118">
     <span class='ocr_line' id='line_1_83' title="bbox 1970 4046 3549 4118; baseline -0.005 -12"><span class='ocrx_word' id='word_1_573' title='bbox 1970 4051 2126 4106; x_wconf 87' lang='lat' dir='ltr'><strong>sione</strong></span> <span class='ocrx_word' id='word_1_574' title='bbox 2152 4049 2353 4118; x_wconf 88' lang='lat' dir='ltr'><strong>ploret,</strong></span> <span class='ocrx_word' id='word_1_575' title='bbox 2383 4048 2736 4116; x_wconf 86' lang='lat' dir='ltr'><strong>contritoque</strong></span> <span class='ocrx_word' id='word_1_576' title='bbox 2760 4047 2927 4102; x_wconf 90' lang='lat' dir='ltr'><strong>corde</strong></span> <span class='ocrx_word' id='word_1_577' title='bbox 2949 4062 3072 4100; x_wconf 91' lang='lat' dir='ltr'><strong>cum</strong></span> <span class='ocrx_word' id='word_1_578' title='bbox 3097 4046 3394 4115; x_wconf 86' lang='lat' dir='ltr'><strong>publicano</strong></span> <span class='ocrx_word' id='word_1_579' title='bbox 3418 4059 3549 4114; x_wconf 84' lang='lat' dir='ltr'><strong>prc-</strong></span> 
     </span>
    </p>
   </div>
   <div class='ocr_carea' id='block_1_84' title="bbox 1970 4135 3545 4198">
    <p class='ocr_par' dir='ltr' id='par_1_84' title="bbox 1970 4135 3545 4198">
     <span class='ocr_line' id='line_1_84' title="bbox 1970 4135 3545 4198; baseline -0.004 -3"><span class='ocrx_word' id='word_1_580' title='bbox 1970 4154 2064 4196; x_wconf 89' lang='lat' dir='ltr'><strong>ces</strong></span> <span class='ocrx_word' id='word_1_581' title='bbox 2084 4155 2214 4194; x_wconf 86' lang='lat' dir='ltr'><strong>suas</strong></span> <span class='ocrx_word' id='word_1_582' title='bbox 2267 4137 2464 4194; x_wconf 86' lang='lat' dir='ltr'><strong>fundat</strong></span> <span class='ocrx_word' id='word_1_583' title='bbox 2493 4137 2560 4192; x_wconf 90' lang='lat' dir='ltr'><strong>ad</strong></span> <span class='ocrx_word' id='word_1_584' title='bbox 2605 4137 2943 4192; x_wconf 87' lang='lat' dir='ltr'><strong>Dominum:</strong></span> <span class='ocrx_word' id='word_1_585' title='bbox 2989 4146 3050 4190; x_wconf 95' lang='lat' dir='ltr'><strong>ut</strong></span> <span class='ocrx_word' id='word_1_586' title='bbox 3087 4153 3195 4190; x_wconf 80' lang='lat' dir='ltr'><strong>vox</strong></span> <span class='ocrx_word' id='word_1_587' title='bbox 3242 4135 3545 4198; x_wconf 88' lang='lat' dir='ltr'><strong>moderata,</strong></span> 
     </span>
    </p>
   </div>
   <div class='ocr_carea' id='block_1_85' title="bbox 1970 4227 3546 4297">
    <p class='ocr_par' dir='ltr' id='par_1_85' title="bbox 1970 4227 3546 4297">
     <span class='ocr_line' id='line_1_85' title="bbox 1970 4227 3546 4297; baseline -0.005 -11"><span class='ocrx_word' id='word_1_588' title='bbox 1970 4245 2154 4286; x_wconf 83' lang='lat' dir='ltr'><strong>sermo</strong></span> <span class='ocrx_word' id='word_1_589' title='bbox 2179 4229 2443 4284; x_wconf 89' lang='lat' dir='ltr'><strong>decenter</strong></span> <span class='ocrx_word' id='word_1_590' title='bbox 2472 4228 2836 4297; x_wconf 85' lang='lat' dir='ltr'><strong>compositus,</strong></span> <span class='ocrx_word' id='word_1_591' title='bbox 2867 4235 3034 4296; x_wconf 86' lang='lat' dir='ltr'><strong>atque</strong></span> <span class='ocrx_word' id='word_1_592' title='bbox 3071 4228 3254 4282; x_wconf 92' lang='lat' dir='ltr'><strong>omnis</strong></span> <span class='ocrx_word' id='word_1_593' title='bbox 3302 4227 3357 4281; x_wconf 91' lang='lat' dir='ltr'><strong>in</strong></span> <span class='ocrx_word' id='word_1_594' title='bbox 3389 4243 3546 4280; x_wconf 91' lang='lat' dir='ltr'><strong>man-</strong></span> 
     </span>
    </p>
   </div>
   <div class='ocr_carea' id='block_1_86' title="bbox 1970 4319 3549 4388">
    <p class='ocr_par' dir='ltr' id='par_1_86' title="bbox 1970 4319 3549 4388">
     <span class='ocr_line' id='line_1_86' title="bbox 1970 4319 3549 4388; baseline -0.004 -11"><span class='ocrx_word' id='word_1_595' title='bbox 1970 4321 2265 4377; x_wconf 89' lang='lat' dir='ltr'><strong>suetudine</strong></span> <span class='ocrx_word' id='word_1_596' title='bbox 2286 4329 2343 4376; x_wconf 91' lang='lat' dir='ltr'><strong>et</strong></span> <span class='ocrx_word' id='word_1_597' title='bbox 2371 4320 2772 4388; x_wconf 85' lang='lat' dir='ltr'><strong>tranquillitate</strong></span> <span class='ocrx_word' id='word_1_598' title='bbox 2794 4320 3145 4374; x_wconf 82' lang='lat' dir='ltr'><strong>conversatio</strong></span> <span class='ocrx_word' id='word_1_599' title='bbox 3184 4319 3276 4374; x_wconf 89' lang='lat' dir='ltr'><strong>sit.</strong></span> <span class='ocrx_word' id='word_1_600' title='bbox 3303 4319 3383 4372; x_wconf 90' lang='lat' dir='ltr'><strong>Eo</strong></span> <span class='ocrx_word' id='word_1_601' title='bbox 3412 4333 3549 4371; x_wconf 81' lang='lat' dir='ltr'><strong>con-</strong></span> 
     </span>
    </p>
   </div>
   <div class='ocr_carea' id='block_1_87' title="bbox 1972 4409 3550 4482">
    <p class='ocr_par' dir='ltr' id='par_1_87' title="bbox 1972 4409 3550 4482">
     <span class='ocr_line' id='line_1_87' title="bbox 1972 4409 3550 4482; baseline -0.006 -13"><span class='ocrx_word' id='word_1_602' title='bbox 1972 4413 2271 4469; x_wconf 84' lang='lat' dir='ltr'><strong>nitendum</strong></span> <span class='ocrx_word' id='word_1_603' title='bbox 2301 4413 2598 4477; x_wconf 88' lang='lat' dir='ltr'><strong>monacho,</strong></span> <span class='ocrx_word' id='word_1_604' title='bbox 2630 4420 2780 4466; x_wconf 89' lang='lat' dir='ltr'><strong>utne</strong></span> <span class='ocrx_word' id='word_1_605' title='bbox 2802 4409 3216 4482; x_wconf 84' lang='lat' dir='ltr'><strong>juretomnino,</strong></span> <span class='ocrx_word' id='word_1_606' title='bbox 3253 4409 3347 4464; x_wconf 87' lang='lat' dir='ltr'><strong>sed</strong></span> <span class='ocrx_word' id='word_1_607' title='bbox 3369 4409 3550 4464; x_wconf 87' lang='lat' dir='ltr'><strong>solum</strong></span> 
     </span>
    </p>
   </div>
   <div class='ocr_carea' id='block_1_88' title="bbox 286 4485 1871 4576">
    <p class='ocr_par' dir='ltr' id='par_1_88' title="bbox 286 4485 1868 4575">
     <span class='ocr_line' id='line_1_88' title="bbox 286 4485 1868 4575; baseline 0.013 -37"><span class='ocrx_word' id='word_1_608' title='bbox 286 4485 674 4554; x_wconf 81' lang='grc' dir='ltr'>διακονεῖσθαι,</span> <span class='ocrx_word' id='word_1_609' title='bbox 693 4491 752 4544; x_wconf 86' lang='grc' dir='ltr'><strong>τό</strong></span> <span class='ocrx_word' id='word_1_610' title='bbox 777 4508 835 4544; x_wconf 88' lang='grc' dir='ltr'><strong>τε</strong></span> <span class='ocrx_word' id='word_1_611' title='bbox 867 4491 942 4562; x_wconf 82' lang='grc' dir='ltr'>μὴ</span> <span class='ocrx_word' id='word_1_612' title='bbox 971 4494 1065 4550; x_wconf 79' lang='grc' dir='ltr'>τοῦ</span> <span class='ocrx_word' id='word_1_613' title='bbox 1089 4495 1325 4565; x_wconf 83' lang='grc' dir='ltr'>χαλεποῦ</span> <span class='ocrx_word' id='word_1_614' title='bbox 1355 4499 1560 4565; x_wconf 87' lang='grc' dir='ltr'>πάθους</span> <span class='ocrx_word' id='word_1_615' title='bbox 1584 4502 1680 4572; x_wconf 88' lang='grc' dir='ltr'><strong>τῆς</strong></span> <span class='ocrx_word' id='word_1_616' title='bbox 1703 4504 1868 4575; x_wconf 88' lang='grc' dir='ltr'>ὑπερ-</span> 
     </span>
    </p>
   </div>
   <div class='ocr_carea' id='block_1_89' title="bbox 1973 4485 3549 4576">
    <p class='ocr_par' dir='ltr' id='par_1_89' title="bbox 1973 4501 3549 4576">
     <span class='ocr_line' id='line_1_89' title="bbox 1973 4501 3549 4576; baseline -0.004 -14"><span class='ocrx_word' id='word_1_617' title='bbox 1973 4507 2142 4572; x_wconf 90' lang='lat' dir='ltr'><strong>dicat,</strong></span> <span class='ocrx_word' id='word_1_618' title='bbox 2173 4506 2371 4570; x_wconf 84' lang='lat' dir='ltr'><strong>Crede,</strong></span> <span class='ocrx_word' id='word_1_619' title='bbox 2407 4506 2513 4568; x_wconf 83' lang='lat' dir='ltr'><strong>vel,</strong></span> <span class='ocrx_word' id='word_1_620' title='bbox 2543 4507 2769 4576; x_wconf 75' lang='lat' dir='ltr'><strong>Ignosce</strong></span> <span class='ocrx_word' id='word_1_621' title='bbox 2798 4522 2812 4572; x_wconf 91' lang='lat'><strong>;</strong></span> <span class='ocrx_word' id='word_1_622' title='bbox 2843 4517 2904 4560; x_wconf 90' lang='lat' dir='ltr'><strong>ut</strong></span> <span class='ocrx_word' id='word_1_623' title='bbox 2951 4504 3269 4560; x_wconf 82' lang='lat' dir='ltr'><strong>scandalum</strong></span> <span class='ocrx_word' id='word_1_624' title='bbox 3308 4501 3549 4558; x_wconf 74' lang='lat' dir='ltr'><strong>avaritia:</strong></span> 
     </span>
    </p>
   </div>
   <div class='ocr_carea' id='block_1_90' title="bbox 288 4579 1864 4737">
    <p class='ocr_par' dir='ltr' id='par_1_90' title="bbox 288 4579 1864 4737">
     <span class='ocr_line' id='line_1_90' title="bbox 288 4579 1864 4737; baseline 0.014 -110"><span class='ocrx_word' id='word_1_625' title='bbox 288 4579 526 4737; x_wconf 46' lang='grc' dir='ltr'>ἔφαὶνίὲς</span> <span class='ocrx_word' id='word_1_626' title='bbox 549 4581 830 4650; x_wconf 68' lang='grc' dir='ltr'>ἡττᾶσθαι,</span> <span class='ocrx_word' id='word_1_627' title='bbox 849 4585 985 4639; x_wconf 80' lang='grc' dir='ltr'>ἀλλὰ</span> <span class='ocrx_word' id='word_1_628' title='bbox 1013 4586 1230 4642; x_wconf 80' lang='grc' dir='ltr'>πάντων</span> <span class='ocrx_word' id='word_1_629' title='bbox 1258 4589 1482 4661; x_wconf 81' lang='grc' dir='ltr'>ἔσχατον</span> <span class='ocrx_word' id='word_1_630' title='bbox 1510 4595 1702 4649; x_wconf 83' lang='grc' dir='ltr'>ἐαυτὸν</span> <span class='ocrx_word' id='word_1_631' title='bbox 1725 4591 1864 4650; x_wconf 76' lang='grc' dir='ltr'>εἶναι</span> 
     </span>
     <span class='ocr_line' id='line_1_91' title="bbox 333 4685 1315 4736; baseline 0.015 -16"><span class='ocrx_word' id='word_1_632' title='bbox 333 4685 393 4736; x_wconf 83' lang='grc' dir='ltr'><strong>γε</strong></span> <span class='ocrx_word' id='word_1_633' title='bbox 422 4687 454 4722; x_wconf 89' lang='grc' dir='ltr'><strong>σ</strong></span> <span class='ocrx_word' id='word_1_634' title='bbox 487 4689 563 4725; x_wconf 91' lang='grc' dir='ltr'><strong>αι.</strong></span> <span class='ocrx_word' id='word_1_635' title='bbox 1309 4711 1315 4718; x_wconf 90' lang='grc'><strong><em>-</em></strong></span> 
     </span>
    </p>
   </div>
   <div class='ocr_carea' id='block_1_91' title="bbox 333 4685 563 4736">
    <p class='ocr_par' dir='ltr' id='par_1_91' title="bbox 333 4685 563 4736">
     <span class='ocr_line' id='line_1_92' title="bbox 333 4685 563 4736; baseline 0.017 -15"><span class='ocrx_word' id='word_1_636' title='bbox 333 4685 563 4736; x_wconf 80' lang='grc' dir='ltr'>γεισυαι.</span> 
     </span>
    </p>
   </div>
   <div class='ocr_carea' id='block_1_92' title="bbox 1972 4597 3548 4666">
    <p class='ocr_par' dir='ltr' id='par_1_92' title="bbox 1972 4597 3548 4666">
     <span class='ocr_line' id='line_1_93' title="bbox 1972 4597 3548 4666; baseline -0.004 -12"><span class='ocrx_word' id='word_1_637' title='bbox 1972 4599 2252 4666; x_wconf 88' lang='lat' dir='ltr'><strong>declinet;</strong></span> <span class='ocrx_word' id='word_1_638' title='bbox 2313 4607 2371 4653; x_wconf 92' lang='lat' dir='ltr'><strong>ut</strong></span> <span class='ocrx_word' id='word_1_639' title='bbox 2421 4598 2708 4653; x_wconf 84' lang='lat' dir='ltr'><strong>facultates</strong></span> <span class='ocrx_word' id='word_1_640' title='bbox 2767 4613 2895 4652; x_wconf 88' lang='lat' dir='ltr'><strong>suas</strong></span> <span class='ocrx_word' id='word_1_641' title='bbox 2943 4597 3274 4664; x_wconf 88' lang='lat' dir='ltr'><strong>distribuat;</strong></span> <span class='ocrx_word' id='word_1_642' title='bbox 3327 4605 3389 4651; x_wconf 90' lang='lat' dir='ltr'><strong>ut</strong></span> <span class='ocrx_word' id='word_1_643' title='bbox 3436 4611 3548 4649; x_wconf 89' lang='lat' dir='ltr'><strong>non</strong></span> 
     </span>
    </p>
   </div>
   <div class='ocr_carea' id='block_1_93' title="bbox 1973 4681 3546 4757">
    <p class='ocr_par' dir='ltr' id='par_1_93' title="bbox 1973 4681 3546 4757">
     <span class='ocr_line' id='line_1_94' title="bbox 1973 4681 3546 4757; baseline -0.007 -13"><span class='ocrx_word' id='word_1_644' title='bbox 1973 4691 2142 4744; x_wconf 91' lang='lat' dir='ltr'><strong>modo</strong></span> <span class='ocrx_word' id='word_1_645' title='bbox 2189 4703 2468 4757; x_wconf 89' lang='lat' dir='ltr'><strong>nunquam</strong></span> <span class='ocrx_word' id='word_1_646' title='bbox 2531 4687 2599 4741; x_wconf 85' lang='lat' dir='ltr'><strong>dc</strong></span> <span class='ocrx_word' id='word_1_647' title='bbox 2652 4686 2879 4741; x_wconf 86' lang='lat' dir='ltr'><strong>alterius</strong></span> <span class='ocrx_word' id='word_1_648' title='bbox 2933 4686 3074 4740; x_wconf 86' lang='lat' dir='ltr'><strong>fama</strong></span> <span class='ocrx_word' id='word_1_649' title='bbox 3126 4685 3408 4745; x_wconf 84' lang='lat' dir='ltr'><strong>detrahat,</strong></span> <span class='ocrx_word' id='word_1_650' title='bbox 3451 4681 3546 4736; x_wconf 86' lang='lat' dir='ltr'><strong>sed</strong></span> 
     </span>
    </p>
   </div>
   <div class='ocr_carea' id='block_1_94' title="bbox 286 4766 3549 4852">
    <p class='ocr_par' dir='ltr' id='par_1_94' title="bbox 286 4766 3549 4852">
     <span class='ocr_line' id='line_1_95' title="bbox 286 4766 3549 4852; baseline 0.005 -35"><span class='ocrx_word' id='word_1_651' title='bbox 286 4766 456 4820; x_wconf 87' lang='lat' dir='ltr'><strong>etiam</strong></span> <span class='ocrx_word' id='word_1_652' title='bbox 489 4781 559 4820; x_wconf 89' lang='lat' dir='ltr'><strong>ne</strong></span> <span class='ocrx_word' id='word_1_653' title='bbox 591 4766 730 4824; x_wconf 85' lang='lat' dir='ltr'><strong>ferat</strong></span> <span class='ocrx_word' id='word_1_654' title='bbox 751 4770 974 4840; x_wconf 89' lang='lat' dir='ltr'><strong>quidem</strong></span> <span class='ocrx_word' id='word_1_655' title='bbox 1005 4771 1417 4845; x_wconf 84' lang='lat' dir='ltr'><strong>detrahentem;</strong></span> <span class='ocrx_word' id='word_1_656' title='bbox 1457 4787 1518 4834; x_wconf 91' lang='lat' dir='ltr'><strong>ut</strong></span> <span class='ocrx_word' id='word_1_657' title='bbox 1559 4784 1924 4852; x_wconf 87' lang='lat' dir='ltr'><strong>compatiatur</strong></span> <span class='ocrx_word' id='word_1_658' title='bbox 1961 4783 2015 4838; x_wconf 90' lang='lat' dir='ltr'><strong>in</strong></span> <span class='ocrx_word' id='word_1_659' title='bbox 2048 4785 2198 4837; x_wconf 89' lang='lat' dir='ltr'><strong>luctu</strong></span> <span class='ocrx_word' id='word_1_660' title='bbox 2229 4783 2458 4851; x_wconf 86' lang='lat' dir='ltr'><strong>positis;</strong></span> <span class='ocrx_word' id='word_1_661' title='bbox 2497 4791 2557 4835; x_wconf 89' lang='lat' dir='ltr'><strong>ut</strong></span> <span class='ocrx_word' id='word_1_662' title='bbox 2587 4781 2816 4834; x_wconf 89' lang='lat' dir='ltr'><strong>fratrum</strong></span> <span class='ocrx_word' id='word_1_663' title='bbox 2849 4782 3020 4849; x_wconf 87' lang='lat' dir='ltr'><strong>pedes</strong></span> <span class='ocrx_word' id='word_1_664' title='bbox 3044 4783 3195 4835; x_wconf 75' lang='lat' dir='ltr'><strong>lavet</strong></span> <span class='ocrx_word' id='word_1_665' title='bbox 3216 4779 3549 4846; x_wconf 82' lang='lat' dir='ltr'><strong>utilitatique</strong></span> 
     </span>
    </p>
   </div>
   <div class='ocr_carea' id='block_1_95' title="bbox 289 4862 3543 4945">
    <p class='ocr_par' dir='ltr' id='par_1_95' title="bbox 289 4862 3543 4945">
     <span class='ocr_line' id='line_1_96' title="bbox 289 4862 3543 4945; baseline 0.001 -29"><span class='ocrx_word' id='word_1_666' title='bbox 289 4862 553 4926; x_wconf 84' lang='lat' dir='ltr'><strong>studeat;</strong></span> <span class='ocrx_word' id='word_1_667' title='bbox 591 4872 652 4917; x_wconf 89' lang='lat' dir='ltr'><strong>ut</strong></span> <span class='ocrx_word' id='word_1_668' title='bbox 681 4866 994 4935; x_wconf 82' lang='lat' dir='ltr'><strong>periculosa</strong></span> <span class='ocrx_word' id='word_1_669' title='bbox 1028 4869 1120 4924; x_wconf 88' lang='lat' dir='ltr'><strong>illa</strong></span> <span class='ocrx_word' id='word_1_670' title='bbox 1151 4871 1318 4926; x_wconf 89' lang='lat' dir='ltr'><strong>animi</strong></span> <span class='ocrx_word' id='word_1_671' title='bbox 1365 4871 1641 4941; x_wconf 87' lang='lat' dir='ltr'><strong>passione,</strong></span> <span class='ocrx_word' id='word_1_672' title='bbox 1707 4874 1968 4945; x_wconf 86' lang='lat' dir='ltr'><strong>superbia</strong></span> <span class='ocrx_word' id='word_1_673' title='bbox 2014 4873 2160 4939; x_wconf 92' lang='lat' dir='ltr'><strong>dico,</strong></span> <span class='ocrx_word' id='word_1_674' title='bbox 2202 4887 2313 4925; x_wconf 92' lang='lat' dir='ltr'><strong>non</strong></span> <span class='ocrx_word' id='word_1_675' title='bbox 2374 4880 2691 4940; x_wconf 87' lang='lat' dir='ltr'><strong>superetur,</strong></span> <span class='ocrx_word' id='word_1_676' title='bbox 2750 4871 2846 4925; x_wconf 82' lang='lat' dir='ltr'><strong>sed</strong></span> <span class='ocrx_word' id='word_1_677' title='bbox 2911 4872 3157 4924; x_wconf 86' lang='lat' dir='ltr'><strong>omnium</strong></span> <span class='ocrx_word' id='word_1_678' title='bbox 3209 4877 3543 4937; x_wconf 90' lang='lat' dir='ltr'><strong>postremum</strong></span> 
     </span>
    </p>
   </div>
   <div class='ocr_carea' id='block_1_96' title="bbox 289 4967 634 5020">
    <p class='ocr_par' dir='ltr' id='par_1_96' title="bbox 289 4967 634 5020">
     <span class='ocr_line' id='line_1_97' title="bbox 289 4967 634 5020; baseline 0.014 -12"><span class='ocrx_word' id='word_1_679' title='bbox 289 4969 354 5009; x_wconf 86' lang='lat' dir='ltr'><strong>se</strong></span> <span class='ocrx_word' id='word_1_680' title='bbox 395 4967 634 5020; x_wconf 85' lang='lat' dir='ltr'><strong>reputet.</strong></span> 
     </span>
    </p>
   </div>
   <div class='ocr_carea' id='block_1_97' title="bbox 365 5049 1862 5133">
    <p class='ocr_par' dir='ltr' id='par_1_97' title="bbox 365 5049 1862 5133">
     <span class='ocr_line' id='line_1_98' title="bbox 365 5049 1862 5133; baseline 0.003 -21"><span class='ocrx_word' id='word_1_681' title='bbox 365 5049 465 5121; x_wconf 79' lang='grc' dir='ltr'><strong>λβὀ</strong></span> <span class='ocrx_word' id='word_1_682' title='bbox 501 5055 701 5124; x_wconf 85' lang='grc' dir='ltr'>Ἔργον</span> <span class='ocrx_word' id='word_1_683' title='bbox 740 5058 995 5127; x_wconf 79' lang='grc' dir='ltr'>μοναχοῦ,</span> <span class='ocrx_word' id='word_1_684' title='bbox 1029 5061 1060 5129; x_wconf 85' lang='grc' dir='ltr'>ή</span> <span class='ocrx_word' id='word_1_685' title='bbox 1111 5063 1191 5124; x_wconf 85' lang='grc' dir='ltr'>εἰς</span> <span class='ocrx_word' id='word_1_686' title='bbox 1237 5063 1446 5127; x_wconf 87' lang='grc' dir='ltr'>πάντας</span> <span class='ocrx_word' id='word_1_687' title='bbox 1489 5065 1762 5133; x_wconf 87' lang='grc' dir='ltr'>μεγάλους</span> <span class='ocrx_word' id='word_1_688' title='bbox 1803 5081 1862 5118; x_wconf 79' lang='grc' dir='ltr'><strong>τε</strong></span> 
     </span>
    </p>
   </div>
   <div class='ocr_carea' id='block_1_98' title="bbox 292 5143 1862 5219">
    <p class='ocr_par' dir='ltr' id='par_1_98' title="bbox 292 5143 1862 5219">
     <span class='ocr_line' id='line_1_99' title="bbox 292 5143 1862 5219; baseline 0.01 -24"><span class='ocrx_word' id='word_1_689' title='bbox 292 5143 394 5196; x_wconf 80' lang='grc' dir='ltr'>καὶ</span> <span class='ocrx_word' id='word_1_690' title='bbox 455 5148 685 5216; x_wconf 79' lang='grc' dir='ltr'>μικροὺς</span> <span class='ocrx_word' id='word_1_691' title='bbox 711 5189 724 5213; x_wconf 89' lang='grc'><strong>,</strong></span> <span class='ocrx_word' id='word_1_692' title='bbox 754 5149 999 5216; x_wconf 72' lang='grc' dir='ltr'>ἐνδόξους</span> <span class='ocrx_word' id='word_1_693' title='bbox 1027 5154 1123 5206; x_wconf 81' lang='grc' dir='ltr'><strong>καὶ</strong></span> <span class='ocrx_word' id='word_1_694' title='bbox 1167 5154 1407 5219; x_wconf 80' lang='grc' dir='ltr'>ἀδόξους,</span> <span class='ocrx_word' id='word_1_695' title='bbox 1445 5157 1738 5219; x_wconf 85' lang='grc' dir='ltr'>πλουσίους</span> <span class='ocrx_word' id='word_1_696' title='bbox 1768 5156 1862 5210; x_wconf 69' lang='grc' dir='ltr'>καὶ</span> 
     </span>
    </p>
   </div>
   <div class='ocr_carea' id='block_1_99' title="bbox 293 5234 1859 5317">
    <p class='ocr_par' dir='ltr' id='par_1_99' title="bbox 293 5234 1859 5317">
     <span class='ocr_line' id='line_1_100' title="bbox 293 5234 1859 5317; baseline 0.009 -30"><span class='ocrx_word' id='word_1_697' title='bbox 293 5234 556 5305; x_wconf 79' lang='grc' dir='ltr'>πένητας,</span> <span class='ocrx_word' id='word_1_698' title='bbox 595 5238 672 5302; x_wconf 83' lang='grc' dir='ltr'>ὡς</span> <span class='ocrx_word' id='word_1_699' title='bbox 707 5242 786 5304; x_wconf 78' lang='grc' dir='ltr'><strong>εἰς</strong></span> <span class='ocrx_word' id='word_1_700' title='bbox 814 5243 975 5296; x_wconf 82' lang='grc' dir='ltr'>αὑτὸν</span> <span class='ocrx_word' id='word_1_701' title='bbox 999 5245 1232 5315; x_wconf 80' lang='grc' dir='ltr'>Χριστὸν</span> <span class='ocrx_word' id='word_1_702' title='bbox 1266 5247 1407 5317; x_wconf 80' lang='grc' dir='ltr'>ἁγνὴ</span> <span class='ocrx_word' id='word_1_703' title='bbox 1451 5246 1772 5316; x_wconf 75' lang='grc' dir='ltr'>φιλαδελφία</span> <span class='ocrx_word' id='word_1_704' title='bbox 1799 5265 1859 5300; x_wconf 83' lang='grc' dir='ltr'><strong>τε</strong></span> 
     </span>
    </p>
   </div>
   <div class='ocr_carea' id='block_1_100' title="bbox 288 5327 1859 5409">
    <p class='ocr_par' dir='ltr' id='par_1_100' title="bbox 288 5327 1859 5409">
     <span class='ocr_line' id='line_1_101' title="bbox 288 5327 1859 5409; baseline 0.01 -30"><span class='ocrx_word' id='word_1_705' title='bbox 288 5327 390 5381; x_wconf 78' lang='grc' dir='ltr'>καὶ</span> <span class='ocrx_word' id='word_1_706' title='bbox 419 5328 716 5399; x_wconf 82' lang='grc' dir='ltr'>φιλοξενία,</span> <span class='ocrx_word' id='word_1_707' title='bbox 748 5333 844 5387; x_wconf 74' lang='grc' dir='ltr'><strong>καὶ</strong></span> <span class='ocrx_word' id='word_1_708' title='bbox 891 5336 1232 5406; x_wconf 78' lang='grc' dir='ltr'>ὑποκρίσεως</span> <span class='ocrx_word' id='word_1_709' title='bbox 1263 5339 1642 5409; x_wconf 86' lang='grc' dir='ltr'>καθαρεύουσα</span> <span class='ocrx_word' id='word_1_710' title='bbox 1677 5340 1859 5409; x_wconf 77' lang='grc' dir='ltr'>πάσης</span> 
     </span>
    </p>
   </div>
   <div class='ocr_carea' id='block_1_101' title="bbox 285 5419 1860 5500">
    <p class='ocr_par' dir='ltr' id='par_1_101' title="bbox 285 5419 1860 5500">
     <span class='ocr_line' id='line_1_102' title="bbox 285 5419 1860 5500; baseline 0.006 -26"><span class='ocrx_word' id='word_1_711' title='bbox 285 5419 557 5474; x_wconf 81' lang='grc' dir='ltr'>διακονία.</span> <span class='ocrx_word' id='word_1_712' title='bbox 590 5423 836 5495; x_wconf 84' lang='grc' dir='ltr'>Μοναχὸς</span> <span class='ocrx_word' id='word_1_713' title='bbox 861 5426 968 5498; x_wconf 79' lang='grc' dir='ltr'>γὰρ</span> <span class='ocrx_word' id='word_1_714' title='bbox 1002 5428 1142 5498; x_wconf 79' lang='grc' dir='ltr'>πρὸς</span> <span class='ocrx_word' id='word_1_715' title='bbox 1191 5429 1291 5499; x_wconf 83' lang='grc' dir='ltr'>μὲν</span> <span class='ocrx_word' id='word_1_716' title='bbox 1323 5430 1421 5492; x_wconf 82' lang='grc' dir='ltr'>τὰς</span> <span class='ocrx_word' id='word_1_717' title='bbox 1481 5430 1623 5483; x_wconf 80' lang='grc' dir='ltr'>κατὰ</span> <span class='ocrx_word' id='word_1_718' title='bbox 1655 5431 1860 5500; x_wconf 87' lang='grc' dir='ltr'>κόσμον</span> 
     </span>
    </p>
   </div>
   <div class='ocr_carea' id='block_1_102' title="bbox 287 5511 1859 5592">
    <p class='ocr_par' dir='ltr' id='par_1_102' title="bbox 287 5511 1859 5592">
     <span class='ocr_line' id='line_1_103' title="bbox 287 5511 1859 5592; baseline 0.006 -26"><span class='ocrx_word' id='word_1_719' title='bbox 287 5511 510 5583; x_wconf 65' lang='grc' dir='ltr'>βλέπων</span> <span class='ocrx_word' id='word_1_720' title='bbox 542 5515 840 5588; x_wconf 79' lang='grc' dir='ltr'>ὑπεροχὰς,</span> <span class='ocrx_word' id='word_1_721' title='bbox 867 5519 963 5572; x_wconf 76' lang='grc' dir='ltr'><strong>καὶ</strong></span> <span class='ocrx_word' id='word_1_722' title='bbox 989 5520 1257 5592; x_wconf 88' lang='grc' dir='ltr'>πρόσωπα</span> <span class='ocrx_word' id='word_1_723' title='bbox 1286 5522 1395 5575; x_wconf 86' lang='grc' dir='ltr'>τῶν</span> <span class='ocrx_word' id='word_1_724' title='bbox 1424 5522 1680 5576; x_wconf 86' lang='grc' dir='ltr'>τοιούτων</span> <span class='ocrx_word' id='word_1_725' title='bbox 1714 5523 1859 5591; x_wconf 86' lang='grc' dir='ltr'>λαμ-</span> 
     </span>
    </p>
   </div>
   <div class='ocr_carea' id='block_1_103' title="bbox 285 5603 1855 5680">
    <p class='ocr_par' dir='ltr' id='par_1_103' title="bbox 285 5603 1855 5680">
     <span class='ocr_line' id='line_1_104' title="bbox 285 5603 1855 5680; baseline 0.004 -23"><span class='ocrx_word' id='word_1_726' title='bbox 285 5603 495 5668; x_wconf 82' lang='grc' dir='ltr'>6άνων,</span> <span class='ocrx_word' id='word_1_727' title='bbox 529 5606 744 5675; x_wconf 79' lang='grc' dir='ltr'>πτωχὸν</span> <span class='ocrx_word' id='word_1_728' title='bbox 776 5607 832 5660; x_wconf 81' lang='grc' dir='ltr'>δὲ</span> <span class='ocrx_word' id='word_1_729' title='bbox 857 5610 952 5662; x_wconf 74' lang='grc' dir='ltr'>καὶ</span> <span class='ocrx_word' id='word_1_730' title='bbox 985 5611 1193 5680; x_wconf 73' lang='grc' dir='ltr'>πένητα</span> <span class='ocrx_word' id='word_1_731' title='bbox 1225 5612 1520 5680; x_wconf 77' lang='grc' dir='ltr'>προσιόντα</span> <span class='ocrx_word' id='word_1_732' title='bbox 1545 5612 1642 5665; x_wconf 80' lang='grc' dir='ltr'><strong>καὶ</strong></span> <span class='ocrx_word' id='word_1_733' title='bbox 1668 5611 1855 5680; x_wconf 86' lang='grc' dir='ltr'>δεόμε-</span> 
     </span>
    </p>
   </div>
   <div class='ocr_carea' id='block_1_104' title="bbox 286 5691 1856 5770">
    <p class='ocr_par' dir='ltr' id='par_1_104' title="bbox 286 5691 1856 5770">
     <span class='ocr_line' id='line_1_105' title="bbox 286 5691 1856 5770; baseline 0.006 -26"><span class='ocrx_word' id='word_1_734' title='bbox 286 5709 385 5745; x_wconf 88' lang='grc' dir='ltr'>νον</span> <span class='ocrx_word' id='word_1_735' title='bbox 422 5691 828 5766; x_wconf 85' lang='grc' dir='ltr'>ἀπωθούμενος,</span> <span class='ocrx_word' id='word_1_736' title='bbox 856 5700 884 5751; x_wconf 84' lang='grc' dir='ltr'>ὁ</span> <span class='ocrx_word' id='word_1_737' title='bbox 936 5698 1178 5762; x_wconf 83' lang='grc' dir='ltr'>τοιοῦτος</span> <span class='ocrx_word' id='word_1_738' title='bbox 1233 5701 1329 5770; x_wconf 79' lang='grc' dir='ltr'>οὐχ</span> <span class='ocrx_word' id='word_1_739' title='bbox 1376 5699 1484 5767; x_wconf 68' lang='grc' dir='ltr'>ἕξει</span> <span class='ocrx_word' id='word_1_740' title='bbox 1558 5700 1856 5768; x_wconf 80' lang='grc' dir='ltr'>παρουσίαν</span> 
     </span>
    </p>
   </div>
   <div class='ocr_carea' id='block_1_105' title="bbox 285 5785 1859 5862">
    <p class='ocr_par' dir='ltr' id='par_1_105' title="bbox 285 5785 1859 5862">
     <span class='ocr_line' id='line_1_106' title="bbox 285 5785 1859 5862; baseline 0.001 -23"><span class='ocrx_word' id='word_1_741' title='bbox 285 5785 376 5847; x_wconf 79' lang='grc' dir='ltr'><strong>είς</strong></span> <span class='ocrx_word' id='word_1_742' title='bbox 398 5785 491 5838; x_wconf 77' lang='grc' dir='ltr'><strong>τὸν</strong></span> <span class='ocrx_word' id='word_1_743' title='bbox 529 5786 813 5857; x_wconf 85' lang='grc' dir='ltr'>νυμφῶνα,</span> <span class='ocrx_word' id='word_1_744' title='bbox 865 5789 986 5844; x_wconf 78' lang='grc' dir='ltr'>οὐδὲ</span> <span class='ocrx_word' id='word_1_745' title='bbox 1037 5792 1448 5862; x_wconf 83' lang='grc' dir='ltr'>ἀπαντήσεται,</span> <span class='ocrx_word' id='word_1_746' title='bbox 1483 5789 1600 5843; x_wconf 79' lang='grc' dir='ltr'>οὐδὲ</span> <span class='ocrx_word' id='word_1_747' title='bbox 1646 5805 1859 5843; x_wconf 86' lang='grc' dir='ltr'>συνεισ-</span> 
     </span>
    </p>
   </div>
   <div class='ocr_carea' id='block_1_106' title="bbox 1977 5054 3544 5118">
    <p class='ocr_par' dir='ltr' id='par_1_106' title="bbox 1977 5054 3544 5118">
     <span class='ocr_line' id='line_1_107' title="bbox 1977 5054 3544 5118; baseline -0.001 -8"><span class='ocrx_word' id='word_1_748' title='bbox 1977 5092 1980 5096; x_wconf 53' lang='grc' dir='ltr'><strong>λ</strong></span> <span class='ocrx_word' id='word_1_749' title='bbox 2039 5058 2128 5112; x_wconf 71' lang='grc'><strong>52.</strong></span> <span class='ocrx_word' id='word_1_750' title='bbox 2174 5057 2254 5111; x_wconf 88' lang='lat' dir='ltr'><strong>Eo</strong></span> <span class='ocrx_word' id='word_1_751' title='bbox 2303 5054 2702 5109; x_wconf 88' lang='lat' dir='ltr'><strong>connitendum</strong></span> <span class='ocrx_word' id='word_1_752' title='bbox 2756 5054 3045 5118; x_wconf 86' lang='lat' dir='ltr'><strong>monacho,</strong></span> <span class='ocrx_word' id='word_1_753' title='bbox 3093 5061 3154 5106; x_wconf 91' lang='lat' dir='ltr'><strong>ut</strong></span> <span class='ocrx_word' id='word_1_754' title='bbox 3196 5068 3388 5107; x_wconf 89' lang='lat' dir='ltr'><strong>omnes</strong></span> <span class='ocrx_word' id='word_1_755' title='bbox 3433 5063 3544 5109; x_wconf 88' lang='lat' dir='ltr'><strong>tam</strong></span> 
     </span>
    </p>
   </div>
   <div class='ocr_carea' id='block_1_107' title="bbox 1968 5146 3545 5220">
    <p class='ocr_par' dir='ltr' id='par_1_107' title="bbox 1968 5146 3545 5220">
     <span class='ocr_line' id='line_1_108' title="bbox 1968 5146 3545 5220; baseline -0.002 -16"><span class='ocrx_word' id='word_1_756' title='bbox 1968 5165 2195 5220; x_wconf 85' lang='lat' dir='ltr'><strong>magnos</strong></span> <span class='ocrx_word' id='word_1_757' title='bbox 2225 5163 2389 5218; x_wconf 88' lang='lat' dir='ltr'><strong>quam</strong></span> <span class='ocrx_word' id='word_1_758' title='bbox 2423 5161 2642 5216; x_wconf 83' lang='lat' dir='ltr'><strong>parvos,</strong></span> <span class='ocrx_word' id='word_1_759' title='bbox 2678 5156 2785 5200; x_wconf 89' lang='lat' dir='ltr'><strong>tam</strong></span> <span class='ocrx_word' id='word_1_760' title='bbox 2832 5146 3100 5216; x_wconf 80' lang='lat' dir='ltr'><strong>gloriosos</strong></span> <span class='ocrx_word' id='word_1_761' title='bbox 3147 5161 3310 5214; x_wconf 84' lang='lat' dir='ltr'><strong>quam</strong></span> <span class='ocrx_word' id='word_1_762' title='bbox 3368 5146 3545 5216; x_wconf 77' lang='lat' dir='ltr'><strong>inglo-</strong></span> 
     </span>
    </p>
   </div>
   <div class='ocr_carea' id='block_1_108' title="bbox 1966 5238 3542 5306">
    <p class='ocr_par' dir='ltr' id='par_1_108' title="bbox 1966 5238 3542 5306">
     <span class='ocr_line' id='line_1_109' title="bbox 1966 5238 3542 5306; baseline -0.004 -11"><span class='ocrx_word' id='word_1_763' title='bbox 1966 5241 2100 5306; x_wconf 88' lang='lat' dir='ltr'><strong>rios,</strong></span> <span class='ocrx_word' id='word_1_764' title='bbox 2160 5251 2268 5293; x_wconf 86' lang='lat' dir='ltr'><strong>tam</strong></span> <span class='ocrx_word' id='word_1_765' title='bbox 2321 5238 2538 5293; x_wconf 82' lang='lat' dir='ltr'><strong>divitiis</strong></span> <span class='ocrx_word' id='word_1_766' title='bbox 2591 5238 2884 5292; x_wconf 81' lang='lat' dir='ltr'><strong>aﬂluentes</strong></span> <span class='ocrx_word' id='word_1_767' title='bbox 2941 5252 3102 5305; x_wconf 90' lang='lat' dir='ltr'><strong>quam</strong></span> <span class='ocrx_word' id='word_1_768' title='bbox 3157 5252 3380 5306; x_wconf 80' lang='lat' dir='ltr'><strong>egenos,</strong></span> <span class='ocrx_word' id='word_1_769' title='bbox 3434 5253 3542 5290; x_wconf 85' lang='lat' dir='ltr'><strong>non</strong></span> 
     </span>
    </p>
   </div>
   <div class='ocr_carea' id='block_1_109' title="bbox 1963 5329 3543 5397">
    <p class='ocr_par' dir='ltr' id='par_1_109' title="bbox 1963 5329 3543 5397">
     <span class='ocr_line' id='line_1_110' title="bbox 1963 5329 3543 5397; baseline -0.004 -8"><span class='ocrx_word' id='word_1_770' title='bbox 1963 5348 2122 5388; x_wconf 84' lang='lat' dir='ltr'><strong>secus</strong></span> <span class='ocrx_word' id='word_1_771' title='bbox 2143 5345 2208 5385; x_wconf 89' lang='lat' dir='ltr'><strong>ac</strong></span> <span class='ocrx_word' id='word_1_772' title='bbox 2240 5331 2548 5393; x_wconf 89' lang='lat' dir='ltr'><strong>Christum,</strong></span> <span class='ocrx_word' id='word_1_773' title='bbox 2577 5330 2848 5385; x_wconf 90' lang='lat' dir='ltr'><strong>charitate</strong></span> <span class='ocrx_word' id='word_1_774' title='bbox 2871 5337 3040 5392; x_wconf 84' lang='lat' dir='ltr'><strong>casta,</strong></span> <span class='ocrx_word' id='word_1_775' title='bbox 3061 5329 3440 5397; x_wconf 85' lang='lat' dir='ltr'><strong>hospitalitate</strong></span> <span class='ocrx_word' id='word_1_776' title='bbox 3486 5338 3543 5383; x_wconf 90' lang='lat' dir='ltr'><strong>et</strong></span> 
     </span>
    </p>
   </div>
   <div class='ocr_carea' id='block_1_110' title="bbox 1963 5421 3538 5492">
    <p class='ocr_par' dir='ltr' id='par_1_110' title="bbox 1963 5421 3538 5492">
     <span class='ocr_line' id='line_1_111' title="bbox 1963 5421 3538 5492; baseline -0.003 -13"><span class='ocrx_word' id='word_1_777' title='bbox 1963 5423 2251 5492; x_wconf 87' lang='lat' dir='ltr'><strong>obsequio,</strong></span> <span class='ocrx_word' id='word_1_778' title='bbox 2303 5422 2486 5476; x_wconf 89' lang='lat' dir='ltr'><strong>omnis</strong></span> <span class='ocrx_word' id='word_1_779' title='bbox 2527 5421 2889 5491; x_wconf 84' lang='lat' dir='ltr'><strong>hypocriseos</strong></span> <span class='ocrx_word' id='word_1_780' title='bbox 2929 5427 3156 5489; x_wconf 81' lang='lat' dir='ltr'><strong>experte</strong></span> <span class='ocrx_word' id='word_1_781' title='bbox 3216 5421 3538 5489; x_wconf 75' lang='lat' dir='ltr'><strong>praeveniat.</strong></span> 
     </span>
    </p>
   </div>
   <div class='ocr_carea' id='block_1_111' title="bbox 1964 5510 3544 5581">
    <p class='ocr_par' dir='ltr' id='par_1_111' title="bbox 1964 5510 3544 5581">
     <span class='ocr_line' id='line_1_112' title="bbox 1964 5510 3544 5581; baseline -0.003 -12"><span class='ocrx_word' id='word_1_782' title='bbox 1964 5515 2264 5570; x_wconf 86' lang='lat' dir='ltr'><strong>Monachus</strong></span> <span class='ocrx_word' id='word_1_783' title='bbox 2308 5528 2567 5581; x_wconf 89' lang='lat' dir='ltr'><strong>namque,</strong></span> <span class='ocrx_word' id='word_1_784' title='bbox 2615 5511 2710 5580; x_wconf 92' lang='lat' dir='ltr'><strong>qui</strong></span> <span class='ocrx_word' id='word_1_785' title='bbox 2764 5510 2829 5564; x_wconf 88' lang='lat' dir='ltr'><strong>ad</strong></span> <span class='ocrx_word' id='word_1_786' title='bbox 2890 5527 3076 5565; x_wconf 87' lang='lat' dir='ltr'><strong>rerum</strong></span> <span class='ocrx_word' id='word_1_787' title='bbox 3134 5511 3544 5566; x_wconf 79' lang='lat' dir='ltr'><strong>mundanarum</strong></span> 
     </span>
    </p>
   </div>
   <div class='ocr_carea' id='block_1_112' title="bbox 1962 5601 3540 5674">
    <p class='ocr_par' dir='ltr' id='par_1_112' title="bbox 1962 5601 3540 5674">
     <span class='ocr_line' id='line_1_113' title="bbox 1962 5601 3540 5674; baseline -0.001 -14"><span class='ocrx_word' id='word_1_788' title='bbox 1962 5605 2308 5674; x_wconf 82' lang='lat' dir='ltr'><strong>splendorem</strong></span> <span class='ocrx_word' id='word_1_789' title='bbox 2327 5604 2521 5657; x_wconf 87' lang='lat' dir='ltr'><strong>oculos</strong></span> <span class='ocrx_word' id='word_1_790' title='bbox 2551 5601 2786 5664; x_wconf 79' lang='lat' dir='ltr'><strong>reﬂexit,</strong></span> <span class='ocrx_word' id='word_1_791' title='bbox 2843 5617 3148 5670; x_wconf 87' lang='lat' dir='ltr'><strong>earumque</strong></span> <span class='ocrx_word' id='word_1_792' title='bbox 3192 5603 3405 5672; x_wconf 80' lang='lat' dir='ltr'><strong>species</strong></span> <span class='ocrx_word' id='word_1_793' title='bbox 3442 5619 3540 5658; x_wconf 87' lang='lat' dir='ltr'><strong>cu-</strong></span> 
     </span>
    </p>
   </div>
   <div class='ocr_carea' id='block_1_113' title="bbox 1963 5691 3544 5766">
    <p class='ocr_par' dir='ltr' id='par_1_113' title="bbox 1963 5691 3544 5766">
     <span class='ocr_line' id='line_1_114' title="bbox 1963 5691 3544 5766; baseline -0.002 -16"><span class='ocrx_word' id='word_1_794' title='bbox 1963 5696 2090 5766; x_wconf 90' lang='lat' dir='ltr'><strong>pide</strong></span> <span class='ocrx_word' id='word_1_795' title='bbox 2140 5693 2574 5763; x_wconf 86' lang='lat' dir='ltr'><strong>contemplatur,</strong></span> <span class='ocrx_word' id='word_1_796' title='bbox 2625 5691 2942 5746; x_wconf 88' lang='lat' dir='ltr'><strong>mendicum</strong></span> <span class='ocrx_word' id='word_1_797' title='bbox 2996 5708 3148 5757; x_wconf 85' lang='lat' dir='ltr'><strong>vero,</strong></span> <span class='ocrx_word' id='word_1_798' title='bbox 3209 5707 3544 5763; x_wconf 77' lang='lat' dir='ltr'><strong>pauperem-</strong></span> 
     </span>
    </p>
   </div>
   <div class='ocr_carea' id='block_1_114' title="bbox 1962 5783 3541 5858">
    <p class='ocr_par' dir='ltr' id='par_1_114' title="bbox 1962 5783 3541 5858">
     <span class='ocr_line' id='line_1_115' title="bbox 1962 5783 3541 5858; baseline -0.001 -16"><span class='ocrx_word' id='word_1_799' title='bbox 1962 5802 2069 5858; x_wconf 87' lang='lat' dir='ltr'><strong>que</strong></span> <span class='ocrx_word' id='word_1_800' title='bbox 2100 5787 2153 5843; x_wconf 84' lang='lat' dir='ltr'><strong>et</strong></span> <span class='ocrx_word' id='word_1_801' title='bbox 2193 5801 2425 5858; x_wconf 75' lang='lat' dir='ltr'><strong>egenum</strong></span> <span class='ocrx_word' id='word_1_802' title='bbox 2471 5801 2499 5839; x_wconf 89' lang='lat' dir='ltr'><strong>a</strong></span> <span class='ocrx_word' id='word_1_803' title='bbox 2541 5801 2599 5840; x_wconf 90' lang='lat' dir='ltr'><strong>se</strong></span> <span class='ocrx_word' id='word_1_804' title='bbox 2662 5784 2902 5854; x_wconf 82' lang='lat' dir='ltr'><strong>repellit,</strong></span> <span class='ocrx_word' id='word_1_805' title='bbox 2957 5800 3063 5840; x_wconf 89' lang='lat' dir='ltr'><strong>non</strong></span> <span class='ocrx_word' id='word_1_806' title='bbox 3127 5785 3448 5843; x_wconf 82' lang='lat' dir='ltr'><strong>admittetur</strong></span> <span class='ocrx_word' id='word_1_807' title='bbox 3470 5783 3541 5840; x_wconf 75' lang='lat' dir='ltr'><strong>ad</strong></span> 
     </span>
    </p>
   </div>
  </div>
