4026 6292
502 341 646 409 3015

1702 344 1759 412 S.
1802 343 2182 407 SYMEONIS
2216 344 2252 405 J
2258 346 2363 405 ΠΝ
2368 344 2575 407 IORIS

3652 349 3808 418 3016

505 456 752 528 nuptias,
782 470 888 511 nec
921 461 1112 528 speret
1139 452 1361 511 obviam
1390 451 1600 507 iturum
1652 469 1713 511 se
1750 469 1876 510 cum
1900 454 2090 512 exsul«

2210 470 2482 526 ιλεύσεται
2514 468 2758 541 φαιδρῶς
2797 468 2877 540 τῷ
2915 465 3172 540 ἀθανάτῳ
3211 466 3432 538 νυμφίῳ
3452 506 3466 530 ,
3490 464 3630 521 ἀλλᾶ
3664 465 3805 520 τοῦ·

510 549 718 603 satione
753 543 1050 607 immortali
1086 543 1324 613 Sponsa,
1347 550 1410 597 ut
1443 558 1567 598 cum
1592 558 1660 598 eo
1700 544 2044 615 ingrediatur
2072 561 2086 598 :

508 639 605 696 sed
637 638 823 709 potius
863 637 996 711 illud
1030 636 1136 691 sibi
1194 636 1361 695 velim
1433 636 1788 705 persuadeat,
1844 636 1961 691 fore
2009 647 2088 701 ut,

517 734 792 787 exstincta
817 730 890 785 ob
918 728 1029 791 olei
1063 727 1342 784 defectum
1397 727 1673 798 lampade,
1697 728 2094 784 miserabiliter

512 826 581 879 ab
614 824 734 894 ipso
758 822 1104 881 excludatur.
1135 822 1501 893 Eleemosyna
1549 821 1755 890 quippe
1804 822 2094 877 consuevit

514 913 952 971 misericordiam
987 911 1260 980 consequi
1294 910 1425 976 illis,
1470 910 1564 980 qui
1618 908 2011 965 misericordes
2036 910 2095 965 in

512 1021 716 1078 egenos
740 1013 892 1066 sunt,
928 1018 1137 1072 eosque
1172 1003 1440 1073 gravibus
1492 1002 1758 1057 aerumnis
1812 1002 2092 1067 liberare;

514 1105 753 1153 testante
796 1095 848 1152 id
876 1096 1055 1165 ipsum
1081 1094 1311 1149 Christo
1333 1110 1399 1149 ac
1430 1094 1753 1155 conﬁtente.
1795 1094 2096 1164 pra-stilum

512 1187 746 1259 pauperi
783 1186 1250 1249 misericordiam,
1291 1185 1395 1240 sibi
1426 1186 1729 1255 pmstitam
1781 1195 2095 1256 reputatum

513 1278 609 1335 iri.
632 1280 777 1335 Dicit
801 1280 947 1334 enim
976 1296 990 1331 :
1028 1277 1278 1344 Quandiu
1308 1279 1503 1348 fecistis
1526 1280 1621 1332 uni
1644 1295 1709 1332 ea:
1733 1281 1811 1333 his
1842 1280 2094 1345 minimis,

514 1370 644 1424 mihi
677 1369 875 1440 fecistis
898 1369 958 1422 ἐ
993 1370 1134 1425 adeo
1162 1377 1223 1425 ut
1278 1370 1374 1439 qui
1402 1385 1514 1424 non
1541 1370 1838 1425 miseretur
1888 1370 2096 1434 fratris,

514 1460 714 1516 Filium
751 1462 843 1516 Dei
877 1461 1193 1517 censendus
1239 1462 1311 1516 sit
1336 1463 1515 1532 palam
1542 1463 1853 1533 negavisse,
1878 1463 2097 1518 Saddu-

515 1568 657 1609 caros
680 1552 1091 1623 quodammodo
1122 1552 1391 1619 imitatus,
1437 1569 1549 1609 non
1600 1555 1882 1610 credendo
1904 1572 2094 1611 resur—

522 1644 826 1699 rectionem
850 1659 992 1706 esse,
1024 1660 1208 1714 neque
1237 1644 1292 1698 in
1326 1659 1477 1715 spem
1512 1645 1640 1700 inde
1678 1656 2098 1715 promanantem

516 1736 709 1791 oculos
735 1735 1091 1791 reflectendo.
1144 1736 1224 1791 Ne
1274 1736 1441 1807 igitur
1498 1738 1763 1792 latentem
1827 1739 1931 1793 sub
1962 1754 2111 1794 auro-

516 1828 821 1886 dremonem
869 1831 1046 1900 pluris
1098 1830 1365 1896 feceritis,
1431 1847 1599 1901 quam
1669 1833 2098 1888 necessitatibus

514 1922 749 1978 fratrum
792 1924 1182 1988 succurrisse;
1241 1923 1570 1982 daemonem.
1606 1924 1854 1993 inquam,
1887 1927 1981 1992 qui
2048 1934 2104 1979 et

517 2015 697 2083 ipsum
731 2014 1013 2070 Christum
1075 2016 1299 2084 aggredi
1329 2030 1440 2068 non
1483 2024 1570 2069 est
1604 2017 1839 2077 veritus,
1890 2015 1966 2069 ita
2014 2014 2101 2069 lo-

516 2118 696 2172 quens
724 2120 737 2155 :
780 2102 905 2156 Ilwc
934 2103 1111 2154 omnia
1138 2101 1273 2155 dabo
1304 2101 1416 2165 tibi,
1454 2103 1500 2156 si
1554 2103 1747 2156 cadens
1794 2102 2100 2157 adoraveris

518 2212 601 2249 me
627 2196 672 2248 ⁷.
704 2195 782 2250 Ne
804 2194 1087 2250 Christum
1125 2194 1318 2248 mundi
1372 2194 1583 2248 fallacis
1634 2193 1887 2263 opinioni
1938 2210 2099 2249 men-

518 2286 803 2342 dicitatem
848 2288 1110 2355 pauperis
1140 2285 1549 2355 prteferentem,
1578 2294 1635 2340 et
1660 2301 1772 2340 non
1805 2287 2100 2343 habentem

521 2379 619 2433 ubi
651 2388 820 2450 caput
856 2379 1177 2443 reclinaret,
1206 2373 1557 2433 contumelia'
1578 2377 1870 2446 afliciatis;
1922 2379 2102 2456 illum,

520 2470 768 2540 inquam,
799 2470 1107 2534 Christum,
1146 2470 1201 2524 in
1229 2470 1392 2538 cujus
1428 2477 1710 2539 potestate
1736 2471 1862 2526 σοιῐί
1890 2478 2022 2526 sunt
2043 2486 2109 2526 ac

520 2573 687 2617 terra.
756 2552 972 2618 Etenim
1026 2579 1151 2617 cum
1212 2561 1492 2617 Abraham
1549 2562 1987 2633 hospitalitatem
2048 2565 2104 2619 in

520 2670 715 2727 omnes
763 2663 1072 2720 exerceret,
1122 2654 1334 2710 meruit
1384 2654 1578 2719 Deum,
1625 2654 1837 2724 angelis
1885 2654 2106 2711 duobus

521 2746 861 2805 comitatum.
887 2747 988 2802 sub
1007 2746 1195 2817 specie
1218 2746 1451 2801 viatoris
1472 2746 1828 2816 conspicere:
1848 2745 2107 2802 similiter

519 2846 578 2892 et
614 2836 736 2902 Lot,
762 2838 856 2908 qui
891 2838 1119 2908 angelos
1145 2837 1391 2907 hospitio
1424 2837 1671 2907 excepit.
1706 2837 2103 2892 Verumtamen

520 2927 648 2984 date
688 2945 912 2999 operam
937 2929 1151 2991 sedulo,
1182 2937 1243 2983 ut
1269 2928 1323 2984 in
1354 2928 1625 2986 divitibus
1673 2938 1841 2999 atque
1898 2944 2110 3000 paupe-

524 3019 681 3075 ribus
721 3020 1015 3090 aequaliter
1068 3019 1241 3075 Deum
1308 3021 1605 3090 quaeratis;
1649 3020 1799 3091 quod
1843 3021 2106 3077 effectum

2198 576 2292 613 τον
2331 559 2513 630 ἐαυτῷ
2556 558 2812 622 ἐλεεινῶς
2852 557 3205 623 ἀποκλείσει,
3240 556 3308 610 δι’
3356 556 3571 609 ἔνδειαν
3607 554 3803 608 ἐλαίου

2200 650 2301 717 τῆς
2343 646 2628 717 λαμπάδος
2670 644 3108 715 ἀποσϐεσθείσης
3130 657 3146 673 ⁰
3178 641 3524 712 ἐλεημοσύνη
3556 641 3670 711 γὰρ
3701 641 3805 693 αύ-

2198 736 2328 797 τοὺς
2353 738 2525 790 ἐλεεῖν
2554 736 2769 804 πέφυκε
2804 734 3055 805 πρώτους
3081 775 3095 799 ,
3135 735 3231 787 καὶ
3264 732 3520 803 μεγάλων
3550 732 3799 800 ἐξαιρεῖ-

2202 824 2327 877 σθαι
2357 823 2543 877 κακῶν
2573 826 2699 887 τοὺς
2722 826 2925 893 εαυτῆς
2947 822 3211 892 ἐργάτας,
3234 819 3399 874 αὑτὸν
3424 821 3637 873 ἐκεῖνον
3658 822 3797 889 ὁμο-

2196 911 2463 980 λογοῦντα
2480 911 2719 982 Χριστὸν
2743 911 2967 982 ἔχουσα,
2995 911 3088 963 καὶ
3120 911 3200 972 είς
3223 909 3418 962 ἑαυτὸν
3454 907 3800 976 ἀναδεχόμε-

2200 1016 2329 1059 νον,
2374 1002 2465 1053 τὸν
2502 1002 2583 1061 εἰς
2632 999 2761 1058 τοὺς
2810 1002 3051 1069 πένητας
3105 997 3273 1050 ἔλεον.
3328 998 3458 1066 Ἐφ’
3485 996 3643 1049 ὅσον
3682 997 3801 1065 γὰρ

2199 1086 2552 1157 ἐποιήσατε,
2576 1089 2765 1157 φησιν,
2780 1087 2871 1140 ἐνί
2889 1087 3120 1141 τούτων
3141 1084 3647 1165 τὼν-ἐλαχίστων,
3659 1083 3796 1151 ἐμοὶ

2198 1175 2527 1242 ἐποιήσατε
2549 1193 2563 1207 ο
2616 1176 2807 1246 ὥσπερ
2850 1176 2880 1228 6
2926 1175 3002 1245 μὴ
3028 1176 3118 1227 τὸν
3148 1174 3378 1242 ἀδελφὸν
3406 1173 3576 1226 ἐλεῶν
3602 1174 3795 1234 πάλιν,

2199 1264 2295 1317 τὸν
2321 1266 2445 1318 Υἱὸν
2469 1263 2564 1318 τοῦ
2593 1265 2729 1319 Θεοῦ
2763 1264 2950 1333 σαφῶς
2975 1264 3230 1334 ἡρνηται,
3258 1262 3462 1332 τρόπον
3498 1262 3625 1315 τινὰ
3647 1262 3799 1315 κατά

2199 1354 2326 1416 τοὺς
2352 1352 2745 1415 Σαδδουκαίους
2774 1354 2839 1423 τῇ
2867 1350 3163 1405 ἀναστάσει
3192 1342 3287 1402 καί
3312 1350 3476 1413 αὐτὸς
3514 1350 3796 1413 ἀπιστῶν,

2200 1443 2296 1492 καὶ
2323 1441 2458 1510 πρὸς
2486 1440 2587 1502 τὰς
2636 1438 2845 1493 ἐκεῖθεν
2871 1438 2933 1492 ού
2961 1437 3270 1490 διαϐλέπων
3298 1437 3543 1500 ἐλπίδας.
3573 1439 3666 1509 Μὴ
3699 1438 3796 1491 οὖν

2202 1530 2581 1599 προτιμήσητε
2608 1528 2707 1598 τῆς
2739 1526 2833 1580 τοῦ
2878 1525 3110 1593 ἀδελφοῦ
3141 1525 3329 1596 χρείας
3356 1525 3449 1576 τὸν
3475 1525 3795 1595 ἑγκρυπτό-

2205 1634 2369 1687 μενον
2418 1618 2532 1679 τοῖς
2583 1619 2831 1686 χρήμασι
2864 1614 3124 1682 δαίμονα,
3159 1614 3218 1677 ὃς
3255 1614 3348 1666 καὶ
3379 1614 3529 1685 αὐτῷ
3561 1615 3796 1684 Χριστῷ

2200 1705 2507 1773 τετόλμηκε
2539 1703 2869 1774 προσϐαλεῖν
2891 1742 2906 1766 ,
2934 1702 3173 1773 εἰρηκώς
3194 1715 3210 1731 ο
3251 1701 3444 1756 Ταῦτα
3464 1702 3663 1757 πάντα
3686 1719 3795 1757 σοι

2132 1816 2174 1871 Β
2201 1788 2395 1856 δώσω,
2417 1793 2525 1846 ἑαν
2544 1791 2750 1845 πεσὼν
2762 1790 3202 1859 προσκυνήσῃς
3209 1808 3313 1859 μοι
3331 1806 3345 1822 ⁶
3368 1792 3443 1861 μὴ
3460 1793 3526 1860 τῇ
3546 1795 3792 1860 κοσμικῇ

2203 1879 2479 1947 φαντασίᾳ
2507 1877 2597 1928 τὸν
2620 1874 2720 1947 τὴν
2754 1875 3033 1943 πτωχείαν
3064 1874 3157 1925 τοῦ
3197 1875 3429 1943 πένητος
3470 1874 3796 1943 ὑπερχόμεο

2205 1983 2316 2031 νον,
2345 1966 2439 2018 καὶ
2475 1964 2550 2036 μὴ
2574 1965 2765 2033 ἔχοντα
2791 1962 2895 2015 ποῦ
2926 1962 3023 2033 τὴν
3051 1961 3295 2031 κεφαλὴν
3317 1961 3519 2025 κλῖναι,
3546 1962 3792 2031 Χριστὸν

2203 2055 2532 2125 ἀτιμάσητε,
2564 2048 2623 2104 οὗ
2663 2052 2803 2103 εἰσιν
2832 2052 2881 2102 οἱ
2910 2050 3132 2118 οὐρανοὶ
3165 2050 3257 2101 καὶ
3292 2050 3325 2119 ή
3359 2048 3454 2117 γῆ.
3504 2051 3663 2103 Ἐπεὶ
3693 2051 3794 2102 καὶ

2215 2142 2467 2212 Ἀϐραὰμ
2513 2140 2727 2205 ξενίσας
2764 2134 2871 2191 οἶδε
2911 2138 3044 2189 Θεὸν
3100 2139 3197 2191 σὺν
3250 2137 3507 2205 ἀγγέλοις
3542 2137 3694 2190 δυσὶν
3732 2138 3794 2189 ἐν

2201 2231 2483 2301 ὁδοιπόρου
2506 2230 2746 2300 σχήματι
2768 2244 2781 2259 ο
2803 2227 3003 2296 ὁμοίως
3024 2227 3080 2278 δὲ
3106 2228 3202 2279 καὶ
3219 2227 3341 2279 Λὼτ
3362 2226 3629 2294 ἀγγέλους
3652 2228 3793 2279 ὐπο-

2201 2320 2517 2390 δεξάμενος.
2563 2315 2726 2369 Ἀλλὰ
2749 2318 2846 2369 καὶ
2870 2318 2927 2369 ἐν
2959 2315 3198 2386 πλουσίῳ
3222 2316 3316 2368 καὶ
3349 2316 3546 2385 πένητι
3569 2315 3793 2384 ζητεῖτε

2201 2403 2361 2468 Θεὸν,
2381 2402 2621 2472 πένητας
2647 2399 2748 2470 μὲν
2771 2399 2844 2465 ὡς
2881 2399 3194 2462 πλουσίους,
3223 2400 3516 2462 πλουσίους
3544 2400 3601 2452 δὲ
3625 2400 3791 2453 πάλιν

2201 2492 2278 2555 ὡς
2313 2493 2550 2564 πένητας
2573 2490 2936 2560 λογιζόμενοι,
2970 2487 3136 2550 πόδας
3162 2504 3220 2540 τε
3256 2487 3437 2540 αὐτῶν
3470 2488 3590 2557 μετ’
3621 2489 3789 2558 εὐχα-

2206 2582 2417 2650 ριστίας
2446 2580 2582 2633 Θεοῦ
2615 2582 2707 2632 καὶ
2730 2579 2956 2649 ἀγάπης
2993 2579 3051 2629 ὲν
3091 2575 3331 2630 διαθέσει
3360 2576 3540 2646 ψυχῆς
3565 2577 3785 2630 νίπτον-

2201 2686 2313 2736 τες,
2345 2672 2441 2724 καὶ
2468 2670 2668 2739 ἱλαρῶς
2701 2669 2885 2732 αὐτοῖς
2904 2672 2969 2722 ὲκ
2995 2669 3103 2723 τῶν
3125 2668 3296 2721 ὄντων
3318 2666 3685 2740 ἐπαρκοῦντες
3710 2669 3784 2723 τὰ

2203 2758 2339 2828 πρὸς
2370 2758 2467 2829 τὴν
2495 2757 2707 2832 χρείαν,
2733 2754 2808 2821 ὡς
2839 2758 2937 2810 ἕνα
2969 2774 3028 2811 τε
3057 2760 3182 2821 τοὺς
3212 2758 3421 2820 πάντας
3454 2757 3713 2827 ὁρῶντες,
3745 2757 3783 2827 ἢ

2202 2849 2299 2901 καὶ
2355 2847 2594 2917 Χριστὸν
2648 2848 2707 2899 ὲν
2762 2848 2948 2909 αὐτοῖς
3003 2845 3205 2916 μᾶλλον
3254 2846 3387 2918 ὁρᾷν
3441 2846 3787 2916 νομίζοντες.

2204 2934 2444 2999 Πλοῦτος
2470 2937 2748 3006 μοναχοῐς,
2773 2935 2995 3004 ἀδελφοὶ
3023 2935 3117 2988 καὶ
3143 2935 3405 3007 ΙΙατέρες,
3440 2936 3473 3006 ὴ
3504 2936 3747 3005 ἀκτησία
3766 2946 3785 2964 ⁸

2206 3024 2256 3074 εἰ
2283 3022 2344 3075 δὲ
2366 3022 2631 3091 κέκτηταί
2656 3039 2761 3086 τις,
2795 3022 2872 3093 μὴ
2911 3021 3090 3093 ἑαυτῷ
3116 3022 3340 3093 μᾶλλον,
3365 3022 3504 3078 ἀλλά
3534 3022 3612 3095 τῷ
3640 3022 3787 3097 πλη-

524 3108 748 3172 dabitis,
775 3110 820 3164 si
841 3109 1205 3164 consideretis
1232 3110 1286 3163 in
1313 3125 1559 3179 paupere
1590 3111 1821 3166 divitem
1843 3119 2107 3167 etcontra

2210 3108 2321 3165 σίον
2349 3108 2663 3180 κεκτήσθω.

528 3202 584 3254 in
609 3201 777 3257 divite
808 3216 1140 3272 pauperem;
1176 3201 1222 3257 si
1245 3200 1415 3270 pedes
1446 3216 1641 3257 eorum
1669 3202 1867 3258 lavetis
1891 3218 2020 3259 cum
2066 3202 2369 3274 gratiarum
2398 3202 2616 3257 actione
2652 3207 2712 3255 et
2731 3199 2999 3257 charitate
3022 3199 3079 3256 in
3119 3197 3566 3255 testificationem
3596 3196 3796 3260 animi.

528 3296 573 3351 si
618 3296 985 3367 suppeditetis
1010 3295 1263 3351 hilariter
1282 3294 1353 3351 de
1378 3294 1738 3352 facultatibus
1766 3298 1969 3353 vestris
1994 3297 2263 3368 quidquid
2295 3311 2487 3353 eorum
2520 3310 2654 3350 usus
2672 3294 2943 3366 deposcit.
2985 3296 3030 3350 si
3063 3292 3302 3363 denique
3328 3291 3619 3347 universos
3645 3291 3801 3345 velut

527 3407 699 3445 unum
736 3389 1085 3451 intueamini;
1101 3396 1198 3445 aut
1228 3391 1411 3461 potius
1440 3390 1722 3448 Christum
1752 3392 1806 3447 in
1833 3394 2093 3448 omnibus
2117 3409 2213 3449 vos
2234 3408 2483 3457 eernere,
2512 3391 2859 3447 existimetis.
2896 3388 3110 3447 Divitiae
3139 3386 3558 3453 monachorum,
3605 3382 3802 3443 Patres

528 3485 864 3556 fratresque,
898 3484 1035 3539 nihil
1069 3484 1397 3555 possidere:
1442 3486 1488 3541 si
1530 3486 1659 3557 quis
1704 3495 1885 3543 tamen
1931 3488 2000 3545 iis
2032 3487 2299 3553 abundet,
2333 3504 2444 3543 non
2485 3487 2591 3542 sibi
2625 3486 2809 3557 potius
2834 3486 3080 3541 abundet
3122 3496 3287 3555 quam
3313 3482 3583 3554 proximo.

596 3576 687 3632 33.
719 3575 800 3631 Eo
827 3574 1229 3630 eonnitendum
1282 3576 1576 3643 monacho,
1614 3584 1678 3632 ut
1715 3585 1830 3633 tum
1880 3592 2114 3647 corpore

531 3674 649 3721 tum
676 3666 864 3720 animo
896 3666 1191 3721 continens
1212 3667 1304 3723 sit.
1332 3666 1389 3722 Si
1430 3684 1597 3738 quem
1627 3676 1875 3724 vestrum
1911 3669 2115 3725 lasciva

530 3755 794 3826 cogitatio
843 3754 1106 3816 incessat,
1134 3755 1357 3821 fratres,
1396 3756 1452 3810 in
1499 3756 1779 3812 anxietate
1806 3757 2039 3828 spiritus
2060 3764 2117 3811 et

533 3845 958 3915 compunctione
981 3845 1167 3901 cordis
1203 3845 1531 3917 confugiens
1561 3846 1628 3900 ad
1661 3847 1856 3908 Deum,
1882 3846 1959 3901 ita
1988 3860 2113 3901 cum

534 3938 791 4009 lacrymis
812 3939 1015 3993 clamet
1041 3953 1056 3992 :
1086 3938 1317 3993 Domine
1341 3939 1470 3995 Jesu
1506 3926 1746 4004 Christe,
1776 3948 1834 3993 tu
1876 3938 1971 4008 qui
2016 3938 2118 3992 mi-

533 4029 772 4083 sericors
805 4038 861 4083 et
886 4029 1181 4083 miserator
1209 4029 1375 4093 Deus,
1409 4029 1503 4099 qui
1528 4029 1697 4083 totius
1724 4029 2117 4084 consolationis

533 4120 820 4185 Dominus,
869 4128 926 4175 tu
960 4121 1054 4191 qui
1086 4122 1241 4175 fuisti
1296 4136 1535 4191 semper,
1581 4121 1911 4190 futurusque
1952 4135 2013 4176 es
2061 4121 2116 4174 in

535 4218 827 4276 :eternum,
862 4221 919 4268 tu
965 4214 1060 4283 qui
1112 4213 1528 4269 amantissimus
1561 4213 1734 4267 nostri
1786 4213 1970 4275 Pater,
2021 4212 2116 4282 qui

533 4301 876 4358 confidentes
906 4304 961 4356 in
984 4313 1036 4358 te
1061 4319 1174 4358 non
1204 4304 1413 4374 pateris
1433 4303 1732 4369 confundi;
1758 4313 1840 4369 tu,
1871 4303 2115 4373 inquam,

532 4392 690 4463 eripe
743 4408 831 4448 me
875 4408 942 4448 ex
982 4402 1254 4464 potestate
1304 4396 1573 4461 hostium,
1614 4410 1876 4450 succurre
1922 4395 2119 4451 animae

535 4500 691 4547 mete,
724 4485 937 4540 salvum
976 4500 1063 4541 me
1119 4486 1207 4541 fac
1260 4487 1316 4540 in
1351 4486 1733 4542 misericordia
1761 4496 1875 4553 tua,
1912 4496 1968 4542 tu
2022 4486 2117 4554 qui

532 4578 831 4632 exsultatio
853 4594 973 4633 mea
1000 4593 1079 4634 es.
1126 4578 1325 4635 Libera
1352 4594 1439 4634 me
1458 4580 1527 4634 ab
1556 4579 1773 4634 insidiis
1796 4594 1989 4635 eorum
2022 4582 2117 4651 qui

534 4666 1025 4723 circumdederunt
1052 4683 1138 4724 me
1161 4687 1175 4723 :
1202 4678 1258 4724 tu
1282 4671 1489 4741 quippe
1513 4670 1682 4734 nosti,
1708 4670 1801 4740 qui
1829 4672 1978 4727 solus
2000 4687 2118 4728 om-

538 4757 628 4812 nia
652 4757 823 4824 nosti,
847 4766 904 4814 et
927 4774 1093 4828 quem
1124 4776 1193 4817 ne
1222 4761 1548 4817 abscondita
1577 4760 1802 4832 quidem
1826 4762 2013 4818 cordis
2040 4762 2122 4817 la-

2288 3576 2391 3646 λγ’.
2425 3577 2628 3645 Ἔργον
2678 3573 2937 3646 μοναχοῦ,
2980 3574 3303 3645 σωφροσύνη
3358 3571 3629 3644 σώματος,
3660 3574 3801 3629 ἀλλὰ

2220 3669 2503 3740 καὶψυχῆς
2524 3685 2539 3700 ο
2564 3670 2613 3722 εί
2640 3670 2697 3723 δέ
2714 3664 2836 3723 τινα
2861 3667 3039 3735 ὑμῶν,
3072 3662 3314 3736 ἀδελφοὶ,
3339 3666 3597 3736 λογισμὸς
3630 3667 3804 3733 ἀκαθ-

2219 3759 2416 3831 αρσίας
2447 3759 2690 3833 εἰσέλθῃ,
2720 3760 2777 3812 ὲν
2822 3761 3019 3830 συνοχῇ
3083 3757 3392 3827 πνεύματος
3434 3758 3529 3810 καὶ
3569 3758 3801 3828 καρδίας

2216 3851 2502 3923 ὀλολυγμῷ
2543 3852 2680 3923 πρὸς
2703 3851 2837 3904 Θεὸν
2871 3850 3008 3921 μετὰ
3054 3849 3309 3917 δακρύων
3351 3851 3534 3902 ἐκεῖνα
3580 3848 3798 3918 βοᾶτω·

2217 3944 2465 3998 Δέσποτα
2494 3936 2719 4013 Χριστέ,
2763 3943 2792 3995 6
2845 3941 2956 3994 τῶν
3003 3939 3305 4010 οἰκτιρμῶν
3347 3940 3444 3993 καὶ
3479 3940 3573 3992 τοῦ
3611 3940 3801 4003 ἐλέους

2218 4036 2374 4101 Θεὸς,
2416 4037 2445 4089 ὁ
2484 4037 2662 4107 πάσης
2707 4031 3103 4111 παρακλήσεως
3144 4030 3367 4103 Κύριος,
3402 4031 3430 4085 6
3468 4031 3553 4084 ἀεὶ
3598 4030 3675 4085 ὢν
3703 4035 3800 4084 καὶ

2219 4125 2488 4195 διαμένων
2516 4126 2596 4187 είς
2630 4124 2758 4187 τοὺς
2792 4124 3013 4187 αἰῶνας,
3055 4124 3083 4175 6
3112 4122 3265 4191 μόνος
3304 4120 3658 4191 φιλόστοργος
3691 4120 3801 4173 Πα-

2219 4216 2345 4287 τὴρ,
2368 4218 2395 4269 6
2420 4219 2545 4279 τοὺς
2575 4217 2666 4268 ἐπὶ
2698 4215 2781 4268 σοὶ
2813 4215 3140 4276 πεποιθότας
3173 4211 3250 4283 μὴ
3279 4209 3677 4281 καταισχύνων,
3703 4209 3795 4281 ῥῦ-

2224 4308 2315 4362 σαί
2340 4327 2407 4378 με
2444 4312 2508 4362 ἐκ
2532 4308 2714 4382 χειρὸς
2742 4307 2953 4380 ἐχθρῶν
2982 4325 3106 4378 μου,
3138 4306 3375 4378 πρόσχες
3401 4308 3467 4377 τῇ
3493 4305 3637 4376 ψυχῇ
3675 4322 3799 4375 μου,

2222 4398 2394 4455 σῶσόν
2433 4417 2501 4470 με
2537 4402 2595 4453 ἐν
2618 4400 2695 4471 τῷ
2726 4399 2865 4453 ἐλέει
2887 4416 2981 4452 σου
3011 4399 3072 4452 τὸ
3092 4397 3407 4468 ἀγαλλίαμά
3444 4414 3566 4466 μου,
3597 4396 3787 4469 λύτρω

2222 4493 2310 4545 σαί
2363 4509 2431 4561 με
2476 4492 2584 4544 ἀπὸ
2624 4492 2732 4544 τῶν
2779 4490 3177 4545 κυκλωσάντων
3214 4475 3313 4560 με·
3350 4490 3415 4543 σὺ
3440 4490 3550 4560 γὰρ
3579 4485 3801 4553 οἶδας,δ

2223 4583 2381 4653 μόνος
2411 4583 2589 4637 πάντα
2622 4580 2801 4645 εἰδὼς,
2832 4582 2891 4636 ὃν
2918 4581 3074 4635 οὐδὲν
3134 4580 3251 4638 οὐδὲ
3302 4577 3412 4632 τῶν
3444 4578 3542 4651 τῆς
3575 4581 3801 4651 καρδίας

2219 4668 2468 4739 κρυφίων
2508 4668 2693 4723 λαθεῖν
2739 4669 2986 4734 δύναται,
3026 4667 3102 4731 ὡς
3146 4668 3246 4719 οὐκ
3295 4668 3435 4737 ἐμῆς
3479 4670 3587 4722 είσι
3624 4669 3797 4724 ταῦτα

2219 4756 2449 4829 γνώμης
2480 4757 2767 4829 γεώργιον,
2800 4758 2937 4813 ἀλλὰ
2969 4758 3113 4812 κατὰ
3140 4758 3272 4812 πολύ
3308 4775 3400 4828 μοι
3435 4759 3498 4812 τὸ
3541 4760 3799 4813 ἀκούσιον

538 4860 655 4905 tere
685 4860 939 4921 possunt.
968 4861 1049 4917 tu,
1081 4852 1329 4925 inquam,
1356 4855 1529 4917 nosti,
1562 4855 1874 4911 istiusmodi
1902 4855 2107 4926 impura

2224 4849 2461 4918 ἐπεφύη.
2485 4850 2771 4920 Μνήσθητι
2798 4850 2880 4903 δτι
2930 4847 3060 4920 χοῦς
3097 4850 3232 4920 είμι,
3272 4849 3367 4902 καὶ
3398 4848 3474 4919 μὴ
3517 4850 3597 4913 εἰς
3634 4853 3802 4905 κατά·

536 4941 791 5011 eogitata,
821 4959 930 4999 non
963 4960 994 4999 a
1022 4960 1110 5001 me
1143 4945 1430 5008 accersita.
1461 4945 1556 5001 sed
1587 4946 1819 5001 invitum
1850 4948 2117 5001 multum-

537 5047 647 5101 que
692 5034 1060 5091 reluctantem
1117 5038 1366 5092 animum
1390 5038 1651 5094 subiisse.
1684 5038 1961 5094 Memento
1987 5038 2116 5108 quia

538 5121 721 5190 pulvis
744 5139 887 5188 sum,
916 5140 1041 5189 nec,
1088 5141 1299 5195 quaeso,
1342 5127 1396 5181 in
1426 5126 1941 5183 condemnationem
1982 5128 2115 5181 mihi

539 5210 631 5267 illa
651 5213 870 5269 cedant.
889 5214 1143 5281 Domine,
1158 5217 1409 5283 Domine,
1424 5218 1600 5273 virtus
1618 5218 1812 5273 salutis
1833 5234 1987 5282 mete,
2012 5219 2116 5274 sub

539 5303 735 5359 umbra
770 5312 860 5359 tua
892 5313 1119 5377 protege
1159 5323 1246 5363 me
1278 5308 1334 5362 in
1365 5309 1455 5363 die
1488 5309 1642 5364 belli.
1705 5309 1781 5364 Ne
1816 5310 2120 5365 tradideris

533 5410 647 5456 me,
680 5394 934 5459 Domine,
957 5411 989 5451 a
1018 5399 1481 5470 concupiscentiis
1504 5402 1642 5455 meis
1664 5401 1939 5471 peccotori
1972 5418 1988 5456 :
2014 5403 2119 5456 mi-

537 5500 723 5539 serere
746 5486 876 5552 mei,
900 5487 1067 5554 Deus,
1096 5489 1361 5546 miserere
1391 5492 1522 5556 mei,
1544 5491 1805 5561 quoniam
1834 5492 1888 5545 in
1912 5500 2117 5547 tecon-

541 5576 663 5631 tidit
695 5578 877 5634 anima
904 5595 1048 5646 mea,
1073 5591 1129 5637 et
1154 5581 1259 5637 sub
1282 5582 1475 5637 umbra
1505 5584 1717 5638 alarum
1743 5593 1959 5639 tuarum
1990 5598 2118 5654 spe-

543 5668 679 5723 rabo
702 5688 719 5721 :
753 5669 897 5724 Deus
920 5688 1097 5738 meus,
1125 5689 1193 5727 ne
1221 5673 1381 5743 longe
1414 5674 1642 5730 recedas
1668 5691 1697 5729 a
1723 5691 1811 5730 me
1842 5693 1853 5727 :
1880 5675 2027 5730 Deus
2058 5674 2112 5727 in

610 5779 851 5834 ‘Matth.
889 5797 1009 5850 xxv,
1063 5784 1155 5841 40.
1229 5786 1251 5817 ⁷
1302 5785 1493 5840 Matth.
1541 5803 1614 5853 ιγ,
1649 5789 1702 5844 9.

2225 4954 2399 5009 κριμα
2456 4938 2761 5007 λογισθήτω
2802 4955 2911 5009 μοι.
2971 4936 3165 5008 Κύριε,
3210 4936 3402 5007 Κύριε,
3431 4937 3662 5007 δύναμις
3702 4939 3802 5009 τῆς

2226 5028 2500 5100 σωτηρίας
2533 5045 2660 5099 μου,
2688 5028 3009 5083 ἐπισκίασον
3044 5028 3141 5082 ἐπὶ
3176 5028 3282 5099 τὴν
3319 5027 3568 5099 κεφαλήν
3606 5045 3710 5098 μου
3745 5031 3801 5081 ἒν

2225 5120 2409 5192 ἡμέρα
2436 5119 2712 5190 πολέμουν
2743 5119 2818 5192 μὴ
2852 5119 3110 5191 παραδῷς
3167 5137 3255 5189 με,
3313 5120 3508 5188 Κύριε,
3554 5118 3665 5172 ἀπὸ
3703 5118 3803 5189 τῆς

2224 5211 2519 5284 ἐπιθυμίας
2544 5229 2647 5283 μου
2676 5212 2985 5284 ἀμαρτωλῷ
3005 5228 3018 5242 ⁸
3038 5211 3261 5283 ἐλέησόν
3290 5228 3379 5283 με,
3404 5213 3433 5265 6
3461 5210 3617 5275 Θεὸς,
3650 5209 3800 5279 ἐλέη-

2228 5305 2319 5358 σόν
2351 5322 2440 5375 με,
2472 5306 2555 5359 ὅτι
2588 5306 2789 5360 ὲπὶίσοὶ
2823 5305 3082 5359 πέποιθεν
3113 5306 3146 5375 ἡ
3179 5304 3324 5375 ψυχή
3370 5321 3495 5374 μου,
3530 5304 3627 5357 καὶ
3652 5304 3799 5373 ὲντῇ

2228 5397 2358 5468 σκιᾷ
2385 5396 2495 5449 τῶν
2524 5398 2810 5469 πτερύγων
2852 5414 2947 5450 σου
2976 5396 3150 5449 ὲλπιῶ
3170 5412 3185 5426 ·
3215 5398 3245 5449 6
3265 5396 3395 5458 Θεός
3426 5411 3550 5464 μου,
3586 5394 3663 5466 μὴ
3698 5409 3801 5465 μσ-

2227 5488 2432 5560 κρύνῃς
2465 5489 2559 5543 ἀπ’
2590 5491 2747 5559 ἐμοῦ,
2788 5491 2817 5543 6
2844 5488 2979 5552 Θεός
3012 5504 3134 5558 μου,
3167 5489 3248 5550 εις
3272 5488 3373 5554 τὴν
3414 5485 3672 5557 βοήθειάν
3700 5502 3800 5556 μου

2225 5581 2493 5651 πρόσχες’
2565 5580 2758 5651 βοηθός
2835 5597 2937 5652 μου
2964 5579 3058 5635 καὶ
3087 5579 3289 5651 ῥύστης
3316 5595 3418 5651 μου
3440 5575 3488 5632 sl
3514 5578 3603 5646 σὺ,
3622 5578 3653 5631 6
3671 5576 3805 5643 Θεὸς

2231 5689 2357 5742 μου,
2389 5671 2463 5743 μὴ
2491 5675 2764 5746 χρονίσῃς.
