3980 6296
189 299 329 366 3011

191 526 223 566 a
279 527 386 567 me.

1227 301 1400 359 \‘l‘l‘A
1442 300 1484 355 Λ
1529 294 1961 356 ΝίἘΕΡΙ-ΙΟΗΟ
1997 292 2475 356 CONSCRIPTA.

193 414 532 488 adiutorium
572 426 764 469 meum
834 412 1084 479 intende,
1128 412 1328 483 adiuva
1377 425 1484 473 me,
1535 410 1800 478 quoniam
1840 407 2101 464 liberator
2138 420 2299 462 meus
2343 420 2404 461 es
2457 415 2513 459 tu
2552 420 2565 456 :

3230 280 3241 307 ”
3289 285 3427 353 3018

2620 403 2765 458 Deus
2820 417 2996 468 meus,
3038 418 3107 458 ne
3157 402 3430 476 elongeris

176 651 187 659 .
268 603 361 656 λδ’.
395 601 578 655 Ταῦτα
633 602 663 655 ό
723 603 987 671 ῥυπαραῖς
1038 601 1317 669 λογισμοῖς
1365 597 1765 667 πολεμούμενος

1936 590 2023 650 34.
2058 596 2136 648 Ita
2176 594 2246 647 ad
2280 594 2450 647 Deum
2475 604 2590 653 ora,
2635 587 2884 659 quisquis
2916 585 3147 655 impuris
3167 586 3432 643 sordidis.

197 691 500 762 προσεύχου
536 691 684 762 Θεῷο
729 690 846 745 εἶτα
897 692 1050 761 ρίψον
1089 692 1189 761 τὴν
1232 692 1436 745 οἰκείαν
1482 691 1763 745 ἀσθένειαν

199 782 430 836 ἐνώπιον
482 782 581 851 τῆς
632 781 797 834 αὐτοῦ
835 780 1190 851 ἀγαθότητος,
1224 782 1320 834 καὶ
1363 779 1524 842 αὐτὸς
1558 782 1621 832 ἐν
1651 780 1766 840 τοῖς

201 870 557 941 μεταφρένοις
602 869 767 923 αὐτοῦ
822 869 1027 931 εὐθέως
1079 870 1389 923 ἐπισκιάσει
1435 883 1538 921 σοι.
1604 866 1767 920 Ἀπο-

203 959 500 1028 στρέφεσθε
530 958 729 1021 τοίνυν,
753 956 1131 1027 ἀδελφοὶ,τοὺς
1159 957 1437 1027 ῥυπαροὺς
1453 955 1766 1023 λογισμοὺς,

199 1049 291 1112 οὓς
341 1051 511 1101 τίκτει
556 1048 616 1100 τὸ
675 1034 949 1117 πλήρωμα
992 1046 1089 1113 τῆς
1126 1046 1401 1115 γαστρόςο
1442 1044 1663 1096 διώκετε
1711 1044 1769 1096 δὲ

203 1139 402 1207 μᾶλλον
430 1138 529 1207 τὴν
548 1138 772 1208 εἰρήνην
801 1136 899 1189 καὶ
930 1136 1020 1190 τὸν
1043 1135 1333 1204 ἁγιασμδν,
1365 1128 1438 1186 ὧν
1472 1133 1646 1205 ,χωρὶς
1673 1134 1765 1186 οὐ·

197 1226 306 1288 δεὶς
326 1226 514 1295 ὄψεται
546 1226 770 1297 Κύριον,
816 1225 876 1287 ὃς
904 1225 1023 1278 οὐδὲ
1051 1225 1149 1288 τὰς
1176 1224 1268 1277 τοῦ
1294 1222 1487 1294 ἐχθροῦ
1522 1222 1770 1292 μηχανὰς

197 1315 513 1384 ἀπέκρυψεν
537 1316 628 1383 ἀφ’
656 1315 811 1385 ἡμῶν
829 1331 845 1346 ·
872 1313 995 1366 οὐδὲ
1030 1313 1138 1384 γὰρ
1162 1312 1349 1376 αὑτοῦ,
1377 1311 1531 1382 φησὶ,
1554 1308 1624 1364 τὰ
1649 1312 1773 1380 νοή-

200 1423 348 1475 ματα
382 1403 702 1474 ἀγνοοῦμεν.
730 1390 883 1457 "ANV
917 1405 1011 1458 ἐάν
1065 1421 1149 1467 τις
1206 1403 1359 1474 ὑμῶν
1415 1403 1551 1471 πρὸς
1593 1400 1772 1474 ὄρεξιν

201 1494 510 1566 βρωμάτων
557 1486 943 1565 διερεθίζηται,
989 1493 1178 1546 νοείτω
1228 1494 1312 1556 τίς
1355 1493 1383 1546 ὁ
1435 1492 1630 1557 ξαίνων
1676 1492 1773 1562 τὴν

197 1587 379 1655 ὄρεξιν
402 1604 415 1617 °
446 1586 543 1640 ἐάν
572 1603 654 1650 τις
687 1586 791 1638 ὑπὸ
828 1584 1092 1656 σαρκικοῦ
1123 1584 1358 1654 πολέμου
1386 1583 1773 1655 διαθερμαίνη-

200 1694 312 1744 ται,
346 1679 750 1745 ἐπιγινωσκέτω
793 1676 875 1739 τίς
925 1678 954 1729 ό
1000 1677 1060 1728 τὸ
1089 1675 1201 1745 πῦρ
1247 1675 1522 1735 ἀνάπτων,
1560 1676 1654 1727 καὶ
1677 1674 1774 1740 τῆς

198 1771 282 1832 είς
311 1767 372 1820 τὸ
403 1768 568 1820 κακὸν
590 1766 845 1836 ἀφορμῆς
866 1767 1106 1835 ἐκκοπὴν
1134 1767 1434 1819 ἐπινοείτω.
1461 1765 1631 1834 Στῆτε
1660 1781 1775 1818 τοιο

202 1860 407 1932 γαροῦν
450 1858 523 1921 ὼς
553 1857 787 1927 ἀθληταὶ
820 1860 1075 1926 γενναῖοι,
1119 1857 1500 1928 ἀνακρίνοντες
1548 1858 1776 1920 ἑαυτοὺς

1869 701 1978 756 que
2026 682 2455 755 cogitationibus
2505 679 2810 743 infestaris;
2868 675 3070 732 deinde
3131 685 3434 744 prostratus

1869 780 2006 832 ante'
2026 775 2268 831 divinam
2303 774 2449 828 illam
2494 772 2820 834 bonitatem,
2867 762 3244 823 inﬁrmitatem
3287 777 3434 824 tuam

1870 867 2164 931 conﬁtere;
2194 874 2250 921 et
2288 865 2404 934 ipsa
2429 863 2693 920 continuo
2723 863 2778 916 in
2810 859 3120 915 visceribus
3163 859 3280 912 suis
3309 874 3437 928 pro-
3543 904 3551 911 .

1871 965 2017 1028 teget
2047 965 2121 1011 te.
2147 955 2517 1010 Exterminate
2543 954 2709 1024 igitur
2732 969 2763 1007 e
2781 951 3061 1006 mentibus
3081 950 3301 1013 vestris,
3328 949 3445 1004 {ra-

1874 1055 2006 1110 tres,
2018 1045 2383 1116 cogitationes
2396 1054 2606 1113 turpes,
2624 1058 2760 1112 quas
2776 1040 3047 1096 abundant
3059 1040 3105 1093 ia
3120 1039 3435 1108 ventrisque

1874 1139 2100 1193 satietas
2125 1138 2265 1192 solet
2288 1152 2483 1206 parere
2507 1152 2521 1188 :
2544 1149 2734 1204 pacem
2760 1146 2893 1187 vero
2910 1140 2971 1186 et
2996 1130 3339 1185 sanctitatem
3359 1144 3444 1183 se-

1870 1227 2100 1282 ctamini
2118 1227 2323 1297 potius,
2341 1226 2461 1281 sine
2486 1225 2688 1295 quibus
2707 1238 2869 1278 nemo
2887 1221 3099 1276 videbit
3128 1219 3440 1282 Dominum,

1874 1318 1971 1389 qui
1990 1316 2423 1372 machinationes
2442 1315 2649 1370 inimici
2668 1330 2777 1369 non
2793 1313 2991 1369 celavit
3011 1324 3142 1367 nos:
3165 1326 3274 1365 non
3297 1310 3442 1365 enim

1877 1408 2194 1477 ignoramus
2208 1407 2443 1462 consilia
2467 1407 2654 1475 ipsius.
2681 1405 2736 1459 Si
2760 1406 2886 1475 quis
2911 1413 3094 1458 autem
3114 1411 3355 1456 vestrum
3376 1400 3443 1455 ad

1876 1500 2293 1554 immoderatam
2330 1500 2436 1553 cibi
2474 1500 2841 1568 appetentiam
2877 1495 3081 1552 irritari
3124 1511 3182 1551 se
3225 1495 3441 1557 sentiat,

1874 1591 2103 1664 cogitet,
2131 1591 2258 1662 quis
2279 1591 2427 1646 illam
2458 1590 2659 1645 excitet
2694 1588 2773 1643 :si
2798 1588 2922 1658 quis
2949 1603 2977 1642 a
3009 1585 3213 1643 carnali
3249 1600 3447 1640 concu-

1882 1682 2151 1752 piscentia
2183 1682 2499 1743 incalescat,
2535 1679 2755 1749 indaget
2777 1678 2900 1747 quis
2922 1678 3102 1747 ignem
3138 1675 3291 1729 illum
3321 1689 3446 1728 suc-

1880 1773 2112 1839 cendat;
2149 1772 2558 1840 constituatque
2589 1769 2730 1839 apud
2762 1784 2821 1823 se
2872 1768 3002 1822 mali
3036 1767 3365 1837 principium
3388 1781 3450 1818 ac

1880 1863 2121 1917 radicem
2170 1862 2391 1932 penitus
2451 1861 2707 1915 evellere.
2772 1858 2921 1913 State
2945 1858 3131 1927 igitur,
3191 1866 3250 1910 ut
3281 1870 3449 1926 gene-

200 1952 293 2005 διὰ
323 1950 540 2014 παντὸς,
573 1949 809 2017 ἀδελφοὶ,
847 1950 942 2004 καὶ
978 1952 1257 2020 οἰχήσεται
1296 1949 1388 2013 ἀφ’
1416 1950 1569 2019 ὑμῶν
1616 1953 1650 2018 ἡ
1679 1950 1776 2018 τῆς

1891 1968 2041 2009 rosos
2072 1954 2285 2023 pugiles
2338 1953 2517 2015 decet,
2536 1950 2904 2020 dijudicantes
2932 1946 3312 2016 vosmetipsos,
3342 1946 3449 1999 fra-

204 2044 479 2114 ἀμαρτίας
505 2042 755 2111 ἐνέργεια
779 2057 792 2072 ⁸
817 2042 874 2093 ἐν
896 2040 1105 2103 τούτοις
1127 2040 1214 2094 ἀεὶ
1238 2040 1590 2109 μελετῶντες,
1612 2039 1781 2094 ταῦτα

202 2136 330 2191 καθ’
352 2137 577 2198 ἑαυτοὺς
608 2133 969 2201 ἐξετάζοντες,
999 2133 1232 2189 sivesive
1259 2131 1334 2203 τῷ
1362 2132 1550 2201 οἰκείῳ
1579 2133 1777 2185 Δεσπό-

201 2245 274 2299 τῃ
296 2242 309 2257 ο
350 2228 434 2280 ἵνα
465 2228 560 2281 καὶ
597 2228 629 2297 ἡ
654 2229 905 2299 προκοπὴ
937 2226 1090 2298 ὑμῶν
1192 2223 1421 2297 φανερὰ,
1450 2224 1546 2278 τοῦ
1583 2225 1642 2277 ἐν
1666 2225 1782 2276 Κυ-

206 2319 311 2387 ρίῳ
357 2318 664 2387 καυχᾶσθαι
716 2318 856 2372 κατὰ
904 2319 966 2371 τὸ
1008 2318 1413 2390 γεγραμμένον,
1439 2317 1536 2371 καὶ
1581 2315 1784 2382 λέγειν,

216 2409 366 2462 Ἐὰν
407 2407 492 2477 μή
541 2426 660 2477 μου
731 2409 1249 2475 κατακυριεύσωσι
1277 2448 1293 2473 ,
1357 2408 1491 2461 τότε
1548 2405 1788 2476 ἄμωμος

206 2497 423 2566 ἔσομαι
446 2538 462 2562 ,
494 2496 592 2550 καὶ
645 2497 1162 2565 καθαρισθήσομαι
1209 2497 1327 2552 ἀπὸ
1362 2497 1655 2565 ἁμαρτίας
1683 2511 1788 2565 με·

209 2586 435 2656 τὰλης,
483 2587 583 2641 καὶ
627 2589 870 2641 ἔσονται
922 2589 1009 2652 είς
1039 2586 1323 2642 εὐδοκίαν
1352 2586 1424 2639 τὰ
1464 2585 1641 2654 λόγια
1680 2586 1790 2640 τοῦ

209 2680 516 2749 στόματός
535 2696 676 2748 μου’
696 2680 907 2734 ἔσονται
946 2680 1004 2732 δὲ
1032 2681 1153 2733 τότε
1187 2680 1405 2750 μᾶλλον,
1447 2674 1667 2749 ἀδελφοὶ
1694 2680 1797 2734 καῖ

212 2773 476 2841 Πατὲρες,
498 2773 575 2833 εἰς
594 2770 855 2832 εὐδοκίαν,
874 2772 1002 2824 ὃταν
1021 2771 1157 2841 μετὰ
1179 2770 1270 2824 τοῦ
1296 2771 1792 2841 ἀκατακυριεύτους

212 2864 359 2933 ἡμᾶς
382 2856 541 2927 εἶναι,
568 2861 647 2915 ἔτι
686 2862 754 2915 τὰ
796 2861 956 2929 λόγια
987 2861 1082 2915 τοῦ
1116 2862 1378 2933 στόματος
1413 2863 1508 2915 καὶ
1532 2862 1792 2933 δάκρυσιν

214 2949 250 3028 ᾖ
282 2953 506 3022 καρδίας
547 2952 950 3023 κατηρτνμένα.

283 3043 381 3097 λε’.
424 3042 483 3095 Ἡ
521 3042 809 3111 ψαλμῳδία
837 3041 1131 3108 κατάνυξιν
1165 3044 1338 3114 ἐχέτω
1359 3059 1373 3075 ⁸
1407 3044 1462 3097 αἱ
1508 3043 1640 3114 πρὸς
1663 3043 1795 3096 Θεὸν

214 3134 415 3202 φωναὶ,
440 3136 534 3183 καὶ
573 3131 634 3183 τὸ
662 3132 769 3183 τῶν
791 3130 990 3200 χειρῶν
1024 3131 1203 3202 ἔργον,
1228 3133 1303 3196 ὡς
1364 3135 1611 3202 ἀγγέλων
1654 3150 1797 3203 παρ’

1885 2053 2035 2112 tres;
2090 2053 2148 2100 ct
2183 2044 2320 2100 certi
2350 2054 2529 2098 estote
2581 2040 2728 2112 quod
2780 2039 2962 2095 omnis
2990 2037 3228 2092 ellicacia
3268 2046 3325 2092 et
3352 2036 3453 2090 .vis

1879 2133 2092 2204 peccati
2138 2140 2451 2188 evanescet.
2496 2131 2622 2186 Haec
2648 2139 2912 2200 perpetuo
2964 2128 3311 2193 meditantes,
3337 2127 3456 2182 lucc

1883 2224 2075 2279 sedulo
2115 2222 2258 2293 apud
2302 2222 2662 2292 vosmetipsos
2701 2218 3092 2289 expendentes,
3141 2216 3455 2272 benedicite

1884 2315 2150 2369 Domino:
2174 2322 2236 2369 ut
2266 2314 2541 2384 profectus
2558 2321 2742 2367 vester
2768 2310 3149 2364 manifestetnr
3169 2307 3455 2378 gloriando

1883 2406 1945 2460 in
1994 2406 2248 2469 Domino,
2276 2406 2428 2475 juxta
2460 2403 2606 2473 quod
2642 2402 2907 2470 scriptum
2946 2409 3053 2462 est,
3090 2407 3145 2454 et
3177 2400 3452 2454 dicendo:

1882 2496 1948 2551 Si
1990 2499 2089 2551 mei
2113 2513 2216 2550 non
2244 2496 2441 2567 fuerint
2483 2496 2756 2555 dominati,
2785 2502 2908 2546 tunc
2945 2489 3317 2546 immaculatus
3346 2508 3455 2555 ero,

1890 2597 1940 2642 et
1960 2588 2282 2643 emundabor
2305 2606 2338 2641 a
2361 2587 2546 2641 delicto
2575 2601 2783 2655 magna,
2810 2592 2861 2638 et
2886 2591 3100 2651 accepta
3127 2591 3278 2635 erunt
3303 2582 3458 2636 verba

1890 2679 1999 2731 oris
2039 2679 2140 2731 mei
2169 2676 2211 2730 ⁸.
2263 2676 2438 2731 Erunt
2487 2684 2668 2730 autem
2721 2682 2855 2727 tunc
2903 2670 3236 2740 acceptiora,
3269 2671 3460 2725 Pati-cs

1896 2771 2200 2840 fratresque
2233 2768 2361 2832 mei,
2407 2767 2573 2821 verba
2597 2765 2709 2820 oris
2741 2763 2935 2828 nostri,
2962 2762 3201 2832 quando.
3237 2762 3458 2816 invictis

1892 2862 2055 2915 nobis
2068 2859 2540 2930 permanentibus,
2578 2857 2835 2927 lacrymis
2859 2869 3078 2925 quoque
3112 2852 3298 2908 cordis
3323 2868 3460 2908 con-

1895 2951 2010 3005 dita
2047 2950 2275 3005 fuerint.

1972 3042 2062 3096 55.
2096 3042 2433 3097 Psalmorum
2473 3048 2669 3095 cantus
2699 3053 2730 3092 e
2758 3037 2926 3093 corde
2957 3043 3286 3108 compuncto
3324 3050 3461 3105 pra-

1892 3134 2090 3190 cedat:
2113 3134 2423 3187 orationum
2444 3133 2626 3203 jacula
2657 3131 2725 3185 ad
2746 3130 2915 3185 Deum
2935 3128 3193 3192 emittite,
3223 3137 3280 3183 et
3297 3141 3461 3195 opera
3565 3154 3577 3165 -

214 3222 472 3276 εστώτων
501 3222 627 3290 ὑμῖν
661 3222 983 3276 ἐκτελεῖσθαι
1004 3238 1017 3252 ’
1070 3222 1098 3274 ὁ
1129 3224 1222 3277 δύο
1261 3226 1494 3294 χιτῶνας
1526 3226 1687 3296 ἐχων,
1716 3222 1786 3293 τῷ

1900 3225 2175 3284 manualia
2200 3225 2468 3297 perficite,
2496 3237 2765 3278 memores
2785 3236 3006 3292 semper
3031 3219 3332 3291 praesentia:
3363 3233 3462 3273 an-

216 3314 293 3384 μὴ
329 3311 503 3380 ἔχοντι
549 3311 852 3378 μεταδότω·
903 3313 1187 3382 ἠνηστεία
1243 3315 1363 3368 καθ’
1409 3314 1620 3387 ἡμέραν
1663 3315 1793 3386 ὑμῖν

213 3402 380 3472 ἄχρις
401 3403 626 3473 ἐννάτης
651 3402 1058 3473 παρατεινέσθω
1075 3420 1089 3434 ·
1113 3408 1459 3476 νηστεύοντες
1479 3408 1533 3460 δὲ
1555 3408 1630 3479 μὴ
1654 3407 1795 3461 κατὰ

212 3493 348 3553 τοὺς
388 3489 690 3560 ὑποκριτὰς
727 3493 1234 3564 σκυθρωπάζωμεν,
1264 3495 1401 3548 ἀλλὰ
1440 3497 1687 3568 φυλακὴν
1717 3496 1796 3566 τῷ

214 3574 454 3650 στόματι
484 3579 730 3650 θώμεθα,
778 3582 871 3635 καὶ
913 3585 1175 3655 περιοχῆς
1216 3583 1387 3655 θύραν
1422 3588 1533 3650 τοῖς
1570 3587 1791 3656 χείλεσι.

212 3670 372 3741 Ξένῳ
401 3670 615 3739 ἁδελφῷ
648 3671 1016 3736 ὑπαντῶντες,
1047 3674 1256 3744 ταχέως
1286 3675 1575 3745 μετάνοιαν
1605 3675 1795 3745 βάλλε-

213 3779 295 3829 τε,
342 3761 610 3829 λέγοντες,
660 3760 783 3825 Πῶς
836 3761 1065 3832 ἐχομεν;
1121 3758 1238 3816 εἶτα
1277 3759 1459 3818 δοτέον
1498 3763 1680 3835 χώραν
1730 3766 1794 3834 τῇ

215 3853 404 3920 σιωπῇ
427 3867 443 3883 ο
488 3852 536 3902 εί
568 3851 626 3904 δέ
661 3868 766 3903 τινι
802 3851 897 3905 καὶ
930 3852 1274 3923 διαλεχθῆναι
1313 3856 1631 3922 ἀναγκαῖον,
1669 3871 1796 3923 προ-

212 3939 412 4010 τρέψει
468 3937 558 3990 τὸν
591 3937 816 4008 ἀδελφὸν
855 3941 1075 4011 ἀγάπην
1117 3941 1300 3995 λαϐεῖν
1321 3959 1336 3972 ·
1366 3944 1464 3996 εἰτ’
1495 3938 1587 3995 οὖν
1634 3943 1797 4010 ἄρτον

214 4029 392 4098 ζωῆς,
426 4030 523 4081 καὶ
546 4029 812 4096 φιλοθὲοις
843 4030 1006 4083 αὑτὸν
1039 4032 1360 4102 διηγήμασι,
1388 4033 1478 4085 καὶ
1503 4031 1798 4092 πολιτείαις

216 4121 486 4191 Πατέρων
516 4121 813 4174 ἐστιατέον.
843 4122 934 4192 Μὴ
964 4121 1242 4191 γινώμεθα
1273 4121 1538 4185 κενόδοξοι
1567 4125 1634 4192 τῇ
1673 4122 1790 4174 δια-

215 4212 422 4281 λέκτῳ,
451 4209 568 4263 ἀλλ’
597 4212 631 4281 ἡ
656 4211 762 4263 τῶν
785 4210 1017 4264 ἐντολῶν
1044 4213 1176 4282 ἡμῖν
1203 4213 1427 4283 τήρησις
1469 4214 1667 4283 μᾶλλον
1699 4214 1797 4283 τὴν

214 4298 400 4368 ἀληθῆ
428 4297 581 4362 δόξαν
610 4297 1020 4368 περιποιεῖσθω,
1065 4301 1121 4351 ἐν
1153 4298 1411 4365 ἁπλότητι
1442 4299 1666 4370 καρδίας
1705 4316 1801 4350 τα-

224 4388 624 4458 πεινουμένοις.
668 4388 739 4440 Τὸ
768 4387 1102 4458 φιλόπτωχον
1136 4387 1266 4458 ἡμῖν
1306 4390 1412 4442 ἀπὸ
1438 4388 1530 4442 τοῦ
1561 4389 1798 4457 ὑστερή-Δ

1896 3321 2143 3392 gelorum
2177 3335 2191 3371 :
2219 3318 2310 3389 qui
2342 3318 2478 3372 duas
2504 3317 2669 3371 habet
2694 3312 3112 3378 tunicas,alteri
3136 3311 3338 3365 nullam
3371 3310 3464 3364 ha-

1898 3411 2047 3465 benti
2080 3408 2492 3464 communicet:
2523 3402 2914 3477 quotidianum
2948 3402 3215 3476 jejunium
3259 3402 3315 3455 in
3365 3416 3464 3454 no-

1897 3516 2022 3556 nam
2060 3514 2234 3569 usque
2263 3499 2453 3553 horam
2477 3497 2589 3552 diei
2625 3497 2968 3552 extrahatur.
3001 3499 3069 3550 At
3102 3507 3227 3551 cum
3254 3492 3467 3565 jejuna-

1900 3607 2041 3655 mus,
2070 3590 2375 3645 cavendum
2405 3596 2489 3643 est
2513 3603 2581 3643 ne
2603 3587 3014 3659 bypocritarnm
3047 3601 3199 3641 more
3226 3580 3465 3639 luridum

1898 3691 2265 3748 maestumque
2301 3678 2659 3747 praeferamus
2679 3678 2914 3737 vultum.
2952 3676 3045 3730 sed
3090 3675 3387 3730 videndum
3410 3683 3469 3730 ut

1900 3768 2206 3825 custodiam
2240 3782 2508 3837 ponamus
2550 3768 2635 3821 dri
2676 3774 2733 3821 et
2793 3767 2995 3821 ostium
3040 3765 3469 3830 circumstantia:

1902 3859 2063 3913 labiis
2104 3858 2327 3913 nostris.
2362 3856 2498 3913 Cum
2536 3854 2694 3912 fratri
2751 3871 2979 3927 peregre
3025 3856 3338 3911 advenienti
3377 3872 3469 3911 oc-

1901 3950 2145 4011 curritis,
2178 3949 2434 4004 celeriter
2472 3948 2738 4004 inclinato
2765 3962 2998 4018 corpore
3029 3946 3198 4003 dicite
3222 3964 3236 4000 :
3258 3947 3469 4018 Ecquid

1901 4039 2188 4094 valemus?
2227 4038 2425 4094 deinde
2461 4053 2562 4094 vos
2602 4039 2804 4093 iterum
2835 4039 3060 4093 silentio
3096 4038 3242 4095 date.
3283 4037 3340 4092 Si
3380 4039 3469 4093 cui

1900 4138 2080 4183 autem
2103 4128 2312 4184 diutius
2337 4129 2762 4198 colloquendum
2804 4138 2910 4191 est,
2937 4129 3028 4183 ille
3062 4128 3292 4185 fratrem
3329 4129 3471 4184 invi-

1904 4216 2041 4271 tahit
2090 4217 2157 4271 ad
2219 4217 2572 4273 refectionem
2622 4219 2706 4272 vel
2745 4218 2911 4272 etiam
2961 4216 3033 4272 ad
3091 4233 3291 4286 panem
3349 4218 3475 4271 vita:

1903 4303 2366 4367 manducandum,
2407 4314 2519 4360 tum
2551 4305 2965 4360 narrationibus
3014 4304 3265 4360 divinum
3314 4305 3476 4374 quid-

1907 4395 2031 4450 dam
2051 4396 2412 4466 spirantibus,
2432 4407 2547 4452 tum
2574 4405 2893 4453 sanctorum
2916 4398 3139 4453 Patrum
3156 4398 3289 4453 vitis
3321 4412 3476 4453 men-

226 4496 398 4547 ματος
438 4479 577 4533 εστω
600 4480 694 4531 καὶ
729 4479 935 4542 ἐνδείας
956 4495 969 4508 ·
1001 4481 1035 4549 ἠ
1061 4480 1195 4548 πρὸς
1223 4479 1354 4534 Θεὸν
1381 4479 1699 4550 εὐχαριστία
1726 4480 1786 4548 μὶ

1906 4499 1978 4539 sae
2016 4484 2304 4555 appositis.
2339 4484 2658 4542 Cavendum
2685 4494 2768 4541 est
2813 4502 2883 4542 ne
2912 4487 3203 4559 oblingua:
3224 4486 3476 4556 peritiam

223 4568 542 4634 ἐκλειπὲτω,
565 4569 676 4621 ἀλλ’
703 4571 760 4622 ἐν
786 4568 863 4639 τῷ
887 4569 1111 4638 στόματι
1138 4569 1292 4640 ὑμῶν
1315 4570 1375 4623 τὸ
1398 4570 1568 4640 ὄνομα
1595 4572 1786 4640 Κυρίοι

1906 4590 2045 4630 vana
2078 4574 2251 4646 gloria
2313 4576 2659 4643 eﬂeramur;
2704 4578 2804 4632 sed
2855 4578 3035 4633 danda
3082 4579 3269 4650 potius
3307 4586 3476 4649 opera

225 4659 319 4712 ἐπὶ
353 4662 518 4712 πᾶσιν
550 4658 880 4727 ἁγιαζὲσθω,
912 4660 944 4729 ἦ
984 4662 1078 4714 καὶ
1118 4661 1289 4731 στόμα
1321 4659 1522 4729 μᾶλλον
1549 4661 1677 4731 ὑμῖν
1709 4663 1786 4713 καὶ

1914 4676 1993 4732 ut,
2023 4669 2277 4724 mandata
2302 4670 2397 4724 Dei
2426 4669 2482 4723 in
2508 4669 2859 4738 simplicitate
2877 4685 2940 4725 ac
2965 4671 3275 4726 humilitate
3293 4669 3479 4726 cordis

228 4749 455 4819 καρδίαν
481 4750 772 4819 ἁγιαζέτω.
1478 4820 1481 4823 Α

1907 4759 2303 4824 custodientes,
2335 4773 2515 4813 veram
2570 4759 2801 4828 gloriam
2851 4775 3206 4830 assequamur
3232 4774 3298 4816 ac
3343 4773 3480 4813 cor.-

236 4854 538 4896 servemus.
564 4842 735 4897 Amor
756 4843 1082 4899 voluntariae
1117 4845 1463 4915 paupertatis
1503 4842 1572 4898 ab
1599 4843 1713 4914 ipsa
1752 4847 1982 4915 penuria
2016 4858 2179 4919 atque
2210 4848 2391 4919 inOpia
2436 4849 2619 4919 capiat
2684 4850 3121 4906 incrementum:
3174 4851 3477 4920 gratiarum

229 4935 369 4989 actio
403 4935 515 4990 Deo
547 4935 733 4991 debita
764 4953 1041 5008 nunquam
1064 4938 1285 4994 deficiat
1350 4938 1530 5000 vobis,
1587 4938 1683 4995 sed
1709 4940 1762 4994 in
1797 4955 1893 4996 ore
1917 4952 2099 4998 vestro
2124 4958 2323 4997 nomen
2351 4938 2567 4997 Domini
2592 4944 2967 5000 sanetiiicetur
2992 4944 3046 4998 in
3070 4944 3349 5007 omnibus,
3386 4947 3485 4999 aut’

231 5038 292 5077 os
310 5035 555 5081 vestrum
583 5029 768 5097 potius
792 5029 1098 5086 sanctificet
1118 5045 1215 5086 cor
1232 5040 1497 5086 vestrum.

299 5114 408 5182 λς’.
451 5118 689 5187 ’Δδελφῴ
720 5120 852 5192 περί
910 5137 1057 5183 τινος
1118 5121 1322 5188 φαύλου
1366 5124 1691 5194 πράγματος
1722 5123 1796 5194 μὴ

239 5207 604 5275 σννδυαστέον,
624 5210 760 5264 ἀλλὰ
791 5212 1120 5281 προσεκτέον
1152 5213 1354 5282 μᾶλλον
1392 5216 1628 5277 ἑαυτοῖς,
1658 5215 1805 5267 ἀδελ-

237 5295 351 5363 φιὶ,
374 5298 468 5351 καὶ
502 5298 679 5354 πάντα
702 5300 1065 5371 δοκιμαστέον
1099 5301 1337 5372 πρῶτον,
1376 5298 1495 5356 εἶτα
1520 5303 1612 5356 τοῦ
1633 5300 1802 5357 καλοῦ

232 5381 459 5454 δυνάμει
486 5391 552 5459 τῇ
583 5392 734 5462 πάσῃ
763 5393 1096 5463 περιεκτέον.
1128 5392 1338 5465 Μηδεὶς
1361 5395 1419 5446 ἐν
1453 5393 1578 5462 ὑμῖν
1626 5394 1810 5449 διάϐο-

233 5472 322 5539 λος
342 5476 500 5534 ιστωο
527 5482 628 5552 τῆς
654 5484 762 5553 γὰρ
790 5483 1003 5537 ἐκείνου
1038 5483 1254 5555 μερίδος
1274 5487 1423 5539 ἐστὶν
1445 5486 1474 5538 ὁ
1502 5486 1803 5553 συνταράσ-

1975 5125 2063 5181 56.
2094 5125 2231 5181 Cum
2264 5125 2430 5182 fratre
2477 5126 2633 5197 pravi
2693 5125 2976 5197 quidpiam
3046 5125 3189 5182 forte
3229 5123 3480 5182 molienti

1907 5217 2077 5271 nolite
2110 5217 2449 5287 conspirare,
2473 5217 2569 5273 sed
2600 5218 2669 5273 ad
2700 5233 2797 5273 vos
2817 5219 2966 5291 ipsos
2995 5218 3181 5287 potius
3198 5215 3477 5280 conversi,

1908 5307 2192 5378 eXplorate
2223 5308 2379 5380 prius
2415 5308 2600 5364 omnia
2620 5304 2644 5373 ;~
2674 5318 2791 5364 tum
2838 5309 2986 5379 quod
3034 5307 3266 5379 propius
3312 5305 3477 5362 evir-

1914 5406 2027 5472 tute
2059 5398 2234 5462 abest,
2264 5398 2394 5454 totis
2424 5397 2639 5457 viribus
2664 5397 2974 5456 sectamini.
2998 5399 3194 5456 Nullus
3213 5399 3357 5455 inter
3375 5411 3480 5455 ves

1914 5481 2167 5543 diabolus
2194 5487 2267 5542 sit
2301 5506 2314 5542 :
2345 5488 2547 5545 diaboli
2596 5490 2801 5561 quippe
2836 5500 3022 5561 partes
3048 5499 3180 5546 sunt
3223 5491 3485 5549 fraterni-

276 5612 492 5687 I‘Psal.
544 5649 697 5699 sinu,-
751 5632 838 5692 η.

516 5725 781 5787 Panos.
828 5727 944 5785 Gn.
982 5722 1322 5791 LXXXVI.
3160 5741 3241 5799 95
