  <div class='ocr_page' id='page_1' title='image "/cluster/home/n/w/nwhite01/storage/ocr_20150623/86 pt.2/mdp.39015008855424/637.png"; bbox 0 0 4026 6292; ppageno 0'>
   <div class='ocr_carea' id='block_1_1' title="bbox 548 298 690 361">
    <p class='ocr_par' dir='ltr' id='par_1_1' title="bbox 548 298 690 361">
     <span class='ocr_line' id='line_1_1' title="bbox 548 298 690 361; baseline -0.014 0"><span class='ocrx_word' id='word_1_1' title='bbox 548 298 690 361; x_wconf 74' lang='lat'><strong>3019</strong></span> 
     </span>
    </p>
   </div>
   <div class='ocr_carea' id='block_1_2' title="bbox 1736 291 2615 356">
    <p class='ocr_par' dir='ltr' id='par_1_2' title="bbox 1736 291 2615 356">
     <span class='ocr_line' id='line_1_2' title="bbox 1736 291 2615 356; baseline -0.007 0"><span class='ocrx_word' id='word_1_2' title='bbox 1736 296 1799 356; x_wconf 88' lang='lat' dir='ltr'><strong>S.</strong></span> <span class='ocrx_word' id='word_1_3' title='bbox 1842 292 2218 355; x_wconf 73' lang='lat' dir='ltr'><strong>SYMEONIS</strong></span> <span class='ocrx_word' id='word_1_4' title='bbox 2253 291 2615 354; x_wconf 81' lang='lat' dir='ltr'><strong>JUNIORIS</strong></span> 
     </span>
    </p>
   </div>
   <div class='ocr_carea' id='block_1_3' title="bbox 3671 282 3837 344">
    <p class='ocr_par' dir='ltr' id='par_1_3' title="bbox 3671 282 3837 344">
     <span class='ocr_line' id='line_1_3' title="bbox 3671 282 3837 344; baseline 0.006 -1"><span class='ocrx_word' id='word_1_5' title='bbox 3671 282 3837 344; x_wconf 69' lang='lat'><strong>3029</strong></span> 
     </span>
    </p>
   </div>
   <div class='ocr_carea' id='block_1_4' title="bbox 548 393 2114 468">
    <p class='ocr_par' dir='ltr' id='par_1_4' title="bbox 548 401 2114 462">
     <span class='ocr_line' id='line_1_4' title="bbox 548 401 2114 462; baseline -0.006 0"><span class='ocrx_word' id='word_1_6' title='bbox 548 415 715 462; x_wconf 81' lang='lat' dir='ltr'><strong>tatem</strong></span> <span class='ocrx_word' id='word_1_7' title='bbox 750 401 1083 459; x_wconf 83' lang='lat' dir='ltr'><strong>disturbare.</strong></span> <span class='ocrx_word' id='word_1_8' title='bbox 1111 401 1278 456; x_wconf 84' lang='lat' dir='ltr'><strong>Labia</strong></span> <span class='ocrx_word' id='word_1_9' title='bbox 1309 407 1488 455; x_wconf 82' lang='lat' dir='ltr'><strong>vestra</strong></span> <span class='ocrx_word' id='word_1_10' title='bbox 1529 414 1741 455; x_wconf 79' lang='lat' dir='ltr'><strong>necnOn</strong></span> <span class='ocrx_word' id='word_1_11' title='bbox 1767 416 1865 455; x_wconf 91' lang='lat' dir='ltr'><strong>cor</strong></span> <span class='ocrx_word' id='word_1_12' title='bbox 1883 409 2114 455; x_wconf 82' lang='lat' dir='ltr'><strong>vestrun</strong></span> 
     </span>
    </p>
   </div>
   <div class='ocr_carea' id='block_1_5' title="bbox 2209 393 3835 468">
    <p class='ocr_par' dir='ltr' id='par_1_5' title="bbox 2231 393 3835 468">
     <span class='ocr_line' id='line_1_5' title="bbox 2231 393 3835 468; baseline -0.004 -14"><span class='ocrx_word' id='word_1_13' title='bbox 2231 417 2339 454; x_wconf 83' lang='grc' dir='ltr'>σων</span> <span class='ocrx_word' id='word_1_14' title='bbox 2369 400 2471 468; x_wconf 81' lang='grc' dir='ltr'><strong>τὴν</strong></span> <span class='ocrx_word' id='word_1_15' title='bbox 2497 397 2834 466; x_wconf 77' lang='grc' dir='ltr'><strong>ἀδελφότητα</strong></span> <span class='ocrx_word' id='word_1_16' title='bbox 2865 411 2879 425; x_wconf 79' lang='grc'><strong><em>⁸</em></strong></span> <span class='ocrx_word' id='word_1_17' title='bbox 2908 395 3046 450; x_wconf 77' lang='grc' dir='ltr'><strong>ἀλλὰ</strong></span> <span class='ocrx_word' id='word_1_18' title='bbox 3075 395 3144 449; x_wconf 78' lang='grc' dir='ltr'><strong>τά</strong></span> <span class='ocrx_word' id='word_1_19' title='bbox 3180 410 3237 447; x_wconf 78' lang='grc' dir='ltr'><strong>τε</strong></span> <span class='ocrx_word' id='word_1_20' title='bbox 3263 394 3414 463; x_wconf 73' lang='grc' dir='ltr'><strong>χείλη</strong></span> <span class='ocrx_word' id='word_1_21' title='bbox 3437 393 3705 462; x_wconf 69' lang='grc' dir='ltr'><strong>ἀλήθειαν</strong></span> <span class='ocrx_word' id='word_1_22' title='bbox 3729 397 3789 446; x_wconf 75' lang='grc' dir='ltr'><strong>ἁ-</strong></span> <span class='ocrx_word' id='word_1_23' title='bbox 3807 398 3835 448; x_wconf 77' lang='grc' dir='ltr'>ὶ</span> 
     </span>
    </p>
   </div>
   <div class='ocr_carea' id='block_1_6' title="bbox 546 490 2122 561">
    <p class='ocr_par' dir='ltr' id='par_1_6' title="bbox 546 490 2122 561">
     <span class='ocr_line' id='line_1_6' title="bbox 546 490 2122 561; baseline -0.004 -11"><span class='ocrx_word' id='word_1_24' title='bbox 546 496 836 550; x_wconf 70' lang='lat' dir='ltr'><strong>veritatem</strong></span> <span class='ocrx_word' id='word_1_25' title='bbox 868 500 1139 561; x_wconf 88' lang='lat' dir='ltr'><strong>perpetuo</strong></span> <span class='ocrx_word' id='word_1_26' title='bbox 1169 491 1448 560; x_wconf 79' lang='lat' dir='ltr'><strong>loquatur.</strong></span> <span class='ocrx_word' id='word_1_27' title='bbox 1483 490 1539 545; x_wconf 87' lang='lat' dir='ltr'><strong>Si</strong></span> <span class='ocrx_word' id='word_1_28' title='bbox 1591 490 1735 545; x_wconf 90' lang='lat' dir='ltr'><strong>inter</strong></span> <span class='ocrx_word' id='word_1_29' title='bbox 1782 490 2122 546; x_wconf 91' lang='lat' dir='ltr'><strong>accumben-</strong></span> 
     </span>
    </p>
   </div>
   <div class='ocr_carea' id='block_1_7' title="bbox 545 580 2119 651">
    <p class='ocr_par' dir='ltr' id='par_1_7' title="bbox 545 580 2119 651">
     <span class='ocr_line' id='line_1_7' title="bbox 545 580 2119 651; baseline -0.003 -11"><span class='ocrx_word' id='word_1_30' title='bbox 545 586 678 640; x_wconf 91' lang='lat' dir='ltr'><strong>dum</strong></span> <span class='ocrx_word' id='word_1_31' title='bbox 701 582 969 645; x_wconf 78' lang='lat' dir='ltr'><strong>sitiveris,</strong></span> <span class='ocrx_word' id='word_1_32' title='bbox 998 597 1131 637; x_wconf 88' lang='lat' dir='ltr'><strong>cave</strong></span> <span class='ocrx_word' id='word_1_33' title='bbox 1148 581 1322 646; x_wconf 88' lang='lat' dir='ltr'><strong>dicas,</strong></span> <span class='ocrx_word' id='word_1_34' title='bbox 1357 581 1436 636; x_wconf 89' lang='lat' dir='ltr'><strong>Da</strong></span> <span class='ocrx_word' id='word_1_35' title='bbox 1462 580 1612 651; x_wconf 88' lang='lat' dir='ltr'><strong>quod</strong></span> <span class='ocrx_word' id='word_1_36' title='bbox 1636 580 1854 636; x_wconf 83' lang='lat' dir='ltr'><strong>bibam:</strong></span> <span class='ocrx_word' id='word_1_37' title='bbox 1884 582 1983 638; x_wconf 87' lang='lat' dir='ltr'><strong>sed</strong></span> <span class='ocrx_word' id='word_1_38' title='bbox 2013 598 2119 636; x_wconf 84' lang='lat' dir='ltr'><strong>nu-</strong></span> 
     </span>
    </p>
   </div>
   <div class='ocr_carea' id='block_1_8' title="bbox 546 672 2117 743">
    <p class='ocr_par' dir='ltr' id='par_1_8' title="bbox 546 672 2117 743">
     <span class='ocr_line' id='line_1_8' title="bbox 546 672 2117 743; baseline -0.002 -13"><span class='ocrx_word' id='word_1_39' title='bbox 546 676 694 730; x_wconf 91' lang='lat' dir='ltr'><strong>tibus</strong></span> <span class='ocrx_word' id='word_1_40' title='bbox 720 672 1025 743; x_wconf 78' lang='lat' dir='ltr'><strong>signitican</strong></span> <span class='ocrx_word' id='word_1_41' title='bbox 1064 672 1163 739; x_wconf 84' lang='lat' dir='ltr'><strong>illi,</strong></span> <span class='ocrx_word' id='word_1_42' title='bbox 1192 672 1285 743; x_wconf 85' lang='lat' dir='ltr'><strong>qui</strong></span> <span class='ocrx_word' id='word_1_43' title='bbox 1342 672 1797 729; x_wconf 87' lang='lat' dir='ltr'><strong>accumbentibus</strong></span> <span class='ocrx_word' id='word_1_44' title='bbox 1824 674 2117 740; x_wconf 74' lang='lat' dir='ltr'><strong>ministrat,</strong></span> 
     </span>
    </p>
   </div>
   <div class='ocr_carea' id='block_1_9' title="bbox 544 762 2119 832">
    <p class='ocr_par' dir='ltr' id='par_1_9' title="bbox 544 762 2119 832">
     <span class='ocr_line' id='line_1_9' title="bbox 544 762 2119 832; baseline 0 -14"><span class='ocrx_word' id='word_1_45' title='bbox 544 765 933 820; x_wconf 81' lang='lat' dir='ltr'><strong>necessitatem</strong></span> <span class='ocrx_word' id='word_1_46' title='bbox 974 776 1165 827; x_wconf 88' lang='lat' dir='ltr'><strong>tuam;</strong></span> <span class='ocrx_word' id='word_1_47' title='bbox 1205 762 1295 816; x_wconf 89' lang='lat' dir='ltr'><strong>siti</strong></span> <span class='ocrx_word' id='word_1_48' title='bbox 1345 776 1479 815; x_wconf 82' lang='lat' dir='ltr'><strong>vero</strong></span> <span class='ocrx_word' id='word_1_49' title='bbox 1512 763 1753 832; x_wconf 78' lang='lat' dir='ltr'><strong>expleta,</strong></span> <span class='ocrx_word' id='word_1_50' title='bbox 1800 764 1964 817; x_wconf 89' lang='lat' dir='ltr'><strong>tacite</strong></span> <span class='ocrx_word' id='word_1_51' title='bbox 2021 764 2119 818; x_wconf 85' lang='lat' dir='ltr'><strong>de-</strong></span> 
     </span>
    </p>
   </div>
   <div class='ocr_carea' id='block_1_10' title="bbox 544 852 2117 924">
    <p class='ocr_par' dir='ltr' id='par_1_10' title="bbox 544 852 2117 924">
     <span class='ocr_line' id='line_1_10' title="bbox 544 852 2117 924; baseline 0.001 -16"><span class='ocrx_word' id='word_1_52' title='bbox 544 854 751 908; x_wconf 90' lang='lat' dir='ltr'><strong>mittito</strong></span> <span class='ocrx_word' id='word_1_53' title='bbox 798 853 1049 907; x_wconf 85' lang='lat' dir='ltr'><strong>calicem.</strong></span> <span class='ocrx_word' id='word_1_54' title='bbox 1087 852 1143 907; x_wconf 90' lang='lat' dir='ltr'><strong>Si</strong></span> <span class='ocrx_word' id='word_1_55' title='bbox 1223 852 1517 906; x_wconf 83' lang='lat' dir='ltr'><strong>excreandi</strong></span> <span class='ocrx_word' id='word_1_56' title='bbox 1566 853 1869 908; x_wconf 82' lang='lat' dir='ltr'><strong>necessitas</strong></span> <span class='ocrx_word' id='word_1_57' title='bbox 1922 864 2117 924; x_wconf 78' lang='lat' dir='ltr'><strong>urget,</strong></span> 
     </span>
    </p>
   </div>
   <div class='ocr_carea' id='block_1_11' title="bbox 544 936 2119 1016">
    <p class='ocr_par' dir='ltr' id='par_1_11' title="bbox 544 936 2119 1016">
     <span class='ocr_line' id='line_1_11' title="bbox 544 936 2119 1016; baseline 0 -16"><span class='ocrx_word' id='word_1_58' title='bbox 544 954 822 1000; x_wconf 91' lang='lat' dir='ltr'><strong>memento</strong></span> <span class='ocrx_word' id='word_1_59' title='bbox 850 960 959 999; x_wconf 90' lang='lat' dir='ltr'><strong>non</strong></span> <span class='ocrx_word' id='word_1_60' title='bbox 988 945 1044 998; x_wconf 90' lang='lat' dir='ltr'><strong>in</strong></span> <span class='ocrx_word' id='word_1_61' title='bbox 1100 936 1403 1013; x_wconf 83' lang='lat' dir='ltr'><strong>conspectu</strong></span> <span class='ocrx_word' id='word_1_62' title='bbox 1450 945 1685 999; x_wconf 83' lang='lat' dir='ltr'><strong>fratrum</strong></span> <span class='ocrx_word' id='word_1_63' title='bbox 1737 945 1988 1016; x_wconf 87' lang='lat' dir='ltr'><strong>pituitam</strong></span> <span class='ocrx_word' id='word_1_64' title='bbox 2016 948 2119 1016; x_wconf 88' lang='lat' dir='ltr'><strong>eji-</strong></span> 
     </span>
    </p>
   </div>
   <div class='ocr_carea' id='block_1_12' title="bbox 542 1036 2120 1108">
    <p class='ocr_par' dir='ltr' id='par_1_12' title="bbox 542 1036 2120 1108">
     <span class='ocr_line' id='line_1_12' title="bbox 542 1036 2120 1108; baseline -0.001 -14"><span class='ocrx_word' id='word_1_65' title='bbox 542 1037 822 1094; x_wconf 89' lang='lat' dir='ltr'><strong>cere:sed</strong></span> <span class='ocrx_word' id='word_1_66' title='bbox 848 1037 1079 1107; x_wconf 84' lang='lat' dir='ltr'><strong>surgite,</strong></span> <span class='ocrx_word' id='word_1_67' title='bbox 1118 1036 1484 1106; x_wconf 81' lang='lat' dir='ltr'><strong>PalriLusque</strong></span> <span class='ocrx_word' id='word_1_68' title='bbox 1513 1039 1724 1092; x_wconf 83' lang='lat' dir='ltr'><strong>salvere</strong></span> <span class='ocrx_word' id='word_1_69' title='bbox 1756 1039 1946 1108; x_wconf 88' lang='lat' dir='ltr'><strong>jussis,</strong></span> <span class='ocrx_word' id='word_1_70' title='bbox 1992 1055 2120 1108; x_wconf 86' lang='lat' dir='ltr'><strong>pro-</strong></span> 
     </span>
    </p>
   </div>
   <div class='ocr_carea' id='block_1_13' title="bbox 544 1131 2115 1199">
    <p class='ocr_par' dir='ltr' id='par_1_13' title="bbox 544 1131 2115 1199">
     <span class='ocr_line' id='line_1_13' title="bbox 544 1131 2115 1199; baseline -0.001 -11"><span class='ocrx_word' id='word_1_71' title='bbox 544 1132 635 1188; x_wconf 88' lang='lat' dir='ltr'><strong>cul</strong></span> <span class='ocrx_word' id='word_1_72' title='bbox 673 1131 797 1185; x_wconf 83' lang='lat' dir='ltr'><strong>inde</strong></span> <span class='ocrx_word' id='word_1_73' title='bbox 823 1131 1069 1186; x_wconf 83' lang='lat' dir='ltr'><strong>reccdito</strong></span> <span class='ocrx_word' id='word_1_74' title='bbox 1089 1146 1354 1199; x_wconf 86' lang='lat' dir='ltr'><strong>;cumque</strong></span> <span class='ocrx_word' id='word_1_75' title='bbox 1392 1131 1712 1185; x_wconf 73' lang='lat' dir='ltr'><strong>necessitati</strong></span> <span class='ocrx_word' id='word_1_76' title='bbox 1740 1132 1939 1186; x_wconf 80' lang='lat' dir='ltr'><strong>feceris</strong></span> <span class='ocrx_word' id='word_1_77' title='bbox 1961 1132 2115 1196; x_wconf 84' lang='lat' dir='ltr'><strong>satis,</strong></span> 
     </span>
    </p>
   </div>
   <div class='ocr_carea' id='block_1_14' title="bbox 541 1220 2117 1291">
    <p class='ocr_par' dir='ltr' id='par_1_14' title="bbox 541 1220 2117 1291">
     <span class='ocr_line' id='line_1_14' title="bbox 541 1220 2117 1291; baseline 0.001 -18"><span class='ocrx_word' id='word_1_78' title='bbox 541 1221 597 1273; x_wconf 91' lang='lat' dir='ltr'><strong>iu</strong></span> <span class='ocrx_word' id='word_1_79' title='bbox 630 1221 847 1274; x_wconf 83' lang='lat' dir='ltr'><strong>silentio</strong></span> <span class='ocrx_word' id='word_1_80' title='bbox 868 1235 1124 1274; x_wconf 77' lang='lat' dir='ltr'><strong>reversus</strong></span> <span class='ocrx_word' id='word_1_81' title='bbox 1154 1220 1276 1274; x_wconf 86' lang='lat' dir='ltr'><strong>loco</strong></span> <span class='ocrx_word' id='word_1_82' title='bbox 1305 1231 1400 1274; x_wconf 89' lang='lat' dir='ltr'><strong>tuo</strong></span> <span class='ocrx_word' id='word_1_83' title='bbox 1436 1229 1485 1273; x_wconf 90' lang='lat' dir='ltr'><strong>te</strong></span> <span class='ocrx_word' id='word_1_84' title='bbox 1513 1236 1739 1289; x_wconf 88' lang='lat' dir='ltr'><strong>repone,</strong></span> <span class='ocrx_word' id='word_1_85' title='bbox 1779 1229 1836 1274; x_wconf 92' lang='lat' dir='ltr'><strong>et</strong></span> <span class='ocrx_word' id='word_1_86' title='bbox 1863 1237 1987 1289; x_wconf 72' lang='lat' dir='ltr'><strong>qum</strong></span> <span class='ocrx_word' id='word_1_87' title='bbox 2018 1236 2117 1291; x_wconf 90' lang='lat' dir='ltr'><strong>ap-</strong></span> 
     </span>
    </p>
   </div>
   <div class='ocr_carea' id='block_1_15' title="bbox 539 1310 2116 1382">
    <p class='ocr_par' dir='ltr' id='par_1_15' title="bbox 539 1310 2116 1382">
     <span class='ocr_line' id='line_1_15' title="bbox 539 1310 2116 1382; baseline -0.001 -16"><span class='ocrx_word' id='word_1_88' title='bbox 539 1310 720 1381; x_wconf 81' lang='lat' dir='ltr'><strong>posita</strong></span> <span class='ocrx_word' id='word_1_89' title='bbox 775 1320 945 1377; x_wconf 89' lang='lat' dir='ltr'><strong>sunt,</strong></span> <span class='ocrx_word' id='word_1_90' title='bbox 980 1319 1242 1382; x_wconf 77' lang='lat' dir='ltr'><strong>tanquam</strong></span> <span class='ocrx_word' id='word_1_91' title='bbox 1299 1311 1613 1365; x_wconf 86' lang='lat' dir='ltr'><strong>ministerio</strong></span> <span class='ocrx_word' id='word_1_92' title='bbox 1664 1311 1988 1381; x_wconf 79' lang='lat' dir='ltr'><strong>angelorum</strong></span> <span class='ocrx_word' id='word_1_93' title='bbox 2048 1326 2116 1365; x_wconf 91' lang='lat' dir='ltr'><strong>eo</strong></span> 
     </span>
    </p>
   </div>
   <div class='ocr_carea' id='block_1_16' title="bbox 540 1397 2116 1470">
    <p class='ocr_par' dir='ltr' id='par_1_16' title="bbox 540 1397 2116 1470">
     <span class='ocr_line' id='line_1_16' title="bbox 540 1397 2116 1470; baseline 0.001 -19"><span class='ocrx_word' id='word_1_94' title='bbox 540 1397 744 1462; x_wconf 89' lang='lat' dir='ltr'><strong>delata,</strong></span> <span class='ocrx_word' id='word_1_95' title='bbox 799 1400 1058 1470; x_wconf 82' lang='lat' dir='ltr'><strong>religiose</strong></span> <span class='ocrx_word' id='word_1_96' title='bbox 1095 1399 1449 1454; x_wconf 89' lang='lat' dir='ltr'><strong>manducato.</strong></span> <span class='ocrx_word' id='word_1_97' title='bbox 1504 1398 1629 1453; x_wconf 85' lang='lat' dir='ltr'><strong>Vini</strong></span> <span class='ocrx_word' id='word_1_98' title='bbox 1678 1414 1783 1453; x_wconf 92' lang='lat' dir='ltr'><strong>usu</strong></span> <span class='ocrx_word' id='word_1_99' title='bbox 1829 1399 2116 1454; x_wconf 85' lang='lat' dir='ltr'><strong>monachis</strong></span> 
     </span>
    </p>
   </div>
   <div class='ocr_carea' id='block_1_17' title="bbox 538 1486 2117 1562">
    <p class='ocr_par' dir='ltr' id='par_1_17' title="bbox 538 1486 2117 1562">
     <span class='ocr_line' id='line_1_17' title="bbox 538 1486 2117 1562; baseline -0.002 -14"><span class='ocrx_word' id='word_1_100' title='bbox 538 1495 767 1549; x_wconf 87' lang='lat' dir='ltr'><strong>omnino</strong></span> <span class='ocrx_word' id='word_1_101' title='bbox 798 1494 1162 1549; x_wconf 88' lang='lat' dir='ltr'><strong>interdictum</strong></span> <span class='ocrx_word' id='word_1_102' title='bbox 1195 1503 1355 1549; x_wconf 89' lang='lat' dir='ltr'><strong>esto:</strong></span> <span class='ocrx_word' id='word_1_103' title='bbox 1398 1494 1444 1549; x_wconf 91' lang='lat' dir='ltr'><strong>si</strong></span> <span class='ocrx_word' id='word_1_104' title='bbox 1497 1494 1586 1548; x_wconf 88' lang='lat' dir='ltr'><strong>cui</strong></span> <span class='ocrx_word' id='word_1_105' title='bbox 1647 1502 1830 1547; x_wconf 89' lang='lat' dir='ltr'><strong>tamen</strong></span> <span class='ocrx_word' id='word_1_106' title='bbox 1888 1486 2117 1562; x_wconf 87' lang='lat' dir='ltr'><strong>propter</strong></span> 
     </span>
    </p>
   </div>
   <div class='ocr_carea' id='block_1_18' title="bbox 536 1580 2112 1657">
    <p class='ocr_par' dir='ltr' id='par_1_18' title="bbox 536 1580 2112 1657">
     <span class='ocr_line' id='line_1_18' title="bbox 536 1580 2112 1657; baseline -0.001 -18"><span class='ocrx_word' id='word_1_107' title='bbox 536 1584 911 1642; x_wconf 78' lang='lat' dir='ltr'><strong>infirmitatem</strong></span> <span class='ocrx_word' id='word_1_108' title='bbox 944 1586 1194 1657; x_wconf 90' lang='lat' dir='ltr'><strong>corporis</strong></span> <span class='ocrx_word' id='word_1_109' title='bbox 1223 1580 1483 1641; x_wconf 88' lang='lat' dir='ltr'><strong>utendum</strong></span> <span class='ocrx_word' id='word_1_110' title='bbox 1537 1593 1666 1649; x_wconf 91' lang='lat' dir='ltr'><strong>est,</strong></span> <span class='ocrx_word' id='word_1_111' title='bbox 1705 1595 1890 1639; x_wconf 83' lang='lat' dir='ltr'><strong>utator</strong></span> <span class='ocrx_word' id='word_1_112' title='bbox 1945 1599 2112 1655; x_wconf 88' lang='lat' dir='ltr'><strong>quam</strong></span> 
     </span>
    </p>
   </div>
   <div class='ocr_carea' id='block_1_19' title="bbox 533 1675 2112 1748">
    <p class='ocr_par' dir='ltr' id='par_1_19' title="bbox 533 1675 2112 1748">
     <span class='ocr_line' id='line_1_19' title="bbox 533 1675 2112 1748; baseline -0.002 -16"><span class='ocrx_word' id='word_1_113' title='bbox 533 1679 880 1748; x_wconf 82' lang='lat' dir='ltr'><strong>parcissime.</strong></span> <span class='ocrx_word' id='word_1_114' title='bbox 909 1678 1029 1734; x_wconf 89' lang='lat' dir='ltr'><strong>Non</strong></span> <span class='ocrx_word' id='word_1_115' title='bbox 1060 1679 1211 1733; x_wconf 90' lang='lat' dir='ltr'><strong>enim</strong></span> <span class='ocrx_word' id='word_1_116' title='bbox 1248 1678 1501 1748; x_wconf 84' lang='lat' dir='ltr'><strong>ignorare</strong></span> <span class='ocrx_word' id='word_1_117' title='bbox 1531 1676 1769 1736; x_wconf 87' lang='lat' dir='ltr'><strong>debetis.</strong></span> <span class='ocrx_word' id='word_1_118' title='bbox 1824 1691 1923 1745; x_wconf 90' lang='lat' dir='ltr'><strong>per</strong></span> <span class='ocrx_word' id='word_1_119' title='bbox 1951 1675 2112 1729; x_wconf 85' lang='lat' dir='ltr'><strong>vino-</strong></span> 
     </span>
    </p>
   </div>
   <div class='ocr_carea' id='block_1_20' title="bbox 2225 482 3831 558">
    <p class='ocr_par' dir='ltr' id='par_1_20' title="bbox 2225 482 3831 558">
     <span class='ocr_line' id='line_1_20' title="bbox 2225 482 3831 558; baseline -0.002 -17"><span class='ocrx_word' id='word_1_120' title='bbox 2225 489 2318 541; x_wconf 72' lang='grc' dir='ltr'><strong>καὶ</strong></span> <span class='ocrx_word' id='word_1_121' title='bbox 2346 488 2381 557; x_wconf 79' lang='grc' dir='ltr'><strong>ἠ</strong></span> <span class='ocrx_word' id='word_1_122' title='bbox 2410 485 2610 558; x_wconf 71' lang='grc' dir='ltr'><strong>καρδία</strong></span> <span class='ocrx_word' id='word_1_123' title='bbox 2642 486 2893 540; x_wconf 80' lang='grc' dir='ltr'><strong>λαλείτω.</strong></span> <span class='ocrx_word' id='word_1_124' title='bbox 2943 486 3069 539; x_wconf 77' lang='grc' dir='ltr'><strong>Ἐὰν</strong></span> <span class='ocrx_word' id='word_1_125' title='bbox 3121 488 3179 538; x_wconf 78' lang='grc' dir='ltr'><strong>ἐν</strong></span> <span class='ocrx_word' id='word_1_126' title='bbox 3222 488 3291 555; x_wconf 83' lang='grc' dir='ltr'><strong>τῇ</strong></span> <span class='ocrx_word' id='word_1_127' title='bbox 3338 482 3588 555; x_wconf 76' lang='grc' dir='ltr'><strong>τραπέζῃ</strong></span> <span class='ocrx_word' id='word_1_128' title='bbox 3649 485 3831 553; x_wconf 54' lang='grc' dir='ltr'><strong>διν-ἒξ-</strong></span> 
     </span>
    </p>
   </div>
   <div class='ocr_carea' id='block_1_21' title="bbox 2225 576 3831 652">
    <p class='ocr_par' dir='ltr' id='par_1_21' title="bbox 2225 576 3831 652">
     <span class='ocr_line' id='line_1_21' title="bbox 2225 576 3831 652; baseline -0.014 -7"><span class='ocrx_word' id='word_1_129' title='bbox 2225 596 2347 652; x_wconf 70' lang='grc' dir='ltr'><strong>σῃς,</strong></span> <span class='ocrx_word' id='word_1_130' title='bbox 2368 580 2470 634; x_wconf 64' lang='grc' dir='ltr'>οὐκ</span> <span class='ocrx_word' id='word_1_131' title='bbox 2500 582 2666 650; x_wconf 79' lang='grc' dir='ltr'><strong>ἐρεῖς,</strong></span> <span class='ocrx_word' id='word_1_132' title='bbox 2700 581 2800 640; x_wconf 77' lang='grc' dir='ltr'>Δός</span> <span class='ocrx_word' id='word_1_133' title='bbox 2832 595 2922 649; x_wconf 84' lang='grc' dir='ltr'><strong>μοι</strong></span> <span class='ocrx_word' id='word_1_134' title='bbox 2968 581 3149 631; x_wconf 74' lang='grc' dir='ltr'><strong>πιεῖνο</strong></span> <span class='ocrx_word' id='word_1_135' title='bbox 3191 577 3327 630; x_wconf 72' lang='grc' dir='ltr'><strong>ἀλλά</strong></span> <span class='ocrx_word' id='word_1_136' title='bbox 3355 576 3591 645; x_wconf 75' lang='grc' dir='ltr'><strong>νεύματι</strong></span> <span class='ocrx_word' id='word_1_137' title='bbox 3625 594 3831 645; x_wconf 59' lang='grc' dir='ltr'><strong>σημα-</strong></span> 
     </span>
    </p>
   </div>
   <div class='ocr_carea' id='block_1_22' title="bbox 2222 665 3820 738">
    <p class='ocr_par' dir='ltr' id='par_1_22' title="bbox 2222 665 3820 738">
     <span class='ocr_line' id='line_1_22' title="bbox 2222 665 3820 738; baseline -0.003 -15"><span class='ocrx_word' id='word_1_138' title='bbox 2222 672 2334 734; x_wconf 84' lang='grc' dir='ltr'>νεῖς</span> <span class='ocrx_word' id='word_1_139' title='bbox 2393 668 2472 738; x_wconf 83' lang='grc' dir='ltr'><strong>τῷ</strong></span> <span class='ocrx_word' id='word_1_140' title='bbox 2518 669 2752 738; x_wconf 73' lang='grc' dir='ltr'><strong>διακόνῳ</strong></span> <span class='ocrx_word' id='word_1_141' title='bbox 2789 668 2891 737; x_wconf 84' lang='grc' dir='ltr'><strong>τῆς</strong></span> <span class='ocrx_word' id='word_1_142' title='bbox 2930 669 3143 738; x_wconf 77' lang='grc' dir='ltr'><strong>χρείας,</strong></span> <span class='ocrx_word' id='word_1_143' title='bbox 3175 668 3269 720; x_wconf 76' lang='grc' dir='ltr'><strong>καὶ</strong></span> <span class='ocrx_word' id='word_1_144' title='bbox 3307 669 3433 736; x_wconf 78' lang='grc' dir='ltr'><strong>σιγῇ</strong></span> <span class='ocrx_word' id='word_1_145' title='bbox 3455 665 3690 738; x_wconf 78' lang='grc' dir='ltr'><strong>παρέξει</strong></span> <span class='ocrx_word' id='word_1_146' title='bbox 3708 684 3820 720; x_wconf 69' lang='grc' dir='ltr'><strong>σοι.</strong></span> 
     </span>
    </p>
   </div>
   <div class='ocr_carea' id='block_1_23' title="bbox 2222 763 3825 834">
    <p class='ocr_par' dir='ltr' id='par_1_23' title="bbox 2222 763 3825 834">
     <span class='ocr_line' id='line_1_23' title="bbox 2222 763 3825 834; baseline -0.003 -18"><span class='ocrx_word' id='word_1_147' title='bbox 2222 765 2541 834; x_wconf 80' lang='grc' dir='ltr'><strong>Φλέγματος</strong></span> <span class='ocrx_word' id='word_1_148' title='bbox 2584 764 3161 825; x_wconf 79' lang='grc' dir='ltr'><strong>ἐπικατασπασθέντος</strong></span> <span class='ocrx_word' id='word_1_149' title='bbox 3210 763 3287 833; x_wconf 79' lang='grc' dir='ltr'><strong>τῷ</strong></span> <span class='ocrx_word' id='word_1_150' title='bbox 3318 763 3532 831; x_wconf 81' lang='grc' dir='ltr'><strong>θώρακι</strong></span> <span class='ocrx_word' id='word_1_151' title='bbox 3582 763 3689 813; x_wconf 76' lang='grc' dir='ltr'><strong>οὐκ</strong></span> <span class='ocrx_word' id='word_1_152' title='bbox 3724 764 3825 813; x_wconf 74' lang='grc' dir='ltr'><strong>ἐν·</strong></span> 
     </span>
    </p>
   </div>
   <div class='ocr_carea' id='block_1_24' title="bbox 2222 851 3822 921">
    <p class='ocr_par' dir='ltr' id='par_1_24' title="bbox 2222 851 3822 921">
     <span class='ocr_line' id='line_1_24' title="bbox 2222 851 3822 921; baseline -0.003 -15"><span class='ocrx_word' id='word_1_153' title='bbox 2222 853 2393 906; x_wconf 72' lang='grc' dir='ltr'><strong>ὡπίον</strong></span> <span class='ocrx_word' id='word_1_154' title='bbox 2423 854 2649 915; x_wconf 83' lang='grc' dir='ltr'><strong>πτύσεις</strong></span> <span class='ocrx_word' id='word_1_155' title='bbox 2673 852 2783 906; x_wconf 83' lang='grc' dir='ltr'><strong>τῶν</strong></span> <span class='ocrx_word' id='word_1_156' title='bbox 2806 854 3073 921; x_wconf 73' lang='grc' dir='ltr'><strong>ἀδελφῶν.</strong></span> <span class='ocrx_word' id='word_1_157' title='bbox 3101 853 3238 906; x_wconf 73' lang='grc' dir='ltr'><strong>ἀλλὰ</strong></span> <span class='ocrx_word' id='word_1_158' title='bbox 3268 854 3529 914; x_wconf 73' lang='grc' dir='ltr'><strong>ἀναστὰς,</strong></span> <span class='ocrx_word' id='word_1_159' title='bbox 3561 851 3822 919; x_wconf 51' lang='lat' dir='ltr'><strong>Balari;-</strong></span> 
     </span>
    </p>
   </div>
   <div class='ocr_carea' id='block_1_25' title="bbox 2223 943 3817 1015">
    <p class='ocr_par' dir='ltr' id='par_1_25' title="bbox 2223 943 3817 1015">
     <span class='ocr_line' id='line_1_25' title="bbox 2223 943 3817 1015; baseline -0.001 -19"><span class='ocrx_word' id='word_1_160' title='bbox 2223 959 2375 1008; x_wconf 81' lang='grc' dir='ltr'><strong>σατε,</strong></span> <span class='ocrx_word' id='word_1_161' title='bbox 2413 944 2676 1013; x_wconf 85' lang='grc' dir='ltr'><strong>Πατέρες,</strong></span> <span class='ocrx_word' id='word_1_162' title='bbox 2728 945 2898 1013; x_wconf 76' lang='grc' dir='ltr'><strong>ἐρεῖς,</strong></span> <span class='ocrx_word' id='word_1_163' title='bbox 2931 946 3122 1015; x_wconf 74' lang='grc' dir='ltr'><strong>πόρρω</strong></span> <span class='ocrx_word' id='word_1_164' title='bbox 3155 960 3215 995; x_wconf 83' lang='grc' dir='ltr'><strong>τε</strong></span> <span class='ocrx_word' id='word_1_165' title='bbox 3245 943 3453 996; x_wconf 84' lang='grc' dir='ltr'><strong>τούτων</strong></span> <span class='ocrx_word' id='word_1_166' title='bbox 3486 945 3817 1012; x_wconf 51' lang='grc' dir='ltr'><strong>τεκόμενος,</strong></span> 
     </span>
    </p>
   </div>
   <div class='ocr_carea' id='block_1_26' title="bbox 2220 1033 3817 1104">
    <p class='ocr_par' dir='ltr' id='par_1_26' title="bbox 2220 1033 3817 1104">
     <span class='ocr_line' id='line_1_26' title="bbox 2220 1033 3817 1104; baseline -0.001 -19"><span class='ocrx_word' id='word_1_167' title='bbox 2220 1034 2314 1086; x_wconf 77' lang='grc' dir='ltr'><strong>καὶ</strong></span> <span class='ocrx_word' id='word_1_168' title='bbox 2343 1037 2445 1102; x_wconf 79' lang='grc' dir='ltr'><strong>τὴν</strong></span> <span class='ocrx_word' id='word_1_169' title='bbox 2491 1035 2680 1104; x_wconf 81' lang='grc' dir='ltr'>χρείαν</span> <span class='ocrx_word' id='word_1_170' title='bbox 2722 1033 3039 1104; x_wconf 75' lang='grc' dir='ltr'><strong>πληρώσας,</strong></span> <span class='ocrx_word' id='word_1_171' title='bbox 3071 1037 3251 1103; x_wconf 73' lang='grc' dir='ltr'><strong>ἡσυχῆ</strong></span> <span class='ocrx_word' id='word_1_172' title='bbox 3299 1034 3461 1087; x_wconf 79' lang='grc' dir='ltr'><strong>πάλιν</strong></span> <span class='ocrx_word' id='word_1_173' title='bbox 3499 1034 3704 1095; x_wconf 75' lang='grc' dir='ltr'><strong>ἐλθὼν,</strong></span> <span class='ocrx_word' id='word_1_174' title='bbox 3748 1036 3817 1102; x_wconf 69' lang='grc' dir='ltr'><strong>τῇ</strong></span> 
     </span>
    </p>
   </div>
   <div class='ocr_carea' id='block_1_27' title="bbox 2219 1125 3819 1203">
    <p class='ocr_par' dir='ltr' id='par_1_27' title="bbox 2219 1125 3819 1203">
     <span class='ocr_line' id='line_1_27' title="bbox 2219 1125 3819 1203; baseline 0.001 -26"><span class='ocrx_word' id='word_1_175' title='bbox 2219 1125 2469 1197; x_wconf 77' lang='grc' dir='ltr'><strong>τραπέζῃ</strong></span> <span class='ocrx_word' id='word_1_176' title='bbox 2518 1125 2712 1179; x_wconf 80' lang='grc' dir='ltr'><strong>ἑαυτὸν</strong></span> <span class='ocrx_word' id='word_1_177' title='bbox 2744 1129 3090 1203; x_wconf 74' lang='grc' dir='ltr'><strong>παρενεὶρῃς,</strong></span> <span class='ocrx_word' id='word_1_178' title='bbox 3131 1127 3375 1189; x_wconf 79' lang='grc' dir='ltr'><strong>εὐλαϐῶς</strong></span> <span class='ocrx_word' id='word_1_179' title='bbox 3403 1143 3464 1178; x_wconf 83' lang='grc' dir='ltr'><strong>τε</strong></span> <span class='ocrx_word' id='word_1_180' title='bbox 3509 1126 3819 1196; x_wconf 50' lang='grc' dir='ltr'><strong>μεταλήέῃ</strong></span> 
     </span>
    </p>
   </div>
   <div class='ocr_carea' id='block_1_28' title="bbox 2217 1218 3812 1290">
    <p class='ocr_par' dir='ltr' id='par_1_28' title="bbox 2217 1218 3812 1290">
     <span class='ocr_line' id='line_1_28' title="bbox 2217 1218 3812 1290; baseline 0.001 -22"><span class='ocrx_word' id='word_1_181' title='bbox 2217 1218 2326 1269; x_wconf 85' lang='grc' dir='ltr'><strong>τῶν</strong></span> <span class='ocrx_word' id='word_1_182' title='bbox 2369 1218 2887 1290; x_wconf 80' lang='grc' dir='ltr'><strong>προκειμένων,ὡς</strong></span> <span class='ocrx_word' id='word_1_183' title='bbox 2935 1220 3042 1273; x_wconf 70' lang='grc' dir='ltr'><strong>ὑπὸ</strong></span> <span class='ocrx_word' id='word_1_184' title='bbox 3089 1219 3473 1290; x_wconf 74' lang='grc' dir='ltr'><strong>παραστὰταις</strong></span> <span class='ocrx_word' id='word_1_185' title='bbox 3518 1218 3812 1285; x_wconf 72' lang='grc' dir='ltr'><strong>ἀγγέλοις.</strong></span> 
     </span>
    </p>
   </div>
   <div class='ocr_carea' id='block_1_29' title="bbox 2217 1304 3811 1381">
    <p class='ocr_par' dir='ltr' id='par_1_29' title="bbox 2217 1304 3811 1381">
     <span class='ocr_line' id='line_1_29' title="bbox 2217 1304 3811 1381; baseline 0.001 -21"><span class='ocrx_word' id='word_1_186' title='bbox 2217 1304 2377 1372; x_wconf 87' lang='grc' dir='ltr'><strong>Οἷνος</strong></span> <span class='ocrx_word' id='word_1_187' title='bbox 2403 1311 2717 1365; x_wconf 82' lang='grc' dir='ltr'><strong>παντάπασι</strong></span> <span class='ocrx_word' id='word_1_188' title='bbox 2754 1316 3010 1381; x_wconf 83' lang='grc' dir='ltr'><strong>μοναχοῖς</strong></span> <span class='ocrx_word' id='word_1_189' title='bbox 3038 1310 3447 1381; x_wconf 79' lang='grc' dir='ltr'><strong>ἀπαγορευτέος</strong></span> <span class='ocrx_word' id='word_1_190' title='bbox 3481 1327 3497 1341; x_wconf 88' lang='grc'><strong>·</strong></span> <span class='ocrx_word' id='word_1_191' title='bbox 3537 1313 3592 1363; x_wconf 90' lang='grc' dir='ltr'><strong>εἰ</strong></span> <span class='ocrx_word' id='word_1_192' title='bbox 3619 1310 3682 1362; x_wconf 81' lang='grc' dir='ltr'><strong>δέ</strong></span> <span class='ocrx_word' id='word_1_193' title='bbox 3722 1328 3811 1373; x_wconf 74' lang='grc' dir='ltr'><strong>τις</strong></span> 
     </span>
    </p>
   </div>
   <div class='ocr_carea' id='block_1_30' title="bbox 2217 1400 3815 1473">
    <p class='ocr_par' dir='ltr' id='par_1_30' title="bbox 2217 1400 3815 1473">
     <span class='ocr_line' id='line_1_30' title="bbox 2217 1400 3815 1473; baseline 0.001 -20"><span class='ocrx_word' id='word_1_194' title='bbox 2217 1400 2365 1471; x_wconf 80' lang='grc' dir='ltr'><strong>αὐτῷ</strong></span> <span class='ocrx_word' id='word_1_195' title='bbox 2411 1401 2504 1455; x_wconf 83' lang='grc' dir='ltr'><strong>διὰ</strong></span> <span class='ocrx_word' id='word_1_196' title='bbox 2556 1403 2813 1473; x_wconf 84' lang='grc' dir='ltr'><strong>σώματος</strong></span> <span class='ocrx_word' id='word_1_197' title='bbox 2872 1402 3161 1456; x_wconf 79' lang='grc' dir='ltr'><strong>ἀσθένειαν</strong></span> <span class='ocrx_word' id='word_1_198' title='bbox 3225 1403 3443 1472; x_wconf 78' lang='grc' dir='ltr'><strong>χρῷτο,</strong></span> <span class='ocrx_word' id='word_1_199' title='bbox 3482 1402 3604 1456; x_wconf 80' lang='grc' dir='ltr'><strong>λίαν</strong></span> <span class='ocrx_word' id='word_1_200' title='bbox 3632 1403 3815 1470; x_wconf 60' lang='grc' dir='ltr'><strong>ὀλίγῳ</strong></span> 
     </span>
    </p>
   </div>
   <div class='ocr_carea' id='block_1_31' title="bbox 2215 1493 3812 1565">
    <p class='ocr_par' dir='ltr' id='par_1_31' title="bbox 2215 1493 3812 1565">
     <span class='ocr_line' id='line_1_31' title="bbox 2215 1493 3812 1565; baseline -0.001 -20"><span class='ocrx_word' id='word_1_201' title='bbox 2215 1495 2529 1564; x_wconf 79' lang='grc' dir='ltr'><strong>κεχρήσθω’</strong></span> <span class='ocrx_word' id='word_1_202' title='bbox 2562 1496 2832 1565; x_wconf 74' lang='grc' dir='ltr'><strong>παροικῐα</strong></span> <span class='ocrx_word' id='word_1_203' title='bbox 2855 1496 2962 1565; x_wconf 80' lang='grc' dir='ltr'><strong>γὰρ</strong></span> <span class='ocrx_word' id='word_1_204' title='bbox 2994 1495 3266 1564; x_wconf 79' lang='grc' dir='ltr'><strong>δαιμόνων</strong></span> <span class='ocrx_word' id='word_1_205' title='bbox 3301 1493 3480 1563; x_wconf 73' lang='grc' dir='ltr'>σαφὴς</span> <span class='ocrx_word' id='word_1_206' title='bbox 3507 1495 3539 1562; x_wconf 80' lang='grc' dir='ltr'><strong>ἡ</strong></span> <span class='ocrx_word' id='word_1_207' title='bbox 3577 1493 3812 1544; x_wconf 76' lang='grc' dir='ltr'><strong>πολυοι-</strong></span> 
     </span>
    </p>
   </div>
   <div class='ocr_carea' id='block_1_32' title="bbox 2214 1582 3809 1655">
    <p class='ocr_par' dir='ltr' id='par_1_32' title="bbox 2214 1582 3809 1655">
     <span class='ocr_line' id='line_1_32' title="bbox 2214 1582 3809 1655; baseline -0.001 -21"><span class='ocrx_word' id='word_1_208' title='bbox 2214 1584 2325 1635; x_wconf 80' lang='grc' dir='ltr'><strong>νία·</strong></span> <span class='ocrx_word' id='word_1_209' title='bbox 2352 1583 2431 1654; x_wconf 68' lang='grc' dir='ltr'><strong>τῷ</strong></span> <span class='ocrx_word' id='word_1_210' title='bbox 2458 1599 2515 1637; x_wconf 83' lang='grc' dir='ltr'><strong>τε</strong></span> <span class='ocrx_word' id='word_1_211' title='bbox 2539 1584 2649 1655; x_wconf 82' lang='grc' dir='ltr'><strong>γὰρ</strong></span> <span class='ocrx_word' id='word_1_212' title='bbox 2675 1585 2888 1654; x_wconf 84' lang='grc' dir='ltr'><strong>σώματι</strong></span> <span class='ocrx_word' id='word_1_213' title='bbox 2912 1585 3211 1655; x_wconf 79' lang='grc' dir='ltr'><strong>πυρώσεως</strong></span> <span class='ocrx_word' id='word_1_214' title='bbox 3234 1583 3542 1636; x_wconf 82' lang='grc' dir='ltr'><strong>ὐπανάπτει</strong></span> <span class='ocrx_word' id='word_1_215' title='bbox 3568 1582 3809 1649; x_wconf 68' lang='grc' dir='ltr'><strong>φλόγας,</strong></span> 
     </span>
    </p>
   </div>
   <div class='ocr_carea' id='block_1_33' title="bbox 2215 1661 3809 1745">
    <p class='ocr_par' dir='ltr' id='par_1_33' title="bbox 2215 1661 3809 1745">
     <span class='ocr_line' id='line_1_33' title="bbox 2215 1661 3809 1745; baseline -0.004 -16"><span class='ocrx_word' id='word_1_216' title='bbox 2215 1673 2311 1727; x_wconf 77' lang='grc' dir='ltr'><strong>καὶ</strong></span> <span class='ocrx_word' id='word_1_217' title='bbox 2358 1661 2656 1745; x_wconf 72' lang='grc' dir='ltr'><strong>βαρὺνμὲν</strong></span> <span class='ocrx_word' id='word_1_218' title='bbox 2695 1676 2786 1728; x_wconf 80' lang='grc' dir='ltr'><strong>τὸν</strong></span> <span class='ocrx_word' id='word_1_219' title='bbox 2817 1674 3007 1736; x_wconf 85' lang='grc' dir='ltr'><strong>ὕπνον,</strong></span> <span class='ocrx_word' id='word_1_220' title='bbox 3038 1673 3387 1744; x_wconf 72' lang='grc' dir='ltr'><strong>ἀμϐλυτέρας</strong></span> <span class='ocrx_word' id='word_1_221' title='bbox 3434 1673 3493 1726; x_wconf 78' lang='grc' dir='ltr'><strong>δὲ</strong></span> <span class='ocrx_word' id='word_1_222' title='bbox 3520 1672 3621 1737; x_wconf 75' lang='grc' dir='ltr'><strong>τὰς</strong></span> <span class='ocrx_word' id='word_1_223' title='bbox 3666 1674 3809 1741; x_wconf 76' lang='grc' dir='ltr'><strong>φρὲο</strong></span> 
     </span>
    </p>
   </div>
   <div class='ocr_carea' id='block_1_34' title="bbox 534 1745 2114 1840">
    <p class='ocr_par' dir='ltr' id='par_1_34' title="bbox 534 1745 2107 1840">
     <span class='ocr_line' id='line_1_34' title="bbox 534 1745 2107 1840; baseline -0.002 -18"><span class='ocrx_word' id='word_1_224' title='bbox 534 1745 761 1825; x_wconf 75' lang='lat' dir='ltr'><strong>lentiam</strong></span> <span class='ocrx_word' id='word_1_225' title='bbox 815 1779 1002 1840; x_wconf 90' lang='lat' dir='ltr'><strong>aptum</strong></span> <span class='ocrx_word' id='word_1_226' title='bbox 1048 1785 1146 1824; x_wconf 72' lang='lat' dir='ltr'><strong>vos</strong></span> <span class='ocrx_word' id='word_1_227' title='bbox 1205 1745 1494 1823; x_wconf 63' lang='lat' dir='ltr'><strong>daemoniis</strong></span> <span class='ocrx_word' id='word_1_228' title='bbox 1543 1766 1923 1822; x_wconf 88' lang='lat' dir='ltr'><strong>habitaculum</strong></span> <span class='ocrx_word' id='word_1_229' title='bbox 1952 1765 2107 1832; x_wconf 87' lang='lat' dir='ltr'><strong>fieri;</strong></span> 
     </span>
    </p>
   </div>
   <div class='ocr_carea' id='block_1_35' title="bbox 2209 1745 3810 1840">
    <p class='ocr_par' dir='ltr' id='par_1_35' title="bbox 2220 1764 3810 1836">
     <span class='ocr_line' id='line_1_35' title="bbox 2220 1764 3810 1836; baseline -0.001 -18"><span class='ocrx_word' id='word_1_230' title='bbox 2220 1782 2317 1827; x_wconf 80' lang='grc' dir='ltr'><strong>νας</strong></span> <span class='ocrx_word' id='word_1_231' title='bbox 2344 1765 2660 1835; x_wconf 72' lang='grc' dir='ltr'><strong>ἐργάζεται,</strong></span> <span class='ocrx_word' id='word_1_232' title='bbox 2691 1765 2797 1832; x_wconf 72' lang='grc' dir='ltr'><strong>ἔξω</strong></span> <span class='ocrx_word' id='word_1_233' title='bbox 2822 1782 2884 1819; x_wconf 85' lang='grc' dir='ltr'><strong>τε</strong></span> <span class='ocrx_word' id='word_1_234' title='bbox 2912 1765 3166 1836; x_wconf 82' lang='grc' dir='ltr'><strong>καθάπερ</strong></span> <span class='ocrx_word' id='word_1_235' title='bbox 3188 1764 3384 1819; x_wconf 80' lang='grc' dir='ltr'><strong>ἑαυτοῦ</strong></span> <span class='ocrx_word' id='word_1_236' title='bbox 3411 1766 3503 1818; x_wconf 80' lang='grc' dir='ltr'><strong>τὸν</strong></span> <span class='ocrx_word' id='word_1_237' title='bbox 3551 1764 3810 1835; x_wconf 74' lang='grc' dir='ltr'><strong>ἡγεμόνα</strong></span> 
     </span>
    </p>
   </div>
   <div class='ocr_carea' id='block_1_36' title="bbox 537 1857 2111 1931">
    <p class='ocr_par' dir='ltr' id='par_1_36' title="bbox 537 1857 2111 1931">
     <span class='ocr_line' id='line_1_36' title="bbox 537 1857 2111 1931; baseline -0.002 -17"><span class='ocrx_word' id='word_1_238' title='bbox 537 1860 629 1914; x_wconf 92' lang='lat' dir='ltr'><strong>illa</strong></span> <span class='ocrx_word' id='word_1_239' title='bbox 653 1862 858 1931; x_wconf 87' lang='lat' dir='ltr'><strong>quippe</strong></span> <span class='ocrx_word' id='word_1_240' title='bbox 889 1862 942 1915; x_wconf 92' lang='lat' dir='ltr'><strong>in</strong></span> <span class='ocrx_word' id='word_1_241' title='bbox 971 1875 1203 1930; x_wconf 88' lang='lat' dir='ltr'><strong>corpore</strong></span> <span class='ocrx_word' id='word_1_242' title='bbox 1230 1859 1477 1914; x_wconf 85' lang='lat' dir='ltr'><strong>ﬂammas</strong></span> <span class='ocrx_word' id='word_1_243' title='bbox 1513 1859 1762 1914; x_wconf 86' lang='lat' dir='ltr'><strong>libidinis</strong></span> <span class='ocrx_word' id='word_1_244' title='bbox 1799 1857 2111 1922; x_wconf 88' lang='lat' dir='ltr'><strong>succendit,</strong></span> 
     </span>
    </p>
   </div>
   <div class='ocr_carea' id='block_1_37' title="bbox 2221 1856 2695 1928">
    <p class='ocr_par' dir='ltr' id='par_1_37' title="bbox 2221 1856 2695 1928">
     <span class='ocr_line' id='line_1_37' title="bbox 2221 1856 2695 1928; baseline 0.002 -18"><span class='ocrx_word' id='word_1_245' title='bbox 2221 1856 2513 1928; x_wconf 78' lang='grc' dir='ltr'><strong>καθίστησι</strong></span> <span class='ocrx_word' id='word_1_246' title='bbox 2547 1856 2695 1912; x_wconf 84' lang='grc' dir='ltr'>νοῦν.</span> 
     </span>
    </p>
   </div>
   <div class='ocr_carea' id='block_1_38' title="bbox 533 1947 3802 2022">
    <p class='ocr_par' dir='ltr' id='par_1_38' title="bbox 533 1947 3802 2022">
     <span class='ocr_line' id='line_1_38' title="bbox 533 1947 3802 2022; baseline -0.001 -18"><span class='ocrx_word' id='word_1_247' title='bbox 533 1951 630 2006; x_wconf 84' lang='lat' dir='ltr'><strong>illa</strong></span> <span class='ocrx_word' id='word_1_248' title='bbox 680 1954 929 2022; x_wconf 83' lang='lat' dir='ltr'><strong>gravium</strong></span> <span class='ocrx_word' id='word_1_249' title='bbox 1007 1967 1330 2008; x_wconf 91' lang='lat' dir='ltr'><strong>somnorum</strong></span> <span class='ocrx_word' id='word_1_250' title='bbox 1395 1967 1561 2006; x_wconf 85' lang='lat' dir='ltr'><strong>causa</strong></span> <span class='ocrx_word' id='word_1_251' title='bbox 1609 1960 1730 2015; x_wconf 88' lang='lat' dir='ltr'><strong>est;</strong></span> <span class='ocrx_word' id='word_1_252' title='bbox 1790 1950 1880 2005; x_wconf 89' lang='lat' dir='ltr'><strong>illa</strong></span> <span class='ocrx_word' id='word_1_253' title='bbox 1938 1950 2140 2020; x_wconf 81' lang='lat' dir='ltr'><strong>pingue</strong></span> <span class='ocrx_word' id='word_1_254' title='bbox 2196 1949 2566 2019; x_wconf 88' lang='lat' dir='ltr'><strong>obtusumque</strong></span> <span class='ocrx_word' id='word_1_255' title='bbox 2615 1948 2797 2005; x_wconf 90' lang='lat' dir='ltr'><strong>reddit</strong></span> <span class='ocrx_word' id='word_1_256' title='bbox 2853 1950 3176 2021; x_wconf 88' lang='lat' dir='ltr'><strong>ingenium;</strong></span> <span class='ocrx_word' id='word_1_257' title='bbox 3226 1958 3287 2004; x_wconf 91' lang='lat' dir='ltr'><strong>ut</strong></span> <span class='ocrx_word' id='word_1_258' title='bbox 3374 1948 3515 2003; x_wconf 90' lang='lat' dir='ltr'><strong>nihil</strong></span> <span class='ocrx_word' id='word_1_259' title='bbox 3573 1947 3802 2013; x_wconf 62' lang='lat' dir='ltr'><strong>dicam,</strong></span> 
     </span>
    </p>
   </div>
   <div class='ocr_carea' id='block_1_39' title="bbox 535 2039 986 2109">
    <p class='ocr_par' dir='ltr' id='par_1_39' title="bbox 535 2039 986 2109">
     <span class='ocr_line' id='line_1_39' title="bbox 535 2039 986 2109; baseline 0.007 -17"><span class='ocrx_word' id='word_1_260' title='bbox 535 2039 682 2109; x_wconf 88' lang='lat' dir='ltr'><strong>quod</strong></span> <span class='ocrx_word' id='word_1_261' title='bbox 723 2050 986 2104; x_wconf 86' lang='lat' dir='ltr'><strong>mentem,</strong></span> 
     </span>
    </p>
   </div>
   <div class='ocr_carea' id='block_1_40' title="bbox 570 2128 2110 2195">
    <p class='ocr_par' dir='ltr' id='par_1_40' title="bbox 570 2128 2110 2195">
     <span class='ocr_line' id='line_1_40' title="bbox 570 2128 2110 2195; baseline 0 -12"><span class='ocrx_word' id='word_1_262' title='bbox 570 2131 695 2191; x_wconf 80' lang='lat'><strong>_57.</strong></span> <span class='ocrx_word' id='word_1_263' title='bbox 746 2129 881 2185; x_wconf 88' lang='lat' dir='ltr'><strong>Cum</strong></span> <span class='ocrx_word' id='word_1_264' title='bbox 940 2128 1249 2184; x_wconf 80' lang='lat' dir='ltr'><strong>infirmatus</strong></span> <span class='ocrx_word' id='word_1_265' title='bbox 1298 2130 1489 2195; x_wconf 87' lang='lat' dir='ltr'><strong>fueris,</strong></span> <span class='ocrx_word' id='word_1_266' title='bbox 1533 2130 1782 2185; x_wconf 89' lang='lat' dir='ltr'><strong>medicus</strong></span> <span class='ocrx_word' id='word_1_267' title='bbox 1834 2130 1933 2184; x_wconf 90' lang='lat' dir='ltr'><strong>tibi</strong></span> <span class='ocrx_word' id='word_1_268' title='bbox 1965 2130 2110 2184; x_wconf 84' lang='lat' dir='ltr'><strong>Deus</strong></span> 
     </span>
    </p>
   </div>
   <div class='ocr_carea' id='block_1_41' title="bbox 533 2219 2109 2291">
    <p class='ocr_par' dir='ltr' id='par_1_41' title="bbox 533 2219 2109 2291">
     <span class='ocr_line' id='line_1_41' title="bbox 533 2219 2109 2291; baseline -0.001 -16"><span class='ocrx_word' id='word_1_269' title='bbox 533 2230 673 2275; x_wconf 84' lang='lat' dir='ltr'><strong>esto.</strong></span> <span class='ocrx_word' id='word_1_270' title='bbox 712 2219 849 2276; x_wconf 89' lang='lat' dir='ltr'><strong>Cum</strong></span> <span class='ocrx_word' id='word_1_271' title='bbox 879 2219 1112 2275; x_wconf 84' lang='lat' dir='ltr'><strong>fratrum</strong></span> <span class='ocrx_word' id='word_1_272' title='bbox 1140 2221 1414 2291; x_wconf 72' lang='lat' dir='ltr'><strong>quispiam</strong></span> <span class='ocrx_word' id='word_1_273' title='bbox 1456 2221 1719 2276; x_wconf 89' lang='lat' dir='ltr'><strong>inciderit</strong></span> <span class='ocrx_word' id='word_1_274' title='bbox 1749 2222 1805 2275; x_wconf 93' lang='lat' dir='ltr'><strong>in</strong></span> <span class='ocrx_word' id='word_1_275' title='bbox 1853 2221 2109 2275; x_wconf 88' lang='lat' dir='ltr'><strong>morbum</strong></span> 
     </span>
    </p>
   </div>
   <div class='ocr_carea' id='block_1_42' title="bbox 534 2311 2108 2382">
    <p class='ocr_par' dir='ltr' id='par_1_42' title="bbox 534 2311 2108 2382">
     <span class='ocr_line' id='line_1_42' title="bbox 534 2311 2108 2382; baseline 0.001 -18"><span class='ocrx_word' id='word_1_276' title='bbox 534 2311 629 2379; x_wconf 88' lang='lat' dir='ltr'><strong>qui</strong></span> <span class='ocrx_word' id='word_1_277' title='bbox 676 2311 886 2366; x_wconf 78' lang='lat' dir='ltr'><strong>olitlum</strong></span> <span class='ocrx_word' id='word_1_278' title='bbox 914 2311 1165 2367; x_wconf 68' lang='lat' dir='ltr'><strong>faetorem</strong></span> <span class='ocrx_word' id='word_1_279' title='bbox 1200 2312 1439 2375; x_wconf 88' lang='lat' dir='ltr'><strong>emittit,</strong></span> <span class='ocrx_word' id='word_1_280' title='bbox 1464 2328 1532 2368; x_wconf 91' lang='lat' dir='ltr'><strong>ne</strong></span> <span class='ocrx_word' id='word_1_281' title='bbox 1572 2313 1901 2382; x_wconf 87' lang='lat' dir='ltr'><strong>deprecetur</strong></span> <span class='ocrx_word' id='word_1_282' title='bbox 1944 2313 2108 2368; x_wconf 90' lang='lat' dir='ltr'><strong>mini-</strong></span> 
     </span>
    </p>
   </div>
   <div class='ocr_carea' id='block_1_43' title="bbox 533 2402 2108 2461">
    <p class='ocr_par' dir='ltr' id='par_1_43' title="bbox 533 2402 2108 2461">
     <span class='ocr_line' id='line_1_43' title="bbox 533 2402 2108 2461; baseline 0.001 -4"><span class='ocrx_word' id='word_1_283' title='bbox 533 2402 767 2458; x_wconf 78' lang='lat' dir='ltr'><strong>sterium</strong></span> <span class='ocrx_word' id='word_1_284' title='bbox 798 2404 1076 2459; x_wconf 86' lang='lat' dir='ltr'><strong>curatoris</strong></span> <span class='ocrx_word' id='word_1_285' title='bbox 1105 2405 1431 2461; x_wconf 76' lang='lat' dir='ltr'><strong>monachus.</strong></span> <span class='ocrx_word' id='word_1_286' title='bbox 1475 2421 1547 2461; x_wconf 88' lang='lat' dir='ltr'><strong>ne</strong></span> <span class='ocrx_word' id='word_1_287' title='bbox 1575 2415 1836 2461; x_wconf 87' lang='lat' dir='ltr'><strong>vereatur</strong></span> <span class='ocrx_word' id='word_1_288' title='bbox 1860 2420 2108 2460; x_wconf 83' lang='lat' dir='ltr'><strong>commo-</strong></span> 
     </span>
    </p>
   </div>
   <div class='ocr_carea' id='block_1_44' title="bbox 529 2493 2103 2567">
    <p class='ocr_par' dir='ltr' id='par_1_44' title="bbox 529 2493 2103 2567">
     <span class='ocr_line' id='line_1_44' title="bbox 529 2493 2103 2567; baseline 0.003 -19"><span class='ocrx_word' id='word_1_289' title='bbox 529 2493 662 2550; x_wconf 85' lang='lat' dir='ltr'><strong>dare</strong></span> <span class='ocrx_word' id='word_1_290' title='bbox 692 2510 937 2559; x_wconf 89' lang='lat' dir='ltr'><strong>manum,</strong></span> <span class='ocrx_word' id='word_1_291' title='bbox 965 2505 1023 2551; x_wconf 87' lang='lat' dir='ltr'><strong>et</strong></span> <span class='ocrx_word' id='word_1_292' title='bbox 1052 2496 1275 2552; x_wconf 84' lang='lat' dir='ltr'><strong>deterso</strong></span> <span class='ocrx_word' id='word_1_293' title='bbox 1304 2514 1445 2567; x_wconf 84' lang='lat' dir='ltr'><strong>pure</strong></span> <span class='ocrx_word' id='word_1_294' title='bbox 1471 2498 1698 2553; x_wconf 83' lang='lat' dir='ltr'><strong>vulnera</strong></span> <span class='ocrx_word' id='word_1_295' title='bbox 1742 2513 1965 2553; x_wconf 90' lang='lat' dir='ltr'><strong>curare:</strong></span> <span class='ocrx_word' id='word_1_296' title='bbox 1993 2498 2103 2553; x_wconf 92' lang='lat' dir='ltr'><strong>imo</strong></span> 
     </span>
    </p>
   </div>
   <div class='ocr_carea' id='block_1_45' title="bbox 528 2585 2101 2660">
    <p class='ocr_par' dir='ltr' id='par_1_45' title="bbox 528 2585 2101 2660">
     <span class='ocr_line' id='line_1_45' title="bbox 528 2585 2101 2660; baseline 0.003 -20"><span class='ocrx_word' id='word_1_297' title='bbox 528 2600 662 2641; x_wconf 84' lang='lat' dir='ltr'><strong>vero</strong></span> <span class='ocrx_word' id='word_1_298' title='bbox 688 2585 889 2641; x_wconf 83' lang='lat' dir='ltr'><strong>infirmi</strong></span> <span class='ocrx_word' id='word_1_299' title='bbox 918 2587 1123 2642; x_wconf 89' lang='lat' dir='ltr'><strong>lectum</strong></span> <span class='ocrx_word' id='word_1_300' title='bbox 1156 2590 1411 2653; x_wconf 88' lang='lat' dir='ltr'><strong>sternito,</strong></span> <span class='ocrx_word' id='word_1_301' title='bbox 1445 2598 1502 2644; x_wconf 87' lang='lat' dir='ltr'><strong>et</strong></span> <span class='ocrx_word' id='word_1_302' title='bbox 1527 2589 1573 2644; x_wconf 91' lang='lat' dir='ltr'><strong>si</strong></span> <span class='ocrx_word' id='word_1_303' title='bbox 1604 2605 1713 2659; x_wconf 91' lang='lat' dir='ltr'><strong>qua</strong></span> <span class='ocrx_word' id='word_1_304' title='bbox 1742 2605 1801 2644; x_wconf 89' lang='lat' dir='ltr'><strong>re</strong></span> <span class='ocrx_word' id='word_1_305' title='bbox 1851 2590 2101 2660; x_wconf 87' lang='lat' dir='ltr'><strong>indigere</strong></span> 
     </span>
    </p>
   </div>
   <div class='ocr_carea' id='block_1_46' title="bbox 527 2677 2100 2751">
    <p class='ocr_par' dir='ltr' id='par_1_46' title="bbox 527 2677 2100 2751">
     <span class='ocr_line' id='line_1_46' title="bbox 527 2677 2100 2751; baseline 0.003 -20"><span class='ocrx_word' id='word_1_306' title='bbox 527 2677 737 2744; x_wconf 84' lang='lat' dir='ltr'><strong>audiat,</strong></span> <span class='ocrx_word' id='word_1_307' title='bbox 782 2689 1035 2750; x_wconf 89' lang='lat' dir='ltr'><strong>prompte</strong></span> <span class='ocrx_word' id='word_1_308' title='bbox 1092 2681 1465 2751; x_wconf 86' lang='lat' dir='ltr'><strong>suppeditato,</strong></span> <span class='ocrx_word' id='word_1_309' title='bbox 1510 2682 1676 2751; x_wconf 89' lang='lat' dir='ltr'><strong>idque</strong></span> <span class='ocrx_word' id='word_1_310' title='bbox 1714 2682 1811 2746; x_wconf 91' lang='lat' dir='ltr'><strong>ita,</strong></span> <span class='ocrx_word' id='word_1_311' title='bbox 1862 2694 1922 2737; x_wconf 87' lang='lat' dir='ltr'><strong>ut</strong></span> <span class='ocrx_word' id='word_1_312' title='bbox 1959 2682 2100 2736; x_wconf 90' lang='lat' dir='ltr'><strong>nihil</strong></span> 
     </span>
    </p>
   </div>
   <div class='ocr_carea' id='block_1_47' title="bbox 527 2768 2100 2844">
    <p class='ocr_par' dir='ltr' id='par_1_47' title="bbox 527 2768 2100 2844">
     <span class='ocr_line' id='line_1_47' title="bbox 527 2768 2100 2844; baseline 0.003 -21"><span class='ocrx_word' id='word_1_313' title='bbox 527 2768 972 2841; x_wconf 77' lang='lat' dir='ltr'><strong>conviciijaciat,</strong></span> <span class='ocrx_word' id='word_1_314' title='bbox 998 2773 1136 2826; x_wconf 84' lang='lat' dir='ltr'><strong>nihil</strong></span> <span class='ocrx_word' id='word_1_315' title='bbox 1163 2773 1345 2844; x_wconf 80' lang='lat' dir='ltr'><strong>magni</strong></span> <span class='ocrx_word' id='word_1_316' title='bbox 1385 2788 1488 2827; x_wconf 85' lang='lat' dir='ltr'><strong>ase</strong></span> <span class='ocrx_word' id='word_1_317' title='bbox 1518 2773 1724 2827; x_wconf 89' lang='lat' dir='ltr'><strong>factum</strong></span> <span class='ocrx_word' id='word_1_318' title='bbox 1775 2774 2100 2839; x_wconf 82' lang='lat' dir='ltr'><strong>arbitretur,</strong></span> 
     </span>
    </p>
   </div>
   <div class='ocr_carea' id='block_1_48' title="bbox 527 2858 2100 2933">
    <p class='ocr_par' dir='ltr' id='par_1_48' title="bbox 527 2858 2100 2933">
     <span class='ocr_line' id='line_1_48' title="bbox 527 2858 2100 2933; baseline 0.004 -21"><span class='ocrx_word' id='word_1_319' title='bbox 527 2858 623 2913; x_wconf 85' lang='lat' dir='ltr'><strong>sed</strong></span> <span class='ocrx_word' id='word_1_320' title='bbox 657 2861 735 2914; x_wconf 91' lang='lat' dir='ltr'><strong>uti</strong></span> <span class='ocrx_word' id='word_1_321' title='bbox 781 2875 979 2915; x_wconf 88' lang='lat' dir='ltr'><strong>servus</strong></span> <span class='ocrx_word' id='word_1_322' title='bbox 1002 2861 1228 2916; x_wconf 82' lang='lat' dir='ltr'><strong>domino</strong></span> <span class='ocrx_word' id='word_1_323' title='bbox 1246 2878 1348 2918; x_wconf 83' lang='lat' dir='ltr'><strong>suo</strong></span> <span class='ocrx_word' id='word_1_324' title='bbox 1375 2862 1610 2933; x_wconf 80' lang='lat' dir='ltr'><strong>benigne</strong></span> <span class='ocrx_word' id='word_1_325' title='bbox 1656 2864 1973 2923; x_wconf 89' lang='lat' dir='ltr'><strong>famuletur.</strong></span> <span class='ocrx_word' id='word_1_326' title='bbox 2000 2863 2100 2918; x_wconf 88' lang='lat' dir='ltr'><strong>do-</strong></span> 
     </span>
    </p>
   </div>
   <div class='ocr_carea' id='block_1_49' title="bbox 1063 2039 2715 2111">
    <p class='ocr_par' dir='ltr' id='par_1_49' title="bbox 1063 2039 2715 2111">
     <span class='ocr_line' id='line_1_49' title="bbox 1063 2039 2715 2111; baseline 0 -16"><span class='ocrx_word' id='word_1_327' title='bbox 1063 2042 1491 2111; x_wconf 87' lang='lat' dir='ltr'><strong>pulcherrimam</strong></span> <span class='ocrx_word' id='word_1_328' title='bbox 1537 2041 1781 2095; x_wconf 88' lang='lat' dir='ltr'><strong>hominis</strong></span> <span class='ocrx_word' id='word_1_329' title='bbox 1817 2040 2040 2105; x_wconf 89' lang='lat' dir='ltr'><strong>ducem,</strong></span> <span class='ocrx_word' id='word_1_330' title='bbox 2074 2055 2107 2094; x_wconf 91' lang='lat' dir='ltr'><strong>e</strong></span> <span class='ocrx_word' id='word_1_331' title='bbox 2145 2039 2268 2095; x_wconf 89' lang='lat' dir='ltr'><strong>loco</strong></span> <span class='ocrx_word' id='word_1_332' title='bbox 2309 2055 2411 2094; x_wconf 91' lang='lat' dir='ltr'><strong>suo</strong></span> <span class='ocrx_word' id='word_1_333' title='bbox 2435 2040 2715 2095; x_wconf 90' lang='lat' dir='ltr'><strong>deturbet.</strong></span> 
     </span>
    </p>
   </div>
   <div class='ocr_carea' id='block_1_50' title="bbox 2283 2129 3803 2202">
    <p class='ocr_par' dir='ltr' id='par_1_50' title="bbox 2283 2129 3803 2202">
     <span class='ocr_line' id='line_1_50' title="bbox 2283 2129 3803 2202; baseline 0.002 -21"><span class='ocrx_word' id='word_1_334' title='bbox 2283 2129 2383 2194; x_wconf 80' lang='grc' dir='ltr'><strong>λζ¹.</strong></span> <span class='ocrx_word' id='word_1_335' title='bbox 2433 2130 2633 2199; x_wconf 80' lang='grc' dir='ltr'><strong>Ἰατρὸς</strong></span> <span class='ocrx_word' id='word_1_336' title='bbox 2655 2130 3027 2202; x_wconf 79' lang='grc' dir='ltr'><strong>ἀρῤωστοῠντι</strong></span> <span class='ocrx_word' id='word_1_337' title='bbox 3062 2132 3195 2196; x_wconf 73' lang='grc' dir='ltr'><strong>Θεὸς</strong></span> <span class='ocrx_word' id='word_1_338' title='bbox 3222 2132 3365 2186; x_wconf 81' lang='grc' dir='ltr'><strong>ἔστω</strong></span> <span class='ocrx_word' id='word_1_339' title='bbox 3392 2149 3497 2185; x_wconf 89' lang='grc' dir='ltr'><strong>σοι.</strong></span> <span class='ocrx_word' id='word_1_340' title='bbox 3534 2132 3734 2196; x_wconf 73' lang='grc' dir='ltr'><strong>Ἀδελερ</strong></span> <span class='ocrx_word' id='word_1_341' title='bbox 3754 2133 3803 2184; x_wconf 73' lang='grc' dir='ltr'><strong>,ὖ</strong></span> 
     </span>
    </p>
   </div>
   <div class='ocr_carea' id='block_1_51' title="bbox 2217 2220 3807 2291">
    <p class='ocr_par' dir='ltr' id='par_1_51' title="bbox 2217 2220 3807 2291">
     <span class='ocr_line' id='line_1_51' title="bbox 2217 2220 3807 2291; baseline 0 -18"><span class='ocrx_word' id='word_1_342' title='bbox 2217 2220 2378 2273; x_wconf 84' lang='grc' dir='ltr'><strong>πάθει</strong></span> <span class='ocrx_word' id='word_1_343' title='bbox 2395 2220 2659 2274; x_wconf 80' lang='grc' dir='ltr'><strong>δυσωδίαν</strong></span> <span class='ocrx_word' id='word_1_344' title='bbox 2687 2222 2924 2275; x_wconf 81' lang='grc' dir='ltr'><strong>τίκτοντι</strong></span> <span class='ocrx_word' id='word_1_345' title='bbox 2956 2224 3402 2291; x_wconf 76' lang='grc' dir='ltr'><strong>περιπίπτοντος,</strong></span> <span class='ocrx_word' id='word_1_346' title='bbox 3430 2222 3504 2291; x_wconf 79' lang='grc' dir='ltr'><strong>μὴ</strong></span> <span class='ocrx_word' id='word_1_347' title='bbox 3525 2225 3807 2291; x_wconf 63' lang='grc' dir='ltr'><strong>παραιτήι</strong></span> 
     </span>
    </p>
   </div>
   <div class='ocr_carea' id='block_1_52' title="bbox 2218 2311 3803 2382">
    <p class='ocr_par' dir='ltr' id='par_1_52' title="bbox 2218 2311 3803 2382">
     <span class='ocr_line' id='line_1_52' title="bbox 2218 2311 3803 2382; baseline 0 -19"><span class='ocrx_word' id='word_1_348' title='bbox 2218 2328 2379 2380; x_wconf 81' lang='grc' dir='ltr'><strong>σηται</strong></span> <span class='ocrx_word' id='word_1_349' title='bbox 2440 2312 2672 2381; x_wconf 79' lang='grc' dir='ltr'><strong>μοναχὸς</strong></span> <span class='ocrx_word' id='word_1_350' title='bbox 2715 2312 2955 2381; x_wconf 71' lang='grc' dir='ltr'>ἅψασθαί</span> <span class='ocrx_word' id='word_1_351' title='bbox 2977 2330 3035 2365; x_wconf 84' lang='grc' dir='ltr'><strong>τε</strong></span> <span class='ocrx_word' id='word_1_352' title='bbox 3074 2313 3239 2366; x_wconf 71' lang='grc' dir='ltr'><strong>αὐτοῦ</strong></span> <span class='ocrx_word' id='word_1_353' title='bbox 3273 2313 3367 2365; x_wconf 78' lang='grc' dir='ltr'><strong>καὶ</strong></span> <span class='ocrx_word' id='word_1_354' title='bbox 3452 2311 3803 2382; x_wconf 71' lang='grc' dir='ltr'><strong>ἀπαντλῆσαι</strong></span> 
     </span>
    </p>
   </div>
   <div class='ocr_carea' id='block_1_53' title="bbox 2220 2403 3803 2475">
    <p class='ocr_par' dir='ltr' id='par_1_53' title="bbox 2220 2403 3803 2475">
     <span class='ocr_line' id='line_1_53' title="bbox 2220 2403 3803 2475; baseline -0.001 -18"><span class='ocrx_word' id='word_1_355' title='bbox 2220 2404 2282 2457; x_wconf 74' lang='grc' dir='ltr'><strong>τὸ</strong></span> <span class='ocrx_word' id='word_1_356' title='bbox 2313 2405 2555 2475; x_wconf 78' lang='grc' dir='ltr'><strong>τραῦμα,</strong></span> <span class='ocrx_word' id='word_1_357' title='bbox 2577 2404 2714 2457; x_wconf 81' lang='grc' dir='ltr'><strong>ἀλλὰ</strong></span> <span class='ocrx_word' id='word_1_358' title='bbox 2762 2405 2859 2458; x_wconf 77' lang='grc' dir='ltr'><strong>καὶ</strong></span> <span class='ocrx_word' id='word_1_359' title='bbox 2906 2406 3094 2474; x_wconf 81' lang='grc' dir='ltr'><strong>κοίτην</strong></span> <span class='ocrx_word' id='word_1_360' title='bbox 3148 2404 3316 2458; x_wconf 86' lang='grc' dir='ltr'><strong>αὐτοῦ</strong></span> <span class='ocrx_word' id='word_1_361' title='bbox 3369 2403 3639 2475; x_wconf 79' lang='grc' dir='ltr'><strong>στρώσει.</strong></span> <span class='ocrx_word' id='word_1_362' title='bbox 3699 2408 3803 2457; x_wconf 68' lang='grc' dir='ltr'><strong>καὶ</strong></span> 
     </span>
    </p>
   </div>
   <div class='ocr_carea' id='block_1_54' title="bbox 2217 2492 3804 2565">
    <p class='ocr_par' dir='ltr' id='par_1_54' title="bbox 2217 2492 3804 2565">
     <span class='ocr_line' id='line_1_54' title="bbox 2217 2492 3804 2565; baseline -0.002 -18"><span class='ocrx_word' id='word_1_363' title='bbox 2217 2495 2341 2548; x_wconf 84' lang='grc' dir='ltr'><strong>ὅτου</strong></span> <span class='ocrx_word' id='word_1_364' title='bbox 2373 2496 2544 2550; x_wconf 82' lang='grc' dir='ltr'><strong>δέοιτο</strong></span> <span class='ocrx_word' id='word_1_365' title='bbox 2566 2496 2982 2565; x_wconf 80' lang='grc' dir='ltr'><strong>πυνθανόμενος</strong></span> <span class='ocrx_word' id='word_1_366' title='bbox 3010 2496 3245 2565; x_wconf 75' lang='grc' dir='ltr'><strong>ἑτοίμως</strong></span> <span class='ocrx_word' id='word_1_367' title='bbox 3277 2492 3476 2564; x_wconf 79' lang='grc' dir='ltr'><strong>ὀρέξει,</strong></span> <span class='ocrx_word' id='word_1_368' title='bbox 3505 2492 3608 2546; x_wconf 75' lang='grc' dir='ltr'><strong>οὐκ</strong></span> <span class='ocrx_word' id='word_1_369' title='bbox 3655 2495 3804 2545; x_wconf 74' lang='grc' dir='ltr'><strong>(ινξι-</strong></span> 
     </span>
    </p>
   </div>
   <div class='ocr_carea' id='block_1_55' title="bbox 2213 2584 3799 2657">
    <p class='ocr_par' dir='ltr' id='par_1_55' title="bbox 2213 2584 3799 2657">
     <span class='ocr_line' id='line_1_55' title="bbox 2213 2584 3799 2657; baseline -0.001 -21"><span class='ocrx_word' id='word_1_370' title='bbox 2213 2584 2397 2649; x_wconf 77' lang='grc' dir='ltr'>δίζων.</span> <span class='ocrx_word' id='word_1_371' title='bbox 2430 2587 2491 2639; x_wconf 75' lang='grc' dir='ltr'><strong>οὐ</strong></span> <span class='ocrx_word' id='word_1_372' title='bbox 2521 2587 2664 2657; x_wconf 80' lang='grc' dir='ltr'><strong>μέγα</strong></span> <span class='ocrx_word' id='word_1_373' title='bbox 2691 2605 2747 2639; x_wconf 85' lang='grc' dir='ltr'><strong>τι</strong></span> <span class='ocrx_word' id='word_1_374' title='bbox 2771 2587 2905 2657; x_wconf 79' lang='grc' dir='ltr'><strong>δρᾷν</strong></span> <span class='ocrx_word' id='word_1_375' title='bbox 2936 2588 3201 2657; x_wconf 78' lang='grc' dir='ltr'><strong>οἰόμενος,</strong></span> <span class='ocrx_word' id='word_1_376' title='bbox 3242 2584 3378 2638; x_wconf 69' lang='grc' dir='ltr'><strong>ἀλλὰ</strong></span> <span class='ocrx_word' id='word_1_377' title='bbox 3436 2584 3536 2636; x_wconf 76' lang='grc' dir='ltr'><strong>ὅσα</strong></span> <span class='ocrx_word' id='word_1_378' title='bbox 3590 2584 3799 2636; x_wconf 57' lang='lat'><strong>6.207.6-</strong></span> 
     </span>
    </p>
   </div>
   <div class='ocr_carea' id='block_1_56' title="bbox 2212 2675 3797 2748">
    <p class='ocr_par' dir='ltr' id='par_1_56' title="bbox 2212 2675 3797 2748">
     <span class='ocr_line' id='line_1_56' title="bbox 2212 2675 3797 2748; baseline -0.003 -19"><span class='ocrx_word' id='word_1_379' title='bbox 2212 2691 2282 2748; x_wconf 82' lang='grc' dir='ltr'><strong>τῃ</strong></span> <span class='ocrx_word' id='word_1_380' title='bbox 2308 2676 2493 2741; x_wconf 79' lang='grc' dir='ltr'><strong>δοῦλος</strong></span> <span class='ocrx_word' id='word_1_381' title='bbox 2516 2678 2873 2747; x_wconf 73' lang='grc' dir='ltr'>εὐγνωμόνως</span> <span class='ocrx_word' id='word_1_382' title='bbox 2896 2677 3210 2747; x_wconf 78' lang='grc' dir='ltr'><strong>ὑπηρετῶν,</strong></span> <span class='ocrx_word' id='word_1_383' title='bbox 3237 2677 3343 2737; x_wconf 73' lang='grc' dir='ltr'>ἕως</span> <span class='ocrx_word' id='word_1_384' title='bbox 3362 2677 3390 2727; x_wconf 77' lang='grc' dir='ltr'><strong>ὁ</strong></span> <span class='ocrx_word' id='word_1_385' title='bbox 3415 2675 3591 2735; x_wconf 77' lang='grc' dir='ltr'><strong>κοινὸς</strong></span> <span class='ocrx_word' id='word_1_386' title='bbox 3615 2675 3797 2726; x_wconf 73' lang='grc' dir='ltr'><strong>ἁπάν-</strong></span> 
     </span>
    </p>
   </div>
   <div class='ocr_carea' id='block_1_57' title="bbox 2208 2766 3796 2838">
    <p class='ocr_par' dir='ltr' id='par_1_57' title="bbox 2208 2766 3796 2838">
     <span class='ocr_line' id='line_1_57' title="bbox 2208 2766 3796 2838; baseline -0.003 -19"><span class='ocrx_word' id='word_1_387' title='bbox 2208 2784 2317 2820; x_wconf 88' lang='grc' dir='ltr'>των</span> <span class='ocrx_word' id='word_1_388' title='bbox 2356 2769 2632 2837; x_wconf 79' lang='grc' dir='ltr'><strong>Δεσπότης</strong></span> <span class='ocrx_word' id='word_1_389' title='bbox 2680 2769 3125 2838; x_wconf 77' lang='grc' dir='ltr'><strong>ἐπισκεψάμενος</strong></span> <span class='ocrx_word' id='word_1_390' title='bbox 3192 2767 3424 2827; x_wconf 78' lang='grc' dir='ltr'>ᾰνωθεν,</span> <span class='ocrx_word' id='word_1_391' title='bbox 3461 2766 3653 2836; x_wconf 77' lang='grc' dir='ltr'><strong>ἐγείρῃ</strong></span> <span class='ocrx_word' id='word_1_392' title='bbox 3697 2769 3796 2815; x_wconf 61' lang='grc' dir='ltr'><strong>τὶν</strong></span> 
     </span>
    </p>
   </div>
   <div class='ocr_carea' id='block_1_58' title="bbox 2208 2857 3796 2931">
    <p class='ocr_par' dir='ltr' id='par_1_58' title="bbox 2208 2857 3796 2931">
     <span class='ocr_line' id='line_1_58' title="bbox 2208 2857 3796 2931; baseline 0 -20"><span class='ocrx_word' id='word_1_393' title='bbox 2208 2859 2504 2928; x_wconf 75' lang='grc' dir='ltr'><strong>κάμνοντα.</strong></span> <span class='ocrx_word' id='word_1_394' title='bbox 2570 2859 2759 2912; x_wconf 82' lang='grc' dir='ltr'><strong>Ταῦτα</strong></span> <span class='ocrx_word' id='word_1_395' title='bbox 2806 2859 3047 2931; x_wconf 74' lang='grc' dir='ltr'><strong>τηρεξτω</strong></span> <span class='ocrx_word' id='word_1_396' title='bbox 3103 2862 3136 2930; x_wconf 78' lang='grc' dir='ltr'><strong>ἡ</strong></span> <span class='ocrx_word' id='word_1_397' title='bbox 3208 2857 3509 2928; x_wconf 74' lang='grc' dir='ltr'><strong>ἀδελφότης</strong></span> <span class='ocrx_word' id='word_1_398' title='bbox 3546 2899 3560 2923; x_wconf 92' lang='grc'><strong>,</strong></span> <span class='ocrx_word' id='word_1_399' title='bbox 3612 2857 3796 2911; x_wconf 73' lang='grc' dir='ltr'><strong>ταῦτα</strong></span> 
     </span>
    </p>
   </div>
   <div class='ocr_carea' id='block_1_59' title="bbox 530 2948 2114 3033">
    <p class='ocr_par' dir='ltr' id='par_1_59' title="bbox 530 2951 2102 3012">
     <span class='ocr_line' id='line_1_59' title="bbox 530 2951 2102 3012; baseline 0.006 -10"><span class='ocrx_word' id='word_1_400' title='bbox 530 2965 633 3005; x_wconf 87' lang='lat' dir='ltr'><strong>nec</strong></span> <span class='ocrx_word' id='word_1_401' title='bbox 656 2951 968 3007; x_wconf 89' lang='lat' dir='ltr'><strong>communis</strong></span> <span class='ocrx_word' id='word_1_402' title='bbox 993 2952 1378 3007; x_wconf 80' lang='lat' dir='ltr'><strong>universorum</strong></span> <span class='ocrx_word' id='word_1_403' title='bbox 1417 2954 1687 3009; x_wconf 84' lang='lat' dir='ltr'><strong>Dominus</strong></span> <span class='ocrx_word' id='word_1_404' title='bbox 1729 2970 1832 3009; x_wconf 85' lang='lat' dir='ltr'><strong>nos</strong></span> <span class='ocrx_word' id='word_1_405' title='bbox 1869 2956 2102 3012; x_wconf 81' lang='lat' dir='ltr'><strong>visitaus</strong></span> 
     </span>
    </p>
   </div>
   <div class='ocr_carea' id='block_1_60' title="bbox 2209 2948 3841 3033">
    <p class='ocr_par' dir='ltr' id='par_1_60' title="bbox 2209 2948 3841 3020">
     <span class='ocr_line' id='line_1_60' title="bbox 2209 2948 3841 3020; baseline -0.002 -19"><span class='ocrx_word' id='word_1_406' title='bbox 2209 2954 2380 3003; x_wconf 83' lang='grc' dir='ltr'><strong>ποιεῖν</strong></span> <span class='ocrx_word' id='word_1_407' title='bbox 2406 2950 2772 3014; x_wconf 78' lang='grc' dir='ltr'><strong>σπουδαζέτω,</strong></span> <span class='ocrx_word' id='word_1_408' title='bbox 2798 2951 2846 3003; x_wconf 65' lang='grc' dir='ltr'><strong>εἰ</strong></span> <span class='ocrx_word' id='word_1_409' title='bbox 2868 2949 3159 3020; x_wconf 83' lang='grc' dir='ltr'><strong>μέλλοιμεν</strong></span> <span class='ocrx_word' id='word_1_410' title='bbox 3177 2950 3276 3019; x_wconf 81' lang='grc' dir='ltr'><strong>τῆς</strong></span> <span class='ocrx_word' id='word_1_411' title='bbox 3296 2948 3556 3011; x_wconf 80' lang='grc' dir='ltr'>εὐκταίας</span> <span class='ocrx_word' id='word_1_412' title='bbox 3573 2950 3794 3018; x_wconf 57' lang='grc' dir='ltr'><strong>ἐκείνης</strong></span> <span class='ocrx_word' id='word_1_413' title='bbox 3834 2948 3841 2957; x_wconf 83' lang='grc'><strong>’</strong></span> 
     </span>
    </p>
   </div>
   <div class='ocr_carea' id='block_1_61' title="bbox 526 3041 2102 3113">
    <p class='ocr_par' dir='ltr' id='par_1_61' title="bbox 526 3041 2102 3113">
     <span class='ocr_line' id='line_1_61' title="bbox 526 3041 2102 3113; baseline 0.006 -18"><span class='ocrx_word' id='word_1_414' title='bbox 526 3041 719 3095; x_wconf 72' lang='lat' dir='ltr'><strong>exalto</strong></span> <span class='ocrx_word' id='word_1_415' title='bbox 737 3051 948 3097; x_wconf 82' lang='lat' dir='ltr'><strong>recreet</strong></span> <span class='ocrx_word' id='word_1_416' title='bbox 976 3043 1190 3113; x_wconf 86' lang='lat' dir='ltr'><strong>sibique</strong></span> <span class='ocrx_word' id='word_1_417' title='bbox 1219 3045 1475 3099; x_wconf 81' lang='lat' dir='ltr'><strong>restituat</strong></span> <span class='ocrx_word' id='word_1_418' title='bbox 1508 3047 1869 3101; x_wconf 86' lang='lat' dir='ltr'><strong>laborantem.</strong></span> <span class='ocrx_word' id='word_1_419' title='bbox 1905 3048 2102 3104; x_wconf 68' lang='lat' dir='ltr'><strong>lsthazc</strong></span> 
     </span>
    </p>
   </div>
   <div class='ocr_carea' id='block_1_62' title="bbox 523 3131 2102 3200">
    <p class='ocr_par' dir='ltr' id='par_1_62' title="bbox 523 3131 2102 3200">
     <span class='ocr_line' id='line_1_62' title="bbox 523 3131 2102 3200; baseline 0.001 -15"><span class='ocrx_word' id='word_1_420' title='bbox 523 3138 675 3194; x_wconf 83' lang='lat' dir='ltr'><strong>sunt,</strong></span> <span class='ocrx_word' id='word_1_421' title='bbox 727 3131 962 3190; x_wconf 85' lang='lat' dir='ltr'><strong>fratres.</strong></span> <span class='ocrx_word' id='word_1_422' title='bbox 1003 3146 1125 3200; x_wconf 62' lang='lat' dir='ltr'><strong>qua}.</strong></span> <span class='ocrx_word' id='word_1_423' title='bbox 1182 3132 1477 3186; x_wconf 76' lang='lat' dir='ltr'><strong>observare</strong></span> <span class='ocrx_word' id='word_1_424' title='bbox 1526 3148 1626 3187; x_wconf 65' lang='lat' dir='ltr'><strong>vos</strong></span> <span class='ocrx_word' id='word_1_425' title='bbox 1661 3133 1852 3187; x_wconf 74' lang='lat' dir='ltr'><strong>velim:</strong></span> <span class='ocrx_word' id='word_1_426' title='bbox 1912 3132 2102 3187; x_wconf 72' lang='lat' dir='ltr'><strong>isthzec</strong></span> 
     </span>
    </p>
   </div>
   <div class='ocr_carea' id='block_1_63' title="bbox 526 3221 2110 3292">
    <p class='ocr_par' dir='ltr' id='par_1_63' title="bbox 526 3221 2110 3292">
     <span class='ocr_line' id='line_1_63' title="bbox 526 3221 2110 3292; baseline 0.003 -18"><span class='ocrx_word' id='word_1_427' title='bbox 526 3230 789 3290; x_wconf 65' lang='lat' dir='ltr'><strong>praestare</strong></span> <span class='ocrx_word' id='word_1_428' title='bbox 836 3221 1090 3291; x_wconf 83' lang='lat' dir='ltr'><strong>satagite,</strong></span> <span class='ocrx_word' id='word_1_429' title='bbox 1152 3222 1197 3277; x_wconf 90' lang='lat' dir='ltr'><strong>si</strong></span> <span class='ocrx_word' id='word_1_430' title='bbox 1247 3222 1546 3291; x_wconf 89' lang='lat' dir='ltr'><strong>optabilem</strong></span> <span class='ocrx_word' id='word_1_431' title='bbox 1615 3223 1763 3276; x_wconf 87' lang='lat' dir='ltr'><strong>illam</strong></span> <span class='ocrx_word' id='word_1_432' title='bbox 1813 3223 2110 3292; x_wconf 89' lang='lat' dir='ltr'><strong>aliquando</strong></span> 
     </span>
    </p>
   </div>
   <div class='ocr_carea' id='block_1_64' title="bbox 523 3310 2102 3382">
    <p class='ocr_par' dir='ltr' id='par_1_64' title="bbox 523 3310 2102 3382">
     <span class='ocr_line' id='line_1_64' title="bbox 523 3310 2102 3382; baseline 0 -14"><span class='ocrx_word' id='word_1_433' title='bbox 523 3310 717 3368; x_wconf 80' lang='lat' dir='ltr'><strong>audire</strong></span> <span class='ocrx_word' id='word_1_434' title='bbox 745 3327 934 3368; x_wconf 84' lang='lat' dir='ltr'><strong>vocem</strong></span> <span class='ocrx_word' id='word_1_435' title='bbox 964 3312 1201 3382; x_wconf 88' lang='lat' dir='ltr'><strong>cupitis:</strong></span> <span class='ocrx_word' id='word_1_436' title='bbox 1248 3313 1443 3375; x_wconf 81' lang='lat' dir='ltr'><strong>Venite,</strong></span> <span class='ocrx_word' id='word_1_437' title='bbox 1473 3314 1727 3368; x_wconf 74' lang='lat' dir='ltr'><strong>benedicti</strong></span> <span class='ocrx_word' id='word_1_438' title='bbox 1766 3313 1947 3368; x_wconf 77' lang='lat' dir='ltr'><strong>Patris</strong></span> <span class='ocrx_word' id='word_1_439' title='bbox 1980 3317 2102 3379; x_wconf 87' lang='lat' dir='ltr'><strong>mei,</strong></span> 
     </span>
    </p>
   </div>
   <div class='ocr_carea' id='block_1_65' title="bbox 522 3404 2107 3477">
    <p class='ocr_par' dir='ltr' id='par_1_65' title="bbox 522 3404 2107 3477">
     <span class='ocr_line' id='line_1_65' title="bbox 522 3404 2107 3477; baseline 0.003 -20"><span class='ocrx_word' id='word_1_440' title='bbox 522 3404 780 3472; x_wconf 69' lang='lat' dir='ltr'><strong>possidete</strong></span> <span class='ocrx_word' id='word_1_441' title='bbox 830 3414 1081 3477; x_wconf 84' lang='lat' dir='ltr'><strong>paratum</strong></span> <span class='ocrx_word' id='word_1_442' title='bbox 1145 3406 1284 3460; x_wconf 79' lang='lat' dir='ltr'><strong>vobis</strong></span> <span class='ocrx_word' id='word_1_443' title='bbox 1345 3422 1565 3477; x_wconf 84' lang='lat' dir='ltr'><strong>regnum</strong></span> <span class='ocrx_word' id='word_1_444' title='bbox 1640 3424 1671 3460; x_wconf 80' lang='grc' dir='ltr'><strong>α</strong></span> <span class='ocrx_word' id='word_1_445' title='bbox 1734 3408 2107 3461; x_wconf 76' lang='lat' dir='ltr'><strong>constitutione</strong></span> 
     </span>
    </p>
   </div>
   <div class='ocr_carea' id='block_1_66' title="bbox 527 3499 2099 3569">
    <p class='ocr_par' dir='ltr' id='par_1_66' title="bbox 527 3499 2099 3569">
     <span class='ocr_line' id='line_1_66' title="bbox 527 3499 2099 3569; baseline 0.004 -18"><span class='ocrx_word' id='word_1_446' title='bbox 527 3499 750 3553; x_wconf 82' lang='lat' dir='ltr'><strong>mundi’</strong></span> <span class='ocrx_word' id='word_1_447' title='bbox 774 3517 787 3555; x_wconf 94' lang='lat'>:</span> <span class='ocrx_word' id='word_1_448' title='bbox 814 3499 942 3569; x_wconf 89' lang='lat' dir='ltr'><strong>quia</strong></span> <span class='ocrx_word' id='word_1_449' title='bbox 968 3500 1180 3556; x_wconf 66' lang='lat' dir='ltr'><strong>vidistis</strong></span> <span class='ocrx_word' id='word_1_450' title='bbox 1198 3517 1282 3556; x_wconf 88' lang='lat' dir='ltr'><strong>me</strong></span> <span class='ocrx_word' id='word_1_451' title='bbox 1305 3502 1664 3568; x_wconf 85' lang='lat' dir='ltr'><strong>esurientem,</strong></span> <span class='ocrx_word' id='word_1_452' title='bbox 1689 3502 2099 3569; x_wconf 72' lang='lat' dir='ltr'><strong>etnutrivistis;</strong></span> 
     </span>
    </p>
   </div>
   <div class='ocr_carea' id='block_1_67' title="bbox 522 3589 2095 3663">
    <p class='ocr_par' dir='ltr' id='par_1_67' title="bbox 522 3589 2095 3663">
     <span class='ocr_line' id='line_1_67' title="bbox 522 3589 2095 3663; baseline 0.004 -21"><span class='ocrx_word' id='word_1_453' title='bbox 522 3589 823 3654; x_wconf 79' lang='lat' dir='ltr'><strong>sitientem,</strong></span> <span class='ocrx_word' id='word_1_454' title='bbox 848 3590 1157 3646; x_wconf 87' lang='lat' dir='ltr'><strong>ctdedistis</strong></span> <span class='ocrx_word' id='word_1_455' title='bbox 1213 3602 1437 3661; x_wconf 89' lang='lat' dir='ltr'><strong>potum;</strong></span> <span class='ocrx_word' id='word_1_456' title='bbox 1496 3595 1730 3656; x_wconf 89' lang='lat' dir='ltr'><strong>nudum,</strong></span> <span class='ocrx_word' id='word_1_457' title='bbox 1788 3603 1845 3648; x_wconf 88' lang='lat' dir='ltr'><strong>et</strong></span> <span class='ocrx_word' id='word_1_458' title='bbox 1892 3610 2095 3663; x_wconf 83' lang='lat' dir='ltr'><strong>coope-</strong></span> 
     </span>
    </p>
   </div>
   <div class='ocr_carea' id='block_1_68' title="bbox 2208 3041 3791 3116">
    <p class='ocr_par' dir='ltr' id='par_1_68' title="bbox 2208 3041 3791 3116">
     <span class='ocr_line' id='line_1_68' title="bbox 2208 3041 3791 3116; baseline -0.004 -19"><span class='ocrx_word' id='word_1_459' title='bbox 2208 3044 2437 3098; x_wconf 69' lang='grc' dir='ltr'><strong>ἀκοῦσαι</strong></span> <span class='ocrx_word' id='word_1_460' title='bbox 2460 3048 2669 3116; x_wconf 77' lang='grc' dir='ltr'>φωνῆς’</span> <span class='ocrx_word' id='word_1_461' title='bbox 2690 3045 2891 3111; x_wconf 83' lang='grc' dir='ltr'><strong>Δεῦτε,</strong></span> <span class='ocrx_word' id='word_1_462' title='bbox 2926 3048 2979 3099; x_wconf 79' lang='grc' dir='ltr'><strong>οἱ</strong></span> <span class='ocrx_word' id='word_1_463' title='bbox 2997 3041 3392 3114; x_wconf 77' lang='grc' dir='ltr'><strong>εὐλογημένοι</strong></span> <span class='ocrx_word' id='word_1_464' title='bbox 3416 3042 3525 3097; x_wconf 78' lang='grc' dir='ltr'><strong>τοῦ</strong></span> <span class='ocrx_word' id='word_1_465' title='bbox 3556 3043 3791 3107; x_wconf 71' lang='grc' dir='ltr'><strong>Πατρός</strong></span> 
     </span>
    </p>
   </div>
   <div class='ocr_carea' id='block_1_69' title="bbox 2200 3134 3791 3207">
    <p class='ocr_par' dir='ltr' id='par_1_69' title="bbox 2200 3134 3791 3207">
     <span class='ocr_line' id='line_1_69' title="bbox 2200 3134 3791 3207; baseline -0.004 -16"><span class='ocrx_word' id='word_1_466' title='bbox 2200 3155 2342 3207; x_wconf 83' lang='grc' dir='ltr'><strong>μου,</strong></span> <span class='ocrx_word' id='word_1_467' title='bbox 2358 3138 2854 3206; x_wconf 75' lang='grc' dir='ltr'><strong>κληρονομήσατε</strong></span> <span class='ocrx_word' id='word_1_468' title='bbox 2870 3136 2985 3204; x_wconf 80' lang='grc' dir='ltr'><strong>τὴν</strong></span> <span class='ocrx_word' id='word_1_469' title='bbox 2999 3137 3036 3202; x_wconf 82' lang='grc' dir='ltr'><strong>ή</strong></span> <span class='ocrx_word' id='word_1_470' title='bbox 3046 3135 3450 3205; x_wconf 66' lang='grc' dir='ltr'><strong>τοιμασμέγην</strong></span> <span class='ocrx_word' id='word_1_471' title='bbox 3463 3134 3604 3203; x_wconf 71' lang='grc' dir='ltr'><strong>ὑμῖν</strong></span> <span class='ocrx_word' id='word_1_472' title='bbox 3613 3134 3767 3197; x_wconf 68' lang='grc' dir='ltr'><strong>,ϐασι</strong></span> <span class='ocrx_word' id='word_1_473' title='bbox 3778 3163 3791 3170; x_wconf 86' lang='lat'><strong><em>-</em></strong></span> 
     </span>
    </p>
   </div>
   <div class='ocr_carea' id='block_1_70' title="bbox 2206 3224 3793 3298">
    <p class='ocr_par' dir='ltr' id='par_1_70' title="bbox 2206 3224 3793 3298">
     <span class='ocr_line' id='line_1_70' title="bbox 2206 3224 3793 3298; baseline -0.005 -15"><span class='ocrx_word' id='word_1_474' title='bbox 2206 3231 2382 3283; x_wconf 71' lang='grc' dir='ltr'><strong>λείαν</strong></span> <span class='ocrx_word' id='word_1_475' title='bbox 2407 3229 2527 3284; x_wconf 77' lang='grc' dir='ltr'><strong>ἀπὸ</strong></span> <span class='ocrx_word' id='word_1_476' title='bbox 2548 3228 2892 3297; x_wconf 76' lang='grc' dir='ltr'><strong>καταϐολῆς</strong></span> <span class='ocrx_word' id='word_1_477' title='bbox 2930 3230 3186 3298; x_wconf 79' lang='grc' dir='ltr'><strong>κόσμου,</strong></span> <span class='ocrx_word' id='word_1_478' title='bbox 3210 3228 3292 3280; x_wconf 87' lang='grc' dir='ltr'><strong>ὄτι</strong></span> <span class='ocrx_word' id='word_1_479' title='bbox 3324 3227 3594 3279; x_wconf 70' lang='grc' dir='ltr'><strong>πεινῶντα</strong></span> <span class='ocrx_word' id='word_1_480' title='bbox 3623 3244 3690 3296; x_wconf 85' lang='grc' dir='ltr'><strong>με</strong></span> <span class='ocrx_word' id='word_1_481' title='bbox 3718 3224 3793 3275; x_wconf 78' lang='grc' dir='ltr'><strong>εἱ-</strong></span> 
     </span>
    </p>
   </div>
   <div class='ocr_carea' id='block_1_71' title="bbox 2204 3314 3791 3390">
    <p class='ocr_par' dir='ltr' id='par_1_71' title="bbox 2204 3314 3791 3390">
     <span class='ocr_line' id='line_1_71' title="bbox 2204 3314 3791 3390; baseline -0.004 -17"><span class='ocrx_word' id='word_1_482' title='bbox 2204 3320 2321 3373; x_wconf 83' lang='grc' dir='ltr'><strong>δετε</strong></span> <span class='ocrx_word' id='word_1_483' title='bbox 2345 3323 2437 3373; x_wconf 72' lang='grc' dir='ltr'><strong>καὶ</strong></span> <span class='ocrx_word' id='word_1_484' title='bbox 2466 3321 2754 3390; x_wconf 68' lang='grc' dir='ltr'><strong>ἐθρέψατε,</strong></span> <span class='ocrx_word' id='word_1_485' title='bbox 2790 3320 3034 3389; x_wconf 74' lang='grc' dir='ltr'><strong>διψῶντα</strong></span> <span class='ocrx_word' id='word_1_486' title='bbox 3090 3314 3182 3372; x_wconf 71' lang='grc' dir='ltr'><strong>καὶ</strong></span> <span class='ocrx_word' id='word_1_487' title='bbox 3228 3320 3545 3379; x_wconf 76' lang='grc' dir='ltr'><strong>ἐποτίσατέ,</strong></span> <span class='ocrx_word' id='word_1_488' title='bbox 3579 3317 3791 3385; x_wconf 61' lang='grc' dir='ltr'><strong>γυμνὸν</strong></span> 
     </span>
    </p>
   </div>
   <div class='ocr_carea' id='block_1_72' title="bbox 2203 3409 3790 3486">
    <p class='ocr_par' dir='ltr' id='par_1_72' title="bbox 2203 3409 3790 3486">
     <span class='ocr_line' id='line_1_72' title="bbox 2203 3409 3790 3486; baseline -0.002 -24"><span class='ocrx_word' id='word_1_489' title='bbox 2203 3413 2297 3464; x_wconf 71' lang='grc' dir='ltr'><strong>καὶ</strong></span> <span class='ocrx_word' id='word_1_490' title='bbox 2333 3412 2711 3481; x_wconf 72' lang='grc' dir='ltr'><strong>περιεϐάλετέ,</strong></span> <span class='ocrx_word' id='word_1_491' title='bbox 2768 3411 2972 3480; x_wconf 84' lang='grc' dir='ltr'><strong>ἀσθενῆ</strong></span> <span class='ocrx_word' id='word_1_492' title='bbox 3001 3412 3095 3464; x_wconf 73' lang='grc' dir='ltr'><strong>καὶ</strong></span> <span class='ocrx_word' id='word_1_493' title='bbox 3125 3415 3183 3464; x_wconf 83' lang='grc' dir='ltr'><strong>ὲν</strong></span> <span class='ocrx_word' id='word_1_494' title='bbox 3220 3410 3432 3481; x_wconf 69' lang='grc' dir='ltr'><strong>φυλακῇ</strong></span> <span class='ocrx_word' id='word_1_495' title='bbox 3472 3412 3566 3463; x_wconf 68' lang='grc' dir='ltr'><strong>καὶ</strong></span> <span class='ocrx_word' id='word_1_496' title='bbox 3594 3409 3790 3486; x_wconf 70' lang='grc' dir='ltr'><strong>ἦλθε-ει</strong></span> 
     </span>
    </p>
   </div>
   <div class='ocr_carea' id='block_1_73' title="bbox 2201 3497 3787 3575">
    <p class='ocr_par' dir='ltr' id='par_1_73' title="bbox 2201 3497 3787 3575">
     <span class='ocr_line' id='line_1_73' title="bbox 2201 3497 3787 3575; baseline -0.006 -17"><span class='ocrx_word' id='word_1_497' title='bbox 2201 3506 2337 3575; x_wconf 85' lang='grc' dir='ltr'><strong>πρός</strong></span> <span class='ocrx_word' id='word_1_498' title='bbox 2364 3522 2450 3575; x_wconf 87' lang='grc' dir='ltr'><strong>με.</strong></span> <span class='ocrx_word' id='word_1_499' title='bbox 2485 3504 2539 3558; x_wconf 84' lang='lat'><strong>&#39;0</strong></span> <span class='ocrx_word' id='word_1_500' title='bbox 2561 3505 2718 3575; x_wconf 79' lang='grc' dir='ltr'><strong>ἔχων</strong></span> <span class='ocrx_word' id='word_1_501' title='bbox 2735 3500 2855 3559; x_wconf 77' lang='grc' dir='ltr'><strong>ὦτα</strong></span> <span class='ocrx_word' id='word_1_502' title='bbox 2872 3505 3116 3558; x_wconf 79' lang='grc' dir='ltr'><strong>ἀκούειν</strong></span> <span class='ocrx_word' id='word_1_503' title='bbox 3140 3503 3423 3567; x_wconf 80' lang='grc' dir='ltr'><strong>ἀκουέτω,</strong></span> <span class='ocrx_word' id='word_1_504' title='bbox 3445 3498 3597 3554; x_wconf 76' lang='grc' dir='ltr'><strong>εἶπεν</strong></span> <span class='ocrx_word' id='word_1_505' title='bbox 3619 3500 3648 3552; x_wconf 80' lang='grc' dir='ltr'><strong>ὁ</strong></span> <span class='ocrx_word' id='word_1_506' title='bbox 3668 3497 3787 3551; x_wconf 67' lang='lat' dir='ltr'><strong>K23-</strong></span> 
     </span>
    </p>
   </div>
   <div class='ocr_carea' id='block_1_74' title="bbox 2202 3593 3464 3666">
    <p class='ocr_par' dir='ltr' id='par_1_74' title="bbox 2202 3593 3464 3666">
     <span class='ocr_line' id='line_1_74' title="bbox 2202 3593 3464 3666; baseline 0.001 -19"><span class='ocrx_word' id='word_1_507' title='bbox 2202 3611 2334 3664; x_wconf 80' lang='grc' dir='ltr'><strong>ριος’</strong></span> <span class='ocrx_word' id='word_1_508' title='bbox 2366 3596 2570 3666; x_wconf 77' lang='grc' dir='ltr'><strong>αὐτῷὴ</strong></span> <span class='ocrx_word' id='word_1_509' title='bbox 2600 3595 2727 3659; x_wconf 79' lang='grc' dir='ltr'><strong>δόξα</strong></span> <span class='ocrx_word' id='word_1_510' title='bbox 2767 3597 2846 3658; x_wconf 76' lang='grc' dir='ltr'><strong>εἰς</strong></span> <span class='ocrx_word' id='word_1_511' title='bbox 2868 3596 2993 3656; x_wconf 74' lang='grc' dir='ltr'><strong>τοὺς</strong></span> <span class='ocrx_word' id='word_1_512' title='bbox 3015 3593 3241 3657; x_wconf 82' lang='grc' dir='ltr'><strong>αἰῶνας.</strong></span> <span class='ocrx_word' id='word_1_513' title='bbox 3270 3593 3464 3665; x_wconf 78' lang='grc' dir='ltr'><strong>Ἀμήν.</strong></span> 
     </span>
    </p>
   </div>
   <div class='ocr_carea' id='block_1_75' title="bbox 524 3679 3784 3753">
    <p class='ocr_par' dir='ltr' id='par_1_75' title="bbox 524 3679 3784 3753">
     <span class='ocr_line' id='line_1_75' title="bbox 524 3679 3784 3753; baseline -0 -20"><span class='ocrx_word' id='word_1_514' title='bbox 524 3679 741 3746; x_wconf 80' lang='lat' dir='ltr'><strong>ruistis;</strong></span> <span class='ocrx_word' id='word_1_515' title='bbox 777 3682 1055 3738; x_wconf 76' lang='lat' dir='ltr'><strong>inﬁrmum</strong></span> <span class='ocrx_word' id='word_1_516' title='bbox 1086 3694 1143 3740; x_wconf 88' lang='lat' dir='ltr'><strong>et</strong></span> <span class='ocrx_word' id='word_1_517' title='bbox 1176 3700 1401 3741; x_wconf 89' lang='lat' dir='ltr'><strong>carcere</strong></span> <span class='ocrx_word' id='word_1_518' title='bbox 1428 3685 1735 3752; x_wconf 88' lang='lat' dir='ltr'><strong>detentum,</strong></span> <span class='ocrx_word' id='word_1_519' title='bbox 1763 3695 1820 3741; x_wconf 85' lang='lat' dir='ltr'><strong>et</strong></span> <span class='ocrx_word' id='word_1_520' title='bbox 1859 3686 2174 3742; x_wconf 86' lang='lat' dir='ltr'><strong>accessistis</strong></span> <span class='ocrx_word' id='word_1_521' title='bbox 2213 3688 2447 3742; x_wconf 76' lang='lat' dir='ltr'><strong>invisuri</strong></span> <span class='ocrx_word' id='word_1_522' title='bbox 2505 3687 2573 3743; x_wconf 92' lang='lat' dir='ltr'><strong>ad</strong></span> <span class='ocrx_word' id='word_1_523' title='bbox 2616 3702 2725 3742; x_wconf 90' lang='lat' dir='ltr'><strong>me.</strong></span> <span class='ocrx_word' id='word_1_524' title='bbox 2790 3684 2895 3753; x_wconf 83' lang='lat' dir='ltr'><strong>Qui</strong></span> <span class='ocrx_word' id='word_1_525' title='bbox 2941 3685 3097 3741; x_wconf 84' lang='lat' dir='ltr'><strong>habet</strong></span> <span class='ocrx_word' id='word_1_526' title='bbox 3157 3701 3313 3740; x_wconf 74' lang='lat' dir='ltr'><strong>aures</strong></span> <span class='ocrx_word' id='word_1_527' title='bbox 3369 3683 3620 3738; x_wconf 79' lang='lat' dir='ltr'><strong>audiendi</strong></span> <span class='ocrx_word' id='word_1_528' title='bbox 3678 3698 3784 3733; x_wconf 71' lang='lat' dir='ltr'><strong>au-</strong></span> 
     </span>
    </p>
   </div>
   <div class='ocr_carea' id='block_1_76' title="bbox 521 3772 2096 3854">
    <p class='ocr_par' dir='ltr' id='par_1_76' title="bbox 521 3772 2096 3854">
     <span class='ocr_line' id='line_1_76' title="bbox 521 3772 2096 3854; baseline 0.004 -28"><span class='ocrx_word' id='word_1_529' title='bbox 521 3772 722 3839; x_wconf 74' lang='lat' dir='ltr'><strong>diat&quot;,</strong></span> <span class='ocrx_word' id='word_1_530' title='bbox 757 3773 1210 3854; x_wconf 70' lang='lat' dir='ltr'><strong>dicit-Dominus,</strong></span> <span class='ocrx_word' id='word_1_531' title='bbox 1236 3774 1325 3831; x_wconf 88' lang='lat' dir='ltr'><strong>cui</strong></span> <span class='ocrx_word' id='word_1_532' title='bbox 1357 3776 1535 3846; x_wconf 88' lang='lat' dir='ltr'><strong>gloria</strong></span> <span class='ocrx_word' id='word_1_533' title='bbox 1558 3776 1613 3832; x_wconf 91' lang='lat' dir='ltr'><strong>in</strong></span> <span class='ocrx_word' id='word_1_534' title='bbox 1649 3777 1868 3833; x_wconf 76' lang='lat' dir='ltr'><strong>Stecula.</strong></span> <span class='ocrx_word' id='word_1_535' title='bbox 1899 3778 2096 3832; x_wconf 78' lang='lat' dir='ltr'><strong>Amen.</strong></span> 
     </span>
    </p>
   </div>
   <div class='ocr_carea' id='block_1_77' title="bbox 1973 3907 2275 3967">
    <p class='ocr_par' dir='ltr' id='par_1_77' title="bbox 1973 3907 2275 3967">
     <span class='ocr_line' id='line_1_77' title="bbox 1973 3907 2275 3967; baseline -0.01 0"><span class='ocrx_word' id='word_1_536' title='bbox 1973 3908 2201 3967; x_wconf 82' lang='lat' dir='ltr'><strong>CAPUT</strong></span> <span class='ocrx_word' id='word_1_537' title='bbox 2236 3907 2275 3964; x_wconf 82' lang='lat' dir='ltr'><strong>V</strong></span> 
     </span>
    </p>
   </div>
   <div class='ocr_carea' id='block_1_78' title="bbox 904 4023 3387 4101">
    <p class='ocr_par' dir='ltr' id='par_1_78' title="bbox 904 4023 3387 4101">
     <span class='ocr_line' id='line_1_78' title="bbox 904 4023 3387 4101; baseline -0.001 -22"><span class='ocrx_word' id='word_1_538' title='bbox 904 4025 1063 4091; x_wconf 75' lang='lat' dir='ltr'><strong>Visio,</strong></span> <span class='ocrx_word' id='word_1_539' title='bbox 1096 4028 1258 4081; x_wconf 81' lang='lat' dir='ltr'><strong>ardor</strong></span> <span class='ocrx_word' id='word_1_540' title='bbox 1279 4029 1531 4098; x_wconf 75' lang='lat' dir='ltr'><strong>patiendi,</strong></span> <span class='ocrx_word' id='word_1_541' title='bbox 1565 4038 1803 4101; x_wconf 75' lang='lat' dir='ltr'><strong>acceptus</strong></span> <span class='ocrx_word' id='word_1_542' title='bbox 1835 4027 2061 4101; x_wconf 81' lang='lat' dir='ltr'><strong>Spiritus</strong></span> <span class='ocrx_word' id='word_1_543' title='bbox 2087 4038 2323 4092; x_wconf 69' lang='lat' dir='ltr'><strong>sanctus,</strong></span> <span class='ocrx_word' id='word_1_544' title='bbox 2352 4023 2691 4090; x_wconf 74' lang='lat' dir='ltr'><strong>tentationes,</strong></span> <span class='ocrx_word' id='word_1_545' title='bbox 2718 4040 2859 4079; x_wconf 69' lang='lat' dir='ltr'><strong>mors</strong></span> <span class='ocrx_word' id='word_1_546' title='bbox 2882 4023 3082 4078; x_wconf 75' lang='lat' dir='ltr'><strong>Joann’i</strong></span> <span class='ocrx_word' id='word_1_547' title='bbox 3115 4024 3387 4093; x_wconf 67' lang='lat' dir='ltr'><strong>prtea&#39;irta.</strong></span> 
     </span>
    </p>
   </div>
   <div class='ocr_carea' id='block_1_79' title="bbox 588 4159 2087 4238">
    <p class='ocr_par' dir='ltr' id='par_1_79' title="bbox 588 4159 2087 4238">
     <span class='ocr_line' id='line_1_79' title="bbox 588 4159 2087 4238; baseline 0.006 -24"><span class='ocrx_word' id='word_1_548' title='bbox 588 4159 873 4217; x_wconf 75' lang='lat' dir='ltr'><strong>58.1lisce</strong></span> <span class='ocrx_word' id='word_1_549' title='bbox 935 4163 1162 4230; x_wconf 83' lang='lat' dir='ltr'><strong>auditis,</strong></span> <span class='ocrx_word' id='word_1_550' title='bbox 1215 4176 1440 4236; x_wconf 86' lang='lat' dir='ltr'><strong>stupore</strong></span> <span class='ocrx_word' id='word_1_551' title='bbox 1504 4179 1670 4238; x_wconf 89' lang='lat' dir='ltr'><strong>atque</strong></span> <span class='ocrx_word' id='word_1_552' title='bbox 1722 4169 2087 4225; x_wconf 80' lang='lat' dir='ltr'><strong>admiratione</strong></span> 
     </span>
    </p>
   </div>
   <div class='ocr_carea' id='block_1_80' title="bbox 512 4251 2089 4330">
    <p class='ocr_par' dir='ltr' id='par_1_80' title="bbox 512 4251 2089 4330">
     <span class='ocr_line' id='line_1_80' title="bbox 512 4251 2089 4330; baseline 0.009 -29"><span class='ocrx_word' id='word_1_553' title='bbox 512 4251 770 4321; x_wconf 74' lang='lat' dir='ltr'><strong>completi</strong></span> <span class='ocrx_word' id='word_1_554' title='bbox 803 4262 934 4308; x_wconf 84' lang='lat' dir='ltr'><strong>sunt</strong></span> <span class='ocrx_word' id='word_1_555' title='bbox 957 4254 1233 4319; x_wconf 84' lang='lat' dir='ltr'><strong>monachi,</strong></span> <span class='ocrx_word' id='word_1_556' title='bbox 1262 4257 1538 4327; x_wconf 69' lang='lat' dir='ltr'><strong>prmeipue</strong></span> <span class='ocrx_word' id='word_1_557' title='bbox 1562 4259 1824 4321; x_wconf 84' lang='lat' dir='ltr'><strong>Joannes,</strong></span> <span class='ocrx_word' id='word_1_558' title='bbox 1849 4260 1945 4329; x_wconf 91' lang='lat' dir='ltr'><strong>qui</strong></span> <span class='ocrx_word' id='word_1_559' title='bbox 1984 4258 2089 4330; x_wconf 77' lang='lat' dir='ltr'><strong>Sy-</strong></span> 
     </span>
    </p>
   </div>
   <div class='ocr_carea' id='block_1_81' title="bbox 2266 4161 3797 4235">
    <p class='ocr_par' dir='ltr' id='par_1_81' title="bbox 2266 4161 3797 4235">
     <span class='ocr_line' id='line_1_81' title="bbox 2266 4161 3797 4235; baseline 0 -16"><span class='ocrx_word' id='word_1_560' title='bbox 2266 4162 2367 4235; x_wconf 79' lang='grc' dir='ltr'><strong>λη’.</strong></span> <span class='ocrx_word' id='word_1_561' title='bbox 2400 4162 2618 4217; x_wconf 76' lang='grc' dir='ltr'><strong>Τούτων</strong></span> <span class='ocrx_word' id='word_1_562' title='bbox 2643 4161 2934 4226; x_wconf 80' lang='grc' dir='ltr'><strong>ἀκούοντες</strong></span> <span class='ocrx_word' id='word_1_563' title='bbox 2962 4163 3011 4216; x_wconf 81' lang='lat' dir='ltr'><strong>oi</strong></span> <span class='ocrx_word' id='word_1_564' title='bbox 3045 4162 3309 4233; x_wconf 75' lang='grc' dir='ltr'><strong>μοναχοὶ,</strong></span> <span class='ocrx_word' id='word_1_565' title='bbox 3342 4164 3797 4235; x_wconf 72' lang='grc' dir='ltr'><strong>κατεπλήττοντο,</strong></span> 
     </span>
    </p>
   </div>
   <div class='ocr_carea' id='block_1_82' title="bbox 2197 4254 3779 4325">
    <p class='ocr_par' dir='ltr' id='par_1_82' title="bbox 2197 4254 3779 4325">
     <span class='ocr_line' id='line_1_82' title="bbox 2197 4254 3779 4325; baseline -0.001 -16"><span class='ocrx_word' id='word_1_566' title='bbox 2197 4256 2289 4309; x_wconf 76' lang='grc' dir='ltr'><strong>καὶ</strong></span> <span class='ocrx_word' id='word_1_567' title='bbox 2323 4254 2524 4325; x_wconf 84' lang='grc' dir='ltr'><strong>μᾶλλον</strong></span> <span class='ocrx_word' id='word_1_568' title='bbox 2556 4257 2584 4307; x_wconf 84' lang='grc' dir='ltr'><strong>ὁ</strong></span> <span class='ocrx_word' id='word_1_569' title='bbox 2625 4254 2898 4325; x_wconf 72' lang='grc' dir='ltr'><strong>Ἰωάννης,</strong></span> <span class='ocrx_word' id='word_1_570' title='bbox 2924 4254 2983 4316; x_wconf 77' lang='grc' dir='ltr'>ὃς</span> <span class='ocrx_word' id='word_1_571' title='bbox 3016 4256 3106 4308; x_wconf 77' lang='grc' dir='ltr'><strong>καὶ</strong></span> <span class='ocrx_word' id='word_1_572' title='bbox 3134 4256 3252 4309; x_wconf 88' lang='grc' dir='ltr'><strong>νέον</strong></span> <span class='ocrx_word' id='word_1_573' title='bbox 3276 4254 3459 4320; x_wconf 77' lang='grc' dir='ltr'><strong>Δαυῒδ,</strong></span> <span class='ocrx_word' id='word_1_574' title='bbox 3483 4256 3585 4310; x_wconf 82' lang='grc' dir='ltr'><strong>ὅσα</strong></span> <span class='ocrx_word' id='word_1_575' title='bbox 3605 4274 3668 4325; x_wconf 79' lang='grc' dir='ltr'><strong>γε</strong></span> <span class='ocrx_word' id='word_1_576' title='bbox 3701 4263 3779 4324; x_wconf 72' lang='grc' dir='ltr'><strong>εἰς</strong></span> 
     </span>
    </p>
   </div>
   <div class='ocr_carea' id='block_1_83' title="bbox 512 4344 2114 4436">
    <p class='ocr_par' dir='ltr' id='par_1_83' title="bbox 512 4344 2088 4418">
     <span class='ocr_line' id='line_1_83' title="bbox 512 4344 2088 4418; baseline 0.008 -24"><span class='ocrx_word' id='word_1_577' title='bbox 512 4354 790 4408; x_wconf 84' lang='lat' dir='ltr'><strong>meonem,</strong></span> <span class='ocrx_word' id='word_1_578' title='bbox 823 4352 1091 4411; x_wconf 90' lang='lat' dir='ltr'><strong>quantum</strong></span> <span class='ocrx_word' id='word_1_579' title='bbox 1123 4344 1192 4399; x_wconf 91' lang='lat' dir='ltr'><strong>ad</strong></span> <span class='ocrx_word' id='word_1_580' title='bbox 1245 4346 1572 4415; x_wconf 87' lang='lat' dir='ltr'><strong>sapientiam</strong></span> <span class='ocrx_word' id='word_1_581' title='bbox 1627 4350 1969 4418; x_wconf 80' lang='lat' dir='ltr'><strong>spiritualem</strong></span> <span class='ocrx_word' id='word_1_582' title='bbox 2002 4352 2088 4406; x_wconf 86' lang='lat' dir='ltr'><strong>di-</strong></span> 
     </span>
    </p>
   </div>
   <div class='ocr_carea' id='block_1_84' title="bbox 2209 4344 3777 4436">
    <p class='ocr_par' dir='ltr' id='par_1_84' title="bbox 2209 4346 3777 4418">
     <span class='ocr_line' id='line_1_84' title="bbox 2209 4346 3777 4418; baseline 0.001 -16"><span class='ocrx_word' id='word_1_583' title='bbox 2209 4349 2575 4418; x_wconf 77' lang='grc' dir='ltr'><strong>πνευματικὴν</strong></span> <span class='ocrx_word' id='word_1_584' title='bbox 2616 4348 2808 4415; x_wconf 76' lang='grc' dir='ltr'><strong>σοφίαν</strong></span> <span class='ocrx_word' id='word_1_585' title='bbox 2853 4347 2946 4400; x_wconf 72' lang='grc' dir='ltr'><strong>καὶ</strong></span> <span class='ocrx_word' id='word_1_586' title='bbox 2981 4347 3144 4414; x_wconf 81' lang='grc' dir='ltr'><strong>λόγου</strong></span> <span class='ocrx_word' id='word_1_587' title='bbox 3185 4346 3437 4416; x_wconf 77' lang='grc' dir='ltr'><strong>δύναμιν,</strong></span> <span class='ocrx_word' id='word_1_588' title='bbox 3466 4348 3654 4403; x_wconf 76' lang='grc' dir='ltr'><strong>ἐκάλει</strong></span> <span class='ocrx_word' id='word_1_589' title='bbox 3689 4352 3777 4403; x_wconf 58' lang='grc' dir='ltr'><strong>τὸν</strong></span> 
     </span>
    </p>
   </div>
   <div class='ocr_carea' id='block_1_85' title="bbox 509 4430 2089 4514">
    <p class='ocr_par' dir='ltr' id='par_1_85' title="bbox 509 4430 2089 4514">
     <span class='ocr_line' id='line_1_85' title="bbox 509 4430 2089 4514; baseline 0.008 -28"><span class='ocrx_word' id='word_1_590' title='bbox 509 4430 786 4503; x_wconf 85' lang='lat' dir='ltr'><strong>eendique</strong></span> <span class='ocrx_word' id='word_1_591' title='bbox 814 4432 1115 4489; x_wconf 80' lang='lat' dir='ltr'><strong>efﬁcaciam</strong></span> <span class='ocrx_word' id='word_1_592' title='bbox 1143 4436 1361 4493; x_wconf 86' lang='lat' dir='ltr'><strong>attinet.</strong></span> <span class='ocrx_word' id='word_1_593' title='bbox 1390 4438 1627 4494; x_wconf 87' lang='lat' dir='ltr'><strong>alterum</strong></span> <span class='ocrx_word' id='word_1_594' title='bbox 1681 4440 1940 4497; x_wconf 78' lang='lat' dir='ltr'><strong>Davidem</strong></span> <span class='ocrx_word' id='word_1_595' title='bbox 1993 4457 2089 4514; x_wconf 83' lang='lat' dir='ltr'><strong>ap-</strong></span> 
     </span>
    </p>
   </div>
   <div class='ocr_carea' id='block_1_86' title="bbox 509 4522 2088 4604">
    <p class='ocr_par' dir='ltr' id='par_1_86' title="bbox 509 4522 2088 4604">
     <span class='ocr_line' id='line_1_86' title="bbox 509 4522 2088 4604; baseline 0.007 -27"><span class='ocrx_word' id='word_1_596' title='bbox 509 4522 784 4593; x_wconf 81' lang='lat' dir='ltr'><strong>pellabat,</strong></span> <span class='ocrx_word' id='word_1_597' title='bbox 849 4525 1219 4596; x_wconf 78' lang='lat' dir='ltr'><strong>narrabatqne</strong></span> <span class='ocrx_word' id='word_1_598' title='bbox 1286 4529 1565 4598; x_wconf 90' lang='lat' dir='ltr'><strong>quomodo</strong></span> <span class='ocrx_word' id='word_1_599' title='bbox 1625 4542 1789 4588; x_wconf 89' lang='lat' dir='ltr'><strong>nocte</strong></span> <span class='ocrx_word' id='word_1_600' title='bbox 1850 4532 1941 4588; x_wconf 91' lang='lat' dir='ltr'><strong>illa</strong></span> <span class='ocrx_word' id='word_1_601' title='bbox 1988 4549 2088 4604; x_wconf 89' lang='lat' dir='ltr'><strong>per</strong></span> 
     </span>
    </p>
   </div>
   <div class='ocr_carea' id='block_1_87' title="bbox 508 4613 2084 4693">
    <p class='ocr_par' dir='ltr' id='par_1_87' title="bbox 508 4613 2084 4693">
     <span class='ocr_line' id='line_1_87' title="bbox 508 4613 2084 4693; baseline 0.01 -26"><span class='ocrx_word' id='word_1_602' title='bbox 508 4613 789 4669; x_wconf 80' lang='lat' dir='ltr'><strong>somnium</strong></span> <span class='ocrx_word' id='word_1_603' title='bbox 830 4615 1019 4670; x_wconf 77' lang='lat' dir='ltr'><strong>divina</strong></span> <span class='ocrx_word' id='word_1_604' title='bbox 1040 4617 1290 4686; x_wconf 75' lang='lat' dir='ltr'><strong>quaedam</strong></span> <span class='ocrx_word' id='word_1_605' title='bbox 1329 4620 1509 4676; x_wconf 75' lang='lat' dir='ltr'><strong>virtus</strong></span> <span class='ocrx_word' id='word_1_606' title='bbox 1528 4621 1713 4677; x_wconf 86' lang='lat' dir='ltr'><strong>oblata</strong></span> <span class='ocrx_word' id='word_1_607' title='bbox 1736 4622 1840 4678; x_wconf 84' lang='lat' dir='ltr'><strong>sibi</strong></span> <span class='ocrx_word' id='word_1_608' title='bbox 1868 4622 2084 4693; x_wconf 88' lang='lat' dir='ltr'><strong>fuisset,</strong></span> 
     </span>
    </p>
   </div>
   <div class='ocr_carea' id='block_1_88' title="bbox 506 4708 2082 4781">
    <p class='ocr_par' dir='ltr' id='par_1_88' title="bbox 506 4708 2082 4781">
     <span class='ocr_line' id='line_1_88' title="bbox 506 4708 2082 4781; baseline 0.006 -18"><span class='ocrx_word' id='word_1_609' title='bbox 506 4722 631 4779; x_wconf 70' lang='lat' dir='ltr'><strong>quae</strong></span> <span class='ocrx_word' id='word_1_610' title='bbox 658 4708 883 4765; x_wconf 77' lang='lat' dir='ltr'><strong>dextera</strong></span> <span class='ocrx_word' id='word_1_611' title='bbox 917 4725 1240 4781; x_wconf 78' lang='lat' dir='ltr'><strong>expressum</strong></span> <span class='ocrx_word' id='word_1_612' title='bbox 1286 4729 1316 4767; x_wconf 90' lang='lat' dir='ltr'><strong>c</strong></span> <span class='ocrx_word' id='word_1_613' title='bbox 1358 4711 1484 4767; x_wconf 83' lang='lat' dir='ltr'><strong>favo</strong></span> <span class='ocrx_word' id='word_1_614' title='bbox 1528 4713 1636 4769; x_wconf 90' lang='lat' dir='ltr'><strong>mel</strong></span> <span class='ocrx_word' id='word_1_615' title='bbox 1683 4713 2002 4770; x_wconf 80' lang='lat' dir='ltr'><strong>effundebat</strong></span> <span class='ocrx_word' id='word_1_616' title='bbox 2025 4731 2082 4772; x_wconf 81' lang='lat' dir='ltr'><strong>ac</strong></span> 
     </span>
    </p>
   </div>
   <div class='ocr_carea' id='block_1_89' title="bbox 509 4798 2084 4872">
    <p class='ocr_par' dir='ltr' id='par_1_89' title="bbox 509 4798 2084 4872">
     <span class='ocr_line' id='line_1_89' title="bbox 509 4798 2084 4872; baseline 0.004 -18"><span class='ocrx_word' id='word_1_617' title='bbox 509 4798 839 4871; x_wconf 80' lang='lat' dir='ltr'><strong>Synieonetn</strong></span> <span class='ocrx_word' id='word_1_618' title='bbox 889 4802 1183 4872; x_wconf 83' lang='lat' dir='ltr'><strong>multiplici</strong></span> <span class='ocrx_word' id='word_1_619' title='bbox 1242 4804 1469 4859; x_wconf 83' lang='lat' dir='ltr'><strong>scicntia</strong></span> <span class='ocrx_word' id='word_1_620' title='bbox 1537 4805 1892 4861; x_wconf 87' lang='lat' dir='ltr'><strong>informabat.</strong></span> <span class='ocrx_word' id='word_1_621' title='bbox 1934 4807 2084 4862; x_wconf 83' lang='lat' dir='ltr'><strong>Alter</strong></span> 
     </span>
    </p>
   </div>
   <div class='ocr_carea' id='block_1_90' title="bbox 2193 4436 3776 4510">
    <p class='ocr_par' dir='ltr' id='par_1_90' title="bbox 2193 4436 3776 4510">
     <span class='ocr_line' id='line_1_90' title="bbox 2193 4436 3776 4510; baseline 0 -16"><span class='ocrx_word' id='word_1_622' title='bbox 2193 4439 2441 4510; x_wconf 83' lang='grc' dir='ltr'><strong>Συμεὼν,</strong></span> <span class='ocrx_word' id='word_1_623' title='bbox 2469 4441 2691 4493; x_wconf 72' lang='grc' dir='ltr'><strong>κάκεῖνο</strong></span> <span class='ocrx_word' id='word_1_624' title='bbox 2711 4439 2766 4492; x_wconf 83' lang='grc' dir='ltr'><strong>δὲ</strong></span> <span class='ocrx_word' id='word_1_625' title='bbox 2797 4436 3128 4510; x_wconf 77' lang='grc' dir='ltr'><strong>προσετίθει,</strong></span> <span class='ocrx_word' id='word_1_626' title='bbox 3150 4436 3222 4500; x_wconf 81' lang='grc' dir='ltr'>ὡς</span> <span class='ocrx_word' id='word_1_627' title='bbox 3246 4436 3439 4507; x_wconf 71' lang='grc' dir='ltr'><strong>ὀφθείη</strong></span> <span class='ocrx_word' id='word_1_628' title='bbox 3458 4438 3559 4508; x_wconf 79' lang='grc' dir='ltr'><strong>τῆς</strong></span> <span class='ocrx_word' id='word_1_629' title='bbox 3585 4442 3776 4504; x_wconf 73' lang='grc' dir='ltr'><strong>νυκτὸς</strong></span> 
     </span>
    </p>
   </div>
   <div class='ocr_carea' id='block_1_91' title="bbox 2192 4522 3774 4603">
    <p class='ocr_par' dir='ltr' id='par_1_91' title="bbox 2192 4522 3774 4603">
     <span class='ocr_line' id='line_1_91' title="bbox 2192 4522 3774 4603; baseline -0.002 -17"><span class='ocrx_word' id='word_1_630' title='bbox 2192 4534 2407 4603; x_wconf 70' lang='grc' dir='ltr'><strong>ἐκείνης</strong></span> <span class='ocrx_word' id='word_1_631' title='bbox 2437 4531 2587 4602; x_wconf 77' lang='grc' dir='ltr'><strong>αὐτῷ</strong></span> <span class='ocrx_word' id='word_1_632' title='bbox 2617 4530 2734 4585; x_wconf 79' lang='grc' dir='ltr'><strong>θεία</strong></span> <span class='ocrx_word' id='word_1_633' title='bbox 2767 4530 2909 4585; x_wconf 74' lang='grc' dir='ltr'><strong>κατὰ</strong></span> <span class='ocrx_word' id='word_1_634' title='bbox 2943 4530 3067 4593; x_wconf 82' lang='grc' dir='ltr'><strong>τοὺς</strong></span> <span class='ocrx_word' id='word_1_635' title='bbox 3098 4522 3302 4593; x_wconf 78' lang='grc' dir='ltr'><strong>’ὕπνους</strong></span> <span class='ocrx_word' id='word_1_636' title='bbox 3333 4528 3584 4599; x_wconf 82' lang='grc' dir='ltr'><strong>δύναμις.</strong></span> <span class='ocrx_word' id='word_1_637' title='bbox 3615 4532 3774 4585; x_wconf 73' lang='grc' dir='ltr'><strong>οἷονεί</strong></span> 
     </span>
    </p>
   </div>
   <div class='ocr_carea' id='block_1_92' title="bbox 2191 4621 3774 4696">
    <p class='ocr_par' dir='ltr' id='par_1_92' title="bbox 2191 4621 3774 4696">
     <span class='ocr_line' id='line_1_92' title="bbox 2191 4621 3774 4696; baseline -0.002 -18"><span class='ocrx_word' id='word_1_638' title='bbox 2191 4642 2245 4678; x_wconf 80' lang='grc' dir='ltr'><strong>τι</strong></span> <span class='ocrx_word' id='word_1_639' title='bbox 2285 4623 2408 4696; x_wconf 82' lang='grc' dir='ltr'><strong>μέλι</strong></span> <span class='ocrx_word' id='word_1_640' title='bbox 2440 4624 2635 4694; x_wconf 77' lang='grc' dir='ltr'><strong>κηρίον</strong></span> <span class='ocrx_word' id='word_1_641' title='bbox 2667 4626 2736 4695; x_wconf 72' lang='grc' dir='ltr'><strong>τῇ</strong></span> <span class='ocrx_word' id='word_1_642' title='bbox 2767 4622 2919 4694; x_wconf 78' lang='grc' dir='ltr'><strong>δεξιᾷ</strong></span> <span class='ocrx_word' id='word_1_643' title='bbox 2947 4621 3278 4693; x_wconf 73' lang='grc' dir='ltr'><strong>κατέχουσα,</strong></span> <span class='ocrx_word' id='word_1_644' title='bbox 3311 4622 3407 4677; x_wconf 80' lang='grc' dir='ltr'><strong>καὶ</strong></span> <span class='ocrx_word' id='word_1_645' title='bbox 3450 4621 3528 4693; x_wconf 82' lang='grc' dir='ltr'><strong>τῷ</strong></span> <span class='ocrx_word' id='word_1_646' title='bbox 3550 4623 3774 4693; x_wconf 78' lang='grc' dir='ltr'><strong>Συμεὼν</strong></span> 
     </span>
    </p>
   </div>
   <div class='ocr_carea' id='block_1_93' title="bbox 2192 4712 3774 4786">
    <p class='ocr_par' dir='ltr' id='par_1_93' title="bbox 2192 4712 3774 4786">
     <span class='ocr_line' id='line_1_93' title="bbox 2192 4712 3774 4786; baseline -0.001 -19"><span class='ocrx_word' id='word_1_647' title='bbox 2192 4716 2433 4786; x_wconf 77' lang='grc' dir='ltr'><strong>γνησίως</strong></span> <span class='ocrx_word' id='word_1_648' title='bbox 2466 4713 2840 4785; x_wconf 80' lang='grc' dir='ltr'><strong>μεταδιδοῦσα.</strong></span> <span class='ocrx_word' id='word_1_649' title='bbox 2874 4713 3104 4785; x_wconf 86' lang='grc' dir='ltr'><strong>’Έτερος</strong></span> <span class='ocrx_word' id='word_1_650' title='bbox 3153 4712 3316 4767; x_wconf 75' lang='grc' dir='ltr'><strong>πάλιν</strong></span> <span class='ocrx_word' id='word_1_651' title='bbox 3349 4712 3443 4767; x_wconf 78' lang='grc' dir='ltr'><strong>τοῦ</strong></span> <span class='ocrx_word' id='word_1_652' title='bbox 3486 4713 3596 4769; x_wconf 80' lang='grc' dir='ltr'><strong>τῶν</strong></span> <span class='ocrx_word' id='word_1_653' title='bbox 3623 4714 3774 4768; x_wconf 82' lang='grc' dir='ltr'><strong>ἀδελ-</strong></span> 
     </span>
    </p>
   </div>
   <div class='ocr_carea' id='block_1_94' title="bbox 2194 4806 3773 4879">
    <p class='ocr_par' dir='ltr' id='par_1_94' title="bbox 2194 4806 3773 4879">
     <span class='ocr_line' id='line_1_94' title="bbox 2194 4806 3773 4879; baseline 0.001 -19"><span class='ocrx_word' id='word_1_654' title='bbox 2194 4808 2311 4876; x_wconf 77' lang='grc' dir='ltr'>φῶν</span> <span class='ocrx_word' id='word_1_655' title='bbox 2337 4806 2501 4878; x_wconf 79' lang='grc' dir='ltr'><strong>χοροῦ</strong></span> <span class='ocrx_word' id='word_1_656' title='bbox 2517 4808 2716 4879; x_wconf 84' lang='grc' dir='ltr'><strong>γέρων,</strong></span> <span class='ocrx_word' id='word_1_657' title='bbox 2746 4809 2857 4871; x_wconf 84' lang='grc' dir='ltr'><strong>τοῖς</strong></span> <span class='ocrx_word' id='word_1_658' title='bbox 2879 4806 3087 4870; x_wconf 83' lang='grc' dir='ltr'><strong>λοιποῖς</strong></span> <span class='ocrx_word' id='word_1_659' title='bbox 3113 4806 3513 4879; x_wconf 79' lang='grc' dir='ltr'><strong>συμπαρεστὼς</strong></span> <span class='ocrx_word' id='word_1_660' title='bbox 3543 4809 3709 4863; x_wconf 79' lang='grc' dir='ltr'><strong>ἐπυνεὶ</strong></span> <span class='ocrx_word' id='word_1_661' title='bbox 3720 4810 3773 4861; x_wconf 72' lang='grc' dir='ltr'><strong>ά-</strong></span> 
     </span>
    </p>
   </div>
   <div class='ocr_carea' id='block_1_95' title="bbox 2183 4894 3772 4971">
    <p class='ocr_par' dir='ltr' id='par_1_95' title="bbox 2183 4894 3772 4971">
     <span class='ocr_line' id='line_1_95' title="bbox 2183 4894 3772 4971; baseline 0.003 -21"><span class='ocrx_word' id='word_1_662' title='bbox 2183 4915 2324 4963; x_wconf 89' lang='grc' dir='ltr'><strong>νετο,</strong></span> <span class='ocrx_word' id='word_1_663' title='bbox 2363 4903 2411 4953; x_wconf 84' lang='grc' dir='ltr'><strong>εἰ</strong></span> <span class='ocrx_word' id='word_1_664' title='bbox 2443 4900 2680 4953; x_wconf 78' lang='grc' dir='ltr'><strong>ἐνταῦθα</strong></span> <span class='ocrx_word' id='word_1_665' title='bbox 2708 4894 2821 4953; x_wconf 79' lang='grc' dir='ltr'><strong>εἶεν</strong></span> <span class='ocrx_word' id='word_1_666' title='bbox 2854 4900 3177 4971; x_wconf 77' lang='grc' dir='ltr'><strong>περιστεραί</strong></span> <span class='ocrx_word' id='word_1_667' title='bbox 3200 4915 3213 4929; x_wconf 88' lang='grc'><strong>·</strong></span> <span class='ocrx_word' id='word_1_668' title='bbox 3247 4901 3348 4953; x_wconf 76' lang='grc' dir='ltr'><strong>οὐκ</strong></span> <span class='ocrx_word' id='word_1_669' title='bbox 3376 4894 3518 4955; x_wconf 81' lang='grc' dir='ltr'><strong>εἶναι</strong></span> <span class='ocrx_word' id='word_1_670' title='bbox 3542 4900 3603 4954; x_wconf 71' lang='grc' dir='ltr'><strong>δὲ</strong></span> <span class='ocrx_word' id='word_1_671' title='bbox 3637 4904 3772 4956; x_wconf 73' lang='grc' dir='ltr'><strong>πᾶν·</strong></span> 
     </span>
    </p>
   </div>
   <div class='ocr_carea' id='block_1_96' title="bbox 2181 4987 3773 5063">
    <p class='ocr_par' dir='ltr' id='par_1_96' title="bbox 2181 4987 3773 5063">
     <span class='ocr_line' id='line_1_96' title="bbox 2181 4987 3773 5063; baseline 0.002 -20"><span class='ocrx_word' id='word_1_672' title='bbox 2181 5007 2289 5044; x_wconf 85' lang='grc' dir='ltr'>των</span> <span class='ocrx_word' id='word_1_673' title='bbox 2316 4990 2839 5060; x_wconf 72' lang='grc' dir='ltr'><strong>διαϐεϐαιουμένων,</strong></span> <span class='ocrx_word' id='word_1_674' title='bbox 2863 4992 3050 5058; x_wconf 73' lang='grc' dir='ltr'><strong>ἔλεγεν</strong></span> <span class='ocrx_word' id='word_1_675' title='bbox 3088 4992 3164 5054; x_wconf 85' lang='grc' dir='ltr'>ὡς</span> <span class='ocrx_word' id='word_1_676' title='bbox 3192 4987 3229 5062; x_wconf 77' lang='grc' dir='ltr'>ἦ</span> <span class='ocrx_word' id='word_1_677' title='bbox 3269 4993 3377 5062; x_wconf 74' lang='grc' dir='ltr'><strong>μὴν</strong></span> <span class='ocrx_word' id='word_1_678' title='bbox 3417 4991 3622 5063; x_wconf 84' lang='grc' dir='ltr'><strong>λευκήν</strong></span> <span class='ocrx_word' id='word_1_679' title='bbox 3652 5011 3773 5046; x_wconf 57' lang='grc' dir='ltr'><strong>τινα</strong></span> 
     </span>
    </p>
   </div>
   <div class='ocr_carea' id='block_1_97' title="bbox 2182 5083 3769 5161">
    <p class='ocr_par' dir='ltr' id='par_1_97' title="bbox 2182 5083 3769 5161">
     <span class='ocr_line' id='line_1_97' title="bbox 2182 5083 3769 5161; baseline 0.003 -27"><span class='ocrx_word' id='word_1_680' title='bbox 2182 5083 2514 5161; x_wconf 67' lang='grc' dir='ltr'><strong>περιστερόιν</strong></span> <span class='ocrx_word' id='word_1_681' title='bbox 2537 5084 2698 5145; x_wconf 73' lang='grc' dir='ltr'>αὐτὸς</span> <span class='ocrx_word' id='word_1_682' title='bbox 2740 5084 2838 5136; x_wconf 83' lang='grc' dir='ltr'><strong>ῐδοι</strong></span> <span class='ocrx_word' id='word_1_683' title='bbox 2882 5083 3018 5154; x_wconf 81' lang='grc' dir='ltr'><strong>πρὸς</strong></span> <span class='ocrx_word' id='word_1_684' title='bbox 3045 5084 3138 5138; x_wconf 82' lang='grc' dir='ltr'><strong>τὸν</strong></span> <span class='ocrx_word' id='word_1_685' title='bbox 3161 5083 3387 5153; x_wconf 82' lang='grc' dir='ltr'><strong>Συμεὼν</strong></span> <span class='ocrx_word' id='word_1_686' title='bbox 3436 5084 3526 5139; x_wconf 79' lang='grc' dir='ltr'><strong>διὰ</strong></span> <span class='ocrx_word' id='word_1_687' title='bbox 3551 5086 3654 5155; x_wconf 72' lang='grc' dir='ltr'><strong>τῆς</strong></span> <span class='ocrx_word' id='word_1_688' title='bbox 3681 5086 3769 5138; x_wconf 68' lang='lat' dir='ltr'><strong>0a-</strong></span> 
     </span>
    </p>
   </div>
   <div class='ocr_carea' id='block_1_98' title="bbox 2184 5175 3771 5250">
    <p class='ocr_par' dir='ltr' id='par_1_98' title="bbox 2184 5175 3771 5250">
     <span class='ocr_line' id='line_1_98' title="bbox 2184 5175 3771 5250; baseline 0.003 -20"><span class='ocrx_word' id='word_1_689' title='bbox 2184 5179 2326 5250; x_wconf 74' lang='grc' dir='ltr'><strong>ρίδος</strong></span> <span class='ocrx_word' id='word_1_690' title='bbox 2350 5181 2673 5245; x_wconf 73' lang='grc' dir='ltr'><strong>εἰσπτᾶσαν,</strong></span> <span class='ocrx_word' id='word_1_691' title='bbox 2700 5181 2912 5233; x_wconf 74' lang='grc' dir='ltr'><strong>ἐκεῖθέν</strong></span> <span class='ocrx_word' id='word_1_692' title='bbox 2936 5196 2994 5233; x_wconf 84' lang='grc' dir='ltr'><strong>τε</strong></span> <span class='ocrx_word' id='word_1_693' title='bbox 3019 5175 3176 5244; x_wconf 81' lang='grc' dir='ltr'><strong>αὖθις</strong></span> <span class='ocrx_word' id='word_1_694' title='bbox 3198 5181 3545 5243; x_wconf 77' lang='grc' dir='ltr'><strong>ἀποπτᾶσαν,</strong></span> <span class='ocrx_word' id='word_1_695' title='bbox 3573 5183 3671 5235; x_wconf 71' lang='grc' dir='ltr'><strong>καὶ</strong></span> <span class='ocrx_word' id='word_1_696' title='bbox 3692 5186 3771 5245; x_wconf 74' lang='grc' dir='ltr'>εἰς</span> 
     </span>
    </p>
   </div>
   <div class='ocr_carea' id='block_1_99' title="bbox 2188 5269 3769 5346">
    <p class='ocr_par' dir='ltr' id='par_1_99' title="bbox 2188 5269 3769 5346">
     <span class='ocr_line' id='line_1_99' title="bbox 2188 5269 3769 5346; baseline 0.004 -25"><span class='ocrx_word' id='word_1_697' title='bbox 2188 5269 2328 5339; x_wconf 83' lang='grc' dir='ltr'><strong>ἀέρα</strong></span> <span class='ocrx_word' id='word_1_698' title='bbox 2355 5272 2705 5340; x_wconf 69' lang='grc' dir='ltr'><strong>χωρήσασαν.</strong></span> <span class='ocrx_word' id='word_1_699' title='bbox 2764 5273 2851 5324; x_wconf 83' lang='grc' dir='ltr'>Ἐν</span> <span class='ocrx_word' id='word_1_700' title='bbox 2884 5272 2995 5342; x_wconf 78' lang='grc' dir='ltr'><strong>ὅσῳ</strong></span> <span class='ocrx_word' id='word_1_701' title='bbox 3024 5272 3081 5324; x_wconf 81' lang='grc' dir='ltr'><strong>δὲ</strong></span> <span class='ocrx_word' id='word_1_702' title='bbox 3121 5271 3296 5326; x_wconf 82' lang='grc' dir='ltr'><strong>ταῦτα</strong></span> <span class='ocrx_word' id='word_1_703' title='bbox 3343 5273 3481 5343; x_wconf 75' lang='grc' dir='ltr'><strong>πρὸς</strong></span> <span class='ocrx_word' id='word_1_704' title='bbox 3504 5273 3769 5346; x_wconf 76' lang='grc' dir='ltr'><strong>ἀλλήλους</strong></span> 
     </span>
    </p>
   </div>
   <div class='ocr_carea' id='block_1_100' title="bbox 2188 5358 3770 5434">
    <p class='ocr_par' dir='ltr' id='par_1_100' title="bbox 2188 5358 3770 5434">
     <span class='ocr_line' id='line_1_100' title="bbox 2188 5358 3770 5434; baseline 0.005 -23"><span class='ocrx_word' id='word_1_705' title='bbox 2188 5359 2343 5412; x_wconf 63' lang='grc' dir='ltr'><strong>αὐτοὶ</strong></span> <span class='ocrx_word' id='word_1_706' title='bbox 2374 5358 2678 5432; x_wconf 78' lang='grc' dir='ltr'><strong>διεξῄεσαν,</strong></span> <span class='ocrx_word' id='word_1_707' title='bbox 2708 5363 2811 5432; x_wconf 74' lang='grc' dir='ltr'><strong>ὁρᾷ</strong></span> <span class='ocrx_word' id='word_1_708' title='bbox 2842 5362 3092 5431; x_wconf 78' lang='grc' dir='ltr'><strong>καθάπερ</strong></span> <span class='ocrx_word' id='word_1_709' title='bbox 3126 5364 3155 5416; x_wconf 82' lang='grc' dir='ltr'>ὁ</span> <span class='ocrx_word' id='word_1_710' title='bbox 3182 5361 3410 5432; x_wconf 85' lang='grc' dir='ltr'><strong>Συμεὼν</strong></span> <span class='ocrx_word' id='word_1_711' title='bbox 3452 5365 3770 5434; x_wconf 73' lang='grc' dir='ltr'><strong>ἁρπαζόμεο</strong></span> 
     </span>
    </p>
   </div>
   <div class='ocr_carea' id='block_1_101' title="bbox 2188 5451 3767 5526">
    <p class='ocr_par' dir='ltr' id='par_1_101' title="bbox 2188 5451 3767 5526">
     <span class='ocr_line' id='line_1_101' title="bbox 2188 5451 3767 5526; baseline 0.006 -25"><span class='ocrx_word' id='word_1_712' title='bbox 2188 5467 2277 5501; x_wconf 65' lang='grc' dir='ltr'><strong>νον</strong></span> <span class='ocrx_word' id='word_1_713' title='bbox 2306 5453 2383 5515; x_wconf 80' lang='grc' dir='ltr'><strong>εἰς</strong></span> <span class='ocrx_word' id='word_1_714' title='bbox 2406 5452 2634 5522; x_wconf 67' lang='grc' dir='ltr'><strong>οὐρανὸν</strong></span> <span class='ocrx_word' id='word_1_715' title='bbox 2663 5453 2875 5519; x_wconf 61' lang='grc' dir='ltr'><strong>ἑαυτὸν,</strong></span> <span class='ocrx_word' id='word_1_716' title='bbox 2910 5455 3001 5507; x_wconf 66' lang='grc' dir='ltr'><strong>καὶ</strong></span> <span class='ocrx_word' id='word_1_717' title='bbox 3041 5453 3182 5508; x_wconf 72' lang='grc' dir='ltr'><strong>κατὰ</strong></span> <span class='ocrx_word' id='word_1_718' title='bbox 3212 5455 3413 5517; x_wconf 81' lang='grc' dir='ltr'><strong>παντὸς</strong></span> <span class='ocrx_word' id='word_1_719' title='bbox 3446 5451 3535 5509; x_wconf 77' lang='grc' dir='ltr'><strong>οἷα</strong></span> <span class='ocrx_word' id='word_1_720' title='bbox 3568 5458 3767 5526; x_wconf 76' lang='grc' dir='ltr'><strong>μέρους</strong></span> 
     </span>
    </p>
   </div>
   <div class='ocr_carea' id='block_1_102' title="bbox 2188 5542 3764 5619">
    <p class='ocr_par' dir='ltr' id='par_1_102' title="bbox 2188 5542 3764 5619">
     <span class='ocr_line' id='line_1_102' title="bbox 2188 5542 3764 5619; baseline 0.004 -23"><span class='ocrx_word' id='word_1_721' title='bbox 2188 5548 2285 5615; x_wconf 76' lang='grc' dir='ltr'><strong>τῆς</strong></span> <span class='ocrx_word' id='word_1_722' title='bbox 2314 5546 2413 5614; x_wconf 80' lang='grc' dir='ltr'><strong>γῆς</strong></span> <span class='ocrx_word' id='word_1_723' title='bbox 2454 5546 2812 5618; x_wconf 79' lang='grc' dir='ltr'><strong>ἁπλούμενον,</strong></span> <span class='ocrx_word' id='word_1_724' title='bbox 2838 5542 2957 5603; x_wconf 72' lang='grc' dir='ltr'><strong>εἶτα</strong></span> <span class='ocrx_word' id='word_1_725' title='bbox 2984 5548 3069 5601; x_wconf 76' lang='grc' dir='ltr'><strong>διὰ</strong></span> <span class='ocrx_word' id='word_1_726' title='bbox 3099 5548 3383 5618; x_wconf 82' lang='grc' dir='ltr'><strong>κλιμάκων</strong></span> <span class='ocrx_word' id='word_1_727' title='bbox 3408 5550 3550 5603; x_wconf 79' lang='grc' dir='ltr'><strong>ἑπτὰ</strong></span> <span class='ocrx_word' id='word_1_728' title='bbox 3578 5551 3764 5619; x_wconf 67' lang='grc' dir='ltr'><strong>ἀναγό-</strong></span> 
     </span>
    </p>
   </div>
   <div class='ocr_carea' id='block_1_103' title="bbox 505 4893 2086 4971">
    <p class='ocr_par' dir='ltr' id='par_1_103' title="bbox 505 4893 2086 4971">
     <span class='ocr_line' id='line_1_103' title="bbox 505 4893 2086 4971; baseline 0.007 -27"><span class='ocrx_word' id='word_1_729' title='bbox 505 4893 676 4945; x_wconf 88' lang='lat' dir='ltr'><strong>etiam</strong></span> <span class='ocrx_word' id='word_1_730' title='bbox 722 4910 753 4949; x_wconf 91' lang='lat' dir='ltr'><strong>e</strong></span> <span class='ocrx_word' id='word_1_731' title='bbox 806 4909 1010 4949; x_wconf 79' lang='lat' dir='ltr'><strong>corona</strong></span> <span class='ocrx_word' id='word_1_732' title='bbox 1043 4895 1275 4951; x_wconf 88' lang='lat' dir='ltr'><strong>fratrum</strong></span> <span class='ocrx_word' id='word_1_733' title='bbox 1329 4897 1493 4971; x_wconf 88' lang='lat' dir='ltr'><strong>simul</strong></span> <span class='ocrx_word' id='word_1_734' title='bbox 1543 4901 1878 4967; x_wconf 81' lang='lat' dir='ltr'><strong>astantium,</strong></span> <span class='ocrx_word' id='word_1_735' title='bbox 1926 4909 2086 4955; x_wconf 62' lang='lat' dir='ltr'><strong>{etate</strong></span> 
     </span>
    </p>
   </div>
   <div class='ocr_carea' id='block_1_104' title="bbox 504 4984 2085 5059">
    <p class='ocr_par' dir='ltr' id='par_1_104' title="bbox 504 4984 2085 5059">
     <span class='ocr_line' id='line_1_104' title="bbox 504 4984 2085 5059; baseline 0.008 -24"><span class='ocrx_word' id='word_1_736' title='bbox 504 4984 768 5054; x_wconf 81' lang='lat' dir='ltr'><strong>grandior</strong></span> <span class='ocrx_word' id='word_1_737' title='bbox 794 4986 1209 5059; x_wconf 82' lang='lat' dir='ltr'><strong>interrogabat,</strong></span> <span class='ocrx_word' id='word_1_738' title='bbox 1232 5003 1367 5043; x_wconf 89' lang='lat' dir='ltr'><strong>num</strong></span> <span class='ocrx_word' id='word_1_739' title='bbox 1398 4989 1522 5045; x_wconf 82' lang='lat' dir='ltr'><strong>istic</strong></span> <span class='ocrx_word' id='word_1_740' title='bbox 1559 4992 1667 5046; x_wconf 88' lang='lat' dir='ltr'><strong>loci</strong></span> <span class='ocrx_word' id='word_1_741' title='bbox 1693 4992 1964 5048; x_wconf 69' lang='lat' dir='ltr'><strong>columba:</strong></span> <span class='ocrx_word' id='word_1_742' title='bbox 1995 5009 2085 5048; x_wconf 84' lang='lat' dir='ltr'><strong>es-</strong></span> 
     </span>
    </p>
   </div>
   <div class='ocr_carea' id='block_1_105' title="bbox 505 5075 2083 5152">
    <p class='ocr_par' dir='ltr' id='par_1_105' title="bbox 505 5075 2083 5152">
     <span class='ocr_line' id='line_1_105' title="bbox 505 5075 2083 5152; baseline 0.007 -22"><span class='ocrx_word' id='word_1_743' title='bbox 505 5083 649 5131; x_wconf 84' lang='lat' dir='ltr'><strong>sent.</strong></span> <span class='ocrx_word' id='word_1_744' title='bbox 688 5075 1281 5149; x_wconf 81' lang='lat' dir='ltr'><strong>Cunctisnegantibus,</strong></span> <span class='ocrx_word' id='word_1_745' title='bbox 1328 5083 1523 5136; x_wconf 89' lang='lat' dir='ltr'><strong>retulit</strong></span> <span class='ocrx_word' id='word_1_746' title='bbox 1566 5085 1857 5152; x_wconf 43' lang='lat' dir='ltr'><strong>quomodo.</strong></span> <span class='ocrx_word' id='word_1_747' title='bbox 1891 5086 2083 5141; x_wconf 89' lang='lat' dir='ltr'><strong>candi-</strong></span> 
     </span>
    </p>
   </div>
   <div class='ocr_carea' id='block_1_106' title="bbox 504 5168 2083 5246">
    <p class='ocr_par' dir='ltr' id='par_1_106' title="bbox 504 5168 2083 5246">
     <span class='ocr_line' id='line_1_106' title="bbox 504 5168 2083 5246; baseline 0.007 -24"><span class='ocrx_word' id='word_1_748' title='bbox 504 5168 630 5222; x_wconf 85' lang='lat' dir='ltr'><strong>dam</strong></span> <span class='ocrx_word' id='word_1_749' title='bbox 662 5169 974 5225; x_wconf 87' lang='lat' dir='ltr'><strong>columbam</strong></span> <span class='ocrx_word' id='word_1_750' title='bbox 998 5188 1094 5241; x_wconf 83' lang='lat' dir='ltr'><strong>pcr</strong></span> <span class='ocrx_word' id='word_1_751' title='bbox 1121 5171 1421 5229; x_wconf 87' lang='lat' dir='ltr'><strong>fenestram</strong></span> <span class='ocrx_word' id='word_1_752' title='bbox 1456 5174 1522 5229; x_wconf 89' lang='lat' dir='ltr'><strong>ad</strong></span> <span class='ocrx_word' id='word_1_753' title='bbox 1560 5176 1888 5246; x_wconf 73' lang='lat' dir='ltr'><strong>Symeonem</strong></span> <span class='ocrx_word' id='word_1_754' title='bbox 1914 5177 2083 5233; x_wconf 84' lang='lat' dir='ltr'><strong>advo-</strong></span> 
     </span>
    </p>
   </div>
   <div class='ocr_carea' id='block_1_107' title="bbox 503 5259 2083 5331">
    <p class='ocr_par' dir='ltr' id='par_1_107' title="bbox 503 5259 2083 5331">
     <span class='ocr_line' id='line_1_107' title="bbox 503 5259 2083 5331; baseline 0.008 -20"><span class='ocrx_word' id='word_1_755' title='bbox 503 5259 731 5325; x_wconf 86' lang='lat' dir='ltr'><strong>lantem,</strong></span> <span class='ocrx_word' id='word_1_756' title='bbox 762 5260 999 5331; x_wconf 83' lang='lat' dir='ltr'><strong>indeque</strong></span> <span class='ocrx_word' id='word_1_757' title='bbox 1029 5278 1220 5317; x_wconf 86' lang='lat' dir='ltr'><strong>rursus</strong></span> <span class='ocrx_word' id='word_1_758' title='bbox 1245 5266 1552 5319; x_wconf 81' lang='lat' dir='ltr'><strong>avolantem</strong></span> <span class='ocrx_word' id='word_1_759' title='bbox 1577 5282 1642 5321; x_wconf 91' lang='lat' dir='ltr'><strong>ac</strong></span> <span class='ocrx_word' id='word_1_760' title='bbox 1668 5266 1958 5321; x_wconf 90' lang='lat' dir='ltr'><strong>sublimem</strong></span> <span class='ocrx_word' id='word_1_761' title='bbox 1992 5269 2083 5323; x_wconf 87' lang='lat' dir='ltr'><strong>ab-</strong></span> 
     </span>
    </p>
   </div>
   <div class='ocr_carea' id='block_1_108' title="bbox 502 5354 2083 5427">
    <p class='ocr_par' dir='ltr' id='par_1_108' title="bbox 502 5354 2083 5427">
     <span class='ocr_line' id='line_1_108' title="bbox 502 5354 2083 5427; baseline 0.008 -22"><span class='ocrx_word' id='word_1_762' title='bbox 502 5358 728 5408; x_wconf 82' lang='lat' dir='ltr'><strong>euntem</strong></span> <span class='ocrx_word' id='word_1_763' title='bbox 750 5354 1115 5427; x_wconf 29' lang='lat' dir='ltr'><strong>conspicatus.</strong></span> <span class='ocrx_word' id='word_1_764' title='bbox 1133 5356 1349 5412; x_wconf 89' lang='lat' dir='ltr'><strong>fuisset.</strong></span> <span class='ocrx_word' id='word_1_765' title='bbox 1372 5359 1508 5411; x_wconf 90' lang='lat' dir='ltr'><strong>Dum</strong></span> <span class='ocrx_word' id='word_1_766' title='bbox 1536 5359 1651 5414; x_wconf 65' lang='lat' dir='ltr'><strong>haec</strong></span> <span class='ocrx_word' id='word_1_767' title='bbox 1681 5359 1757 5414; x_wconf 90' lang='lat' dir='ltr'><strong>illi</strong></span> <span class='ocrx_word' id='word_1_768' title='bbox 1790 5360 1933 5415; x_wconf 90' lang='lat' dir='ltr'><strong>inter</strong></span> <span class='ocrx_word' id='word_1_769' title='bbox 1964 5377 2083 5418; x_wconf 88' lang='lat' dir='ltr'><strong>sese</strong></span> 
     </span>
    </p>
   </div>
   <div class='ocr_carea' id='block_1_109' title="bbox 501 5438 2081 5519">
    <p class='ocr_par' dir='ltr' id='par_1_109' title="bbox 501 5438 2081 5519">
     <span class='ocr_line' id='line_1_109' title="bbox 501 5438 2081 5519; baseline 0.005 -21"><span class='ocrx_word' id='word_1_770' title='bbox 501 5445 817 5509; x_wconf 82' lang='lat' dir='ltr'><strong>conferunt,</strong></span> <span class='ocrx_word' id='word_1_771' title='bbox 841 5446 1009 5501; x_wconf 76' lang='lat' dir='ltr'><strong>sentit</strong></span> <span class='ocrx_word' id='word_1_772' title='bbox 1039 5446 1278 5517; x_wconf 79' lang='lat' dir='ltr'><strong>Symeon</strong></span> <span class='ocrx_word' id='word_1_773' title='bbox 1312 5450 1367 5502; x_wconf 91' lang='lat' dir='ltr'><strong>in</strong></span> <span class='ocrx_word' id='word_1_774' title='bbox 1404 5449 1607 5502; x_wconf 69' lang='lat' dir='ltr'><strong>oculum</strong></span> <span class='ocrx_word' id='word_1_775' title='bbox 1670 5438 2081 5519; x_wconf 76' lang='lat' dir='ltr'><strong>quodammodo</strong></span> 
     </span>
    </p>
   </div>
   <div class='ocr_carea' id='block_1_110' title="bbox 503 5537 2076 5617">
    <p class='ocr_par' dir='ltr' id='par_1_110' title="bbox 503 5537 2076 5617">
     <span class='ocr_line' id='line_1_110' title="bbox 503 5537 2076 5617; baseline 0.006 -29"><span class='ocrx_word' id='word_1_776' title='bbox 503 5550 563 5588; x_wconf 76' lang='lat' dir='ltr'><strong>sc</strong></span> <span class='ocrx_word' id='word_1_777' title='bbox 600 5537 735 5606; x_wconf 74' lang='lat' dir='ltr'><strong>rapi,</strong></span> <span class='ocrx_word' id='word_1_778' title='bbox 761 5549 817 5593; x_wconf 87' lang='lat' dir='ltr'><strong>et</strong></span> <span class='ocrx_word' id='word_1_779' title='bbox 847 5554 946 5606; x_wconf 80' lang='lat' dir='ltr'><strong>per</strong></span> <span class='ocrx_word' id='word_1_780' title='bbox 971 5540 1256 5595; x_wconf 74' lang='lat' dir='ltr'><strong>universas</strong></span> <span class='ocrx_word' id='word_1_781' title='bbox 1291 5542 1482 5595; x_wconf 83' lang='lat' dir='ltr'><strong>mundi</strong></span> <span class='ocrx_word' id='word_1_782' title='bbox 1510 5541 1695 5612; x_wconf 66' lang='lat' dir='ltr'><strong>plagas</strong></span> <span class='ocrx_word' id='word_1_783' title='bbox 1729 5542 1743 5596; x_wconf 93' lang='lat' dir='ltr'><strong>l</strong></span> <span class='ocrx_word' id='word_1_784' title='bbox 1768 5553 1837 5597; x_wconf 50' lang='lat' dir='ltr'><strong>tte</strong></span> <span class='ocrx_word' id='word_1_785' title='bbox 1865 5546 2076 5617; x_wconf 62' lang='lat' dir='ltr'><strong>vagari;</strong></span> 
     </span>
    </p>
   </div>
   <div class='ocr_carea' id='block_1_111' title="bbox 572 5690 1654 5761">
    <p class='ocr_par' dir='ltr' id='par_1_111' title="bbox 572 5690 1654 5761">
     <span class='ocr_line' id='line_1_111' title="bbox 572 5690 1654 5761; baseline 0.005 -16"><span class='ocrx_word' id='word_1_786' title='bbox 572 5690 589 5720; x_wconf 86' lang='grc'><strong><em>⁹</em></strong></span> <span class='ocrx_word' id='word_1_787' title='bbox 624 5692 813 5748; x_wconf 73' lang='lat' dir='ltr'><strong>Matth.</strong></span> <span class='ocrx_word' id='word_1_788' title='bbox 862 5710 985 5761; x_wconf 72' lang='lat' dir='ltr'><strong>xxv,</strong></span> <span class='ocrx_word' id='word_1_789' title='bbox 1023 5696 1110 5751; x_wconf 69' lang='grc' dir='ltr'><strong>δι.</strong></span> <span class='ocrx_word' id='word_1_790' title='bbox 1195 5698 1231 5727; x_wconf 71' lang='grc' dir='ltr'><strong>ν’</strong></span> <span class='ocrx_word' id='word_1_791' title='bbox 1259 5694 1393 5748; x_wconf 79' lang='lat' dir='ltr'><strong>Luc.</strong></span> <span class='ocrx_word' id='word_1_792' title='bbox 1429 5712 1536 5754; x_wconf 72' lang='lat' dir='ltr'><strong>xiv.</strong></span> <span class='ocrx_word' id='word_1_793' title='bbox 1572 5696 1654 5751; x_wconf 73' lang='grc'><strong>35.</strong></span> 
     </span>
    </p>
   </div>
  </div>
