3980 6296
208 286 353 352 3021

1224 286 1397 358 vrri
1436 287 1483 356 λ
1522 288 1959 364 Νιιιεριιοῐιο
1995 303 2481 370 CONSCRIPTA.

3351 313 3492 378 3022

214 427 421 479 μενον⁸
456 412 533 475 ὡς
568 414 621 467 δὲ
671 413 1039 468 πυνθάνεσθαι
1078 417 1129 468 τί
1160 434 1291 470 ποτε
1332 418 1419 487 εἴη
1466 419 1534 471 τά
1578 420 1787 490 παρόντη

1891 472 1893 480 ι
1920 433 2042 479 tum
2077 426 2289 481 deinde
2310 442 2411 497 per
2438 438 2647 497 septem
2674 430 2848 483 sca‘as
2882 428 3105 487 deduci.
3142 432 3493 487 Percontatur

206 509 417 576 ἐδόκει,
448 513 633 578 φωνῆς
665 507 853 562 ἀκούει
881 507 1168 577 λεγούσης,
1199 508 1274 569 ὡς
1321 509 1427 577 ἄρα
1453 508 1519 560 Οἱ
1544 509 1690 562 ἑπτά
1719 511 1807 562 ού-

213 600 377 668 ρανοί
408 602 545 653 εἰσιν
573 597 740 663 οὗτοι,
769 600 836 651 δι’
865 593 939 650 ὧν
963 599 1205 669 ἀνήχθης
1224 615 1237 627 ·
1274 596 1403 668 ἑξῆς
1428 598 1485 653 δὲ
1528 601 1620 653 καὶ
1643 601 1808 655 αὐτὸν

208 691 324 760 ὁρᾷ
349 690 440 742 τὸν
472 690 821 759 παράδεισον,
847 688 1196 742 παλάτιόνκτε
1225 688 1403 755 φωτὸς
1429 690 1487 742 ἐν
1517 690 1687 760 αὐτῷ,
1716 691 1811 744 καὶ

210 784 405 853 πηγὴν
461 782 619 853 μύρῳ
675 781 993 851 βλύζουσαν,
1038 782 1267 852 καμάρα
1310 783 1367 834 δὲ
1405 786 1470 853 τῇ
1515 786 1665 854 πηγῇ
1714 784 1810 851 ἐφ-

210 872 491 941 ειστήκει,
526 871 676 934 Θείας
706 871 949 942 ἁκριόῶς
983 872 1165 942 χειρὸς
1194 871 1377 945 ἔργον,
1405 873 1596 927 ούδένα
1624 874 1680 926 δὲ
1714 876 1809 927 ἀν-

210 962 455 1035 Θρώπων
502 965 634 1025 ἐκεῖ,
667 964 747 1017 ὅτι
774 962 850 1033 μή
879 964 969 1016 τὸν
1004 963 1177 1034 ’Δδάμ
1213 965 1311 1018 καὶ
1343 965 1435 1017 τὸν
1463 966 1686 1037 Λῃστὴν
1710 966 1809 1020 ἴδοι

211 1055 434 1125 μόνους.
470 1056 556 1108 Ἑν
574 1054 1112 1125 ἑαυτῷ-δὲγεγονὼς,
1137 1056 1472 1124 ἀπαγγέλλει
1493 1056 1570 1128 τῷ
1585 1059 1807 1130 Ἰωάννῃ

208 1146 317 1215 τὴν
345 1146 490 1214 δψιψ
524 1148 552 1199 6
583 1145 638 1198 δὲ
673 1144 907 1214 χείλεσιν
922 1145 1295 1214 ἀγαλλιάσεως
1316 1143 1570 1217 ἦναίνῶν
1603 1167 1660 1201 τε
1691 1149 1808 1219 ἃμα

207 1237 309 1290 καὶ
338 1236 579 1304 εὐλογῶν
608 1237 699 1290 τὸν
722 1237 876 1303 Θεὸν,
910 1237 968 1301 ὃς
998 1236 1334 1308 τηλικαύτην
1360 1240 1510 1311 αύτῷ
1538 1240 1808 1312 δεδώρητο

203 1329 393 1396 χάριν.
445 1329 502 1382 'U
537 1329 636 1399 μὲν
671 1326 765 1384 οὖν
789 1328 1019 1400 Συμεὼύ
1049 1331 1406 1401 τηλικαύταις
1439 1332 1641 1404 ύψοῦτο
1669 1336 1806 1405 πρὸς

208 1420 348 1473 Θεὸν
385 1420 736 1475 ἀναόάσεσιν.

280 1619 382 1674 λθ’.
412 1619 585 1674 Ἐπάν
629 1620 686 1674 δέ
742 1637 825 1683 τις
866 1618 1015 1690 αὐτῷ
1060 1619 1347 1691 προσέλθοι
1380 1621 1681 1692 ἐνδύματος
1713 1625 1801 1676 ἑν-

202 1711 358 1781 δεὴς,
391 1711 640 1776 ὲξεδύετο
670 1710 732 1763 τὸ
767 1713 970 1763 οἰκεῖον
1008 1713 1238 1775 ἐκεῖνος.
1271 1713 1454 1766 πᾶσαν
1487 1712 1564 1776 ὡς
1591 1708 1706 1768 οἷόν
1740 1731 1798 1766 τε

202 1800 488 1856 λανθάνων
516 1803 771 1872 αἴσθησιν
798 1841 812 1861 ,
846 1804 940 1855 καὶ
973 1804 1202 1873 παρεῖχε
1233 1802 1313 1872 τῷ
1335 1804 1575 1874 δεομένῳ
1598 1820 1613 1835 °
1645 1807 1741 1859 καὶ
1770 1807 1799 1859 6

209 1894 313 1965 μὲν
346 1895 584 1965 ἐκάθητο
620 1895 827 1964 γυμνὸς
872 1894 940 1947 τὰ
990 1894 1159 1948 πολλά
1204 1898 1296 1948 καὶ
1327 1897 1617 1967 χειμῶνος,
1646 1899 1801 1958 θείας

203 1986 419 2040 ἄνωθεν
441 1987 663 2058 χάριτος
695 1985 957 2058 περιδολῇ
989 1987 1348 2058 σκεπόμενος.
1388 1989 1608 2044 Ἐλύπει
1646 1990 1705 2045 δὲ
1736 1993 1801 2045 τὸ

204 2081 355 2152 πέρα
385 2080 599 2149 φύσεως
625 2078 786 2132 τοῦτο
817 2079 914 2147 τῆς
944 2077 1038 2131 τοῦ
1063 2077 1292 2148 Συμεὼν
1315 2080 1687 2145 κακοπαθείας
1707 2083 1799 2136 τὸν

217 2171 495 2243 Ἰωάννην,
532 2172 632 2224 ὅσα
666 2175 761 2225 καὶ
791 2171 973 2244 πατὴρ
1001 2172 1167 2225 αὐτοῦ
1202 2172 1297 2226 καὶ
1340 2175 1525 2244 μήτηρ
1560 2174 1795 2246 κηδόμε-

204 2280 319 2317 νον.
342 2262 479 2315 [lori
510 2263 689 2316 τοίνυν
725 2261 1025 2332 βαλόμενος
1065 2266 1094 2316 6
1132 2261 1362 2333 Συμεὼν
1390 2266 1483 2317 ἐπὶ
1513 2264 1636 2318 νοῦν
1668 2268 1797 2330 τοὺς

203 2355 314 2408 τῶν
346 2355 519 2420 ἁγίων
542 2355 952 2426 τεσσαράκοντα
993 2355 1288 2427 μαρτύρων
1321 2356 1464 2427 ὑπὲρ
1507 2358 1793 2421 εὐσεϐείας

208 2446 454 2512 ἀγῶνας,
485 2446 634 2509 ὅπως
672 2448 793 2519 ὥρᾳ
830 2448 1099 2517 χειμῶνος
1133 2449 1227 2500 ἐπὶ
1257 2448 1454 2518 λίμνης
1485 2449 1688 2522 αῖθριοι
1715 2449 1796 2520 τῷ

204 2538 434 2608 παγετῷ
470 2528 880 2611 διεκαρτέρουν,
926 2540 988 2592 τό
1016 2557 1076 2592 τε
1129 2539 1327 2610 στῆθος
1356 2542 1535 2594 παίων
1573 2544 1666 2594 καὶ
1698 2543 1795 2595 δα·-

202 2629 408 2699 κρύων,
428 2633 615 2695 ⁹ἓετοὺς
646 2633 754 2684 τῶν
782 2631 1079 2703 ὀφθαλμῶν
1102 2632 1336 2698 καθιεὶς,
1363 2634 1557 2704 Οἴμοιί
1585 2633 1791 2703 ἔλεγεν,

203 2721 389 2792 οίμοιί
423 2723 610 2786 Ὅσοις
632 2724 683 2775 οί
722 2724 1001 2795 μάρτυρες
1042 2722 1260 2789 ἄθλοις,
1289 2724 1507 2793 ἡλίκαις
1544 2726 1632 2779 διὰ
1663 2729 1795 2797 Χρι-

202 2814 329 2867 στὸν
354 2812 630 2879 κολάσεσι,
661 2815 761 2877 τάς
787 2831 843 2867 τε
875 2814 1179 2885 μελλούσας
1214 2814 1486 2885 βασάνους
1512 2817 1790 2887 διέφυγον,

201 2905 296 2955 καὶ
314 2904 427 2957 τῶν
457 2903 892 2974 ἐπηγγελμένων
913 2906 1281 2975 τετυχήκασιν
1313 2905 1536 2975 ἀγαθῶν
1559 2909 1572 2961 l
1603 2910 1715 2977 ἐγὼ
1735 2909 1793 2963 δὲ

118 3054 121 3057 λ
199 2992 253 3044 τί
296 2994 509 3063 ὀράσω;
567 2996 692 3058 Πῶς
734 2995 826 3048 τόν
860 2995 1106 3066 βρυγμὸν
1139 2995 1249 3049 τῶν
1277 2997 1507 3051 ὀδόντων
1545 3000 1573 3050 6
1610 3000 1793 3062 ἅθλιος

1908 526 2124 582 alitem.
2151 519 2283 589 quid
2310 520 2480 576 rebus
2500 520 2630 584 illis,
2659 535 2781 590 quae
2808 521 2984 576 oculis
3032 524 3491 593 subjiciebantnr.

1911 609 2210 678 aliquando
2240 610 2491 666 futurum
2524 621 2692 676 esset,
2713 612 2902 667 audita
2932 625 3139 670 voxest
3160 616 3351 671 dicens
3381 634 3393 669 :
3429 615 3492 670 lli

1911 712 2119 773 septem
2136 705 2262 759 coeli
2283 715 2413 760 sunt
2427 721 2527 775 per
2546 721 2687 775 quos
2700 707 3020 764 ascendisti.
3039 708 3170 763 Post
3182 709 3298 764 haec
3314 710 3493 779 ipsum

1910 796 2265 864 conspicatur
2288 797 2627 866 paradisum,
2677 798 2730 852 in
2762 813 2939 869 eoque
2972 798 3239 868 palatium
3283 800 3494 871 fulgen-

1912 886 2183 941 tissimum
2199 897 2256 943 et
2277 888 2486 943 fontem
2512 897 2791 959 unguento
2805 890 3048 959 pretioso
3064 892 3491 957 scaturientcm;

1908 976 2049 1031 fonti
2091 986 2275 1032 autem
2305 978 2632 1035 imminebat
2657 978 2862 1044 fornix,
2889 980 3116 1052 dignum
3158 981 3371 1038 artiﬁce
3403 983 3492 1037 di-

1910 1069 2039 1123 vino
2063 1085 2241 1139 opus:
2267 1072 2364 1126 sed
2404 1073 2617 1127 nullum
2642 1072 2781 1128 inibi
2812 1072 3094 1129 hominem
3124 1083 3490 1145 praeterquam

1908 1161 2087 1215 solum
2111 1162 2381 1217 Adamum
2402 1173 2460 1219 et
2481 1164 2687 1220 bonum
2714 1163 3007 1220 Latronem
3034 1166 3387 1222 observabat.
3412 1166 3489 1221 Ad

1908 1267 1967 1307 se
1998 1268 2258 1308 reversus
2281 1252 2518 1326 Symeon
2552 1255 2780 1324 exponit
2801 1255 3000 1311 Joanni
3032 1257 3323 1321 visionem,
3352 1258 3493 1312 laetis

1907 1345 2143 1400 vocibus
2187 1346 2437 1401 laudanti
2472 1347 2767 1402 Dominum
2816 1364 2882 1402 ac
2912 1348 3287 1413 benedicenti,
3340 1349 3490 1420 quod

1911 1437 2075 1491 talem
2097 1437 2302 1493 famqu
2319 1453 2420 1493 suo
2435 1441 2666 1510 gratiam
2697 1441 3015 1510 impertitus
3034 1450 3201 1498 esset.
3231 1442 3412 1512 Atque
3431 1440 3489 1495 hi

1905 1528 2257 1599 suntgradus
2278 1568 2293 1593 ,
2322 1530 2530 1599 quibus
2559 1529 2797 1602 Symeon
2832 1531 3170 1588 eﬂ'erebatur
3191 1534 3260 1588 ad
3290 1534 3484 1591 Deum.

1938 1644 1943 1647 -
1976 1620 2067 1674 59.
2102 1620 2161 1674 Si
2191 1620 2418 1689 quando
2468 1620 2648 1689 ipsum
2672 1622 2962 1677 accederet
2999 1623 3274 1693 quispiam
3316 1627 3487 1680 vestis

1906 1712 2146 1784 indigus,
2180 1728 2333 1767 suam
2364 1712 2469 1768 sibi
2505 1714 2623 1785 ipse
2653 1716 2979 1780 detractam,
3004 1717 3153 1771 omni
3191 1719 3484 1773 commise-

1902 1800 2137 1856 rationis
2179 1816 2368 1866 sensu,
2394 1813 2662 1872 quantum
2689 1805 2806 1859 iieri
2836 1813 3071 1874 poterat,
3113 1804 3482 1873 dissimulato,

1900 1890 2222 1963 porrigebat
2245 1893 2477 1962 petenti,
2501 1893 2954 1964 perennabatque
2972 1895 3158 1951 nudus
3180 1895 3298 1966 ipsa
3316 1897 3484 1953 etiam

1899 1982 2226 2053 plerumque
2253 1983 2459 2047 hieme,
2486 1983 2692 2039 divina:
2722 1984 3010 2039 cbaritatis
3034 1983 3241 2040 amictu
3259 1985 3484 2040 caelitus

1898 2074 2212 2146 coopertus.
2249 2075 2455 2130 Verum
2495 2075 2588 2131 hic
2634 2075 2883 2131 insolens
2912 2090 3193 2146 supraque
3227 2085 3481 2131 naturam

1897 2165 2201 2235 castigandi
2243 2165 2331 2221 sui
2359 2165 2556 2221 modus
2582 2179 2807 2237 gravem
2829 2166 2999 2222 animi
3021 2181 3243 2223 sensum
3268 2166 3483 2239 ingere-

1898 2256 1992 2312 bat
2036 2257 2257 2323 Joanni,
2306 2273 2419 2313 non
2452 2258 2641 2325 minus
2685 2258 2755 2314 de
2797 2258 3088 2332 Symeone,
3122 2274 3287 2330 quam
3322 2270 3481 2331 pater

1896 2359 2142 2406 materve
2179 2350 2344 2414 solet.
2383 2350 2568 2406 anxio.
2611 2351 2860 2417 Quodam
2912 2362 3162 2422 tempore
3214 2368 3481 2409 revocans

1896 2441 1965 2497 ad
1998 2443 2244 2497 animum
2285 2443 2524 2514 Symeon
2576 2442 2944 2515 quadraginta
2981 2453 3298 2501 sanctorum
3329 2462 3478 2501 mar-

1896 2544 2077 2603 tyrum
2131 2534 2417 2605 religionis
2462 2550 2596 2605 ergo
2631 2543 2894 2605 suscepta
2923 2539 3250 2602 certamina,
3297 2540 3480 2608 pensi-

1897 2636 2129 2695 tansque
2143 2641 2308 2696 quam
2338 2641 2538 2682 sereno
2558 2627 2833 2697 hilarique
2862 2627 3019 2683 vultu
3045 2629 3099 2684 in
3121 2628 3246 2685 lacu
3273 2629 3476 2701 frigore

1894 2717 2240 2788 conglaciato
2272 2718 2508 2773 brumali
2540 2726 2864 2788 tempestate
2894 2718 3186 2782 durarent.
3209 2736 3476 2789 percusso

1895 2818 2120 2879 pectore
2171 2810 2651 2881 lacrymarumque
2695 2809 2871 2865 imbre
2917 2812 3098 2867 oculis
3138 2812 3471 2881 proﬂuente.

1895 2899 1995 2954 Hei
2020 2900 2178 2964 mihi,
2202 2900 2401 2969 inquit,
2432 2900 2526 2954 hei
2557 2901 2759 2954 misero
2783 2900 2915 2954 mihi
2935 2901 2949 2954 l
2972 2902 3192 2971 quantis
3223 2903 3301 2958 illi
3331 2919 3478 2958 mar-

1896 3002 2046 3063 tyres
2072 2992 2493 3053 certaminibus,
2517 3007 2681 3062 quam
2703 2992 2922 3047 acerbis
2937 3003 3165 3063 propter
3190 2993 3475 3050 Christum

201 3083 382 3151 φύγω,
419 3084 468 3137 οἳ
500 3085 779 3139 κάνταῦθα
809 3086 871 3139 τὸ
905 3086 1067 3157 σῶμα
1100 3087 1327 3147 ἔδονται,
1355 3090 1519 3143 κάκεῖ
1558 3108 1650 3160 μοι
1686 3092 1787 3145 πά-

1896 3082 2239 3139 cruciatibus
2271 3083 2542 3145 toleratis,
2574 3090 2631 3138 ct
2660 3091 2935 3138 tormenta
2970 3086 3308 3155 sempiterna
3340 3102 3473 3143 eva-

200 3174 284 3228 λιν
305 3175 366 3228 οὐ
394 3175 807 3244 τελευτήσουσι;
833 3175 1017 3229 Ταῦτα
1044 3176 1222 3244 ἔλεγε,
1247 3177 1457 3242 τούτοις
1484 3179 1784 3251 ήδολέσχει,

198 3266 426 3321 τοιαῦτα
452 3266 941 3336 προσανεκλαίετο.
972 3264 1104 3321 Εἶτα
1140 3268 1341 3335 γόνατα
1379 3270 1515 3340 πρὸς
1550 3272 1655 3337 γῆν
1688 3273 1784 3325 καὶ

204 3361 394 3430 χεῖρας
437 3360 677 3429 ἐρείσας,
717 3357 860 3412 οὕτω
894 3360 1073 3413 πᾶσαν
1113 3360 1330 3431 ἐκείνην
1355 3362 1453 3428 τὴν
1486 3365 1659 3417 νύκτα
1687 3382 1781 3417 πι-

199 3451 350 3523 κρῶς
391 3452 583 3504 ἑαυτὸν
619 3451 959 3522 ἀπωδύρετο,
995 3450 1187 3525 ὥσπερ
1229 3454 1380 3526 αὐτῷ
1422 3456 1516 3509 καὶ
1554 3456 1781 3527 καρδίας

197 3546 310 3606 τοῖς
329 3542 560 3613 δάκρυσι
592 3543 1044 3612 συνεκχεομένης,
1069 3542 1146 3606 ὡς
1175 3543 1269 3596 καὶ
1294 3545 1361 3596 τά
1387 3546 1669 3614 σπλάγχνα
1690 3548 1782 3599 τὶν

198 3632 340 3687 θεῖον
376 3633 629 3701 Ἰωάννην
666 3633 929 3696 παθόντα,
963 3633 1227 3704 Μάχαιρά
1261 3650 1344 3687 σοι
1374 3635 1641 3698 λείπεται,
1679 3640 1780 3706 φά-

195 3741 309 3789 ναι,
358 3726 424 3797 ἥν
458 3724 638 3778 λαϐὼν
696 3725 920 3778 σεαυτὸν
971 3724 1360 3797 διαχειρίσεις·
1392 3726 1564 3791 οὕτως
1613 3729 1780 3783 αὑτοῦ

197 3818 434 3884 γνησίως
460 3817 829 3886 περιεκαίετο.

1894 3183 2111 3240 serunt,
2173 3183 2229 3229 et
2258 3175 2590 3244 promissam
2624 3174 2942 3230 beatitatem
2977 3179 3262 3233 consecuti
3307 3183 3471 3237 sunt!

1894 3264 2009 3334 Ego
2035 3274 2218 3318 autem
2264 3263 2397 3333 quid
2432 3263 2632 3334 agam?
2655 3279 2767 3334 quo
2808 3276 2966 3333 pacto
3003 3267 3301 3324 stridorem
3333 3269 3475 3324 den-

1893 3358 2029 3411 tium
2058 3357 2223 3412 miser
2250 3355 2533 3428 ell‘ugiam,
2560 3356 2839 3423 dentium,
2877 3358 2974 3428 qui
3008 3366 3123 3413 tum
3154 3360 3247 3416 hic
3274 3363 3477 3421 roden-

1888 3450 1963 3505 do
1992 3464 2195 3520 corpus
2244 3449 2645 3513 connninuent,
2677 3459 2791 3503 tum
2846 3450 2972 3506 istic
3004 3451 3368 3513 nihilominus
3415 3456 3471 3511 ἰιι

1888 3550 2223 3613 perpetuum
2274 3556 2362 3597 me
2388 3540 2775 3596 dilaniabunt?
2803 3540 2957 3596 Talia
2998 3542 3302 3600 identidem
3344 3561 3466 3617 pro-

1889 3635 2072 3689 mebat
2100 3636 2220 3700 ore,
2251 3633 2383 3688 talia
2405 3632 2781 3688 meditabatur
2805 3634 3016 3699 animo,
3042 3634 3172 3691 talia
3201 3637 3469 3693 miserum

1888 3726 1944 3779 in
1971 3725 2197 3780 modum
2228 3733 2377 3778 totus
2399 3723 2841 3777 lamentabatur:
2866 3732 2981 3777 tum
3021 3726 3255 3795 genibus
3287 3731 3467 3783 mani-

1890 3815 2105 3892 busque
2136 3817 2289 3875 humi
2319 3815 2516 3885 positis
2553 3829 2781 3885 pronus,
2824 3814 3067 3885 seipsum
3113 3826 3220 3872 tam
3270 3821 3468 3874 acerbo

196 3920 314 3964 tota
350 3910 444 3965 illa
475 3919 639 3964 nocte
696 3909 1040 3978 deplorabal,
1072 3909 1242 3964 vitam
1274 3912 1449 3968 veluti
1477 3929 1602 3967 cum
1634 3914 1891 3985 lacrymis
1906 3913 2265 3985 profundeus,
2292 3920 2352 3966 ut
2403 3910 2489 3964 vir
2505 3909 2726 3964 divinus
2763 3908 3024 3968 Joannes,
3067 3909 3469 3965 iutimisvisce-

197 4000 350 4056 ribus
372 4011 703 4065 commotus,
742 4000 929 4055 dicere
965 4000 1292 4069 auditussit
1326 4019 1341 4056 :
1391 4002 1534 4069 Quid
1563 4004 1782 4060 tandem
1811 4046 1827 4069 ,

193 4096 467 4149 violentas
504 4093 602 4147 tibi
632 4093 747 4162 ipse
783 4107 979 4147 manus
1006 4092 1228 4148 inieras.

268 4184 340 4255 μ’.
375 4187 606 4238 Ἔπειτα
636 4185 818 4255 μέντοι
846 4184 983 4254 πρὸς
1018 4186 1217 4257 ἑτέραν
1254 4189 1478 4257 μείζονα
1509 4190 1617 4242 τῶν
1644 4205 1777 4257 προέ

94 4340 103 4347 Γ
192 4280 367 4350 τέρων
395 4279 625 4349 ἇσκησιν
661 4277 853 4331 ἑαυτὸν
878 4279 907 4330 6
932 4278 1156 4347 Συμεὼν
1190 4279 1435 4347 ἐξεπόνει
1468 4299 1482 4314 ⁸
1505 4283 1645 4350 ἔγνω
1666 4284 1773 4352 γάρ

1868 4004 2140 4078 Symeon?
2197 4002 2431 4057 Ferrum
2480 4000 2830 4056 solummodo
2925 3999 3107 4064 deest,
3166 4004 3466 4073 quominus

1951 4180 2037 4240 λθ.
2073 4185 2341 4240 Successu
2392 4181 2595 4238 deinde
2624 4183 2887 4253 temporis
2915 4184 3067 4240 aliud
3113 4191 3465 4249 exercitatio-

1882 4279 1970 4334 nis
1999 4292 2175 4349 genus
2207 4275 2546 4346 excogitans,
2581 4274 2751 4345 priori
2797 4276 2958 4348 longe
3011 4281 3185 4352 magis
3233 4291 3463 4353 stupe".

193 4372 283 4424 επὶ
310 4370 418 4423 τῶν
445 4369 639 4423 ἑαυτοῦ
669 4369 887 4423 καθίσαι
917 4369 1094 4424 ποδῶν
1117 4386 1133 4403 ο
1150 4369 1179 4423 ὃ
1196 4370 1291 4425 καὶ
1306 4372 1438 4443 παρ’
1456 4373 1576 4428 ὅλον
1596 4376 1771 4429 ἐνιαυ-

1891 4371 2033 4435 dum,
2064 4368 2133 4425 ad
2164 4367 2299 4423 illud
2325 4381 2449 4422 sese
2480 4366 2875 4422 exstimulavit.
2921 4366 3228 4430 Constituit
3270 4374 3458 4446 igitur,

193 4463 285 4515 τὸν
312 4460 641 4531 πεποίηκεν,’
663 4461 963 4531 ἀσάλευτος
992 4462 1204 4531 μείνας,
1237 4463 1490 4535 καθάπερ
1530 4467 1625 4520 ἐπὶ
1667 4468 1764 4519 πέ-

190 4567 322 4621 τραν
338 4551 433 4617 τῆς
447 4552 523 4612 εἰς
543 4546 770 4615 Χριστὸν
782 4549 989 4621 ἀγάπης
1005 4553 1249 4622 ἀκριϐῶς
1280 4556 1640 4627 ἡδρασμένος.
1679 4559 1770 4628 Τῷ

195 4642 290 4713 μὲν
325 4640 419 4695 οὖν
461 4641 660 4713 χρονίῳ
694 4641 792 4711 τῆς
825 4642 1115 4714 καθέδρας,
1159 4646 1253 4698 καὶ
1291 4649 1357 4719 τῇ
1391 4647 1500 4702 τῶν
1548 4650 1770 4720 σαρκῶν

190 4734 507 4803 ἀπαλότητι,
566 4736 684 4798 ταῖς
744 4735 981 4806 κνήμαις
1023 4736 1072 4789 οί
1117 4740 1285 4807 μηροὶ
1316 4740 1763 4809 συμπεφύκεσαν,

192 4826 349 4895 μέλος
378 4824 567 4895 ὥσπερ
609 4825 667 4878 ἒν
696 4826 1001 4893 γεγονότες,
1034 4825 1197 4897 σῆψις
1221 4845 1281 4882 τε
1306 4828 1516 4893 τούτοις
1545 4833 1768 4901 ἐντετη-

190 4920 334 4983 κυῖα,
384 4916 477 4971 τὸν
515 4917 792 4986 Ἰωάννην,
847 4916 987 4970 ἀλλὰ
1031 4919 1150 4994 καὶ·
1185 4920 1311 4984 τοὺς
1340 4920 1606 4989 ἀδελφοὺς
1647 4924 1768 4978 δυσ-

187 5009 346 5073 ωδίας
377 5008 643 5080 ἒπλήρου.
684 5004 793 5071 Ἧς
818 5007 940 5063 ὅθεν
976 5027 1036 5062 τε
1062 5006 1147 5081 ἦν,
1181 5014 1275 5065 καὶ
1304 5014 1452 5078 ὅπως
1484 5011 1597 5086 εἶχε
1621 5032 1766 5085 γνω-

187 5099 425 5166 σθείσης,
466 5101 647 5171 ἰατρόν
673 5117 793 5154 τινα
818 5100 1308 5171 μεταστειλάμενος
1336 5104 1367 5155 6
1399 5103 1667 5176 Ἰωάννης,
1696 5109 1762 5177 τῇ

183 5192 348 5264 τέχνῃ
373 5193 506 5261 πρὸς
533 5192 595 5244 τὸ
627 5191 723 5245 τοῦ
760 5187 985 5260 Συμεὼν
1024 5193 1197 5256 πάθος
1228 5192 1462 5264 χρῆσθαι
1491 5196 1665 5264 ἠξίου.
1706 5199 1763 5250 ’0

182 5285 239 5339 δὲ
294 5284 599 5353 κατεγέλαο
644 5286 721 5354 Ζῇ
776 5281 980 5355 Κύριος
1033 5285 1062 5336 6
1108 5283 1241 5347 θεός
1269 5301 1395 5354 μου,
1438 5286 1632 5353 λέγων,
1664 5291 1763 5342 οὐκ

183 5374 497 5447 ἀνθρωπίνη
537 5393 629 5446 μοι
656 5376 818 5445 τέχνη
844 5373 1104 5444 ψαύσειεν
1140 5374 1173 5444 ἢ
1213 5375 1359 5445 χείρ.
1400 5375 1517 5428 Ἐπ’
1555 5378 1764 5432 ἐκεῖνον

182 5466 289 5539 γάρ
328 5467 605 5537 ἐπέρῤιψα
634 5465 893 5537 ἐμαυτὸν,
918 5466 1012 5519 καὶ
1046 5465 1209 5528 αὐτὸς
1233 5466 1473 5535 ποιήσει.
1510 5467 1696 5522 Ταῦτα
1733 5472 1763 5524 ὀ

186 5557 284 5629 μὲν
305 5556 513 5625 ιλεγενο
545 5557 678 5621 Θεὸς
701 5557 759 5609 δὲ
787 5558 848 5609 οὐ
880 5556 967 5609 διά
1001 5555 1215 5627 μακροῦ
1242 5557 1503 5627 ἐπλήρου,
1533 5560 1628 5611 καὶ
1655 5561 1764 5614 άπὸ

182 5648 281 5719 τῆς
317 5650 532 5721 πληγῆς
567 5651 595 5703 6
619 5647 846 5719 Συμεὼν
880 5648 1017 5712 ἰᾶτο,
1047 5646 1175 5710 τούς
1199 5664 1259 5700 τε
1291 5654 1501 5718 μηροὺς
1531 5647 1757 5720 ερρωτο,

187 5743 277 5795 καὶ
302 5745 425 5805 ταῖς
447 5744 687 5812 κνήμαις
710 5740 909 5811 ἐχρῆτο
924 5757 936 5771 ·
965 5739 1058 5793 καὶ
1082 5742 1407 5812 χαριστήρια
1429 5739 1547 5812 Θεῷ
1567 5743 1761 5797 τοσαύ⁵

1877 4461 2112 4533 pedibus
2132 4460 2249 4517 suis
2272 4474 2372 4529 pro
2392 4457 2555 4513 sedili
2581 4457 2684 4521 uti,
2711 4459 3176 4528 quemadmodum
3200 4472 3258 4520 et
3278 4467 3460 4536 rcipsa

1875 4568 2009 4609 usus
2037 4562 2123 4609 est
2150 4567 2298 4607 anno
2325 4550 2561 4619 integro,
2597 4549 2970 4622 immotusque
2990 4556 3255 4623 persedit,
3283 4558 3458 4614 veluti

1872 4658 2042 4714 super
2088 4650 2302 4711 petram
2338 4639 2657 4695 dilectionis
2697 4638 2905 4697 Christi
2959 4645 3135 4715 probe
3180 4646 3451 4704 firmatus.

1870 4735 2097 4788 Factum
2136 4739 2222 4786 est
2248 4731 2416 4802 igitur
2446 4730 2666 4786 diutino
2694 4731 2789 4786 illo
2816 4733 2927 4789 situ
2954 4749 3013 4790 et
3036 4739 3222 4793 carnis
3249 4740 3453 4796 teneri-

1869 4826 2066 4883 tudine
2101 4825 2264 4880 tibias
2292 4839 2418 4881 cum
2450 4824 2605 4879 coxis
2633 4824 2962 4892 coalescere,
3005 4837 3064 4883 et
3102 4831 3327 4886 unicum
3355 4847 3449 4888 so-

1867 4918 2152 4975 lummodo
2194 4918 2501 4974 membrum
2542 4933 2827 4988 apparere,
2870 4918 3017 4975 unde
3050 4935 3308 4992 generata
3345 4942 3449 4997 pu-

1868 5011 2123 5069 trefactio
2140 5019 2286 5067 tetro
2304 5011 2497 5076 odore,
2528 5027 2638 5067 non
2658 5010 2928 5067 Joannem
2954 5012 3152 5078 solum,
3183 5016 3281 5071 sed
3311 5016 3449 5076 alios

1869 5119 2091 5175 quoque
2124 5103 2321 5159 fratres
2354 5102 2685 5173 complebat.
2717 5102 2820 5160 Ubi
2848 5113 3030 5160 autem
3059 5104 3249 5161 fetoris
3282 5123 3443 5165 causa

1867 5197 2120 5268 indagata
2148 5204 2479 5267 repertaque
2510 5203 2614 5259 est,
2642 5194 2917 5251 medicum
2952 5198 3240 5254 accersivit
3276 5200 3447 5257 Jcan-

1865 5303 1983 5353 nes,
2015 5297 2135 5343 arte
2158 5299 2258 5342 sua
2280 5287 2550 5343 medelam
2571 5285 2773 5343 aﬂecto
2795 5289 3011 5359 corpori
3038 5288 3453 5369 adhibiturum._
3505 5350 3516 5360 ,

1863 5378 2005 5447 Quid
2030 5378 2099 5434 ad
2130 5379 2250 5435 haec
2271 5378 2511 5449 Symeon
2529 5376 2636 5435 Un
2667 5378 2842 5433 risum
2866 5378 3080 5436 effusus
3110 5396 3125 5434 :
3154 5381 3306 5438 Vivit
3333 5382 3458 5439 Ότι-³

1865 5472 2049 5527 minus
2068 5486 2246 5534 meus,
2270 5470 2471 5541 inquit,
2498 5485 2566 5525 ac
2584 5469 2731 5525 Deus
2753 5485 2941 5527 meus:
2961 5458 3107 5528 absit
3124 5482 3184 5529 ut
3204 5473 3461 5533 humam'

1863 5573 1960 5619 aut
1987 5578 2080 5619 ars
2110 5573 2206 5618 aut
2236 5577 2432 5618 manus
2464 5562 2683 5619 medica
2710 5564 2944 5620 vulnera
2975 5581 3096 5621 mea
3131 5574 3349 5624 tractet.
3383 5565 3459 5626 ln'

1864 5654 2157 5710 Dominum
2186 5653 2392 5724 projeci
2415 5668 2605 5709 curam
2632 5655 2761 5721 mei,
2787 5655 2905 5726 ipse
2933 5657 3302 5715 medicabitur
3332 5680 3439 5717 me.

1864 5741 1989 5801 llaec
2025 5745 2134 5801 ille.
2171 5745 2317 5800 Deus
2337 5754 2518 5801 autem
2540 5746 2884 5817 praedictioni
2914 5749 3080 5808 ﬁdem
3110 5753 3305 5811 dccsse
3335 5771 3443 5812 non
