4026 6292
212 403 356 463 2.025

1241 431 1417 491 VITA
1457 433 1499 489 A
1544 423 1977 488 NICEPHORO
2013 426 2497 487 CONSCRIPTA.

3310 416 3449 481 3026

212 531 527 605 ἀνάγουσιν,
553 540 710 592 ἕκτον
766 543 855 595 ἐπὶ
879 544 975 612 τῆς
1007 542 1217 613 βάσεως
1249 544 1462 612 ἐκείνης
1497 545 1597 613 ἤδη
1635 540 1784 610 παρὰ

1898 556 2049 610 quam
2071 541 2125 594 in
2149 540 2237 595 illa
2259 540 2373 595 basi
2392 556 2488 595 sex
2511 550 2684 592 annos
2705 537 2807 591 sub
2834 535 3125 606 disciplina
3145 534 3256 590 divi
3283 535 3451 590 Joan-

213 626 296 696 τῷ
342 627 469 700 θείῳ
513 630 731 704 Ἰωάννῃ
785 633 972 702 χρόνον
1023 634 1329 704 διηνυκότα.
1355 633 1565 705 Σπουδὴ
1615 634 1669 685 δὲ
1718 629 1783 700 ἦν

216 718 327 771 τῶν
379 721 664 790 παρόντων
720 724 956 793 ἑκάστῳ,
992 725 1086 776 καὶ
1151 725 1383 792 μάλιστα
1418 728 1531 789 τοῖς
1563 725 1658 775 τοῦ
1693 723 1786 792 βή-

223 827 413 877 ματος,
445 811 524 879 τῷ
582 812 699 879 μὲν,
731 812 1102 877 διαϐαστάσαι,
1133 815 1211 885 τῷ
1247 816 1302 868 δὲ
1332 816 1425 868 τοῦ
1479 814 1787 882 ἐνδύματος

223 897 468 966 ἅψασθαι
501 939 517 962 ,
548 899 628 969 τῷ
684 902 738 954 δὲ
798 903 891 954 καὶ
942 901 1169 972 πλησίον
1223 903 1495 972 γενέσθαι,
1531 903 1786 972 καθάπερ

221 989 299 1055 τῷ
329 989 491 1043 πλέον
522 994 845 1062 μετασχόντι
883 991 1122 1059 πλείονος
1152 997 1324 1066 παρὸν
1354 998 1534 1064 τυχεῖν
1569 997 1662 1048 καὶ
1691 996 1789 1065 τῆς

223 1076 494 1147 εὐλογίας.

294 1249 406 1312 μγ’-
439 1246 502 1298 ’0
522 1242 617 1314 μὲν
644 1244 734 1300 οὖν
767 1248 909 1317 ἱερὸς
944 1246 1168 1321 Συμεὼν
1200 1254 1294 1307 ἐπὶ
1314 1248 1406 1308 τοῦ
1433 1250 1608 1318 κίονος
1633 1252 1787 1319 στὰς,

220 1335 408 1401 δγδοον
440 1338 497 1388 έν
526 1337 674 1407 αὐτῷ
699 1339 1123 1411 διεκαρτέρησεν
1158 1343 1295 1407 ἔτος,
1328 1344 1404 1408 ὼς
1432 1343 1557 1416 ἑξῆς
1587 1344 1788 1414 προῖὼν

222 1427 250 1479 ὁ
281 1425 438 1493 λόγος
467 1426 695 1496 δηλώσει
726 1447 834 1498 μοι.
869 1432 926 1485 Ὀ
955 1433 1009 1485 δὲ
1040 1433 1313 1502 Ἰωάννης,
1336 1437 1512 1488 καίτοι
1531 1436 1791 1505 διαθήκας

228 1515 370 1586 μετὰ
392 1517 485 1569 τοῦ
513 1517 736 1585 Συμεὼν
763 1519 1101 1590 διαθέμενος,
1136 1524 1376 1594 ἡνῶσθαί
1399 1542 1458 1577 τε
1485 1526 1570 1578 διὰ
1595 1527 1793 1589 παντὸς

227 1606 377 1676 αὐτῷ
407 1607 507 1677 τὴν
534 1611 909 1681 πνευματικὴν
929 1612 1141 1675 ἕνωσιν,
1176 1616 1269 1667 καὶ
1300 1615 1601 1683 άχώριοτος
1627 1615 1792 1670 αὐτοῦ

224 1697 323 1766 τὴν
355 1700 530 1769 ψυχὴν
558 1700 852 1769 διαμένειν,
883 1703 1028 1771 ὅμως
1066 1706 1147 1756 ὅτι
1195 1706 1269 1776 μὴ
1299 1706 1397 1775 τὴν
1426 1706 1549 1776 ὄψιν
1586 1709 1792 1761 ἐκείνου

223 1788 480 1853 γλυκεῖαν
533 1792 628 1843 καὶ
687 1791 859 1856 θείαις
912 1791 1181 1846 ἀνθοῦσαν
1228 1795 1446 1864 χάρισιν
1494 1794 1795 1866 ὀφθαλμοῖς

214 1875 363 1949 εἶχεν
390 1880 544 1949 δρᾷν,
587 1879 839 1932 ἐδάκνετο
868 1883 966 1950 τὴν
1005 1882 1233 1952 καρδίαν
1267 1883 1363 1934 καὶ
1405 1881 1668 1945 ὠδυνᾶτο,
1704 1882 1795 1934 καὶ

216 1971 299 2031 είς
332 1968 543 2036 φανερὰ
577 1967 833 2031 πολλάκις
861 1970 1163 2022 κατέπιπτε
1187 1968 1419 2037 δάκρυα.
1446 1967 1537 2038 Τῷ
1568 1967 1796 2036 Συμεὼν

214 2063 273 2116 δὲ
328 2062 571 2133 μείζονες
611 2060 720 2115 τῶν
781 2060 1064 2130 προτέρων
1114 2059 1325 2127 ἀγῶνες
1371 2061 1464 2113 ἐπὶ
1493 2059 1586 2113 τοῦ
1613 2061 1798 2123 κίονος

213 2151 371 2226 ἦσαν.
401 2148 640 2223 πραότης
683 2171 743 2207 τε
777 2151 978 2205 πλείων
1022 2150 1169 2221 αὐτῷ
1214 2152 1587 2222 προσετίθετο,
1639 2151 1733 2205 καὶ
1762 2153 1795 2221 ἡ

212 2249 315 2318 τῆς
344 2246 574 2317 καρδίας
615 2246 903 2312 κατάνυξις
930 2245 1144 2315 ηὔξετο,
1177 2246 1245 2301 τά
1275 2263 1334 2300 τε
1363 2246 1576 2316 δάκρυα
1608 2244 1797 2307 ὑετοὺς

214 2339 486 2409 ἐμιμεῖτο,
517 2339 609 2391 καὶ
642 2341 674 2408 ἡ
705 2338 919 2406 γλῶττα
949 2340 1060 2402 τοῖς
1087 2339 1167 2401 είς
1192 2338 1324 2392 Θεὸν
1349 2338 1536 2410 ὖμνοις
1560 2338 1680 2402 ταῖς
1713 2336 1797 2390 οὐ·

218 2430 428 2502 ρανίαις
461 2429 721 2502 δυνάμεσι
754 2430 942 2500 σαφῶς
970 2429 1240 2500 ὡμοίωτο.

290 2611 394 2683 μδθ.
437 2611 523 2674 Ὠς
555 2609 619 2664 ἂν
663 2610 721 2664 δὲ
767 2610 840 2683 μὴ
888 2610 1250 2681 καυχήσηται,
1283 2609 1437 2678 φησι,
1470 2610 1618 2663 πᾶσα
1640 2607 1795 2678 σὰρξ,

215 2704 381 2776 ἡνίκα
406 2704 659 2774 τοιαύτης
689 2702 982 2774 ἐτύγχανεν
1030 2703 1227 2765 ἐπιϐάς
1263 2701 1500 2770 ἡλικίας,
1545 2702 1667 2771 ἥτις
1696 2699 1797 2769 (ρύ-

215 2815 357 2861 σεως
407 2797 615 2866 πέφυκε
661 2796 822 2866 γονὴν
860 2794 1126 2866 προϊέναι.
1159 2793 1432 2847 ὡπλίσατο
1465 2792 1740 2865 κραταιῶς
1770 2793 1799 2846 ὁ

213 2888 498 2951 Σατανᾶς,
531 2886 673 2940 ὥστε
721 2887 915 2950 νυκτὸς
956 2886 1119 2939 αὑτὸν
1157 2885 1429 2948 ἐνυπνίοις
1471 2887 1797 2955 ἐπηρεάσαι.

211 2977 305 3047 Τῷ
335 2977 416 3038 δὲ,
455 2978 504 3030 εἰ
543 2977 637 3030 καὶ
664 2977 724 3030 τὸ
752 2976 911 3046 σῶμα
971 2976 1089 3030 κατ’
1124 2977 1300 3030 έκεῖνο
1325 2975 1426 3041 τῆς
1453 2974 1599 3046 ὥρας
1630 2974 1798 3028 ὕπνου

214 3069 440 3140 ἥττητο,
469 3066 582 3121 ἀλλ’
613 3069 646 3137 ἡ
673 3067 819 3138 ψυχὴ
847 3068 1118 3139 ἐγρήγορε
1138 3085 1197 3121 τε
1226 3067 1321 3121 καὶ
1340 3066 1680 3136 διανέστηκε,
1704 3065 1801 3119 καὶ

210 3158 399 3222 οὕτως
453 3161 617 3230 ἑαυτῇ
663 3160 1027 3229 προσέχουσα,
1092 3158 1167 3222 ὡς
1205 3158 1280 3229 μὴ
1325 3159 1486 3228 μόνον
1523 3157 1800 3226 ἐνδόσιμον

212 3248 405 3323 μηδέν,
461 3251 598 3321 μηδὲ
638 3250 889 3319 μοιλακδν⁴
929 3249 1145 3311 παθεῖν,
1178 3248 1313 3303 ἀλλὰ
1359 3248 1454 3302 καὶ
1494 3248 1584 3301 τὸν
1627 3246 1792 3303 ὕπνον

210 3344 377 3405 εὐθὺς
408 3341 831 3413 ἀπορρίψαντα,
854 3339 1162 3395 κατὼδυνον
1205 3340 1325 3393 ὅλον
1369 3341 1463 3392 καὶ
1502 3338 1789 3411 δακρυώδη

212 3433 398 3490 παίειν
428 3434 525 3498 τὰς
559 3434 731 3501 ὄψεις,
754 3435 854 3487 καὶ
905 3431 1131 3486 τοιαῦτα
1181 3429 1361 3501 ἑαυτῷ
1399 3430 1789 3502 ὲποόὐρεσθαιο

208 3529 318 3582 Φέὖ
357 3518 445 3582 οἷα
476 3528 669 3582 παθεῖν
698 3531 731 3582 δ’
764 3528 995 3589 δείλαιος
1038 3526 1290 3597 ἔμελλονί
1336 3520 1447 3579 οἷον
1480 3524 1792 3598 προσθεῖναι

208 3619 470 3689 τραῦμα,
511 3620 649 3691 ὅπερ
694 3619 794 3672 οὐκ
837 3619 1038 3687 ἰατρὸς,
1070 3616 1130 3670 οὐ
1159 3617 1343 3685 τέχνη,
1383 3616 1443 3668 οὐ
1481 3615 1791 3685 φάρμακον,

209 3712 315 3764 οδκ
341 3710 469 3764 ἄλλο
495 3726 547 3762 τι
571 3709 909 3779 θεραπεῦσαι
936 3706 1153 3777 ἴσχυσεν
1180 3707 1277 3761 άνί
1310 3704 1475 3759 Ἀλλά
1499 3705 1580 3758 σοὶ
1596 3703 1674 3773 τῷ
1703 3702 1803 3773 μό-

212 3820 291 3869 νῳ
321 3801 566 3873 Δεσπὸτῃ
594 3800 688 3854 καὶ
708 3800 921 3870 Σωτῆρι
950 3800 1157 3870 ψυχῶν,
1183 3798 1262 3867 τῷ
1291 3798 1437 3866 μόνῳ
1459 3796 1672 3867 νεφρῶν
1701 3796 1797 3850 καὶ

212 3891 455 3962 καρδιῶν
507 3892 706 3962 ὲταστῇ
770 3891 1118 3961 προσπίπτω,
1175 3889 1391 3952 δεικνὺς
1438 3887 1537 3959 τὴν
1590 3886 1796 3940 οἰκείαν

211 3984 523 4047 ἀσθένειαν,
557 3984 682 4037 ἐπεὶ
710 3985 805 4036 καὶ
827 3984 1035 4045 πάντας
1060 3984 1231 4035 ἐλεεῖν
1257 3977 1435 4046 οἶδας,
1454 3983 1482 4034 ὁ
1503 3980 1596 4035 καὶ
1623 3981 1799 4035 πάντα

214 4076 406 4143 σαφῶς
465 4075 782 4145 δυνάμενος.
818 4074 980 4128 Ταῦτ’
1016 4073 1193 4141 ἔλεγε,
1235 4072 1330 4126 καὶ
1377 4071 1509 4134 ίδοὺ,
1544 4071 1646 4143 δρᾷ
1675 4088 1799 4126 τινα

211 4168 479 4222 κατιόντα
526 4168 663 4237 πρὸς
712 4164 1245 4231 αὑτὸντάνωθενντὺ
1272 4161 1413 4227 εἶδος
1450 4163 1667 4233 σεμνὸν,
1697 4162 1799 4236 τὴν

210 4263 380 4331 ’τρίχα
405 4259 656 4331 γηραιὸν,
685 4258 747 4312 τὸ
779 4259 969 4329 σχῆμα
1004 4258 1097 4310 καῖ¹
1130 4258 1228 4326 τὴν
1260 4256 1452 4327 στολὴν
1493 4257 1662 4328 ἱερέα.
1698 4274 1799 4310 πο-

209 4354 407 4425 τήριον
438 4351 708 4423 σωτηρίου
732 4351 889 4421 χερσὶ
913 4351 1235 4419 κατέχοντα,
1263 4349 1458 4402 εὐωδία
1480 4366 1537 4401 τε
1565 4349 1799 4421 κατέσχε

212 4442 522 4496 τὺνιτὸπον.
561 4442 668 4495 Καὶ
688 4445 719 4497 δ
747 4443 935 4510 φανεὶς
967 4440 1076 4493 τῶν
1099 4441 1383 4511 ἁχράντων
1412 4442 1574 4494 οἱονεὶ
1599 4458 1801 4514 μυστη-

1887 631 1973 684 nis
1992 640 2234 685 moratus
2266 631 2463 684 fuerat.
2501 628 2707 697 Volupe
2739 625 2830 680 hic
2852 634 2972 703 erat
2997 624 3187 679 studia
3207 632 3452 693 spectare

1888 721 2157 790 cujusque
2226 720 2605 791 praesentium,
2682 717 2962 788 praecipue
3019 714 3455 770 ministrantium

1888 811 2232 876 altari;aliis
2260 822 2512 866 sanctum
2545 826 2576 863 a
2631 818 2782 864 terra
2843 806 3282 871 sublevantibus,
3332 804 3458 858 aliis

1890 901 2215 958 vestimenta
2241 913 2464 973 tangere
2495 903 2872 973 cupientibus,
2917 900 3195 970 plerisque
3230 895 3459 967 propius

1890 996 2224 1064 propiusque
2256 995 2455 1049 .adeSse
2476 992 2831 1057 conantibus,
2883 991 3138 1045 omnibus
3182 989 3337 1059 quasi
3373 1004 3458 1042 ra-
3502 1050 3506 1054 ,

1890 1094 2006 1141 tum
2036 1084 2387 1148 habentibus,
2422 1085 2546 1154 plus
2567 1082 2974 1139 benedictionis
2995 1082 3267 1136 relaturos
3312 1079 3456 1141 illos,

1891 1172 1983 1244 qui
2008 1173 2131 1241 plus
2164 1172 2332 1227 studii
2377 1173 2762 1228 contulissent.

1960 1263 2050 1317 45.
2079 1262 2278 1317 Beatus
2307 1262 2494 1332 itaque
2533 1262 2793 1334 Symeon,
2835 1269 2989 1317 stans
3041 1276 3206 1330 super
3247 1261 3462 1316 colum-

1892 1372 2041 1421 nam,
2065 1371 2242 1411 annos
2270 1365 2396 1410 octo
2423 1354 2629 1410 ibidem
2664 1353 2987 1424 perduravit
3009 1394 3024 1419 ,
3065 1353 3144 1408 uti
3167 1368 3463 1424 progressu

1895 1449 2157 1515 deinceps
2174 1447 2441 1502 orationis
2461 1446 2752 1502 docebitur
2775 1465 2786 1500 :
2806 1446 3047 1501 Joannes
3065 1454 3466 1514 autem,quam-

1896 1539 1979 1593 vis
2005 1546 2195 1608 pactus
2227 1554 2351 1593 cum
2379 1538 2649 1609 Symeone
2683 1547 2848 1602 esset,
2890 1535 3242 1591 adhaesuram
3295 1550 3354 1589 sc
3387 1533 3462 1587 illi

1898 1645 2114 1699 semper
2138 1629 2442 1699 spiritualis
2468 1629 2691 1683 vinculo
2725 1624 3155 1698 coniunctionis,
3205 1630 3263 1679 et
3314 1622 3467 1678 ηυιιυ

1901 1737 2143 1792 unquam
2175 1731 2421 1790 tempore
2445 1729 2759 1791 separatum
2794 1719 2861 1774 iri
2878 1760 2898 1793 _,
2933 1715 3300 1772 nihilominus
3321 1715 3466 1784 quod

1900 1811 2053 1866 suavi
2082 1821 2306 1881 aspectu
2338 1812 2504 1877 illius,
2521 1812 2706 1881 gratiae
2723 1810 2925 1866 divinae
2944 1808 3154 1878 copiam
3177 1807 3467 1877 prodente.
3529 1872 3534 1878 _

1902 1894 2010 1949 frui
2030 1895 2208 1952 oculis
2236 1912 2348 1951 non
2369 1897 2584 1961 liceret,
2605 1896 2910 1967 angebatur
2936 1894 3124 1956 corde,
3144 1891 3477 1961 dolebatque

1903 1995 2211 2058 tantopere,
2243 1996 2303 2042 ut
2329 1988 2382 2041 in
2413 1988 2682 2059 lacrymas
2709 1986 3161 2057 conspiculsnon
3192 1999 3319 2039 raro
3350 1998 3478 2052 pro-

1904 2089 2203 2152 rumperet.
2234 2081 2449 2137 Interea
2478 2081 2745 2136 virtutum
2776 2080 2959 2136 studia
2989 2079 3248 2150 Symeoni
3304 2076 3358 2130 in
3384 2091 3480 2131 co-

1902 2173 2089 2227 lumna
2120 2175 2324 2242 majora
2351 2180 2511 2227 erant
2535 2170 2849 2243 prioribus:
2876 2170 3277 2225 incrementum
3299 2167 3481 2238 capie-

1901 2264 1994 2319 bat
2011 2265 2396 2330 mansuetudo,
2414 2264 2743 2336 augeseebat
2756 2261 3108 2333 compunctio
3125 2260 3330 2323 cordis,
3350 2258 3483 2315 ube-

1903 2355 2079 2411 riores
2100 2356 2343 2411 fluebant
2365 2356 2620 2428 lacrymae
2645 2355 2955 2425 pluviarum
2978 2352 3210 2407 imbrem
3235 2351 3478 2414 imitatae,

1865 2486 1882 2499 κ
1903 2445 2092 2516 lingua
2126 2447 2181 2500 in
2213 2446 2578 2501 decantandis
2598 2446 2711 2502 Deo
2728 2445 2949 2517 hymnis
2980 2443 3122 2499 nihil
3154 2440 3478 2498 beatiscoeli

1902 2535 2195 2606 spiritibus
2238 2536 2601 2593 concedebat.

1971 2627 2062 2683 44.
2094 2628 2173 2683 Ne
2211 2638 2418 2695 autem,
2450 2629 2532 2683 uti
2561 2627 2793 2694 dicitur,
2817 2626 3082 2699 glorietur
3111 2625 3292 2680 omnis
3326 2638 3477 2686 caro,

1903 2735 2025 2791 quae
2039 2720 2150 2790 jam
2170 2718 2240 2774 ad
2263 2718 2315 2773 id
2338 2719 2517 2774 aetatis
2534 2718 2809 2789 pervenit,
2829 2726 2891 2773 ut
2911 2714 3269 2788 procreandis
3289 2713 3481 2769 liberis

1903 2820 2028 2881 apta
2067 2811 2178 2875 sit,
2220 2811 2426 2866 bellum
2465 2810 2986 2883 Symeoni-Satanas
3008 2809 3341 2864 acerrimum
3394 2805 3481 2860 in-

1903 2902 2064 2966 dixit,
2088 2917 2260 2971 usque
2282 2902 2423 2957 adeo
2447 2912 2511 2956 ut
2529 2909 2696 2957 noctu
2719 2902 2886 2957 etiam
2906 2899 3202 2956 dormienti
3228 2913 3338 2952 non
3362 2898 3481 2952 leve

1905 2994 2213 3065 periculum
2258 3002 2499 3048 tentator
2539 3001 2776 3048 crearet.
2830 2990 3343 3048 Verumenimvero,
3399 2994 3475 3040 ta-

1904 3084 2065 3139 metsi
2097 3098 2204 3154 per.
2227 3082 2363 3137 illud
2391 3092 2612 3153 tempus
2638 3098 2833 3138 somno
2864 3082 3238 3139 succubuerat
3259 3092 3479 3148 corpus,

1822 3199 1868 3262 ρ
1906 3177 2088 3231 anima
2119 3176 2484 3231 nihilominus
2509 3175 2787 3246 vigilabat,
2813 3184 2999 3231 erecta
3019 3188 3238 3243 semper
3261 3181 3481 3241 tamque

1899 3276 2109 3324 attenta
2132 3268 2303 3325 rebus
2322 3269 2461 3334 suis,
2488 3277 2684 3323 utnon
2708 3268 2874 3324 modo
2898 3267 3040 3322 nihil
3071 3265 3200 3322 inde
3222 3262 3484 3320 motionis

1892 3357 2204 3414 libidinosae
2224 3366 2525 3430 pateretur,
2546 3374 2740 3415 verum
2758 3357 2921 3413 etiam
2940 3372 3172 3413 excusso
3193 3353 3480 3411 confestim

1892 3464 2089 3504 somno
2108 3459 2341 3506 maestus
2364 3458 2530 3521 atque
2557 3450 3028 3523 lacrymabundus
3060 3449 3254 3503 faciem
3282 3460 3483 3517 percu~

1895 3546 2061 3603 teret,
2101 3546 2267 3608 atque
2299 3538 2374 3593 ita
2407 3552 2596 3593 secum
2634 3537 2750 3609 ipse
2782 3539 3178 3594 lamentaretur
3207 3552 3224 3590 :
3250 3534 3342 3590 Vae
3380 3532 3483 3587 mi-

1892 3642 2018 3684 sero
2035 3628 2194 3694 mihi,
2221 3644 2384 3698 quam
2405 3644 2577 3699 prope
2608 3645 2638 3684 a
2671 3629 2881 3684 scelere
2912 3628 3098 3683 abfui!
3127 3641 3291 3698 quam
3342 3639 3481 3695 pene

1896 3718 2168 3775 inﬂictum
2190 3719 2326 3773 mihi
2344 3713 2692 3785 vulnus'fuit,
2717 3720 2805 3775 cui
2824 3735 2927 3776 nec
2948 3719 3220 3786 medicus,
3243 3733 3345 3775 nec
3371 3734 3480 3777 ars.

1894 3825 2000 3866 nec
2023 3809 2402 3880 pharmacum,
2423 3826 2525 3867 nec
2542 3811 2690 3867 aliud
2707 3810 2982 3882 quidlibet
3001 3810 3200 3866 atl‘erre
3216 3825 3376 3880 opem
3400 3810 3484 3865 ul-

1896 3899 2002 3954 lam
2027 3901 2337 3970 potuissetl
2370 3901 2440 3956 At
2473 3901 2595 3967 tibi,
2631 3901 2862 3957 Domine
2890 3910 2946 3957 et
2979 3900 3233 3957 Salvator
3264 3902 3478 3956 anima-

1897 4004 2020 4045 rum
2050 3998 2389 4055 nostrarum,
2420 3990 2517 4045 tibi
2552 3989 2657 4045 soli
2688 4005 2881 4044 renum
2912 4005 2976 4044 ac
2994 3988 3247 4044 cordium
3270 3999 3479 4042 scruta-

1900 4081 2009 4135 tori
2044 4081 2274 4152 supplev
2307 4081 2533 4146 accedo,
2571 4081 2835 4152 detegens
2859 4080 3239 4134 inﬁrmitatem
3267 4095 3480 4143 meam;
3580 4134 3595 4148 ,

1899 4173 2161 4243 quoniam
2190 4181 2248 4228 tu
2276 4182 2336 4228 et
2367 4173 2619 4227 misereri
2649 4171 2897 4226 omnium
2927 4172 3095 4237 soles,
3124 4180 3182 4226 et
3221 4170 3481 4226 medicari

1900 4265 2161 4320 omnibus
2177 4274 2353 4336 potes.
2390 4265 2550 4320 Hisce
2581 4263 2771 4329 ﬁnitis,
2797 4280 2928 4320 ecce
2955 4264 3157 4319 iterum
3187 4264 3481 4334 quemdam

1901 4359 2182 4429 conspicit.
2221 4349 2288 4414 ad
2331 4374 2390 4415 se
2417 4359 2842 4415 descendentem
2873 4358 2943 4415 ab
2984 4359 3214 4423 aethere,
3252 4374 3486 4414 venera-

1901 4451 2067 4506 bilem
2093 4451 2291 4517 forma,
2312 4451 2512 4506 canitie
2564 4452 2946 4523 conspicuum,
2977 4451 3161 4522 specie
3192 4460 3360 4521 atque
3390 4450 3487 4505 ha-

215 4533 354 4603 ρίων
400 4532 478 4603 τῷ
528 4531 753 4602 Συμεὼν
788 4533 1144 4602 κοινωνήσας,
1191 4531 1490 4600 Ἀνδρίζου,
1520 4533 1617 4585 καὶ
1658 4549 1791 4604 κρα-

1906 4542 2035 4597 bitu
2051 4543 2418 4609 sacerdotem,
2441 4544 2670 4599 calicem
2694 4543 3040 4599 salutiferam
3065 4544 3324 4599 manibus
3345 4558 3486 4614 prae-

213 4622 513 4684 ταιούσθω,
562 4625 747 4693 φησὶν,
782 4626 816 4694 ἡ
860 4623 1057 4694 καρδία
1091 4639 1219 4676 σου*
1269 4627 1368 4693 οὐχ
1407 4625 1654 4696 ὑποπέση
1692 4625 1802 4697 γὰρ

218 4706 490 4761 ἐνυπνίων
524 4710 825 4774 ἐνεργείαις
870 4712 1072 4772 οὐκέτι.
1099 4713 1346 4785 φυλακὴν
1374 4716 1465 4768 ἐστὶ
1496 4720 1561 4789 τῇ
1597 4719 1805 4778 ἄνωθεν

219 4793 399 4846 ἑλπίδι
419 4795 599 4848 πᾶσαν
620 4797 717 4866 τῆς
746 4797 938 4851 ἑαυτοῦ
970 4800 1195 4869 καρδίας
1216 4802 1494 4873 τιθέμενος
1516 4823 1531 4837 ·
1561 4806 1590 4859 ὃ
1618 4810 1805 4865 τοσοῦ-

216 4901 315 4937 τον
353 4888 444 4955 ἐπὶ
498 4888 683 4940 πένθει
733 4890 926 4954 πένθος
963 4891 1039 4962 τῷ
1070 4893 1292 4962 Συμε·ὶ›ν
1325 4897 1695 4969 προστίθησιν,
1725 4903 1802 4966 ὡς

217 4971 317 5024 in!
345 4991 494 5036 τινας
521 4976 732 5046 ἡμέρας
763 4977 922 5048 ἄχρις
951 4981 1177 5049 ἐννάτης
1201 4982 1349 5052 ὥρας
1410 4988 1547 5055 μηδὲ
1568 4990 1666 5057 τὴν
1703 4991 1797 5044 θυ-

220 5063 346 5135 ρίδα
371 5067 617 5120 ὁπωσοῦν
652 5072 1024 5141 παρανοίγειν,
1060 5075 1175 5127 ἀλλ’
1204 5078 1446 5148 ἀκριϐῶς
1482 5081 1649 5144 αὐτὴν
1676 5085 1797 5138 ἐπι-

217 5153 615 5226 κεκλεισμένην
631 5161 954 5232 ἀνομίλητον
978 5168 1287 5220 παντάπασι
1307 5169 1600 5239 διαμένειν,
1621 5159 1798 5249 ἑαυτῷ

220 5244 374 5314 μόνῳ
400 5247 492 5299 καὶ
518 5248 639 5320 θεῷ
663 5253 1217 5326 προσαδολεσχοῦντα.

1906 4634 2177 4690 ferentem
2201 4653 2214 4689 :
2238 4636 2503 4707 locusque
2523 4636 2678 4690 suavi
2703 4635 2892 4691 odoris
2916 4635 3215 4707 fragrantia
3245 4636 3491 4706 repletus

1907 4733 2049 4780 erat.
2084 4726 2153 4780 Et
2187 4726 2255 4792 is,
2288 4728 2381 4796 qui
2413 4727 2735 4798 apparebat,
2784 4727 3109 4783 intemerata
3142 4737 3488 4783 sacramenta
3526 4754 3527 4759 η

1907 4817 2164 4889 Symeoni
2193 4820 2602 4875 communicare
2622 4821 2775 4876 visus
2799 4837 2813 4873 :
2836 4818 3335 4890 Viriliter,.inquit,
3364 4835 3486 4891 age,

1906 4917 1964 4963 et
2002 4910 2345 4964 confortetur
2374 4927 2471 4965 cor
2499 4918 2690 4977 tuum;
2726 4927 2838 4967 non
2890 4912 3217 4967 suocumbes
3259 4911 3488 4977 posthac
3553 4929 3563 4939 ·

1908 4998 2259 5056 illusionibus
2304 5001 2728 5068 insomniorum,
2775 5004 2825 5059 si
2855 5002 3039 5058 cordis
3069 5003 3145 5057 tui
3177 5003 3486 5060 custodiam

1907 5089 2017 5143 Deo
2064 5089 2297 5146 ﬁrmiter
2325 5093 2598 5163 sperando
2642 5094 3006 5149 commiseris.
3039 5093 3149 5149 lies
3188 5094 3280 5149 illa
3313 5094 3486 5165 priori

1906 5182 2387 5255 Symeonisluctui
2424 5186 2761 5256 spiritusque
2795 5186 3117 5243 contritioni
3155 5196 3367 5243 tantum
3394 5188 3491 5241 ad-

1905 5273 2047 5329 didit
2066 5274 2567 5341 incrementum,nt
2582 5274 2778 5332 diebus
2794 5276 3003 5345 aliquot
3019 5277 3085 5333 ad
3103 5279 3293 5333 horam
3312 5294 3485 5349 usque

218 5352 423 5442 n.0nam
450 5341 742 5445 fenestram
788 5351 940 5445 nullo
970 5352 1131 5445 modo
1164 5355 1495 5426 adaperiret,
1528 5365 1624 5418 sed
1691 5369 1831 5427 bene
1870 5369 2217 5425 obfirmatam
2267 5371 2519 5427 retinens
2563 5373 2712 5429 intus
2762 5374 2880 5445 ipse
2950 5377 3168 5442 lateret,
3222 5392 3487 5435 commer-

215 5437 308 5485 cio
358 5437 507 5486 omni
558 5437 798 5494 humano
844 5443 1149 5511 abstinens,
1194 5448 1409 5519 sibique
1453 5455 1555 5509 soli
1601 5467 1657 5512 et
1685 5460 1798 5517 Deo
1836 5476 2058 5516 vacans.

299 5532 401 5593 με’.
451 5526 539 5578 Ἐν
565 5529 739 5599 τούτῳ
765 5532 821 5583 δὲ
854 5535 947 5586 καὶ
975 5534 1067 5588 τοῦ
1117 5538 1361 5593 Ἰωάννου
1398 5545 1524 5607 τοὺς
1555 5550 1802 5618 συνήθεις

216 5615 315 5667 ἐπὶ
361 5617 464 5686 τῆς
492 5620 699 5684 οίκείας
736 5621 942 5690 βάσεως
979 5628 1254 5695 μετιόντος
1279 5632 1516 5700 ἀγῶνας,
1548 5615 1715 5704 ὑγιῶς
1742 5658 1800 5694 τε

219 5707 363 5760 κατὰ
412 5708 569 5779 σῶμα
629 5714 722 5765 καὶ
773 5715 976 5779 άνότως
1028 5718 1261 5788 ἔχοντος,
1321 5724 1645 5793 ἐγγίζουσαν
1700 5732 1800 5803 ἤδη

225 5798 497 5867 προγνοὺς
539 5801 638 5871 τὴν
668 5805 874 5857 έκῑὶνον
910 5809 1034 5879 ὲκδη
1047 5811 1171 5878 μίαν
1211 5815 1237 5864 δ
1268 5814 1510 5884 Συμεὼν,
1540 5798 1801 5885 τοιούτοις

1970 5551 2059 5605 45.
2093 5551 2243 5606 Inter
2293 5553 2408 5608 haec
2437 5553 2681 5609 Joannes
2719 5570 2941 5625 quoque
2992 5556 3049 5611 in
3081 5557 3339 5615 columna
3386 5576 3488 5617 sua

1902 5657 2196 5698 consuetas
2214 5644 2319 5698 sibi
2338 5646 2761 5702 exercitationes
2777 5657 3002 5703 strenue
3021 5648 3231 5714 obibat,
3251 5666 3489 5722 corpore

1905 5735 2045 5789 bene
2077 5750 2266 5801 sanus,
2298 5753 2399 5792 nec
2428 5738 2819 5794 invaletudinis
2841 5740 2951 5795 ulla
2979 5741 3224 5797 sentiens
3250 5742 3452 5799 indicia
3472 5763 3496 5798 ι

1904 5826 2062 5897 cujus
2095 5834 2274 5883 tamen
2303 5829 2644 5901 migrationis
2668 5832 2890 5903 jamjam
2922 5832 3180 5888 instantis
3225 5836 3495 5906 pneseius
