4026 6292
589 437 731 499 3027

1809 452 1867 512 S.
1912 452 2284 515 SYMEONIS
2319 452 2680 522 JUNIORIS

3715 451 3870 517 3023

585 554 843 625 Symeon,
870 556 1071 613 talibus
1100 559 1169 615 ad
1197 576 1321 616 eum
1350 565 1536 620 verbis
1564 582 1694 622 usus
1718 576 1803 624 est
1833 588 1844 623 :
1877 569 1956 625 Ne
1982 571 2155 625 animo

2270 576 2403 647 πρὸς
2430 578 2591 630 αὑτὸν
2615 576 2897 646 μηνύμασι
2922 575 3120 644 χρῆται
3140 591 3153 604 ·
3186 572 3276 642 Mi;
3304 569 3614 642 ἀθυμήσῃς,
3643 567 3866 638 Πάτερ.

585 645 827 712 delicias,
851 647 1033 715 Pater,
1066 651 1111 706 si
1133 652 1319 709 obitus
1345 655 1513 723 diem,
1531 674 1653 729 qua:
1672 675 1846 731 genus
1866 662 2165 717 humanum

584 736 707 791 sine
740 735 1065 798 discrimine
1102 745 1423 803 universum
1451 758 1654 814 manet,
1688 751 1786 805 tibi
1818 767 2037 822 quoque
2067 770 2163 824 ap-

584 829 956 897 propinquare
982 832 1262 891 audiveris
1287 853 1303 901 ;
1328 838 1573 893 intellexi
1620 841 1767 895 enim
1790 842 2015 895 citatum
2045 857 2165 898 esse

586 929 638 971 te
667 933 697 972 a
724 918 872 987 Deo;
904 923 1050 991 quod
1095 924 1195 980 tibi
1225 927 1448 996 quidem
1493 938 1551 984 et
1597 941 1869 1000 quotquot
1899 933 2163 989 virtutum

586 1019 802 1064 tuarum
833 1013 1179 1070 aemulatores
1199 1026 1329 1072 sunt
1363 1021 1583 1089 requies
1605 1021 1789 1091 potius
1810 1037 1876 1076 ac
1901 1023 2011 1076 vita
2040 1034 2160 1089 est;

582 1101 968 1169 peccatoribus
994 1120 1129 1160 vero
1156 1109 1427 1178 angustia,
1470 1110 1676 1174 luctus,
1709 1120 1764 1167 et
1807 1128 1957 1168 mors
1993 1114 2162 1185 (quod

582 1192 790 1247 utinam
826 1210 935 1249 non
960 1206 1107 1252 esset
1130 1200 1169 1259 l)
1188 1200 1513 1256 certissima.
1536 1202 1695 1258 Nunc
1724 1212 1907 1259 autem
1933 1215 2161 1274 paterna

582 1294 675 1338 tua
702 1301 770 1341 ac
799 1286 1076 1356 spirituali
1106 1289 1497 1348 benedictione
1527 1310 1616 1350 me
1650 1296 1870 1366 imperti
1905 1317 1918 1353 :
1950 1315 2013 1354 ac
2042 1312 2157 1353 me-

582 1383 769 1429 mento
795 1377 902 1430 mei
924 1392 1050 1433 cum
1081 1378 1151 1434 ad
1179 1383 1473 1451 concupita
1503 1383 1599 1438 tibi
1623 1385 1820 1454 gaudia
1849 1389 2158 1455 transieris,

580 1465 848 1535 beataque
883 1467 974 1523 illa
997 1469 1209 1526 visione
1230 1486 1391 1527 omne
1413 1473 1747 1530 desiderium
1771 1480 2162 1536 transcenden-

583 1567 634 1610 ιιι
664 1557 923 1628 dignatus
964 1560 1160 1627 fueris,
1201 1572 1262 1618 ut
1305 1581 1408 1619 nos
1438 1581 1660 1637 quoque
1689 1569 1908 1625 devicto
1952 1572 2160 1627 mundo

580 1645 879 1715 aliquando
916 1658 1099 1705 tecum
1129 1667 1196 1707 eo
1234 1660 1596 1723 transeamus,
1633 1665 1690 1712 et
1723 1657 1850 1714 facti
1881 1672 2162 1729 compotes

579 1742 859 1802 votorum,
894 1749 1089 1796 mutuo
1127 1750 1353 1810 aspectu
1397 1744 1596 1802 iterum
1649 1745 1919 1802 fruamur.
1968 1747 2159 1804 Neuti-

578 1841 744 1895 quam
779 1828 1030 1885 turbatus
1056 1844 1139 1886 est
1162 1832 1231 1887 ad
1254 1833 1361 1888 hoc
1391 1836 1647 1890 nuntium
1675 1836 1933 1904 Joannes,
1967 1850 2159 1911 utpote

576 1919 905 1988 jampridem
958 1921 1025 1976 ad
1051 1923 1158 1997 illa
1210 1925 1395 1981 animo
1441 1938 1793 1997 comparatus
1830 1948 1842 1983 :
1890 1930 1994 1986 hoc
2046 1941 2163 1987 tan-
2195 1914 2236 1969 Β

580 1982 707 2062 ιιιπι
723 2012 940 2080 reponit
967 2029 982 2067 :
1007 1982 1302 2070 Baiedicat
1330 2027 1402 2081 te,
1427 2016 1504 2071 llli
1526 1982 1623 2082 m‘i,
1645 2019 1790 2074 Deus
1808 2019 1971 2075 Pater
1996 2037 2158 2090 quem

579 2101 880 2168 quzesivisti
899 2119 915 2169 ;
936 2111 994 2159 et
1014 2106 1334 2176 unigenilus
1359 2105 1536 2164 Patris
1557 2107 1732 2165 Filius
1751 2124 1916 2180 quem
1944 2111 2163 2167 deside-

582 2195 736 2258 rasti,
758 2203 814 2249 et
843 2196 1094 2252 vivilicus
1111 2198 1351 2267 Spiritus
1366 2200 1524 2271 cujus
1546 2211 1737 2258 sancta
1757 2205 1931 2273 gratia
1953 2204 2161 2261 ditatus

579 2299 668 2350 es;
694 2285 854 2340 unica
877 2286 970 2342 illa
987 2295 1042 2353 et
1065 2288 1333 2345 immensa
1355 2290 1539 2346 Deitas
1562 2302 1615 2346 te
1640 2293 1806 2348 ducat
1830 2310 1929 2365 per
1950 2297 2155 2362 omnia,

581 2374 671 2428 illa
698 2390 954 2431 securum
976 2387 1219 2448 praestet,
1247 2380 1340 2436 illa
1370 2383 1719 2438 consoletur:
1738 2385 1833 2455 qui
1860 2384 2158 2441 benedixe-

578 2468 690 2521 rint
715 2478 765 2524 te
790 2469 1069 2527 benedicti
1110 2473 1179 2527 ab
1208 2473 1301 2531 illa
1331 2483 1517 2542 erunt,
1549 2482 1605 2530 et
1636 2475 1730 2545 qui
1773 2477 2160 2532 maledixerint

493 2619 497 2623 _
578 2558 878 2615 maledicti.
915 2560 1156 2633 Adjiciat
1187 2563 1288 2617 tibi
1321 2564 1469 2619 Deus
1511 2564 1799 2631 honorem,
1834 2575 2060 2637 pr0pter
2092 2568 2157 2621 il-

578 2649 690 2703 lum
714 2666 827 2722 quo
858 2668 946 2709 me
971 2665 1299 2723 prosecutus
1315 2670 1396 2723 es,
1426 2656 1686 2726 quoniam
1722 2673 1809 2714 me
1838 2668 1898 2713 ut
1922 2659 2156 2714 alterum

579 2748 863 2807 parentem
895 2742 1178 2801 honorasti
1210 2763 1223 2798 :
1260 2746 1394 2818 quid
1427 2756 1611 2803 autem
1645 2756 1823 2803 mater
1853 2750 1983 2809 tua?
2030 2765 2151 2821 gra-

580 2829 709 2883 tiam
746 2840 805 2887 et
842 2832 1285 2892 misericordiam
1316 2832 1577 2909 impetret
1616 2855 1648 2894 a
1691 2841 1826 2905 Deo,
1858 2849 2155 2918 quaetanta

580 2922 715 2977 mihi
752 2922 1070 2995 adiumenta
1124 2928 1591 2986 subministravit.
1632 2930 1770 2991 Cum
1814 2931 2157 2987 audivissent

578 3012 717 3077 llaec,
743 3016 837 3091 qui
870 3015 1101 3072 aderant
1128 3018 1350 3085 fratres,
1381 3035 1748 3092 supremaque
1770 3024 1891 3077 vale
1921 3023 2156 3079 dicentis

579 3103 742 3158 verba
771 3120 892 3160 esse
914 3109 1454 3176 animadvertissent,
1483 3113 1701 3168 attoniti
1721 3122 1888 3184 atque
1960 3114 2153 3169 exani-

577 3194 710 3249 mati
741 3193 1054 3262 haerebant;
1092 3211 1147 3255 et
1173 3201 1264 3255 vix
1300 3202 1759 3275 tandem,ecquid
1784 3205 1851 3260 de
1884 3205 2155 3277 Symeone

577 3284 897 3341 mandatum
924 3288 1032 3343 sibi
1052 3291 1241 3355 vellet,
1266 3294 1705 3367 interrogabant.
1743 3297 1846 3365 Qui
1877 3300 1985 3353 ait:
2009 3299 2151 3355 Illud

575 3388 796 3447 exopto,
859 3390 922 3435 ut
983 3382 1185 3444 ardens
1249 3385 1496 3443 studium
1553 3387 1788 3446 virtutes
1864 3389 2152 3461 Symeonis

572 3470 869 3526 tumulandi
901 3474 1116 3531 animos
1136 3478 1383 3535 omnium
1422 3478 1745 3545 inﬂammet,
1795 3490 1853 3535 et
1889 3482 2151 3552 precibus

573 3564 694 3633 c-jus
722 3565 968 3634 adjuvari
990 3581 1331 3637 mereantur;
1356 3573 1620 3642 quoniam
1658 3587 1917 3644 magnum
1964 3583 2020 3629 et
2049 3576 2151 3630 ho-

575 3654 824 3713 norabile
853 3658 987 3726 Deo,
1017 3674 1112 3715 vas
1142 3660 1433 3718 electionis
1492 3674 1596 3720 est.
1642 3664 1942 3736 Postquam
1994 3667 2147 3724 hisce

573 3746 764 3802 verbis
806 3749 1141 3807 inStituisset
1208 3754 1376 3825 ipsos,
1433 3765 1489 3810 et
1541 3757 1704 3811 simul
1756 3758 2017 3827 precibus
2040 3759 2153 3814 Deo

574 3841 1037 3907 commendasset,
1073 3846 1359 3914 paululum
1393 3846 1623 3917 quievit,
1651 3856 1706 3903 et
1750 3849 1905 3927 quasi
1939 3850 2151 3923 sopitus

575 3934 681 3987 leni
701 3950 917 4002 somno,
940 3935 1197 3993 decessit.

2268 670 2316 720 εί
2344 668 2440 722 τοῦ
2464 668 2694 723 θανάτου
2724 667 2867 723 κατά
2897 667 3075 738 πάσης
3106 666 3321 735 φύσεως
3354 663 3715 734 ἀνθρωπίνης
3747 679 3869 716 κοι-

2266 762 2371 824 νῶς
2395 761 2690 825 ὀδεύοντος,
2720 743 3166 829 ὲφίστασθαίῆδη
3205 757 3386 828 μέλλει
3415 756 3511 809 καὶ
3543 754 3631 808 σοὶ
3654 756 3729 807 τὰ
3756 753 3864 822 τῆς

2271 852 2522 923 τελευτῆς
2543 869 2558 884 ο
2602 852 2823 923 ἑώρακα
2855 851 2964 919 γάρ
2992 865 3051 901 σε
3091 847 3502 919 μετακληθέντα
3545 845 3657 897 ὑπὸ
3689 843 3859 905 Θεοῦ,

2263 940 2400 1010 ὅπερ
2430 941 2513 992 σοὶ
2544 940 2643 1008 μὲν
2672 940 2767 993 καὶ
2792 939 2938 1001 ὅσοις
2966 939 3063 1008 τὴν
3086 937 3286 1009 ἀρετὴν
3318 936 3457 988 κατὰ
3502 934 3563 986 σὲ
3593 933 3859 986 ἀνάπαυε

2266 1044 2350 1089 σις
2380 1029 2580 1096 μᾶλλόν
2606 1030 2721 1083 ἐστι
2756 1031 2848 1083 καὶ
2880 1027 3015 1100 ζωὴ,
3044 1027 3396 1097 ἁμαρτωλοῖς
3418 1031 3474 1084 δὲ
3492 1025 3859 1093 στενοχωρία,

2264 1120 2359 1175 καὶ
2390 1118 2556 1189 λύπη,
2578 1120 2669 1173 καὶ
2702 1119 2877 1190 σαφὴς
2905 1118 2999 1189 (ὡς
3021 1118 3131 1171 εἴθε
3158 1117 3233 1187 μὴ
3268 1114 3478 1184 ὥςρελον
3499 1118 3512 1167 ί
3536 1115 3553 1181 )
3593 1113 3861 1176 θάνατος,

2276 1210 2434 1265 Ἀλλά
2460 1211 2556 1264 νῦν
2589 1211 2687 1282 μὲν
2736 1213 2835 1281 τῆς
2865 1210 3139 1281 πατρικῆς
3182 1226 3274 1262 σου
3326 1208 3418 1260 καὶ
3467 1206 3859 1275 πνευματικῆς

2262 1304 2513 1372 εὐλογίας
2544 1305 2773 1374 μετάδος
2808 1321 2920 1374 μοι,
2949 1305 3198 1374 μέμνησο
3239 1302 3296 1353 δέ
3338 1318 3440 1370 μου
3474 1301 3569 1353 καὶ
3605 1299 3756 1369 πρὸς
3792 1299 3857 1350 τὰ

2264 1398 2347 1448 σοὶ
2386 1396 2695 1465 ποθούμενα
2725 1396 3019 1450 διαϐαίνων
3052 1396 3146 1448 καὶ
3185 1395 3284 1464 τῆς
3328 1394 3605 1464 μακαρίας
3633 1391 3860 1458 ἐκείνης

2264 1487 2392 1551 θέας
2446 1488 2555 1540 τῶν
2598 1487 2739 1558 ὑπὲρ
2788 1487 2976 1556 ἔφεσιν
3020 1486 3361 1557 ἀξιούμενος,
3402 1484 3543 1537 ὥστε
3593 1482 3857 1552 διαϐῆναι

2263 1578 2416 1648 παρὰ
2448 1578 2508 1631 σὲ
2540 1578 2632 1632 καὶ
2661 1580 2809 1648 ἡμᾶς
2834 1578 2923 1631 τὸν
2953 1579 3157 1648 κόσμον
3189 1578 3543 1649 νικήσαντας,
3575 1576 3671 1628 καὶ
3692 1573 3858 1641 ἀ).λὴ-

2262 1670 2387 1732 λους
2431 1669 2658 1733 ὄψεσθαι
2690 1669 2853 1724 πάλιν
2886 1670 3025 1739 μετά
3054 1669 3306 1740 χρηστῶν
3336 1669 3444 1721 τῶν
3480 1667 3741 1720 ἐλπίδων.
3777 1663 3855 1720 Οὐ

2263 1758 2554 1830 ταραχθεὶς
2622 1758 2800 1814 τοίνυν
2861 1759 2998 1829 πρὸς
3049 1759 3146 1829 τὴν
3216 1757 3477 1826 ἀγγελίαν
3528 1758 3556 1808 ὁ
3590 1756 3859 1825 Ἰωάννης

2267 1855 2586 1926 (ἡτοίμαστο
2609 1853 2702 1907 καὶ
2727 1853 2835 1923 γὰρ
2855 1855 2918 1906 ὲκ
2947 1850 3210 1921 πλείονος)
3230 1890 3245 1915 ,
3272 1852 3337 1903 Ai.
3371 1850 3470 1920 μὲν
3496 1850 3610 1913 σαὶ,
3633 1850 3853 1914 τέκνον,

2264 1947 2527 2014 εὐλογίαι,
2562 1946 2716 2015 φησὶ,
2742 1944 2895 2016 παρά
2915 1943 3006 1997 τοῦ
3034 1943 3169 1996 Θεοῦ
3194 1942 3289 1996 καὶ
3317 1940 3528 2011 Πατρδς
3566 1941 3628 1993 ὃν
3652 1940 3854 2010 eam-

2264 2057 2385 2107 σας,
2412 2039 2507 2093 καὶ
2534 2039 2628 2092 τοῦ
2662 2037 3001 2106 Μονογενοῦς
3052 2036 3219 2090 αὐτοῦ
3253 2035 3384 2089 Υίοῦ
3432 2036 3491 2088 ὃν
3542 2034 3849 2102 ὲπόθησας,

2263 2135 2354 2186 καὶ
2382 2130 2476 2184 τοῦ
2514 2128 2780 2194 ζωοποιοῦ
2813 2127 3128 2199 Πνεύματος
3164 2123 3225 2182 οὗ
3248 2127 3347 2198 τὴν
3379 2128 3543 2197 χάριν
3577 2124 3851 2194 ἐπλούτηο

2263 2242 2382 2288 σας,
2413 2224 2512 2291 τῆς
2544 2225 2676 2292 μιᾶς
2709 2222 2801 2276 καὶ
2831 2222 3145 2291 ἀμετρήτου
3178 2219 3455 2288 θεότητος,
3486 2219 3627 2288 αύτή
3657 2234 3743 2272 σοι
3766 2216 3851 2270 ὁδ-

2261 2313 2394 2383 ηγία
2437 2311 2574 2383 πρὸς
2607 2313 2784 2367 πάντα
2818 2310 2914 2364 καὶ
2943 2309 3214 2377 ἀσφάλεια
3247 2308 3351 2361 καὶ⁵
3384 2306 3735 2377 παράκλησις
3755 2323 3769 2336 ·
3800 2308 3849 2359 oi

2260 2402 2610 2472 εὐλογοῦντες
2648 2419 2706 2455 σε
2747 2401 3076 2472 ηὐλὸγηνται
3106 2399 3238 2470 παρ’
3262 2398 3456 2468 αὐτῆς,
3495 2400 3544 2451 οἱ
3582 2397 3640 2449 δὲ
3676 2413 3851 2450 κατα-

2265 2494 2498 2569 ρώμενοί
2552 2511 2612 2548 σε
2654 2495 3022 2565 κατήρανται·
3069 2492 3398 2564 προστεθείη
3446 2489 3504 2544 δέ
3555 2506 3640 2542 σοι
3692 2491 3850 2559 παρά

2261 2584 2398 2640 Θεοῦ
2432 2584 2526 2638 καὶ
2553 2582 2687 2654 τιμὴ
2709 2584 2805 2653 τῆς
2832 2584 2912 2645 είς
2946 2582 3046 2653 ἐμὲ
3075 2582 3242 2651 τιμῆς
3272 2582 3479 2643 ἕνεκεν,
3508 2580 3609 2633 ὅσα
3648 2596 3715 2648 με
3754 2580 3848 2631 καὶ

2261 2670 2475 2740 πατέρα
2512 2669 2835 2740 τετιμηκότι
2859 2684 2874 2699 ο
2905 2671 2936 2739 ἡ
2971 2670 3025 2721 δὲ
3067 2668 3134 2739 σὴ
3170 2669 3376 2739 μήτηρ,
3401 2668 3547 2730 ἕλεος
3577 2669 3715 2738 αὐτῇ
3752 2668 3851 2720 καὶ

2257 2763 2415 2832 χάρις
2437 2760 2584 2831 παρά
2605 2758 2892 2833 Θεῷ,[ὲφ’]
2911 2753 2991 2824 οἷς
3019 2760 3257 2814 τοσαῦτά
3277 2777 3366 2829 μοι
3391 2760 3700 2830 διηκόνησε.
3715 2757 3851 2811 T06-

2256 2868 2364 2905 των
2397 2853 2447 2903 οἱ
2475 2841 2823 2918 παρεστῶτες
2862 2851 3172 2916 ἀκούοντες,
3210 2850 3302 2905 καὶ
3331 2852 3413 2903 ὅτι
3441 2850 3622 2914 egeam
3658 2849 3747 2917 εἴη
3778 2848 3849 2903 τὰ

2258 2944 2324 3013 ρή
2333 2958 2479 3010 ματα
2506 2941 2797 3008 συνιέντες,
2816 2942 3014 3013 ἄθυμοί
3044 2960 3101 2996 τε
3121 2944 3215 2997 καὶ
3234 2945 3500 3013 κατηφεῖς
3517 2942 3849 3011 ἑστήκεσαν.

2257 3035 2488 3088 Ἔπειτα
2515 3035 2720 3105 μέντοι,
2749 3035 2857 3087 Καὶ⁸
2890 3035 3040 3097 τίνας
3071 3036 3436 3104 ἐπισκήπτεις
3461 3035 3590 3103 ἡμῖν
3616 3033 3850 3095 ἐντολὰς

2254 3128 2382 3197 περὶ
2421 3124 2515 3179 τοῦ
2555 3125 2817 3195 Συμεὼν;
2870 3126 3171 3198 ἐπηρώτων
3197 3142 3211 3155 ⁸
3243 3127 3272 3178 ὁ
3305 3126 3362 3179 δέ
3401 3143 3588 3196 φησιν,
3618 3124 3721 3178 'Iv‘
3752 3126 3851 3177 ἀν-

2177 3254 2222 3317 C
2256 3217 2493 3290 θρώποις
2523 3236 2586 3286 γε
2627 3220 2761 3272 πᾶσι
2806 3219 3011 3290 σπουδὴ
3053 3219 3279 3290 γένηται
3315 3219 3510 3289 φοιτᾷν
3549 3218 3625 3281 ὡς
3657 3218 3847 3282 αὑτὸν,

2255 3311 2350 3364 καὶ
2373 3312 2472 3380 τῆς
2508 3312 2636 3380 παρ’
2662 3311 2830 3365 αὐτοῦ
2854 3310 3021 3381 εὐχῆς
3048 3311 3354 3376 ἀξιοῦσθαι,
3379 3311 3462 3364 ὅτι
3492 3312 3637 3380 μέγα
3670 3328 3723 3363 τι
3751 3312 3848 3363 καὶ

2253 3403 2435 3471 τίμιον
2489 3402 2724 3471 ἐκλογῆς
2777 3400 2972 3466 σκεῦός
3028 3404 3147 3456 ἐστι
3206 3401 3283 3472 τῷ
3322 3400 3464 3471 Θεῷ.
3512 3403 3572 3454 'U
3607 3401 3710 3471 μὲν
3751 3397 3848 3454 οὖν

2252 3493 2426 3547 ταῦτα
2448 3493 2638 3557 εἰπὼν,
2665 3492 2760 3547 καὶ
2790 3493 3195 3563 συνταξάμενος
3227 3494 3431 3554 αὐτοῖς,
3461 3491 3581 3560 ἅμα
3614 3492 3715 3544 καὶ
3744 3492 3849 3542 ἐπ-

2253 3583 2573 3652 ευξάμενος,
2632 3583 2728 3635 καὶ
2776 3581 3157 3652 παραθέμενος
3198 3582 3394 3645 αὐτοὺς
3434 3580 3513 3650 τῷ
3542 3580 3685 3651 Θεῷ,
3723 3576 3849 3635 εἶτα

2256 3673 2452 3744 μικρὸν
2486 3674 2784 3743 ἡσυχάσας,
2815 3673 2907 3727 καὶ
2937 3672 3125 3745 ὥσπερ
3152 3673 3305 3745 ὕπνῳ
3328 3671 3726 3744 καταληφθεὶς,
3756 3672 3845 3740 ἐξ·

2260 3765 2351 3835 εδή
2362 3782 2435 3836 μη
2443 3780 2500 3817 σε
2510 3805 2526 3829 ε

2021 4052 2247 4111 CAPUT
2294 4053 2379 4110 Vl.

747 4161 1013 4219 Orationis
1050 4176 1286 4238 tempora
1317 4185 1333 4221 :
1367 4169 1631 4223 daemones
1661 4170 1899 4239 superati
1923 4186 1939 4223 :
1964 4178 2192 4240 potestas
2225 4177 2410 4224 contra
2431 4167 2553 4226 illos
2575 4180 2624 4225 et
2657 4173 2823 4226 uirtus
2854 4172 3233 4227 miraculorum
3262 4173 3466 4228 calitus
3500 4175 3655 4231 data.

640 4284 729 4340 46.
753 4284 982 4341 Joannis
997 4302 1067 4340 ex
1098 4287 1202 4344 hac
1228 4289 1339 4343 vita
1380 4290 1582 4353 exitus,
1643 4289 1969 4357 austerioris
2021 4290 2147 4344 vitae

572 4375 911 4445 principium
943 4376 1204 4448 Symeoni
1230 4379 1367 4433 fuit:
1396 4380 1512 4450 qui,
1553 4380 1730 4435 dolori
1764 4388 1821 4435 et
1876 4395 2149 4450 compun-

571 4467 743 4521 ctioni
790 4468 987 4540 majori
1037 4483 1096 4524 se
1136 4469 1391 4535 daturus,
1454 4471 1699 4526 modium
1757 4472 1948 4538 alium,
1998 4472 2151 4527 nulla

572 4558 857 4614 t’enestella
880 4559 1243 4630 perforatum,
1268 4562 1588 4632 impositum
1632 4564 1907 4618 columna:
1952 4563 2147 4632 subiit,

570 4649 741 4704 veluti
776 4650 949 4719 ipsius
979 4651 1121 4708 lucis
1169 4669 1340 4708 usura
1387 4661 1727 4724 aspectuque
1788 4668 1847 4708 se
1895 4654 2139 4725 privans.

570 4738 672 4793 llic
702 4754 804 4810 per
852 4740 1128 4813 integrum
1176 4759 1318 4814 pene
1359 4743 1529 4810 diem,
1588 4743 1656 4798 ad
1692 4742 1882 4799 horam
1938 4746 2148 4802 scilicet

567 4847 768 4887 nonam
795 4848 989 4905 usque,
1042 4836 1349 4892 continenti
1389 4837 1618 4893 vacabat
1677 4837 1956 4893 orationi:
2012 4839 2147 4893 hora

566 4931 748 4978 autem
775 4940 921 4981 nona
953 4926 1382 4984 thurilicationis
1402 4927 1643 4984 ofﬁcium
1695 4927 1802 4982 alia
1837 4928 2151 4998 excipiebat

565 5015 1006 5075 oratioédeinde
1035 5021 1278 5093 solejam
1322 5023 1692 5079 occumbente
1750 5022 1913 5077 aliam
1963 5021 2149 5076 denuo

564 5106 981 5175 cxordiebatur,
1014 5127 1172 5182 aqua
1196 5113 1419 5169 tandem
1470 5116 1586 5172 sole
1639 5115 1786 5170 diem
1836 5113 2141 5169 redueente

562 5196 866 5256 desistebat
904 5220 918 5256 :
953 5218 1019 5257 ac
1059 5212 1190 5259 tunc
1238 5205 1461 5261 demum
1501 5207 1634 5262 illud
1689 5206 1794 5263 sibi
1835 5206 2143 5262 occinens:

560 5288 625 5341 1n
667 5305 812 5358 paces
835 5292 891 5345 in
938 5292 1170 5363 idipsum
1217 5296 1483 5351 dormiam
1527 5308 1572 5352 et
1618 5299 1967 5369 requiescam,
2014 5313 2141 5369 quo-

563 5381 712 5435 niam
740 5392 819 5448 tu,
852 5382 1099 5452 Domine,
1128 5386 1479 5459 singulariter
1499 5391 1556 5444 in
1590 5405 1684 5459 spe
1711 5390 1955 5446 habitare
1977 5388 2147 5459 fecisti

559 5474 746 5541 me”;
781 5491 1045 5532 somnum
1089 5481 1323 5551 perinde
1374 5499 1438 5539 ac
1484 5482 1750 5538 famulum
1807 5481 2144 5545 accersebat,

562 5564 1002 5640 indulgebatque
1025 5569 1102 5626 illi
1134 5574 1479 5642 parcissime,
1509 5574 1576 5629 ad
1594 5574 1969 5630 necessarium
2001 5573 2146 5628 dun-

563 5665 710 5713 taxat
736 5663 991 5730 corporis
1013 5679 1198 5719 usum.
1230 5666 1419 5721 Oratio
1445 5676 1629 5722 autem
1653 5670 1779 5740 ejus
1802 5675 1982 5730 erant,
2001 5665 2146 5720 Psal-

550 5748 765 5810 terium
796 5760 972 5805 totum
1000 5764 1055 5809 et
1088 5755 1337 5812 Mosaicae
1360 5758 1666 5823 cautiones,
1693 5758 1971 5827 plagthuc
2009 5756 2142 5811 dex-

635 5876 675 5949 _"
703 5875 841 5937 Psal.
899 5894 971 5944 iv,
1016 5881 1068 5946 9,
1103 5879 1189 5939 10.

2324 4299 2443 4361 μςδ.
2468 4290 2692 4362 Συμεὼν
2720 4291 2775 4345 δὲ
2805 4292 2904 4364 τὴν
2931 4292 3200 4364 ἐκδημίαδ
3216 4291 3391 4362 ἀρχὴν
3417 4293 3635 4346 οἰκείων
3659 4293 3834 4349 καθᾶο

2250 4399 2356 4454 περ
2386 4381 2611 4451 ἀγώνων
2641 4383 3042 4453 πεποιημένος,
3103 4382 3181 4454 τῷ
3213 4398 3274 4451 γε
3312 4383 3499 4437 πένθει
3528 4386 3626 4438 καὶ
3678 4383 3836 4449 αὖθις

2260 4474 2605 4544 προστίθησι,
2654 4475 2748 4528 καί
2805 4492 2926 4527 τινα
2978 4474 3113 4545 μηδὲ
3161 4474 3352 4545 θυρίδα
3409 4474 3601 4545 ἔχοντα
3652 4476 3833 4546 μόδιον

2258 4567 2351 4620 ἐπὶ
2381 4566 2476 4620 τοῦ
2504 4567 2681 4631 κίονος
2742 4567 2982 4632 ὕπεισιν,
3014 4560 3105 4621 οἷα
3149 4568 3242 4619 καὶ
3283 4566 3450 4620 αὐτοῦ
3483 4570 3663 4636 φωτὸς
3694 4571 3832 4622 ἀπο-

2255 4656 2462 4727 στερῶν
2487 4656 2700 4711 ἑαυτόν.
2760 4654 2909 4727 Εὐχὴ
2958 4655 3016 4708 δὲ
3071 4655 3202 4724 παρ’
3223 4654 3351 4723 ὅλην
3382 4654 3567 4723 σχεδὸν
3611 4657 3831 4725 ἡμέραν

2253 4751 2380 4820 ἄχρι
2413 4750 2549 4811 τέως
2570 4743 2790 4814 ὲννάτης
2811 4749 3067 4818 διηνεκὴς
3101 4747 3249 4816 αὐτῷ
3299 4741 3368 4817 ἦν
3399 4762 3412 4777 ·
3452 4745 3597 4799 κατά
3651 4746 3831 4816 μέντοι

2252 4843 2352 4913 ’τὴν
2384 4841 2632 4911 ὲννὰτην,
2664 4839 2797 4910 εὐχὴ
2831 4838 2992 4891 πάλιν
3027 4840 3060 4905 ὴ
3093 4837 3186 4890 τοῦ
3217 4836 3559 4905 θυμιάματος
3599 4834 3699 4901 τὴν
3744 4833 3827 4884 εύ-

2251 4935 2353 5006 χὴν
2385 4931 2682 5002 διεδέχετο’
2718 4926 2836 4982 εἶτα
2867 4928 3018 5000 ἡλίου
3048 4929 3145 4999 ἤδη
3186 4927 3447 4996 δυομένου
3467 4966 3480 4988 ,
3515 4925 3682 4994 εὐχῆς
3715 4923 3827 4979 ἐτέ-

2253 5042 2351 5098 ρας
2372 5023 2692 5094 ἀρχόμενος,
2720 5021 3031 5090 ἀνίσχοντος
3060 5021 3222 5073 πάλιν
3249 5019 3479 5072 ἐπαύετο
3497 5034 3512 5048 ο
3536 5017 3830 5086 τηνικαῦτα

2250 5114 2357 5186 γὰρ
2393 5116 2576 5167 ἐκεῖνα
2606 5114 2783 5182 ἑαυτῷ
2816 5113 3105 5181 ἐπιλέγων,
3124 5112 3226 5165 Ἕν
3253 5111 3460 5178 εἰρήνῃ
3488 5110 3588 5163 ἐπὶ
3630 5110 3695 5162 τὸ
3722 5111 3830 5162 αὐ-

2250 5206 2313 5259 τὸ
2339 5204 2778 5273 κοιμηθήσομαι
2812 5204 2909 5256 καὶ
2946 5203 3224 5264 ὑπνώσω,
3256 5201 3343 5255 ὅτι
3372 5202 3473 5263 σὺ,
3508 5204 3701 5267 Κίγηε,
3740 5217 3829 5253 κα-

2250 5298 2509 5367 ταμόνας
2536 5297 2628 5349 ἐπ’
2659 5294 2859 5349 ἑλπίδι
2890 5293 3228 5360 κατῴκισάς
3256 5311 3348 5360 με,
3379 5294 3469 5344 τὶν
3525 5292 3691 5345 ὕπνον
3734 5293 3829 5344 ὅσα

2250 5390 2345 5442 καὶ
2382 5389 2600 5458 οἰκέτην
2639 5386 2867 5451 ἐκάλει,
2907 5387 3228 5455 διακονῆσαι
3270 5383 3467 5454 μικρὸν
3508 5385 3659 5451 αὐτῷ
3699 5382 3829 5454 πρὸς

2251 5479 2349 5551 τὴν
2384 5479 2687 5547 ἀναγκαίαν
2719 5477 2813 5530 τοῦ
2853 5476 3101 5547 σώματος
3137 5476 3345 5545 χρείαν.
3363 5474 3430 5525 ’11
3472 5472 3607 5542 εὐχὴ
3653 5472 3709 5525 δὲ
3731 5513 3745 5536 ,
3778 5471 3832 5524 τό

2249 5599 2308 5634 τε
2338 5578 2649 5646 Ψαλτήριον
2693 5576 2812 5628 ὅλον
2858 5574 2953 5626 καὶ¹
2997 5573 3051 5625 ai
3096 5570 3190 5623 τοῦ
3235 5567 3477 5628 Μωσέως
3505 5566 3643 5636 ᾠδαὶ
3674 5561 3832 5637 ἦσαν,

2252 5672 2456 5744 πληγαί
2490 5686 2549 5723 τε
2578 5666 2719 5721 κατά
2752 5667 2862 5719 τῶν
2905 5664 3143 5736 στέρνων
3185 5665 3249 5733 τῇ
3280 5661 3430 5730 δεξιᾷ
3464 5659 3533 5730 (ἡ
3574 5658 3835 5727 ἀριστερά

2251 5764 2359 5835 γὰρ
2398 5761 2526 5834 πρὸς
2550 5760 2681 5814 Θεὸν
2701 5759 2914 5827 τέτατο)
2940 5755 3033 5811 καὶ
3052 5752 3300 5823 δακρύων
3319 5751 3497 5822 ὀχετοὶ
3519 5749 3583 5802 τδ
3606 5748 3837 5823 τρίχινον
