4026 6292
256 381 396 445 3020
419 378 427 383 ’

1262 385 1432 450 νιΤΑ
1471 393 1515 448 Α
1556 385 1990 451 NICEPHOHO
2027 386 2508 451 CONSCRIPTA.

3356 380 3515 443 3030.

253 494 433 545 έκεῖνο
487 490 733 554 λούοντες
780 490 1004 562 ἔνδυμα,
1057 487 1182 561 ἑξῆς
1236 490 1292 546 δὲ
1352 492 1658 562 ἀνάγνωσις
1726 496 1821 548 καί

1925 505 2042 550 tera
2070 496 2291 576 inflictae
2310 496 2523 566 pectori
2561 494 2723 563 (nam
2778 492 3001 548 sinistra
3039 489 3108 544 ad
3151 490 3329 545 Deum
3376 497 3533 542 ten-'

250 581 413 632 θείων
446 577 652 648 μελέτη
680 577 896 645 λογίων.
917 578 1178 649 Θυμίαμα
1219 579 1401 649 μέντοι
1429 579 1722 649 λαμϐάνων
1750 582 1816 649 τῇ

247 670 418 742 δεξιᾷ,
460 669 767 739 προσέφερε
822 668 1082 732 πολλάκις
1148 669 1268 739 Θεῷ
1327 671 1421 723 καὶ
1465 673 1493 724 ὁ
1540 670 1743 733 καπνὸς
1772 672 1821 740 (ὁ

248 763 382 825 Θεός
449 779 574 831 μου,
626 761 713 824 τίς
765 761 1071 829 ἀπαγγελεῖ
1114 760 1185 814 τὰ
1231 761 1511 831 θαυμάσια
1536 780 1630 815 σου
1659 762 1698 831 ί)
1725 762 1824 815 καὶ

246 854 419 924 χωρὶς
484 851 771 923 ἀνθράκων
837 852 989 923 ἀνῄει
1015 867 1031 883 ⁸
1113 852 1300 906 ἄλλοτε
1371 854 1428 907 δὲ
1495 854 1591 906 καὶ
1661 852 1818 922 ὄχλου

248 944 653 1009 συμψάλλοντος
699 942 847 1012 αὐτῷ
914 942 1179 1013 ᾐσθάνετο
1237 946 1333 997 καὶ
1379 945 1821 1009 συναποδιδόντος

248 1031 309 1084 τὸ
343 1031 678 1101 Ἀλληλούῖα.
715 1031 795 1083 Τὰ
827 1031 999 1084 πολλά
1036 1033 1093 1085 δὲ
1128 1032 1248 1085 οὐδὲ
1272 1033 1438 1086 ὕπνου
1472 1033 1533 1086 τὸ
1564 1035 1823 1104 παράπαν

247 1121 490 1187 ἐγεύετο,
519 1120 657 1174 ὥστε
681 1121 775 1174 καὶ
796 1121 1089 1190 τριάκοντα
1113 1122 1313 1188 νύκτας
1336 1123 1464 1187 ὅλας
1488 1124 1582 1177 καὶ
1609 1124 1823 1196 ἡμέρας

248 1212 370 1274 ἴσας
401 1212 678 1280 ἐπέμεινε,
710 1214 1152 1283 προσευχόμενος
1180 1215 1565 1284 ἀπαλλαγῆναι
1591 1215 1694 1283 τῆς
1726 1215 1821 1268 τοῦ

249 1300 421 1355 ὕπνου
484 1304 654 1374 μέθης
693 1319 709 1335 ο
749 1304 869 1357 ἀλλ’
927 1305 1126 1377 ἐρρέθη
1193 1302 1470 1375 μυστικῶς
1526 1305 1674 1377 αὐτῷ
1728 1306 1824 1359 καὶ

246 1393 578 1463 ἀπορῤήτως
633 1394 737 1448 ὑπὸ
789 1393 890 1464 τῆς
936 1395 1178 1465 χάριτος,
1250 1380 1334 1450 ὅτι
1388 1398 1481 1450 Δεῖ
1539 1414 1598 1449 σε
1643 1396 1817 1466 βραχὺ

248 1487 555 1540 καθεύδειν.

1927 586 2183 655 debatur)
2229 596 2287 641 et
2325 586 2494 642 veluti
2553 584 2717 639 rivuli
2779 583 3141 651 laorymarum
3201 594 3523 650 pannosam

1926 677 2593 749 detritamqnelacernam
2635 677 2960 746 irrigantes:
2996 673 3114 728 hac
3161 687 3293 727 vero
3346 671 3498 727 exci-

1925 768 2111 838 piebat
2127 770 2293 824 lectio
2316 778 2479 838 atque
2493 767 2781 822 meditatio
2794 765 3109 820 divinorum
3131 761 3500 839 oraculorum.
3527 778 3532 783 θ

1925 856 2213 912 lncensum
2269 870 2489 927 quoque
2550 853 2780 909 dextera
2838 850 3173 921 prehensum
3234 844 3537 901 offerebat.

1925 962 2070 1018 saepe
2096 949 2231 1010 Deo,
2253 956 2311 1002 et
2341 947 2526 1002 fumus
2554 945 2608 1014 (ο
2639 945 2763 1015 quis
2801 940 3074 997 mirabilia
3130 937 3346 993 Domini
3400 952 3502 992 an-

1928 1038 2271 1108 nuntiabit?)
2299 1039 2418 1093 sine
2460 1037 2660 1108 prunis
2715 1034 2951 1091 sublime
3013 1030 3329 1087 ferebatur:
3368 1028 3527 1082 alias.

1922 1146 2054 1185 vero
2087 1130 2414 1185 audiebatur
2450 1131 2614 1186 simul
2652 1128 2885 1198 psallere
2936 1140 3060 1181 cum
3089 1121 3271 1183 turba,
3310 1120 3504 1176 simul-

1922 1235 2031 1291 que
2064 1221 2300 1276 Alleluia
2334 1222 2630 1293 subjicere.
2680 1216 3024 1289 Longissimo
3064 1227 3207 1282 stripe
3258 1220 3529 1279 tempore

1923 1313 2065 1367 nihil
2097 1315 2329 1368 omnino
2362 1314 2542 1369 somni
2577 1312 2761 1368 oculis
2801 1308 3044 1373 videbat,
3102 1306 3240 1361 adeo
3274 1312 3335 1357 ut
3401 1301 3503 1354 tri-

1922 1403 2070 1474 ginta
2102 1405 2389 1460 interdum
2446 1416 2643 1459 noctes
2697 1404 2937 1472 integras
2998 1399 3334 1464 totidemque
3385 1392 3504 1453 dies

1922 1495 2293 1555 continuaret,
2335 1495 2580 1564 rogitans
2600 1496 2793 1558 Deum,
2815 1498 3096 1561 expertem
3119 1486 3297 1541 somni
3332 1484 3501 1537 vitam

247 1579 482 1635 ducere:
535 1598 752 1646 verum,
800 1582 974 1652 gratia
1012 1581 1162 1636 intus
1223 1583 1505 1661 loquente,
1556 1598 1819 1637 arcanum
1860 1585 2195 1656 tacitumque
2257 1602 2583 1658 responsum
2644 1578 3502 1666 accepit:Oportctaliquantnha

246 1672 421 1741 quieti
467 1682 518 1727 te
549 1673 748 1727 tradas.

323 1763 430 1830 [λζ’.
467 1762 650 1815 Ταῦτα
710 1762 897 1823 δεινῶς
954 1760 1159 1814 ὥπλισε
1222 1761 1386 1814 πάλιν
1450 1761 1540 1812 τὸν
1587 1760 1824 1830 πονηρὸν

249 1854 340 1906 ἐπ’
370 1854 551 1916 αὐτὸν,
595 1856 715 1921 ὕφει
742 1851 875 1922 πρὸς
895 1852 994 1923 τὴν
1030 1850 1320 1921 ἐπιϐουλὴν
1363 1852 1440 1921 τῷ
1469 1850 1688 1919 παλαιῷ
1731 1849 1824 1903 καὶ

247 1943 348 1995 νῦν
366 1943 584 2013 ὀργάνῳ
623 1941 905 2013 χρώμενον
938 1958 952 1972 ⁶
985 1941 1125 2012 πλὴν
1162 1944 1284 1995 ὅσον
1322 1943 1438 1995 ἐκεῖ
1462 1943 1560 2012 μὲν
1590 1942 1819 2003 πείθειν,

253 2032 489 2086 ἐνταῦθα
530 2034 587 2087 δὲ
616 2033 801 2103 φοϐεῖν
849 2032 1095 2103 ἔμελλεν.
1139 2033 1530 2102 Ὕποϐεϐλήκει
1570 2032 1680 2103 γὰρ
1700 2032 1825 2101 ὅφιν

252 2124 423 2193 αὐτῷ,
472 2125 701 2194 φοϐερόν
759 2143 813 2178 τι
883 2109 1136 2196 χαίνοντα
1176 2127 1268 2178 καὶ
1335 2126 1692 2195 συρίττοντα,
1731 2127 1823 2177 καὶ

246 2216 436 2269 δακεῖν
486 2216 815 2270 ἀπειλοῦντα
845 2233 860 2249 ο
896 2217 924 2269 ὁ
952 2218 1009 2270 δὲ
1052 2214 1329 2287 θαρραλέᾳ
1384 2217 1478 2269 καὶ
1530 2216 1677 2286 χειρὶ
1729 2217 1826 2268 καὶ

248 2307 445 2380 γνώμῃ
477 2308 798 2378 λαϐόμενος,
828 2307 1007 2361 παίων
1032 2304 1099 2378 ἦν
1129 2308 1324 2377 κομιδῇ
1354 2308 1446 2359 καὶ
1492 2306 1818 2374 συντρίϐων,

248 2397 357 2458 ἕως
385 2399 493 2450 τῶν
510 2398 671 2452 ὁσίων
695 2399 894 2469 χειρῶν
926 2400 1148 2451 ἐκείνων
1174 2399 1518 2466 διολισθήσας
1555 2399 1651 2452 καὶ
1683 2399 1824 2452 κατὰ

249 2488 353 2558 γῆς
382 2488 585 2552 πεσὼν,
606 2489 818 2560 ἀφανὴς
865 2489 1127 2557 ἐγεγόνει,
1160 2489 1346 2551 αύταῖς
1393 2488 1467 2551 ὡς
1505 2486 1617 2558 εἶχε
1644 2488 1822 2557 φολίσι

248 2575 314 2629 τὸ
362 2579 559 2631 οἰκεῖον
601 2576 804 2645 ἔνδυμα
857 2579 1009 2645 παρὰ
1058 2577 1187 2638 τοὺς
1239 2576 1405 2630 αὐτοῦ
1440 2579 1605 2641 πόδας
1639 2579 1821 2648 ἀφεὶς,

246 2669 507 2724 τοσούτου
542 2669 819 2738 θαύματος
850 2668 1080 2738 ἀψευδὲς
1123 2669 1441 2740 μαρτύριον.
1464 2670 1636 2722 Τοῦτο
1662 2669 1822 2739 χαλε-

247 2763 472 2831 πωτέρα
506 2762 717 2830 γίνεται
744 2762 925 2830 πληγὴ
952 2761 1030 2831 τῷ
1057 2761 1339 2832 βασκάνῳ,
1367 2763 1459 2817 καὶ
1487 2761 1586 2824 τὰς
1615 2762 1824 2825 οἰκείας

244 2853 508 2922 δυνάμεις
540 2850 887 2921 συναγαγὼν,
918 2853 1008 2906 τόν
1047 2869 1104 2905 τε
1133 2855 1288 2906 κίονα
1317 2852 1501 2922 κύκλῳ
1524 2850 1819 2916 διαλαϐὼν,

246 2944 575 3016 ἀνατρέπειν
604 2947 768 3000 αὑτὸν
794 2948 874 3009 εἰς
900 2946 1095 3014 ἔδαφος
1126 2946 1410 3016 ἐπειρᾶτο.
1452 2945 1592 2998 Ἀλλ’
1616 2947 1650 3016 ἡ
1699 2944 1819 2999 θεία

246 3038 431 3108 χάρις,
467 3035 656 3109 ὥσπερ
683 3056 768 3101 τις
799 3039 1006 3092 ἀνωθεν
1042 3039 1298 3109 ἀστραπὴ
1343 3038 1655 3109 διᾴττουσαι,
1689 3037 1822 3106 φεύ-

247 3148 371 3200 γειν
421 3133 520 3185 ὅσα
555 3133 651 3185 καὶ
684 3133 906 3201 μάστιγι
937 3131 1160 3196 τούτους
1195 3133 1589 3201 ἐλαυνομένους
1624 3132 1817 3198 ἐποίει,
1845 3166 1891 3228 C

252 3222 394 3292 μέγα
422 3239 476 3276 τι
518 3224 613 3277 καὶ
661 3223 831 3276 δεινὸν
883 3223 1253 3287 ὀλολύζοντας.
1304 3223 1464 3277 Ἀλλά
1495 3225 1584 3277 τὸν
1631 3224 1824 3293 φθόνον

254 3312 356 3365 οὐκ
404 3308 471 3383 ἦν
524 3314 775 3384 ἠρεμεῖν,
801 3314 937 3368 ἀλλὰ
973 3314 1252 3385 πτέρυγας
1287 3315 1539 3369 πετεινοῦ
1583 3314 1766 3369 λαϐὼν
1794 3316 1824 3368 ὁ

251 3399 446 3471 ἐχθρὸς
476 3400 558 3469 (τὸ
586 3401 876 3472 πρόσωπον
919 3401 976 3455 δὲ
1026 3402 1241 3456 παιδίου
1280 3403 1500 3458 εἴκαστο
1521 3404 1600 3475 τῷ
1655 3421 1827 3476 προσ-

240 3484 436 3556 ώπῳ),
469 3487 794 3556 προσϐάλλει
819 3485 897 3557 τῷ
923 3488 1147 3557 Συμεών
1170 3507 1185 3521 θ
1212 3490 1239 3542 ό
1268 3490 1324 3542 δὲ
1356 3492 1415 3544 τὸ
1454 3492 1546 3544 τοῦ
1588 3491 1824 3563 σταυροῦ

244 3578 470 3646 σημεῖον
495 3576 843 3641 διατυπώσας
863 3616 878 3641 ,
914 3576 1046 3633 ὡσεὶ
1076 3581 1284 3633 καπνὸν
1314 3582 1512 3636 αὐτίκα
1537 3583 1824 3640 διασκεδά-

244 3668 588 3732 ζει.Ἔπειτα
634 3670 817 3737 μέντοι
861 3671 1078 3742 κρότοις
1118 3675 1384 3743 ἐναερίοις
1427 3676 1522 3729 καὶ
1569 3676 1817 3745 θορύϐοις

244 3761 341 3815 καὶ
384 3762 537 3833 ἤχοις
584 3762 726 3834 ὑπὲρ
774 3764 1014 3835 κεφαλῆς
1059 3766 1223 3820 αὑτοῦ
1268 3768 1531 3837 κέχρητο,
1560 3768 1717 3838 δῆθεν
1745 3769 1821 3833 ὡς

244 3856 331 3908 ἔπ’
364 3856 529 3912 αὑτὸν
561 3860 759 3912 ἐπιών*
802 3860 864 3914 οὐ
906 3861 1013 3933 μὴν
1045 3862 1180 3917 ἀλλά
1215 3863 1308 3917 καὶ
1343 3862 1539 3933 ἀθρόον
1571 3864 1636 3915 ὲκ
1664 3862 1820 3916 νότου

242 3948 375 4020 λίθῳ
404 3952 623 4022 μεγάλῳ
650 3952 740 4007 τὸν
768 3953 920 4008 κίονα
943 3954 1127 4023 βάλλει
1145 3970 1161 3985 ⁶
1192 3956 1286 4009 καὶ
1306 3956 1333 4008 ὁ
1359 3955 1456 4026 μὲν
1479 3956 1818 4026 περιτρέπει,

244 4041 276 4109 ή
325 4041 446 4095 θεία
492 4042 547 4097 δὲ
589 4044 748 4114 χάρις
797 4048 854 4098 ὲν
898 4045 1203 4116 ὁμοιώματι
1237 4048 1567 4118 περισνερᾶς
1615 4044 1820 4108 εὐθεως

243 4135 599 4203 ἐπιφανεῖσα,
642 4139 743 4206 τὴν
786 4138 1127 4208 περιτροπὴν
1170 4138 1400 4209 ἵστησιν.
1419 4138 1578 4210 Ἑξῆς
1623 4139 1679 4193 δὲ
1722 4139 1817 4193 καὶ

242 4226 434 4296 χεῖρας
467 4227 630 4281 αὐτοῦ
675 4228 898 4298 δεσμεῖν
939 4229 1035 4283 τοῦ
1071 4232 1304 4301 πονηροῦ
1342 4234 1705 4304 πειρωμένου,
1739 4231 1818 4303 τῷ

243 4318 460 4389 παλαιῷ
507 4321 598 4374 καί¹
645 4322 807 4377 πάλιν
855 4323 1131 4395 φαρμάκῳ
1170 4324 1246 4396 τῷ
1290 4326 1510 4398 σταυρῷ
1539 4326 1818 4383 κάνταῦθα

240 4412 607 4481 χρησάμενος,
643 4413 804 4478 εὐθὺς
835 4416 1001 4468 αὐτοῦ
1030 4415 1129 4488 τὴν
1159 4416 1388 4489 δύναμιν
1420 4419 1689 4474 σϐέννυσι.

314 4653 430 4720 μην.
460 4649 625 4714 Τέλος
675 4646 764 4707 οἷά
794 4671 879 4717 τις
915 4655 1140 4728 ἀναιδὴς
1170 4658 1322 4729 αὐτῷ
1364 4661 1613 4730 πρόσεισι
1662 4668 1814 4732 παῖς,

244 4741 412 4809 μέλας
439 4743 560 4808 ὅλος
591 4744 683 4797 καὶ
713 4745 840 4800 ίδεῖν
866 4747 1110 4817 αἰσχρὸς,
1159 4753 1349 4823 χεῖρας
1384 4753 1593 4823 ίταμῶς
1624 4756 1816 4811 ἐπιϐα-

240 4833 375 4897 λεῖν,
407 4835 502 4888 καὶ
532 4837 613 4899 εἰς
639 4838 957 4910 συμπλοκὴν
992 4838 1168 4896 ἐλθεῖν
1196 4844 1571 4915 ἐπειγόμενος,
1604 4848 1727 4900 Ἔτι
1753 4846 1816 4900 sb

239 4923 390 4991 ἅπαξ
427 4925 605 4992 τοῦτο,
649 4926 845 4996 λέγων,
876 4930 1126 4985 παλαισω
1147 4951 1250 5001 σοι,
1274 4936 1370 4988 καὶ
1399 4935 1559 5006 εἴπερ
1596 4937 1656 4990 ού
1685 4955 1820 4992 κατ-

242 5014 452 5089 ισχύσω
485 5035 603 5081 σου,
626 5020 689 5072 τὸ
714 5019 845 5087 γοῦν
870 5021 1046 5092 παρὸν
1077 5024 1470 5095 ἀπελεύσομαι.
1512 5028 1678 5081 Ταῦτ’
1697 5029 1816 5083 ελε-

239 5122 330 5172 γε,
361 5107 456 5160 καὶ
483 5111 621 5177 μετά
652 5111 904 5179 μεγάλων
939 5113 1088 5182 ἢχων
1122 5117 1214 5168 καὶ
1238 5116 1486 5186 θορύϐων
1517 5118 1695 5189 ἐπῄει,
1725 5137 1821 5173 τα·-

242 5200 417 5269 ραχῆς
449 5200 627 5255 πάντα
673 5202 917 5274 πληρῶν,
944 5204 1032 5259 ἵνα
1066 5206 1146 5277 τῷ
1174 5208 1466 5279 παραλόγῳ
1490 5211 1589 5279 τῆς
1623 5212 1814 5280 ἐφόδου

242 5292 340 5342 καὶ
375 5292 715 5363 καταπλήξῃ.
758 5294 816 5349 '0
847 5295 905 5349 δὲ
935 5296 1100 5366 μηδὲν
1142 5299 1471 5370 ὑποτρέσας,
1512 5301 1649 5355 ἀλλά
1680 5303 1815 5373 πρὸς

239 5382 306 5436 τὺ
330 5383 529 5438 οἰκεῖον
550 5385 713 5440 ὅπλον
735 5386 897 5452 εὐθὺς
931 5389 1030 5452 τὰς
1054 5391 1132 5454 είς
1154 5392 1391 5461 Χριστὸν
1427 5392 1626 5461 βλέψας
1658 5395 1812 5448 ἑλπί-

236 5472 357 5538 δας,
395 5476 651 5548 εὐψύχως
694 5496 754 5533 τε
785 5480 885 5549 τὴν
930 5480 1109 5551 πάλην
1131 5484 1225 5536 καὶ
1248 5484 1512 5548 νεανικῶς
1551 5486 1812 5552 ὑποστὰς,

1844 4469 1896 4529 Ι)

2002 1760 2090 1813 47.
2121 1760 2245 1816 Ηιιέε
2272 1762 2471 1817 iterum
2490 1761 2755 1815 adversus
2781 1758 2934 1813 illum
2977 1765 3332 1812 armaverunt
3393 1760 3501 1814 dai-

1861 1832 1900 1889 Β
1930 1864 2152 1905 monem
2177 1852 2244 1906 ad
2277 1852 2650 1906 insidiandum
2692 1850 2742 1904 ei
2799 1859 2930 1904 tunc
2981 1863 3204 1918 quoque
3270 1850 3499 1920 antiquo

1924 1957 2026 1996 suo
2053 1943 2424 1999 instrumento
2458 1959 2638 2005 usum,
2676 1942 2780 1996 sub
2809 1942 2905 1996 illo
2943 1950 3125 2022 tamen
3146 1938 3497 2006 discrimine,

1926 2032 2072 2101 quod
2112 2034 2167 2087 in
2218 2033 2476 2103 paradiso
2532 2032 2749 2086 blandis
2793 2030 3084 2086 lenociniis
3143 2031 3497 2101 persuadere,

1926 2125 2018 2178 hic
2061 2126 2209 2195 gravi
2263 2138 2476 2180 terrore
2525 2125 2763 2194 dejicere
2819 2131 3051 2177 conatus
3083 2123 3175 2178 sit.
3231 2123 3502 2178 Submisit

1927 2213 2111 2283 itaque
2135 2224 2470 2285 serpentem,
2495 2215 2838 2268 horribiliter
2863 2213 3107 2268 hiantem
3160 2214 3500 2269 sibilantem-

1924 2320 2055 2374 que,
2077 2313 2131 2361 et
2154 2306 2408 2361 mordere
2436 2305 2766 2359 minantem:
2790 2318 2954 2374 quem
2984 2304 3067 2359 vir
3114 2313 3363 2369 sanctus,
3393 2322 3497 2361 au-

1924 2397 2047 2452 daci
2086 2413 2248 2451 manu
2276 2398 2430 2469 juxta
2458 2412 2523 2453 ac
2576 2404 2758 2450 mente
2806 2396 3246 2465 apprehensum,
3317 2397 3500 2453 valide

1924 2488 2520 2558 allisitcontrivitque,
2565 2488 2748 2542 donec
2806 2489 3012 2543 sanctis
3042 2487 3191 2543 illius
3242 2488 3499 2553 manibus

1924 2579 2144 2649 elapsus
2166 2578 2222 2633 in
2267 2591 2495 2644 terram,
2548 2579 2777 2633 evanuit
2808 2594 2873 2634 ex
2909 2578 3109 2643 oculis,
3139 2578 3377 2634 demissa
3428 2579 3497 2633 ad

1926 2668 2091 2738 pedes
2118 2670 2292 2724 sancti
2318 2669 2480 2739 pelle,
2516 2677 2575 2723 ut
2604 2677 2722 2723 erat
2748 2668 2997 2738 squamis
3024 2678 3188 2731 tecta,
3215 2684 3317 2739 pro
3353 2667 3496 2724 irre-

1924 2760 2173 2831 fragabili
2203 2762 2517 2816 testimonio
2547 2760 2823 2816 miraculi.
2852 2760 3188 2815 Gravissime
3213 2762 3345 2815 illud
3377 2776 3500 2817 scn-

1921 2853 1995 2909 sit
2019 2853 2318 2923 impostor;
2350 2863 2488 2919 tum,
2521 2870 2713 2911 omnes
2745 2856 2800 2910 in
2829 2871 2999 2911 unum
3031 2857 3180 2911 vires
3212 2855 3495 2926 colligens,

1921 2942 2374 3011 comprehensam
2403 2958 2500 3012 per
2544 2944 2812 2999 ambitum
2862 2945 3175 3001 columnam
3208 2944 3262 2999 in
3295 2952 3496 2999 terram

1920 3036 2053 3090 dare
2099 3035 2351 3091 laborat:
2415 3051 2602 3091 verum
2658 3037 2836 3107 gratia
2898 3037 3109 3103 divina,
3145 3039 3200 3092 in
3267 3037 3491 3092 modum

1922 3127 2155 3195 fulguris
2177 3127 2417 3183 caelestis
2440 3129 2704 3195 emicans,
2732 3124 3144 3209 machinatores
3170 3130 3294 3185 illos
3342 3130 3496 3184 velut

1924 3216 2140 3288 ﬂagello
2184 3220 2549 3289 compellebat
2599 3222 2843 3292 arripere
2881 3223 3089 3294 fugam,
3145 3221 3487 3278 horrendum

1922 3308 2221 3366 frementes
2245 3320 2411 3382 atque
2431 3314 2723 3384 ejulantcs.
2764 3315 2884 3370 Non
2939 3315 3030 3370 hic
3083 3315 3237 3369 stetit
3290 3313 3499 3369 invidia

1923 3400 2161 3456 inimici:
2193 3403 2307 3458 alas
2332 3404 2577 3459 volucris
2605 3405 2709 3459 sibi
2731 3405 2975 3474 adaptat,
3013 3414 3069 3459 et
3098 3405 3296 3460 faciem
3337 3405 3498 3475 pueri

1939 3489 2255 3546 assimilans
2275 3530 2289 3553 ,
2321 3488 2641 3558 conspectui
2673 3485 2963 3557 Symeonis
2993 3501 3054 3541 se
3083 3484 3270 3549 offert;
3307 3486 3400 3555 qui
3432 3486 3505 3541 ef-

1932 3579 2169 3635 formato
2201 3581 2386 3635 crucis
2416 3581 2576 3647 signo
2604 3577 2896 3633 confestim
2921 3618 2935 3643 ,
2969 3585 3029 3631 ut
3053 3584 3248 3631 ventus
3277 3575 3506 3641 fumum,

1927 3673 2216 3742 dissipavit
2265 3673 2499 3727 hostem.
2528 3669 2683 3724 Tunc
2726 3669 2938 3725 crebris
2985 3667 3269 3739 plausibus
3307 3668 3504 3723 tumul-

1928 3763 2183 3833 libusque
2212 3778 2332 3818 cum
2365 3762 2571 3832 ingenti
2603 3742 2742 3818 sono
2772 3776 2939 3831 supra
2967 3768 3131 3830 caput
3155 3760 3274 3830 ejus
3300 3760 3354 3814 in
3382 3774 3507 3815 aere

1928 3853 2198 3919 excitatis,
2245 3853 2297 3907 in
2350 3854 2531 3922 ipsum
2581 3853 2829 3908 facturus
2882 3854 3148 3923 impetum
3182 3852 3508 3908 videbatur:

1929 3958 2136 4010 magnae
2185 3960 2402 4014 quoque
2432 3945 2594 4001 molis
2632 3960 2826 4000 saxum
2873 3961 2937 3999 ex
2990 3953 3146 4015 parte
3195 3943 3421 3999 australi
3456 3945 3509 3999 in

1927 4035 2238 4089 columnam
2272 4035 2407 4104 jacit
2442 4055 2455 4090 :
2491 4051 2612 4107 qua:
2663 4037 2870 4105 impetu
2918 4037 3011 4091 illo
3053 4051 3246 4093 eversa
3292 4036 3507 4103 fuisset,

1925 4126 2030 4181 nisi
2053 4126 2226 4196 gratia
2244 4127 2449 4191 divina,
2469 4129 2522 4182 in
2541 4129 2904 4185 similitudine
2925 4129 3194 4185 columbae
3213 4145 3505 4201 apparens,

1928 4224 2182 4271 ruentem
2207 4218 2460 4273 stitisset.
2491 4217 2695 4274 Postea
2710 4218 2876 4274 etiam
2899 4228 2919 4285 ,‘
2942 4218 3132 4275 eodem
3156 4214 3361 4290 spiritu
3384 4222 3505 4275 vin-

1924 4308 2066 4363 culis
2090 4310 2465 4379 constringere
2487 4326 2681 4366 manus
2705 4310 2990 4383 Symconis
3019 4319 3283 4380 tentante,
3309 4313 3399 4369 hic
3437 4313 3504 4368 ad

1925 4402 2303 4469 pharmaemn,
2320 4402 2431 4471 jam
2461 4402 2667 4472 pridem
2692 4412 2884 4459 contra
2908 4404 3056 4459 illius
3074 4420 3344 4461 venenum
3370 4418 3497 4476 pra

1923 4493 2323 4557 sentissimum,
2344 4501 2783 4560 sacrosanctum,
2808 4497 3053 4566 inquam,
3083 4496 3265 4551 crucis
3286 4495 3501 4567 signum

1927 4581 2273 4651 confugiens,
2299 4591 2530 4651 cunctas
2560 4586 2825 4640 tentantis
2856 4588 2999 4642 vires
3031 4586 3270 4660 infregit.

1987 4675 2078 4730 48.
2114 4674 2384 4746 Denique,
2408 4677 2488 4731 uti
2512 4680 2693 4748 puella
2717 4668 2965 4750 quadam
2994 4682 3223 4749 eﬂrons,
3250 4686 3371 4741 viro
3396 4685 3492 4741 Dei

1919 4766 2152 4830 accedit,
2189 4778 2338 4824 totus
2371 4769 2548 4840 niger,
2584 4779 2731 4827 totus
2772 4785 2995 4843 aspectu
3043 4773 3303 4830 deformis
3334 4793 3347 4830 :
3378 4792 3494 4833 ma-

1920 4870 2132 4927 nusque
2157 4857 2300 4912 collo
2320 4858 2542 4929 jamjam
2604 4860 2930 4929 injecturus,
2970 4870 3026 4917 et
3060 4863 3115 4916 in
3146 4863 3489 4933 complexum

1921 4960 2083 5000 ruere
2113 4945 2381 5004 festinans
2412 4966 2425 5001 :
2456 4939 2811 5016 Certaminis,
2845 4952 3043 5021 inquit,
3072 4951 3267 5018 aleam,
3307 4952 3490 5009 adhuc

1919 5036 2088 5090 semel
2114 5044 2296 5091 tecum
2323 5038 2558 5103 luctans,
2584 5040 2780 5110 jaciam
2805 5057 2819 5095 :
2847 5049 2904 5097 et
2922 5042 3193 5112 siquidem
3215 5057 3326 5098 non
3352 5059 3490 5114 pra-

1918 5126 2142 5181 valuero
2200 5128 2320 5193 tibi,
2374 5129 2429 5184 in
2476 5133 2765 5201 praesentia
2814 5133 3087 5190 recedam.
3142 5133 3335 5190 lsthaac
3377 5136 3491 5191 elo-

1918 5226 2080 5273 cutus
2123 5219 2315 5290 grandi
2363 5236 2490 5276 cum
2533 5236 2669 5277 sono
2705 5223 3047 5294 strepituque
3077 5224 3260 5289 irruit,
3305 5227 3488 5283 omnia

1918 5308 2139 5376 replens
2181 5310 2440 5375 tumultu,
2493 5321 2553 5365 ut
2585 5314 2667 5367 vel
2713 5313 2829 5383 ipsa
2869 5314 3168 5371 invasionis
3197 5315 3489 5372 insolentia

1921 5408 2187 5454 terrorem
2242 5401 2534 5457 incuteret.
2562 5403 2657 5457 'At
2703 5403 2793 5458 ille
2843 5408 3165 5477 neutiquam
3212 5422 3274 5464 se
3314 5422 3481 5463 ενοι-ο

1922 5499 2064 5553 tens,
2112 5501 2377 5545 consueta
2438 5494 2705 5563 corripuit
2750 5511 2922 5559 arma,
2970 5512 3121 5566 spem
3175 5498 3386 5554 scilicet
3431 5498 3486 5554 in

238 5564 539 5634 λαϐόμενος
577 5568 740 5622 αὐτοῦ
767 5570 877 5624 τῶν
907 5573 1125 5641 χειρῶν,
1153 5574 1330 5628 ὀπίσω
1363 5593 1424 5628 τε
1460 5580 1814 5648 περιαγαγὼν

1922 5579 2138 5636 Christo
2173 5582 2428 5651 positam,
2457 5583 2735 5654 alacrique
2766 5601 2829 5641 ac
2854 5564 3335 5658 generosoanimo
3366 5604 3489 5644 cer-

239 5653 413 5717 αύτάς
447 5658 541 5709 καὶ
563 5658 860 5730 δεσμήσας,
891 5660 1071 5732 ἀφανῆ
1100 5662 1300 5734 τίθησι,
1330 5666 1492 5728 κενὰς
1520 5667 1686 5721 αὐτοῦ
1715 5669 1813 5733 τὰς

237 5742 472 5808 ἀπειλάς
511 5747 814 5815 ἀποδείξας.
846 5747 978 5817 Εἶτα
1005 5752 1101 5823 ήδύ
1137 5772 1189 5807 τι
1223 5757 1357 5826 πρὸς
1400 5758 1627 5829 οὐρανὸν
1666 5761 1806 5825 ἰδὼν,

1918 5680 2099 5727 tamen
2119 5674 2460 5744 aggrediens,
2479 5690 2676 5731 manus
2693 5676 2865 5732 hostis
2885 5678 3268 5747 apprehendit,
3285 5694 3488 5751 easque

1918 5773 2038 5832 post
2090 5771 2301 5834 tergum
2333 5764 2597 5819 adductas
2633 5765 2848 5831 vineiit,
2885 5776 3046 5838 atque
3077 5768 3151 5822 ita
3215 5785 3281 5824 ex
3312 5769 3488 5824 oculis
