3980 6296
560 385 699 454 3031
1728 403 1790 464 s.
1831 403 2207 466 SYMEONIS
2240 406 2598 469 JUNIORIS
2810 423 2817 429 -
2902 420 2911 429 -
3212 416 3219 423 ‘
3716 400 3871 465 τοτε

538 501 803 559 recedere
835 506 1038 575 coegit,
1079 506 1338 562 edoctum
1377 524 1549 565 vanas
1592 527 1715 567 esse
1756 517 1876 584 ejus
1920 516 2118 574 minas.

2235 518 2352 581 τοὺς
2379 516 2849 589 εὐχαριστηρίους,
2874 517 2922 570 εί
2951 516 3007 571 δὲ
3060 516 3277 586 βούλει,
3315 510 3663 574 επινικίους
3702 527 3875 582 προσ·

540 590 751 649 Deinde
798 595 1044 650 suaviter
1076 597 1133 651 in
1163 597 1364 653 omium
1395 599 1628 657 sublatis
1652 604 1851 670 oculis,
1890 604 2121 675 hymnos

2235 609 2359 678 ῆγεν
2390 607 2590 678 ὕμνους
2612 607 2749 677 Θεῷ,
2776 607 2927 677 φῶτα
2960 609 3197 677 ποιήσας
3235 607 3345 660 καὶ
3392 604 3592 675 κηρὸν
3624 604 3868 674 ἑκατέρᾳ

542 681 655 738 Deo
678 685 732 739 in
750 686 1045 756 gratiarum
1068 690 1364 756 actionem,
1379 701 1495 754 aut,
1517 694 1563 747 si
1586 695 1663 749 ita
1678 696 1782 759 vis,
1803 697 1858 750 in
1877 696 2122 752 victoriae

2235 700 2370 769 χειρὶ
2392 699 2659 769 κατέχων,
2683 693 2764 761 οἷς
2797 701 3117 769 συνεμέτρει
3156 699 3256 752 τὸν
3289 697 3625 751 ὲπινίκιονυ
3668 697 3735 747 ού
3768 697 3866 766 γὰρ

544 771 783 828 obtenta
803 779 1408 845 commemorationem,
1427 783 1650 847 cecinit,
1677 800 1908 840 accenso
1924 785 1989 839 ad
2017 785 2124 841 hoc

2235 791 2495 859 πρότερον
2524 792 2557 858 ὴ
2589 790 2807 856 γλῶττα
2845 789 2956 843 τῶν
3000 789 3189 858 ὓμνων
3237 790 3549 853 πέπαυτο,
3599 788 3717 850 ἓως
3764 791 3865 849 τάς

542 877 709 917 cereo
730 880 893 933 quem
918 875 1152 937 utraque
1181 883 1344 924 manu
1371 873 1615 938 tenebat,
1651 876 1854 945 cuique
1881 875 2121 945 epinicia

2231 882 2421 949 κηροῖς
2448 880 2693 933 καυθεῖσι
2730 879 2790 933 τὸ
2815 880 2930 950 φῶς
2959 880 3209 935 ἔσὸεστο.

541 972 643 1011 sua
661 960 1301 1029 commensurabatmon
1328 966 1481 1021 enim
1497 968 1921 1038 priuscessabat
1956 984 1987 1023 a
2047 982 2209 1026 cantu
2240 974 2446 1045 lingua,
2476 990 2641 1044 quam
2674 985 2999 1046 consumpta
3064 990 3194 1030 cera
3257 975 3475 1030 iumen
3526 974 3865 1043 exstingue-

544 1057 721 1103 1'8"".

612 1140 702 1195 49.
734 1140 951 1197 Interea
974 1147 1235 1214 temporis
1256 1146 1468 1217 (verum
1493 1167 1616 1221 qua:
1644 1155 1823 1209 oratio
1858 1173 1970 1223 res,
1996 1175 2119 1213 om-

542 1235 600 1289 ni
652 1236 969 1305 eloquentia
1022 1240 1362 1308 superiores,
1407 1245 1687 1314 explicet?
1731 1263 1819 1303 me
1849 1261 1999 1306 certe
2047 1251 2114 1306 ad

545 1327 746 1381 nudam
773 1328 986 1384 illarum
1028 1333 1349 1387 memoriam
1381 1343 1589 1389 tremor
1623 1341 1903 1409 occupat).
1946 1342 2123 1396 inter-

2304 1159 2411 1228 ttO'.
2460 1158 2547 1210 Ἐν
2565 1156 2805 1227 τοσούτῳ
2838 1157 2895 1210 δὲ
2925 1159 3026 1228 ὁρᾷ
3056 1158 3215 1227 (ἀλλὰ
3239 1157 3366 1220 πῶς
3403 1159 3484 1211 ἂν
3518 1158 3605 1210 τὰ
3629 1158 3863 1227 κρείττω

2228 1248 2387 1315 λόγου
2425 1248 2583 1314 λόγος
2605 1248 2886 1318 γνωρίσειε
2917 1265 2931 1310 ;
2962 1249 3133 1319 φρίκη
3163 1250 3275 1318 γάρ
3326 1266 3401 1319 με
3440 1251 3554 1302 καὶ
3586 1249 3741 1318 πρὸς
3776 1249 3862 1316 τὴν

2229 1338 2450 1403 μνήμην
2473 1325 2822 1405 εἰσέρχεται),
2842 1336 2943 1404 δρᾷ
2968 1335 3164 1397 τοίνυν,
3187 1337 3283 1388 καὶ
3319 1336 3442 1389 ἰδοὺ
3470 1337 3752 1406 ἀνέῳκτο
3776 1341 3863 1405 μὲν

542 1434 628 1482 ea,
675 1419 918 1489 inquam,
973 1421 1127 1476 videt
1160 1424 1434 1480 orientem
1490 1442 1680 1481 versus
1722 1438 1972 1498 apertum
2003 1446 2121 1486 ece-

2235 1423 2287 1488 ὲξ
2311 1424 2586 1477 ἀνατολῶν
2620 1427 2648 1477 6
2678 1423 2925 1493 οὐρανὸς,
2964 1424 3058 1476 καὶ
3093 1427 3122 1477 6
3151 1425 3361 1496 Κύριος
3404 1425 3597 1495 ἡμῶν
3642 1428 3740 1478 ἐπ’
3772 1429 3863 1478 αὖ·

542 1511 657 1566 ium
693 1522 748 1566 et
779 1510 912 1566 inibi
958 1511 1252 1568 Dominum
1299 1525 1547 1569 nostrum
1579 1516 1762 1571 Jesum
1798 1518 2115 1574 Christum:

542 1600 837 1655 videbatur
862 1610 1045 1656 autem
1072 1602 1246 1657 veluti
1274 1603 1516 1659 circulus
1538 1605 1761 1675 quidam
1786 1622 1851 1661 ex
1889 1608 2115 1674 electro,

542 1691 718 1747 multo
764 1692 972 1747 lumine
1008 1700 1064 1748 et
1103 1692 1319 1747 flamma
1373 1694 1647 1761 rutilante,
1666 1695 1844 1765 ipsum
1872 1697 2114 1763 ambire;

542 1780 874 1837 videbantur
909 1789 966 1836 et
1005 1781 1319 1852 archangeli
1373 1781 1601 1835 Michael
1654 1792 1819 1852 atque
1868 1783 2113 1848 Gabriel,

2224 1512 2317 1566 τοῦ
2348 1513 2580 1581 Χριστὸς
2633 1514 2661 1565 6
2700 1511 2864 1575 Θεῦςσ
2899 1514 3089 1582 ὅρασις
3127 1513 3182 1566 δὲ
3223 1513 3299 1576 ὡς
3326 1514 3645 1583 ἠλέκτρου
3682 1514 3861 1583 κύκλῳ

2232 1603 2362 1671 περὶ
2403 1602 2567 1655 αὑτὸν
2605 1602 2665 1654 ὲν
2705 1603 2844 1671 φωτὶ
2875 1603 2970 1655 καὶ
2992 1604 3127 1673 πυρὶ
3158 1603 3601 1673 στρεφομένου.
3642 1605 3859 1673 Μιχαήὶ

2223 1707 2284 1743 τε
2337 1696 2431 1744 καὶ
2480 1692 2719 1761 Γαϐριὴλ
2765 1693 2815 1746 oi
2869 1693 2978 1746 τῶν
3037 1694 3207 1761 ἁγίων
3241 1694 3520 1762 ἀγγέλων
3559 1695 3858 1765 πρῶτομό

2225 1782 2322 1851 μὲν
2351 1784 2414 1834 ὲκ
2433 1780 2623 1846 δεξιῶν
2651 1784 2863 1853 πράως,
2886 1786 2916 1838 6
2936 1784 2981 1837 δ’
3012 1785 3072 1850 εξ
3106 1786 3421 1856 ἀριστερῶν
3451 1788 3854 1859 παρεστῶτες,

543 1871 756 1942 placide
796 1886 826 1925 a
864 1871 1106 1926 dexteris
1153 1872 1314 1935 alter,
1363 1871 1503 1925 alter
1544 1886 1574 1924 a
1633 1871 1881 1928 sinistris
1920 1872 2127 1927 consti-

2235 1872 2286 1925 τό
2310 1888 2370 1924 τε
2393 1871 2503 1925 τῶν
2528 1873 2766 1940 νεφελῶν
2796 1874 2998 1944 πλῆθος
3025 1875 3318 1929 ὑποπόδιον
3355 1878 3547 1930 αὐτοῦ
3592 1878 3856 1948 καθάπρ

548 1962 689 2029 tuti;
737 1961 1071 2017 videbantur
1127 1961 1364 2030 denique
1429 1962 1606 2017 nubes
1662 1963 1948 2031 plurimm,
2005 1979 2127 2033 quas

548 2061 706 2108 erant
727 2053 1140 2123 suppedaneum
1165 2051 1313 2105 illius
1337 2054 1786 2122 apparebantque
1808 2054 1977 2108 veluti
2005 2054 2128 2123 pul-

550 2143 635 2198 vis
680 2143 884 2212 pedum
935 2144 1076 2213 ejus.
1124 2140 1426 2197 Confestim
1477 2142 1645 2212 igitur
1702 2142 1959 2213 Symeon,
2011 2159 2128 2199 ma-

547 2231 716 2286 nibus
764 2233 1077 2302 mentisque
1125 2232 1305 2286 oculis
1354 2231 1602 2294 elevatis.
1637 2231 1902 2288 adorabat
1948 2235 2129 2300 illum,

458 2358 477 2371 ρ
548 2323 645 2392 qui
696 2324 803 2378 sibi
837 2323 1158 2393 apparebat,
1196 2332 1257 2376 ut
1301 2323 1455 2393 juxta
1496 2322 1903 2393 heneplacitum
1957 2324 2130 2395 ipsius

546 2419 763 2472 fructus
799 2418 964 2472 utiles
1011 2416 1069 2471 in
1115 2432 1174 2470 se
1215 2417 1693 2487 progignercntur.
1742 2415 1882 2483 Quid
1911 2417 1979 2472 ad
2009 2416 2127 2472 haec

547 2508 662 2573 ille,
688 2508 782 2577 qui
805 2507 1176 2578 glorificantes
1197 2521 1255 2561 se
1275 2504 1586 2576 glorificare
1618 2504 1815 2560 solitus
1837 2515 1921 2560 est
1949 2520 2129 2575 quan-

553 2611 892 2669 tunicunque
947 2596 1370 2668 supereminens
1414 2595 1601 2650 Deus?
1643 2595 1836 2665 Digitis
1895 2595 2133 2651 innuens

545 2700 633 2745 ter
683 2689 1010 2761 Symeonem
1075 2687 1313 2758 signavit
1356 2704 1371 2740 :
1418 2696 1584 2755 atque
1635 2701 1765 2740 ecce
1827 2685 2129 2751 daemones,

548 2789 811 2849 tanquam
844 2792 1133 2847 caprarum
1166 2789 1576 2845 pomorumque
1617 2788 1830 2844 greges,
1864 2790 2031 2842 super
2053 2774 2131 2828 fa—

546 2872 691 2929 ciem
737 2878 899 2925 terra;
935 2869 1148 2937 (contra
1211 2883 1352 2937 quos
1408 2867 1535 2921 data
1577 2866 1834 2936 Symeoni
1888 2873 2131 2934 potestas

546 2960 677 3021 fuit,
707 2969 763 3014 et
793 2960 847 3012 in
876 2956 1347 3012 confirmationem
1378 2954 1666 3025 potestatis
1699 2953 1849 3023 virga
1876 2952 1932 3005 in
1964 2967 2129 3008 manu

2227 1980 2310 2026 τις
2344 1964 2616 2034 κονιορτὸς
2644 1965 2822 2019 ποδῶν
2859 1965 3048 2023 αὑτοῦ.
3076 1967 3276 2036 Χεῖρας
3306 1970 3649 2040 τοιγαροῦν
3693 1974 3725 2024 6
3765 1973 3855 2023 Συ·

2232 2053 2377 2123 μεὼν
2421 2053 2618 2107 αὐτίκα
2666 2054 2759 2107 καὶ
2800 2054 3026 2125 ὄμματα
3068 2056 3295 2127 καρδίας
3344 2060 3658 2123 πετάσας,
3694 2061 3852 2115 ἐδεῖτε

2228 2144 2324 2197 τοῦ
2353 2144 2630 2212 ὀφθέντος,
2653 2144 2784 2198 ὥστ’
2807 2145 3097 2215 εύὼκῆσαι
3121 2148 3367 2217 καρποὺς
3391 2150 3680 2214 ἀγαθοὺς
3715 2153 3848 2219 αύτῷ

2229 2235 2295 2288 δι’
2322 2234 2489 2289 αὐτοῦ
2514 2236 2911 2307 προσαχθῆναι.
2934 2237 2998 2290 Τί
3024 2234 3117 2291 οῦν
3154 2239 3427 2303 ὲνταῦθα;
3484 2240 3554 2295 ’0
3590 2245 3744 2307 τοὺς
3778 2245 3847 2297 δο-

2232 2326 2491 2391 ξάζοντας
2512 2325 2674 2380 αὑτὸν
2693 2327 3057 2393 ἀντιδοξάζειν
3085 2327 3239 2392 εἰδὼς
3267 2330 3363 2382 καὶ
3390 2331 3601 2401 πολλῷ
3633 2333 3728 2403 τῷ
3763 2336 3848 2403 μέ-

2236 2434 2313 2487 σῳ
2338 2416 2491 2483 Θεὸς,
2522 2418 2718 2481 νεύσας
2742 2421 2854 2492 τοῖς
2882 2419 3167 2482 δακτύλοις
3196 2422 3510 2491 ὲσφράγισε
3544 2425 3695 2495 τρίς
3715 2442 3737 2459 ⁸
3766 2427 3849 2481 καὶ

2237 2506 2346 2560 ίδοῦ
2392 2508 2440 2560 οἰ
2475 2507 2747 2577 δαίμονες,
2787 2508 2977 2579 ὥσπερ
3030 2511 3201 2578 αίγῶν
3243 2513 3335 2566 καὶ
3378 2514 3605 2584 χοίρων
3649 2515 3846 2586 βοσκῇ-

2237 2615 2383 2669 ματα
2414 2600 2506 2651 ἐπὶ
2536 2601 2825 2670 πρόσωπον
2854 2600 2953 2669 τῆς
2983 2601 3087 2670 γῆς
3123 2602 3362 2667 (ἐξουσία
3391 2621 3450 2656 τε
3502 2606 3647 2658 κατ’
3670 2608 3846 2660 αὐτῶν

2232 2688 2309 2758 τῷ
2338 2689 2562 2761 Συμεὼν
2592 2692 2852 2765 δεδομένη
2882 2694 3075 2765 ῥάϐδος
3106 2712 3165 2747 τε
3195 2695 3282 2749 διὰ
3312 2697 3507 2767 χειρὸς
3553 2702 3731 2770 αὐτῷ
3766 2702 3845 2767 βε·

2233 2779 2461 2834 6αιοῦσα
2505 2780 2605 2851 τὴν
2647 2781 2940 2851 ἐξουσίαν),
2970 2787 3066 2839 καὶ
3108 2786 3332 2853 φεύγειν
3369 2790 3587 2842 ἐκεῖνοι
3642 2793 3843 2854 πάντα

2233 2867 2479 2936 ἀγεννῶς
2540 2871 2878 2943 ὡρμημένοι,
2928 2875 3025 2926 ὅσα
3078 2891 3138 2927 τε
3179 2876 3388 2940 καπνὸς
3439 2876 3476 2949 ἢ
3540 2879 3690 2949 χοῦς
3745 2880 3843 2934 ἀπὸ

2237 2961 2529 3028 προσώπου
2562 2963 2728 3015 αὐτοῦ
2758 2963 3122 3028 ἐκλείποντες.

547 3050 713 3120 ejus),
736 3062 930 3103 omnes
961 3046 1210 3102 imbelles
1238 3045 1389 3110 facti,
1422 3044 1571 3099 illico
1608 3045 1664 3098 in
1700 3042 1885 3113 fugam
1941 3058 1999 3097 se
2066 3047 2504 3119 praecipitabant,
2537 3052 2713 3107 veluti
2751 3052 2937 3110 fumus
3003 3062 3098 3110 aut
3160 3057 3350 3127 pulvis
3381 3074 3416 3113 ιι
3472 3059 3626 3118 facie
3663 3066 3835 3119 sancti

553 3139 898 3197 deﬁcientes.

591 3232 712 3291 .50.
743 3230 1030 3287 Visionem
1064 3229 1208 3283 hanc
1250 3244 1349 3286 sua
1379 3244 1600 3299 quoque
1634 3227 1897 3284 miracula
1939 3244 2131 3284 conse-

2305 3239 2371 3289 ν’.
2401 3234 2479 3304 Τῇ
2514 3233 2634 3302 ὕψει
2663 3232 2844 3287 τοίνυν
2871 3233 3043 3305 ταύτῃ
3066 3235 3161 3288 καὶ
3194 3235 3268 3291 τὰ
3298 3236 3572 3310 θαύματα
3606 3245 3833 3313 ὴκολού-

553 3333 683 3384 cuia
721 3330 852 3379 sunt
874 3338 897 3387 ;.
920 3336 1046 3375 nam
1079 3329 1353 3389 quotquot
1386 3320 1547 3374 malis
1591 3318 1878 3390 spiritibus
1909 3328 2004 3374 aut
2027 3319 2131 3373 alia

550 3414 746 3486 quavis
767 3412 1095 3484 :rgritudine
1118 3411 1299 3466 vexati
1321 3410 1387 3464 ad
1412 3410 1738 3480 Symeonem
1759 3419 2129 3474 accesserunt,

549 3505 771 3563 liberati
802 3505 1036 3575 quisque
1082 3502 1227 3557 malo
1285 3516 1389 3557 suo
1426 3501 1635 3556 reversi
1680 3510 1827 3555 sunt.
1862 3501 2135 3555 Viderunt

551 3598 718 3655 etiam
748 3604 803 3653 et
825 3603 1047 3651 sanctus
1070 3594 1208 3663 ipse,
1233 3601 1290 3648 et
1318 3593 1506 3662 plures
1531 3591 1647 3656 alii,
1672 3591 1877 3660 quibus
1902 3607 1967 3645 ea
2010 3607 2135 3661 gra-

552 3695 628 3751 tia
657 3708 921 3749 concessa
964 3692 1090 3757 fuit,
1139 3702 1252 3746 tres
1283 3690 1509 3761 angelos
1542 3689 1661 3754 Dei,
1713 3705 1949 3760 quorum
1997 3691 2137 3744 alter

551 3787 620 3843 ad
654 3786 960 3846 dexteram,
994 3783 1133 3838 alter
1161 3782 1229 3837 ad
1261 3782 1569 3846 sinistram,
1604 3780 1807 3836 tertius
1837 3796 1980 3851 pone
2021 3791 2137 3835 ter-

551 3894 680 3950 gum
719 3875 1010 3947 Symeonis
1032 3883 1266 3939 stantes,
1306 3881 1675 3928 atramentum
1700 3873 1957 3929 manibus
1988 3883 2139 3927 tene-

552 3970 721 4033 bant;
761 3975 818 4021 et
837 3965 935 4036 qui
962 3965 1259 4020 sanitatem
1300 3965 1657 4019 consecuturi
1695 3974 1878 4026 erant,
1906 3964 2137 4035 jubente

552 4066 768 4120 sancto,
792 4057 945 4111 velut
967 4056 1022 4110 in
1053 4056 1308 4120 sindone,
1342 4055 1457 4125 ipsa
1477 4054 1605 4109 nive
1627 4054 1971 4117 candidiore,
2002 4054 2141 4109 scri-

554 4148 829 4207 bebantur
857 4164 871 4199 :
895 4161 1076 4216 neque
1102 4147 1302 4218 singuli
1325 4154 1561 4211 tantum,
1592 4145 1688 4201 sed
1719 4161 1882 4216 quam
1914 4145 2137 4215 plurimi

553 4239 721 4293 etiam
740 4237 924 4301 simul,
940 4239 1034 4307 qui
1050 4239 1243 4293 salutis
1257 4240 1804 4301 causa'acccsserant,
1826 4237 2140 4292 referebant

556 4328 865 4384 obtentam.
900 4327 1036 4382 Nam
1072 4328 1232 4382 multi
1278 4328 1576 4397 aliquando
1606 4343 1637 4380 a
1661 4326 2009 4382 daemonibus
2050 4328 2140 4382 in-

554 4420 714 4483 sessi,
733 4434 985 4488 spumam
1002 4434 1098 4473 ore
1118 4419 1442 4488 ejectantes,
1464 4418 1792 4489 Symeonem
1814 4417 2139 4485 adiverunt;

553 4509 651 4581 qui
672 4506 951 4579 impressit
975 4508 1207 4578 singulis
1221 4508 1461 4563 salutare
1484 4508 1666 4562 crucis
1689 4508 1903 4577 signum
1921 4524 1934 4572 ;
1950 4508 2140 4577 jussit-

2232 3325 2334 3389 θει,
2359 3326 2453 3378 καὶ
2475 3325 2674 3388 πάντες
2696 3326 2809 3378 ὅσοι
2839 3324 3112 3395 πνεύμασι
3138 3333 3430 3400 πονηροῖς,
3455 3332 3490 3401 ἢ
3522 3335 3626 3386 καὶ
3656 3336 3831 3403 ἄλλοις

2233 3416 2430 3470 πάθεσι
2466 3417 2764 3484 κάμνοντες
2802 3415 2995 3484 ἐκείνῳ
3029 3416 3376 3487 προσῄεσαν,
3417 3421 3708 3495 ἐλεύθεροι
3734 3427 3823 3481 τοῦ

2231 3507 2526 3569 λυποῦντος
2568 3507 2796 3571 ἕκαστος
2828 3505 3153 3576 ἐπανῄεσαν.
3203 3510 3500 3581 Ἐωρῶντο
3532 3517 3648 3585 γὰρ
3685 3519 3831 3588 αὐτῷ

2231 3614 2290 3650 τε
2318 3597 2398 3667 τῷ
2439 3598 2626 3666 Ἀγίῳ,
2658 3597 2755 3651 καὶ
2809 3596 3021 3660 πολλοῖς
3062 3598 3179 3651 ὅσοι
3227 3601 3330 3654 καὶ
3373 3605 3610 3659 τοιαῦτα
3639 3607 3831 3678 δηλαδὴ

2219 3688 2455 3759 ’βλέπειν
2495 3686 2725 3756 ἠξίωντο
2754 3723 2771 3749 ,
2815 3689 3038 3755 ἄγγελοι
3084 3690 3300 3760 Κυρίου
3349 3699 3535 3765 τρεῖς,
3577 3700 3607 3751 δ
3641 3700 3740 3768 μὲν
3775 3703 3828 3752 ὲκ

2234 3780 2442 3846 δεξιῶν,
2474 3780 2657 3848 ἕτερος
2685 3777 2733 3832 δ’
2772 3778 2832 3844 ἐξ
2865 3781 3183 3848 εὐωνύμων,
3228 3785 3281 3836 οι
3325 3784 3376 3838 δ’
3415 3789 3645 3843 δπισθεν
3675 3792 3827 3844 ἑστῶ-

2237 3889 2326 3934 τες
2358 3871 2452 3923 τοῦ
2492 3869 2739 3939 Συμεὼν,
2772 3871 2835 3924 τό
2878 3888 2935 3924 τε
2981 3873 3153 3941 μέλαν
3187 3876 3388 3940 αὐτοῖς
3420 3881 3484 3932 ὲν
3512 3886 3712 3951 χεροῖν,
3744 3883 3829 3937 καὶ

2236 3960 2345 4012 τῶν
2377 3959 2595 4029 ἰαθῆναι
2628 3957 2932 4028 μελλόντων
2967 3964 3203 4027 Exacto;
3230 3968 3333 4020 τοῦ
3366 3970 3535 4034 ἁγίου
3573 3973 3822 4041 λέγοντος,

2237 4051 2312 4114 ὡς
2347 4053 2404 4102 ἐν
2444 4052 2733 4123 σωματξίῳ
2753 4054 3057 4125 λευκοτὲρῳ
3087 4057 3182 4108 καὶ
3218 4059 3411 4127 χιόνος
3438 4065 3740 4135 ἐγράφετο⁸
3770 4064 3823 4117 οὗ

2239 4142 2361 4197 καθ’
2395 4144 2493 4198 ἕνα
2522 4145 2578 4198 δὲ
2612 4145 2791 4215 μόνον.
2822 4145 2956 4199 ἀλλὰ
2982 4146 3075 4198 καὶ
3106 4150 3252 4201 κατὰ
3291 4150 3513 4221 πλῆθος
3549 4154 3823 4225 θεραπείας

2237 4235 2289 4285 οἱ
2326 4237 2640 4302 προσιόντες
2674 4236 2988 4305 ἐτύγχανον.
3038 4236 3366 4308 Προσῆλθον
3392 4243 3509 4313 γάρ
3546 4262 3679 4297 ποτε
3712 4243 3822 4297 πολ·

2238 4325 2321 4378 λο¹ί⁸
2358 4327 2499 4379 κατὰ
2523 4328 2717 4379 ταυτὸν
2740 4326 3121 4397 δαιμονῶντες,
3156 4329 3255 4381 καὶ
3290 4332 3481 4402 ἀφρὸν
3512 4334 3610 4388 τοῦ
3640 4337 3821 4404 στόμα-

2239 4434 2330 4481 τος
2374 4416 2787 4488 παραπτύοντες
2811 4429 2824 4446 ·
2857 4410 2931 4470 ὧν
2970 4417 3189 4488 ἑκάστῳ
3241 4424 3535 4490 σφραγῖδα
3587 4427 3820 4495 ποιήσας,

2239 4512 2352 4573 τοῖς
2379 4527 2438 4562 τε
2460 4510 2765 4578 πνεύμασιν
2788 4511 2844 4562 ὲν
2874 4508 3094 4577 ὀνόματί
3119 4525 3260 4579 φησι
3283 4513 3385 4565 τοῦ
3414 4515 3549 4568 Υἱοῦ
3583 4517 3674 4570 τοῦ
3705 4518 3818 4571 θεοῦ

553 4616 664 4672 que
699 4598 931 4669 spiritus
959 4597 1013 4652 in
1040 4599 1264 4653 nomine
1295 4598 1423 4654 Filii
1454 4598 1574 4662 Dei,
1599 4612 1700 4668 pro
1728 4597 1887 4654 nobis
1925 4598 1979 4652 in
2011 4613 2131 4654 cru-

2238 4602 2333 4655 τοῦ
2362 4601 2429 4655 δι’
2449 4603 2597 4671 ἡμᾶς
2625 4601 3023 4670 σταυρωθέντος
3052 4600 3393 4675 ἀπαλλαγὴν
3434 4610 3818 4678 παραγγείλας.

554 4707 676 4749 cem
709 4688 907 4751 sufﬁxi,
939 4688 1067 4743 inde
1089 4688 1363 4744 facessere
1384 4695 1577 4759 :atque
1598 4688 1697 4754 illi,
1722 4688 1871 4744 nulla
1894 4689 2138 4760 interpo-

554 4784 661 4839 sita
680 4796 853 4847 mora,
878 4779 1089 4836 abitum
1107 4789 1364 4851 parantes
1380 4780 1725 4851 multumque
1748 4780 2133 4846 vociferantes,

555 4876 905 4945 reliquerunt
925 4872 1180 4929 homines
1200 4873 1407 4930 liberos
1434 4882 1490 4929 et
1520 4873 1843 4939 incolumes,
1876 4890 2016 4945 puro
2038 4891 2134 4931 ore

552 4965 749 5021 laudes
788 4965 901 5019 Deo
933 4964 1302 5020 celebrantes.
1354 4964 1626 5021 Cmterum
1672 4967 1768 5035 qui
1804 4967 2134 5021 circumsta-

556 5059 694 5114 bant
725 5056 1052 5128 Symeonem
1079 5057 1280 5128 angeli,
1316 5057 1383 5111 ad
1420 5058 1684 5112 miracula
1721 5067 1778 5112 et
1812 5057 2135 5112 medicatio-

554 5167 656 5209 nes
700 5165 859 5221 opem
908 5164 1065 5206 suam
1132 5149 1505 5214 conferentes,
1567 5149 1644 5203 ita
1691 5149 1797 5217 ipsi
1842 5149 2137 5202 astiterunt

554 5246 743 5316 aliquo
766 5248 1047 5313 tempore}
1076 5240 1278 5297 deinde
1296 5258 1398 5312 pro
1426 5255 1582 5296 more
1629 5241 1769 5311 jussi
1818 5239 2063 5294 scribere
2102 5254 2137 5293 a

555 5344 769 5397 sancto,
798 5342 1075 5404 negarunt
1099 5332 1153 5387 id
1188 5349 1248 5389 se
1298 5333 1548 5408 facturos
1603 5331 1987 5401 imposterum,
2041 5328 2131 5383 di-

554 5434 774 5481 centes:
810 5423 1023 5479 Auctus
1047 5437 1108 5479 es
1133 5425 1428 5493 perspicua
1471 5420 1568 5474 Dei
1601 5419 1844 5489 potentia
1889 5424 1948 5472 et
2013 5416 2131 5470 viro

554 5520 928 5572 t_ute:cuncta
943 5511 1208 5581 deinceps
1241 5522 1291 5569 te
1326 5509 1714 5568 intercedente
1750 5507 2011 5563 evenient
2033 5521 2139 5576 pro

556 5604 666 5660 llde
701 5603 1084 5658 accedentium
1131 5603 1268 5669 tibi;
1324 5600 1695 5673 patrabuntur
1740 5597 2006 5653 miracula
2037 5613 2138 5667 per

564 5691 966 5761 iiupositionetn
993 5707 1252 5747 manuum
1284 5702 1527 5750 tuarum,
1560 5704 1654 5758 per
1696 5688 1989 5740 tactionem
2028 5700 2146 5739 me.

563 5784 723 5845 lutcs,
771 5797 865 5852 per
896 5782 1164 5839 ﬁmbriam
1217 5785 1395 5851 sacci,
1450 5796 1547 5850 per
1593 5780 1797 5850 virgam
1849 5777 2142 5846 palmeam,

2241 4693 2621 4763 ἀπαλλαγῆναι
2638 4693 2981 4763 παραχρῆμα
2998 4694 3447 4761 παρασκευάζει,
3470 4698 3621 4766 μέγα
3637 4697 3823 4768 βοῶντα

2242 4784 2334 4837 καὶ
2362 4781 2531 4849 ὑγιῶς
2555 4781 2776 4851 ἔχοντας
2804 4782 2926 4844 τοὺς
2953 4779 3152 4849 ἄνδρας
3181 4782 3565 4853 ἀπολιπόντα,
3601 4787 3823 4858 νηφαὶίφ

2244 4875 2470 4944 στόματι
2492 4874 2591 4935 τὰς
2613 4872 2849 4934 αίνέσεις
2878 4869 2971 4924 τοῦ
3001 4868 3137 4923 Θεοῦ
3170 4872 3624 4941 μεγαλύνοντας.
3644 4878 3705 4931 υἱ
3739 4877 3821 4945 μὲν

2238 4964 2331 5021 οὖν
2372 4963 2697 5027 κυκλοῦντες
2722 4962 2883 5015 αὐτὸν
2902 4960 3121 5029 ἄγγελοι
3148 5000 3163 5024 ,
3187 4963 3289 5015 καὶ
3319 4966 3468 5034 πρὸς
3496 4966 3567 5019 τὰ
3588 4967 3819 5037 θαύματα

2238 5055 2451 5118 καὶτὰς
2478 5055 2650 5115 ἰάσεις
2677 5051 3104 5119 διακονούμενοι,
3129 5051 3463 5120 παρέμενον
3488 5056 3667 5120 οῦτως
3693 5055 3819 5124 αὐτῷ

2240 5150 2399 5221 μέχρι
2430 5145 2625 5214 καιροῦ
2644 5161 2660 5176 ο
2697 5139 2816 5196 εἶτα
2841 5142 2982 5196 κατᾶ
3001 5142 3062 5194 τὸ
3094 5141 3338 5210 σύνηθες
3371 5148 3571 5211 αὐτοῖς
3600 5151 3818 5208 εἰπόντος

2234 5240 2442 5311 γράψαι
2468 5238 2563 5292 τοῦ
2588 5236 2812 5306 Συμεών
2832 5253 2847 5268 ο
2874 5233 3088 5298 Οὐκέτι,
3122 5234 3296 5300 φασὶν
3341 5236 3580 5303 ἐκεῖνοι,
3611 5239 3818 5309 γράψειν

2241 5331 2303 5385 οὐ
2329 5330 2403 5400 μὴ
2429 5327 2775 5399 προσθῶμεν·
2803 5325 3062 5398 ηὕξηνται
3087 5323 3197 5392 γάρ
3223 5325 3286 5376 ὲν
3314 5328 3409 5380 σοὶ
3438 5330 3748 5400 περιφανῶς
3772 5331 3816 5381 αἱ

2240 5418 2337 5473 τοῦ
2373 5418 2506 5472 Θεοῦ
2540 5418 2868 5477 δυναστεῖαι,
2916 5415 3010 5468 καὶ
3059 5413 3241 5465 πάντα
3291 5413 3453 5488 λόγῳ
3502 5423 3601 5473 καὶ
3619 5418 3817 5487 δυνάμει

2236 5510 2420 5563 λοιπὸν
2454 5508 2594 5562 κατὰ
2624 5508 2721 5577 τὴν
2748 5507 2858 5559 τῶν
2895 5504 3364 5576 προσερχομένων
3392 5510 3590 5564 πίστιν
3619 5512 3816 5581 γενήσε-

2237 5618 2327 5654 ται
2353 5600 2442 5652 διὰ
2468 5597 2559 5651 σοῦ
2592 5600 2651 5649 ὲν
2678 5595 2919 5650 ἐπιθέσει
2953 5592 3153 5665 χειρῶν
3182 5609 3310 5658 σου,
3339 5599 3405 5649 ὲν
3432 5601 3553 5672 ἁφῇ
3591 5599 3813 5671 μηὶωτῆς

2236 5709 2349 5751 σου,
2383 5691 2441 5741 ἐν
2471 5687 2762 5760 κρασπέδῳ
2794 5685 2886 5739 τοῦ
2916 5686 3119 5739 σάκκου
3152 5698 3277 5748 σου,
3319 5685 3386 5738 ἐν
3430 5691 3505 5759 τῇ
3550 5691 3707 5761 pawn
3738 5705 3811 5739 σ-,υ

2236 5776 2435 5847 ῥάϐδῳ,
2468 5777 2528 5829 οὐ
2558 5773 2663 5844 μὴν
2690 5772 2823 5828 ἀλλὰ
2863 5772 2957 5826 καὶ
2979 5769 3066 5825 διὰ
3096 5767 3267 5840 ψιλῆς
3312 5772 3536 5842 κόνεως
3570 5783 3715 5850 napi
3736 5773 3813 5828 σοῦ
