4026 6292
286 467 290 472 ,
317 403 459 471 3033
1303 413 1493 477 .VlTA
1531 418 1577 473 Α
1617 415 1918 477 NlCEPI-ll

2002 419 2049 477 Ο
2084 417 2567 478 CONSCRIPTA.
3436 415 3585 482 3034

318 516 635 587 δεδομένης,
686 520 780 573 καλ⁵
829 520 897 574 δι’
927 523 1096 594 αὐτῆς
1140 523 1196 576 δὲ
1243 524 1340 592 τῆς
1372 522 1468 576 τοῦ
1517 523 1611 578 σοῦ
1641 525 1899 597 ὀνόματος

2001 525 2246 593 quinitno
2270 540 2362 594 per
2392 525 2691 594 pauxillum
2726 524 2965 595 pulveris
2991 525 3064 580 ad
3088 536 3137 580 t'e
3165 525 3298 591 d'afi,
3325 537 3377 581 et
3405 526 3574 583 solam

319 608 687 680 ἐπικλήσεως·
714 612 845 666 ὅπου
876 613 985 685 γάρ
1017 616 1049 686 ἡ
1084 615 1150 686 σὴ
1185 618 1395 684 μνήμη,
1429 617 1547 669 ἐκεῖ
1585 615 1679 669 καλ⁸
1711 617 1744 683 ή
1779 615 1897 669 θεία

2003 612 2243 666 nominis
2275 612 2347 664 tui
2385 611 2820 679 invocationem;
2854 612 3164 680 ubicunque
3192 613 3336 666 enim
3370 628 3579 668 memo-

319 701 503 777 χάρις,
536 705 719 757 πᾶσαν
746 707 1028 761 ἀσθένειαν
1062 709 1202 760 κατά
1230 709 1406 762 πάντα
1447 710 1637 778 καιρὸν
1667 708 1894 778 ίωμένη.

2004 700 2200 752 riatua
2237 700 2527 761 recoletur,
2563 699 2762 752 ibidem
2801 707 2855 753 et
2884 700 3055 767 gr..tia
3098 697 3193 752 Dei
3227 710 3422 767 prarsto
3450 699 3581 762 erit,

322 794 583 864 Ὄψονται
612 795 669 848 δέ
696 813 753 848 σε
787 798 974 850 πολλοὶ
1012 800 1106 852 καὶ
1157 802 1213 852 ἐν
1273 800 1472 862 οἰκίαις
1520 800 1613 852 καὶ
1649 802 1708 852 ἐν
1738 800 1896 863 ὁδοῖς,

2001 799 2218 839 omnem
2250 786 2396 839 omni
2427 796 2669 849 tempore
2700 785 3072 839 inﬁrmitatem
3105 795 3386 840 curatura.
3424 787 3581 841 Vide-

320 885 412 936 καὶ
439 886 531 937 ἐπὶ
556 888 721 939 πᾶσιν
742 887 922 959 ἔργοις
946 890 1154 943 αὐτῶν·
1190 891 1283 944 καὶ
1312 891 1513 954 πάντες
1541 892 1656 944 ὅσοι
1678 892 1899 961 δεήσον-

2003 874 2140 928 bnnt
2164 883 2216 927 te
2247 874 2401 927 multi
2449 875 2503 927 in
2551 874 2836 932 domibus.
2872 875 2925 928 in
2958 876 3267 936 itineribus,
3301 876 3354 928 in
3384 878 3581 945 quovis

320 988 410 1025 ται
447 971 545 1027 τοῦ
583 973 716 1027 Θεοῦ
772 975 861 1029 διὰ
895 977 989 1030 σοῦ
1019 978 1264 1047 μεσίτου,
1304 980 1362 1031 ἐν
1397 980 1644 1048 ἐρήμοις,
1692 981 1749 1031 ἐν
1778 980 1899 1049 δρεο

2001 976 2167 1027 Opere
2216 978 2352 1026 suo;
2389 971 2443 1016 et
2488 963 2805 1031 quicunque
2853 965 3223 1030 precabuutur
3274 963 3438 1016 Deum
3483 980 3578 1031 per

321 1080 426 1127 σιν,
457 1066 516 1118 ἐν
558 1064 827 1139 θαλάσσῃ,
871 1070 929 1120 ἐν
953 1072 1045 1139 γῇ,
1097 1071 1156 1121 ἐν
1189 1069 1429 1139 φυλακῇ,
1459 1071 1517 1123 ὲν
1550 1048 1898 1143 αἰχμαλωσίᾳ

2001 1048 2451 1102 intercessionem
2497 1060 2667 1113 tuam,
2719 1048 2771 1101 in
2823 1049 3137 1113 solitudine,
3176 1049 3230 1102 in
3277 1054 3573 1116 montibus,

413 1123 421 1127 -
778 1123 826 1139 ιι-
964 1123 1044 1139 ιη’
1202 1123 1215 1139 ο
1379 1123 1429 1139 αι’
1611 1123 1661 1140 δι
1766 1123 1791 1124 Η
1847 1123 1893 1143 ⁷ἶ⁷

322 1155 595 1224 σωτηρίαν
624 1156 775 1227 παρά
809 1156 901 1210 σοῦ
931 1159 1250 1227 κομιοῦνται
1273 1176 1284 1187 ο
1312 1160 1448 1213 πᾶσί
1475 1177 1532 1212 τε
1557 1159 1896 1230 θλιϐομένοις

2001 1136 2160 1198 mari,
2192 1144 2358 1202 terra,
2403 1149 2646 1196 carcere,
2677 1138 2945 1190 servitute
2985 1136 3331 1196 exsistet-tes,
3377 1137 3581 1192 Sonitu-

322 1245 423 1317 ἐστι
468 1225 780 1321 καταφυγή,
816 1251 910 1303 καὶ
952 1225 1231 1322 χαίρουσιν
1275 1251 1567 1318 ἀσφάλεια,
1596 1258 1691 1306 καὶ
1714 1225 1836 1317 -πᾶς

2001 1231 2107 1278 tem
2158 1240 2253 1294 per
2297 1233 2350 1279 te
2406 1226 2805 1294 recuperabunt
2846 1241 2859 1276 :
2898 1225 3152 1280 omnibus
3202 1225 3476 1282 aluit-talis
3517 1236 3580 1281 tu

324 1340 705 1403 πεπιστευκὼς
756 1341 942 1395 δοῦλον
998 1342 1255 1396 ἐκλεκτὸν
1303 1339 1441 1397 εἷναί
1493 1361 1552 1397 σι
1608 1344 1765 1403 Θεοῦ.
1803 1346 1897 1398 ἐπὶ

2001 1313 2115 1368 eris
2146 1311 2437 1383 refugium,
2458 1311 2823 1381 gaudentibus
2848 1311 3105 1366 omnibus
3136 1314 3408 1367 securitas
3430 1316 3578 1370 eris:
3644 1368 3653 1371 _

1750 1386 1765 1464 ,'
2002 1401 2252 1473 quisquis
2280 1400 2572 1454 crediderit
2596 1387 2828 1453 elecfum
2861 1398 2954 1451 Dei
2987 1414 3204 1453 servum
3236 1414 3357 1454 esse
3384 1411 3463 1464 te,
3489 1416 3585 1454 sn—

2000 1505 2097 1560 per
2122 1488 2415 1542 draconem
2445 1498 2497 1541 et
2524 1487 2842 1542 basiliscum
2875 1488 3173 1555 gradietur,
3201 1498 3255 1542 et
3277 1488 3584 1543 artibulabit

2002 1592 2167 1647 super
2198 1585 2480 1645 serpentes
2522 1585 2578 1628 et
2620 1575 2960 1644 sem-pioncs,
3010 1576 3262 1643 superior
3305 1578 3453 1631 omni
3489 1592 3588 1631 vc-

2002 1682 2144 1721 neno
2169 1664 2398 1719 inimici.
2426 1664 2523 1718 llis
2551 1664 2735 1724 dictis,
2784 1664 3037 1718 abierunt
3085 1664 3298 1735 angeli;
3341 1666 3581 1737 Symeon

2001 1764 2183 1809 autem
2214 1768 2280 1807 ex
2307 1754 2399 1806 illo
2428 1763 2671 1821 tempore
2700 1753 2946 1820 pluribus
2990 1752 3154 1805 etiam
3186 1756 3577 1807 miraculorum

2001 1844 2190 1912 gratiis
2220 1843 2446 1903 allluxit,
2475 1842 2611 1895 adeo
2646 1851 2703 1894 ut
2731 1842 2891 1896 ca-cis
2925 1856 3021 1910 per
3052 1844 3225 1896 solam
3259 1843 3429 1912 ipsius
3458 1860 3581 1912 prc-

2001 1932 2271 1983 catiunem
2326 1929 2505 1982 lumen
2554 1927 2837 1980 oculorum
2884 1930 3295 1988 concederetur.
3355 1931 3462 1987 Sed
3515 1948 3577 1988 ea

2005 2031 2151 2069 nunc
2180 2015 2455 2085 sigillatim
2492 2031 2905 2086 prosequamur.
3056 2028 3061 2032 ‘

280 1492 285 1501 .
324 1429 523 1482 ἀσπίδα
554 1430 649 1484 καὶ
678 1431 991 1501 βασιλίσκον
1028 1434 1370 1503 ἐπιϐήσεται,
1395 1434 1492 1487 καὶ
1525 1438 1757 1507 πατήσει
1796 1438 1896 1490 ἐπ-

324 1520 437 1573 άνω
455 1519 631 1587 δφεων
658 1523 751 1574 καὶ
776 1524 1073 1594 σκορπίων,
1098 1524 1191 1578 καὶ
1215 1526 1309 1577 ἐπὶ
1340 1527 1519 1580 πᾶσαν
1546 1527 1641 1598 τὴν
1670 1526 1898 1599 δύναμιν

321 1608 416 1663 τοῦ
446 1611 661 1682 ἐχθροῦ.
696 1613 883 1667 Ταῦτα
916 1617 962 1667 οἱ
1005 1615 1106 1685 μὲν
1139 1616 1405 1680 εἰπόντες,
1434 1617 1699 1686 ἀπῆλθον,
1737 1618 1814 1687 τῷ
1841 1619 1896 1671 δὲ

323 1700 546 1770 Συμεὼν
566 1702 645 1754 ἔτι
670 1703 869 1773 μᾶλλον
893 1705 951 1771 ἐξ
989 1705 1201 1760 ἐκείνου
1232 1708 1299 1760 τά
1328 1707 1581 1777 θαύματα
1604 1708 1772 1761 πλείω
1805 1710 1900 1761 ἐπι

323 1794 493 1864 έρρει,
537 1794 610 1855 ὼς
668 1797 761 1849 καὶ
808 1797 1028 1865 τυφλοῖς
1079 1798 1373 1870 ὀφθαλμῶν
1428 1800 1545 1869 φῶς
1594 1800 1680 1854 διὰ
1726 1800 1898 1871 μόνης

323 1880 529 1936 ἐκείνου
556 1884 859 1956 προσευχῆς
883 1888 1231 1958 χαρισθῆναι.
1940 1899 1953 1949 I

1758 2170 1992 2228 CAPUT
2031 2167 2138 2222 ΠΙ.

532 2346 794 2402 Hii-arula
822 2350 962 2402 circa
995 2364 1393 2417 encrgamcuos,
1430 2357 1714 2412 mortuum,
1748 2355 1797 2401 et
1835 2347 2125 2414 veneﬁcia;
2156 2346 2265 2402 alia
2300 2363 2393 2417 per
2423 2347 2706 2417 discipulos
2729 2349 2916 2420 facta;
2949 2350 3206 2405 mirabilis
3239 2353 3388 2406 visio.

2424 2464 2459 2499 ἢ

390 2530 493 2586 να’.
529 2532 648 2584 ἰνα
698 2530 755 2583 δὲ
800 2531 896 2583 καὶ
961 2530 1029 2584 τὰ
1076 2529 1201 2584 καθ’
1249 2528 1479 2583 ἕκαστον
1550 2528 1889 2597 ἐπεξίοιμεν,

2072 2528 2164 2585 5|.
2218 2529 2467 2585 Accessit
2513 2530 2635 2586 viro
2678 2539 2868 2587 sancto
2901 2530 3103 2585 mulier
3152 2529 3424 2598 quaedam,
3451 2545 3576 2599 qua!

320 2620 594 2692 προσῆλθε
619 2639 701 2683 τις
744 2620 891 2691 αὐτῷ
924 2621 1080 2692 γυνὴ,
1112 2621 1297 2674 τέκνον
1324 2620 1522 2675 ἄλαλον
1570 2622 1671 2674 καὶ
1698 2619 1892 2688 δαίμο-

2001 2635 2235 2690 puerum
2279 2631 2492 2677 mutum
2551 2631 2610 2679 et
2637 2624 2885 2678 daemone
2943 2622 3229 2675 obsessum
3296 2619 3575 2675 habebat:

319 2728 372 2765 νι
405 2713 637 2780 κάτοχον
689 2709 888 2780 ἔχουσα
912 2726 926 2741 ο
962 2715 1055 2762 καὶ
1085 2712 1117 2780 ή
1154 2710 1254 2780 μὲν
1318 2709 1743 2779 ἐπιτεθειμένην
1796 2708 1896 2778 τὴν

2001 2730 2238 2785 cumque
2268 2716 2612 2771 oblirmatam
2667 2717 2963 2771 fenestram
2986 2715 3415 2791 conspicaretur,
3448 2728 3584 2783 pue-

321 2800 512 2872 θυρίδα
564 2799 768 2862 ίδοῦσα,
815 2800 996 2867 τίθησι
1077 2801 1235 2855 τοῦτο
1292 2800 1442 2871 παρὰ
1471 2803 1536 2871 τῇ
1597 2799 1688 2852 τοῦ
1719 2799 1897 2863 κίονος

2005 2823 2126 2860 rum
2159 2806 2226 2861 ad
2257 2807 2527 2863 columnae
2567 2808 2725 2862 basin
2769 2807 3018 2873 deponit.
3073 2805 3350 2861 Continuo
3396 2812 3582 2859 autem

323 2892 478 2964 βάσει
503 2909 516 2924 ·
547 2893 888 2963 παραχρῆμα
915 2893 969 2945 δὲ
1000 2888 1087 2947 οἷά
1117 2910 1200 2956 τις
1231 2892 1529 2962 ἐξέλαμψεν
1551 2889 1758 2944 ἄνωθεν
1793 2888 1899 2943 ἀπὸ

2007 2907 2265 2967 tanquam
2289 2898 2475 2969 fulgur
2501 2899 2741 2968 desuper
2767 2914 2798 2953 e
2859 2898 3061 2953 melote
3111 2896 3400 2968 Symeonis
3442 2895 3585 2950 emi-

320 2986 421 3057 τῆς
456 2986 707 3057 μηλωτῆς
737 2985 1015 3056 ἀστραπὴ,
1043 2989 1109 3053 τῇ
1145 2985 1200 3038 δὲ
1229 2981 1360 3058 ἧλος
1401 2983 1727 3048 συνέζευκτο
1757 3021 1772 3044 ,
1805 2982 1899 3034 καὶ

2005 2989 2141 3053 cuit,
2181 2990 2270 3043 cui
2302 2989 2522 3044 additus
2556 3004 2725 3044 sonus
2750 2988 3050 3057 auditaque
3081 2995 3208 3057 post
3234 2996 3447 3057 tergum
3480 3001 3586 3041 vox

322 3078 477 3148 φωνὴ
498 3078 728 3132 κατόπιν
753 3075 1003 3146 ὴκούετσ
1034 3075 1277 3141 Ἔξελθε,
1311 3075 1374 3128 τὸ
1396 3074 1708 3144 ἀκάθαρτον
1735 3070 1899 3125 πνεῦ-

2004 3090 2107 3147 est,
2143 3096 2266 3151 quae
2303 3081 2560 3136 dicebat:
2590 3081 2711 3144 Exi,
2741 3080 3113 3150 impurissime
3139 3080 3388 3149 Spiritus,
3416 3078 3575 3149 luga-

327 3185 408 3239 μα
428 3209 442 3232 ,
471 3167 798 3236 διωκόμενον
830 3166 932 3220 ὑπὸ
955 3165 1191 3237 Χριστοῦ
1222 3164 1311 3218 διὰ
1342 3165 1441 3234 τῆς
1475 3165 1533 3217 ἐν
1564 3163 1643 3232 τῷ
1675 3160 1901 3232 Συμεὼν

2005 3180 2095 3227 tus
2119 3188 2147 3225 a
2183 3171 2403 3227 Christo
2426 3188 2524 3241 per
2548 3173 2780 3242 gratiam
2838 3170 3148 3241 Symeonis.
3181 3170 3257 3224 Ita
3294 3185 3439 3238 puer
3463 3168 3570 3222 du-

323 3261 567 3331 χάριτος,
604 3259 842 3327 λέγουσα
874 3276 885 3289 ο
916 3260 1011 3311 καὶ
1036 3261 1063 3311 ὁ
1088 3260 1215 3319 παῖς
1246 3257 1356 3310 ἀπὸ
1389 3257 1489 3327 τῆς
1515 3255 1712 3323 διπλῆς
1736 3254 1900 3315 εὐθὺς

2003 3262 2166 3333 plicis
2194 3262 2321 3317 mali
2346 3262 2695 3317 curationem
2734 3260 2970 3330 accepit,
3006 3276 3113 3314 non
3149 3268 3362 3314 tantum
3416 3275 3583 3313 vexa-

327 3351 446 3405 ιᾶτο
471 3349 756 3419 μάστιγος,
797 3348 857 3401 οὐ
888 3349 986 3416 τῆς
1013 3347 1107 3401 τοῦ
1145 3347 1401 3417 δαίμονος
1438 3346 1601 3415 μόνον
1635 3344 1898 3415 ἐπηρείας

2007 3356 2156 3409 tione
2212 3354 2478 3409 daemonis
2534 3354 2822 3416 liberatus.
2885 3351 2980 3406 sed
3029 3352 3176 3405 clara
3226 3351 3394 3404 etiam
3453 3365 3588 3403 voce

329 3437 773 3508 ἀπηλλαγμένος,
810 3438 948 3492 ἀλλὰ
985 3438 1080 3494 καὶ
1122 3437 1352 3508 λαμπρᾷ
1391 3435 1606 3509 γλώττῃ
1647 3434 1780 3488 Θεὸν
1811 3436 1905 3487 καὶ

2007 3445 2180 3499 Deum
2213 3445 2416 3513 pariter
2436 3459 2501 3498 ac
2528 3443 2791 3497 famulum
2817 3442 2938 3511 ejus
2966 3441 3346 3513 magniﬁcans.
3380 3440 3587 3494 Deinde

324 3531 417 3585 τὸν
449 3530 613 3585 αὐτοῦ
656 3530 964 3603 θεράποντα
1016 3528 1365 3601 μεγαλύνων.
1401 3528 1557 3582 Μετά
1621 3529 1677 3582 δὲ
1734 3528 1907 3582 ταῦτα

2006 3537 2223 3592 accedit
2252 3536 2339 3590 vir
2390 3535 2617 3606 quidam
2640 3550 2672 3589 e
2699 3534 3045 3603 Cappadocia
3100 3531 3396 3595 oriundus,
3430 3530 3524 3599 qui
3556 3546 3588 3585 ι

328 3620 581 3690 πρόσεισί
611 3638 693 3685 τις
727 3621 867 3692 ἀνὴρ
896 3620 1045 3692 αὑτῷ
1091 3621 1193 3689 τῆς
1224 3618 1615 3674 Καππαδοκῶν
1640 3618 1903 3690 ὼρμημέ·

2006 3628 2215 3684 diﬂlcili
2265 3626 2514 3681 daemone
2565 3623 2808 3694 graviter
2863 3623 3249 3692 torquebatur.
3305 3621 3585 3676 clamans:

325 3733 416 3781 νος
445 3717 658 3786 δαίμονι
687 3715 874 3780 δεινῶς
925 3717 1272 3785 ἐταζόμενος,
1318 3713 1569 3782 Ἐλέησόν
1616 3730 1705 3782 με,
1753 3710 1906 3765 δοῦλε

2006 3718 2266 3772 Miserere
2293 3716 2421 3779 mei,
2445 3729 2604 3769 serve
2642 3713 2764 3777 Dei,
2794 3713 2921 3781 quia
2944 3728 2974 3766 a
3008 3712 3257 3766 daemone
3306 3710 3584 3779 perimor:

326 3808 421 3862 τοῦ
451 3807 608 3874 Θεοῦ,
631 3806 975 3879 κράξων,ῠπδ
997 3807 1245 3876 δαίμονος
1273 3804 1674 3875 θανατούμενον
1701 3820 1714 3834 ·
1743 3802 1908 3855 τοῦτο

2007 3809 2172 3879 idque
2205 3807 2380 3862 tribus
2413 3804 2611 3860 diebus
2634 3804 2918 3860 continuis
2980 3802 3235 3857 factitare
3271 3815 3591 3870 persevera-

327 3895 386 3952 δὲ
426 3896 519 3952 καὶ
548 3899 629 3961 είς
676 3896 873 3967 τρίτην
906 3897 1029 3967 ἐξής
1053 3897 1270 3966 ἡμέραν
1311 3897 1546 3967 ἐπέμενε
1588 3893 1749 3964 δρῶν.
1794 3894 1904 3945 Πα-

2007 3899 2120 3953 bat.
2142 3896 2390 3965 Cumque
2429 3894 2648 3949 tandem
2701 3891 3081 3964 prospexisset
3128 3900 3355 3944 sanctus
3406 3890 3589 3959 impu-

330 3984 581 4058 ρακύψας
628 3984 807 4039 τοίνυν
836 3988 864 4040 ό
898 3986 1042 4057 ἱερὸς
1104 3984 1356 4054 Συμεὼν,
1383 3985 1461 4056 τῷ
1502 4002 1563 4039 τε
1629 3982 1906 4051 πνεύματι

2008 4002 2241 4056 rumque
2271 3985 2526 4060 spiritum
2575 3984 2965 4053 increpuisset,
3003 3979 3203 4034 deinde
3258 3988 3313 4033 et
3346 3979 3585 4048 particu-

327 4075 409 4147 τῷ
441 4076 738 4149 ἀκαθάρτῳ
793 4078 1151 4149 ἐπιτιμήσας,
1179 4072 1299 4132 εἶτα
1359 4077 1455 4131 καλ⁸
1510 4075 1818 4148 κράσπεδόν
1855 4091 1909 4126 τι

2006 4080 2113 4135 lam
2150 4079 2293 4134 sacci
2322 4078 2405 4131 sui
2433 4092 2534 4145 pro
2579 4076 2821 4130 amuleto
2851 4073 3097 4128 dedisset
3151 4070 3384 4136 homini,
3435 4072 3591 4126 inco-

327 4166 423 4221 τοῦ
461 4167 662 4221 οἰκείου
692 4169 897 4221 σάκκου
927 4168 1299 4240 φυλακτήριον
1317 4166 1399 4237 τῷ
1426 4166 1582 4238 ἀνδρὶ
1628 4163 1904 4226 δεδωκὼς,

2008 4169 2369 4227 lumeinillum
2386 4168 2610 4222 domum
2627 4165 2854 4221 dimisit.
2884 4163 2931 4218 is
2955 4173 3137 4218 autem
3153 4162 3208 4216 in
3225 4177 3587 4232 quoscunque

330 4259 460 4330 ὑγιῆ
516 4259 704 4313 τοῦτον
751 4258 936 4313 οἴκαδε
976 4257 1225 4313 ἀπολύει.
1272 4253 1331 4312 '0
1359 4258 1417 4311 δὲ
1468 4251 1549 4320 οἷς
1589 4257 1654 4311 ἂν
1683 4254 1900 4326 ἐντύχοι

2008 4263 2295 4319 incidisset
2320 4260 2487 4316 simili
2522 4260 2667 4314 malo
2692 4259 3010 4314 laborantes
3034 4255 3165 4324 (jam
3188 4254 3336 4308 enim
3358 4268 3425 4308 ex
3448 4253 3592 4307 malo

330 4352 495 4407 πάλιν
528 4351 726 4422 ὁμοίως
756 4351 1025 4420 πάσχουσι
1055 4348 1412 4421 (πεπιίδευτο
1444 4348 1557 4419 γάρ
1596 4347 1658 4400 τὸ
1690 4363 1910 4416 συμπαο

2007 4372 2109 4412 suo
2161 4356 2393 4410 aliorum
2427 4351 2676 4408 misereri
2703 4347 3027 4412 didicerat),
3056 4346 3241 4400 datam
3272 4344 3377 4400 sibi
3427 4344 3596 4415 parti-

332 4445 424 4507 θές
491 4444 550 4512 ἐξ
574 4437 649 4499 ὧν
682 4442 992 4513 πέπονθεν),
1019 4442 1254 4512 ἑτοίμως
1296 4440 1357 4493 τὸ
1394 4438 1548 4493 δοοέν
1578 4438 1855 4509 μετεδίδου
1890 4455 1903 4468 ·

2008 4444 2187 4504 cuiam
2225 4462 2350 4501 cmn
2404 4444 2514 4499 illis
2569 4450 2831 4513 prompte
2884 4439 3372 4496 communicabat:
3419 4438 3597 4507 quiet

332 4536 385 4593 οἶ
416 4510 719 4610 θεραπείας
738 4538 832 4592 καὶ
868 4535 1023 4590 αὐτοὶ
1046 4535 1431 4604 τυγχάνοντες,
1450 4533 1526 4601 τῷ
1550 4531 1716 4602 κοινῷ
1746 4548 1910 4600 προτ-

2009 4538 2112 4607 ipsi
2138 4534 2391 4592 sanitatis
2424 4510 2724 4603 participes
2742 4510 2900 4594 lacti,
2927 4529 2996 4584 ad
3028 4543 3379 4598 communem
3427 4527 3597 4581 bene-

332 4630 502 4704 ῄεσαν
526 4631 791 4702 εὐεργέτῃ
825 4628 964 4701 Θεῷ,
989 4629 1082 4681 καὶ
1111 4626 1259 4697 αὐτῷ
1274 4626 1372 4688 τὰς
1397 4623 1746 4695 εὐχαριστίας
1772 4623 1907 4674 ἀπο-

2010 4627 2272 4682 l'actorem
2306 4624 2498 4689 Deum,
2521 4622 2725 4693 gratias
2745 4620 2947 4691 acturi,
2985 4636 3045 4675 se
3070 4619 3468 4689 conferebant.

332 4689 586 4782 διδόντες.
624 4689 635 4702 ’
670 4689 683 4700 ’
764 4689 791 4702 ﬂ
916 4689 961 4701 ’⁷
1231 4689 1244 4697 ⁷
1462 4689 1494 4695 Π
1537 4689 1549 4695 -
1941 4689 1985 4743 ί)

404 4810 503 4880 νβ’.
536 4809 773 4863 Νεανίαν
820 4809 943 4862 τινὰ
993 4807 1202 4879 δαίμων
1251 4803 1506 4860 τοσοῦτον
1549 4803 1804 4874 ⁴ήνώχλει,
1832 4801 1907 4866 ὡς

2078 4803 2456 4860 52.1uvenem
2503 4799 2799 4871 quemdam
2838 4797 3180 4853 horrendum
3207 4796 3347 4850 adeo
3393 4795 3449 4848 in
3477 4808 3599 4847 mo-

336 4900 549 4974 ρίπτειν
617 4900 807 4953 ἐαυτὸν
870 4900 1014 4955 κατά
1081 4899 1208 4969 γῆς,
1270 4898 1363 4951 καὶ
1438 4895 1558 4949 λίαν
1584 4894 1911 4966 ἀσχημόνως

2008 4894 2140 4949 dum
2179 4891 2480 4948 infestabat
2538 4889 2777 4953 daemon,
2830 4896 2891 4943 ut
2938 4886 3094 4941 humi
3153 4901 3212 4940 se
3283 4885 3597 4956 projiceret,

336 4992 695 5064 σπαράττειν,
726 4990 825 5063 ήδη
860 4990 915 5043 δὲ
959 4992 1055 5044 καὶ
1083 4990 1181 5060 τῆς
1207 4987 1415 5050 οίκείας
1448 4985 1697 5055 γλώττης
1745 4983 1910 5037 ἐλεει-

2014 4986 2249 5057 turpiter
2277 4983 2555 5055 unguibus
2584 4982 2881 5044 laceraret,
2909 4978 3157 5048 linguam
3224 4975 3390 5030 etiam
3443 4990 3599 5031 suam

335 5084 446 5148 νῶς
507 5082 913 5153 παρατρὼγειν.
951 5081 1153 5135 Τοῦτον
1201 5079 1496 5149 τοιγαροῦν
1523 5077 1602 5148 τῷ
1632 5077 1764 5148 θείῳ
1807 5077 1911 5129 Συ-

2018 5073 2408 5132 miserabiliter
2455 5081 2695 5128 voraret.
2750 5069 2982 5124 lsthunc
3040 5066 3320 5121 infelicem
3381 5064 3602 5120 divinus

340 5175 487 5246 μεὼν
511 5172 897 5245 προσελθόντα,
926 5174 1023 5226 καὶ
1047 5171 1265 5242 θερμῶς
1285 5169 1452 5222 αὑτοῦ
1481 5163 1917 5237 καταδεηθέντσιξ⁵

2021 5168 2259 5239 Symeon
2291 5165 2359 5221 ad
2388 5180 2446 5221 se
2480 5178 2855 5235 progressum,
2875 5161 3263 5229 ferventerque
3290 5157 3603 5228 deprecan-

340 5268 658 5337 ἐπιτιμήσει
709 5266 852 5319 κατά
898 5263 994 5316 τοῦ
1048 5261 1284 5333 πονηροῦ
1338 5259 1687 5331 πνεύματος,
1737 5260 1918 5312 τοῦτον

2022 5269 2156 5322 tem,
2180 5259 2445 5329 castigato
2474 5256 2661 5311 verbis
2690 5255 2833 5309 malo
2857 5252 3079 5323 spiritu,
3129 5251 3352 5313 liberat,
3384 5257 3441 5304 et
3467 5263 3603 5303 con-

340 5356 675 5411 ἀπαλλάττει
698 5355 791 5407 τοῦ
818 5352 1184 5423 ἐνοχλοῦντος,
1207 5352 1302 5405 καὶ
1319 5351 1489 5419 ὑγιῶς
1508 5340 1709 5403 ἀὐτίκα
1727 5349 1918 5410 δείκνυ,

2024 5352 2207 5408 festim
2232 5351 2529 5406 bellissime
2557 5349 2851 5403 habentem
2896 5345 3141 5401 exhibet.
3197 5342 3606 5399 Antiochenam

345 5466 432 5503 σιν
462 5449 672 5519 ἔχοντα.
691 5446 968 5517 Ἀντιοχέα
995 5444 1117 5497 τινὰ
1142 5446 1359 5514 κατεῖχε
1388 5444 1518 5516 περὶ
1543 5443 1634 5495 τὸν
1663 5443 1918 5515 στόμαχοι

2028 5440 2322 5513 quemdam
2364 5438 2632 5493 stomachi
2686 5436 2845 5490 dolor
2890 5435 3189 5498 invaserat,
3239 5442 3349 5487 tam
3411 5429 3607 5485 acerbe

345 5541 515 5604 τάθος
536 5581 551 5606 ,
581 5538 724 5595 οὕτω
746 5539 933 5600 δεινῶς
959 5536 1125 5594 αὐτοῦ
1148 5538 1387 5605 ,στρέψον
1413 5537 1480 5590 τὰ
1509 5536 1657 5590 ἔνδον
1679 5578 1693 5602 ,
1723 5535 1799 5600 ὡς
1840 5538 1918 5590 κα¹

2030 5531 2295 5586 intestina
2318 5545 2573 5594 versans,
2606 5536 2668 5582 ut
2700 5535 2861 5582 terra:
2889 5526 3091 5595 saepius
3116 5524 3443 5578 allidcretnr
3484 5530 3606 5575 tan-
3676 5590 3681 5595 _

343 5633 423 5701 τῷ
469 5633 653 5702 ἐδάφει
704 5630 1103 5706 προσερρίφθαι
1151 5630 1409 5694 πολλάκις
1427 5671 1441 5697 ,
1469 5626 1558 5684 οἷά
1582 5646 1687 5683 τινι
1716 5629 1918 5700 δαίμονι

2025 5639 2191 5694 quam
2217 5638 2248 5677 a
2279 5622 2523 5677 daemone
2549 5628 2876 5693 prostratus.
2896 5618 2949 5674 Is
2976 5618 3164 5687 itaque
3194 5623 3446 5672 sanctum
3470 5613 3606 5677 adit.

346 5726 847 5798 λαταδεόλημένον.
886 5720 1053 5789 Οὗτος
1104 5724 1391 5794 τοιγαροῦν
1443 5724 1801 5794 προσέρχεται
1856 5722 1918 5792 τιῖ

2024 5714 2281 5786 lacrymis
2306 5720 2513 5769 testans
2533 5711 2718 5767 cordis
2745 5724 3003 5780 angores,
3036 5707 3217 5778 iisque
3270 5704 3441 5762 levari
3478 5719 3609 5776 pre-

346 5819 751 5893 ἀγίῳ,δάκρνσι
775 5819 991 5891 μηνύων
1014 5818 1108 5889 τὴν
1128 5818 1326 5888 καρδία
1337 5838 1350 5883 ξ
1371 5818 1582 5891 ὀδύνην,
1600 5818 1691 5872 καὶ
1714 5816 1804 5871 τοῦ
1830 5815 1918 5871 πά·

2027 5807 2204 5866 cando
2227 5805 2597 5863 contendens:
2623 5801 2825 5874 quibus
2850 5812 3109 5859 exoratus
3161 5799 3421 5874 Symcon,
3456 5811 3609 5873 orato
