4026 6292
509 359 653 421 3ηὸ

1733 371 1797 436 S.
1840 370 2139 430 SYMEON
2159 369 2227 429 IS
2263 372 2624 434 JUNIORIS

3668 341 3784 438 3036

508 484 766 539 pannosae
789 470 958 526 vestis
989 487 1102 527 sure
1133 475 1400 546 porrigit;
1443 493 1677 547 moxque
1728 479 2084 538 incolumitas

2211 483 2314 543 leo;
2372 482 2760 554 ἀπαλλαγῆναι
2816 483 3093 553 δεόμενος.
3163 484 3222 539 '0
3249 483 3315 536 es
3353 480 3496 552 πρὸς
3521 482 3617 546 τὰς
3642 484 3780 538 αὐτοῦ

506 559 786 616 dolentem
815 563 1198 632 consequitur.

581 833 671 890 55.
713 833 888 888 Homo
908 835 1155 904 quidam,
1200 837 1360 907 cujus
1385 837 1524 892 forte
1550 839 1862 894 exstinctus
1889 847 2007 894 erat
2033 839 2096 894 ﬁ-

509 925 641 981 lius.
675 923 905 978 ﬁrmiter
927 925 1031 979 sibi
1049 927 1408 994 persuadens,
1429 927 1566 981 nihil
1593 943 1690 997 per
1712 938 1964 984 sanctum
1983 945 2096 983 non

513 1017 947 1086 impetrandum,
974 1019 1121 1087 quod
1152 1035 1182 1072 a
1207 1019 1318 1073 Deo
1349 1020 1683 1089 postulasset
1703 1021 1987 1090 (quoniam
2022 1021 2098 1076 ita

512 1119 712 1163 natura
749 1119 1129 1178 comparatum
1151 1122 1258 1172 est,
1297 1121 1356 1165 ut
1385 1111 1530 1180 quod
1557 1112 1821 1166 ardenter
1850 1114 1976 1183 quis
1998 1129 2096 1168 ex-

510 1201 668 1270 petit,
702 1201 756 1254 id
781 1203 1073 1270 impetrato
1102 1201 1264 1256 facile
1285 1203 1522 1270 credat),
1559 1203 1711 1258 illico
1737 1205 1804 1258 ad
1839 1205 2096 1259 divinum

512 1289 842 1362 Symeonem
905 1293 1184 1356 accurrit,
1239 1292 1492 1348 dolenter
1553 1295 1799 1364 plorans,
1845 1296 2096 1367 ejulans,

513 1385 798 1454 plangens,
829 1386 1126 1455 multisque
1149 1388 1272 1442 aliis
1291 1388 1470 1442 modis
1493 1397 1657 1458 atque
1688 1389 1849 1445 factis
1900 1401 2095 1446 aestum

512 1475 701 1529 cordis
727 1474 811 1528 sui
854 1476 1204 1544 exprimens;
1254 1477 1603 1548 clamatque:
1663 1478 1922 1533 Miserere
1967 1479 2109 1545 mei,

514 1583 676 1622 serve
706 1569 824 1633 Dei,
855 1567 1126 1624 miserere
1157 1569 1254 1624 ﬁlii
1305 1571 1435 1635 mei,
1492 1571 1628 1625 mihi
1687 1587 1868 1642 nuper
1921 1579 2101 1627 morte

516 1662 924 1732 crepti;qucm
975 1663 1262 1729 nondum,
1335 1664 1416 1718 uti
1467 1664 1778 1719 communis
1823 1663 2104 1720 defunctis

515 1755 602 1808 lex
629 1754 818 1824 exigit,
849 1754 902 1808 in
927 1755 1244 1826 sepulcrum
1298 1755 1494 1820 intuli,
1534 1765 1639 1811 nec
1663 1755 1962 1826 quidquam
1991 1767 2103 1811 ter-

2197 570 2411 640 δεήσεις
2439 574 3137 646 ἐπικλασθεὶς,κράσπεδόν
3200 593 3252 628 τι
3305 573 3411 626 τοῦ
3457 573 3658 625 οἰκείου
3706 575 3784 645 ῥά·

2199 679 2329 727 κους
2383 663 2588 736 ὀρέγει,
2641 666 2738 719 καὶ
2787 668 2948 720 τοῦτο
2982 665 3250 736 θεραπεία
3310 665 3666 735 παραχρῆμα
3720 665 3782 735 τῷ

2199 754 2460 824 πάσχοντι
2485 757 2720 824 γίνεται.

2270 853 2371 916 νγ³.
2417 847 2718 920 Ἀνθρώπῳ
2745 851 2852 903 τινὶ
2888 849 3091 920 συνέϐη
3114 849 3206 903 τὸν
3230 851 3358 903 υἱὸν
3389 849 3731 918 τελευτῆσαι,
3759 851 3782 902 ὸ

2199 936 2258 990 δὲ
2295 937 2464 1008 μηδὲν
2492 939 2776 992 ἀδυνατεῖν
2819 938 2900 1010 τῷ
2957 939 3100 1007 ἁγίῳ
3123 937 3414 992 πιστεύων
3440 939 3583 1002 ὅπερ
3614 936 3674 988 ἂν
3706 935 3782 988 τοῦ

2200 1027 2337 1080 Θεοῦ
2367 1027 2584 1100 δεηθείη
2624 1029 2770 1101 (ἐπεὶ
2793 1031 2888 1083 καὶ
2923 1030 3135 1098 πέφυκε
3170 1030 3360 1100 φύσει,
3403 1030 3520 1082 πᾶν
3546 1027 3574 1082 ὃ
3607 1027 3782 1096 σφόδρα

2204 1117 2453 1189 βούλεταί
2504 1137 2607 1185 τις,
2669 1121 2830 1174 τοῦτο
2861 1121 2957 1174 καὶ
3003 1121 3204 1194 ῥᾳδίως
3249 1119 3596 1187 πιστεύειν),
3645 1117 3782 1183 εὐθὺς

2202 1214 2355 1282 παρὰ
2375 1213 2468 1266 τὸν
2499 1212 2644 1267 θεῖον
2687 1213 2911 1285 Συμεὼν
2945 1215 3238 1286 ἀποτρέχει
3259 1255 3276 1277 ,
3317 1213 3533 1268 κλαίων
3573 1211 3778 1282 πικρῶς,

2203 1305 2494 1370 ὀλολύζων.
2532 1307 2891 1376 κοπτόμενος,
2929 1309 3024 1362 καὶ
3062 1307 3278 1371 πολλοῖς
3329 1307 3524 1369 ἄλλοις
3566 1303 3781 1374 σχήμασί

2203 1415 2264 1452 τε
2304 1401 2400 1452 καὶ
2427 1399 2720 1470 πράγμασι
2747 1402 2875 1464 τοὺς
2907 1399 3194 1462 καύσωνας
3227 1400 3335 1468 τῆς
3370 1397 3606 1469 καρδίας
3626 1411 3780 1464 παρα·

2207 1488 2489 1558 σημαίνων
2507 1505 2520 1524 ν
2559 1490 2814 1560 Ἐλέησόν
2838 1507 2926 1560 με,
2945 1488 3098 1542 δοῦλε
3120 1487 3214 1541 τοῦ
3237 1485 3410 1544 Θεοῦ.
3437 1486 3630 1554 λέγων,
3653 1483 3780 1549 ἐλέη-

2206 1597 2298 1634 σον
2325 1579 2450 1650 ἄρτι
2491 1581 2706 1651 θανάτῳ
2763 1581 2856 1634 τὸν
2880 1580 3046 1634 παῖδα
3069 1577 3454 1650 ζημιωθέντα,
3485 1573 3547 1628 ὃν
3576 1571 3686 1627 οὐδὲ
3714 1570 3778 1640 τῷ

2206 1672 2370 1739 κοινῷ
2414 1672 2524 1726 τῶν
2574 1671 2916 1743 τεθνηκότων
2963 1671 3170 1741 ἔθαψαν
3203 1671 3385 1741 νόμῳ,
3416 1667 3542 1721 οὐδὲ
3579 1669 3672 1735 γῆν
3695 1665 3778 1716 ἐπ-

2206 1764 2398 1818 έϐαλον
2419 1765 2518 1834 ἤδη
2549 1764 2811 1834 κειμένῳ,
2837 1764 3106 1819 πιστεύων
3129 1765 3205 1828 ὠς
3231 1764 3378 1832 ὅπερ
3408 1761 3478 1815 ἂν
3503 1760 3595 1814 καὶ
3617 1757 3772 1828 βούλῃ,

517 1863 591 1902 ne
616 1847 694 1901 illi
731 1847 928 1918 injeei;
961 1847 1197 1903 credens
1229 1849 1375 1919 quod
1409 1859 1465 1904 tu
1494 1833 1800 1919 perfectum
1829 1848 1926 1904 des
1955 1849 2102 1920 apud

2211 1855 2394 1919 ἀνύεις
2429 1833 2580 1928 παρὰ
2616 1833 2771 1926 Certo;
2804 1857 2866 1910 οὐ
2895 1856 3002 1927 μὴν
3034 1855 3168 1908 ἀλλὰ
3199 1853 3297 1907 καὶ
3327 1852 3556 1925 θαρρῶν
3597 1867 3682 1903 σου
3721 1850 3775 1917 τῇ

518 1941 712 2005 Deum,
793 1940 1064 2010 quidquid
1141 1941 1422 2006 volueris;
1481 1940 1822 2010 omninoque
1885 1940 2105 1996 conﬁdo

516 2035 585 2089 de
646 2033 989 2104 benignitate
1035 2041 1151 2097 tua,
1227 2032 1368 2089 forte
1417 2048 1488 2089 ne
1542 2033 1820 2103 deepieias
1877 2049 1964 2088 me
2015 2051 2108 2090 na-

521 2126 684 2180 turali
720 2125 774 2179 in
808 2125 978 2178 ﬁlium
1028 2140 1216 2179 amore
1249 2123 1378 2178 totis
1403 2124 1716 2202 visceribus
1751 2133 2102 2180 aestuantem.

519 2217 724 2271 Tactus
745 2215 1253 2274 counniseratione.
1299 2216 1630 2285 cognitoque
1657 2227 1872 2271 secreto
1907 2215 2108 2270 divinae

519 2309 707 2378 gratiae
740 2307 1026 2372 instinctu,
1061 2321 1406 2362 reversuram
1451 2307 1506 2360 in
1557 2323 1788 2377 puerum
1841 2308 2104 2372 animam,

519 2401 760 2455 surrexit
787 2413 952 2470 atque
982 2400 1048 2454 ad
1081 2411 1291 2470 patrem
1319 2415 1621 2454 conversus
1647 2417 1662 2456 ι
1696 2401 1865 2460 Vade,
1905 2400 2104 2470 inquit,

522 2495 577 2548 in
616 2493 842 2548 nomine
872 2493 1090 2547 Domini
1141 2493 1314 2546 nostri
1347 2491 1476 2548 Jesu
1506 2492 1750 2559 Christi,
1802 2492 1948 2548 ﬁlius
1981 2503 2108 2548 tuus

519 2585 676 2640 vivit.
705 2585 826 2649 Hic,
853 2585 990 2638 nihil
1019 2583 1087 2638 de
1114 2583 1221 2638 ﬁde
1245 2585 1542 2640 verborum
1573 2584 1794 2648 dubius,
1821 2583 2107 2640 celeritate

523 2699 630 2752 qua
653 2691 834 2753 potest
855 2682 1088 2736 maxima
1120 2680 1345 2735 domum
1367 2681 1594 2735 revertit
1619 2697 1632 2734 :
1665 2688 1722 2734 et
1757 2682 1899 2750 (quae
1922 2688 2105 2735 autem

521 2791 698 2842 mens,
724 2791 758 2830 o
780 2775 1108 2830 satculorum
1131 2775 1247 2829 Rex
1271 2773 1597 2827 immortalis
1617 2781 1674 2826 et
1696 2773 1876 2839 unice,
1898 2781 2108 2830 tantum

521 2865 848 2920 miraculum
882 2864 1355 2934 comprehendere
1385 2863 1564 2918 valeat
1587 2864 1640 2932 l)
1673 2863 1859 2918 vivum
1895 2863 2110 2918 invenit

523 2955 732 3022 ﬁlium;
763 2970 927 3026 quem
960 2955 1228 3010 continuo
1247 2963 1555 3023 acceptum,
1584 2961 1680 3007 aut
1702 2955 1888 3022 potius
1912 2965 2108 3024 praeter

521 3062 676 3117 spem
705 3057 1013 3116 receptum,
1045 3047 1244 3101 itinere
1277 3047 1505 3110 relecto,
1543 3045 1802 3117 Symeoni
1837 3046 2005 3102 sistit.
2047 3048 2108 3102 In

521 3156 660 3210 quas
681 3139 771 3194 hic
790 3154 960 3195 voces
981 3138 1427 3193 exsultabundus
1444 3153 1556 3191 non
1577 3139 1806 3193 resolvit
1828 3155 1891 3194 os
1911 3154 2072 3194 suum
2091 3140 2104 3191 l

522 3249 666 3302 quos
695 3233 750 3288 in
777 3232 914 3304 grati
956 3233 1126 3287 animi
1155 3231 1530 3289 testimonium
1565 3231 1802 3303 hymnos
1838 3231 1952 3287 Deo
1980 3247 2108 3287 san-

523 3335 722 3394 ctoque
777 3340 887 3379 non
934 3325 1137 3380 cecinit
1160 3325 1174 3380 ι

595 3415 684 3470 54.
719 3414 1194 3482 Quemadmodum
1241 3423 1425 3470 autem
1481 3431 1582 3486 par
1633 3423 1779 3482 erat,
1835 3415 2111 3486 proﬁcere

521 3516 732 3563 tantum
760 3508 934 3578 gratia
964 3507 1316 3579 Symeonem,
1344 3516 1612 3579 quantum
1639 3516 1798 3563 retate
1820 3551 1834 3568 .
1875 3519 1932 3564 et
1982 3523 2111 3578 pro-

523 3602 648 3672 pius
687 3601 952 3656 accedere
982 3601 1048 3656 ad
1082 3602 1276 3666 Deum,
1309 3601 1404 3671 qui
1444 3600 1747 3657 accedebat
1785 3601 1891 3671 ipsi
1923 3618 1936 3654 :
1971 3615 2109 3656 con-

521 3694 772 3763 spicatur
807 3709 1004 3748 rursus
1036 3694 1252 3765 (verum
1281 3708 1404 3763 quae
1428 3691 1649 3748 dicendi
1687 3692 1916 3748 facultas
1938 3692 2114 3762 expli-

523 3792 630 3846 cet,
671 3783 816 3852 quod
867 3784 1090 3838 animus
1129 3783 1323 3854 nequit
1367 3782 1885 3852 comprehendere?
1915 3782 2114 3851 caligat

522 3877 694 3939 enim,
729 3875 872 3932 facta
917 3878 1093 3931 solum
1140 3877 1216 3932 rei
1265 3876 1572 3942 mentione,
1607 3876 1874 3946 timetque
1924 3874 1994 3932 ad
2029 3890 2116 3930 re-

523 3969 672 4039 liqua
704 3970 1005 4042 progredi),
1030 3970 1406 4040 conspicatur,
1444 3969 1692 4039 inquam,
1724 3967 2018 4023 Dominum
2051 3981 2115 4022 ac

525 4065 697 4120 Deum
727 4071 1002 4118 nostrum.
1034 4063 1240 4118 Praesto
1261 4069 1420 4118 erant
1443 4068 1760 4116 sanctorum
1794 4059 2114 4132 angelorum

529 4168 743 4222 lumnas,
785 4156 965 4212 stabat
1008 4171 1188 4226 equus
1213 4163 1340 4211 ante
1385 4153 1713 4226 Symconem
1764 4154 1951 4209 colore
1985 4167 2118 4208 can-

526 4247 678 4312 dido,
725 4248 1050 4319 angelorum
1115 4247 1282 4318 primi
1327 4246 1585 4302 ferebant
1637 4244 1910 4311 diadema,
1965 4243 2116 4315 quod

527 4349 649 4396 erat
693 4355 762 4395 ex
817 4340 1060 4410 pretioso
1102 4339 1306 4408 lapide,
1351 4353 1600 4407 cruxque
1631 4337 1786 4392 alIixa
1817 4337 1896 4392 illi
1951 4346 2112 4403 erat;

526 4440 584 4486 et
629 4430 809 4494 stella,
859 4429 912 4482 in
961 4427 1186 4482 modum
1216 4427 1448 4498 fulguris
1493 4427 2114 4496 coruscantis,supere-

2208 1947 2536 2018 χρηστότητι
2575 1947 2758 2013 πάλιν,
2790 1947 2866 2011 ὡς
2906 1947 2967 2000 οὐ
2993 1946 3229 2019 παρόψει
3273 1963 3370 2016 με,
3418 1942 3658 2012 σφοδρῶς
3692 1939 3777 1992 ὑπὸ

2205 2041 2304 2110 τῆς
2353 2039 2568 2117 φύσεως
2616 2039 2758 2094 οὕτω
2809 2040 2878 2092 τὰ
2929 2039 3214 2110 σπλάγχνα
3253 2038 3572 2108 καιόμενον.
3616 2033 3776 2086 Ἔλεον

2206 2131 2396 2186 τοῦτον
2427 2131 2606 2186 τοίνυν
2641 2131 2844 2197 λαϐὼν,
2892 2133 2987 2185 καὶ
3028 2134 3232 2199 γόνατα
3263 2129 3386 2194 θεὶς
3415 2128 3510 2182 ἐπὶ
3545 2125 3660 2196 γῆν,
3701 2121 3773 2177 τοῦ

2208 2223 2414 2277 ἄνωθεν
2442 2223 2606 2276 πάλιν
2633 2223 2796 2286 αὐτὸς
2817 2223 3001 2286 ἐλέους
3024 2223 3214 2286 ἐδεῖτο,
3248 2223 3348 2274 xa't
3376 2219 3541 2288 γνοὺς
3564 2214 3774 2286 ἀποῤῥή·

2203 2333 2314 2378 τως
2361 2314 2467 2368 ὑπὸ
2507 2316 2605 2385 τῆς
2645 2315 2868 2386 χάριτος
2903 2314 3002 2385 τὴν
3031 2316 3110 2378 είς
3149 2312 3242 2366 τὸν
3275 2313 3451 2366 παῖδα
3489 2309 3589 2378 τῆς
3621 2305 3771 2378 ψυχῆς

2209 2405 2364 2468 αὖθις
2395 2406 2674 2471 ἐπάνοδον,
2707 2406 2968 2471 ἀναστὰς,
3010 2406 3108 2460 καὶ
3145 2405 3285 2477 πρὸς
3315 2405 3412 2458 τὸν
3457 2401 3662 2470 πατέρα
3691 2393 3768 2450 τοῦ

2209 2495 2400 2558 παιδὸς
2435 2496 2814 2566 ἐπιστραφεὶς,
2858 2496 2946 2549 Ἐν
2983 2495 3231 2566 ὀνόματι,
3263 2496 3426 2567 φησὶ,
3468 2491 3562 2546 τοῦ
3593 2487 3776 2558 Κυρίου

2209 2588 2366 2658 ἡμῶν
2404 2587 2577 2658 Ἰησοῦ
2611 2587 2850 2658 Χριστοῦ
2882 2587 3136 2657 πορεύου,
3158 2587 3187 2638 ὁ
3211 2587 3328 2652 υἱός
3361 2584 3572 2654 σουζῇ.
3613 2580 3665 2634 ὐ
3692 2577 3755 2642 δὲ,

2208 2679 2286 2748 τῷ
2319 2678 2462 2748 λόγῳ
2495 2679 2840 2750 παραχρῆμα
2875 2679 3194 2742 πιστεύσας,
3228 2678 3329 2731 καὶ
3358 2673 3541 2730 οἶκαδε
3575 2673 3664 2740 τὴν
3688 2683 3766 2722 τα·

2209 2769 2401 2839 κίστην
2427 2767 2742 2822 ἐπανελθὼν
2777 2767 2952 2838 (ποία,
2995 2767 3122 2838 μόνε
3161 2767 3272 2820 τῶν
3317 2764 3532 2820 αἰώνων
3566 2760 3764 2816 ἀθάνατε

2211 2859 2456 2930 βασιλεῦ,
2474 2859 2612 2929 ἀκοὴ
2631 2856 2818 2934 θαῦμα
2841 2857 3094 2912 τοσοῦτον
3126 2856 3382 2928 χωρῆσαι.
3407 2855 3678 2925 δυνήσεται
3699 2845 3761 2916 l),

2211 2951 2391 3016 ζῶντα
2410 2951 2503 3004 τὸν
2531 2952 2646 3005 υἱὸν
2675 2949 2920 3022 εὑρίσκει
2939 2965 2952 2981 ⁸
2986 2949 3043 3004 δν
3067 2950 3162 3003 καὶ
3183 2947 3371 3002 λαϐὼν
3399 2943 3627 3014 secem
3655 2934 3762 3008 παρ’

2211 3044 2401 3099 ἐλπίδα
2444 3043 2646 3114 μᾶλλον
2673 3041 2990 3108 ἀπολαϐὼν,
3031 3043 3127 3096 καὶ
3168 3041 3309 3112 πρὸς
3328 3041 3421 3095 τὸν
3447 3039 3626 3105 ’Δγιον
3653 3033 3758 3086 ἀνα-

2217 3136 2474 3208 στρέψαςο
2535 3136 2696 3200 ποίας
2749 3133 3143 3206 ἀγαλλιωμὲνῳ
3200 3133 3434 3204 στόματι
3476 3127 3644 3200 φωνὰς
3679 3123 3758 3175 οὐκ

2216 3230 2403 3300 ἠφίεις
2433 3228 2586 3292 τίνας
2625 3229 2726 3282 οὐκ
2747 3225 3197 3300 εὐχαριστηρίους
3226 3225 3436 3297 ὕμνους
3459 3219 3572 3292 Θεῷ
3600 3211 3758 3284 καὶτῷ

2213 3325 2438 3394 Συμεὼν
2467 3325 2732 3391 ἀπεδίδως

2285 3417 2377 3472 νὸν.
2418 3411 2520 3472 Οἷα
2567 3417 2626 3471 δέ
2673 3418 2822 3481 είκὺς
2873 3417 3210 3488 προκόπτειν
3251 3413 3446 3486 ὥσπερ
3489 3407 3656 3480 ἡλικίᾳ
3682 3401 3754 3455 τὸν

2214 3509 2458 3578 Συμεὼν,
2497 3509 2638 3562 οὕτω
2669 3511 2764 3563 καὶ
2803 3509 3022 3580 χάριτι,
3046 3511 3141 3563 καὶ
3179 3507 3384 3579 μᾶλλον
3415 3502 3632 3572 ἐγγίζειν
3659 3489 3752 3580 9εῷ

2215 3577 2305 3669 τῷί
2328 3598 2602 3666 ἐγγίζοντι
2623 3638 2640 3660 ,
2703 3577 2978 3669 ὁρᾷ-’μετὰ
3002 3577 3366 3651 ταῦταήπάλιν
3399 3590 3548 3664 (ἀλλὰ
3579 3583 3678 3644 πῶς
3702 3577 3753 3632 ἂν

2213 3692 2284 3745 τὰ
2322 3691 2458 3762 μηδέ
2499 3690 2577 3764 νῷ
2641 3690 2826 3758 ληπτὰ
2881 3689 3039 3758 λόγος
3089 3686 3428 3760 ἑρμηνεῦσαι
3477 3680 3748 3748 δυνήσεταιὶ

2219 3783 2426 3855 Ξλιγγιᾷ
2477 3783 2584 3854 γὰρ
2627 3783 2728 3852 ἤδη
2763 3783 2859 3836 καὶ
2909 3782 3046 3854 πρὸς
3085 3781 3185 3853 τὴν
3235 3782 3480 3853 μνήμην,
3521 3771 3606 3828 καὶ
3642 3765 3748 3820 δέδιε

2219 3874 2529 3945 προσϐῆναι
2558 3875 2668 3938 τοῖς
2724 3872 2965 3944 ἐφεξῆς),
3011 3874 3116 3945 ὁρᾷ
3148 3870 3441 3944 τοιγαροῦν
3475 3865 3560 3920 τὸν
3586 3859 3748 3925 Κύριον

2215 3966 2372 4038 ἡμῶν
2401 3967 2494 4018 καὶ
2532 3966 2667 4019 Θεὸν
2693 4005 2708 4030 ,
2745 3966 3106 4038 παρειστήκει
3137 3965 3193 4018 δὲ
3224 3967 3322 4018 καὶ
3351 3962 3504 4016 θείων
3549 3949 3746 4038 ἀγγέλων

2216 4061 2494 4130 τάγματα,
2521 4058 2686 4119 ἵππος
2706 4075 2766 4112 τε
2796 4059 2903 4129 πρὸ
2926 4057 3019 4111 τοῦ
3053 4057 3278 4128 Συμεὼν
3304 4040 3538 4124 eicit-ﬁxe:
3563 4045 3616 4098 τὸ
3638 4036 3746 4142 εἷδξ

2215 4151 2408 4214 λευκὸς
2440 4191 2454 4216 ,
2489 4152 2584 4205 καὶ
2611 4151 2850 4223 διάδημα
2885 4151 3142 4222 φέροντες
3166 4150 3276 4204 τῶν
3304 4147 3543 4218 ἀγγέλων
3564 4138 3606 4192 οί
3629 4138 3746 4203 πρῶ·

2215 4260 2322 4310 τοι,
2343 4239 2412 4314 ἦν
2442 4244 2499 4298 δὲ
2533 4245 2642 4314 ἄρα
2672 4243 2824 4298 λίθου
2859 4243 3066 4316 τιμίου,
3097 4245 3333 4314 σταυρός
3363 4256 3420 4294 τε
3449 4231 3583 4300 αὐτῷ
3611 4235 3742 4295 προσ·

2217 4340 2508 4410 επεπήγει,
2532 4338 2629 4391 καὶ
2645 4339 2822 4410 ἀστὴρ
2841 4338 2943 4392 ὅσα
2965 4338 3058 4391 καὶ
3079 4335 3337 4408 ἀστραπὴ
3362 4328 3590 4404 φωτίζων
3613 4320 3742 4414 ὕδξεξ·

2218 4433 2450 4501 ανείχεν,
2488 4429 2628 4484 ὥστε
2658 4429 2974 4502 περιϐαλεῖν
3015 4428 3179 4484 αὐτὸν
3217 4427 3380 4482 τοῦτο
3394 4421 3505 4476 ικαὶ
3540 4407 3740 4502 βασιλεν·

531 4520 794 4585 miuehat,
829 4519 1274 4588 videbanturque
1305 4496 1436 4572 Villo
1469 4517 1732 4572 redimire
1783 4516 2109 4588 Symeonem

2221 4496 2444 4578 σαιί-Ὀ
2481 4523 2538 4577 δὲ
2581 4496 2988 4594 πρὸς-αὑτοὺς,
3028 4522 3142 4576 οὐκ
3176 4511 3570 4602 ἀφαιρήσεσθεν,
3595 4496 3736 4602 φῖῖῗῗέ

527 4623 585 4668 et
627 4628 818 4668 creare
868 4625 1074 4682 regem.
1129 4610 1230 4665 llic
1271 4619 1458 4665 autem
1488 4611 1565 4665 ita
1608 4611 1732 4664 illos
1777 4609 2110 4680 alloquitur:

528 4701 648 4759 Non
703 4699 968 4756 auferetis
1005 4699 1138 4754 mihi
1191 4698 1378 4753 tritam
1411 4699 1554 4754 hanc
1601 4700 1900 4766 lacernam,
1949 4715 2114 4770 quam

529 4806 630 4862 pro
673 4791 848 4862 gloria
889 4789 1094 4847 Christi
1143 4789 1372 4846 indutus
1411 4806 1556 4846 sum.
1593 4791 1676 4846 Illi
1735 4801 1930 4847 contra
1963 4809 1978 4847 ι
2011 4793 2117 4848 Per

530 4883 656 4948 hoc,
706 4883 984 4954 inquiunt,
1014 4883 1126 4940 Deo
1170 4885 1400 4956 ejusque
1430 4886 1713 4957 unigenito
1759 4886 1900 4942 Filio
1955 4901 2111 4942 eorm

529 4981 713 5041 nator,
772 4983 830 5030 et
875 4983 1134 5047 tanquam
1185 4993 1490 5048 purpuram
1544 4977 1793 5033 induitor
1847 4978 2118 5049 Spiritum

531 5075 822 5134 sanetum;
853 5073 910 5122 et
947 5066 1327 5124 dutninaberis
1369 5085 1496 5126 cum
1526 5069 1706 5124 beatis
1753 5069 2032 5125 mentibus
2060 5070 2118 5125 in

533 5171 708 5228 regno
733 5172 1015 5228 nunquam
1044 5158 1414 5214 terminando.
1441 5160 1806 5230 Posteaquam
1826 5159 1945 5216 haec
1971 5160 2120 5216 dicta

529 5249 748 5322 excepit
809 5251 1084 5324 Symeon,
1152 5253 1564 5324 inexplebiliter
1623 5253 1682 5308 in
1727 5253 2118 5324 corpusculum

529 5359 693 5399 suum
743 5347 934 5400 saevire
982 5343 1240 5416 cupidus,
1292 5345 1593 5418 divellique
1628 5361 1661 5401 a
1707 5345 1915 5402 mundo
1953 5361 2115 5401 mun-

531 5430 700 5502 dique
730 5431 916 5496 rebus,
955 5443 1014 5490 et
1059 5435 1294 5508 propius
1349 5434 1418 5491 ad
1464 5437 1639 5493 Deum
1702 5437 2001 5508 divinaque
2023 5451 2116 5493 ae-

531 5522 734 5579 cedere
783 5524 1036 5590 fe5tinus.
1077 5527 1356 5584 irretortis
1389 5527 1446 5584 in
1478 5528 1775 5586 Dominum
1809 5531 2006 5596 oculis,
2041 5531 2123 5589 sic

535 5613 715 5681 tuquit
742 5632 756 5668 :
794 5614 1024 5673 Domine
1055 5623 1113 5672 et
1141 5617 1399 5674 conditor
1431 5634 1618 5676 rerum
1647 5620 1913 5686 omnium,
1944 5637 2120 5692 quan-

537 5701 834 5770 doquidem
874 5722 962 5762 me
994 5707 1284 5779 indignum
1331 5709 1588 5780 dignatus
1631 5709 1804 5766 fueris
1842 5711 1960 5780 pari
1995 5726 2122 5766 cum

540 5792 747 5855 sanctis
779 5795 888 5853 tuis
920 5799 1093 5869 gloria
1123 5808 1289 5870 atque
1333 5815 1535 5872 regno;
1567 5817 1764 5872 precor
1813 5803 2123 5874 benignita-

2223 4617 2318 4670 ἀπ’
2345 4615 2480 4685 ἐμοῦ
2531 4615 2594 4668 τὸ
2627 4587 2883 4685 ’τρίχινον
2923 4613 3128 4685 ἔνδυμα
3159 4587 3342 4677 τοῦτο,
3373 4587 3504 4676 δπερ
3531 4599 3601 4694 είς

2223 4704 2460 4778 Χριστοῦ
2498 4704 2830 4777 ἠμφίεσμαι.
2869 4705 2934 4758 Οἱ
2961 4703 3040 4767 δὲ,
3074 4689 3564 4772 Στεφανὼθητιοδιὰ
3590 4688 3738 4778 tot)?"

2223 4797 2345 4870 Θεῷ
2395 4799 2489 4851 καὶ
2540 4795 2619 4868 τῷ
2671 4799 2950 4868 μονογενεῖ
2987 4795 3104 4866 Υίῷ
3151 4793 3338 4860 αὐτοῦ,
3379 4786 3538 4846 εἷπον,
3568 4774 3646 4880 καῖ
3665 4770 3738 4880 δσῗ

2225 4868 2516 4960 πορφύραν
2537 4888 2752 4942 ἔνδυσαι
2777 4888 2838 4940 τὸ
2875 4888 3030 4956 ἅγιον
3059 4885 3304 4956 Πνεῦμα,
3335 4881 3426 4938 καὶ
3459 4868 3736 4960 “alio?”

2229 4956 2360 5036 σδξθὝ
2387 4956 2564 5050 ἅγιοις
2621 4978 2898 5050 βασιλείαν
2957 4979 3212 5034 οὐδέποτε
3283 4977 3556 5048 λήγουταν.
3593 4956 3734 5050 ταῦτα

2201 5073 2414 5145 ¹ἐπειδὴ
2439 5048 2635 5144 ῥηθείη
2660 5071 2740 5142 τῷ
2757 5072 2828 5124 Συ
2841 5070 3008 5141 μεὼν,
3038 5069 3330 5138 ἀπλήστως
3357 5062 3544 5118 ἐκεῖνος
3567 5048 3647 5145 τῆς

2227 5163 2476 5234 σώματος
2505 5160 2826 5234 νεκρώσεως
2859 5159 3018 5230 ἔχων,
3055 5159 3232 5222 ἄλλως
3265 5175 3322 5211 τε
3359 5155 3413 5208 δέ
3441 5146 3524 5203 καὶ
3571 5135 3732 5241 ’ξὼμξῗ

2225 5256 2322 5310 καὶ
2366 5255 2476 5309 τῶν
2524 5253 2620 5309 τοῦ
2669 5253 2878 5325 κόσμου
2914 5251 3216 5324 ῥήγνυσθαι
3249 5245 3497 5304 σπεύδων.
3529 5231 3612 5325 καέ
3629 5232 3728 5325 "93‘

2227 5309 2358 5400 θεὸν
2389 5348 2484 5401 καὶ
2524 5344 2594 5399 τὰ
2631 5309 2752 5400 θεῖα
2775 5309 3010 5416 ’μᾶλλον
3037 5342 3355 5413 ἀνάγεσθαι,
3379 5331 3548 5404 ἀτενὲς
3574 5322 3639 5379 εἷς
3664 5309 3730 5416 τῗν

2227 5437 2506 5509 Δεσπότην
2541 5435 2683 5500 ἰδὼν,
2711 5435 2962 5490 Δέσποτα
3003 5435 3244 5500 πάντων,
3276 5433 3394 5504 ἔφη,
3440 5420 3518 5478 καὶ

2227 5529 2351 5584 ἐπεί
2396 5507 2470 5600 με
2513 5529 2604 5582 τὸν
2651 5529 2872 5592 ἀνάξιον
2901 5525 3077 5596 ἀξιοῖς
3123 5526 3300 5596 ἁγίοις
3340 5507 3728 5600 “VP-6150‘s?

2229 5580 2566 5688 eam"...
2587 5580 3298 5692 ‘.a't;.u..;...'m;.a;
3329 5580 3520 5686 μεκεῶν
3545 5580 3722 5692 Ρῖίῗΐ

2233 5679 2540 5784 βρωμάτων
2566 5679 3057 5784 μεταλαμϐάνεινί
3073 5679 3209 5782 μηδὲ
3237 5679 3414 5766 σιτίοις
3437 5679 3724 5784 ἀνθ-Ρωῗίῗξ

2231 5804 2486 5876 χρῆσθαι.
2513 5803 2700 5858 Ταῦτα
2732 5802 2826 5857 τοῦ
2843 5801 2979 5857 Θεοῦ
3005 5802 3238 5874 δεηθεὶς,
3270 5781 3564 5854 Δεσποτικῆἴ
3582 5771 3720 5826 “mm
