4026 6292
347 387 488 453 3037

1358 404 1534 462 VITA
1571 405 1616 462 A
1657 405 2092 465 NICEPHURO
2130 404 2619 465 CONSCRIPTA.

3471 405 3613 467 3033

348 500 533 569 φωνῆς
567 500 896 574 εὐδοκούσης
925 504 1025 574 τὴν
1060 506 1297 575 αἴτησιν,
1328 509 1424 560 καὶ
1469 511 1813 580 παραχρῆμα
1850 514 1912 564 ἐν

2037 522 2145 567 tem
2178 521 2350 576 tuam,
2387 518 2447 565 ut
2479 526 2548 565 ne
2577 525 2685 579 qua
2715 510 2972 578 deinceps
3006 511 3306 564 necessitas
3339 510 3623 567 incumbat

345 590 565 645 δύουσιν
593 592 756 647 αὐτὸν
799 596 986 650 ἐπάνω
1018 596 1127 649 τῶν
1158 598 1473 669 άσκητικῶν
1506 601 1713 670 ῥακίων
1753 619 1923 655 κατα-

347 683 541 756 στολὴν
584 684 741 756 δόξης
778 689 828 739 oi
890 688 1143 756 ἄγγελοι,
1212 691 1691 760 μεγαλοπρέπειάν
1732 711 1790 745 τε
1832 697 1925 747 καὶ

343 775 677 845 ὡραιότητα,
713 778 774 830 τό
806 795 866 831 τε
894 778 1131 848 διάδημα
1163 779 1405 833 τιθέασιν
1432 783 1525 834 ἐπὶ
1554 782 1651 851 τὴν
1682 784 1923 854 κεφαλὴν

344 868 534 930 αὐτοῦ,
573 870 665 921 καὶ
704 870 799 923 ἐπὶ
823 872 915 923 τὸν
945 872 1184 941 φανέντα
1223 873 1388 926 ἵππον
1414 875 1755 938 καθίζουσιν.
1798 874 1926 929 Εἶτα

343 960 437 1011 καὶ
469 959 759 1029 σύμφωνος
799 964 1052 1032 ἀγγέλοις
1090 968 1244 1026 πᾶσι.
1277 968 1498 1037 Χριστῷ
1533 968 1628 1020 καὶ
1661 968 1738 1036 τῷ
1763 970 1926 1021 αξιτοῦ

344 1048 638 1117 θεράποντι
665 1053 892 1123 Συμεὼν
927 1056 1084 1126 ᾔδετο
1115 1057 1313 1128 ὓμνος·
1353 1052 1514 1121 αὑτός
1541 1076 1598 1111 τε
1628 1062 1656 1112 ό
1688 1061 1925 1130 πονηρὸς

340 1141 420 1210 τῷ
460 1143 624 1213 Ἀγίῳ
655 1148 747 1199 καὶ
780 1147 849 1199 τὰ
880 1148 974 1201 τοῦ
1009 1150 1246 1219 πονηροῦ
1274 1151 1582 1220 πνεύματα,
1613 1146 1724 1203 οἷον
1755 1168 1922 1205 κατα-

343 1248 407 1283 πε
416 1233 662 1303 πληγότα
691 1236 984 1291 ἐδείκνυτο.

2033 605 2190 669 mihi,
2221 605 2350 659 vitm
2376 599 2751 657 sustentandae
2776 614 2964 663 causa,
3000 600 3322 656 hominibus
3356 614 3618 657 consueta

2029 695 2236 749 cibaria
2309 692 2585 749 sumendi.
2649 692 2777 747 llaec
2840 702 3097 761 precatus
3165 693 3377 747 inaudit
3429 710 3617 749 vocem

2033 784 2267 847 Domini,
2330 782 2597 837 benevole
2656 783 3010 836 assentientis
3070 783 3326 851 petitioni
3386 803 3399 839 :
3447 785 3619 839 advo-

2029 877 2317 944 lantesque
2348 873 2612 928 velociter
2627 873 2804 942 angeli
2829 874 3122 927 ascetieam
3154 890 3320 944 super
3342 874 3620 930 laeeruam

2031 966 2268 1021 induunt
2308 981 2435 1021 eum
2484 966 2622 1020 stola
2652 965 2862 1034 glorize,
2923 966 3228 1035 tnajestatis
3269 982 3333 1020 ac
3366 968 3620 1034 dee’oris;

2032 1059 2342 1113 diademate
2389 1057 2624 1129 cingunt
2662 1066 2830 1125 caput
2864 1059 3004 1127 ejus,
3050 1067 3106 1112 et
3171 1074 3338 1126 super
3388 1074 3616 1128 equum,

2031 1151 2125 1219 qui
2161 1151 2483 1221 apparebat,
2516 1150 2809 1219 imponunt
2832 1164 2981 1202 eum.
3032 1149 3159 1201 Pust
3202 1149 3315 1203 huic
3342 1165 3619 1206 consonus

2032 1243 2268 1312 hymnus
2317 1241 2528 1312 angelis
2572 1240 2832 1295 omnibus
2883 1238 3103 1294 Christo
3159 1248 3214 1293 et
3247 1240 3452 1294 famulo
3500 1243 3621 1310 ejus

342 1324 599 1396 Symeoni
637 1329 942 1384 cauebatur
977 1349 989 1384 :
1025 1330 1140 1401 ipse
1192 1341 1378 1388 autem
1419 1348 1654 1403 nequam
1705 1332 1934 1403 spiritus
1971 1349 2097 1388 cum
2147 1350 2261 1389 sum
2320 1334 2579 1403 nequitia:
2634 1331 2817 1396 sociis,
2871 1332 3041 1385 veluti
3088 1332 3430 1402 profligatus,
3463 1333 3616 1387 exhi-

340 1421 575 1477 bebatur
618 1434 834 1479 sancto.

410 1522 504 1568 νε’.
537 1517 694 1569 Μετὰ
725 1518 857 1585 γοῦν
884 1518 984 1588 τὴν
1018 1518 1168 1571 θείαν
1189 1519 1512 1587 ἐπιφάνειαν
1531 1519 1755 1588 ταύτην,
1786 1518 1920 1571 ἀκό-

340 1605 507 1658 λουθα
533 1607 696 1661 πάλιν
729 1612 841 1673 τοῖς
900 1610 1232 1681 προλαϐοῦσι
1284 1612 1352 1663 τὰ
1400 1610 1739 1679 ὲπαγόμενα.
1786 1610 1917 1662 Ἀν-

342 1697 559 1769 θρωπος
589 1703 695 1770 γάρ
724 1719 807 1765 τις
831 1701 1044 1772 γέροντι
1070 1701 1263 1766 δεινῶς
1294 1702 1615 1772 ἑχθραίνων,
1651 1703 1744 1754 καὶ
1781 1701 1916 1771 σφό-

2097 1520 2185 1574 55.
2219 1520 2344 1572 Post
2376 1520 2621 1573 divinam
2654 1521 2799 1574 hanc
2827 1519 3243 1583 revelationem,
3272 1530 3459 1575 secuta
3486 1530 3616 1575 sunt

2025 1617 2153 1678 alia,
2179 1616 2472 1685 przemissis
2489 1616 2691 1670 similia
2714 1624 2769 1668 et
2794 1612 3142 1667 admiranda.
3171 1612 3347 1666 Homo
3369 1612 3612 1680 quidam,

2025 1707 2175 1777 gravi
2228 1706 2356 1760 odio
2403 1721 2505 1760 nec
2548 1704 2744 1759 leviori
2806 1703 3015 1758 invidia
3060 1716 3248 1756 senem
3299 1701 3612 1770 quempiam

339 1791 440 1861 δρα
468 1793 923 1864 διαφθονούμενος
950 1794 1261 1864 φαρμάκοις
1281 1795 1368 1846 ἐπ’
1408 1795 1570 1846 αὑτὸν
1613 1795 1911 1864 ἐχρήσατο·

2025 1811 2392 1866 prosequens,
2428 1810 2646 1850 veneno
2677 1795 2855 1864 ipsum
2887 1792 3108 1863 aggredi
3142 1800 3410 1847 statuerat
3445 1806 3607 1860 :par-

340 1883 410 1937 τά
451 1883 509 1937 δ’
553 1883 665 1954 ἄρα
720 1885 972 1939 τοσοῦτον
1029 1885 1282 1957 ἔδρασαν,
1314 1885 1391 1949 ὡς
1431 1885 1622 1938 ἑαυτὸν
1673 1886 1770 1955 μὲν
1822 1886 1918 1937 καὶ

339 1976 532 2039 παῖδας
560 1976 847 2046 (ἐτύγχανε
883 1978 994 2048 γὰρ
1021 1980 1170 2041 υἱοὺς
1200 1977 1358 2049 ἔχων)
1389 1979 1469 2040 είς
1499 1977 1605 2044 γῆν
1633 1977 1882 2047 καταρῥή
1901 2005 1916 2017 -

339 2066 587 2133 γνυσθαι,
618 2066 685 2120 τὰ
713 2067 770 2120 δὲ
802 2067 991 2122 τούτου
1050 2070 1221 2139 κτήνη
1257 2068 1397 2122 κατὰ
1414 2068 1676 2139 κρημνῶν
1700 2068 1914 2121 ἐλαυνό-

340 2176 476 2227 μενα
503 2158 784 2227 φέρεσθαι.
829 2158 1071 2223 Ἐνδείας
1109 2161 1289 2213 τοίνυν
1322 2161 1526 2231 ἄρτων,
1573 2154 1661 2215 οἷα
1686 2160 1917 2229 συμϐαί-

335 2266 450 2302 νειν
490 2251 654 2318 φιλεῖ,
699 2252 835 2322 πρὸς
863 2254 961 2321 τὴν
991 2252 1099 2305 τῶν
1131 2252 1384 2323 μοναχῶν
1407 2253 1634 2306 καὶτῶν
1665 2252 1915 2322 πενήτων

336 2340 527 2410 χρείαν
578 2343 636 2393 ὲν
665 2345 730 2412 τῇ
770 2346 903 2414 μονῇ
935 2344 1234 2413 γενομένης
1257 2383 1272 2409 ,
1305 2344 1537 2411 ἄγγελος
1567 2346 1623 2395 ἐν
1654 2341 1809 2411 ὕπνῳ
1838 2341 1916 2412 τῷ

340 2430 556 2502 γέροντι
586 2434 890 2504 παραστὰς,
937 2435 1221 2498 Ἀναστὰς,
1262 2435 1417 2504 φησὶ,
1458 2434 1589 2488 λάϐε
1615 2437 1781 2493 σῖτον.
1818 2434 1915 2487 καὶ

336 2524 489 2594 παρὰ
521 2527 613 2579 τὸν
640 2525 785 2580 θεῖον
838 2528 1062 2597 Συμεὼν
1095 2527 1403 2597 πορευθεὶς,
1439 2528 1533 2582 τὸν
1589 2529 1687 2597 μὲν
1714 2527 1912 2597 πένησι

335 2619 431 2669 καὶ
459 2619 571 2680 τοῖς
603 2620 859 2688 μοναχοϊς
890 2620 1096 2689 τροφὴν
1131 2622 1343 2688 κομιεῖς
1362 2636 1375 2651 ·
1410 2620 1493 2673 σοὶ
1521 2620 1576 2672 δὲ
1603 2618 1912 2689 κράσπεδον

332 2708 442 2760 τῶν
474 2709 732 2780 τριχίνων
778 2711 988 2764 ἐκείνου
1044 2711 1261 2765 λαϐόντι
1316 2712 1542 2782 ῥακίων,
1576 2711 1913 2782 ἀφεθήσεται

333 2798 403 2852 τὰ
469 2799 565 2853 τοῦ
624 2801 774 2853 οἴκου
831 2801 1027 2869 δεσμά.
1057 2802 1210 2854 Σῖτον
1243 2802 1342 2871 μὲν
1390 2801 1483 2855 οὖν
1535 2801 1740 2864 εὐθέως
1800 2803 1918 2852 ἐκεῖ

337 2887 607 2959 προθύμῳ
647 2889 788 2955 ποδὶ,
842 2890 1226 2962 προθυμοτέρᾳ
1243 2890 1298 2943 δὲ
1329 2890 1425 2943 καὶ⁸
1448 2889 1641 2960 γνώμῃ
1675 2889 1910 2956 κομίζει.

337 2980 571 3033 Ἔπειτα
595 2980 778 3049 μέντοι
803 2981 1022 3049 βώλακα
1053 2982 1157 3051 γῆς
1188 2983 1284 3035 καὶ
1313 2979 1458 3050 ὕδωρ
1487 2981 1670 3034 λαϐὼν
1702 2981 1805 3034 ὑπὸ
1833 2980 1914 3050 τῷ

331 3068 470 3120 κίονι
505 3067 719 3138 τίθησιν
747 3085 762 3101 ο
803 3066 918 3123 εἶτα
957 3072 1140 3140 ὲκχέει
1186 3070 1285 3140 τήν
1315 3072 1524 3124 οἰκείαν
1552 3069 1785 3124 ἐνώπιον
1810 3070 1905 3123 τοῦ

2023 1890 2119 1944 tim
2162 1889 2334 1958 igitur
2363 1896 2573 1942 tantum
2602 1887 2804 1949 effecit,
2839 1894 2900 1939 ut
2922 1899 3092 1939 senex
3118 1899 3243 1938 eum
3277 1883 3403 1936 filiis
3432 1884 3612 1950 (pater

2018 1978 2225 2048 quippe
2263 1979 2403 2039 erat)
2435 1977 2489 2030 in
2526 1987 2730 2031 terram
2764 1983 3097 2042 prostratus,
3142 1974 3342 2042 partim
3382 1985 3516 2024 vero
3552 1980 3611 2025 ut

2016 2069 2257 2140 pecudes
2288 2071 2408 2138 ejus
2440 2068 2495 2121 in
2531 2066 2830 2136 praecipitia
2864 2074 2997 2119 actae
3043 2065 3175 2119 sint.
3224 2063 3389 2117 Facta
3424 2078 3525 2131 per
3555 2061 3609 2115 id

2020 2170 2256 2229 tempus,
2276 2162 2356 2214 uti
2379 2159 2494 2213 fieri
2520 2157 2749 2223 assolet,
2771 2171 3005 2211 annona:
3025 2154 3291 2209 eharitatc
3319 2155 3371 2207 in
3395 2168 3608 2213 eremo.

2017 2252 2518 2321 deficientibusque
2550 2248 2835 2305 monachis
2870 2256 2925 2301 et
2963 2249 3292 2317 pauperibus
3352 2247 3609 2316 panibus,

2018 2346 2246 2414 angelus
2274 2345 2327 2398 in
2353 2342 2569 2398 somnis
2611 2341 2791 2397 astitit
2838 2342 2982 2405 seni,
3043 2340 3292 2408 dixitque
3330 2359 3343 2393 :
3406 2340 3608 2407 Surge,

2016 2436 2203 2505 accipe
2252 2434 2615 2497 frumentum,
2678 2439 2734 2487 et
2764 2432 2828 2485 ad
2877 2430 3057 2484 virum
3135 2428 3230 2483 Dei
3277 2430 3610 2500 Symeonem

2019 2528 2499 2598 proficiscerezac
2528 2525 2863 2579 frumentum
2898 2522 3122 2592 quidem
3172 2522 3430 2575 cibandis
3478 2538 3612 2590 pau-

2017 2619 2244 2689 peribus
2272 2627 2437 2687 atque
2470 2616 2759 2671 monachis
2789 2615 3067 2685 portabis:
3104 2624 3163 2667 tu
3203 2629 3354 2677 vero,
3384 2624 3613 2682 recepto

2015 2710 2252 2764 lacernze
2279 2708 2457 2777 ipsius
2484 2706 2747 2769 frustillo,
2782 2703 3071 2765 familiam,
3110 2703 3316 2772 quibus
3355 2703 3615 2772 astringi-

2018 2813 2109 2857 tur
2139 2801 2376 2855 vinculis
2427 2799 2704 2863 solutam,
2765 2797 3108 2866 postliminio
3177 2795 3461 2865 gaudebis.
3517 2795 3613 2850 ille

2020 2910 2148 2947 mox
2184 2908 2374 2962 gressu
2407 2892 2596 2955 alacri,
2621 2891 2716 2945 sed
2745 2889 2930 2944 animo
2960 2888 3246 2951 alacriore,
3275 2888 3613 2943 frumentum

2017 2984 2288 3039 advehit:
2346 2984 2547 3038 deinde
2608 2990 2890 3052 acceptam
2959 2990 3119 3034 terrae
3175 2980 3390 3050 glebam
3445 2990 3613 3050 atque

2016 3092 2213 3147 aquam
2244 3077 2348 3132 sub
2392 3076 2651 3130 columna
2701 3073 2952 3144 deponit.
2998 3072 3140 3126 Tum
3173 3088 3307 3126 vero
3353 3080 3525 3125 totum
3554 3086 3615 3125 se

330 3159 487 3226 ἁγίου
536 3159 748 3231 δέησιν,
813 3162 1150 3229 ἀπαγγέλλει
1204 3165 1304 3231 τὴν
1341 3162 1540 3230 θλίψιν,
1566 3163 1736 3215 δεῖται
1787 3160 1911 3231 θερ-

2020 3166 2076 3219 in
2115 3180 2310 3234 preces
2342 3164 2579 3219 effundit
2611 3177 2801 3218 coram
2833 3170 3048 3227 sancto,
3100 3161 3329 3230 eXponit
3379 3161 3609 3214 calami-

335 3250 474 3321 μῶς,
508 3252 648 3305 ὥστε
684 3253 1091 3323 προσεύξασθαι
1149 3253 1281 3325 ’περὶ⁵
1308 3254 1498 3321 αὑτοῦ,
1520 3254 1589 3307 τά
1634 3271 1694 3306 τε
1733 3270 1911 3324 παρα-

333 3345 567 3411 κείμενα
618 3345 934 3415 εὐλογῆσαι,
964 3346 1059 3398 καί
1113 3361 1167 3397 τι
1223 3344 1317 3398 τοῦ
1375 3345 1485 3398 τῶν
1518 3347 1728 3415 ῥακίων
1763 3343 1911 3414 αὐτῷ

335 3435 659 3506 μεταδοῦναι
695 3438 1028 3507 κρασπέδου.
1064 3438 1247 3509 ’Δπερ
1276 3436 1351 3501 ὡς
1381 3438 1554 3490 ἐδεῖτο
1582 3434 1784 3502 λαϐὼν,
1815 3436 1911 3489 καὶ

331 3527 513 3581 οἴκαδε
543 3528 618 3591 ὡς
662 3522 809 3599 εἶχεν
843 3528 1175 3595 ἐπανελθὼν,
1198 3530 1291 3599 ἀφ’
1318 3529 1516 3583 ἑαυτοῦ
1557 3528 1773 3600 πρῶτον
1811 3528 1905 3597 μέ-

332 3636 426 3689 χρι
454 3619 550 3673 καὶ
585 3620 681 3673 τοῦ
724 3621 1095 3690 σμικροτάτου
1155 3620 1550 3692 διαῤῥαντίζει,
1601 3622 1740 3689 ὅπερ
1807 3620 1909 3672 οὐκ

331 3710 483 3780 αὐτῷ
516 3710 664 3780 μόνῳ
694 3712 789 3764 καὶ
815 3712 973 3764 παισὶ
998 3712 1094 3764 καὶ
1122 3712 1489 3781 βοσκήμασιν,
1524 3710 1662 3764 ἀλλὰ
1684 3709 1781 3765 καὶ
1802 3709 1909 3779 ὅλῳ

330 3805 466 3872 οἴκῳ
494 3803 628 3879 πρὸς
659 3802 961 3877 θεραπείαν
988 3805 1086 3875 τῆς
1115 3805 1467 3875 φαρμακείας
1490 3805 1744 3877 ἤρκεσεν.

401 4076 509 4133 νς’.
526 4066 656 4121 Εἶτα
676 4068 859 4122 πολλοὶ
878 4068 1017 4121 κατὰ
1036 4067 1229 4121 ταυτὸν
1250 4066 1553 4135 προσῆλθον
1571 4065 1722 4137 αὐτῷ
1736 4067 1914 4135 διαφό-

332 4179 448 4232 ροις
468 4160 720 4226 πάθεσιν,
753 4163 801 4215 of
832 4160 929 4231 μὲν
957 4160 1128 4223 νόσοις
1146 4159 1439 4225 ποικίλαις,
1457 4160 1506 4212 οἱ
1526 4159 1581 4212 δὲ
1608 4160 1703 4214 καὶ
1721 4158 1912 4228 δαίμο-

330 4270 417 4305 σιν
438 4253 834 4324 ἐνοχλούμενοι⁸
854 4255 882 4306 ό
896 4252 952 4306 δὲ
969 4251 1171 4305 τούτων
1197 4250 1413 4321 ἑκάστῳ
1439 4249 1656 4321 θερμῶς
1681 4250 1913 4316 ἐπευξά-

331 4364 513 4416 μενος,
536 4346 671 4399 ἀλλὰ
691 4346 785 4399 καὶ
803 4348 993 4416 χεῖρας
1020 4343 1254 4408 ἐπιθεὶς,
1284 4344 1417 4415 πρὸς
1440 4344 1573 4397 Θεὸν
1593 4342 1679 4396 διὰ
1711 4344 1912 4408 παντὸς

328 4437 495 4509 [κατὰ
507 4438 605 4503 τὰς
622 4436 795 4509 θείας]
810 4437 1028 4500 ἐντολάς
1044 4436 1359 4507 αἰρομένας,
1375 4435 1620 4498 ἅπαντας
1635 4436 1908 4506 ἀπήλλαξε

2016 3263 2202 3320 tatem,
2235 3266 2357 3310 orat
2385 3254 2793 3310 ferventissime
2813 3270 2915 3324 pro
2938 3269 2998 3308 se
3037 3262 3099 3308 ul.
3138 3253 3499 3323 deprecetur,
3553 3259 3611 3304 et

2012 3364 2136 3418 qua:
2165 3348 2415 3417 apposita
2442 3356 2605 3402 erant
2634 3346 2844 3400 cibaria
2879 3345 3163 3415 impertiat
3208 3343 3613 3398 benedictione

2013 3455 2130 3503 sua,
2168 3448 2333 3508 atque.
2359 3454 2390 3493 e
2419 3453 2662 3507 pannosa
2684 3438 2904 3491 lacerna
2935 3437 3039 3490 sibi
3065 3436 3333 3506 largiatur
3367 3434 3603 3505 aliquid.

2011 3529 2281 3583 Votorum
2331 3534 2519 3582 autem
2581 3541 2806 3595 compos
2859 3525 3072 3589 factus,
3144 3525 3485 3593 domumque
3548 3533 3611 3578 ut

2010 3625 2228 3687 poterat
2288 3630 2569 3680 reversus,
2639 3614 2808 3668 ducto
2870 3629 2901 3668 a
2946 3630 3006 3669 se
3072 3612 3232 3668 initio
3279 3613 3464 3667 omnia
3531 3613 3603 3666 ad

2012 3708 2304 3763 minimum
2336 3722 2510 3777 usque
2533 3706 2751 3761 lustrali
2785 3705 2877 3760 illa
2895 3721 3036 3774 aqua
3063 3705 3379 3776 conspergit
3403 3724 3416 3772 ;
3436 3705 3605 3776 idque

2011 3800 2231 3855 suffecit
2259 3798 2529 3854 adversus
2552 3798 2852 3859 veneﬁcia;
2916 3797 3150 3868 integra,
3218 3814 3329 3851 non
3393 3805 3607 3852 tantum

2014 3888 2708 3957 seni.pueris,ju:nentis,
2760 3887 2855 3941 sed
2920 3886 3193 3941 universae
3231 3902 3454 3958 quoque
3508 3887 3608 3941 do-

2013 3980 2149 4047 mui,
2183 3980 2415 4035 sanitate
2447 3979 2682 4034 reddita.

2084 4072 2173 4128 56.
2229 4070 2407 4141 Hujus
2463 4070 2670 4124 deinde
2730 4069 2987 4137 exeunplo
3040 4085 3243 4123 venere
3293 4068 3484 4138 plures
3538 4068 3609 4124 ad

2012 4166 2196 4220 virum
2248 4164 2346 4219 Dei
2382 4178 2492 4217 non
2518 4178 2629 4216 uno
2654 4162 2800 4216 malo
2832 4161 3179 4215 laborantes:
3233 4161 3376 4215 alios
3419 4162 3603 4217 morbi

2014 4258 2173 4321 varii,
2210 4256 2347 4311 alios
2378 4254 2659 4309 daemones
2687 4252 3040 4308 infestabant.
3081 4254 3188 4308 Pro
3224 4254 3456 4324 singulis
3514 4254 3608 4309 ille

2015 4352 2245 4422 supplex
2287 4351 2399 4405 Deo
2446 4349 2643 4408 factus,
2698 4346 3084 4416 impesitisque
3146 4347 3423 4409 manibus,
3470 4362 3607 4415 quas

2016 4458 2233 4511 semper
2258 4443 2564 4496 secundum
2591 4440 2776 4494 divina
2802 4448 3074 4508 praacepta
3118 4437 3369 4492 sublatas
3436 4439 3610 4494 habe-

325 4529 425 4582 τοῦ
453 4528 773 4592 λυποῦντος.
812 4528 922 4598 Τῆς
948 4528 1005 4580 δὲ
1041 4526 1171 4598 περὶ
1205 4526 1370 4579 αὑτοῦ
1401 4526 1593 4594 φήμης
1615 4567 1630 4590 ,
1660 4528 1757 4578 καὶ
1795 4526 1904 4578 τῶν

2019 4534 2130 4597 bat,
2173 4532 2382 4587 doloris
2427 4547 2648 4586 causam
2692 4530 2760 4584 ab
2798 4529 3076 4584 universis
3134 4529 3389 4585 removit.
3442 4530 3605 4585 Fama

329 4620 563 4690 ἑκάστης
590 4621 805 4691 ἡμέρας
838 4619 1133 4688 θαυμάτων
1166 4619 1480 4688 πανταχόσε
1521 4615 1903 4683 διαδοθέντων,

326 4713 484 4782 δχλου
541 4728 602 4765 τε
648 4713 785 4781 προς
819 4710 982 4763 αὐτὸν
1010 4709 1330 4780 συρῥέοντος
1360 4707 1637 4772 πλείστου,
1673 4706 1904 4777 πλήθεσι

324 4800 601 4862 τοσούτοις
635 4801 796 4871 μόνος
830 4801 1020 4869 ἀρκεῖν
1042 4798 1205 4861 αὐτὸς
1234 4798 1295 4851 οὐ
1317 4798 1639 4867 δυνάμενος,
1674 4797 1904 4864 ῥάϐδους

324 4877 632 4964 εὐλογήσας
698 4891 942 4962 παρέσχε
973 4893 1088 4953 τοῖς
1150 4890 1422 4961 μαθηταῖς
1461 4887 1634 4943 αὐτοῦ
1656 4930 1670 4954 ,
1703 4889 1769 4952 ἃς
1794 4892 1906 4951 τοῖς

326 4983 627 5051 πάςχουσιν
639 4983 837 5035 ἐκεῖνοι
854 4981 1014 5034 πάλιν
1029 4980 1389 5043 ἐπιτιθέντες,
1412 4980 1504 5032 καὶ
1533 4979 1771 5045 μάλιστα.
1790 4980 1901 5041 τοῖς

326 5076 435 5128 ὑπὸ
467 5074 718 5145 πονηρῶν
745 5073 1072 5144 πνευμάτων
1102 5073 1490 5142 κατεχομένοις
1522 5112 1538 5137 ,
1572 5073 1614 5122 Τ
1619 5072 1710 5125 άδε
1732 5071 1902 5138 λέγει,

327 5167 554 5237 ἔφασαν,
588 5166 617 5219 ὁ
644 5166 829 5230 δοῦλος
867 5164 962 5219 τοῦ
994 5164 1129 5217 Θεοῦ
1155 5163 1380 5233 Συμεὼν
1415 5164 1522 5234 (ἵνα
1546 5165 1640 5215 καὶ
1668 5166 1731 5233 τῇ
1764 5164 1905 5233 μνή-

329 5276 408 5332 μῃ
455 5259 563 5313 τῶν
612 5261 713 5327 τῆς
752 5258 1050 5327 ἅγγελικῆς
1096 5257 1312 5328 ἐκείνης
1344 5256 1594 5325 γλώττης
1645 5255 1906 5326 ῥημάτιον

326 5350 723 5423 ἁγιασθῶμεν)’
744 5351 1015 5417 Ἐξέλθετε
1032 5351 1098 5404 τὰ
1122 5352 1407 5420 ἀκάθαρτα
1420 5350 1704 5421 πνεύματα
1717 5352 1779 5403 ἐκ
1796 5351 1905 5402 τῶν

324 5444 663 5514 πλασμάτων
686 5444 780 5495 τοῦ
807 5444 962 5497 Θεοῦ.
995 5444 1107 5497 Καὶ
1144 5443 1343 5496 αὐτίκα
1375 5443 1464 5497 διά
1495 5444 1676 5512 πάσης
1710 5442 1906 5513 αἰσθή-

328 5551 468 5597 σεως
523 5530 590 5603 ἦν
623 5536 755 5606 όρᾷν
801 5535 1154 5605 ἐλαυνόμενα.
1208 5536 1444 5607 Ἐκάστῃ
1489 5536 1671 5605 μέντοι
1724 5535 1905 5606 ῥάϐδῳ

325 5621 458 5693 ἄχρι
491 5622 660 5693 τριῶν
707 5623 1079 5696 ἁνθρώπωνή
1136 5624 1247 5679 τῶν
1301 5625 1596 5696 θαυμάτων
1655 5626 1907 5696 ἐνέργεια

326 5711 536 5782 ὥριστο
573 5729 587 5743 ’
608 5710 728 5767 εἶτα
754 5714 917 5768 πάλιν
944 5716 1252 5786 ἁπτόμενος
1274 5718 1447 5787 αὐτῆς
1475 5719 1705 5783 ἐκεῖνος,
1737 5717 1902 5788 ηὐλό-

329 5818 438 5876 γει,
475 5805 570 5858 καὶ
597 5806 993 5881 παραπλησίως
1037 5808 1172 5879 αὐτὴ
1204 5809 1365 5864 πάλιν
1390 5813 1501 5876 τοῖς
1527 5810 1773 5883 θαύμασι
1810 5811 1900 5864 κέ-

2009 4640 2176 4694 porro
2202 4624 2270 4679 de
2294 4623 2565 4695 Symeone
2594 4623 2773 4692 deque
2807 4621 3091 4676 miraculis
3122 4622 3242 4691 ejus
3268 4622 3607 4691 quolidiauis

2005 4716 2167 4786 longe
2204 4725 2367 4785 atque
2430 4715 2539 4769 late
2572 4722 2863 4784 pervagata
2900 4755 2915 4778 ,
2973 4711 3385 4767 confluentibus
3426 4712 3493 4766 ad
3546 4728 3604 4768 se

2010 4808 2225 4879 ingenti
2261 4822 2497 4862 numero
2534 4806 2738 4869 turbis,
2779 4820 2903 4859 eum
2963 4804 3214 4860 sufficere
3264 4820 3410 4859 unus
3481 4805 3599 4873 ipse

2006 4904 2268 4970 nequiret
2295 4900 2540 4953 laborem
2564 4915 2697 4954 cum
2714 4897 3001 4967 discipulis
3028 4897 3285 4967 partitus,
3307 4911 3603 4951 consecra~

2008 5000 2092 5047 tas
2124 4992 2190 5047 iis
2220 4992 2401 5062 virgas
2427 4992 2707 5062 porrexit:
2736 5005 2873 5058 quas
2903 4989 3003 5057 ipsi
3027 5004 3171 5058 aegre
3219 4986 3571 5045 habentibus.

2007 5097 2072 5137 ac
2107 5081 2383 5151 praecipue
2433 5097 2463 5135 a
2517 5081 2661 5134 malo
2701 5079 2900 5149 spiritu
2962 5076 3190 5132 insessis
3243 5076 3602 5131 admoventes

2008 5172 2372 5241 iuquiebant:
2407 5171 2534 5226 llam
2557 5170 2693 5225 dicit
2719 5185 2919 5225 servus
2965 5168 3056 5221 Dei
3091 5166 3329 5237 Symeon
3391 5167 3602 5235 (utnos

2008 5277 2230 5332 quoque
2260 5262 2559 5316 verborum
2605 5262 2849 5331 angelica
2874 5260 3023 5314 illius
3045 5259 3235 5323 lingua
3260 5257 3598 5327 prolatorum

2008 5351 2530 5409 commemoratione
2599 5350 3030 5418 sanctificemur)
3074 5367 3088 5402 :
3130 5347 3326 5411 Exite,
3394 5345 3598 5416 impuri

2008 5444 2239 5514 spiritus
2265 5459 2296 5498 e
2325 5443 2595 5497 creaturis
2617 5443 2731 5497 Dei.
2760 5444 2871 5496 Nec
2915 5457 3090 5506 mora,
3139 5440 3472 5494 videbantur
3501 5454 3601 5509 per

2009 5553 2203 5593 omnes
2237 5552 2434 5591 sensus
2461 5536 2686 5606 expelli.
2705 5541 2890 5595 Virtus
2910 5546 3091 5590 autem
3125 5535 3217 5588 illa
3245 5534 3595 5598 miraculosa,

2009 5631 2209 5699 cuique
2236 5628 2402 5698 virgae
2465 5626 2681 5693 indita,
2745 5628 2910 5680 trium
2962 5626 3250 5681 hominum
3306 5626 3592 5681 sanatione

2010 5718 2575 5777 eireumseribebatur
2619 5739 2632 5775 ι
2670 5719 2798 5775 dein
2850 5720 3084 5793 Symeon
3119 5719 3318 5775 iterata
3360 5719 3596 5775 tactione

2013 5811 2161 5866 illam
2195 5810 2394 5866 iterum
2424 5810 2808 5877 benedicebat,
2843 5810 2970 5867 inde
2998 5809 3265 5866 miracula
3316 5818 3377 5865 ut
3435 5810 3595 5885 prius
