3980 6296
470 333 616 398 3039
636 344 639 349 λ

1677 342 1737 401 S.
1779 342 2160 401 SY‘MEONIS
2192 339 2555 402 JUNIORIS

3611 329 3733 391 30m

468 453 826 517 operantem:
884 445 939 500 id
989 454 1174 501 autem
1229 448 1508 517 sapienter
1570 449 1647 502 sic
1717 447 2036 501 instituerat

2161 465 2335 519 (ρητο,
2363 446 2540 515 σοφῶς
2584 444 2748 498 αὑτοῦ
2801 445 2893 496 καὶ
2922 440 3076 494 τοῦτο
3100 436 3575 509 οίκονομοῦντος,
3614 436 3734 492 ὥστε

470 550 738 605 sanctus,
792 557 862 596 ne
916 541 1098 597 inanis
1145 543 1332 613 gloria:
1377 543 1708 614 cogitatione
1779 542 2040 611 discipuli

469 630 817 685 cﬂ'errcntnr.

2155 539 2230 610 μὴ
2266 539 2511 609 λογισμῷ
2544 536 2668 599 τοὺς
2710 532 2952 605 μαθητὰς
2986 532 3306 598 κενοδοξίας
3340 530 3583 583 ἁλῶναι.

1870 740 2096 799 CAPUT
2142 737 2282 794 VIII.

611 833 904 902 Abiguntur
925 834 1049 903 fera:
1077 842 1125 886 et
1150 836 1357 899 hostes;
1388 835 1689 888 revelantur
1722 837 2073 899 calamitates,
2089 843 2135 885 et
2166 829 2429 891 eveniunt;
2451 827 2709 878 deseritur
2732 833 2942 877 sanctus
2965 821 3190 893 Symeon
3225 838 3262 872 α
3295 820 3609 889 discipulis.

546 927 609 981 57
689 928 891 981 Verum
947 929 1250 983 enimvero
1291 931 1416 998 quis
1473 930 1686 1000 singula
1753 930 2043 1001 Symeonis

473 1025 625 1085 gesta
652 1017 976 1071 miraculosa
1001 1020 1321 1072 recenseat?
1343 1020 1670 1088 qumlingua
1696 1018 2041 1080 euarrandis,

475 1124 595 1172 qum
623 1123 814 1160 manus
833 1109 1275 1173 conscribendis,
1306 1126 1428 1178 qua:
1473 1112 1650 1164 oratio
1702 1109 2044 1180 explicandis

475 1192 742 1247 sufliciat?
768 1195 860 1248 Vir
884 1196 1130 1264 quidam,
1158 1197 1423 1267 Georgius
1449 1200 1830 1264 nominernon
1859 1198 2047 1252 admo—

475 1285 606 1338 dum
638 1284 797 1354 longe
825 1286 877 1339 in
909 1288 1263 1342 solitudinem
1286 1305 1636 1357 progressus,
1676 1290 1947 1344 inciderat
1991 1290 2063 1343 in~

476 1373 653 1430 feras:
687 1391 924 1445 cumque
953 1390 1097 1433 esset
1136 1381 1294 1449 inops
1318 1382 1534 1435 consilii
1564 1423 1578 1445 ,
1629 1382 1802 1436 sancti
1846 1396 2047 1435 nomen

473 1463 528 1515 iu
584 1468 865 1532 suppetias
909 1466 1164 1532 advocat,
1214 1484 1327 1538 quo
1391 1470 1537 1524 facto
1582 1472 1754 1525 rictus
1804 1470 2047 1525 ferarum

474 1552 624 1606 illico
679 1556 1156 1626 constringuntur.
1202 1559 1393 1628 Neque
1439 1560 1491 1613 id
1544 1569 1779 1619 tantum.
1816 1561 1913 1615 sed
1979 1560 2049 1614 ad

472 1653 721 1698 sanctum
756 1661 978 1715 quoque
1027 1664 1239 1709 omnes.
1297 1650 1371 1703 ita
1435 1658 1494 1703 ut
1556 1661 1736 1713 erant,
1773 1650 2049 1705 curriculo

2218 919 2315 984 νζῖ
2360 920 2520 972 Ἀλλὰ
2553 919 2668 982 πῶς
2695 919 2758 971 ἄν
2782 934 2862 977 τις
2891 916 2998 968 τῶν
3017 914 3107 967 τοῦ
3141 913 3397 979 Συμεὼν
3431 915 3736 980 θαυμασίων

2148 1017 2356 1069 ἕκαστα
2415 1008 2911 1076 καταλέγοιςποία
2965 1007 3022 1060 δὲ
3078 1006 3313 1073 γλῶττα
3372 1005 3735 1074 διακονήσειεν

2150 1110 2332 1169 αὐτοῖς
2366 1106 2399 1176 ἢ
2430 1104 2550 1173 χείρ
2578 1121 2592 1167 ;
2621 1101 2653 1172 ἢ
2695 1102 2777 1164 τίς
2806 1103 2885 1162 είς
2929 1099 3223 1169 ἑρμηνείαν
3259 1098 3542 1168 ἀρκέσειε
3568 1097 3733 1163 λόγοςς

2164 1198 2330 1265 Ἀνὴρ
2376 1196 2486 1263 γάρ
2514 1210 2596 1254 τις
2643 1193 2812 1260 ὄνομα
2848 1190 3122 1259 Γεώργιος
3171 1190 3235 1240 οὐ
3273 1188 3377 1240 διὰ
3419 1187 3632 1257 μακροῦ
3654 1188 3735 1254 τῆς

2158 1289 2325 1358 μονῆς
2369 1286 2579 1354 θηρίοις
2628 1280 3038 1351 περιπεπτώιιει
3065 1298 3077 1309 ·
3106 1281 3165 1333 ὲν
3225 1280 3527 1349 ἀμηχάνῳ
3580 1277 3733 1331 τοίνυν

2152 1377 2307 1440 εἰδὼς
2332 1376 2541 1437 ἑαυτὸν,
2578 1373 2640 1426 τὸ
2671 1374 2762 1426 τοῦ
2807 1372 2989 1438 ’Λγίου
3020 1368 3188 1439 ὄνομα
3223 1370 3403 1427 κα.λεί
3453 1368 3594 1437 πρὸς
3614 1368 3732 1435 ipso

2158 1486 2256 1521 ναν
2285 1485 2301 1499 ·
2343 1468 2436 1521 καὶ
2490 1464 2829 1534 παραχρῆμα
2880 1461 3207 1531 δεσμοῦνται
3258 1462 3392 1520 τοῖς
3459 1458 3661 1528 θηρίοις
3687 1459 3730 1509 αἱ

2152 1558 2417 1626 σιαγόνες.
2470 1558 2579 1609 Καὶ
2640 1556 2698 1608 οὗ
2733 1553 2892 1607 τοῦτο
2925 1551 3244 1621 θαυμαστὸν
3288 1550 3467 1618 μόνον
3492 1590 3508 1609 ,
3540 1547 3729 1600 ἀλλ’ὅτι

2155 1650 2250 1702 καὶ
2298 1648 2448 1717 παρὰ
2496 1647 2588 1699 τὸν
2614 1645 2807 1713 ’Δγιον
2843 1643 2918 1706 ὡς
2958 1637 3103 1712 εῖχεν
3142 1641 3321 1703 εὐθὺς
3358 1640 3638 1709 δρομαίως
3674 1636 3730 1689 τὰ

473 1733 786 1795 tendentes.
826 1752 922 1791 ora
955 1740 1349 1794 suaveolumnae
1396 1740 1519 1794 basi
1560 1740 1870 1810 imponunt,
1926 1751 2053 1795 tan-

2161 1739 2320 1809 quia
2381 1737 2628 1798 ἐλθόντα,
2679 1733 2892 1786 τιθέασι
2939 1732 3008 1786 τὰ
3065 1731 3331 1801 στόματα
3373 1728 3537 1799 παρὰ
3564 1731 3624 1796 τῇ
3654 1726 3728 1778 τοῦ

470 1840 636 1891 quam
679 1841 882 1896 gnarae,
947 1828 1072 1897 quis
1123 1830 1228 1884 sibi
1264 1830 1318 1883 id
1384 1831 1590 1885 vinculi
1635 1832 1934 1900 injecisset,
1982 1846 2047 1886 ac

473 1928 625 1968 more
650 1930 969 1984 prccantum
1012 1918 1218 1973 ibidem
1249 1920 1631 1988 persistentes,
1667 1920 1855 1975 soluta!
1890 1927 2042 1974 sunt.

471 2004 650 2074 Atque
683 2007 814 2061 illud
861 2009 1026 2062 etiam
1051 2010 1172 2077 plus
1213 2010 1596 2064 admirationis
1646 2009 1846 2073 habet,
1893 2010 2043 2079 quod

472 2096 794 2165 priusquam
853 2097 1206 2153 advenissent
1272 2099 1419 2164 fere,
1470 2098 1604 2169 quid
1665 2100 1774 2154 illis
1833 2100 2057 2154 factum-

472 2195 639 2247 esset.
669 2186 902 2254 Symeon
934 2189 1423 2244 circumstantibus
1460 2192 1903 2258 praenuntiasset.

545 2277 633 2331 58.
676 2278 847 2347 Regio
878 2280 1184 2335 Antiochia:
1213 2282 1458 2350 subjecta
1486 2291 1593 2336 tam
1641 2283 2034 2352 frequentibus

471 2367 715 2423 scatebat
738 2369 886 2433 feris,
903 2372 1085 2440 specie
1104 2371 1489 2426 diversimodis
1505 2383 1561 2426 et
1585 2372 1898 2427 insidiando
1921 2389 2045 2443 per-

472 2458 802 2522 niciosis,ut
832 2477 937 2514 non
973 2461 1079 2515 viri
1137 2472 1354 2517 tantum
1410 2464 1737 2533 feminaeque
1795 2467 1896 2521 tuti
1936 2483 2045 2521 non

471 2559 657 2602 essent
687 2550 756 2604 ab
803 2550 1021 2604 illorum
1072 2550 1311 2615 laniena,
1373 2552 1469 2605 sed
1515 2551 1757 2608 infantes
1827 2570 2047 2624 quoque

472 2635 731 2693 domibus
770 2639 905 2701 suis,
936 2639 1029 2694 ubi
1067 2640 1329 2707 latebant,
1360 2644 1592 2697 extracti
1628 2643 1823 2698 iisdem
1865 2644 2048 2713 pra-da

472 2730 768 2798 cederent;
819 2733 919 2787 via:
963 2750 1155 2788 onmes
1197 2735 1681 2804 interciperentur,
1731 2746 1789 2792 et
1807 2739 2048 2808 agricul-

476 2828 598 2875 tura
617 2831 873 2878 cessaret.
897 2824 1003 2879 nisi
1030 2824 1172 2879 forte
1199 2833 1350 2880 tanto
1379 2842 1611 2882 numero
1640 2829 2046 2896 convenissent,

473 2918 537 2964 ut
563 2919 688 2979 apta
713 2913 781 2966 ad
809 2914 1174 2969 resistendum
1211 2925 1389 2970 turma
1420 2917 1621 2972 forent.
1663 2917 1939 2986 chantur
1963 2935 2052 2976 er-

473 3015 543 3069 go
570 3001 730 3056 istius
764 3002 1003 3073 regionis
1029 3006 1253 3074 quidam
1287 3007 1355 3061 ad
1384 3019 1658 3072 sanctum,
1682 3018 1960 3079 utpetant
1982 3012 2051 3067 li-

473 3089 655 3146 berari
683 3102 789 3147 tam
823 3109 965 3148 sava
995 3096 1299 3151 vicinitate.
1333 3098 1428 3151 Ille
1460 3107 1646 3152 autem
1675 3108 1733 3151 ut
1755 3109 1872 3154 erat
1895 3117 2050 3156 man-

474 3190 691 3247 suetus,
737 3183 841 3238 hoc
872 3185 1163 3240 orantibus
1186 3187 1434 3255 responsi
1467 3187 1658 3243 dedit:
1692 3189 1897 3243 Indicia
1939 3191 2055 3246 haec

475 3274 779 3344 suntjustae
812 3274 1231 3345 indignationis,
1262 3293 1368 3346 qua
1397 3277 1558 3333 nobis
1579 3289 1865 3334 succenset
1887 3282 2051 3339 Deus.

474 3363 619 3418 Dicit
651 3365 855 3434 quippe
897 3367 1176 3434 apostolus
1202 3369 1321 3438 ejus
1345 3369 1547 3424 Paulus
1568 3370 1607 3401 “
1640 3388 1655 3423 :
1682 3370 1819 3437 Quia
1842 3383 2056 3444 propter

474 3454 585 3509 lucc
618 3458 757 3509 venit
800 3458 881 3509 ira
911 3456 1008 3510 Dei
1039 3460 1093 3512 in
1120 3458 1261 3527 ﬁlios
1287 3461 1618 3531 di/ﬁdentiw;
1648 3464 1829 3533 qualia
1856 3482 2064 3537 nempe

2158 1831 2334 1894 κίονος
2365 1829 2540 1900 βάσει,
2570 1827 2846 1896 καθάπερ,
2878 1825 3002 1878 ὅθεν
3022 1824 3206 1885 αὐτοῖς
3231 1824 3268 1891 ἡ
3300 1821 3472 1891 πέδη,
3506 1819 3726 1876 αἰσθανό-

2153 1937 2312 1989 μενα,
2341 1918 2599 1972 κάκεῖθεν
2663 1916 2962 1986 αἰτούμενα
3018 1914 3111 1967 καὶ
3168 1911 3548 1982 λαμὸἀνσντα
3577 1909 3724 1964 λύσιν.

2150 2012 2389 2064 Κάκεῖνο
2417 2009 2579 2063 πάλιν
2605 2004 3190 2076 θαυμασιώτεροννότι
3250 2006 3357 2056 καὶ
3391 2003 3502 2070 πρὸ
3526 2003 3619 2069 τῆς
3639 2001 3724 2052 τῶν

2150 2101 2355 2170 θηρίων
2380 2098 2709 2169 παρουσίας,
2741 2098 2810 2150 τὰ
2832 2097 2963 2167 περὶ
2985 2094 3166 2148 αὐτῶν
3193 2095 3324 2157 τοῖς
3349 2092 3621 2163 παροῦσιν
3647 2089 3727 2142 Dub

2152 2191 2246 2245 τοῦ
2281 2189 2507 2260 Συμεὼν
2534 2189 2935 2261 προηγόρευτο.

2226 2290 2327 2353 νη’.
2365 2283 2580 2344 Πολλοῖς
2609 2281 2803 2349 ἔϐρυεν
2832 2282 2865 2349 ἡ
2898 2278 3051 2349 χώρα
3072 2277 3295 2347 θηρίοις
3330 2281 3367 2347 ὴ
3399 2276 3504 2329 ὑπὸ
3532 2278 3595 2344 τῇ
3633 2274 3725 2326 Ἀν-

2152 2377 2331 2446 τιόχου
2360 2376 2610 2444 κειμένη,
2637 2373 2698 2425 τό
2717 2390 2773 2424 τε
2790 2368 2927 2434 εἶδος
2956 2370 3246 2433 ποικίλοις.
3280 2371 3382 2423 καὶ
3409 2370 3511 2440 τὴν
3532 2367 3717 2420 ὲπιίονο

2154 2467 2250 2537 λὴν
2279 2468 2564 2537 ὀλεθρίοις,
2589 2465 2662 2528 ὡς
2695 2464 2794 2516 οὐκ
2826 2463 3023 2532 ἄνδρας
3050 2446 3211 2531 μόνον
3239 2462 3344 2514 καὶ
3375 2463 3631 2528 γυναῖκας
3648 2456 3717 2508 ὑπ’

2156 2558 2335 2613 αὐτῶν
2364 2556 2791 2626 διαφθείρεσθαι,
2817 2553 2951 2606 ἀλλὰ
2980 2558 3073 2606 καὶ
3093 2553 3295 2606 παιδία
3324 2552 3539 2613 τούτοις
3561 2554 3617 2604 ἑκ
3632 2549 3712 2600 τῶν
3765 2575 3775 2592 ι

2155 2651 2321 2704 οἴκων
2355 2651 2626 2720 ἅρπαγμα
2656 2646 2922 2714 γίνεσθαι,
2953 2644 3089 2698 ὁδῶν
3120 2661 3180 2696 τε
3215 2645 3433 2704 αὐτοὺς
3465 2642 3555 2696 καὶ
3572 2656 3715 2710 γεωρ-

2157 2739 2281 2809 γίας
2317 2735 2760 2796 ἀποκεκλεῖσθαι,
2787 2736 2834 2786 εἰ
2860 2736 2934 2803 μὴ
2961 2734 3100 2786 κατὰ
3133 2732 3355 2802 πλῆθος
3389 2729 3710 2801 ἀθροισθείεν,

2158 2831 2253 2882 καὶ
2280 2830 2402 2899 χεὶρ
2431 2826 2589 2897 ἱκανὴ
2620 2826 2755 2896 πρὸς
2778 2822 3210 2893 ἀντιπαράταξιν
3239 2822 3513 2890 γένοιντο.
3547 2817 3714 2872 Ἀνίασι

2157 2922 2335 2975 τοίνυν
2369 2920 2505 2989 πρὸς
2524 2919 2614 2971 τὸν
2638 2919 2824 2984 Ἀγιον
2854 2916 2903 2966 oi
2937 2915 3032 2982 τῆς
3066 2913 3285 2984 χώρας,
3322 2909 3629 2979 ἀπαλλαγὴν
3651 2908 3712 2962 αἱ·

2157 3013 2377 3074 τοῦντες
2407 3010 2642 3080 χαλεποῦ
2673 3008 3084 3076 γειτονήματος.
3140 3006 3198 3058 Ὀ
3219 3005 3290 3058 δὲ
3328 3005 3520 3075 πράως
3544 2999 3710 3054 ὑπολα-

2159 3102 2289 3164 6ὼν,
2330 3100 2573 3168 Ἀδελφοί
2628 3116 2751 3169 μου,
2793 3098 2919 3165 ἔφη,
2949 3097 3227 3165 τεκμήριά
3277 3098 3388 3148 είσι
3438 3093 3594 3147 ταῦτα
3637 3090 3709 3156 τῆς

2158 3192 2250 3247 τοῦ
2270 3192 2404 3245 Θεοῦ
2425 3190 2545 3244 καθ’
2567 3188 2724 3258 ἡμῶν
2748 3189 2962 3249 δικαίας
2981 3186 3151 3256 ὀργῆς
3177 3187 3279 3238 καὶ
3305 3186 3585 3255 κινήσεων
3606 3181 3707 3247 φησί

2160 3284 2319 3353 γὰρὸ
2348 3283 2488 3344 Θεῖος
2526 3280 2820 3344 ἀπόστολος
2859 3278 3068 3339 Παῦλος
3094 3318 3109 3341 ,
3136 3278 3242 3331 Διά
3281 3277 3472 3331 ταῦτα
3512 3275 3704 3342 ἔρχεται

2159 3374 2368 3443 ήόργὴ
2394 3374 2500 3429 τοῦ
2528 3372 2678 3427 Θεοῦ
2699 3372 2796 3425 ἐπὶ
2821 3370 2958 3433 τοὺς
2990 3369 3163 3434 υίούς
3184 3370 3303 3435 τῆς
3330 3370 3636 3428 ἀπειθείας,
3663 3361 3705 3413 a-

2162 3467 2283 3520 τινά
2306 3469 2432 3530 εἱσι,
2459 3464 2701 3535 πορνεία,
2727 3462 3055 3531 ἀκαθαρσία,
3076 3462 3275 3525 πάθος,
3295 3460 3555 3528 ἐπιθυμία
3572 3454 3700 3521 κακὴ,

475 3555 625 3610 sunt,
661 3546 971 3612 fornicatio,
997 3549 1364 3615 immunditia,
1410 3554 1717 3621 passiones,
1752 3570 1919 3624 prava
1963 3555 2053 3612 de-

2166 3559 2468 3622 πλεονεξία,
2499 3558 2622 3627 ἥτις
2672 3556 2821 3608 ἐστὶν
2852 3553 3306 3622 εἰδωλολατρεία·
3354 3552 3434 3606 διὸ
3466 3550 3600 3619 πάσῃ
3626 3562 3704 3607 φυ·

475 3635 698 3702 sideria,
723 3639 953 3693 avaritia
975 3655 1094 3709 qua:
1113 3649 1197 3696 est
1224 3641 1498 3696 idolorum
1527 3646 1785 3700 servitus.
1806 3646 2055 3718 Quapro-

476 3735 598 3798 pter
620 3729 769 3783 omni
803 3730 1095 3786 sedulitate
1121 3734 1497 3788 custodiamus
1539 3738 1926 3807 nosmetipsos,
1984 3756 2059 3795 ne

475 3818 740 3890 deinceps
772 3821 990 3877 tristitia
1036 3823 1336 3879 adiciamus
1363 3824 1628 3895 Spiritum
1673 3840 1943 3895 sanctum,
1998 3831 2055 3886 in

476 3926 587 3979 quo
614 3912 810 3981 signati
838 3930 1027 3970 sumus
1067 3916 1120 3970 in
1149 3915 1293 3971 diem
1320 3918 1715 3988 redemptionis
1740 3922 1803 3986 ",
1845 3923 1899 3975 in
1930 3938 2040 3992 quo

478 4011 534 4058 ct
549 4006 767 4059 arrbam
796 4008 1111 4077 accepimus
1138 4008 1205 4062 ad
1235 4023 1388 4078 spem
1410 4009 1532 4062 vitae
1546 4009 1891 4079 sempiternae
1910 4010 2059 4063 :vult

479 4094 625 4148 cnim
651 4095 811 4150 Pater
836 4096 1362 4162 miscricordiarum,
1386 4107 1446 4153 ut
1471 4114 1596 4162 nos,
1630 4099 1910 4153 libidinosi
1937 4100 2067 4166 filii,

484 4185 673 4252 procul
700 4185 768 4239 ab
793 4185 913 4255 ipso
942 4188 1285 4252 aberrantes,
1315 4190 1698 4258 prenitentiam
1724 4206 1967 4260 agamus,
2000 4199 2062 4245 ut

482 4288 582 4345 per
615 4274 947 4329 sacrificium
978 4276 1245 4330 mundum
1280 4278 1545 4347 unigeniti
1581 4279 1732 4333 illitis
1764 4279 1907 4339 Filii,
1957 4280 2063 4333 D0-

483 4364 617 4420 miui
666 4365 840 4419 nostri
882 4376 939 4419 et
975 4366 1068 4420 Dei
1099 4375 1155 4421 et
1205 4367 1518 4424 Servatoris
1546 4370 1673 4425 .lesu
1709 4370 1937 4435 Christi,
1991 4369 2060 4424 ad

484 4455 664 4527 ipsum
720 4467 1130 4512 convertamur.
1178 4459 1280 4513 Per
1326 4476 1487 4530 quem
1534 4462 1682 4516 enim
1736 4462 2061 4531 jampridem

485 4551 868 4605 remissionem
899 4551 1260 4616 obtinuimus,
1291 4564 1347 4607 et
1389 4571 1671 4612 accessum
1719 4557 1786 4611 ad
1842 4558 2062 4611 Patrem

485 4641 799 4707 habuimus,
844 4641 892 4695 is
926 4658 1073 4698 nunc
1099 4660 1337 4715 quoque,
1366 4648 1638 4716 propitius
1666 4648 1825 4703 nobis
1854 4652 2058 4711 factus,

484 4732 769 4802 castigabit
812 4732 954 4787 feras
981 4735 1264 4800 silvarum,
1300 4754 1397 4792 nec
1434 4754 1672 4808 unquam
1708 4746 1829 4806 post
1866 4737 2065 4791 timen-

484 4822 613 4875 dntn
643 4823 798 4878 vobis
820 4823 888 4878 ab
911 4824 1030 4879 illis
1062 4827 1190 4884 erit.
1226 4839 1491 4897 perpetua
1524 4829 1885 4883 indeumitate
1929 4828 2063 4881 frui-

2155 3651 2294 3720 λακῇ
2319 3651 2647 3719 τηρήσωμεν
2675 3646 2922 3707 ἑαυτοὺς,
2938 3645 3151 3713 »μηκέτι
3180 3644 3430 3713 λυπῆσαι
3449 3644 3506 3694 τὸ
3526 3635 3701 3702 Πνεῦμα

2156 3741 2216 3795 τὸ
2243 3740 2415 3809 ἅγιον,
2441 3739 2497 3789 ἐν
2524 3731 3052 3805 ᾧοὲσφραγίσθημεν
3077 3736 3161 3797 είς
3190 3723 3703 3806 ἡμέρανςάπολυτρώ-

2161 3847 2320 3892 σεως,
2350 3832 2411 3882 ὲν
2517 3829 2607 3880 καὶ
2639 3827 2762 3888 τοὺς
2793 3824 3125 3896 ἀρραϐῶνας
3160 3825 3436 3894 ἐλάϐομεν
3465 3820 3544 3874 ἐπ’
3566 3814 3701 3869 ἐλπίδι

2160 3920 2303 3989 ζωῆς
2331 3919 2574 3973 αἰωνίουσ
2610 3916 2751 3970 θέλει
2780 3916 2887 3986 γὰρ
2911 3915 2941 3967 ὁ
2972 3916 3166 3985 Πατὴρ
3193 3916 3308 3968 τῶν
3330 3909 3610 3983 οἰκτιρμῶν
3626 3904 3699 3973 τὴν

2159 4010 2432 4079 ἡμετέραν
2478 4006 2586 4060 τῶν
2636 4006 2861 4059 ἀσώτων
2894 4005 3028 4057 υἱῶν
3063 4005 3174 4057 τῶν
3205 4006 3266 4072 ἐξ
3305 4004 3470 4059 αὐτοῦ
3501 4012 3698 4071 μακρυν·

2160 4102 2360 4155 θέντων
2398 4100 2708 4171 μετάνοιαν,
2749 4096 2837 4149 ἴνα
2873 4096 2961 4149 διὰ
3009 4095 3112 4166 τῆς
3147 4098 3404 4168 καθαρᾶς
3433 4093 3602 4150 θυσίας
3627 4081 3698 4171 τοῦ

2164 4191 2482 4263 μονογενοῦς
2505 4189 2667 4244 αὑτοῦ
2695 4186 2846 4251 Υἱοῦ,
2880 4187 3085 4256 Κυρίου
3114 4188 3160 4240 δ’
3190 4188 3350 4258 ήμῶν
3374 4186 3464 4239 καὶ
3488 4179 3606 4235 Θεοῦ
3629 4170 3700 4226 καὶ

2162 4284 2413 4349 Σωτῆρος
2452 4280 2623 4349 Ἰησοῦ
2661 4278 2921 4349 Χριστοῦ,
2956 4279 3090 4348 ’πρὸς
3113 4280 3283 4331 αὑτὸν
3314 4272 3694 4346 ἑπιστρέφωμεν.

2163 4374 2239 4427 Δι’
2270 4367 2332 4427 οὗ
2360 4372 2453 4425 καὶ
2479 4372 2575 4441 τὴν
2612 4370 2805 4438 ἄφεσιν
2839 4371 2935 4421 καί
2966 4368 3063 4438 τὴν
3099 4368 3472 4440 προσαγωγὴν
3503 4361 3696 4429 studt?

2168 4482 2287 4534 μεν,
2321 4462 2379 4526 ὃς
2409 4464 2501 4515 καὶ
2534 4461 2629 4513 νῦν
2659 4462 2788 4529 ἡμῖν
2811 4459 2968 4521 ἵλεως
2986 4459 3256 4526 γεγονὼς,
3292 4457 3587 4525 ἐπιτιμήσει
3610 4447 3694 4542 τοῖξ

2165 4555 2373 4624 θηρίοις
2407 4552 2500 4606 τοῦ
2528 4551 2759 4622 δρυμοῦ,
2781 4550 2878 4603 καὶ
2897 4550 3095 4602 οὐκέτι
3126 4550 3295 4618 φόϐος
3334 4551 3457 4619 ὑμῖν
3485 4544 3537 4608 ἐξ
3566 4539 3695 4594 αὐτοῦ

2163 4647 2337 4710 οὐδεὶς
2385 4644 2557 4705 ἔσται,
2589 4641 2725 4694 ἀλλὰ
2771 4639 3051 4692 ἰδ-λοιπὸν
3097 4640 3378 4711 ἐλεύθεροι
3406 4638 3496 4705 τῆς
3532 4629 3693 4683 τούτων

2167 4734 2369 4807 βλάϐης
2419 4734 2747 4801 διαμενείτε.
2780 4729 2970 4783 Ταῦτα
3016 4731 3066 4781 οἱ
3117 4732 3220 4798 μὲν
3266 4716 3694 4814 ἀκούσαντες..ῶέ

2170 4801 2396 4894 στόματι
2443 4821 2561 4891 Θεῷ
2615 4821 2709 4873 καὶ
2758 4818 2834 4887 τῷ
2894 4818 3120 4887 Συμεὼν
3154 4820 3537 4890 ηὐχαρίστουν·
3574 4807 3621 4860 τὸ
3652 4801 3693 4852 δὲ

483 4911 644 4967 turis.
672 4912 830 4968 Ilisce
863 4915 938 4968 illi
983 4916 1187 4972 auditis
1216 4919 1377 4986 pleno
1418 4934 1513 4971 ore
1554 4919 1665 4971 Deo
1710 4933 1774 4971 ac
1804 4917 2053 4987 Symeoni

2168 4916 2276 4968 τῶν
2325 4914 2528 4983 θηρίων
2594 4909 2793 4981 πλῆθος
2849 4910 2910 4973 ἐξ
2970 4910 3195 4962 ἐκείνου.
3246 4912 3346 4980 τῆς
3403 4904 3565 4977 χώρας
3615 4897 3692 4947 ἀπ’
3755 4952 3762 4961 ,

482 5001 686 5071 gratias
732 5005 1116 5072 persolverunt
1150 5024 1162 5057 :
1197 5005 1325 5060 ferae
1363 5016 1545 5060 autem
1578 5023 1642 5059 ex
1678 5006 1770 5059 illo
1795 5014 2073 5074 temporer
2169 5006 2445 5076 ήλλακτον

482 5109 513 5148 e
541 5093 686 5150 dicta
724 5096 944 5167 regione
988 5099 1277 5161 abeuntes,
1314 5099 1491 5151 solum
1541 5105 1844 5150 verterunt.

554 5187 639 5244 59.
668 5187 1004 5245 Adolescens
1047 5188 1274 5259 quidam
1316 5203 1480 5257 supra
1517 5187 1778 5257 Daphnen
1814 5189 1912 5258 (7t,
1961 5190 2067 5245 fixo

484 5278 680 5334 obtutu
703 5281 873 5335 solem
898 5282 1171 5335 orientem
1194 5279 1452 5341 intuitus,
1476 5279 1787 5335 facultatem
1808 5280 2069 5335 amiserat

485 5370 708 5425 videndi
734 5388 749 5425 :
776 5373 932 5442 cujus
956 5379 1238 5442 parentes,
1260 5371 1519 5424 omnibus
1540 5371 1663 5425 aliis
1692 5371 1950 5425 remediis
1970 5371 2066 5425 de-

484 5465 741 5532 speratis,
786 5464 839 5517 in
882 5466 1104 5519 nomine
1132 5463 1335 5517 Christi
1360 5472 1414 5517 et
1447 5464 1635 5517 famuli
1681 5465 1800 5531 ejus
1833 5462 2060 5533 Symeo-

561 5576 603 5608 “
660 5576 858 5644 Ephes.
898 5592 952 5639 v,
1085 5577 1140 5631 6.
1222 5577 1264 5607 ¹⁸
1320 5577 1518 5645 Ephcs.
1571 5592 1642 5636 t-v,
1689 5576 1776 5629 50.

566 5684 637 5756 l7)
670 5686 905 5739 Dubium
933 5697 1016 5742 est
1073 5695 1261 5756 utrum
1314 5687 1443 5740 velit
1498 5704 1683 5756 supra,
1720 5688 1771 5740 id
1808 5697 1892 5741 cst
1920 5688 2061 5738 ultra

492 5750 737 5816 Daphnes
774 5755 1097 5809 suburbium
1158 5755 1428 5808 habitasse
1493 5750 1771 5823 juvenem,
1825 5758 1911 5809 cui
1965 5757 2066 5808 hoc

2236 5183 2333 5237 νῖν.
2379 5181 2613 5244 Νεανίας
2666 5197 2748 5242 τις
2801 5177 3007 5232 ἄνωθεν
3056 5177 3155 5246 τῆς
3200 5164 3688 5245 Δάφνηςγάνίσχονπ

2166 5276 2513 5347 προσϐλέψας
2561 5273 2745 5333 ἀτενὲς
2782 5270 2859 5331 τῷ
2887 5269 3044 5340 ἡλίῳ,
3072 5269 3176 5339 τὴν
3210 5266 3434 5335 ὀπτικὴν
3460 5257 3688 5312 σϐέννυται

2165 5370 2395 5437 δύναμιν
2418 5383 2431 5396 ·
2462 5364 2570 5418 τῶν
2604 5365 2777 5419 ἄλλων
2817 5361 2999 5414 τοίνυν
3038 5362 3302 5415 ἁπάντων
3343 5361 3389 5412 οι
3421 5350 3686 5437 τούτου-’ἴθ’

2165 5463 2274 5522 νεῖς
2303 5430 2665 5525 ’ἀπο-γνόντες,
2704 5454 2934 5506 ἅπτουσι
2976 5452 3201 5521 λυχνίαν
3239 5451 3327 5504 ἐπ’
3363 5446 3561 5512 ὼόματι
3585 5430 3686 5496 XF“

2168 5684 2404 5748 accidit;
2460 5699 2540 5737 an.
2600 5683 2685 5737 ihi-
2728 5679 3029 5736 exsistenti‘
3075 5677 3435 5734 infortunium
3476 5658 3687 5721 caecitatis

2174 5755 2480 5808 nln'cnisse.
