3980 6296
261 348 394 414 30H

1262 357 1439 415 VITA
1478 358 1526 414 Α
1561 354 2005 415 NICEPHORO
2030 355 2529 417 ‘CONSCRIPTA.

3386 361 3526 421 3042

245 460 395 523 στοῦ,
431 459 525 513 καὶ
553 460 651 516 τοῦ
679 461 1013 533 θεράποντος
1040 462 1204 516 αὐτοῦ
1235 460 1482 534 Συμεὼν,
1512 459 1593 515 ἔτι
1622 461 1719 514 καὶ
1747 459 1834 514 θυ-

1941 460 2045 524 nis,
2113 462 2398 517 candelam
2450 462 2782 527 accendunt,
2840 464 3067 534 insuper
3129 474 3186 520 et
3238 466 3524 526 incensum

245 549 428 620 μιαμα
456 553 903 622 προσαγαγόντες
929 571 942 585 ο
977 553 1072 608 καὶ
1106 554 1306 607 αὐτίκα
1335 553 1411 624 τῷ
1439 555 1708 624 νεανίσκῳ
1738 553 1835 624 (ὡς

239 639 381 693 πολὺ
413 641 474 694 τὸ
504 642 708 711 πλῆθος
734 643 835 713 τῆς
865 645 1237 715 χρηστότητος
1272 662 1389 710 σου,
1422 644 1617 716 Κύριε,
1650 640 1717 716 ἦς
1747 647 1834 711 ἑξ-

242 730 487 797 ειργάσω
531 734 641 795 τοῖς
673 732 984 796 ἐλπίζουσιν
1013 734 1106 786 ἐπὶ
1142 734 1203 787 σέ
1227 733 1276 801 l)
1306 734 1365 788 τι
1399 733 1509 787 τῶν
1537 733 1835 802 ὀφθαλμῶν

244 816 400 884 αὖθις
452 822 700 875 ἐπάνεισι
749 823 866 892 φῶς
892 862 905 876 .
951 824 1179 894 Ἕτερος
1213 825 1321 877 ὑπό
1364 842 1509 889 τινος
1546 824 1703 879 νόσου
1736 824 1836 896 τὴν

243 911 453 964 κοιλίαν
486 912 765 981 διώγκωτο
789 929 803 945 ο
837 914 1110 985 ἰατρικαῖς
1132 916 1314 968 τοίνυν
1338 915 1555 985 τέχναις
1577 914 1836 986 οἰμώζειν

244 1002 415 1057 εἰπὼν
459 1005 548 1057 τὸν
594 1005 738 1057 θεῖον
785 1005 1014 1077 Συμεὼν
1059 1008 1140 1071 εἰς
1192 1008 1335 1061 ἴασιν
1375 1005 1469 1059 τοῦ
1506 1005 1710 1069 πάθους
1750 1007 1837 1072 ἐξ·
1872 1008 1879 1017 ’

245 1095 513 1147 εκα).εἶτο.
575 1096 685 1147 Καὶ
756 1095 1032 1150 δείκνυσιν
1091 1097 1258 1162 ὕπνος
1316 1097 1466 1168 αύτῷ
1522 1098 1615 1152 τὸν
1668 1100 1836 1169 ἄνδρα

246 1187 533 1253 σωτήριον,
587 1184 849 1240 ἐπιθέντα
890 1187 968 1258 τῷ
1011 1187 1177 1241 πάθει
1220 1190 1279 1242 τὸ
1326 1189 1681 1259 Εὐαγγέλιον.
1728 1191 1836 1243 Καὶ

245 1275 567 1345 συναπέπτῃ
602 1274 678 1344 τῷ
702 1275 870 1347 ,ὕπνῳ
920 1277 981 1331 τὸ
1029 1279 1223 1346 πάθος,
1267 1282 1362 1333 καὶ
1393 1281 1551 1353 ὑγιὴς
1591 1283 1619 1334 ὁ
1652 1281 1837 1344 κακῶς

244 1364 381 1433 ἔχων
426 1364 784 1429 διυπνισθεὶς,
822 1366 910 1438 ,τῷ
954 1367 1124 1439 ῗΑγίῳ
1158 1368 1471 1440 προσελθὼν
1519 1369 1579 1422 τὸ
1613 1369 1836 1438 γεγονὸς

243 1456 599 1522 ἀπαγγέλλει.
1592 1480 1595 1481 ⁷

317 1547 378 1612 ξ’.
413 1546 571 1599 Οὕτω
591 1545 647 1600 δὲ
673 1546 782 1600 τῶν
811 1547 1129 1618 παράύτοῦ
1160 1549 1453 1620 θαυμάτων
1491 1549 1578 1600 ῑσα
1613 1550 1705 1602 καὶ
1737 1566 1835 1601 πο-

244 1642 441 1708 ταμοῖς
464 1639 767 1709 χεομένων,
804 1643 929 1693 συνέ
941 1642 1175 1712 ρῤευσάν
1200 1658 1328 1694 ποτε
1353 1642 1488 1713 προς
1509 1641 1670 1693 αὐτὸν
1693 1640 1837 1710 ὄχλοι

247 1731 450 1796 πολλοὶ,
500 1734 702 1803 κηροὺς
732 1733 1062 1804 ἀνάψαντες,
1116 1735 1210 1787 καὶ
1252 1734 1474 1797 τούτους
1530 1736 1624 1787 ἐπὶ
1666 1732 1835 1785 καλά-

248 1843 365 1895 μων
390 1824 717 1895 πηξάμενοι,
744 1826 862 1898 Θεῷ
896 1843 955 1879 τε
982 1826 1047 1879 δι’
1071 1826 1240 1880 αὐτοῦ
1269 1827 1673 1896 προσφέροντες
1696 1828 1828 1879 ἁνα-
1868 1799 1908 1856 Β

245 1916 468 1986 θήματα
489 1933 502 1947 ⁸
548 1917 736 1988 ἐπειδὴ
771 1918 868 1971 καὶ
901 1918 1058 1970 τοῦτο
1087 1918 1284 1989 δεκτῂν
1332 1917 1560 1979 ἕκαστος
1591 1916 1706 1988 ᾔδει
1742 1914 1833 1968 θυ-

245 2007 388 2070 σίαν,
411 2009 547 2078 ὅπερ
568 2009 633 2061 ἂν
657 2008 722 2060 δι’
747 2009 911 2063 αὑτοῦ
932 2011 1308 2079 προσενέγκοι.
1348 2009 1406 2062 Ὀ
1425 2008 1480 2061 δὲ
1506 2008 1639 2079 πρὸς
1660 2006 1831 2060 ταῦτα

248 2101 346 2169 μὲν
379 2103 473 2153 καὶ
495 2101 616 2152 λίαν
645 2101 1035 2172 ἀπαραδέκτώς
1060 2098 1172 2170 εἶχε
1195 2118 1207 2131 ·
1230 2101 1364 2171 πρὸς
1388 2101 1445 2154 δὲ
1468 2101 1591 2163 τοὺς
1617 2099 1828 2169 ὄχλους,

245 2193 307 2245 Εἰ
339 2192 434 2245 καὶ
479 2193 544 2245 τὰ
573 2194 702 2262 παρ’
730 2191 916 2263 ,ύμῶν,
946 2192 1122 2260 ἔλεγε,
1163 2193 1582 2262 προσφερόμενα
1622 2191 1834 2261 λαμᾶά·

243 2303 356 2338 νειν
380 2286 564 2350 αὐτὸς,
585 2286 826 2354 ἀδελφοὶ,
852 2285 1262 2356 μὴβουλοίμην,
1293 2285 1527 2337 παλαιὰν
1550 2283 1843 2353 φυλάττων,

245 2381 342 2432 καὶ
377 2380 656 2448 ἡλικιῶτιν
689 2380 1013 2449 συνῄθειαν·
1052 2380 1186 2433 ἀλλὰ
1212 2380 1377 2433 δεκτὰ
1405 2380 1696 2448 γεγένηται
1730 2377 1829 2449 ἥδη

242 2471 382 2540 Θεῷ,
412 2471 490 2541 τῷ
518 2458 755 2526 ἀνενδεεῖ
789 2473 886 2542 μὲν
920 2473 1201 2536 ἁπάντων,
1231 2473 1400 2541 μόνην
1428 2472 1483 2525 δὲ
1513 2471 1832 2541 προαίρεσιν

236 2565 373 2631 παρ’
406 2563 564 2633 ἡμῶν
598 2565 676 2623 εἰς
701 2562 904 2631 ἀγαθὸν
944 2562 1287 2616 ἀπαιτοῦντι.
1322 2564 1499 2633 Ὅπερ
1541 2563 1727 2615 ἐλύπει
1765 2563 1833 2615 τὰ

230 2654 446 2724 πλῄθη,
466 2654 572 2706 ,καὶ
605 2654 811 2724 σφόδρα
831 2655 926 2723 τῆς
963 2654 1197 2708 ἑκάστου
1231 2654 1463 2726 καρδίας
1492 2657 1719 2726 ἥπτετο,
1742 2656 1833 2708 εὐ-

240 2726 579 2816 προσδέκωυ
609 2743 861 2814 καθάπερ
893 2744 1044 2814 αὐτῷ
1082 2745 1181 2814 τῆς
1219 2744 1408 2807 θυσίας
1445 2744 1507 2797 οὐ
1528 2745 1832 2813 γεγενημέ-

180 2871 201 2889 ο
240 2852 360 2904 ηνης.
388 2835 563 2889 Τοῦτο
595 2835 779 2889 τοίνυν
813 2836 1022 2898 ἰδόντας
1084 2836 1213 2898 τοὺς
1258 2834 1510 2904 μαθητὰς
1543 2834 1834 2905 βουλεύσα-

245 2924 370 2978 σθαι
403 2925 528 2980 καθ’
558 2928 809 2992 ἑαυτοὺς,
845 2925 988 2979 ὥστε
1023 2926 1206 2997 κρύφα
1236 2926 1537 2996 λαμϐάνειν
1578 2926 1645 2978 τά
1672 2942 1831 2995 κομι-

243 3014 468 3085 ζόμενα.
513 3017 570 3069 Ὀ
601 3017 658 3071 δὲ
682 3019 833 3088 ⁶μηδὲ
875 3020 976 3086 τὴν
1002 3018 1298 3087 ἐνθύμησιν
1332 3018 1512 3070 αὐτῶν
1538 3019 1831 3087 ἀγνοήσας,

1939 553 2221 609 offerunt:
2253 570 2378 607 cum
2419 570 2449 609 c
2484 556 2715 625 vestigio
2759 555 2944 626 (quam
2986 559 3271 628 multiplex
3300 571 3385 617 est
3427 562 3526 616 be-

1937 644 2180 713 nignitas
2216 655 2332 708 tua,
2379 645 2633 709 Domine,
2674 660 2839 714 quam
2871 649 3223 715 sperantibus
3250 649 3303 703 in
3336 658 3530 705 tetex-
3601 695 3610 703 .

1940 736 2203 789 hibuisti!
2231 736 2247 804 )
2276 736 2425 790 oculi
2466 736 2834 791 adolescentis
2879 736 3081 791 iterum
3115 738 3525 797 illnniinantur.

1936 824 2110 892 Alter,
2150 826 2240 880 cui
2274 835 2470 888 venter
2498 828 2693 881 morbo
2719 828 3355 897 quodam'intumuerat,
3390 832 3529 887 nihil

1936 925 2056 972 arte
2083 918 2294 973 medica
2332 919 2623 975 levaminis
2658 929 2940 990 expertus,
2989 920 3314 993 Symeonem
3352 938 3532 979 reme-

1938 1010 2091 1064 dium
2126 1011 2335 1066 doloris
2364 1012 2446 1065 sui
2481 1013 2796 1082 postulabat
2827 1030 2842 1066 :
2877 1028 3008 1069 ecce
3046 1026 3229 1069 autem
3270 1016 3531 1071 salutaris

1938 1117 2167 1157 somnus
2223 1105 2450 1159 exhibet
2478 1106 2554 1160 illi
2608 1105 2827 1171 virum,
2893 1122 3113 1161 sacrum
3153 1107 3529 1178 .Evangelium

1937 1191 2147 1246 dolenti
2195 1193 2446 1247 membro
2494 1195 2892 1264 imponentem,
2925 1212 3036 1266 quo
3064 1212 3292 1251 somnus
3319 1198 3531 1266 pariter

1937 1293 1995 1338 et
2035 1284 2194 1338 dolor
2220 1285 2433 1355 depulsi
2465 1295 2618 1341 sunt.
2655 1286 2836 1341 Sanus
2886 1287 3055 1359 igitur
3098 1297 3219 1356 post
3270 1303 3529 1343 somnum

1938 1371 2137 1433 factus,
2171 1372 2263 1441 qui
2300 1375 2440 1427 male
2470 1375 2760 1439 habuerat,
2792 1376 2858 1431 ad
2889 1387 3140 1432 sanetum
3176 1378 3429 1443 accessit,
3474 1390 3531 1433 et

1938 1463 2084 1530 quod
2132 1464 2445 1533 contigerat
2487 1465 2848 1521 renuntiavit.

2011 1552 2098 1607 θθ.
2139 1553 2276 1607 Dum
2315 1556 2385 1608 ita
2410 1555 2646 1626 Symeon
2679 1557 3009 1612 miraculosa
3061 1557 3328 1613 beneficia
3366 1559 3526 1629 quasi

1940 1645 2105 1715 pleno
2141 1645 2379 1700 cﬁ‘undit
2417 1647 2597 1709 alveo,
2646 1648 2848 1702 accidit
2887 1649 3183 1718 aliquando
3219 1648 3408 1704 turbas
3455 1649 3529 1705 ad

1941 1735 2093 1790 illum
2122 1736 2441 1807 frequentes
2470 1737 2772 1804 confluere,
2796 1756 3057 1794 accensos
3082 1756 3271 1795 cereos
3297 1741 3529 1796 summis

1940 1828 2309 1901 arundinibus
2361 1832 2558 1884 infixos
2600 1831 2978 1900 praaferentes,
3028 1833 3374 1886 anathemata
3415 1832 3526 1885 Deo

1939 1934 2039 1988 per
2085 1918 2410 1990 Symeonem
2446 1921 2732 1976 oblaturas
2778 1939 2792 1978 :
2834 1932 3065 1977 noverat
3114 1926 3261 1978 enim
3292 1925 3527 1995 quisque

1939 2011 2279 2080 acceptabile
2318 2012 2370 2065 id
2395 2013 2725 2067 sacrificium
2763 2013 2904 2078 fore,
2941 2016 3086 2084 quod
3112 2032 3209 2085 per
3242 2017 3392 2072 illius
3413 2032 3529 2071 ma-

1938 2116 2045 2154 nus
2076 2100 2416 2156 immolatum
2456 2103 2670 2158 fuisset.
2720 2105 2784 2159 At
2817 2105 2907 2159 ille
2938 2106 3080 2160 dona
3111 2106 3333 2175 quidem
3363 2107 3529 2161 mitti-

1941 2203 2028 2243 me
2055 2196 2172 2245 rata
2222 2190 2418 2247 habuit
2450 2203 2616 2263 atque
2644 2205 2901 2264 accepta;
2934 2196 3122 2251 turbas
3159 2211 3293 2250 vero
3333 2196 3405 2250 ita
3444 2207 3530 2251 est

1939 2280 2212 2336 allocutus
2256 2302 2269 2338 :
2306 2283 2627 2343 Oblationes
2669 2298 2882 2342 vestras
2916 2304 3016 2359 ego
3056 2304 3166 2343 non
3228 2289 3525 2354 admisero,

1939 2375 2159 2439 fratres,
2175 2378 2415 2448 antiqua:
2434 2389 2490 2435 et
2506 2380 2791 2436 hodiernae
2812 2382 3231 2437 consuetudinis
3246 2381 3530 2436 servanda:

1940 2468 2223 2523 studiosus
2249 2486 2263 2525 :
2294 2481 2675 2526 verumtamen
2710 2483 3009 2542 acceptam:
3042 2475 3149 2544 iam
3178 2490 3206 2527 a
3235 2475 3347 2528 Deo
3374 2482 3526 2539 sunt,

1939 2559 2035 2627 qui
2070 2548 2261 2614 rerum}
2288 2569 2601 2616 nostrarum
2633 2564 2708 2617 nil
2766 2565 3005 2635 indigus,
3044 2566 3217 2620 solam
3263 2565 3534 2622 intentic~

1939 2667 2067 2705 nem
2091 2652 2292 2708 bonam
2320 2654 2450 2708 boni
2485 2656 2743 2710 consulit.
2786 2658 2918 2721 Qua:
2943 2658 3120 2711 oratio
3151 2657 3388 2712 tristitiae
3418 2673 3528 2712 non

1943 2745 2208 2800 mediocri
2240 2747 2418 2801 turbis
2450 2747 2580 2812 fuit,
2609 2761 2665 2805 et
2688 2750 2904 2805 animos
2932 2767 3041 2805 non
3079 2752 3241 2805 aliter
3272 2751 3526 2822 pupugit,

1941 2851 2104 2906 quam
2139 2838 2182 2891 si
2231 2839 2525 2908 reprobata
2565 2840 2775 2895 oblatio
2813 2841 3031 2897 fuisset.
3069 2843 3224 2909 Quod
3274 2844 3531 2897 animad-

1941 2937 2221 2982 vertentcs
2255 2929 2514 3000 discipuli
2550 2932 2844 2986 consilium
2885 2932 3132 2985 inierunt
3173 2933 3316 2987 inter
3353 2948 3433 2995 se,
3468 2941 3531 2987 ut

1942 3020 2082 3073 clam
2103 3020 2476 3075 subducerent
2501 3039 2623 3092 quae
2647 3024 2807 3076 allata
2831 3030 3011 3076 erant.
3032 3023 3235 3077 Verum
3265 3023 3528 3095 Symeon,

243 3109 625 3181 αὐστηροτέρᾳ
659 3113 813 3179 φωνῇ
844 3109 1085 3172 καλέσας
1111 3110 1307 3173 αὐτοὺς
1328 3148 1342 3173 ,
1382 3109 1695 3179 Ἠγνόηται,
1728 3125 1832 3177 φη·-

1941 3128 2106 3181 quem
2142 3114 2507 3183 cogitationes
2548 3115 2770 3169 illorum
2806 3115 2951 3169 haud
2994 3115 3298 3186 fugiet-ant,
3334 3129 3528 3171 severa

250 3199 356 3263 οὶν,
395 3200 544 3270 ὑμῖν,
577 3202 606 3253 ὃ
629 3202 680 3253 τί
709 3218 840 3253 ποτε
880 3204 985 3273 ἄρα
1019 3203 1279 3255 πεπόνθοι
1309 3202 1459 3273 παρὰ
1484 3203 1561 3270 τῷ
1593 3202 1829 3272 Ἰσραὴλ,

243 3290 272 3342 ὁ
299 3288 376 3359 τῷ
407 3290 631 3360 χαλεπῷ
675 3290 839 3344 πάθει
879 3295 979 3362 τῆς
1019 3292 1387 3361 φιλαργυρίας
1422 3292 1604 3357 ἁλοὺς,
1638 3295 1733 3345 καὶ
1778 3291 1837 3344 τὸ

246 3382 485 3449 χρυσοῦν
518 3376 885 3450 βούγλωσσοί
907 3382 1144 3452 συλήσας
1177 3383 1271 3437 τοῦ
1302 3383 1669 3453 ἀναθέματος;
1695 3383 1748 3433 τί
1779 3372 1837 3436 δὲ

245 3472 408 3543 Γιεζὴ
456 3473 516 3525 τὸ
558 3473 864 3526 Ἐλισσαίου
916 3476 1223 3546 παιδάριον,
1262 3477 1410 3539 ὅπως
1448 3475 1547 3547 τὴν
1586 3476 1838 3546 Ναιεμάν

242 3564 452 3635 λέπραν
500 3564 904 3635 κατεδικάσθης
960 3566 1096 3619 ἀλλὰ
1150 3570 1245 3621 καὶ
1283 3566 1485 3630 Ἰούδας
1531 3567 1693 3631 αὐτὸς
1737 3567 1839 3637 τῆς

243 3654 615 3724 ἀποστολικῆς
668 3655 920 3710 ἐκπεσὼν
954 3659 1177 3728 χάριτός
1206 3676 1265 3713 τε
1313 3659 1410 3712 καὶ
1438 3658 1669 3722 τάξεως,
1706 3676 1840 3729 προ-

245 3747 405 3809 δότης
431 3761 489 3797 τε
513 3746 608 3798 τοῦ
633 3744 969 3799 Διδασκάλου
991 3747 1284 3817 γενόμενος
1311 3748 1408 3801 καὶ
1428 3746 1834 3818 άπαγξάμενος,

243 3839 339 3889 καὶ
385 3838 546 3906 μέσος
597 3837 879 3905 λακήσας;
912 3839 1055 3909 Πρὸς
1107 3840 1281 3893 ταῦτα
1318 3840 1428 3892 δέει
1454 3839 1752 3908 ληφθέντες
1788 3839 1836 3893 οἱ

248 3929 515 3998 μαθηταὶ,
550 3932 570 3996 ί
585 3927 804 3997 ίψαντες
830 3932 907 3992 εἰς
936 3930 1133 3999 ἔδαφος
1164 3932 1391 3994 ἑαυτοὺς
1419 3931 1746 4001 αἰτήσαντές
1776 3947 1836 3983 τε

252 4016 585 4088 συγγνώμην
640 4020 734 4072 xa't
783 4020 1059 4085 λαϐόντες,
1110 4022 1437 4091 ἀνέστησαν,
1506 4021 1680 4076 πολλά
1710 4022 1840 4091 σφί-

247 4128 332 4162 σιν
403 4111 587 4175 αὐτοῖς
654 4111 763 4166 τῶν
833 4113 1116 4184 προτέρων
1178 4115 1623 4185 ἐπιμεμφόμενοι
1686 4114 1836 4182 λογι-

245 4197 418 4267 σμῶ-ι.

318 4290 419 4355 ξω.
472 4292 862 4364 Ἀπεκαλύιρθη
893 4293 1023 4347 ποτὲ
1068 4293 1144 4363 τῷ
1187 4294 1419 4366 Συμεὼν
1445 4296 1589 4365 ἅπερ
1618 4293 1711 4347 ἐπὶ
1736 4295 1840 4364 τὴν

254 4383 529 4453 Ἀντιόχου
561 4383 663 4453 φεῦ
700 4385 712 4436 ι
750 4384 1057 4453 ἐπάγεσθαι
1079 4385 1306 4456 ἤμελλε.
1356 4386 1441 4440 Τὰ
1467 4386 1522 4440 δὲ
1553 4381 1642 4458 ἦν,
1675 4385 1839 4438 πνεῦ⁴

1938 3219 2073 3258 voce
2102 3204 2389 3259 advocatis
2413 3205 2550 3260 dicit
2588 3224 2601 3259 :
2632 3207 2892 3276 Nunquid
2935 3208 3108 3279 ignari
3140 3209 3296 3273 estis,
3322 3217 3528 3278 quanta

1938 3294 2069 3347 olim
2104 3310 2300 3364 passus
2352 3296 2425 3350 sit
2449 3297 2615 3351 Israel
2668 3307 2897 3367 propter
2947 3314 3096 3363 eum,
3134 3298 3230 3369 qui
3283 3298 3530 3353 avaritiae

1938 3386 2091 3455 gravi
2124 3386 2347 3442 affectui
2373 3403 2432 3442 se
2456 3388 2705 3451 tradidit,
2732 3398 2787 3443 et
2810 3389 3054 3459 linguam
3084 3390 3159 3461 (8)
3183 3405 3407 3445 auream
3438 3405 3529 3444 ra-

1937 3478 2141 3546 puitex
2159 3478 2705 3545 anathemate?Quid
2730 3478 2906 3542 Giezi,
2933 3495 3069 3548 puer
3097 3480 3275 3534 Elisaei
3300 3482 3322 3534 ‘.’
3345 3496 3528 3537 nonne

1937 3568 2127 3639 leprte,
2148 3584 2255 3638 qua
2286 3569 2531 3622 Naaman
2575 3569 2753 3623 fuerat
2778 3569 3036 3634 infectus,
3081 3569 3369 3625 damnatus
3403 3572 3531 3626 est?

1937 3659 2081 3726 Quid
2115 3675 2414 3714 memorem
2446 3660 2668 3723 Judam,
2689 3661 2782 3730 qui
2808 3676 2839 3715 e
2873 3676 3105 3716 numero
3124 3669 3179 3716 et
3199 3663 3372 3732 gratia
3395 3678 3530 3732 apo-

1939 3750 2207 3803 stolorum
2242 3749 2469 3816 excidit,
2498 3751 2750 3819 proditor
2793 3750 3031 3820 Magistri
3075 3751 3161 3806 sui
3206 3750 3420 3818 factus;
3471 3762 3530 3809 et

1937 3841 2314 3910 strangulatus
2344 3842 2561 3909 crepuit
2592 3841 2847 3895 medius?
2868 3841 2949 3895 Ad
2990 3842 3106 3897 haac
3138 3843 3305 3897 verba
3339 3845 3530 3898 exani-

1940 3930 2069 3985 mati
2123 3931 2317 4003 timore
2347 3929 2627 3999 discipuli,
2662 3931 2822 4000 proni
2863 3947 2922 3987 se
2967 3932 3021 3986 in
3057 3940 3262 3987 terram
3297 3932 3524 3997 dedere,

1937 4021 2155 4076 veniam
2191 4020 2588 4088 deprecantes;
2631 4036 2795 4090 quam
2836 4021 2929 4076 ubi
2964 4021 3351 4092 impetrarunt,
3405 4006 3528 4077 sur-

1939 4120 2132 4181 gentes
2164 4109 2357 4164 multis
2388 4125 2510 4165 sese
2535 4111 2868 4166 incusavere
2894 4111 2967 4166 ob
2986 4112 3174 4182 priora
3211 4128 3311 4168 sua
3365 4113 3524 4184 cogi-

1942 4211 2074 4258 tata.

2009 4293 2097 4347 6i.
2134 4293 2398 4348 Revelata
2445 4293 2689 4364 quodam
2739 4303 2992 4367 tempore
3053 4295 3314 4366 Symeoni
3386 4305 3520 4351 sunt

1941 4384 2081 4438 mala
2123 4400 2246 4453 qua:
2294 4399 2466 4453 super
2528 4383 2879 4442 Antiochiam
2949 4384 3265 4439 inducenda
3312 4396 3520 4445 essent.

245 4492 322 4543 μα
356 4475 636 4545 μάχαιραν
688 4476 1194 4546 έγκεχειρισμένον,
1231 4478 1328 4531 καὶ
1369 4476 1578 4538 ὢνωθεν
1615 4478 1707 4529 ὲπῒ
1737 4477 1833 4529 αὐ-

1941 4474 2111 4528 Erant
2147 4483 2332 4528 autem
2365 4475 2717 4546 hujusmodi:
2777 4476 3008 4545 angelus
3057 4477 3299 4546 gladium
3333 4485 3525 4532 tenens

241 4568 342 4636 τὴν
411 4568 738 4636 φερόμενον.
810 4566 1034 4635 Ἑϐόησε
1080 4568 1374 4639 τοιγαροῦν
1432 4567 1570 4637 πρὸς
1624 4565 1831 4635 Κύριον

243 4655 387 4723 ὑπὲρ
448 4655 621 4725 αὐτῆς
677 4658 744 4726 τῇ
803 4657 1023 4729 καρδίᾳ,
1048 4656 1179 4729 ἔστη
1210 4673 1269 4710 τε
1303 4656 1444 4710 κατὰ
1468 4657 1560 4710 τὸν
1588 4656 1831 4726 Μωῦσῆν

242 4748 478 4800 ἐνώπιον
540 4748 731 4810 αὐτοῦ,
762 4748 856 4802 τοῦ
918 4747 1260 4820 ἀποστρέψαι
1302 4751 1393 4803 τὸν
1429 4748 1603 4818 θυμὸν
1635 4747 1828 4812 αὐτοῦ,

240 4839 335 4889 καὶ
391 4837 469 4907 μὴ
515 4836 784 4891 ἐκκαῦσαι
845 4840 1027 4892 πᾶσαν
1067 4841 1167 4911 τὴν
1202 4839 1374 4912 ὀργὴν
1432 4839 1620 4893 αὐτοῦ.
1671 4840 1730 4892 ’0
1776 4838 1833 4891 δέ

245 4943 382 4995 φησι
407 4928 547 4998 πρὸς
573 4928 763 4982 αὐτόν·
812 4930 945 4983 Ἰδοὺ
974 4933 1007 5000 ή
1032 4929 1248 5001 κραυγὴ
1280 4930 1379 5000 τῆς
1425 4931 1623 4991 κακίας
1663 4929 1835 4999 αὐτῆς

242 5016 415 5088 ἀνέϐη
475 5018 613 5090 πρός
667 5036 760 5089 με,
810 5023 898 5073 ἔπ’
930 5022 1101 5093 ὀργήν
1134 5039 1238 5092 μου
1283 5022 1379 5075 καὶ
1405 5023 1499 5075 ἐπὶ
1527 5021 1699 5092 θυμόν
1724 5023 1829 5093 μού

239 5109 389 5163 ἐστιν
408 5111 441 5179 ἠ
468 5109 623 5174 πόλις
645 5109 808 5182 αὕτη,
839 5114 933 5165 καὶ
956 5113 1172 5181 ἀφανιῶ
1205 5113 1375 5183 αὐτὴν
1404 5115 1461 5165 ὲν
1494 5117 1615 5178 ταῖς
1644 5116 1832 5186 ἀμαρ-

241 5200 384 5265 τιαις
460 5201 657 5275 αὐτῆς,
725 5205 821 5257 καὶ⁵
897 5202 1054 5258 δώσω
1110 5202 1223 5275 πῦρ
1249 5204 1335 5258 ἐπ’
1366 5203 1536 5275 αὐτὴν
1576 5207 1671 5258 καὶ
1699 5208 1835 5275 ῥομ·

244 5295 414 5362 φαεαν
443 5295 542 5349 καὶ
574 5295 810 5350 θάνατον
837 5314 853 5329 ’
887 5296 1029 5369 αὐτὴ
1057 5295 1380 5369 παρώργισέ
1410 5315 1477 5368 με
1507 5300 1564 5351 ἐν
1603 5301 1715 5363 τοῖς
1743 5302 1825 5352 ει-

242 5387 434 5456 δώλοις
458 5391 652 5461 αὐτῆς,
686 5391 898 5446 τιθεῖσα
924 5393 1207 5464 τράπεζαν
1238 5395 1353 5457 τοῖς
1384 5392 1604 5463 δαίμοσι
1632 5396 1731 5448 καὶ
1758 5398 1824 5467 τῇ

242 5478 405 5554 τύχῃ,
428 5479 586 5550 κάγὼ
633 5482 727 5535 tul.
781 5482 927 5535 ἔθνει
981 5483 1229 5552 ἀσυνέτῳ
1293 5482 1583 5555 παροργιῶ
1631 5485 1824 5555 αὐτήν.

318 5612 635 5686 (8)_Achrtn,
671 5615 719 5671 is
754 5614 861 5686 fuit
884 5615 1002 5686 qui,
1034 5616 1203 5672 Josue
1236 5632 1329 5679 vn,
1371 5617 1440 5671 de
1478 5616 1827 5674 anathemate

246 5680 470 5737 .let‘ieho
500 5685 628 5757 tulit
654 5686 757 5757 (uti
796 5680 1154 5755 Septuaginta
1184 5687 1413 5757 habent)
1444 5686 1691 5755 γλῶτταν
1723 5687 1827 5741 lin-

249 5767 431 5823 guam,
456 5752 606 5822 quod
656 5752 908 5824 vulgatus
960 5766 1140 5812 textus
1189 5752 1428 5827 regulam
1457 5752 1681 5811 ‘vcrtit:
1718 5773 1822 5816 ms.

1932 4580 2103 4621 manu
2130 4568 2184 4621 in
2218 4581 2345 4621 aere
2376 4567 2662 4621 ferebatur
2697 4583 2864 4637 supra
2894 4569 3196 4623 civitatem.
3254 4569 3525 4624 lnclama-

1931 4660 2015 4715 vit
2056 4660 2227 4731 igitur
2272 4667 2500 4715 sanctus
2551 4661 2844 4715 Dominum
2886 4677 2989 4731 pro
3042 4676 3107 4715 ea
3168 4669 3285 4715 toto
3334 4659 3524 4724 corde,

1928 4753 2204 4822 stetitque
2240 4762 2303 4806 ut
2336 4753 2478 4808 alter
2514 4752 2727 4824 Moyses
2756 4768 2946 4809 coram
2974 4753 3088 4818 illo,
3132 4764 3194 4807 ut
3242 4761 3527 4809 averteret

1943 4841 2189 4895 furorem
2223 4840 2399 4904 illius,
2434 4840 2845 4910 impediretque
2875 4856 2944 4895 ne
2979 4842 3186 4910 majore
3237 4840 3523 4895 iracundia

1943 4934 2406 4989 inﬂammaretur.
2432 4934 2580 4988 Dicit
2625 4943 2813 4988 autem
2868 4933 3139 4989 Dominus
3200 4932 3268 4986 ad
3331 4933 3522 4989 illum:

1943 5025 2087 5082 Ecce
2120 5026 2331 5081 clamor
2354 5036 2709 5094 peccatorum
2747 5024 2904 5079 urbis
2948 5024 3099 5079 illius
3161 5024 3410 5079 ascendit
3455 5023 3523 5079 ad

1941 5133 2053 5183 me,
2085 5119 2221 5173 iram
2250 5133 2316 5172 ac
2338 5117 2579 5172 furorem
2606 5132 2791 5172 meum
2820 5116 3056 5171 incurrit
3081 5115 3278 5185 impia;
3311 5115 3522 5185 disper-

1941 5211 2068 5265 dam
2106 5210 2279 5281 ipsam
2307 5209 2362 5264 in
2392 5210 2632 5280 peccatis
2673 5209 2821 5264 suis:
2880 5208 3175 5263 immittam
3234 5207 3438 5276 ignem,
3467 5215 3524 5263 et

1941 5302 2208 5373 gladium,
2250 5310 2308 5357 et
2330 5311 2601 5357 mortem:
2640 5302 2758 5373 ipsa
2813 5301 3055 5356 irritavit
3102 5316 3190 5356 me
3242 5317 3341 5370 per
3380 5301 3525 5358 idola

1937 5411 2058 5458 sua,
2087 5410 2297 5464 ponens
2332 5411 2577 5450 mensam
2609 5394 2956 5450 dtcmonibus
3002 5402 3059 5449 et
3094 5393 3365 5460 fortunae;
3419 5409 3524 5464 ego

1938 5502 2157 5558 quoque
2188 5502 2287 5556 per
2322 5498 2542 5558 gentem
2602 5488 2958 5560 insipientem
3034 5487 3265 5543 irritabo
3319 5489 3521 5559 ipsam.

1935 5631 2190 5676 nostrum
2255 5622 2617 5696 βούγὶωσσον,
2675 5642 2797 5696 qua:
2850 5626 3020 5682 herba
3066 5642 3192 5682 cum
3255 5626 3416 5686 floret
3461 5630 3517 5688 in

1934 5706 2161 5815 secap‘um
2184 5695 2442 5763 assurgit,
2480 5695 2748 5767 longioris
2784 5696 2962 5752 instar
2987 5697 3174 5768 virgre,
3212 5709 3425 5756 rectum
3453 5716 3524 5757 ac

1991 5775 2049 5814 re
2078 5776 2186 5815 em.

1991 5775 2186 5815 retem.
