3980 6296
213 354 355 417 3045

1225 344 1400 404 VlTA
1437 345 1486 402 Α
1520 340 1957 403 NICEPHORO
1997 339 2484 401 CONSCRIPTA.

3338 335 3485 406 30:26

209 481 268 517 τε
293 464 403 534 γὰρ
429 461 529 529 τῆς
556 459 762 521 πόλεως
800 459 998 511 ἔκαυσε
1031 454 1161 524 πῦρ.
1192 453 1285 505 καὶ
1317 451 1628 521 κατέφαγεν
1654 450 1799 520 ἀμφ-

1906 448 2111 519 quippe
2173 445 2536 502 Antiochenae
2574 445 2728 500 urbis
2768 447 3181 518 conﬂagrarunt
3225 446 3365 519 igni,
3391 468 3486 506 co-

210 554 303 607 c6a
331 552 523 620 αὐτῆς»
550 549 649 604 καὶ
674 549 872 602 ἔπεσον
900 549 957 599 ἐν
992 544 1276 604 πλατείαις
1310 544 1479 613 αὐτῆς
1502 543 1798 607 νεανίσκοι,

210 646 303 699 καὶ
327 643 679 711 ἐπλήσθησαν
712 641 770 694 αἱ
799 640 906 691 ὁδοὶ
928 635 1161 705 νεκρῶν,
1191 635 1284 686 καὶ
1310 633 1454 688 οὕτω
1477 634 1598 686 κατ’
1624 633 1801 701 ἄκρας

211 737 318 791 ὑπὸ
360 736 470 789 τῶν
501 732 805 803 Ἀσσυρίων
836 730 998 789 ὲάλω,
1023 728 1099 791 ὡς
1122 729 1248 789 τοὺς
1292 728 1389 797 μὲν
1433 726 1541 779 τῶν
1575 727 1632 777 ὲν
1661 726 1797 795 αὐτῇ

213 828 477 899 ῥίψαντας
526 824 616 879 διὰ
670 821 780 875 τῶν
830 820 1025 890 τειχῶν
1053 819 1300 879 ἑαυτοὺς,
1323 818 1448 880 τοὺς
1476 817 1531 870 δὲ
1578 816 1666 870 διά
1701 816 1799 885 τῆς

213 920 349 989 πρὸς
402 918 601 987 ἄρκτον
631 914 733 982 τῆς
775 930 835 964 τε
869 912 1008 982 πρὸς
1045 910 1394 980 μεσημϐρίαν
1431 908 1605 978 πύλης
1628 907 1796 972 ὑπεξ-

212 1012 462 1073 ελθόντας
494 1009 797 1075 διαφυγεῖν.
830 1004 923 1058 δύο
955 1021 1014 1056 τε
1044 1004 1152 1056 τῶν
1183 1005 1310 1074 περὶ
1352 1001 1515 1055 αὐτὸν
1548 999 1800 1071 μοναχῶν

210 1102 490 1162 δείσαντας
529 1097 738 1151 ἐκεῖθεν
788 1096 1165 1167 ἀναχωρῆσαι,
1200 1095 1293 1147 καὶ
1337 1094 1428 1146 τὸν
1477 1092 1575 1163 μὲν
1620 1091 1802 1156 ζῶντα

210 1196 320 1255 τοῖς
355 1192 654 1264 βαρϐάροις
684 1188 910 1245 ἁλῶναι.
941 1188 1033 1240 τὸν
1061 1187 1118 1239 δὲ
1156 1188 1361 1248 πεσεῖν,
1393 1184 1537 1253 ξίφει
1578 1184 1679 1254 τὴν
1705 1199 1800 1236 κε-

210 1283 383 1352 φαλὴν
425 1281 754 1334 ἐκκοπέντα.
787 1280 1017 1350 Ἕτερον
1053 1277 1234 1348 μέντοι
1268 1275 1379 1330 τῶν
1430 1274 1592 1330 αὐτοῦ
1636 1292 1801 1344 μονα-

208 1373 338 1442 χῶν,
365 1371 620 1425 τοσοῦτον
653 1370 860 1439 ἀπέσχε
892 1368 1063 1421 δεινόν
1101 1367 1327 1464 τιθπρδς
1367 1366 1477 1419 τῶν
1508 1364 1799 1437 βαρϐάρων

210 1462 425 1524 παθεῖν,
451 1460 562 1530 ὅσῳ
601 1460 698 1512 καὶ
740 1459 868 1520 τοὺς
900 1458 993 1510 ὑπ’
1027 1456 1252 1511 ἐκεί-ἴων
1288 1456 1564 1528 ἀνήκεστα
1598 1471 1800 1508 πεπον-

212 1553 391 1615 θότας,
427 1550 560 1620 παρ’
591 1551 756 1604 αὐτὸν
791 1549 1124 1621 ἐρχομένους
1157 1549 1456 1620 θεράπειαν
1484 1548 1795 1618 τυγχάνειν.

210 1644 527 1714 Παρέΰαλον
562 1644 669 1713 γάρ
709 1659 855 1706 τινες
911 1640 1061 1711 αύτῷ
1107 1642 1459 1712 στρατιῶται,
1502 1643 1629 1704 τοὺς
1665 1639 1800 1710 βαρ-

211 1738 414 1805 ῦέιρους
441 1734 821 1804 διαφυγόντες,
846 1728 923 1787 ὧν
950 1729 1051 1797 εἷς.
1075 1734 1135 1786 οὐ
1161 1733 1251 1786 τὸν
1278 1734 1453 1804 μηρὸν
1480 1732 1798 1787 παντάπασι

214 1827 393 1897 μόνον,
427 1826 563 1879 ἀλλά
602 1827 698 1879 καὶ
741 1825 862 1877 ὅλον
906 1826 1042 1879 πόδα
1089 1828 1340 1895 παρεῖτο,
1390 1825 1657 1896 χαλεπαῖς
1697 1824 1799 1894 τὴν

209 1916 390 1985 ψυχὴν
432 1916 645 1979 ὀδύναις
688 1914 1038 1986 βαλλόμενος.
1088 1914 1380 1985 Συμπαθὲς
1426 1918 1716 1986 τοιγαροῦν
1768 1916 1797 1968 ὁ

213 2007 355 2071 θεῖος
393 2006 618 2076 Συμεὼν
652 2008 733 2069 εἰς
766 2007 929 2058 αὐτον
974 2005 1118 2070 ἰδὼν,
1151 2005 1342 2078 βαΐνην
1390 2023 1446 2059 τε
1481 2006 1675 2077 ῥάϐδον
1717 2004 1799 2057 ἑνὶ

212 2096 322 2149 τῶν
347 2096 604 2166 μαθητῶν
636 2095 973 2168 ἐγχειρίσας,
1003 2097 1305 2166 σφραγίσαι
1330 2098 1473 2150 κατὰ
1499 2096 1593 2149 τοῦ
1619 2095 1797 2168 μηροῦ

214 2188 427 2242 κελεύει
450 2188 543 2241 τὸν
567 2189 865 2258 πάσχοντα,
901 2188 996 2241 καὶ
1025 2192 1056 2257 ἡ
1082 2190 1342 2258 σφραγὶς,
1373 2190 1435 2241 ού
1462 2188 1572 2241 τῶν
1598 2187 1798 2242 ὀδυνῶν

218 2280 511 2349 ἀπαλλαγὴ
548 2280 728 2347 μόνον,
755 2278 891 2332 ἀλλὰ
922 2280 1018 2331 καὶ
1047 2278 1213 2349 ρῶσις
1233 2277 1394 2342 εὐθὺς
1417 2277 1511 2331 τοῦ
1539 2295 1596 2331 τε
1618 2276 1797 2350 μηροῦ

220 2371 315 2424 καὶ
346 2370 437 2423 τοῦ
474 2369 630 2433 ποδὸς
659 2369 737 2438 τῷ
763 2369 1073 2440 στρατιώτῃ
1104 2367 1335 2437 γίνεται.

286 2568 384 2636 ξδ’.
424 2568 547 2621 Τῶν
574 2568 618 2621 δ’
649 2562 744 2620 οῦν
779 2566 1081 2637 Ἀσσυρίων
1114 2564 1185 2619 τὰ
1224 2566 1354 2636 περὶ
1382 2565 1481 2637 τὴν
1528 2566 1800 2635 Ἀντιόχου

216 2666 685 2736 κατατρεχόντων,
711 2663 772 2716 τό
794 2679 853 2716 τε
882 2662 1008 2729 ὅρος
1039 2660 1522 2733 περινοστούνπυν,
1546 2662 1638 2714 καὶ
1655 2663 1798 2731 ὁρμῇ

216 2755 357 2825 πρός
403 2771 464 2807 τε
510 2753 602 2806 τὸν
637 2754 792 2808 κίονα
832 2754 933 2825 ήδη
964 2754 1059 2806 καὶ
1091 2754 1190 2823 τὴν
1225 2753 1393 2824 μονὴν
1422 2754 1799 2823 κεχρημένων,

213 2849 331 2909 τοῖς
384 2845 652 2915 παροῦσιν
707 2844 872 2916 εὐχὴν
917 2845 1322 2916 παραγγείλας.
1366 2844 1572 2912 γόνατά
1624 2861 1681 2896 τε
1726 2841 1803 2913 τῷ

217 2936 645 3007 ὲδάφειπρῶτος
691 2936 786 2988 καὶ
816 2934 966 3003 ὄψεις
1002 2935 1243 3007 ἐρείσας,
1304 2932 1644 3003 ἀπελαθῆναι
1678 2931 1805 2985 τού-

216 3047 344 3092 τους
374 3028 585 3081 ἐκεῖθεν
614 3029 957 3099 προσηύχετο
974 3042 987 3056 '
1012 3028 1109 3081 καὶ
1139 3026 1479 3099 παραχρῆμα
1503 3027 1583 3088 εἰς
1606 3025 1710 3097 γῆν
1728 3024 1804 3088 ὡς

1898 539 2137 610 demque
2167 554 2265 609 per
2281 537 2582 594 circuitum
2608 537 2896 608 absumpta
2918 538 3035 607 ipsa
3072 549 3199 605 est;
3241 541 3483 611 juvenes

1900 631 2225 685 ceciderunt
2254 630 2307 684 in
2340 628 2539 700 plateis
2561 628 2731 692 illius,
2763 638 2820 683 et
2868 630 2969 683 riae
3001 631 3366 685 cadaveribus
3388 648 3488 701 0|)-

1903 724 2066 793 pletae
2100 735 2269 789 sunt;
2302 729 2681 791 occupataquc
2706 736 2921 775 summo
2946 722 3069 775 loco
3125 722 3194 777 ab
3250 723 3489 794 Assyriis

1900 815 2199 882 urbe,pars
2227 814 2533 867 incolarum
2559 829 2589 867 c
2612 814 2785 868 muris
2806 829 2864 867 se
2896 815 3331 884 prtecipitarunt,
3365 833 3491 885 pars

1899 922 1999 976 per
2020 905 2399 975 aquilonarcm
2435 912 2600 975 atque
2631 907 2927 961 australem
2958 917 3149 976 portas
3171 909 3379 978 egressi
3428 924 3487 963 se

1898 998 2041 1068 fuga:
2071 997 2368 1051 dederunt.
2395 996 2641 1067 Contigit
2691 1006 2877 1051 autem
2922 998 3063 1054 duos
3100 1000 3248 1053 illius
3299 1016 3489 1055 mona-

1899 1092 2035 1146 chos
2070 1092 2366 1146 formidine
2414 1100 2605 1161 captos
2640 1093 2922 1157 recedere,
2955 1110 3191 1163 quorum
3237 1095 3377 1149 alter
3406 1096 3486 1148 ri-

1898 1199 2002 1239 vus
2030 1184 2083 1237 in
2119 1183 2489 1237 barbarorum
2517 1184 2671 1237 venit
2695 1199 2913 1248 manus,
2943 1185 3083 1239 alter
3114 1186 3296 1255 gladio
3326 1197 3492 1256 caput

1901 1284 2219 1344 amputatus
2237 1273 2471 1339 interiit;
2501 1282 2710 1327 tantum
2745 1283 2928 1328 autem
2949 1274 3126 1351 abfuit
3147 1285 3206 1328 ut
3226 1279 3318 1344 qui
3342 1276 3490 1347 apud

1902 1364 2229 1435 Symeonem
2264 1374 2643 1420 remanserant
2672 1365 2937 1419 molestia:
2981 1364 3262 1435 quidpiam
3292 1383 3321 1421 a
3359 1367 3487 1421 bar-

1901 1456 2052 1512 baris
2085 1458 2442 1519 sustinerent,
2474 1465 2535 1510 ut
2564 1456 2729 1511 etiam
2763 1456 2840 1509 illi
2870 1457 2962 1525 qui
2994 1458 3135 1525 passi
3170 1459 3490 1527 gravissima

1901 1552 1958 1597 et
1990 1543 2059 1597 ab
2100 1543 2294 1598 iisdem
2329 1554 2485 1598 erant
2530 1543 2598 1597 ad
2653 1544 2828 1613 ipsum
2865 1545 3167 1610 venientes,
3203 1547 3493 1609 incolumi-

1903 1644 2067 1691 tatem
2102 1644 2514 1707 recuperarent.
2543 1634 2802 1690 Nonnulli
2835 1638 3037 1707 quippe
3068 1639 3271 1693 milites
3304 1655 3493 1695 acccsv

1908 1733 2103 1779 serunt
2145 1725 2213 1779 ad
2246 1726 2421 1789 illum,
2448 1725 2808 1779 barbarorum
2834 1726 3089 1781 manibus
3119 1729 3288 1797 elapsi
3314 1744 3329 1795 ;
3354 1745 3496 1799 qne—

1830 1812 1875 1868 B
1905 1831 2026 1871 rum
2061 1831 2223 1880 unus,
2258 1814 2505 1884 undique
2533 1831 2643 1869 non
2677 1824 2888 1870 tantum
2922 1817 3107 1872 luxato
3138 1818 3367 1884 femore,
3396 1819 3490 1874 sed

1900 1913 2017 1962 toto
2049 1908 2214 1961 etiam
2266 1908 2523 1962 diffracto
2569 1923 2754 1973 crure,
2809 1909 3150 1980 gravissimis
3181 1913 3496 1981 jactabalur

1899 1999 2261 2055 cruciatibus.
2303 1999 2799 2055 Commiscratione
2829 2011 3010 2056 autem
3049 2011 3226 2058 tactus
3255 2005 3492 2076 Symeon

1900 2093 1966 2148 ad
2005 2102 2113 2148 tam
2146 2095 2465 2149 luctuosum
2502 2096 2902 2165 spectaculum,
2935 2098 3152 2151 cuidam
3185 2099 3489 2171 discipulo-

1900 2202 2022 2240 rum
2051 2187 2318 2256 palmeam
2349 2187 2558 2257 virgam
2595 2202 2748 2242 suam
2780 2189 2947 2243 tradit
2974 2191 3027 2243 in
3074 2207 3289 2254 manus,
3311 2194 3492 2264 jubet-

1900 2296 2009 2352 que
2055 2281 2315 2335 affectum
2370 2281 2550 2336 femur
2584 2282 2674 2335 illa
2721 2282 2961 2352 signari;
3003 2300 3113 2353 quo
3156 2272 3319 2352 facto,
3382 2303 3506 2341 non

1902 2381 2114 2425 tantum
2150 2372 2397 2427 vacuitas
2418 2387 2448 2425 a
2479 2371 2787 2439 doloribus,
2824 2372 2921 2427 sed
2944 2373 3109 2427 etiam
3140 2376 3309 2429 robur
3330 2391 3490 2430 suum

1902 2463 2100 2518 femori
2149 2462 2390 2533 pcdiquc
2432 2462 2618 2517 rediit.

1972 2575 2063 2629 64.
2096 2573 2435 2628 infestabant
2470 2574 2675 2647 Assyrii
2708 2574 3124 2632 incursionibus
3150 2578 3358 2634 circum
3380 2580 3494 2636 An-

1904 2666 2188 2721 tiochiam
2221 2667 2330 2721 late
2386 2667 2570 2720 omnia
2615 2666 2909 2737 ipsumque
2943 2669 3282 2725 oberrabant
3333 2687 3493 2726 mon-

1904 2766 2035 2822 tem,
2081 2758 2305 2828 jamque
2336 2756 2391 2810 in
2426 2757 2739 2812 columnam
2771 2768 2827 2814 et
2853 2762 3248 2817 monasterium
3283 2764 3490 2834 impetu

1904 2848 2106 2902 ruituri
2143 2856 2332 2928 erant,
2360 2863 2487 2901 cum
2543 2848 2801 2919 Symeon,
2834 2852 3199 2919 praesentibus
3240 2855 3492 2910 oratione

1905 2938 2134 3004 indicta,
2158 2939 2367 3009 primus
2395 2939 2510 3009 ipse
2535 2954 2712 3009 genua
2742 2955 2807 2993 ac
2841 2940 3038 2995 faciem
3089 2958 3299 3012 pronus
3339 2945 3495 3000 humi

1906 3028 2098 3098 ﬁgens,
2120 3030 2316 3099 expelli
2340 3029 2566 3084 infestos
2600 3028 2732 3084 inde
2756 3030 2942 3085 hostes
2965 3044 3222 3100 precatus
3245 3044 3349 3090 est.
3378 3036 3497 3092 Nec

217 3117 387 3192 εἶχον,
423 3121 605 3185 αὐτοῖς
641 3120 853 3191 ἅρμασι
881 3121 974 3173 καὶ
1001 3120 1188 3183 ἵπποις
1220 3118 1661 3188 κατενεχθέντες,
1690 3117 1792 3187 τῆς

1908 3121 2232 3190 interposita
2266 3136 2417 3174 mora
2455 3120 2587 3185 ulla,
2615 3135 2683 3174 ex
2725 3120 2884 3189 equis
2911 3123 3278 3193 curribusque
3307 3124 3497 3180 detur-

212 3230 275 3266 τε
309 3213 498 3283 πρόσω
523 3212 749 3281 πορείας
781 3211 1253 3282 μεταμεμὲληντο,
1281 3212 1375 3266 καὶ
1398 3213 1626 3280 ἄσμενοι
1657 3211 1797 3281 μᾶλ-

212 3304 307 3357 λον
338 3305 404 3373 ἣν
425 3298 588 3374 ἦλθον
618 3303 971 3372 ἀνέστρεφον.
1005 3303 1227 3356 ’Ἀλλοτε
1279 3304 1441 3358 πάλιν
1484 3305 1596 3358 τῶν
1623 3305 1803 3358 αὐτῶν

224 3395 531 3464 Ἀσσυρὲων
560 3394 704 3457 τινὲς
733 3394 968 3466 ἀνῄεσαν
994 3395 1073 3458 εἰς
1096 3394 1160 3447 τὸ
1192 3395 1317 3467 ὅρος
1334 3412 1347 3426 ⁸
1375 3398 1404 3449 ὁ
1431 3395 1487 3449 δὲ
1512 3397 1704 3464 ’Ἀγιος
1724 3396 1802 3468 τῷ

211 3484 439 3554 συνήθει
494 3484 589 3535 καὶ
636 3483 731 3535 νῦν
780 3484 1079 3553 φαρμάκῳ,
1126 3486 1192 3553 τῇ
1225 3483 1361 3555 πρὸς
1385 3484 1518 3538 Θεὸν
1548 3486 1682 3556 εὐχῇ
1711 3488 1804 3541 κέ..

208 3591 409 3646 χρητο.
445 3574 692 3626 Δέσποτα
716 3573 837 3638 Θεὲ,
869 3573 1066 3641 λέγων,
1092 3577 1276 3646 πάσης
1312 3575 1534 3648 σαρκὸς,
1568 3578 1596 3629 ὁ
1618 3579 1803 3650 γνόφῳ

208 3668 269 3721 τὸ
293 3668 432 3720 Σινᾶ
460 3665 583 3734 ὅρος
607 3665 699 3718 ἐπὶ
726 3664 823 3718 τοῦ
849 3666 1178 3736 θεράποντάς
1204 3685 1297 3721 σου
1321 3670 1564 3733 Μωσέως
1593 3673 1802 3726 σκεπά-

215 3776 338 3824 σας,
377 3759 540 3822 αὐτὸς
588 3756 684 3811 νῦν
720 3760 787 3828 τῇ
837 3757 1023 3829 χάριτί
1053 3777 1148 3813 σου
1188 3760 1463 3815 σκέπατον
1507 3763 1602 3816 καὶ
1630 3764 1800 3834 ἡμᾶς,

213 3847 357 3901 ὥστε
389 3847 656 3909 ἀθεάτους
687 3851 868 3917 μεῖναι
917 3850 1031 3911 τοῖς
1066 3847 1176 3902 τῶν
1210 3850 1423 3904 ἀσεϐῶν
1451 3851 1656 3905 τούτων
1696 3852 1803 3922 6p.-

217 3958 373 4009 μασι.
407 3940 515 3993 Καὶ
548 3940 749 3994 αὐτίκα
782 3938 850 4008 (ὣ
900 3940 1141 3993 ἀϐύσσου
1166 3942 1566 4013 χρηστότητοςι
1591 3942 1637 3996 ὣ
1664 3942 1801 3997 Θεοῦ

209 4027 404 4090 ὤτων,
457 4028 676 4099 δεήσεσι
725 4029 833 4082 τῶν
886 4030 1453 4099 φοϐουμένων-αὐτὸν
1489 4030 1579 4086 διὰ
1605 4031 1804 4096 παντὸς

178 4117 666 4190 ίπροσεχόντωνι)
704 4118 874 4189 ἀχλὺς
914 4118 1124 4172 ἄνωθεν
1169 4117 1275 4172 ὑπὸ
1304 4120 1502 4194 νεφέλῃ
1566 4138 1802 4193 καταχε-

213 4210 369 4264 θεῖσα
392 4251 406 4276 ,
439 4211 536 4281 οὐχ
557 4212 704 4275 ὅπως
724 4210 887 4264 αὑτὸν
914 4212 1024 4274 τοῖς
1053 4211 1371 4282 βαρὸάροις,
1401 4211 1518 4266 ἀλλ’
1550 4213 1671 4266 οὐδὲ
1694 4212 1803 4267 τῶν

214 4302 346 4371 περὶ
392 4301 553 4355 αὐτόν
598 4317 722 4353 τινα
758 4299 912 4353 εἴασε
947 4299 1230 4369 θεαθῆναι.
1279 4302 1386 4354 Καὶ¹
1417 4303 1463 4354 οἱ
1499 4302 1597 4370 μὲν
1627 4299 1804 4365 οὕτως

213 4392 481 4462 ἀπῆλθον,
513 4393 650 4463 μηδὲ
713 4394 794 4456 εις
830 4393 923 4445 τὸν
968 4392 1124 4445 κίονα
1157 4393 1252 4447 καὶ
1290 4394 1361 4445 τὰ
1393 4393 1498 4446 ὑπὸ
1528 4394 1619 4447 τὸν
1648 4394 1801 4447 κίονα

1910 3212 2022 3265 bati
2045 3213 2101 3265 in
2124 3220 2346 3276 terram,
2372 3209 2508 3264 nihil
2538 3210 2798 3280 progredi
2826 3211 3061 3266 ulterius
3084 3224 3374 3276 curarunt.
3398 3215 3492 3270 sed

1906 3303 2177 3357 citissime
2206 3318 2314 3372 qua
2337 3310 2605 3357 venerant
2634 3302 2841 3357 reversi
2888 3313 3038 3358 sunt.
3081 3303 3234 3359 Alias
3269 3320 3496 3362 eorum-

1905 3394 2031 3449 dem
2078 3395 2428 3466 Assyriorum
2483 3392 2709 3463 quidam
2766 3393 3054 3449 redierunt
3101 3396 3170 3449 ad
3227 3407 3494 3465 montem,

1904 3486 2170 3541 adversus
2183 3501 2324 3555 quos
2344 3493 2566 3540 sanctus
2596 3486 2716 3539 solo
2749 3486 3134 3554 medicamine,
3155 3492 3495 3558 precatione,

1905 3579 2151 3648 inquam,
2181 3592 2335 3641 usus,
2361 3577 2500 3632 dixit
2524 3594 2538 3631 :
2563 3577 2796 3632 Domine
2827 3579 2972 3634 Deus
2996 3581 3266 3635 universa:
3287 3584 3499 3647 carnis,

1904 3671 2000 3739 qui
2030 3678 2273 3722 montem
2304 3665 2457 3722 Sinai
2492 3676 2737 3737 tempore
2758 3669 2966 3740 Moysis
2987 3671 3134 3725 servi
3160 3673 3236 3726 tui
3269 3674 3496 3743 operui-

1904 3760 1976 3815 sti
2007 3760 2262 3830 caligine,
2291 3759 2448 3829 operi
2499 3758 2556 3813 in
2586 3761 2877 3830 praesentia
2925 3777 3029 3817 nos
3061 3778 3282 3833 quoque
3319 3768 3495 3835 gratia

1905 3861 2021 3918 tua,
2038 3860 2098 3907 ut
2118 3867 2187 3906 ne
2202 3851 2688 3921 deprehendantur
2707 3853 2777 3908 ab
2796 3853 2980 3923 impiis
3003 3854 3175 3911 hisce.
3197 3856 3311 3912 Nec
3336 3858 3494 3927 plura

1906 3940 1962 4012 (ο
1982 3942 2238 4014 abyssum
2273 3942 2558 4009 bonitatis,
2600 3957 2634 3998 o
2666 3958 2835 4000 aures
2880 3946 3119 4012 divinas,
3156 3949 3491 4016 precationi-

1905 4031 2010 4087 bus
2068 4032 2384 4088 timentium
2438 4032 2612 4088 Dcum
2665 4049 2951 4104 nunquam
3011 4052 3122 4092 non
3179 4038 3493 4113 intentas!)

1905 4123 2202 4194 caliginosa
2256 4123 2436 4179 nubes
2480 4124 2622 4179 cado
2653 4125 2830 4182 effusa
2883 4143 2993 4182 non
3044 4130 3210 4186 modo
3264 4134 3491 4204 Symeo-

1909 4231 2037 4270 nem
2084 4230 2196 4270 non
2233 4214 2486 4284 permisit
2541 4215 2715 4270 videri
2765 4231 2797 4270 a
2836 4218 3130 4287 .barbaris,
3186 4223 3281 4277 sed
3314 4240 3493 4293 neque

1905 4308 2182 4362 sociorum
2211 4308 2333 4377 ejus
2352 4322 2708 4376 quemquam.
2738 4308 2817 4363 Ita
2853 4310 2930 4364 illi
2960 4311 3183 4380 quidem
3218 4314 3492 4372 discesse-

1908 4407 2059 4464 runt,
2088 4413 2194 4453 nec
2216 4398 2527 4453 columnam
2564 4409 2661 4454 aut
2687 4416 2811 4470 quae
2843 4401 2986 4456 infra
3018 4404 3330 4460 columnam
3366 4423 3492 4479 age-

216 4484 432 4555 βλέψαι,
469 4485 604 4557 μηδὲ
661 4486 920 4556 προσχεῖν
945 4484 1082 4546 ὅλως
1123 4484 1570 4554 συγχωρηθέντες
1589 4503 1602 4516 ·
1641 4485 1799 4538 πλου-

1908 4497 2103 4544 rentur
2142 4505 2392 4554 cernere,
2425 4505 2529 4544 nec
2562 4490 2757 4546 audire
2781 4492 3081 4562 quidquam
3117 4498 3343 4553 omnino
3368 4514 3492 4569 per-

218 4578 308 4630 σξα
341 4576 402 4630 δὲ
433 4577 526 4629 καὶ
551 4574 644 4628 τοῦ
676 4574 903 4645 Συμεὼν
932 4577 1217 4644 κατεχεῖτο
1245 4575 1427 4646 χάρις,
1462 4576 1562 4645 τήν
1591 4592 1653 4628 τε
1678 4575 1800 4645 ὅψιν

215 4669 336 4723 κατ’
390 4670 567 4722 ἐκεῖνο
613 4669 714 4737 τῆς
761 4666 912 4738 ὥρας
958 4666 1356 4737 ἐκλάμποντος,
1414 4668 1508 4721 καὶ
1551 4667 1701 4737 ἥδιόν
1746 4685 1801 4721 τι

218 4758 575 4813 παντοδαπῶν
611 4758 800 4831 μύρων
821 4759 1144 4824 ἀπόζοντος’
1172 4757 1248 4821 ὡς
1277 4759 1373 4812 καὶ
1401 4759 1510 4812 τῶν
1543 4759 1800 4831 μαθητῶν

216 4868 336 4903 τινα
366 4851 495 4921 περὶ
516 4850 713 4922 ὄρθρον
745 4850 944 4913 ἰδόντα,
966 4851 1116 4913 ὅπως
1147 4849 1247 4921 μὲν
1274 4849 1529 4922 περὶ-τὴν
1551 4850 1676 4921 ὄψιν
1697 4852 1800 4904 αύ-

217 4942 342 5011 γῆς,
373 4941 520 5005 ὅπως
565 4941 623 4995 δὲ
653 4941 773 5004 ὅλος
813 4941 1039 5005 εὐωδίας
1070 4941 1207 5012 ἔχει,
1236 4945 1298 4996 ὲν
1323 4941 1622 5014 ’θαύματος
1657 4944 1799 5015 λόγῳ

204 5034 327 5095 τοίς
358 5033 565 5096 λοιποῖς
588 5032 972 5103 διηγήσασθαι.

290 5230 383 5298 εί.
421 5227 521 5286 Οἷα
541 5233 598 5286 δὲ
629 5231 912 5296 πολλάκις,
939 5233 1030 5285 καὶ
1069 5233 1189 5303 μηδ’
1212 5234 1391 5287 ὁτιοῦν
1424 5235 1618 5289 ἀνῦσαι
1644 5237 1801 5290 δύνα-

220 5318 343 5374 σθαι
372 5320 491 5373 κατ’
515 5320 684 5374 αὐτοῦ
719 5321 1081 5389 πεπεισμένος
1108 5323 1136 5374 ὁ
1165 5319 1440 5397 [δαίμων],
1477 5327 1575 5394 τὴν
1607 5327 1706 5395 μὲν
1735 5328 1800 5381 ἐκ

219 5503 409 5577 subdit
439 5522 453 5557 :
483 5503 571 5560 Ita
610 5502 949 5577 Justiniontts
988 5506 1121 5575 Aug.
1168 5511 1436 5577 prospexit
1483 5514 1648 5567 muris
1683 5514 1797 5570 Au-

220 5575 442 5632 riochiw.
495 5590 657 5643 quam
717 5582 767 5643 et
810 5574 919 5643 ipse
974 5574 1221 5639 restituit,
1266 5574 1386 5632 cum
1448 5598 1566 5635 eam
1626 5587 1797 5638 hostes

216 5646 439 5723 ﬂamma
465 5640 700 5723 funditus
733 5640 1061 5723 delevissent.
1097 5644 1267 5723 Rebus
1300 5649 1438 5723 enim
1463 5658 1798 5723 consumptis

218 5710 801 5785 omnibus'pcnitusque
836 5710 1080 5778 sublatis,
1110 5714 1242 5767 nihil
1275 5727 1323 5769 et
1356 5720 1497 5773 urbis
1544 5710 1791 5789 incen'sw,

1902 4581 2059 4637 missi
2093 4599 2106 4635 :
2140 4582 2419 4651 copiosior
2445 4591 2630 4636 autem
2663 4583 2989 4655 Symeonem
3042 4588 3283 4657 perfudit
3314 4594 3509 4663 grazia,

1901 4687 2027 4727 cum
2053 4680 2112 4727 et
2137 4672 2309 4727 facies
2333 4674 2457 4743 ejus
2481 4673 2812 4729 mirabiliter
2845 4677 3121 4744 rulilaret,
3148 4688 3205 4734 et
3230 4681 3492 4735 suavissi-

1900 4778 2052 4817 mum
2075 4764 2370 4834 quemdam
2401 4767 2540 4822 varii
2570 4771 2838 4839 unguenti
2867 4771 3093 4827 odorem
3116 4774 3486 4831 diffunderet:

1901 4854 2052 4923 quod
2086 4855 2255 4910 etiam
2287 4856 2687 4927 discipulorum
2717 4876 2829 4916 non
2861 4878 3048 4931 nemo,
3091 4865 3194 4919 sub
3231 4882 3487 4923 auroram

1907 4946 2358 5004 animadvertens
2371 4959 2613 5019 quantus
2636 4969 2665 5007 a
2692 4955 2845 5008 vultu
2880 4955 3165 5025 Splendor,
3187 4969 3388 5029 quanta
3420 4961 3489 5016 ab

1906 5034 2028 5106 ejus
2055 5050 2291 5106 corpore
2331 5038 2629 5110 fragrantia
2669 5055 3040 5114 promanaret,
3094 5048 3490 5120 condiscipulis

1910 5128 2275 5185 mirabundus
2322 5133 2587 5188 narravit.

1977 5242 2066 5296 65.
2098 5242 2369 5299 Caeterum
2425 5262 2550 5302 cum
2605 5250 2717 5320 jam
2772 5252 2972 5322 saepius
3029 5263 3237 5311 tentato
3292 5258 3487 5325 prtelio

1906 5349 2231 5403 persuasum
2297 5338 2530 5415 haberet
2583 5343 2953 5409 cacodzemon,
2987 5347 3124 5402 nihil
3184 5349 3484 5419 quidquam

1923 5526 2494 5599 ornuibus'penitusque
2521 5530 2767 5594 sublatis,
2798 5533 2931 5586 nihil
2960 5541 3019 5586 ut
3064 5533 3205 5588 urbis
3235 5536 3480 5598 iuceusn',

1922 5597 2025 5671 uisi
2059 5597 2302 5650 ruderum
2334 5597 2545 5663 tumuli,
2576 5603 2770 5670 passim
2805 5614 3064 5665 exstaret;
3094 5620 3194 5671 quo
3234 5604 3486 5670 cuiusque

1920 5665 2104 5717 domus
2152 5678 2306 5719 anim
2354 5665 2585 5724 stetisset
2632 5672 2774 5734 loco,
2832 5665 3132 5743 dignoscere
3179 5665 3483 5727 Antiocheni

1923 5750 2021 5788 non
2051 5747 2311 5798 poterunt.
