4026 6292
526 294 670 362 ὃθιτ

1739 297 1799 356 S.
1840 296 2224 357 SYMEONIS
2261 296 2619 357 JUNIORIS

3647 297 3777 368 3M8

527 407 795 462 adversus
823 411 1074 459 sanctum
1097 402 1362 473 proﬁcere
1389 418 1448 459 se
1487 418 1681 474 posse;
1720 416 1910 476 aperto
1939 414 2107 463 marte

2214 407 2306 458 τοῦ
2336 406 2571 476 φανεροῦ
2606 407 2740 476 πρὶς
2769 407 2932 461 αὐτὸν
2954 406 3018 460 οὐ
3044 407 3238 480 θαρρεῖ
3267 410 3460 481 πάλην,
3483 413 3574 468 διὰ.
3602 417 3657 469 δὲ
3679 420 3778 472 τῶν

529 496 789 568 congredi
832 511 941 549 non
986 510 1174 560 ausus,
1201 494 1388 549 dolose
1423 511 1522 565 per
1548 495 1853 565 discipulos
1877 497 2106 551 insidias

528 589 714 653 struit,
744 587 894 658 gravi
917 587 1374 641 mentes-illorum
1402 594 1610 641 terrore
1636 587 1981 652 succutiens;
2010 586 2108 641 ad-

531 680 869 747 inventoque
913 685 1179 746 praetextu
1233 676 1380 747 quod
1434 677 1715 733 continuis
1754 678 2105 749 Assyriorum

531 770 845 825 incursibus
865 768 1097 836 erpositi
1132 777 1339 831 essent,
1372 768 1644 836 persuasit
1670 769 1753 823 eis
1778 778 1839 822 ut
1869 769 2104 824 transfe-

532 861 729 913 rendas
781 860 833 911 in
881 859 1062 913 locum
1120 859 1462 911 securiorem
1508 858 1667 912 sedes
1722 860 2103 915 decernerent.
2146 870 2153 876 ‘

528 949 747 1003 Adeunt
778 963 910 1017 ergo
951 948 1088 1001 bene
1123 962 1283 999 mane
1316 947 1667 1016 Symeonem,
1709 953 1985 1016 rogantes,
2016 963 2107 1002 se—

529 1052 653 1091 cum
691 1036 955 1103 tantisper
987 1034 1111 1087 loco
1145 1044 1205 1087 ut
1228 1032 1415 1095 cedat,
1451 1032 1580 1085 dum
1615 1032 1669 1084 in
1696 1034 1926 1101 patriam
1953 1048 2105 1086 suam

531 1128 826 1182 rediisseut
846 1127 1052 1196 Assyrii
1068 1144 1091 1179 .:
1117 1128 1306 1195 Neque
1327 1126 1472 1180 enim
1490 1142 1800 1195 possumus.
1832 1127 2105 1196 inquiunt,

532 1219 730 1273 morari
747 1219 838 1272 diu
850 1219 957 1273 tius
973 1220 1026 1272 in
1040 1219 1152 1272 hoc
1168 1226 1374 1282 monte,
1390 1227 1614 1288 propter
1625 1218 1853 1273 crebras
1870 1219 2105 1272 hostium

533 1309 899 1364 incursiones.
935 1310 1171 1363 Tantum
1219 1325 1349 1363 vero
1391 1301 1588 1373 abfuit,
1638 1317 1699 1363 ut
1749 1309 1797 1364 is
1835 1313 1941 1364 tale
1974 1310 2105 1379 quid

528 1401 881 1466 admitteret,
919 1409 980 1454 ut
1000 1415 1216 1454 onmem
1241 1401 1423 1468 potius
1454 1400 1687 1468 lapidem
1714 1401 1966 1463 moverit,
1998 1417 2108 1469 quo

530 1492 676 1562 ipsos
696 1491 979 1545 retineret.
1003 1490 1251 1560 Cumque
1269 1491 1443 1544 multa
1465 1491 1690 1545 dixisset
1715 1499 2103 1560 tentassetque,

528 1601 630 1640 nec
660 1585 1009 1653 acquieturos
1029 1585 1132 1638 sibi
1169 1599 1405 1651 unquam
1433 1583 1647 1638 videret
1672 1602 1685 1636 :
1709 1584 1869 1647 Itote,
1905 1584 2102 1653 inquit,

530 1678 750 1739 fratres,
788 1677 842 1730 in
881 1690 1053 1746 pace;
1087 1675 1131 1729 si
1166 1690 1265 1730 vos
1292 1691 1547 1745 namque,
1585 1677 1744 1730 amici
1770 1692 1839 1730 ac
1872 1678 2099 1745 proximi

529 1768 658 1831 mei,
688 1769 905 1823 eminus
934 1777 1077 1823 stare
1102 1768 1424 1833 malueritis,
1454 1785 1555 1839 ego
1577 1770 1936 1826 nihilominus
1962 1787 2108 1846 sem-3

528 1874 626 1925 per
660 1868 841 1911 mente
873 1857 1158 1913 vobiscum
1196 1874 1341 1912 sum.
1378 1858 1514 1914 Cum
1551 1862 1663 1915 haec
1702 1860 1931 1916 dixisset
1972 1878 2101 1915 san-

527 1960 670 2013 ctus,
696 1950 1039 2004 dimittentes
1066 1949 1242 2018 ipsum
1270 1950 1327 2003 in
1354 1951 1606 2005 columna
1634 1951 1891 2022 discipuli
1918 1969 2101 2008 reces-

528 2051 744 2094 serunt.
778 2040 1175 2094 lnvadentibus
1206 2050 1387 2096 autem
1415 2043 1677 2097 continuo
1705 2045 2100 2099 monasterium

531 2132 808 2194 barbaris,
861 2134 1151 2201 porrigens
1191 2132 1424 2203 Symeon
1472 2133 1540 2187 ad
1606 2135 1805 2188 omium
1858 2150 2098 2190 manus:

530 2221 779 2284 Domine,
814 2221 1017 2289 inquit,
1042 2223 1410 2290 omnipotens,
1432 2221 1527 2288 qui
1557 2222 1612 2275 in
1636 2221 1866 2277 brachio
1884 2223 2101 2278 virtutis

529 2319 636 2365 tua;
676 2309 1046 2379 disperdidisti
1078 2307 1326 2364 inimicos
1358 2318 1516 2372 tuos,
1571 2311 1918 2367 confortetur
1954 2328 2103 2368 nunc

528 2415 751 2469 quoque
785 2415 980 2453 manus
1000 2415 1115 2460 tua,
1140 2398 1414 2453 exaltctur
1445 2400 1670 2455 dextera
1707 2410 1817 2457 tua.
1845 2402 2100 2457 Nondum

532 2494 622 2547 i.le
683 2493 896 2562 precari
942 2491 1231 2552 desierat,
1276 2500 1331 2544 et
1390 2491 1613 2544 barbari
1659 2494 1771 2562 jam
1828 2492 2099 2566 imbdles,

528 2583 655 2653 fuga
684 2599 745 2638 se
778 2583 905 2636 inde
937 2581 1350 2652 proripiebant;
1376 2581 1607 2637 dixisses
1624 2583 1831 2652 potenti
1864 2583 2101 2653 quadam

533 2690 697 2728 manu
732 2674 1012 2743 expulsos.

599 2763 687 2817 66.
717 2762 963 2817 Tametsi
992 2776 1160 2832 porro
1188 2761 1427 2817 famulus
1444 2761 1542 2818 Dei
1577 2778 1608 2818 a
1653 2763 1941 2836 discipulis
1986 2764 2102 2819 suis

530 2850 605 2905 ita
647 2852 947 2905 destitutus
1012 2852 1380 2920 desertusque
1441 2851 1628 2916 fuerit,
1695 2855 1866 2922 gratia
1920 2863 2100 2909 tamen

529 2943 736 3009 divina,
761 2943 1058 2998 admodum
1096 2956 1360 3012 praesens,
1391 2942 1623 2997 alatere
1665 2944 1783 3014 ejus
1820 2960 2100 3014 nunquam

2211 496 2465 565 μαθητῶν
2536 495 2728 559 δολίως
2769 497 3128 561 ἐπιϐουλεύει,
3172 499 3334 553 πάθει
3379 501 3585 567 δειλίας
3607 508 3776 561 αὐτῶν

2207 591 2306 649 τὰς
2349 587 2524 656 ψυχὰς
2575 588 2921 653 κατασείσας,
2973 590 3243 658 πρόφασιν
3289 591 3387 660 τὴν
3438 596 3643 665 συνεχῆ
3679 600 3776 650 τῶν

2220 678 2518 747 Ἀσσυρίων
2565 677 2740 749 εὑρὼν
2783 680 3035 748 πάροδον,
3084 683 3336 736 κάκεῖθεν
3374 686 3697 755 ἀπάραντας
3726 694 3776 743 ὲν

2208 767 2284 836 τῷ
2329 768 2563 834 ἀσφαλεῖ
2616 770 2952 838 καταστῆναι
3012 772 3242 835 σκολιῶς
3273 777 3602 840 ἀναπείσας.
3633 781 3698 832 Οἱ
3726 782 3777 833 δὲ

2213 856 2500 919 προσίασιν
2552 856 2664 925 ἅμα
2718 856 2921 928 ὄρθρῳ,
2956 862 3266 929 συναπᾶραί
3310 880 3462 930 σφισι
3498 868 3596 919 καὶ
3629 869 3778 921 αὐτὸν

2210 945 2504 1011 ἀξιοῦντες,
2536 946 2663 1015 ἄχρι
2717 948 2812 1017 τῆς
2862 950 2954 1001 ἐπὶ
3004 951 3104 1021 τὴν
3144 953 3348 1005 οἰκείαν
3380 955 3646 1010 ἐπανόδου
3680 959 3778 1011 τῶν

2222 1037 2554 1107 Ἀσσυρίων
2581 1038 2701 1091 οὐδὲ
2737 1039 2846 1110 γὰρ
2908 1035 3018 1093 οἷόν
3054 1045 3114 1096 τέ
3147 1061 3277 1112 φασι
3317 1048 3653 1115 προσμένειν
3701 1049 3771 1102 ἔτι

2209 1127 2282 1196 τῷ
2306 1127 2444 1196 ὄρει,
2471 1128 2643 1191 οὕτως
2677 1130 2856 1182 αὐτῶν
2892 1131 3034 1185 κατὰ
3067 1133 3126 1185 τὸ
3152 1136 3375 1204 συνεχὲς
3404 1139 3691 1194 ἐπιόντων.
3726 1142 3777 1194 ’0

2208 1218 2262 1270 δὲ
2291 1218 2538 1271 τοσοῦτον
2565 1220 2768 1289 ἀπέσχε
2795 1221 3090 1288 προσέσθαι
3121 1241 3171 1275 τι
3197 1226 3326 1294 περὶ
3353 1226 3554 1282 ἑαυτοῦ
3614 1230 3778 1283 τοιοῦο

2209 1323 2321 1369 τον,
2354 1307 2462 1377 ὅσῳ
2495 1308 2589 1360 καὶ
2622 1309 2818 1370 αὐτοὺς
2849 1310 3096 1378 ἐπισχεῖν
3133 1311 3342 1373 μᾶλλον
3370 1316 3497 1383 περὶ
3528 1315 3775 1370 πλείστου

2209 1400 2492 1463 πεποίητο.
2529 1399 2683 1452 Ἐπεὶ
2718 1400 2773 1453 δὲ
2810 1400 2980 1453 πολλὰ
3016 1401 3184 1455 εἰπών
3228 1420 3286 1455 τε
3326 1404 3421 1458 καὶ
3452 1405 3684 1474 δράσας,
3720 1410 3774 1460 οὐ

2212 1491 2811 1562 μεταπεισθησομένους
2857 1491 3025 1561 ἑώρα,
3049 1493 3373 1563 Πορεύεσθε,
3400 1496 3591 1566 φησὶν,
3628 1498 3771 1552 ἀδελ.-

2208 1582 2317 1648 ᾳοὶ,
2342 1584 2400 1633 ὲν
2439 1583 2628 1653 εἰρήνῃ
2654 1599 2670 1614 ο
2699 1585 2746 1634 εί
2785 1584 2890 1653 γὰρ
2921 1584 3014 1636 καὶ
3045 1584 3094 1635 οἳ
3130 1584 3272 1651 φίλοι
3305 1603 3407 1654 μου
3431 1588 3526 1640 καὶ
3548 1589 3600 1640 oi
3627 1589 3768 1657 ἐγγι-

2209 1675 2309 1726 στά
2339 1690 2439 1742 μου
2477 1674 2583 1726 ἀπὸ
2626 1673 2900 1742 μακρόθεν
2929 1674 3118 1743 στῆναι
3159 1676 3488 1746 προῄρεσθε,
3532 1679 3651 1731 ἀλλ’
3674 1682 3772 1747 ἐγὼ

2202 1763 2280 1834 τῷ
2314 1762 2584 1831 πνεύματι
2615 1763 2702 1814 ἀεὶ
2738 1763 2856 1831 μεθ’
2890 1762 3042 1831 ὑμῶν
3070 1766 3207 1833 είμι.
3237 1765 3425 1818 Ταῦτα
3452 1766 3549 1819 τοῦ
3601 1767 3773 1837 ’Δγίου

2203 1854 2467 1918 εἰπόντος,
2493 1854 2541 1906 oi
2576 1853 2673 1923 μὲν
2695 1854 2922 1921 ἀφέντες
2950 1853 3112 1906 αὑτὸν
3140 1855 3233 1906 ἐπὶ
3262 1855 3352 1908 τοῦ
3376 1856 3558 1921 κίονος
3580 1859 3774 1930 ἀνεχώ-

2205 1964 2397 2016 ρησαν.
2444 1948 2811 1999 Ἐπιστάντων
2865 1947 2921 1999 δὲ
2975 1947 3114 2001 κατὰ
3158 1947 3325 2011 πόδας
3376 1952 3442 2021 τῇ
3496 1955 3635 2022 μονῇ
3673 1952 3773 2005 τῶν

2205 2037 2514 2109 βαρϐάρων,
2565 2039 2752 2108 χεῖρας
2813 2036 3023 2107 οὐρανῷ
3075 2039 3201 2101 δοὺς
3243 2041 3467 2104 ἐκεῖνος,
3502 2041 3769 2103 Δέσποτα.

2204 2127 2359 2195 φησὶ,
2392 2126 2563 2197 Κύριε
2594 2128 2990 2198 παντοκράτορ,
3026 2127 3053 2179 ό
3081 2129 3137 2180 ὲν
3176 2128 3253 2197 τῷ
3277 2128 3527 2199 βραχίονι
3560 2118 3662 2200 τῆς
3687 2132 3771 2186 δυ-

2203 2215 2417 2284 νάμεώς
2439 2233 2534 2270 σου
2559 2217 2948 2286 διασκορπίσας
2968 2223 3091 2280 τοὺς
3113 2218 3338 2290 ἐχθρούς
3360 2237 3475 2286 σου,
3505 2239 3769 2290 κραταιω-

2204 2306 2350 2375 θήτω
2383 2305 2477 2358 καὶ¹
2502 2305 2597 2358 νῦν
2629 2308 2660 2375 ἡ
2693 2307 2813 2376 χείρ
2843 2325 2956 2370 σου,
2994 2307 3262 2379 semota-sm
3288 2312 3321 2380 ἡ
3349 2310 3501 2374 δεξιὰ
3527 2328 3645 2367 σου.
3675 2310 3770 2366 Οὔ·

2204 2416 2290 2450 πω
2314 2396 2463 2459 τέλος
2488 2392 2631 2466 εἶχεν
2659 2398 2805 2466 αὐτῷ
2831 2400 2862 2467 ἡ
2887 2399 3037 2468 εὐχὴ.
3072 2400 3160 2452 καὶ
3185 2401 3233 2451 οί
3260 2400 3529 2471 βάρϐαροι
3557 2402 3767 2472 φεύγειν

2204 2488 2411 2541 ἐκεῖθεν
2442 2488 2678 2555 ἀγεννῶς
2713 2490 3052 2559 ἐπεχείρουν,
3090 2490 3341 2560 καθάπερ
3368 2493 3474 2545 ὑπό
3499 2511 3645 2557 τινος
3676 2494 3767 2564 βα-

2207 2577 2357 2646 ρείας
2393 2578 2573 2649 χειρὸς
2598 2576 2964 2648 ἐλαυνόμενοι.

2274 2730 2379 2824 ξξν.
2425 2760 2484 2812 Ὀ
2526 2757 2623 2828 μὲν
2664 2756 2893 2811 οὖν’τοῦ
2940 2757 3073 2809 Θεοῦ
3139 2757 3411 2827 θεράπων,
3452 2758 3503 2810 εἷ
3547 2760 3641 2813 καὶ
3670 2760 3763 2813 τῶν

2203 2851 2417 2905 οἰκείων
2475 2848 2619 2903 οὕτω
2671 2848 2928 2920 μαθητῶν
2966 2848 3171 2918 ἔρημος
3221 2848 3611 2912 ἀπολέλειπτο,
3640 2848 3763 2905 ἀλλὰ

2204 2940 2489 3010 παροῦσαν
2529 2936 2643 3009 εἶχε
2686 2940 2872 3005 σαφῶς
2919 2938 3020 3008 τὴν
3047 2938 3194 2990 θείαν
3218 2937 3426 2991 ἄνωθεν
3460 2939 3642 3009 χάριν.
3673 2940 3762 2992 οὐκ

530 3034 830 3098 abscessit;
862 3049 973 3087 non
1034 3042 1245 3086 tantum
1281 3041 1520 3087 mentem
1574 3034 1723 3089 illius
1779 3035 1964 3090 laetitia
2015 3052 2101 3091 re-

2212 3031 2530 3099 ἀγαλλίασιν
2580 3030 2737 3101 μόνον
2778 3030 3133 3099 ἐμποιοῦσαν,
3164 3028 3300 3082 ἀλλά
3343 3047 3465 3082 τινα
3499 3032 3598 3085 καὶ
3639 3031 3763 3098 ἄφα-

532 3126 714 3195 plens.
776 3125 870 3178 sed
931 3122 1264 3177 incﬂ'abilem
1327 3123 1645 3190 quamdam,
1708 3125 1785 3178 uti
1842 3125 2100 3187 diximus,

535 3215 862 3270 ditl'undens
889 3213 1267 3284 fragrantiam,
1294 3228 1414 3282 qua:
1462 3214 1691 3269 lacerna:
1719 3231 1823 3284 qua
1868 3217 2103 3270 amictus

531 3315 653 3360 erat
684 3305 755 3360 ad
787 3315 1095 3360 extremum
1121 3319 1296 3373 usque
1341 3305 1577 3359 inhaesit.
1600 3305 1887 3360 Gaudebat
1917 3307 2101 3376 itaque

532 3396 860 3459 solitudine,
886 3411 951 3450 ac
978 3395 1155 3449 tribus
1216 3396 1687 3465 consequentibus
1736 3395 1931 3450 diebus
2000 3397 2102 3452 soli

534 3492 767 3547 orationi
798 3502 851 3548 et
899 3492 1006 3549 Deo
1040 3508 1241 3549 vacans
1287 3495 1484 3566 (usque
1529 3508 1595 3549 eo
1628 3494 1773 3548 enim
1807 3504 1986 3561 potens
2019 3511 2094 3559 es,

538 3582 775 3639 Domine.
799 3595 848 3639 et
874 3588 1065 3640 ueritas
1094 3597 1183 3638 tua
1212 3586 1267 3656 in
1296 3588 1520 3639 circuitu
1551 3595 1638 3640 tuo
1663 3585 1727 3656 ¹³)
1752 3587 2099 3656 conspicatur

542 3669 819 3736 utrimque
862 3680 1084 3725 sanctos
1117 3673 1342 3741 angelos
1368 3672 1525 3733 duos,
1547 3672 1780 3725 alterum
1807 3688 1835 3725 a
1859 3674 2114 3739 dexteris,

541 3757 777 3812 alterum
802 3774 833 3811 a
856 3758 1117 3819 sinistris,
1139 3760 1388 3813 dicentes
1411 3758 1512 3828 ipsi
1536 3776 1549 3811 :
1571 3757 1820 3823 Conﬁde,
1841 3775 1950 3814 non
1968 3762 2116 3814 enim

541 3846 697 3901 solus
719 3861 819 3913 es;
869 3847 965 3902 sed
1002 3862 1103 3901 nos
1134 3856 1317 3902 terum
1349 3864 1561 3903 sumus.
1597 3848 1815 3903 Interea
1860 3850 2115 3907 barbaris

544 3935 786 3991 reditum
824 3937 881 3992 in
935 3938 1173 4007 patriam
1235 3940 1654 4005 meditantibus,
1708 3950 2004 3996 servantur
2058 3955 2115 3998 et

540 4022 835 4094 discipuli:
880 4027 1116 4096 visoque
1161 4037 1368 4097 quanta
1427 4031 1662 4100 Symeon
1704 4030 1895 4085 hetitia
1948 4041 2113 4102 atque

541 4116 717 4185 gratia
754 4116 1118 4184 redundaret,
1144 4117 1284 4173 laetis
1306 4120 1536 4175 vocibus
1585 4120 1690 4190 ipsi
1733 4135 1955 4191 quoque
1987 4137 2111 4192 gra-

542 4203 651 4261 tias
671 4206 782 4262 Deo
821 4207 1204 4262 reddiderunt.

2209 3139 2320 3186 τον,
2357 3124 2432 3184 ὡς
2452 3122 2683 3191 ἔφημεν,
2738 3121 2962 3174 εὐωδίαν
3011 3120 3175 3172 αὐτοῦ
3229 3121 3761 3190 καταχέουσα-δῆτα

2209 3213 2436 3274 καὶτοῖς
2460 3212 2687 3283 ῥακίοις,
2717 3207 2798 3274 οἷς
2828 3212 3042 3277 ,ἐκεῖνος
3088 3209 3358 3279 ἠμφίεστο
3401 3250 3417 3277 ,
3480 3213 3760 3285 παρέμεινε

2208 3301 2295 3355 διὰ
2314 3301 2519 3364 τέλους.
2548 3297 2662 3355 .τΗν
2691 3301 2871 3353 τοίνυν
2894 3300 3096 3370 χαίρων
3125 3302 3188 3370 τῇ
3212 3299 3339 3369 περὶ
3363 3300 3526 3352 αὑτὸν
3553 3298 3759 3370 ἐρημίᾳ,

2208 3392 2304 3444 καὶ
2333 3391 2522 3463 τρίτην
2551 3390 2677 3460 ἑξῆς
2716 3390 2928 3461 ἡμέραν
2960 3390 3094 3460 εὐχῇ
3133 3391 3272 3460 μόνῃ
3303 3390 3397 3442 καὶ
3428 3389 3554 3459 θεῷ
3586 3388 3760 3458 σχολά⁸

2203 3498 2312 3560 ζων
2339 3496 2419 3568 (ὲν
2448 3492 2688 3565 τοσούτῳ
2711 3492 2770 3546 δὲ
2802 3489 3063 3556 δυνατὸς
3089 3485 3172 3556 ετ,
3203 3492 3398 3559 Κύριε,
3425 3491 3526 3546 καὶ
3558 3494 3597 3561 ἠ
3626 3492 3763 3557 ἀλή-

2206 3585 2334 3642 θειά
2361 3601 2477 3641 σου
2524 3586 2730 3648 κύκλῳ
2773 3581 2912 3650 σου)
2956 3583 3058 3654 ὁρᾷ
3105 3581 3199 3636 δύο
3242 3582 3393 3646 τινὰς
3442 3582 3762 3653 ἑκατέρωθεν

2225 3672 2410 3737 ἁγίους
2441 3673 2702 3740 ἀγγέλους
2728 3712 2742 3736 ,
2776 3672 2867 3726 τὸν
2902 3673 3001 3742 μὲν
3028 3676 3092 3726 ἐκ
3116 3674 3307 3741 δεξιῶν
3337 3715 3352 3740 ,
3381 3676 3471 3728 τὸν
3492 3677 3540 3729 δ’
3576 3678 3633 3742 ἐξ
3674 3676 3766 3745 ἀριρ

2233 3761 2462 3828 στερῶν,
2532 3760 2789 3829 λέγοντας
2854 3764 3042 3833 αὐτῷ·
3099 3764 3325 3837 Θάρρει,
3382 3766 3504 3820 οὐδὲ
3563 3767 3665 3838 γὰρ
3705 3762 3765 3826 εί.

2221 3854 2376 3922 φησι,
2415 3855 2592 3922 μόνος,
2636 3853 2771 3907 ἀλλὰ
2822 3854 2961 3924 μετά
3016 3854 3107 3908 σοῦ
3152 3861 3247 3908 καὶ
3284 3858 3464 3925 ἡμεῖς.
3505 3858 3598 3913 Ἐν
3616 3856 3766 3923 τούτῳ

2220 3944 2275 3996 δὲ
2299 3943 2407 3997 τῶν
2455 3942 2745 4014 βαρϐάρων
2774 3944 3035 3998 ἐπανόδου
3075 3945 3447 4016 μνησθέντων,
3477 3947 3761 4012 ἀνασώζονσ

2218 4051 2307 4087 ται
2330 4036 2426 4087 καὶ
2478 4035 2740 4106 μαθηταὶ,
2774 4035 2866 4088 καὶ
2898 4036 3088 4091 τοῦτον
3134 4038 3291 4102 ὅπως
3336 4037 3699 4107 ἀγαλλιάσεὼς
3714 4051 3765 4088 τι

2219 4128 2314 4179 καὶ
2368 4126 2589 4198 χάριτος
2642 4122 2787 4197 εῖχεν
2836 4126 3054 4194 ἰδόντες,
3089 4127 3476 4200 ἀγαλλομένοις
3524 4130 3641 4202 Θεῷ
3687 4127 3764 4180 καὶ

2219 4215 2373 4267 αὐτοὶ
2396 4214 2631 4284 χείλεσιν
2657 4215 3041 4285 ηὐχαρίστουν.

1979 4328 2205 4386 CAPUT
2250 4329 2343 4384 IX.

1100 4435 1368 4492 Liberalia
1405 4442 1771 4511 captivarum;
1802 4444 2058 4497 transitus
2080 4444 2136 4497 in
2167 4452 2395 4498 montem
2436 4444 2764 4510 mirabilem;
2807 4448 2916 4502 alia
2947 4449 3228 4506 miracula.

617 4544 709 4601 6'7.
733 4544 942 4600 Verum
979 4547 1107 4615 quis
1149 4563 1333 4605 sermo
1354 4567 1445 4606 res
1475 4567 1506 4605 a
1545 4552 1734 4606 divino
1779 4554 2001 4608 homine
2055 4570 2107 4610 es

2294 4554 2392 4622 ξξ.
2433 4556 2594 4610 Ἀλλὰ
2626 4557 2709 4621 τίς
2764 4557 2830 4611 ἂν
2884 4558 3041 4628 λόγος
3071 4561 3141 4613 τὰ
3173 4558 3477 4633 τηνικαῦτα
3507 4562 3653 4632 παρὰ
3680 4559 3756 4614 τοῦ

543 4644 874 4708 tempestate
900 4645 1101 4707 gestas,
1125 4649 1261 4709 quot
1300 4642 1557 4697 servituti
1593 4644 1841 4700 addictos
1868 4646 2117 4703 libertati

553 4729 884 4794 restituerit,
906 4738 965 4786 et
980 4746 1079 4800 per
1114 4732 1327 4788 medios
1357 4733 1548 4790 hostes
1593 4736 1773 4792 salvos
1836 4738 2113 4806 eduxerit,

547 4822 742 4892 paucis
760 4830 928 4892 queat
957 4822 1029 4877 ob
1060 4824 1253 4878 oculos
1296 4826 1537 4893 ponere?
1590 4842 1760 4882 unum
1783 4828 2118 4895 alterumve

544 4924 771 4965 necesse
800 4919 886 4965 est
915 4926 1245 4968 memorare.
1283 4913 1476 4970 Frater
1508 4916 1624 4979 ille,
1656 4918 1819 4985 cujus
1842 4932 1873 4971 a
1907 4918 2106 4973 barba-

547 5000 626 5054 ris
673 5001 817 5069 capti
893 5003 1235 5058 mentionem
1294 5005 1528 5061 fecimus
1581 5008 1744 5076 paulo
1798 5009 1910 5077 (ll)
1962 5018 2111 5076 ante,

547 5088 823 5145 mirabilia
868 5094 1045 5147 sancti
1072 5109 1237 5163 opera
1271 5095 1370 5166 (ita
1403 5099 1551 5152 enim
1581 5098 1701 5153 ﬁeri
1743 5101 2034 5154 consuevit
2054 5110 2117 5157 ut

549 5176 755 5242 anima,
780 5177 1225 5234 intolerabilibus
1266 5185 1530 5239 aerumnis
1592 5199 1803 5254 pressa,
1829 5200 1951 5240 cum
1977 5203 2115 5257 qua-

549 5265 677 5321 dam
710 5267 996 5337 voluptate
1025 5269 1082 5323 in
1107 5272 1429 5328 memoriam
1461 5275 1552 5329 illa
1587 5284 1831 5342 revocet,
1858 5291 1980 5346 qua:
2004 5292 2117 5332 me-

550 5354 749 5414 liorem
796 5359 994 5415 aﬂ'erre
1064 5377 1218 5432 spem
1273 5374 1399 5421 nata
1473 5371 1624 5437 sunt)
1674 5365 1892 5422 cuidam
1955 5367 2115 5423 militi

623 5510 670 5545 ⁸³
711 5511 856 5569 Psal.
884 5528 1140 5579 Lxxxvm,
1186 5514 1242 5570 9.

518 5647 524 5653 ’
624 5640 740 5712 (ιθ
772 5657 963 5713 supra,
992 5659 1146 5699 num.
1177 5644 1265 5697 65.

2220 4647 2363 4701 θείου
2384 4647 2608 4717 Συμεὼν
2646 4649 2929 4718 γεγονότα,
2971 4650 3066 4704 καὶ
3106 4652 3251 4715 ὅπως
3274 4651 3383 4705 τῶν
3413 4652 3759 4723 αίχμαλωτισ-

2222 4737 2422 4792 θέντων
2453 4738 2669 4802 πολλοῖς
2717 4739 3082 4811 ὀπτανόμενος
3102 4741 3238 4795 ἀνίει
3289 4744 3387 4811 τῆς
3412 4740 3756 4810 αἰχμαλωσίας

2223 4828 2441 4890 αὐτοὺς,
2465 4828 2560 4881 καὶ
2616 4829 2708 4882 διὰ
2770 4830 2948 4897 μέσων
3000 4830 3172 4894 ἔσωζε
3214 4831 3324 4885 τῶν
3386 4830 3756 4902 βαρϐάρων.ὲν

2225 4915 2414 4986 βραχεί
2464 4919 2904 4989 παραστήσειεν;
2932 4919 3052 4981 ἑνὸς
3108 4919 3187 4984 δὲ,
3223 4919 3255 4989 ἢ
3288 4920 3385 4973 καὶ
3439 4919 3533 4973 δύο
3580 4919 3754 4973 τούτων

2223 5007 2518 5073 ἀναγκαῖον
2571 5009 2998 5080 ἐπιμνησθῆναι.
3065 5009 3126 5062 '0
3172 5012 3276 5065 ὑπὸ
3319 5010 3431 5064 τῶν
3495 5009 3753 5081 βαρὸάρειν

2221 5096 2448 5167 ἔναγχος
2504 5097 2732 5168 ληφθεὶς
2793 5099 3041 5170 ἁδελφὸς,
3072 5094 3135 5154 οὗ
3178 5100 3275 5153 καὶ
3337 5100 3523 5172 μικρῷ
3552 5095 3753 5170 πρόσθεν

2219 5190 2248 5241 ό
2278 5188 2438 5257 λόγος
2467 5188 2621 5241 ἔθετο
2647 5190 2889 5261 μνήμην,
2934 5192 3005 5245 τὰ
3052 5192 3148 5245 τοῦ
3184 5192 3338 5260 ἁγίου
3367 5191 3656 5262 θαυμάσια,
3680 5178 3753 5239 οἷα

2222 5278 2411 5334 εἴωθεν
2438 5282 2495 5334 ἐν
2527 5283 2831 5351 ἀμηχάνοις
2860 5286 3054 5347 κακοῖς
3084 5282 3219 5338 οὖσα
3241 5282 3388 5354 ψυχὴ
3428 5283 3537 5338 τῶν
3557 5292 3753 5353 χρηστοο

2221 5371 2384 5443 τέραν
2425 5371 2618 5427 ἐλπίδα
2644 5373 3036 5444 παρεχομένων
3057 5375 3230 5446 ἡδέως
3251 5367 3753 5446 ἀναμιμνήσκεσθαι.
