4026 6292
508 326 643 393 3051

1707 331 1768 391 S.
1812 327 2186 389 SYMEONIS
2221 325 2581 387 JUNIORIS

3632 324 3761 386 3032

509 441 725 500 Domini
753 455 982 497 ascensu
1010 440 1319 496 celebrem:
1353 456 1543 496 verum
1591 439 1736 493 aliud
1780 438 2083 495 meditaba-

2188 436 2246 488 τὸ
2283 438 2519 506 πρᾶγμα
2559 434 2861 505 οἰκονομία,
2892 434 2983 504 ὑφ’
3026 425 3072 502 ᾧ
3117 432 3210 487 καὶ
3241 432 3442 502 κίνημα
3493 432 3762 502 καρδίαςό

510 545 600 588 tur
657 531 1004 603 providentia
1046 531 1256 595 divina,
1293 532 1380 587 cui
1417 530 1650 599 Symeon
1703 541 1759 584 et
1810 531 2080 586 motiones

509 624 714 687 cordis,
757 632 812 679 et
853 624 1216 693 cogitationes
1264 630 1485 688 mentis,
1513 639 1567 675 ιιι
1598 623 1838 691 reliquas
1883 610 2079 676 anima:

480 717 862 790 .operationes
884 715 1254 769 commiserat.
1276 714 1478 770 Statuit
1509 714 1692 783 igitur,
1725 714 2000 779 alumna,
2025 713 2079 765 in

508 823 613 877 qua
646 814 936 860 octennem
964 805 1073 875 jam
1109 806 1401 859 stationem
1427 813 1635 877 egerat,
1661 806 1874 871 relicta,
1908 804 2078 859 altum

509 897 562 949 ia
587 894 838 967 proximo
865 903 1130 960 montem,
1157 894 1411 948 redeunti
1446 911 1477 949 a
1520 895 1774 951 columna
1801 896 1867 951 ad
1894 895 2082 951 dexte-

511 1003 624 1041 ram
649 986 839 1052 situm,
868 984 1259 1041 conscendere.
1289 986 1420 1040 Erat
1451 987 1543 1040 ille
1576 1002 1841 1057 perquam
1868 987 2078 1050 aridus,

510 1094 610 1134 nec
651 1078 759 1132 ulla
811 1091 967 1147 aqua:
1015 1077 1351 1147 scaturigine
1398 1077 1679 1148 rigabatur
1725 1076 1892 1135 :binc
1916 1079 2082 1133 nullis

508 1168 732 1221 omnino
756 1167 1041 1220 hominum
1071 1166 1319 1238 vestigiis
1351 1167 1533 1231 tritus,
1564 1177 1782 1237 gratum
1816 1178 1935 1223 erat
1962 1184 2081 1223 ser-

509 1258 765 1327 pentibus
795 1272 860 1311 ac
891 1257 1023 1311 feris
1072 1258 1371 1312 stabulum.
1412 1258 1643 1327 Jamque
1686 1258 1920 1328 Symeon
1969 1268 2083 1313 tota

508 1359 690 1404 mente
715 1363 782 1403 eo
807 1349 1152 1414 ascenderat,
1197 1364 1322 1403 cum
1367 1349 1520 1403 visus
1547 1348 1652 1404 sibi
1676 1361 1761 1405 est
1790 1351 2082 1405 Dominum

506 1447 561 1495 et
587 1439 925 1496 Salvatorem
957 1447 1203 1494 nostrum
1234 1439 1534 1503 Christum,
1565 1442 1885 1511 angelorum
1922 1457 2084 1499 exer-

506 1532 642 1595 citu,
669 1531 829 1602 cujus
858 1545 1151 1584 numerum
1180 1532 1321 1586 inire
1350 1531 1493 1585 haud
1530 1531 1711 1594 facile,
1738 1531 2083 1598 comitatum,

507 1624 561 1677 in
584 1630 827 1677 montem
856 1621 1015 1676 illum
1035 1621 1481 1685 descendentem,
1505 1623 1760 1677 similiter
1780 1633 1836 1679 et
1865 1624 2085 1680 lucidis-

504 1713 699 1765 simam
732 1710 959 1775 nubem,
1002 1710 1243 1765 radicem
1284 1711 1432 1766 illius
1458 1728 1555 1781 per
1583 1714 1877 1767 circuitum
1921 1714 2081 1769 obtei-

504 1811 721 1875 gcntem
740 1803 944 1858 intueri
967 1820 981 1856 ι
1009 1803 1202 1857 audire
1222 1817 1352 1857 vero
1367 1803 1624 1858 emissam
1655 1819 1685 1857 e
1710 1807 1853 1859 nube
1875 1820 2088 1869 vocem,

506 1895 779 1971 dicentem
827 1912 840 1947 :
887 1895 1127 1958 Festina,
1174 1893 1431 1965 Symeon,
1481 1895 1794 1950 conscende
1838 1905 2082 1950 montem

506 1990 654 2043 hunc
700 1985 1038 2050 mirabilem;
1091 1984 1167 2038 ita
1205 1985 1353 2038 enim
1380 1984 1643 2053 deinceps
1671 1984 2037 2053 appellabitur
2066 2003 2080 2038 :

506 2077 880 2135 sanctificatus
915 2091 1154 2146 namque
1184 2084 1270 2130 est
1296 2091 1327 2129 a
1358 2090 1481 2141 me;
1537 2074 1593 2129 in
1617 2060 1742 2145 ‘quo
1770 2076 2084 2132 mirabilius

511 2169 692 2224 adhuc
724 2182 928 2223 nomen
978 2174 1135 2221 tuum
1180 2165 1411 2230 faciam,
1463 2165 1723 2235 quoniam
1757 2182 1858 2236 ego
1899 2176 2082 2223 tecum

510 2277 651 2315 sum.
682 2259 762 2315 Ad
793 2259 909 2313 haec
935 2257 1277 2312 monstrabat
1311 2256 1403 2311 illa
1458 2272 1563 2310 vox
1615 2269 1847 2327 petram,
1879 2259 1930 2313 in
1973 2274 2080 2328 qua

509 2353 654 2406 Deus
682 2351 949 2405 Dominus
998 2359 1185 2403 noster
1231 2349 1701 2418 conspiciebatur,
1752 2351 2081 2420 praecipiens

506 2451 567 2497 ut
600 2442 748 2496 illam
791 2440 1027 2510 Symeou
1062 2439 1477 2493 conscenderet.
1533 2438 1842 2495 Scabellum
1897 2449 2079 2496 autem

505 2529 725 2599 pedum,
798 2528 944 2599 quod
998 2527 1192 2582 eadem
1262 2527 1810 2598 iucomprehensibili
1869 2530 2079 2586 visione

2182 527 2431 596 Συμεὼν,
2466 528 2559 581 καὶ
2598 526 2877 596 ἐνθύμιον,
2914 526 3009 580 καὶ
3040 524 3457 594 ἐγκατάλειμμα
3513 524 3762 593 ὲνθυμίιυ

2182 617 2466 688 πεποίητο.
2520 618 2702 686 Ἔγνω
2725 617 3013 687 τοιγαροῦν
3044 616 3135 667 τὸν
3161 616 3313 667 κίονα
3335 614 3433 681 μὲν
3452 613 3762 680 ἀπολιπεῖν,

2180 709 2265 777 ἐφ’
2308 704 2368 762 οὗ
2415 709 2648 780 ὀκταετῆ
2707 709 2896 761 στάσιν
2935 708 3097 778 ήνυεν
3139 706 3260 776 ἥδη,
3314 705 3392 774 τῷ
3437 705 3501 757 δὲ
3555 706 3767 774 μεγάλῳ

2182 798 2409 869 πλησίον
2445 799 2560 866 ὄρει
2600 799 3028 869 προσαναϐῆναι,
3072 800 3208 868 ὅπερ
3256 797 3406 868 δεξιᾷ
3452 795 3559 849 τοῦ
3606 796 3768 859 κίονος

2181 892 2384 946 ἀνιόντι
2411 886 2825 946 διάκειται.Ἶ-Ιν
2856 890 2912 943 δὲ
2940 888 3099 942 τοῦτο
3124 890 3365 957 ἐσχάτως
3394 888 3658 956 ἄνυδρον,
3685 889 3769 940 καὶ

2181 982 2269 1037 διὰ
2300 983 2458 1036 τοῦτο
2497 982 2690 1053 κομιδῇ
2727 983 2824 1052 μὲν
2853 980 3160 1049 ἀνθρώποις
3191 980 3410 1042 ἄϐατον,
3435 978 3700 1046 ἑρπετοῖς
3720 976 3769 1028 δὲ

2182 1074 2278 1127 καὶ
2305 1074 2516 1143 θηρίοις
2560 1073 2750 1143 ἡδίστη
2782 1072 3057 1143 διατριϐή.
3098 1071 3214 1124 Ἐπ’
3247 1069 3379 1122 αὐτὸ
3400 1069 3593 1121 τοίνυν
3625 1067 3770 1119 ἀνελ-

2187 1165 2301 1219 θεῖν
2335 1166 2436 1219 καὶ
2469 1165 2699 1235 γνώμης
2733 1166 2846 1233 ἅμα
2884 1165 2980 1217 καὶ
3019 1150 3246 1229 μελέτης
3275 1162 3435 1229 ἔχων,
3467 1160 3657 1212 ἐδόκει
3690 1157 3771 1207 τὸν

2184 1257 2388 1325 Κύριον
2436 1257 2591 1327 ήμῶν
2638 1257 2734 1309 καὶ
2764 1256 2992 1325 Σωτῆρα
3035 1253 3273 1325 Χριστὸν
3320 1253 3460 1320 μετά
3517 1251 3770 1318 στρατιᾶς

2185 1347 2432 1414 ἀγγέλων
2477 1348 2585 1400 οὐδ’
2633 1348 2761 1415 ὅσης
2802 1345 3212 1417 ἀριθμήσασθαι
3267 1344 3448 1415 ῥᾴδιον
3473 1382 3490 1403 ,
3526 1341 3621 1394 ἐπ’
3651 1340 3771 1392 αύτό

2185 1437 2601 1507 καταϐεϐηκότα
2642 1436 2790 1501 ἰδεῖν,
2819 1436 3047 1506 νεφέλην
3066 1452 3125 1488 τε
3155 1435 3330 1503 φωτὸς
3364 1433 3463 1496 τὰς
3494 1432 3767 1500 ὑπωρείας

2186 1530 2370 1600 κύκλῳ
2425 1528 2825 1591 καλύπτουσαν,
2864 1528 3046 1597 φωνῆς
3101 1543 3160 1578 τε
3223 1526 3332 1579 ἀπὸ
3390 1525 3494 1594 τῆς
3541 1523 3769 1590 νεφέλης

2185 1620 2435 1675 ἀκοῦσαι·
2463 1619 2725 1681 Σπεῦσον,
2752 1618 2981 1687 ἀνάϐηθι
3005 1614 3230 1686 Συμεὼν
3255 1615 3350 1674 ἐπὶ
3370 1615 3432 1666 τὸ
3459 1612 3767 1682 θαυμαστὸν

2185 1712 2310 1784 δρος
2341 1711 2520 1776 τοῦτο,
2551 1711 2816 1781 λεγούσης
2835 1728 2849 1743 ·
2886 1710 3030 1763 οὕτω
3061 1710 3172 1780 γὰρ
3202 1708 3268 1760 ἂν
3302 1706 3410 1760 ἀπὸ
3435 1705 3536 1758 τοῦ
3573 1704 3670 1755 νῦν
3694 1703 3769 1769 εἴη

2123 1805 2163 1859 Β
2194 1805 2562 1875 καλούμενον·
2591 1803 2849 1872 ἡγίασται
2901 1792 3023 1870 γὰρ’
3062 1803 3192 1871 παρ’
3241 1799 3398 1870 ἐμοῦ,
3463 1796 3556 1866 ἐφ’
3596 1790 3643 1864 ᾧ
3685 1794 3769 1847 καὶ

2191 1895 2573 1966 θαυμαστώσω
2597 1896 2796 1965 μᾶλλον
2821 1895 2883 1947 τὸ
2911 1895 3084 1964 ὄνομά
3110 1911 3225 1957 σου,
3261 1894 3344 1946 ὅτι
3375 1892 3471 1944 καὶ
3508 1890 3654 1961 μετὰ
3684 1886 3767 1940 σοῦ

2192 1990 2306 2058 είμι
2332 1988 2465 2056 ἐγώ.
2527 1987 2842 2041 ’Υπεδείκνυ
2873 1987 2985 2056 δὲὴ
3020 1987 3175 2055 φωνὴ
3207 1987 3301 2038 καὶ
3333 1985 3565 2054 πέτραν.
3599 1982 3685 2050 ἐφ’
3708 1972 3768 2049 ἧς

2190 2080 2219 2131 ὁ
2248 2078 2452 2147 Κύριος
2480 2076 2637 2154 ἡμῶν
2662 2077 2756 2131 καὶ
2785 2076 2918 2140 Θεὸς
2956 2078 3185 2146 ἑωρᾶτο,
3222 2075 3309 2129 ἐπ’
3345 2072 3521 2143 αὐτὴν
3570 2067 3767 2135 ἀναϐῆ-

2192 2186 2279 2222 ναι
2319 2168 2411 2222 τὸν
2453 2168 2679 2238 Συμεὼν
2713 2167 3101 2236 ὑποτιθεμένη.
3139 2165 3211 2218 τὸ
3247 2165 3304 2218 δὲ
3333 2166 3432 2233 τῆς
3475 2161 3766 2233 ἀπροσίτου

2192 2261 2319 2324 θέας
2350 2261 2567 2329 ἐκείνης
2596 2258 2705 2313 τῶν
2744 2258 2920 2313 ποδῶν
2944 2257 3230 2313 ὑποπόδιον
3250 2272 3265 2287 ο
3294 2255 3395 2323 φεῦ
3423 2253 3528 2307 τοῦ
3557 2253 3765 2321 (proter

2188 2351 2264 2414 ὡς
2315 2351 2410 2405 καὶ
2466 2349 2633 2404 αὐτοῦ
2691 2349 3044 2420 φαιδρότερον
3099 2348 3301 2418 μᾶλλον
3356 2341 3426 2418 ἦν
3488 2345 3766 2412 ἐκλάμπον

2190 2442 2362 2513 ἡλίου·
2386 2442 2468 2496 Τὰ
2504 2443 2601 2513 μὲν
2631 2442 2695 2513 δὴ
2722 2443 2825 2513 τῆς
2863 2445 3149 2504 ὀπτασίας,
3174 2443 3267 2495 καὶ
3296 2441 3395 2511 τῆς
3421 2439 3518 2493 ἐπὶ
3551 2437 3614 2489 τὸ
3641 2435 3763 2488 θαυ-

2193 2533 2396 2604 μαστὸν
2418 2533 2544 2604 ὅρος
2574 2534 2819 2604 κλήσεως
2851 2534 2945 2588 τοῦ
2972 2532 3177 2601 Ἀγίου,
3203 2532 3448 2587 τοιαῦτα.

501 2621 902 2678 ostendebatur
960 2619 1015 2691 (ο
1056 2620 1303 2687 lumen!)
1348 2621 1508 2691 longe
1567 2620 1913 2693 splendidius
1968 2623 2088 2694 ipso
2122 2624 2238 2680 sole
2303 2624 2568 2696 fulgebat.
2615 2627 2795 2696 Atque
2841 2626 2960 2682 haec
3004 2636 3089 2681 est
3131 2610 3273 2679 visio
3301 2631 3358 2679 et
3418 2623 3642 2678 vocatio
3666 2619 3760 2689 Sy-

505 2713 717 2768 meonis
746 2713 801 2766 in
827 2720 1072 2766 montem
1122 2711 1455 2766 mirabilem.

574 2804 999 2862 70.Convocato
1034 2804 1219 2874 itaque
1270 2804 1507 2859 fratrum
1560 2807 1817 2877 collegio.
1859 2808 2076 2880 singula

502 2913 625 2969 quae
676 2896 903 2965 viderat,
930 2895 1245 2950 enarravit:
1290 2902 1406 2950 tum
1460 2897 1831 2965 provectioris
1895 2900 2075 2954 aetatis

502 2988 794 3060 quemdam
835 3003 1054 3042 morum
1083 2987 1354 3042 suavitate
1391 2988 1762 3054 notissimum,
1809 2999 2082 3046 monaste-

2256 2813 2320 2866 o'.
2365 2811 2422 2866 ’0
2455 2812 2511 2866 δὲ
2548 2812 2650 2882 τὴν
2683 2811 3022 2882 ἀδελφότητα
3057 2809 3421 2879 συγκαλέσας,
3462 2808 3563 2862 καὶ
3590 2806 3755 2863 αὐτοῖς

2185 2904 2393 2959 ἕκαστα
2425 2904 2500 2968 ὡς
2528 2902 2626 2958 ίδοι
2659 2903 3082 2976 διηγησάμενος,
3109 2904 3204 2957 ενα
3235 2920 3294 2956 τε
3324 2902 3435 2955 τῶν
3460 2897 3755 2981 πρεσϐυτέ-

2192 3013 2300 3066 ρων
2329 2997 2428 3069 τὴν
2457 2997 2695 3065 ἡλικίαν,
2726 2998 2820 3050 καὶ
2843 2996 3062 3068 τρόπων
3091 2994 3419 3066 χρηστότητι
3452 2987 3754 3063 μαρτυρού-

508 3081 648 3135 rium
670 3077 1041 3133 incolentibus
1066 3093 1300 3148 praeesse
1325 3079 1493 3148 jussit
1518 3083 2075 3151 :cumqueipsosDeo

2191 3106 2373 3159 μενον,
2406 3092 2737 3161 προεστάναι
2766 3088 2866 3156 τῆς
2909 3089 3074 3157 μονῆς
3113 3087 3498 3156 καταστήσας·
3538 3080 3754 3147 ἐπευξά-

503 3172 767 3242 precibus
836 3169 1298 3233 commendasset,
1367 3186 1398 3225 e
1440 3171 1696 3226 columna
1750 3173 2075 3237 descendit;

504 3274 669 3336 atque
699 3264 826 3329 iter,
860 3260 1007 3330 quod
1036 3260 1093 3315 in
1137 3276 1402 3317 cacumen
1442 3262 1649 3318 montis
1695 3262 1954 3329 ducebat,
2002 3246 2086 3319 in;

506 3355 1098 3431 grcssus,ciarissima
1168 3353 1381 3409 visione
1428 3353 1690 3408 ducatum
1766 3363 2082 3423 praestante,

508 3450 848 3522 properavit,
898 3457 960 3503 ut
1012 3461 1369 3503 memoratam
1443 3455 1654 3518 petram
1715 3448 2081 3518 contingeret.

507 3543 697 3597 Pullus
742 3542 910 3596 asinae
967 3540 1255 3617 deferebat
1276 3548 1433 3617 eum,
1482 3552 1525 3597 a‘
1579 3540 1801 3596 nemine
1844 3556 2084 3610 unquam

508 3634 730 3687 homine
759 3612 1101 3687 conscensus
1121 3650 1134 3684 :
1165 3631 1217 3686 id
1246 3612 1392 3700 quod
1428 3644 1529 3700 ego
1557 3630 1780 3700 quidem
1805 3630 2083 3694 existimo,

510 3722 822 3796 symbolum
872 3721 1274 3776 benevolentiae
1325 3735 1454 3791 erga
1509 3720 1837 3792 Symeonem
1878 3720 2085 3776 Christi

509 3810 726 3866 Domini
763 3808 953 3873 fuisse,
1005 3824 1221 3863 necnon
1254 3810 1671 3876 miraculorum,
1723 3826 1847 3881 quae
1878 3811 1969 3867 ille
2000 3812 2087 3866 in-

513 3913 595 3959 ter
637 3900 951 3958 adeundum
999 3910 1239 3955 montem
1293 3901 1500 3957 virtute
1551 3901 1716 3972 hujus
1771 3912 2088 3971 patraturus

512 4003 630 4049 erat
662 4013 675 4050 :
708 3995 798 4049 illa
830 3994 981 4050 enim
1012 3991 1082 4048 de
1103 4008 1287 4059 causa,
1329 4002 1383 4049 et
1439 3994 1589 4063 pullo
1641 3993 1807 4050 asina:
1859 3994 2084 4058 insedit,

516 4088 595 4139 uti
643 4084 905 4141 Christus
944 4083 1320 4153 Hierosolyma
1384 4083 1731 4156 ingrediens;
1798 4094 1857 4140 et
1888 4086 2088 4141 similis

514 4178 750 4232 Domino
779 4176 995 4249 (loquar
1022 4177 1178 4232 enim
1222 4178 1439 4233 tametsi
1505 4176 1684 4234 audax
1743 4177 1954 4250 videar)
1986 4177 2086 4235 ha-

516 4268 635 4324 beri
667 4269 900 4325 meritus
923 4279 1028 4324 est.

590 4359 677 4412 7i.
736 4358 1054 4433 Riorabatur
1110 4357 1257 4413 haud
1315 4359 1510 4433 procul
1562 4375 1593 4415 a
1638 4359 1974 4415 monasterio
2003 4358 2089 4412 vir

2192 3183 2350 3250 μενός
2375 3176 2437 3234 τέ
2478 3183 2682 3241 αὐτοῖς,
2731 3181 2823 3233 καὶ
2868 3179 2989 3249 Θεῷ
3024 3179 3422 3251 παραθέμενος,
3454 3176 3556 3230 τοῦ
3595 3175 3752 3234 κίονος

2187 3275 2420 3336 κάτεισι,
2446 3275 2540 3326 καὶ
2567 3274 2664 3341 τῆς
2695 3273 2788 3325 ἐπὶ
2817 3271 2916 3342 τὴν
2955 3272 3198 3342 κορυφὴν
3244 3271 3338 3322 τοῦ
3376 3269 3543 3338 ὅρους
3574 3264 3751 3338 φερούο

2188 3381 2288 3435 σης
2329 3362 2581 3426 ἅπτεται,
2611 3363 2788 3434 ὁδηγῷ
2815 3367 2879 3434 τῇ
2914 3364 3146 3433 φανείσῃ
3177 3360 3457 3432 χρώμενος
3501 3361 3643 3429 ὄψει,
3670 3356 3751 3409 καὶ

2187 3456 2285 3525 τῆν
2316 3457 2525 3525 πέτραν
2560 3456 2773 3525 ἐκείνην
2805 3454 3135 3507 καταλαϐεῖν
3165 3453 3548 3519 ἐπειγόμενος.
3582 3448 3749 3507 Πῶλος

2192 3544 2291 3614 μὲν
2318 3540 2411 3597 οὖν
2439 3541 2572 3614 ἦγεν
2603 3543 2786 3605 αὐτὸν,
2815 3542 2898 3609 ἐφ’
2920 3540 2978 3593 ὃν
3009 3541 3181 3602 οὐδεὶς
3208 3538 3515 3609 ἀνθρώπων
3550 3533 3747 3589 ἐκάθισε

2189 3635 2431 3693 πώποτε,
2473 3639 2571 3704 τῆς
2609 3634 2703 3686 τοῦ
2756 3634 3013 3700 ὀφθέντος
3051 3631 3299 3691 εὐδοκίας
3333 3624 3485 3697 οἶμαι
3531 3621 3746 3696 Χριστοῦ

2189 3727 2283 3781 καὶ
2314 3724 2474 3779 τοῦτο
2508 3725 2775 3793 σύμϐολον
2803 3726 2898 3777 καὶ
2928 3724 3035 3776 τῶν
3062 3721 3329 3792 σημείων,
3370 3715 3446 3773 ὧν
3469 3717 3744 3772 ἐπιϐαίνων

2187 3818 2281 3872 τοῦ
2303 3818 2464 3888 ὅρους
2499 3823 2527 3871 ὁ
2555 3817 2782 3886 Συμεὼν
2812 3817 3001 3887 ἔμελλε
3025 3819 3090 3886 τῇ
3124 3813 3288 3868 αὐτοῦ
3307 3813 3542 3881 δυνάμει
3572 3808 3743 3863 ποιεῖν.

2189 3911 2300 3983 Καὶ
2340 3908 2430 3961 διὰ
2472 3907 2630 3962 τοῦτο
2659 3910 2753 3961 καὶ
2792 3908 2956 3969 αὐτὸς
2994 3908 3086 3960 ἐπὶ
3126 3905 3311 3958 πώλου
3345 3903 3659 3975 φερόμενος.
3682 3897 3743 3959 ὡς

2189 4001 2284 4055 ἐπὶ
2329 4001 2430 4070 τὴν
2469 4000 2820 4070 Ἰερουσαλὴμ
2868 4001 3093 4064 ἐκεῖνος,
3140 3984 3235 4052 καὶ
3267 3995 3548 4067 ὁμοιότητι
3576 3989 3744 4064 (φθέγ-

2190 4094 2351 4163 ξομαι
2391 4095 2520 4167 γὰρ,
2555 4096 2602 4147 εἱ
2633 4096 2729 4148 καὶ
2763 4093 3057 4165 τολμηρὸν)
3089 4090 3182 4146 τοῦ
3215 4091 3485 4145 Δεσπότου
3538 4099 3743 4155 τετιμηο

2195 4187 2372 4257 μένος.
2473 4206 2489 4223 κ
3018 4188 3023 4189 ⁷

2257 4365 2361 4421 οα’.
2394 4364 2502 4420 Ἦν
2534 4365 2591 4418 δέ
2646 4384 2728 4439 τις
2779 4363 2920 4417 κατᾶ
2976 4363 3073 4432 τὴν
3137 4360 3304 4433 μονὴν
3349 4360 3623 4428 ἀκινήτως
3662 4349 3741 4404 τοῦ

504 4442 744 4520 ἠυίιίοηι
765 4449 915 4502 omni
938 4448 1139 4519 pedum
1161 4458 1312 4503 motu
1343 4449 1664 4514 destitutus,
1712 4450 2085 4519 membrisque

2194 4457 2352 4519 ποδὸς
2411 4456 2568 4527 ἔχων,
2630 4456 2725 4510 καὶ
2775 4455 2963 4509 τοῦτον
3016 4454 3260 4523 ἐσχάτως
3313 4449 3701 4521 πεπηρωμένος
3725 4457 3737 4471 '
3810 4500 3823 4513 κ

516 4541 718 4595 misere
781 4540 1032 4603 mutilus;
1083 4541 1342 4595 omnibus
1406 4550 1614 4606 autem,
1682 4541 1778 4612 qui
1836 4551 2089 4597 sanctum

516 4632 742 4686 adibant
815 4641 870 4685 et
922 4641 1349 4702 quantacunque
1392 4630 1708 4689 infirmitate
1756 4631 2092 4687 afﬂictaban-

520 4734 629 4787 tur,
669 4731 899 4805 salutem
956 4723 1386 4805 reportantibus,
1452 4724 1585 4779 huic
1630 4725 1724 4779 uni
1775 4722 2091 4783 adhibenda

519 4796 823 4871 sanationis
874 4813 1116 4875 remedia
1157 4796 1365 4885 (nescio
1420 4831 1551 4891 sane
1604 4831 1768 4885 quam
1823 4815 1895 4873 ob
1949 4831 2088 4879 rem,

521 4905 629 4959 nisi
660 4906 893 4979 quadam
936 4892 1151 4962 occulta
1176 4915 1244 4960 et
1290 4890 1662 4978 inexplicabili
1703 4905 2089 4976 dispositione)

519 4995 667 5050 lenta
722 5006 877 5055 erant
920 5006 974 5049 et
1020 4984 1440 5061 diiferebantur.
1475 4997 1564 5053 Sic
1617 4997 1783 5068 igitur
1838 4998 1894 5051 iu
1947 4997 2094 5052 hunc

522 5099 696 5154 usque
724 5084 864 5139 diem
889 5086 1327 5155 procrastinatus
1359 5088 1470 5153 ille,
1491 5098 1701 5148 sancto.
1726 5097 1850 5158 post
1867 5088 2093 5144 descen-

521 5188 642 5227 sum
675 5188 707 5228 e
734 5173 1008 5238 columna,
1044 5175 1291 5241 sistitur;
1321 5177 1480 5247 cujus
1503 5178 1754 5247 jubentis
1792 5177 1859 5230 ad
1906 5193 2095 5245 preces

521 5274 576 5317 et
606 5264 785 5317 crucis
815 5262 1054 5334 signum,
1118 5273 1439 5320 consuetam
1490 5281 1690 5335 nempe
1742 5267 2091 5329 medicinam,

527 5353 600 5406 ita
627 5352 1016 5406 corroboratus
1044 5361 1149 5417 est,
1173 5360 1234 5405 ut
1266 5354 1450 5408 statim
1489 5355 1658 5410 veloci
1683 5354 1817 5423 pede
1845 5339 2094 5409 sanctum

525 5443 959 5512 prmcuctrrrerit,
996 5460 1054 5498 re
1087 5446 1268 5513 potius
1319 5463 1480 5515 quam
1525 5447 1706 5500 verbis
1752 5447 2091 5501 curationem

523 5553 680 5594 suam
723 5537 1011 5601 extollens.
1065 5536 1313 5606 Cumque
1368 5536 1514 5590 haud
1579 5538 1769 5607 procul
1812 5553 1841 5591 a
1896 5538 2097 5591 montis

525 5629 731 5683 vertice
761 5628 979 5683 abesset
1003 5627 1258 5698 Symeon,
1291 5628 1630 5682 descendite
1658 5629 1808 5698 pullo
1860 5638 1914 5683 et
1969 5620 2113 5697 pre?

529 5718 730 5772 cationi
786 5733 845 5773 se
899 5718 1078 5782 dedit;
1125 5735 1229 5787 qua
1289 5719 1461 5783 (inita,
1523 5719 1714 5789 ingens
1775 5721 2097 5788 angelorum

2195 4547 2413 4601 πάντων
2444 4546 2625 4601 τοίνυν
2657 4548 2770 4600 ὅσοι
2801 4546 2879 4616 τῷ
2908 4546 3079 4615 Ἆγίῳ
3109 4547 3392 4619 προσῇσαν
3467 4535 3738 4609 θεραπείας

2193 4637 2551 4708 ἀξιουμένων,
2574 4637 2680 4708 ὅτῳ
2712 4636 2912 4704 δήποτε
2942 4635 3148 4689 τούτων
3173 4634 3401 4695 ἕκαστος
3430 4631 3592 4684 πάθει
3631 4639 3742 4681 κατ-

2194 4728 2394 4796 είχετο,
2418 4728 2503 4781 ἐπ’
2533 4728 2683 4797 αὐτῷ
2697 4726 2863 4798 ,μόνῳ
2885 4727 2951 4779 τὰ
2970 4728 3068 4797 τῆς
3094 4726 3290 4785 ίάσεως
3336 4723 3459 4793 (οὐκ
3479 4719 3576 4778 οἷδ’
3592 4722 3735 4775 ὅπως.

2194 4814 2229 4884 ἢ
2263 4814 2442 4881 λόγοις
2474 4816 2790 4885 (imponam)
2829 4816 3046 4878 πάντως
3098 4806 3435 4882 οἰκονομίας)
3471 4809 3629 4864 ὤκνει
3663 4803 3738 4858 καί

2197 4904 2537 4963 ἀνεϐάλλετο.
2569 4898 2737 4965 Οὗτος
2789 4904 3080 4973 τοιγαροῦν
3108 4907 3188 4966 εἰς
3215 4902 3374 4970 δεῦρο
3425 4897 3735 4971 ταμιευθεὶς.

2197 4994 2535 5062 προσάγεται
2571 4993 2648 5062 τῷ
2693 4995 2858 5064 Ἀγίῳ
2891 4996 3028 5064 μετὰ
3058 4994 3158 5066 τὴν
3186 4996 3250 5047 ἐκ
3282 4992 3375 5046 τοῦ
3405 4993 3586 5054 κίονος
3627 4985 3737 5041 κάθ-

2197 5086 2338 5149 οδον,
2360 5087 2571 5139 ἐκείνου
2603 5085 2979 5149 κελεύσαντος,
3020 5087 3151 5155 εὐχῇ
3179 5101 3237 5137 τε
3260 5085 3354 5137 καὶ
3381 5082 3650 5151 σφραγῖδι,
3673 5072 3736 5141 τῷ

2199 5175 2418 5247 συνήθει
2482 5176 2781 5247 φαρμάκῳ,
2814 5175 3102 5246 ῥώννυται,
3131 5174 3189 5237 ὃς
3222 5174 3317 5227 καὶ
3358 5174 3629 5243 δρομαίως
3666 5168 3735 5218 εὖ·

2197 5268 2292 5330 οὓς
2324 5264 2392 5337 ἦν
2420 5267 2514 5321 τοῦ
2549 5267 2731 5335 Ἀγίου
2768 5267 3238 5336 προπορευόμενος
3264 5307 3279 5329 ,
3308 5265 3595 5333 πράγμασι
3628 5258 3735 5329 μᾶλ-

2195 5357 2341 5427 λονῆ
2369 5361 2574 5429 ῥήμασι
2616 5358 2933 5426 μεγαλύνων
2962 5359 3061 5420 τὰς
3112 5356 3306 5412 ἑαυτοῦ
3353 5352 3636 5424 σωτηρίας.
3689 5344 3734 5395 Ὀ

2202 5449 2383 5516 μέντοι
2415 5449 2638 5517 Συμεὼν
2661 5452 2749 5503 ὅτε
2777 5449 2843 5504 δι’
2871 5449 3058 5516 ὀλίγου
3084 5449 3185 5517 τῆς
3213 5446 3458 5518 κορυφῆς
3487 5444 3580 5499 τοῦ
3605 5443 3731 5511 ὅρους

2192 5538 2449 5606 γεγόνει,
2487 5536 2697 5599 ἀποϐὰς
2743 5537 2838 5590 τοῦ
2880 5537 3063 5591 πώλου
3117 5538 3482 5610 προσηύξατο,
3530 5538 3619 5592 καὶ⁵
3659 5533 3734 5597 τῆς

2196 5628 2409 5703 [εζχῆς]
2446 5630 2598 5691 τέλος
2635 5629 2734 5699 ἤδη
2766 5628 3060 5698 λαϐούσης,
3091 5630 3281 5683 ἀκούει
3312 5632 3570 5700 στρατιᾶς
3599 5623 3730 5694 ἀγγέ-

2193 5724 2299 5778 λων
2325 5724 2387 5776 το
2417 5724 2589 5792 Ἀμὴν
2618 5722 2970 5793 ὲπειπούσης.
2999 5722 3239 5792 Σταυρὸς
3273 5722 3326 5775 δὲ
3353 5710 3551 5784 λίθινος
3582 5718 3731 5776 ὲπέγει
