4026 6292
280 317 421 378 3053

1293 313 1462 374 νιτΑ
1504 319 1549 371 Α
1591 311 2023 373 NICEPHORO
2061 307 2544 369 CONSCRIPTA.

3390 296 3532 363 305$

280 427 371 478 τὲν
436 425 620 489 τόπον,
673 424 731 476 ὃν
783 426 919 495 μετὰ
967 425 1065 495 τὴν
1114 426 1278 496 εὐχὴν
1324 428 1530 490 ἐκεῖνος
1585 426 1857 497 ἱδρύσατο.

1976 417 2240 472 exercitus
2307 415 2528 470 auditus
2588 421 2671 466 est
2714 412 2961 464 aetinere
2991 451 3005 473 ,
3058 410 3250 464 Amen.
3298 408 3532 466 Crucem

295 518 573 580 Ἀτενίσας
605 517 697 569 οὖν
731 518 759 568 ό
789 516 878 570 τοῦ
908 517 1043 570 Θεοῦ
1078 517 1286 582 δοῦλος,
1313 520 1417 590 ὁρᾷ
1458 520 1557 589 τὴν
1581 518 1674 572 τοῦ
1702 510 1862 590 ὅρους

282 610 528 680 κορυφὴν
572 610 695 679 θεία
738 610 920 681 χάριτι
971 611 1497 681 περιλαμπομένην
1554 608 1860 682 καὶγυοῆ

281 702 469 755 τοῦτον
520 703 729 754 ἐκεῖνον
762 697 904 755 εἶναι
943 702 1036 754 τὸν
1071 702 1458 773 ὑποδειχθέντα
1489 705 1656 756 τόπον
1688 706 1860 777 αὐτῷ,

281 795 516 863 ἄσμενος
549 793 755 856 εὐθέως
783 794 1136 865 προστρέχει,
1160 796 1256 849 καὶ
1283 796 1387 864 τῆς
1414 797 1644 866 πέτρας,
1677 797 1763 867 ἐφ’
1790 794 1859 870 ἧς

281 887 404 951 τοὺς
432 887 796 949 Δεσποτικοὺς
819 882 927 940 εἶδε
959 887 1125 948 πόδας
1155 888 1397 954 ἑστῶτας
1423 933 1434 948 .
1470 893 1753 959 χαίρουσιν
1787 892 1863 955 ὡς

282 974 396 1049 εἶχε
439 980 594 1033 ποσὶν
626 978 920 1033 ἐπιϐαίνει.
952 979 1054 1031 Τὸν
1084 979 1266 1049 μέντοι
1300 982 1480 1034 πιῖιλον
1512 984 1592 1044 εἰς
1624 983 1723 1053 τὴν
1764 978 1864 1051 po-

283 1072 378 1142 νὴν
411 1073 518 1125 ὑπὸ
563 1070 671 1124 τῶν
717 1071 978 1140 μαθητῶν
1031 1071 1379 1141 καταχθέντα
1457 1062 1675 1145 ήτρίτη
1726 1074 1864 1145 μετά

281 1164 379 1233 τὴν
430 1161 663 1239 κάθοδον
697 1163 879 1232 ἡμέρα
915 1158 1029 1232 εἶχε
1074 1163 1288 1232 νεκρὸν,
1335 1163 1491 1217 οὐδὲν
1534 1165 1696 1219 πλέον
1741 1167 1863 1219 ἑπι-

282 1254 490 1318 ᾶιόντα,
536 1254 657 1308 οὐδέ
689 1271 811 1307 τινα
835 1253 1023 1324 ἕτερον
1053 1254 1314 1324 ἐπιϐῆναι
1359 1257 1420 1310 τὸ
1462 1260 1725 1328 παράπαν
1768 1260 1863 1312 aia-

284 1348 376 1403 τοῦ
408 1348 801 1417 ἀνασχόμενον.

369 1489 466 1559 οβ’.
504 1490 615 1556 Τῆς
660 1489 760 1557 μὲν
810 1483 902 1539 οὖν
933 1487 1151 1556 ἡλικίας
1185 1487 1427 1539 εἰκοστὸν
1460 1481 1526 1557 ἦν
1557 1486 1718 1538 τοῦτο
1749 1486 1869 1548 ἔτος

299 1579 379 1650 τῷ
406 1578 652 1648 Συμεὼν,
683 1581 782 1646 τῆς
810 1574 859 1629 δ’
900 1579 992 1629 ἐπὶ
1012 1575 1103 1629 τοῦ
1123 1576 1481 1643 προλαϐόντος
1531 1576 1706 1637 κίονος
1747 1577 1870 1629 στά-

304 1688 440 1735 σεως
464 1670 670 1740 δγδοονυ
700 1673 727 1722 ό
755 1669 811 1721 δὲ
839 1670 971 1732 στὰς
997 1669 1089 1720 ἐπὶ
1114 1668 1211 1738 τὴν
1245 1668 1450 1737 πέτραν
1475 1667 1663 1737 ἡδέως,
1686 1669 1787 1738 τήν
1813 1685 1870 1720 τε

306 1763 559 1833 μηλωτὴν
615 1762 988 1846 περιθέμενος,
1025 1761 1118 1815 καὶ
1168 1760 1342 1833 ταύτῃ
1370 1760 1488 1830 Θεῷ
1518 1761 1657 1813 κατὰ
1706 1761 1869 1831 μόνας
1905 1757 1942 1810 li

303 1854 512 1923 ὁμιλεῖν
563 1855 627 1906 τὸ
696 1853 832 1921 μετά
874 1852 1049 1908 ταῦτα
1083 1851 1337 1922 νομίσας,
1364 1853 1438 1915 ὡς
1466 1852 1564 1921 τῆς
1608 1850 1872 1919 ἐπιούσης

303 1945 459 2013 ὄχλον
491 1944 592 1996 οὐκ
621 1945 798 2011 ὀλίγον
830 1940 968 1996 εἶδεν
989 1943 1230 1997 ἀσθενῶν
1266 1942 1443 2013 πλήθη
1480 1943 1676 2013 φόρτον
1710 1941 1874 2011 κομί-

305 2038 517 2101 ζοντας,
554 2036 749 2099 οἵτινες
787 2032 863 2108 τῷ
924 2038 1062 2089 κίονι
1105 2036 1531 2107 παραϐαλόντες,
1565 2038 1659 2100 καὶ
1686 2036 1874 2089 τοῦτον

282 2129 547 2184 ’ἀνελθεῖν
600 2130 700 2201 τὴν
749 2131 990 2199 κορυφὴν
1023 2128 1117 2183 τοῦ
1174 2128 1333 2200 ὅρους
1383 2120 1694 2199 πυθόμενοι,
1754 2126 1872 2181 οὐδὲ

304 2225 403 2293 τὴν
432 2222 616 2276 ἄνοδον
646 2222 918 2292 ὤκνησαν.
951 2221 1186 2285 Τούτους
1214 2221 1394 2274 τοίνυν
1447 2221 1570 2275 ίδὼν
1592 2263 1607 2286 ,
1631 2221 1728 2273 καὶ
1762 2215 1875 2273 οἷον

305 2313 512 2382 ἄθυμος
578 2309 911 2381 γεγονὼς,εἰ
939 2305 1064 2378 μηδ’
1126 2310 1360 2365 ἐνταῦθα
1464 2310 1875 2381 συγκεχώρηται

311 2403 529 2467 ίδιάζειν
562 2421 573 2432 ·
606 2404 753 2471 ὅμως
809 2398 945 2472 πρὸς
1003 2401 1072 2453 τὰ
1125 2399 1330 2453 τούτων
1382 2399 1595 2470 δάκρυα
1632 2401 1725 2454 καὶ
1753 2400 1876 2460 τοὺς

305 2494 567 2564 ὸδμρμοὺς
624 2489 832 2554 παθὼν,
865 2489 960 2543 καὶ
1009 2492 1197 2560 χεῖρας
1258 2489 1472 2558 ἑκάστῳ
1498 2489 1634 2543 ,τῶν
1685 2489 1870 2552 κακῶς

307 2585 538 2657 ἐχόντων
563 2583 766 2646 ἐπιθεὶς
786 2582 1054 2653 ίασίμους,
1088 2583 1262 2649 ὑγιεῖς
1293 2582 1536 2635 ἀπολύει.

379 2790 479 2851 ογ’.
530 2783 732 2855 Ἐφάνη
776 2784 834 2837 δὲ
885 2774 1187 2854 τηνικαῦτα
1249 2781 1384 2837 λέων
1406 2784 1510 2837 ἀνὰ
1544 2783 1604 2837 τὸ
1632 2784 1776 2854 ὅρος,
1820 2783 1877 2847 ὃς

306 2872 579 2944 ἀνθρώπῳ
606 2874 710 2926 τινὶ
759 2875 1097 2943 συναντήσας
1149 2874 1284 2941 πρὸς
1317 2874 1406 2925 τὸν
1439 2875 1630 2942 ζΛγιον
1676 2875 1878 2927 ἀνιόντι

308 2967 500 3037 ἄγριόν
523 2985 573 3019 τι
597 2962 686 3018 καὶ
720 2964 915 3038 κομιδῇ
942 2961 1171 3035 φοϐερόν
1207 2966 1466 3036 ὥρμησεν
1499 2966 1585 3018 ἐπ’
1606 2966 1769 3019 αὐτόν
1801 2982 1815 2995 ·
1846 2968 1875 3019 ό

1946 518 2145 569 ,autem
2194 508 2461 579 lapideam
2514 506 2682 559 habe‘t
2732 506 2904 566 locus,
2951 519 3115 573 quam
3150 500 3301 558 ﬁnita
3344 521 3536 574 prcca-

1964 602 2113 655 tione
2143 601 2347 655 ibidem
2379 605 2602 653 sanctus
2624 595 2853 666 posuit:
2883 597 2977 666 qui
3028 598 3218 652 oculos
3255 598 3383 652 inde
3427 598 3538 651 cir-

1962 693 2297 755 cumferens,
2350 688 2719 759 deprehendit
2767 687 3029 743 verticem
3095 688 3300 743 montis
3345 688 3532 742 divina

1964 783 2139 854 gratia
2161 782 2723 852 circumfulgentcm;
2761 794 2940 849 eoque
2987 795 3324 850 cognoscens
3360 780 3539 849 ipsum

1963 875 2218 928 eumdem
2245 887 2390 933 esse,
2421 873 2512 940 qui
2546 871 2650 925 sibi
2700 879 3152 939 praemonstratus
3211 870 3408 936 fuerat,
3446 887 3543 923 vo-

1966 963 2100 1016 lenti
2125 963 2310 1015 animo
2336 961 2464 1015 illnc
2488 959 2805 1023 contendit;
2833 975 2896 1013 ac
2926 954 3161 1029 petram,
3193 956 3541 1030 superquam

1968 1052 2427 1108 stetisse-Domini
2458 1051 2626 1121 pedes
2656 1059 3038 1121 conspexerat,
3078 1051 3343 1121 gaudens,
3376 1066 3541 1120 quam

1967 1153 2184 1215 poterat
2204 1144 2548 1207 alacerrimc,
2575 1144 2915 1198 conscendit.
2946 1143 3227 1198 Reductus
3250 1159 3280 1197 a
3300 1143 3544 1213 discipu-
3625 1142 3633 1161 ‘

1969 1237 2036 1292 lis
2056 1237 2124 1291 ad
2145 1235 2539 1290 monasterium
2557 1236 2760 1304 pullus,
2783 1237 2940 1290 tertia
2962 1244 3086 1305 post
3111 1235 3432 1290 descensum
3454 1236 3544 1290 d‘e

1969 1336 2219 1383 mortuus
2238 1336 2353 1391 est;
2383 1328 2537 1396 quasi
2563 1335 2827 1396 pertaesus
2850 1314 3152 1397 longiorem
3178 1329 3346 1381 vitam
3375 1335 3542 1397 atque

1969 1417 2135 1471 alium
2167 1433 2437 1472 sessorem
2465 1458 2478 1481 ,
2508 1432 2670 1487 quem
2703 1418 2915 1472 nullum
2948 1418 3175 1472 omnino
3205 1429 3398 1489 passus
3435 1431 3540 1473 est.

2040 1509 2128 1562 72.
2172 1510 2303 1562 Erat
2353 1510 2398 1562 is
2453 1509 2709 1579 Symeoni
2768 1525 2947 1563 annus
2992 1511 3170 1564 aetatis
3223 1510 3539 1571 vicesimus,

1971 1600 2226 1653 stationis
2278 1615 2415 1653 vero
2442 1600 2519 1661 ,in
2562 1594 2721 1653 dicta
2767 1600 3021 1653 columna
3065 1609 3200 1655 actae
3229 1642 3243 1666 ,
3294 1610 3540 1655 octavus.

1976 1690 2223 1760 Dumque
2252 1704 2420 1759 super
2443 1698 2652 1759 petram
2694 1691 2967 1759 toluptate
2997 1690 3228 1746 aﬂiuens
3264 1686 3544 1754 consistit,

1973 1797 2038 1836 ac
2062 1782 2301 1836 meloten
2327 1782 2437 1850 (l4)
2470 1782 2695 1835 indutus
2721 1822 2734 1843 ,
2783 1782 2920 1836 istic'
2961 1782 3241 1838 solitarius
3287 1782 3547 1854 deinceps

1974 1888 2099 1925 cum
2151 1873 2265 1928 Deo
2319 1872 2557 1940 colloqui
2591 1872 2829 1941 cogitat;
2860 1878 3081 1941 postera
3116 1887 3241 1927 mox
3274 1872 3363 1927 die
3418 1888 3547 1929 ecce

1976 1961 2193 2017 turbam
2239 1977 2349 2017 non
2391 1962 2661 2016 modicam
2709 1956 2909 2027 cernit,
2963 1963 3215 2017 inﬁrmos
3271 1963 3547 2034 plurimos

1974 2055 2393 2118 succollantem,
2420 2064 2477 2108 et
2517 2055 2583 2109 ad
2625 2056 2935 2109 columnam
2990 2054 3393 2124 deportantem.
3441 2057 3547 2123 Qui

1975 2163 2100 2203 cum
2124 2147 2350 2217 propius
2372 2156 2561 2201 essent
2595 2145 2749 2212 facti,
2785 2146 3081 2216 edoctique
3130 2156 3381 2203 sanctum
3418 2149 3548 2203 inde

1978 2241 2033 2294 in
2064 2240 2326 2295 verticem
2361 2240 2564 2293 montis
2600 2238 2866 2309 migrasse
2887 2278 2902 2303 ,
2953 2253 3023 2293 eo
3069 2253 3127 2294 se
3159 2239 3277 2293 sine
3323 2250 3548 2295 cuncta-

1978 2329 2125 2385 tione
2144 2330 2522 2384 eontulerunt.
2543 2329 2645 2385 Uhi
2668 2328 2996 2383 accedentes
3012 2329 3298 2399 conspexit
3313 2334 3546 2401 Symeon

1977 2422 2163 2476 animo
2211 2421 2308 2476 fuit
2364 2420 2546 2485 anxio,
2595 2420 2741 2490 quod
2780 2437 2849 2475 ne
2884 2420 2976 2476 hic
3023 2420 3246 2490 quidem
3304 2422 3411 2477 sibi
3441 2421 3543 2477 soli

1977 2514 2163 2568 vivere
2197 2513 2414 2573 liceret.
2459 2512 2819 2566 nihilominus
2860 2520 3044 2565 motus
3086 2511 3415 2567 miserorum
3466 2512 3547 2568 la-

1978 2600 2178 2670 crymis
2205 2600 2594 2669 lamentisque.
2628 2614 2828 2653 manus
2853 2598 3084 2668 singulis
3132 2598 3394 2670 imposuit
3431 2616 3549 2656 me-

1975 2691 2245 2759 dicantes,
2270 2701 2327 2747 et
2354 2699 2674 2762 persanatos
2703 2688 2936 2744 dimisit.

2052 2786 2139 2840 75.
2167 2784 2435 2854 Apparuit
2456 2798 2555 2853 per
2590 2781 2736 2836 idem
2770 2790 2988 2852 tempus
3012 2780 3065 2836 in
3103 2789 3289 2836 monte
3322 2782 3544 2852 leo,qui

1979 2874 2198 2930 cuidam
2258 2875 2324 2928 ad
2365 2883 2617 2929 sanctum
2670 2874 2775 2927 iter
2808 2872 3033 2927 habenti
3075 2872 3294 2928 obviam
3345 2872 3548 2938 factus,

1980 2963 2130 3020 teras
2161 2974 2322 3035 atque
2344 2962 2641 3019 admodum
2673 2964 2936 3018 terribilis
2960 2964 3015 3018 in
3056 2964 3337 3019 hominem
3361 2966 3549 3037 irruit.

306 3058 350 3109 δ’
380 3061 437 3110 ὲν
490 3057 715 3126 ἀφύκτῳ
765 3056 1010 3110 κινδύνου
1039 3048 1276 3122 ibi/{xui
1298 3058 1425 3110 -ὑπὸ
1471 3057 1622 3117 δέους
1648 3056 1678 3112 ὃ
1701 3076 1753 3112 τι
1784 3059 1874 3112 καὶ

1983 3055 2032 3110 Is
2088 3053 2392 3109 inevitabili
2460 3068 2690 3108 versans
2752 3053 2809 3107 in
2860 3051 3202 3120 discrimine,
3222 3065 3385 3127 atque
3412 3053 3550 3108 adeo

307 3147 495 3218 δράσει
515 3146 589 3218 μὴ
608 3147 745 3213 ἔχων
784 3189 800 3213 ,
839 3140 943 3200 Τὸν
970 3146 1253 3216 στέφανον,
1277 3149 1432 3217 φησὶ,
1450 3148 1542 3201 καὶ
1560 3148 1657 3216 τὴν
1674 3149 1879 3203 ἀνωθεν

309 3237 405 3289 τοῦ
447 3237 672 3306 Συμεὼν
723 3239 902 3310 χάριν,
938 3238 1278 3309 ἀπόστρεψον
1315 3239 1407 3294 ἀπ’
1436 3239 1571 3310 ὲ.μοῦ
1613 3240 1779 3310 μηδέν
1811 3258 1878 3309 με

309 3328 515 3397 βλάψας
547 3328 580 3399 ἦ
633 3328 1031 3399 λυμηνάμενος.
1066 3330 1175 3384 Καὶ
1200 3333 1228 3384 ὁ
1258 3330 1363 3404 θὴρ
1404 3331 1601 3385 αὐτίκα
1649 3332 1745 3402 τὴν
1781 3332 1877 3386 τοῦ

305 3420 471 3489 ὅρκου
497 3419 724 3489 δύ“.αμιν
754 3420 1039 3485 αἰδεσθεὶς,
1067 3422 1294 3492 ἀπῆλθε,
1331 3423 1499 3494 μηδὲν
1529 3423 1691 3478 αὐτὸν
1722 3424 1881 3478 πλέον

304 3509 649 3579 διαταράξας.
688 3510 872 3565 Ταῦτα
897 3511 924 3563 ό
957 3512 1056 3579 μὲν
1097 3511 1249 3578 παρᾶ
1284 3514 1373 3566 τὸν
1408 3513 1596 3582 Ἂγιον
1641 3514 1881 3568 ἀνελθὼν

307 3601 644 3670 ἐξηγήσατο·
673 3604 721 3654 oi
749 3601 805 3656 δὲ
834 3602 1095 3670 παρόντες
1119 3603 1383 3674 περιδεεῖς
1411 3605 1713 3672 γεγονότες,
1732 3606 1879 3659 δέον-

309 3707 400 3744 ται
429 3695 576 3763 κοινῇ
600 3692 692 3745 τοῦ
727 3693 908 3759 ’Δγίου
940 3694 1279 3764 ἀπελαθῆναι
1296 3695 1386 3748 τὸν
1414 3695 1554 3765 θῆρα
1586 3696 1678 3749 τοῦ
1698 3697 1876 3765 ὅρους.

310 3784 572 3846 Κάκεῖνος
601 3784 761 3847 εὐθὺς
792 3786 1148 3847 ’Λναστᾲσιόν
1185 3805 1305 3840 τινα
1346 3781 1447 3855 (εἷς
1473 3789 1528 3840 δὲ
1565 3789 1674 3839 τῶν
1714 3788 1879 3840 αὐτοῦ

310 3875 568 3946 μαθητῶν
617 3873 798 3941 οὗτος,
832 3878 921 3945 ἀφ’
961 3870 1021 3931 οὗ
1072 3880 1164 3930 καὶ
1210 3878 1391 3946 αὐτὸς,
1428 3878 1566 3931 κατᾶ
1614 3878 1704 3932 τὸν
1750 3880 1880 3948 ἐμὸν

318 3969 528 4038 Ἰησοῦν
568 3969 660 4021 τὸν
692 3969 889 4023 οἰκεῖον
937 3969 1202 4039 δεσπότην
1242 3971 1335 4023 καὶ
1364 3969 1683 4041 νομοθέτην,
1721 3971 1876 4023 ἐκϐε-

303 4057 499 4127 ϐλήκει
532 4058 671 4114 ἑπτὰ
688 4059 962 4132 δαιμόνια)
988 4078 1001 4093 ·
1027 4060 1216 4113 τοῦτον
1234 4057 1325 4115 οὖν
1343 4062 1597 4131 ὀνομαστὶ
1622 4062 1873 4125 καλέσας’

305 4148 500 4201 Ἄπιθι
583 4152 739 4221 παρὰ
805 4150 867 4204 τὸ
936 4149 1032 4203 τοῦ
1105 4152 1317 4218 λέοντος
1416 4152 1722 4222 κατάλυμα,
1751 4152 1875 4222 ἔφη.

301 4243 402 4296 xxi.
432 4243 557 4298 τάδε
595 4246 738 4315 ἐρεῖς
762 4244 911 4316 αὐτῷ
939 4261 954 4278 ο
999 4246 1087 4298 Ἑν
1132 4246 1355 4317 ὀνόματι
1383 4247 1607 4318 Κυρίου,
1650 4249 1814 4318 φησὶν
1851 4247 1880 4298 ό

302 4336 435 4395 παῖς
461 4335 624 4388 αὐτοῦ
653 4335 897 4407 Συμεὼν,
921 4322 1189 4406 ἀπόστηθι
1213 4337 1307 4391 τοῦ
1338 4339 1497 4408 ὅρους
1526 4338 1714 4392 τούτου
1738 4357 1750 4369 ·
1780 4339 1879 4392 οὐκ

1979 3148 2267 3219 perculsus
2294 3156 2356 3201 ut
2404 3145 2598 3203 necde
2645 3145 2769 3216 fuga
2826 3145 3094 3216 cogitaret
3140 3145 3364 3216 quidem
3401 3165 3413 3200 :
3448 3148 3553 3201 Per

1981 3255 2264 3304 coronam,
2291 3240 2490 3309 inquit,
2519 3246 2575 3292 et
2600 3238 2827 3309 gratiam
2850 3237 3067 3293 coalitus
3090 3237 3348 3309 Symeoni
3370 3239 3550 3293 datam
3622 3254 3627 3259 ‘

1980 3331 2172 3387 recede
2239 3347 2268 3385 a
2295 3346 2404 3395 me,
2439 3344 2543 3385 nec
2575 3330 2874 3401 quidquam
2902 3331 3221 3385 nocumenti
3250 3340 3344 3384 aut
3373 3332 3553 3393 noxia:

1981 3423 2115 3479 mihi
2145 3423 2266 3478 des.
2294 3423 2500 3478 Eodem
2532 3430 2715 3476 autem
2767 3429 3048 3476 momento
3101 3421 3233 3483 l’era,
3296 3422 3552 3476 virtutem

1980 3515 2341 3586 adjurationis
2368 3514 2625 3578 reverita,
2670 3513 2797 3568 inde
2826 3513 3118 3577 abscessit,
3146 3513 3285 3567 nihil
3318 3514 3553 3583 amplius

1983 3608 2210 3661 terroris
2239 3615 2332 3661 aut
2368 3604 2701 3659 turbationis
2721 3604 2978 3658 atterens.
3028 3603 3164 3658 Rem
3190 3603 3338 3659 hanc
3382 3604 3551 3658 homo

1982 3696 2119 3766 ipse,
2143 3712 2264 3751 cum
2292 3697 2357 3750 ad
2384 3704 2631 3750 sanctum
2651 3702 3001 3765 pervenerat,
3025 3695 3324 3749 enarravit.
3358 3694 3555 3749 Astan~

1983 3798 2065 3843 tes
2086 3795 2303 3851 ’autem,
2342 3794 2610 3856 concepto
2636 3786 2763 3841 inde
2808 3797 2984 3851 metu,
3037 3789 3250 3857 precati
3300 3799 3549 3845 sanctum

1982 3887 2110 3932 sunt
2168 3876 2525 3941 unanimiter,
2574 3884 2636 3930 ut
2683 3875 2853 3930 feram
2909 3875 3180 3932 facessere
3223 3879 3443 3949 juberet
3485 3897 3553 3934 ex

1982 3977 2190 4023 monte.
2222 3967 2333 4034 Qui
2360 3967 2715 4021 Auastasium
2748 3966 3046 4036 quemdam
3092 3968 3237 4038 (erat
3283 3970 3330 4024 is
3385 3970 3553 4026 disci-

1983 4058 2236 4127 pulorum
2284 4071 2448 4118 unus,
2497 4071 2565 4111 ex
2628 4070 2740 4125 quo
2795 4054 2865 4109 ad
2920 4056 3232 4126 exemplum
3267 4056 3396 4113 Jesu
3443 4062 3551 4115 mei

1985 4147 2201 4201 Domini
2232 4162 2297 4201 ac
2333 4144 2665 4215 Iegislatoris
2692 4153 2900 4214 septem
2947 4144 3219 4200 daemonia
3269 4158 3551 4218 exegerat)

1983 4236 2306 4291 nominatim
2338 4249 2543 4291 vocans
2569 4252 2582 4288 :
2632 4234 2735 4289 Abi
2767 4235 2864 4301 sis,
2888 4234 3090 4305 inquit,
3124 4236 3189 4291 ad
3217 4237 3395 4292 leonis
3424 4233 3555 4308 Spe”-

1981 4343 2105 4384 cum
2128 4337 2292 4399 atque
2318 4328 2434 4383 haec
2457 4327 2532 4382 illi
2564 4325 2840 4381 edieitoin
2871 4326 3093 4381 nomine
3122 4327 3341 4383 Domini
3371 4329 3554 4385 :Dicit

298 4424 460 4476 ἔσται
490 4404 742 4499 γάρισοιή
773 4425 1047 4490 κατοικία,
1097 4404 1219 4480 οὐδὲ
1271 4404 1521 4497 διατριόὴ
1575 4430 1631 4478 ὲν
1700 4427 1868 4498 αὐτῷ.

1983 4404 2229 4475 Domini“
2250 4418 2488 4474 famulus
2517 4417 2774 4491 Symeon,
2833 4432 3002 4489 apage
3043 4433 3110 4473 ex
3165 4428 3353 4479 monte
3409 4422 3550 4477 hoc:

298 4513 493 4567 Ταῦτα
519 4507 553 4568 ό
594 4515 698 4587 μὲν
725 4515 974 4569 ἀπελθὼν
1002 4516 1213 4586 εἰρήκει
1256 4515 1334 4586 τῷ
1366 4517 1539 4569 λέοντι
1567 4533 1581 4547 ·
1614 4518 1641 4569 ὁ
1679 4517 1737 4570 δὲ
1768 4517 1874 4569 ὕπ-

298 4607 539 4675 ήκουσεν
589 4606 688 4660 ὅσα
719 4608 813 4660 καὶ
842 4607 1061 4678 οἰκέτης
1088 4600 1386 4676 εὐγνῶμων
1409 4606 1602 4677 ἀγαθῷ
1636 4607 1870 4679 δεσπότῃ

297 4695 653 4767 πειθόμενος,
683 4698 777 4752 τοῦ
807 4715 866 4751 τε
898 4699 1057 4770 ὅρους
1088 4698 1292 4762 εὐθέως
1335 4698 1549 4767 ἀπῆρεν
1606 4698 1711 4751 ὑπὸ
1766 4702 1877 4761 τοῖς

296 4787 528 4840 πάντων
562 4787 796 4856 ὄμμασι,
820 4791 920 4844 καὶ
947 4789 1082 4859 πρὸς
1117 4789 1207 4842 τὸν
1242 4788 1499 4842 Μέλαντα
1530 4787 1871 4858 καλούμενον

297 4878 573 4947 ποταμὸν,
602 4881 696 4930 καὶ
724 4880 790 4932 τὰ
811 4879 909 4947 τῆς
946 4877 1178 4948 Ἀμοινοῦ
1212 4877 1491 4950 ιχώρησεν
1512 4878 1613 4950 δρη
1642 4897 1655 4910 ·
1684 4868 1872 4933 τιθασο

298 4969 405 5034 cog
431 4965 522 5024 οἷα
549 4971 645 5023 καὶ
671 4970 983 5041 χειροήθης,
1008 4970 1131 5023 ἀντὶ
1156 4970 1249 5024 τοῦ
1282 4971 1472 5044 πρώην
1499 4969 1759 5042 βλοσυροῦ
1783 4973 1876 5025 καὶ

297 5058 484 5132 βιαίου
513 5060 896 5129 γεγενημένος.
937 5059 1114 5130 Ὅπερ
1156 5054 1249 5112 οὖν
1289 5058 1546 5129 οὐδεμίαν
1601 5059 1879 5130 θαύματος

293 5151 616 5221 ὑπερϐολὴν
661 5152 953 5204 ἀπολεῖπον
974 5187 990 5214 ,
1037 5149 1486 5220 θαυμασιώτερον
1537 5149 1617 5203 ἔτι
1676 5150 1877 5220 μᾶλλον

289 5246 421 5313 ἔχει
444 5247 503 5295 τὸ
532 5242 889 5312 ἐπαγόμενον,
916 5244 997 5295 ὃτι
1023 5241 1114 5295 καὶ
1138 5242 1214 5302 εἰς
1239 5240 1386 5311 ὧρας
1410 5240 1470 5304 ἐξ
1494 5240 1700 5293 ἐκείνου
1721 5241 1749 5293 ὁ
1773 5241 1876 5310 θὴρ

384 5420 492 5491 (Η)
529 5418 601 5473 De
625 5419 965 5491 melotisgvide
1001 5417 1155 5491 plura
1204 5418 1268 5472 17
1304 5412 1557 5470 Januarii
1599 5416 1667 5470 ad
1703 5416 1872 5471 Vitam

283 5488 479 5548 smmi
512 5490 728 5543 Antonii
755 5489 955 5542 abbatis
982 5531 997 5552 ,
1029 5488 1057 5558 §
1091 5489 1142 5541 5.

391 5560 497 5629 (15)
544 5558 790 5629 Uterque
819 5575 992 5629 versus
1035 5556 1638 5629 septentrionemsilus
1672 5562 1745 5629 est
1790 5570 1876 5629 re-

283 5623 490 5698 spectu
515 5628 704 5682 Montis
737 5627 1031 5692 Mirabilis;
1064 5623 1118 5679 at
1143 5627 1307 5698 Melas
1357 5624 1743 5698 ﬂuviusglaciie
1790 5623 1875 5677 αι·-

284 5692 424 5755 téro
455 5708 603 5751 tanta
634 5699 882 5751 remotior
906 5714 1065 5754 quam
1090 5700 1234 5751 mons
1265 5692 1501 5751 Atrianus
1521 5711 1538 5748 :
1559 5693 1650 5747 ille
1668 5692 1880 5764 Cappa-

1986 4527 2094 4565 non
2119 4511 2265 4565 enim
2297 4511 2566 4566 habitatio
2603 4510 2701 4565 tibi
2748 4509 2839 4564 hic
2893 4519 2986 4564 aut
3032 4509 3375 4567 domicilium
3426 4512 3550 4567 erit.

1986 4603 2129 4664 Hac.
2158 4604 2400 4671 utjusslt
2458 4612 2713 4665 sanctus,
2747 4602 2939 4656 abiens
2982 4600 3072 4655 ille
3123 4592 3268 4656 leoni
3315 4591 3488 4657 edixit
3538 4619 3552 4654 :

1990 4695 2037 4749 is
2085 4704 2268 4749 autem
2292 4694 2444 4749 dicto
2490 4694 2742 4757 audiens,
2801 4709 2913 4749 non
2965 4693 3125 4748 aliter
3161 4710 3322 4764 quam
3363 4710 3556 4751 servus

1984 4786 2296 4856 obsequens
2353 4785 2596 4856 benigno
2661 4785 2927 4851 domino,
3007 4794 3147 4840 et'e
3198 4794 3382 4841 monte
3462 4786 3556 4841 illo

1984 4877 2038 4932 in
2107 4879 2354 4933 omnium
2407 4886 2707 4948 conspectu
2760 4877 3065 4948 migravit,
3116 4887 3173 4931 et
3229 4876 3297 4931 ad
3347 4875 3552 4933 flumen

1981 4967 2211 5023 Melanta
2267 4968 2407 5039 (15)
2470 4962 2797 5041 montesque
2857 4962 3097 5025 Amanos
3156 4976 3223 5022 "se
3283 4968 3555 5031 contulit,

1980 5052 2176 5128 quasi,
2233 5058 2418 5129 prisco
2475 5061 2656 5131 rigore
2725 5073 2793 5114 ac
2853 5057 3060 5114 ferocia
3126 5057 3360 5128 po’sitis,
3402 5059 3556 5113 cicur

1982 5158 2430 5223 mansuetusque'
2468 5153 2664 5208 factus.
2716 5150 2872 5219 Quod
2932 5151 3183 5222 sequitur
3228 5152 3554 5208 miraculum

1980 5241 2118 5295 nulli
2171 5242 2398 5296 omnino
2441 5240 2791 5309 quantumvis
2848 5253 3044 5311 magno
3103 5239 3301 5295 cedere
3354 5240 3552 5305 debet,

1979 5418 2185 5500 «iaciam
2209 5418 2457 5500 perluens
2472 5419 2542 5472 in
2564 5417 2888 5500 Euphratem
2924 5415 3133 5500 inﬂuit,-
3158 5420 3256 5472 iue
3276 5416 3487 5500 Syriam
3523 5437 3556 5472 a

1982 5485 2167 5541 Cilicia
2203 5484 2561 5549 determingns
2583 5528 2601 5551 ,
2633 5484 2695 5539 ab
2732 5484 2896 5538 Issico
2941 5484 3061 5540 sinu
3109 5504 3286 5542 versus
3321 5484 3556 5543 'Boream

1982 5556 2267 5628 procurrit,
2298 5556 2658 5628 donechauro
2673 5554 2981 5611 commissus
3010 5556 3218 5628 obliquo
3260 5567 3434 5612 tractu
3482 5559 3554 5612 ad

1984 5624 2311 5695 Euphratem
2330 5627 2665 5681 terminatur.
