  <div class='ocr_page' id='page_1' title='image "/cluster/home/n/w/nwhite01/storage/ocr_20150623/86 pt.2/mdp.39015008855424/655.png"; bbox 0 0 4026 6292; ppageno 0'>
   <div class='ocr_carea' id='block_1_1' title="bbox 609 357 3921 445">
    <p class='ocr_par' dir='ltr' id='par_1_1' title="bbox 609 357 3921 445">
     <span class='ocr_line' id='line_1_1' title="bbox 609 357 3921 445; baseline 0.006 -22"><span class='ocrx_word' id='word_1_1' title='bbox 609 357 748 424; x_wconf 82' lang='lat'><strong>3055</strong></span> <span class='ocrx_word' id='word_1_2' title='bbox 1817 365 1878 426; x_wconf 83' lang='lat' dir='ltr'><strong>S.</strong></span> <span class='ocrx_word' id='word_1_3' title='bbox 1919 366 2296 427; x_wconf 82' lang='lat' dir='ltr'><strong>SYMEONIS</strong></span> <span class='ocrx_word' id='word_1_4' title='bbox 2334 368 2696 429; x_wconf 70' lang='lat' dir='ltr'><strong>JUNIORIS</strong></span> <span class='ocrx_word' id='word_1_5' title='bbox 3727 378 3835 445; x_wconf 75' lang='lat'><strong>3056</strong></span> <span class='ocrx_word' id='word_1_6' title='bbox 3914 376 3921 385; x_wconf 80' lang='grc'><em>’</em></span> 
     </span>
    </p>
   </div>
   <div class='ocr_carea' id='block_1_2' title="bbox 608 477 2198 565">
    <p class='ocr_par' dir='ltr' id='par_1_2' title="bbox 608 477 2187 553">
     <span class='ocr_line' id='line_1_2' title="bbox 608 477 2187 553; baseline 0.003 -19"><span class='ocrx_word' id='word_1_7' title='bbox 608 495 722 535; x_wconf 82' lang='lat' dir='ltr'><strong>uno</strong></span> <span class='ocrx_word' id='word_1_8' title='bbox 744 477 1127 534; x_wconf 84' lang='lat' dir='ltr'><strong>admirabilius</strong></span> <span class='ocrx_word' id='word_1_9' title='bbox 1150 479 1413 535; x_wconf 86' lang='lat' dir='ltr'><strong>omnibus</strong></span> <span class='ocrx_word' id='word_1_10' title='bbox 1431 487 1527 536; x_wconf 85' lang='lat' dir='ltr'><strong>est</strong></span> <span class='ocrx_word' id='word_1_11' title='bbox 1553 498 1567 534; x_wconf 83' lang='lat'><strong>:</strong></span> <span class='ocrx_word' id='word_1_12' title='bbox 1593 496 1788 552; x_wconf 80' lang='lat' dir='ltr'><strong>nempe</strong></span> <span class='ocrx_word' id='word_1_13' title='bbox 1811 484 1958 553; x_wconf 86' lang='lat' dir='ltr'><strong>quod</strong></span> <span class='ocrx_word' id='word_1_14' title='bbox 1985 484 2187 539; x_wconf 78' lang='lat' dir='ltr'><strong>exinde</strong></span> 
     </span>
    </p>
   </div>
   <div class='ocr_carea' id='block_1_3' title="bbox 2242 477 3832 565">
    <p class='ocr_par' dir='ltr' id='par_1_3' title="bbox 2242 486 3832 565">
     <span class='ocr_line' id='line_1_3' title="bbox 2242 486 3832 565; baseline 0.004 -26"><span class='ocrx_word' id='word_1_15' title='bbox 2242 490 2371 548; x_wconf 69' lang='lat' dir='ltr'><strong>lsi;</strong></span> <span class='ocrx_word' id='word_1_16' title='bbox 2427 489 2526 556; x_wconf 65' lang='grc' dir='ltr'><strong>τὴν</strong></span> <span class='ocrx_word' id='word_1_17' title='bbox 2584 487 2679 541; x_wconf 76' lang='grc' dir='ltr'><strong>τοῦ</strong></span> <span class='ocrx_word' id='word_1_18' title='bbox 2724 486 2905 554; x_wconf 64' lang='grc' dir='ltr'><strong>’Ἀγίου</strong></span> <span class='ocrx_word' id='word_1_19' title='bbox 2960 487 3203 560; x_wconf 76' lang='grc' dir='ltr'><strong>μάνδραν</strong></span> <span class='ocrx_word' id='word_1_20' title='bbox 3245 489 3479 561; x_wconf 55' lang='lat' dir='ltr'><strong>censio);</strong></span> <span class='ocrx_word' id='word_1_21' title='bbox 3522 490 3725 559; x_wconf 65' lang='grc' dir='ltr'><strong>ἐφοίτα,</strong></span> <span class='ocrx_word' id='word_1_22' title='bbox 3755 496 3832 565; x_wconf 67' lang='grc' dir='ltr'><strong>πρὸ</strong></span> 
     </span>
    </p>
   </div>
   <div class='ocr_carea' id='block_1_4' title="bbox 558 571 2148 653">
    <p class='ocr_par' dir='ltr' id='par_1_4' title="bbox 558 571 2144 644">
     <span class='ocr_line' id='line_1_4' title="bbox 558 571 2144 644; baseline 0.001 -17"><span class='ocrx_word' id='word_1_23' title='bbox 558 630 568 644; x_wconf 54' lang='grc'><strong>,</strong></span> <span class='ocrx_word' id='word_1_24' title='bbox 606 571 767 627; x_wconf 83' lang='lat' dir='ltr'><strong>statis</strong></span> <span class='ocrx_word' id='word_1_25' title='bbox 797 586 895 641; x_wconf 87' lang='lat' dir='ltr'><strong>per</strong></span> <span class='ocrx_word' id='word_1_26' title='bbox 918 586 1131 625; x_wconf 88' lang='lat' dir='ltr'><strong>annum</strong></span> <span class='ocrx_word' id='word_1_27' title='bbox 1170 571 1515 641; x_wconf 88' lang='lat' dir='ltr'><strong>temporibus</strong></span> <span class='ocrx_word' id='word_1_28' title='bbox 1550 572 1709 628; x_wconf 91' lang='lat' dir='ltr'><strong>solita</strong></span> <span class='ocrx_word' id='word_1_29' title='bbox 1755 573 1923 629; x_wconf 86' lang='lat' dir='ltr'><strong>fuerit</strong></span> <span class='ocrx_word' id='word_1_30' title='bbox 1958 574 2073 631; x_wconf 84' lang='lat' dir='ltr'><strong>fera</strong></span> <span class='ocrx_word' id='word_1_31' title='bbox 2117 593 2144 629; x_wconf 89' lang='lat' dir='ltr'><strong>a</strong></span> 
     </span>
    </p>
   </div>
   <div class='ocr_carea' id='block_1_5' title="bbox 2240 571 3830 653">
    <p class='ocr_par' dir='ltr' id='par_1_5' title="bbox 2298 578 3830 653">
     <span class='ocr_line' id='line_1_5' title="bbox 2298 578 3830 653; baseline 0.003 -21"><span class='ocrx_word' id='word_1_32' title='bbox 2298 581 2482 633; x_wconf 80' lang='grc' dir='ltr'><strong>πυλῶν</strong></span> <span class='ocrx_word' id='word_1_33' title='bbox 2513 596 2571 632; x_wconf 85' lang='grc' dir='ltr'><strong>τε</strong></span> <span class='ocrx_word' id='word_1_34' title='bbox 2596 580 2765 649; x_wconf 78' lang='grc' dir='ltr'><strong>αὐτῆς</strong></span> <span class='ocrx_word' id='word_1_35' title='bbox 2796 578 2996 642; x_wconf 81' lang='grc' dir='ltr'><strong>ἱκανῶς</strong></span> <span class='ocrx_word' id='word_1_36' title='bbox 3023 579 3354 650; x_wconf 82' lang='grc' dir='ltr'><strong>ὠρυόμενος,</strong></span> <span class='ocrx_word' id='word_1_37' title='bbox 3390 584 3487 634; x_wconf 83' lang='grc' dir='ltr'><strong>καί</strong></span> <span class='ocrx_word' id='word_1_38' title='bbox 3517 583 3586 635; x_wconf 67' lang='grc' dir='ltr'><strong>τὶ</strong></span> <span class='ocrx_word' id='word_1_39' title='bbox 3621 586 3708 653; x_wconf 75' lang='grc' dir='ltr'><strong>τῆς</strong></span> <span class='ocrx_word' id='word_1_40' title='bbox 3731 585 3830 638; x_wconf 71' lang='grc' dir='ltr'><strong>ὐπο-</strong></span> 
     </span>
    </p>
   </div>
   <div class='ocr_carea' id='block_1_6' title="bbox 564 659 2154 742">
    <p class='ocr_par' dir='ltr' id='par_1_6' title="bbox 564 659 2141 732">
     <span class='ocr_line' id='line_1_6' title="bbox 564 659 2141 732; baseline 0.003 -18"><span class='ocrx_word' id='word_1_41' title='bbox 564 725 568 729; x_wconf 29' lang='lat'><strong><em>.</em></strong></span> <span class='ocrx_word' id='word_1_42' title='bbox 606 660 781 715; x_wconf 85' lang='lat' dir='ltr'><strong>sancti</strong></span> <span class='ocrx_word' id='word_1_43' title='bbox 834 659 1119 714; x_wconf 86' lang='lat' dir='ltr'><strong>mandram</strong></span> <span class='ocrx_word' id='word_1_44' title='bbox 1150 661 1362 725; x_wconf 88' lang='lat' dir='ltr'><strong>venire,</strong></span> <span class='ocrx_word' id='word_1_45' title='bbox 1398 668 1637 731; x_wconf 84' lang='lat' dir='ltr'><strong>aptaque</strong></span> <span class='ocrx_word' id='word_1_46' title='bbox 1685 678 1786 732; x_wconf 86' lang='lat' dir='ltr'><strong>pro</strong></span> <span class='ocrx_word' id='word_1_47' title='bbox 1815 664 2031 718; x_wconf 87' lang='lat' dir='ltr'><strong>foribus</strong></span> <span class='ocrx_word' id='word_1_48' title='bbox 2054 679 2141 719; x_wconf 66' lang='lat' dir='ltr'><strong>voc</strong></span> 
     </span>
    </p>
   </div>
   <div class='ocr_carea' id='block_1_7' title="bbox 2242 659 3832 742">
    <p class='ocr_par' dir='ltr' id='par_1_7' title="bbox 2292 664 3832 742">
     <span class='ocr_line' id='line_1_7' title="bbox 2292 664 3832 742; baseline -0.008 -18"><span class='ocrx_word' id='word_1_49' title='bbox 2292 669 2469 738; x_wconf 79' lang='grc' dir='ltr'><strong>ταγῆς</strong></span> <span class='ocrx_word' id='word_1_50' title='bbox 2520 664 2637 722; x_wconf 69' lang='grc' dir='ltr'><strong>οἷον</strong></span> <span class='ocrx_word' id='word_1_51' title='bbox 2686 669 2999 732; x_wconf 75' lang='grc' dir='ltr'><strong>ἐπιδεικνὺς</strong></span> <span class='ocrx_word' id='word_1_52' title='bbox 3053 669 3264 725; x_wconf 82' lang='grc' dir='ltr'><strong>ἐκεῖθεν</strong></span> <span class='ocrx_word' id='word_1_53' title='bbox 3318 674 3411 723; x_wconf 70' lang='grc' dir='ltr'><strong>καὶ</strong></span> <span class='ocrx_word' id='word_1_54' title='bbox 3448 672 3663 742; x_wconf 71' lang='grc' dir='ltr'><strong>ἥμερος</strong></span> <span class='ocrx_word' id='word_1_55' title='bbox 3699 675 3765 736; x_wconf 69' lang='grc' dir='ltr'><strong>είς</strong></span> <span class='ocrx_word' id='word_1_56' title='bbox 3784 677 3832 727; x_wconf 61' lang='grc' dir='ltr'>τά</span> 
     </span>
    </p>
   </div>
   <div class='ocr_carea' id='block_1_8' title="bbox 563 753 2153 834">
    <p class='ocr_par' dir='ltr' id='par_1_8' title="bbox 563 753 2149 824">
     <span class='ocr_line' id='line_1_8' title="bbox 563 753 2149 824; baseline 0.003 -18"><span class='ocrx_word' id='word_1_57' title='bbox 563 804 569 811; x_wconf 87' lang='grc'><strong>,</strong></span> <span class='ocrx_word' id='word_1_58' title='bbox 605 753 751 807; x_wconf 89' lang='lat' dir='ltr'><strong>edita</strong></span> <span class='ocrx_word' id='word_1_59' title='bbox 804 753 1233 807; x_wconf 88' lang='lat' dir='ltr'><strong>submissionem</strong></span> <span class='ocrx_word' id='word_1_60' title='bbox 1265 768 1329 807; x_wconf 88' lang='lat' dir='ltr'><strong>ac</strong></span> <span class='ocrx_word' id='word_1_61' title='bbox 1374 753 1745 817; x_wconf 84' lang='lat' dir='ltr'><strong>obedientiam</strong></span> <span class='ocrx_word' id='word_1_62' title='bbox 1783 755 2149 824; x_wconf 86' lang='lat' dir='ltr'><strong>quodammod</strong></span> 
     </span>
    </p>
   </div>
   <div class='ocr_carea' id='block_1_9' title="bbox 2242 753 3832 834">
    <p class='ocr_par' dir='ltr' id='par_1_9' title="bbox 2295 760 3832 834">
     <span class='ocr_line' id='line_1_9' title="bbox 2295 760 3832 834; baseline 0 -17"><span class='ocrx_word' id='word_1_63' title='bbox 2295 764 2471 817; x_wconf 77' lang='grc' dir='ltr'><strong>οἰκεῖα</strong></span> <span class='ocrx_word' id='word_1_64' title='bbox 2492 762 2654 816; x_wconf 81' lang='grc' dir='ltr'><strong>πάλιν</strong></span> <span class='ocrx_word' id='word_1_65' title='bbox 2680 760 3021 831; x_wconf 67' lang='grc' dir='ltr'><strong>ῆδηέχώρει,</strong></span> <span class='ocrx_word' id='word_1_66' title='bbox 3043 760 3096 813; x_wconf 83' lang='grc' dir='ltr'><strong>εῐ</strong></span> <span class='ocrx_word' id='word_1_67' title='bbox 3111 779 3212 814; x_wconf 76' lang='grc' dir='ltr'><strong>που</strong></span> <span class='ocrx_word' id='word_1_68' title='bbox 3235 763 3377 815; x_wconf 72' lang='grc' dir='ltr'><strong>τισὶν</strong></span> <span class='ocrx_word' id='word_1_69' title='bbox 3400 765 3508 817; x_wconf 76' lang='grc' dir='ltr'><strong>ἀνὰ</strong></span> <span class='ocrx_word' id='word_1_70' title='bbox 3537 763 3635 834; x_wconf 77' lang='grc' dir='ltr'><strong>τὴν</strong></span> <span class='ocrx_word' id='word_1_71' title='bbox 3652 765 3754 816; x_wconf 68' lang='grc' dir='ltr'><strong>ὁδὸν</strong></span> <span class='ocrx_word' id='word_1_72' title='bbox 3774 769 3832 817; x_wconf 73' lang='grc' dir='ltr'><strong>ἐν·</strong></span> 
     </span>
    </p>
   </div>
   <div class='ocr_carea' id='block_1_10' title="bbox 606 843 2196 926">
    <p class='ocr_par' dir='ltr' id='par_1_10' title="bbox 606 843 2190 915">
     <span class='ocr_line' id='line_1_10' title="bbox 606 843 2190 915; baseline 0.001 -16"><span class='ocrx_word' id='word_1_73' title='bbox 606 843 923 908; x_wconf 90' lang='lat' dir='ltr'><strong>testiﬁcari,</strong></span> <span class='ocrx_word' id='word_1_74' title='bbox 992 856 1106 900; x_wconf 92' lang='lat' dir='ltr'><strong>tum</strong></span> <span class='ocrx_word' id='word_1_75' title='bbox 1162 844 1287 900; x_wconf 91' lang='lat' dir='ltr'><strong>inde</strong></span> <span class='ocrx_word' id='word_1_76' title='bbox 1321 845 1470 901; x_wconf 89' lang='lat' dir='ltr'><strong>mitis</strong></span> <span class='ocrx_word' id='word_1_77' title='bbox 1504 855 1559 900; x_wconf 88' lang='lat' dir='ltr'><strong>et</strong></span> <span class='ocrx_word' id='word_1_78' title='bbox 1595 847 1893 902; x_wconf 80' lang='lat' dir='ltr'><strong>tractabilis</strong></span> <span class='ocrx_word' id='word_1_79' title='bbox 1944 847 2010 901; x_wconf 91' lang='lat' dir='ltr'><strong>ad</strong></span> <span class='ocrx_word' id='word_1_80' title='bbox 2060 864 2190 915; x_wconf 81' lang='lat' dir='ltr'><strong>pro-</strong></span> 
     </span>
    </p>
   </div>
   <div class='ocr_carea' id='block_1_11' title="bbox 1966 843 3556 926">
    <p class='ocr_par' dir='ltr' id='par_1_11' title="bbox 1966 847 3556 926">
     <span class='ocr_line' id='line_1_11' title="bbox 1966 847 3556 926; baseline -0.002 -15"><span class='ocrx_word' id='word_1_81' title='bbox 1966 847 2010 901; x_wconf 77' lang='lat' dir='ltr'><strong>Id</strong></span> <span class='ocrx_word' id='word_1_82' title='bbox 2060 864 2190 915; x_wconf 68' lang='grc' dir='ltr'><strong>[δτο-</strong></span> <span class='ocrx_word' id='word_1_83' title='bbox 2294 855 2467 926; x_wconf 85' lang='grc' dir='ltr'><strong>τύχοι,</strong></span> <span class='ocrx_word' id='word_1_84' title='bbox 2498 855 2636 908; x_wconf 86' lang='grc' dir='ltr'><strong>αἰδοῖ</strong></span> <span class='ocrx_word' id='word_1_85' title='bbox 2661 854 2823 908; x_wconf 73' lang='grc' dir='ltr'><strong>εἴκων</strong></span> <span class='ocrx_word' id='word_1_86' title='bbox 2846 855 2940 908; x_wconf 68' lang='grc' dir='ltr'><strong>καὶ</strong></span> <span class='ocrx_word' id='word_1_87' title='bbox 2969 853 3143 924; x_wconf 80' lang='grc' dir='ltr'><strong>αὐτῆς</strong></span> <span class='ocrx_word' id='word_1_88' title='bbox 3179 854 3556 924; x_wconf 76' lang='grc' dir='ltr'><strong>ἐξιστάμενος.</strong></span> 
     </span>
    </p>
   </div>
   <div class='ocr_carea' id='block_1_12' title="bbox 604 935 2188 1009">
    <p class='ocr_par' dir='ltr' id='par_1_12' title="bbox 604 935 2188 1009">
     <span class='ocr_line' id='line_1_12' title="bbox 604 935 2188 1009; baseline 0.003 -20"><span class='ocrx_word' id='word_1_89' title='bbox 604 935 786 1005; x_wconf 86' lang='lat' dir='ltr'><strong>prium</strong></span> <span class='ocrx_word' id='word_1_90' title='bbox 845 936 1189 991; x_wconf 78' lang='lat' dir='ltr'><strong>domicilium</strong></span> <span class='ocrx_word' id='word_1_91' title='bbox 1239 936 1453 1002; x_wconf 88' lang='lat' dir='ltr'><strong>redire,</strong></span> <span class='ocrx_word' id='word_1_92' title='bbox 1506 946 1563 993; x_wconf 87' lang='lat' dir='ltr'><strong>et</strong></span> <span class='ocrx_word' id='word_1_93' title='bbox 1606 938 1651 993; x_wconf 88' lang='lat' dir='ltr'><strong>si</strong></span> <span class='ocrx_word' id='word_1_94' title='bbox 1691 955 1830 1009; x_wconf 88' lang='lat' dir='ltr'><strong>quos</strong></span> <span class='ocrx_word' id='word_1_95' title='bbox 1892 939 2034 995; x_wconf 82' lang='lat' dir='ltr'><strong>forte</strong></span> <span class='ocrx_word' id='word_1_96' title='bbox 2089 957 2188 1009; x_wconf 83' lang='lat' dir='ltr'><strong>per</strong></span> 
     </span>
    </p>
   </div>
   <div class='ocr_carea' id='block_1_13' title="bbox 602 1027 2645 1101">
    <p class='ocr_par' dir='ltr' id='par_1_13' title="bbox 602 1027 2645 1101">
     <span class='ocr_line' id='line_1_13' title="bbox 602 1027 2645 1101; baseline -0.001 -18"><span class='ocrx_word' id='word_1_97' title='bbox 602 1030 747 1084; x_wconf 90' lang='lat' dir='ltr'><strong>viam</strong></span> <span class='ocrx_word' id='word_1_98' title='bbox 801 1028 997 1083; x_wconf 86' lang='lat' dir='ltr'><strong>obvios</strong></span> <span class='ocrx_word' id='word_1_99' title='bbox 1030 1027 1290 1092; x_wconf 81' lang='lat' dir='ltr'><strong>habebat,</strong></span> <span class='ocrx_word' id='word_1_100' title='bbox 1350 1044 1476 1083; x_wconf 90' lang='lat' dir='ltr'><strong>cum</strong></span> <span class='ocrx_word' id='word_1_101' title='bbox 1526 1030 1903 1084; x_wconf 79' lang='lat' dir='ltr'><strong>venerationis</strong></span> <span class='ocrx_word' id='word_1_102' title='bbox 1932 1032 2089 1101; x_wconf 81' lang='lat' dir='ltr'><strong>signo</strong></span> <span class='ocrx_word' id='word_1_103' title='bbox 2117 1031 2186 1086; x_wconf 89' lang='lat' dir='ltr'><strong>de</strong></span> <span class='ocrx_word' id='word_1_104' title='bbox 2226 1030 2319 1085; x_wconf 90' lang='lat' dir='ltr'><strong>illa</strong></span> <span class='ocrx_word' id='word_1_105' title='bbox 2354 1027 2645 1085; x_wconf 89' lang='lat' dir='ltr'><strong>decedere.</strong></span> 
     </span>
    </p>
   </div>
   <div class='ocr_carea' id='block_1_14' title="bbox 672 1120 2262 1199">
    <p class='ocr_par' dir='ltr' id='par_1_14' title="bbox 672 1120 2178 1193">
     <span class='ocr_line' id='line_1_14' title="bbox 672 1120 2178 1193; baseline 0.002 -16"><span class='ocrx_word' id='word_1_106' title='bbox 672 1125 762 1177; x_wconf 76' lang='lat'><strong>74.</strong></span> <span class='ocrx_word' id='word_1_107' title='bbox 795 1123 1006 1177; x_wconf 86' lang='lat' dir='ltr'><strong>Interea</strong></span> <span class='ocrx_word' id='word_1_108' title='bbox 1042 1121 1309 1191; x_wconf 87' lang='lat' dir='ltr'><strong>pestilens</strong></span> <span class='ocrx_word' id='word_1_109' title='bbox 1345 1120 1457 1193; x_wconf 89' lang='lat' dir='ltr'><strong>(l6)</strong></span> <span class='ocrx_word' id='word_1_110' title='bbox 1490 1122 1717 1178; x_wconf 91' lang='lat' dir='ltr'><strong>morbus</strong></span> <span class='ocrx_word' id='word_1_111' title='bbox 1743 1123 1997 1179; x_wconf 84' lang='lat' dir='ltr'><strong>homines</strong></span> <span class='ocrx_word' id='word_1_112' title='bbox 2024 1124 2178 1180; x_wconf 83' lang='lat' dir='ltr'><strong>inva-</strong></span> 
     </span>
    </p>
   </div>
   <div class='ocr_carea' id='block_1_15' title="bbox 2241 1120 3831 1199">
    <p class='ocr_par' dir='ltr' id='par_1_15' title="bbox 2357 1122 3831 1199">
     <span class='ocr_line' id='line_1_15' title="bbox 2357 1122 3831 1199; baseline 0 -19"><span class='ocrx_word' id='word_1_113' title='bbox 2357 1122 2447 1180; x_wconf 73' lang='grc' dir='ltr'><strong>(ιδ’.</strong></span> <span class='ocrx_word' id='word_1_114' title='bbox 2485 1126 2574 1177; x_wconf 86' lang='grc' dir='ltr'>Ἐν</span> <span class='ocrx_word' id='word_1_115' title='bbox 2605 1123 2781 1193; x_wconf 80' lang='grc' dir='ltr'><strong>τούτῳ</strong></span> <span class='ocrx_word' id='word_1_116' title='bbox 2829 1122 2887 1177; x_wconf 81' lang='grc' dir='ltr'><strong>δέ</strong></span> <span class='ocrx_word' id='word_1_117' title='bbox 2919 1123 3175 1199; x_wconf 79' lang='grc' dir='ltr'><strong>λοιμικῆς</strong></span> <span class='ocrx_word' id='word_1_118' title='bbox 3207 1123 3364 1176; x_wconf 84' lang='grc' dir='ltr'>νόσου</span> <span class='ocrx_word' id='word_1_119' title='bbox 3411 1127 3531 1188; x_wconf 80' lang='grc' dir='ltr'><strong>τοῖς</strong></span> <span class='ocrx_word' id='word_1_120' title='bbox 3573 1125 3831 1198; x_wconf 69' lang='grc' dir='ltr'><strong>άνθρὼπιις</strong></span> 
     </span>
    </p>
   </div>
   <div class='ocr_carea' id='block_1_16' title="bbox 601 1212 2191 1289">
    <p class='ocr_par' dir='ltr' id='par_1_16' title="bbox 601 1212 2177 1283">
     <span class='ocr_line' id='line_1_16' title="bbox 601 1212 2177 1283; baseline 0.001 -14"><span class='ocrx_word' id='word_1_121' title='bbox 601 1223 769 1275; x_wconf 89' lang='lat' dir='ltr'><strong>serat.</strong></span> <span class='ocrx_word' id='word_1_122' title='bbox 794 1213 887 1283; x_wconf 91' lang='lat' dir='ltr'><strong>qui</strong></span> <span class='ocrx_word' id='word_1_123' title='bbox 924 1212 1111 1275; x_wconf 89' lang='lat' dir='ltr'><strong>urbes,</strong></span> <span class='ocrx_word' id='word_1_124' title='bbox 1135 1227 1316 1283; x_wconf 85' lang='lat' dir='ltr'><strong>agros,</strong></span> <span class='ocrx_word' id='word_1_125' title='bbox 1351 1227 1518 1282; x_wconf 84' lang='lat' dir='ltr'><strong>pagos</strong></span> <span class='ocrx_word' id='word_1_126' title='bbox 1547 1213 1822 1279; x_wconf 90' lang='lat' dir='ltr'><strong>inﬁciens,</strong></span> <span class='ocrx_word' id='word_1_127' title='bbox 1855 1225 2177 1283; x_wconf 53' lang='lat' dir='ltr'><strong>praesentem</strong></span> 
     </span>
    </p>
   </div>
   <div class='ocr_carea' id='block_1_17' title="bbox 2243 1212 3833 1289">
    <p class='ocr_par' dir='ltr' id='par_1_17' title="bbox 2285 1215 3833 1289">
     <span class='ocr_line' id='line_1_17' title="bbox 2285 1215 3833 1289; baseline 0.001 -20"><span class='ocrx_word' id='word_1_128' title='bbox 2285 1216 2693 1287; x_wconf 80' lang='grc' dir='ltr'><strong>ἐπισκηψάσης,</strong></span> <span class='ocrx_word' id='word_1_129' title='bbox 2727 1215 2910 1278; x_wconf 84' lang='grc' dir='ltr'><strong>πόλεις</strong></span> <span class='ocrx_word' id='word_1_130' title='bbox 2939 1232 3000 1268; x_wconf 80' lang='grc' dir='ltr'><strong>τε</strong></span> <span class='ocrx_word' id='word_1_131' title='bbox 3042 1216 3136 1269; x_wconf 81' lang='grc' dir='ltr'><strong>καὶ</strong></span> <span class='ocrx_word' id='word_1_132' title='bbox 3160 1217 3364 1286; x_wconf 81' lang='grc' dir='ltr'><strong>ἀγροὺς</strong></span> <span class='ocrx_word' id='word_1_133' title='bbox 3386 1217 3487 1268; x_wconf 72' lang='grc' dir='ltr'><strong>καὶ</strong></span> <span class='ocrx_word' id='word_1_134' title='bbox 3510 1217 3698 1289; x_wconf 80' lang='grc' dir='ltr'><strong>κώμας</strong></span> <span class='ocrx_word' id='word_1_135' title='bbox 3721 1218 3833 1288; x_wconf 78' lang='grc' dir='ltr'><strong>φθει-</strong></span> 
     </span>
    </p>
   </div>
   <div class='ocr_carea' id='block_1_18' title="bbox 602 1298 2192 1378">
    <p class='ocr_par' dir='ltr' id='par_1_18' title="bbox 602 1302 2178 1372">
     <span class='ocr_line' id='line_1_18' title="bbox 602 1302 2178 1372; baseline 0.001 -13"><span class='ocrx_word' id='word_1_136' title='bbox 602 1304 709 1359; x_wconf 88' lang='lat' dir='ltr'><strong>illis</strong></span> <span class='ocrx_word' id='word_1_137' title='bbox 727 1303 997 1358; x_wconf 75' lang='lat' dir='ltr'><strong>afferebat</strong></span> <span class='ocrx_word' id='word_1_138' title='bbox 1014 1302 1337 1372; x_wconf 82' lang='lat' dir='ltr'><strong>perniciem,</strong></span> <span class='ocrx_word' id='word_1_139' title='bbox 1360 1313 1644 1371; x_wconf 84' lang='lat' dir='ltr'><strong>artemque</strong></span> <span class='ocrx_word' id='word_1_140' title='bbox 1662 1310 1879 1359; x_wconf 88' lang='lat' dir='ltr'><strong>omnem</strong></span> <span class='ocrx_word' id='word_1_141' title='bbox 1899 1306 2178 1361; x_wconf 86' lang='lat' dir='ltr'><strong>eludebat.</strong></span> 
     </span>
    </p>
   </div>
   <div class='ocr_carea' id='block_1_19' title="bbox 2239 1298 3829 1378">
    <p class='ocr_par' dir='ltr' id='par_1_19' title="bbox 2287 1298 3829 1378">
     <span class='ocr_line' id='line_1_19' title="bbox 2287 1298 3829 1378; baseline 0.001 -17"><span class='ocrx_word' id='word_1_142' title='bbox 2287 1308 2486 1378; x_wconf 84' lang='grc' dir='ltr'><strong>ρούσης</strong></span> <span class='ocrx_word' id='word_1_143' title='bbox 2515 1306 2757 1377; x_wconf 80' lang='grc' dir='ltr'><strong>ἀτεχνῶς</strong></span> <span class='ocrx_word' id='word_1_144' title='bbox 2782 1307 2878 1360; x_wconf 80' lang='grc' dir='ltr'><strong>καὶ</strong></span> <span class='ocrx_word' id='word_1_145' title='bbox 2908 1307 3333 1378; x_wconf 78' lang='grc' dir='ltr'><strong>λυμαινομένης,</strong></span> <span class='ocrx_word' id='word_1_146' title='bbox 3367 1310 3535 1377; x_wconf 80' lang='grc' dir='ltr'><strong>γνοὺς</strong></span> <span class='ocrx_word' id='word_1_147' title='bbox 3557 1310 3588 1361; x_wconf 83' lang='grc' dir='ltr'>ὀ</span> <span class='ocrx_word' id='word_1_148' title='bbox 3618 1310 3705 1363; x_wconf 71' lang='grc' dir='ltr'><strong>τοῦ</strong></span> <span class='ocrx_word' id='word_1_149' title='bbox 3729 1298 3829 1364; x_wconf 65' lang='grc' dir='ltr'><strong>Θεό-3</strong></span> 
     </span>
    </p>
   </div>
   <div class='ocr_carea' id='block_1_20' title="bbox 597 1394 2187 1471">
    <p class='ocr_par' dir='ltr' id='par_1_20' title="bbox 597 1394 2180 1468">
     <span class='ocr_line' id='line_1_20' title="bbox 597 1394 2180 1468; baseline 0.001 -19"><span class='ocrx_word' id='word_1_150' title='bbox 597 1396 866 1466; x_wconf 81' lang='lat' dir='ltr'><strong>Cognovit</strong></span> <span class='ocrx_word' id='word_1_151' title='bbox 890 1395 987 1449; x_wconf 80' lang='lat' dir='ltr'><strong>Dei</strong></span> <span class='ocrx_word' id='word_1_152' title='bbox 1020 1394 1277 1459; x_wconf 89' lang='lat' dir='ltr'><strong>famulus,</strong></span> <span class='ocrx_word' id='word_1_153' title='bbox 1307 1394 1455 1464; x_wconf 89' lang='lat' dir='ltr'><strong>quod</strong></span> <span class='ocrx_word' id='word_1_154' title='bbox 1479 1396 1753 1455; x_wconf 85' lang='lat' dir='ltr'><strong>Dominus</strong></span> <span class='ocrx_word' id='word_1_155' title='bbox 1783 1397 2051 1452; x_wconf 82' lang='lat' dir='ltr'><strong>adversus</strong></span> <span class='ocrx_word' id='word_1_156' title='bbox 2079 1413 2180 1468; x_wconf 90' lang='lat' dir='ltr'><strong>po-</strong></span> 
     </span>
    </p>
   </div>
   <div class='ocr_carea' id='block_1_21' title="bbox 2242 1394 3832 1471">
    <p class='ocr_par' dir='ltr' id='par_1_21' title="bbox 2285 1398 3832 1471">
     <span class='ocr_line' id='line_1_21' title="bbox 2285 1398 3832 1471; baseline 0.001 -17"><span class='ocrx_word' id='word_1_157' title='bbox 2285 1401 2540 1470; x_wconf 80' lang='grc' dir='ltr'>θεράπων</span> <span class='ocrx_word' id='word_1_158' title='bbox 2569 1400 2650 1453; x_wconf 83' lang='grc' dir='ltr'><strong>ὅτι</strong></span> <span class='ocrx_word' id='word_1_159' title='bbox 2681 1398 2930 1470; x_wconf 80' lang='grc' dir='ltr'><strong>ὠργίσθη</strong></span> <span class='ocrx_word' id='word_1_160' title='bbox 2959 1399 3118 1470; x_wconf 81' lang='grc' dir='ltr'><strong>θυμῷ</strong></span> <span class='ocrx_word' id='word_1_161' title='bbox 3140 1400 3344 1471; x_wconf 82' lang='grc' dir='ltr'><strong>Κύριος</strong></span> <span class='ocrx_word' id='word_1_162' title='bbox 3372 1403 3469 1454; x_wconf 76' lang='grc' dir='ltr'><strong>ἐπὶ</strong></span> <span class='ocrx_word' id='word_1_163' title='bbox 3501 1401 3596 1454; x_wconf 78' lang='grc' dir='ltr'><strong>τὸν</strong></span> <span class='ocrx_word' id='word_1_164' title='bbox 3619 1402 3738 1456; x_wconf 69' lang='grc' dir='ltr'><strong>λαὸν</strong></span> <span class='ocrx_word' id='word_1_165' title='bbox 3758 1405 3832 1456; x_wconf 79' lang='grc' dir='ltr'><strong>αὐ-</strong></span> 
     </span>
    </p>
   </div>
   <div class='ocr_carea' id='block_1_22' title="bbox 598 1485 2188 1567">
    <p class='ocr_par' dir='ltr' id='par_1_22' title="bbox 598 1485 2184 1558">
     <span class='ocr_line' id='line_1_22' title="bbox 598 1485 2184 1558; baseline 0.001 -16"><span class='ocrx_word' id='word_1_166' title='bbox 598 1488 790 1558; x_wconf 88' lang='lat' dir='ltr'><strong>pulum</strong></span> <span class='ocrx_word' id='word_1_167' title='bbox 814 1502 975 1543; x_wconf 90' lang='lat' dir='ltr'><strong>suum</strong></span> <span class='ocrx_word' id='word_1_168' title='bbox 1003 1485 1083 1540; x_wconf 90' lang='lat' dir='ltr'><strong>ira</strong></span> <span class='ocrx_word' id='word_1_169' title='bbox 1109 1500 1410 1541; x_wconf 87' lang='lat' dir='ltr'><strong>succensus</strong></span> <span class='ocrx_word' id='word_1_170' title='bbox 1435 1495 1582 1541; x_wconf 89' lang='lat' dir='ltr'><strong>esset</strong></span> <span class='ocrx_word' id='word_1_171' title='bbox 1611 1505 1623 1540; x_wconf 92' lang='lat'><strong>:</strong></span> <span class='ocrx_word' id='word_1_172' title='bbox 1649 1495 1940 1558; x_wconf 72' lang='lat' dir='ltr'><strong>tactusque</strong></span> <span class='ocrx_word' id='word_1_173' title='bbox 1965 1490 2184 1544; x_wconf 84' lang='lat' dir='ltr'><strong>misera-</strong></span> 
     </span>
    </p>
   </div>
   <div class='ocr_carea' id='block_1_23' title="bbox 2239 1485 3829 1567">
    <p class='ocr_par' dir='ltr' id='par_1_23' title="bbox 2284 1493 3829 1567">
     <span class='ocr_line' id='line_1_23' title="bbox 2284 1493 3829 1567; baseline 0.002 -20"><span class='ocrx_word' id='word_1_174' title='bbox 2284 1493 2403 1557; x_wconf 56' lang='grc' dir='ltr'><strong>τοῦ,</strong></span> <span class='ocrx_word' id='word_1_175' title='bbox 2427 1493 2498 1547; x_wconf 89' lang='grc' dir='ltr'><strong>τά</strong></span> <span class='ocrx_word' id='word_1_176' title='bbox 2520 1511 2579 1545; x_wconf 88' lang='grc' dir='ltr'><strong>τε</strong></span> <span class='ocrx_word' id='word_1_177' title='bbox 2612 1493 2899 1563; x_wconf 85' lang='grc' dir='ltr'><strong>σπλάγχνα</strong></span> <span class='ocrx_word' id='word_1_178' title='bbox 2921 1493 3110 1547; x_wconf 87' lang='grc' dir='ltr'><strong>παθὼν</strong></span> <span class='ocrx_word' id='word_1_179' title='bbox 3150 1496 3236 1546; x_wconf 84' lang='grc' dir='ltr'><strong>ἐπ’</strong></span> <span class='ocrx_word' id='word_1_180' title='bbox 3267 1496 3476 1561; x_wconf 77' lang='grc' dir='ltr'><strong>αὐτοῖς,</strong></span> <span class='ocrx_word' id='word_1_181' title='bbox 3506 1499 3741 1567; x_wconf 75' lang='grc' dir='ltr'><strong>μιμεῖται</strong></span> <span class='ocrx_word' id='word_1_182' title='bbox 3762 1499 3829 1549; x_wconf 72' lang='grc' dir='ltr'><strong>τὸν</strong></span> 
     </span>
    </p>
   </div>
   <div class='ocr_carea' id='block_1_24' title="bbox 599 1575 2189 1658">
    <p class='ocr_par' dir='ltr' id='par_1_24' title="bbox 599 1575 2185 1648">
     <span class='ocr_line' id='line_1_24' title="bbox 599 1575 2185 1648; baseline 0.001 -16"><span class='ocrx_word' id='word_1_183' title='bbox 599 1579 747 1633; x_wconf 91' lang='lat' dir='ltr'><strong>tione</strong></span> <span class='ocrx_word' id='word_1_184' title='bbox 764 1592 977 1641; x_wconf 81' lang='lat' dir='ltr'><strong>eorum,</strong></span> <span class='ocrx_word' id='word_1_185' title='bbox 1004 1576 1315 1647; x_wconf 76' lang='lat' dir='ltr'><strong>exemplum</strong></span> <span class='ocrx_word' id='word_1_186' title='bbox 1349 1575 1585 1632; x_wconf 86' lang='lat' dir='ltr'><strong>Phinees</strong></span> <span class='ocrx_word' id='word_1_187' title='bbox 1615 1577 1731 1648; x_wconf 81' lang='lat' dir='ltr'><strong>(l7)</strong></span> <span class='ocrx_word' id='word_1_188' title='bbox 1753 1578 1955 1632; x_wconf 87' lang='lat' dir='ltr'><strong>imitari</strong></span> <span class='ocrx_word' id='word_1_189' title='bbox 1977 1579 2185 1633; x_wconf 88' lang='lat' dir='ltr'><strong>consti-</strong></span> 
     </span>
    </p>
   </div>
   <div class='ocr_carea' id='block_1_25' title="bbox 2240 1575 3830 1658">
    <p class='ocr_par' dir='ltr' id='par_1_25' title="bbox 2283 1585 3830 1658">
     <span class='ocr_line' id='line_1_25' title="bbox 2283 1585 3830 1658; baseline 0 -18"><span class='ocrx_word' id='word_1_190' title='bbox 2283 1587 2466 1650; x_wconf 77' lang='grc' dir='ltr'><strong>Φινεὲς</strong></span> <span class='ocrx_word' id='word_1_191' title='bbox 2499 1585 2594 1638; x_wconf 65' lang='grc' dir='ltr'><strong>καὶ¹</strong></span> <span class='ocrx_word' id='word_1_192' title='bbox 2624 1587 2809 1651; x_wconf 78' lang='grc' dir='ltr'><strong>αὐτὸς,</strong></span> <span class='ocrx_word' id='word_1_193' title='bbox 2836 1585 2928 1638; x_wconf 66' lang='grc' dir='ltr'><strong>καὶ</strong></span> <span class='ocrx_word' id='word_1_194' title='bbox 2952 1587 3142 1656; x_wconf 87' lang='grc' dir='ltr'><strong>χεῖρας</strong></span> <span class='ocrx_word' id='word_1_195' title='bbox 3174 1587 3511 1658; x_wconf 81' lang='grc' dir='ltr'><strong>ίκετηρίους,</strong></span> <span class='ocrx_word' id='word_1_196' title='bbox 3544 1590 3592 1640; x_wconf 85' lang='grc' dir='ltr'><strong>εί</strong></span> <span class='ocrx_word' id='word_1_197' title='bbox 3620 1588 3830 1658; x_wconf 71' lang='grc' dir='ltr'><strong>βούλειᾶ</strong></span> 
     </span>
    </p>
   </div>
   <div class='ocr_carea' id='block_1_26' title="bbox 572 1668 2162 1748">
    <p class='ocr_par' dir='ltr' id='par_1_26' title="bbox 572 1668 2162 1745">
     <span class='ocr_line' id='line_1_26' title="bbox 572 1668 2162 1745; baseline -0.001 -21"><span class='ocrx_word' id='word_1_198' title='bbox 572 1671 738 1745; x_wconf 0' lang='lat' dir='ltr'><strong>ptuit;</strong></span> <span class='ocrx_word' id='word_1_199' title='bbox 782 1684 848 1725; x_wconf 91' lang='lat' dir='ltr'><strong>ac</strong></span> <span class='ocrx_word' id='word_1_200' title='bbox 878 1669 1153 1739; x_wconf 75' lang='lat' dir='ltr'><strong>supplices</strong></span> <span class='ocrx_word' id='word_1_201' title='bbox 1182 1684 1279 1723; x_wconf 91' lang='lat' dir='ltr'><strong>seu</strong></span> <span class='ocrx_word' id='word_1_202' title='bbox 1319 1668 1504 1738; x_wconf 88' lang='lat' dir='ltr'><strong>potius</strong></span> <span class='ocrx_word' id='word_1_203' title='bbox 1532 1669 1945 1739; x_wconf 76' lang='lat' dir='ltr'><strong>propitiatorias</strong></span> <span class='ocrx_word' id='word_1_204' title='bbox 1987 1686 2162 1724; x_wconf 77' lang='lat' dir='ltr'><strong>manu:</strong></span> 
     </span>
    </p>
   </div>
   <div class='ocr_carea' id='block_1_27' title="bbox 2239 1668 3829 1748">
    <p class='ocr_par' dir='ltr' id='par_1_27' title="bbox 2289 1675 3829 1748">
     <span class='ocr_line' id='line_1_27' title="bbox 2289 1675 3829 1748; baseline 0.001 -20"><span class='ocrx_word' id='word_1_205' title='bbox 2289 1675 2658 1748; x_wconf 85' lang='grc' dir='ltr'><strong>ίλαστηρίους,</strong></span> <span class='ocrx_word' id='word_1_206' title='bbox 2692 1676 2938 1738; x_wconf 80' lang='grc' dir='ltr'><strong>ἐκτείνας</strong></span> <span class='ocrx_word' id='word_1_207' title='bbox 2956 1676 3095 1745; x_wconf 78' lang='grc' dir='ltr'><strong>θεῷ,</strong></span> <span class='ocrx_word' id='word_1_208' title='bbox 3121 1677 3281 1747; x_wconf 79' lang='grc' dir='ltr'><strong>μέχρι</strong></span> <span class='ocrx_word' id='word_1_209' title='bbox 3306 1676 3504 1731; x_wconf 85' lang='grc' dir='ltr'><strong>τούτου</strong></span> <span class='ocrx_word' id='word_1_210' title='bbox 3534 1678 3604 1731; x_wconf 80' lang='grc' dir='ltr'><strong>τά</strong></span> <span class='ocrx_word' id='word_1_211' title='bbox 3623 1677 3712 1747; x_wconf 78' lang='grc' dir='ltr'><strong>τῆς</strong></span> <span class='ocrx_word' id='word_1_212' title='bbox 3726 1679 3829 1747; x_wconf 73' lang='grc' dir='ltr'><strong>πλη-</strong></span> 
     </span>
    </p>
   </div>
   <div class='ocr_carea' id='block_1_28' title="bbox 570 1750 2160 1840">
    <p class='ocr_par' dir='ltr' id='par_1_28' title="bbox 570 1761 2156 1839">
     <span class='ocr_line' id='line_1_28' title="bbox 570 1761 2156 1839; baseline -0.002 -20"><span class='ocrx_word' id='word_1_213' title='bbox 570 1762 663 1839; x_wconf 21' lang='lat' dir='ltr'><strong>‘ad</strong></span> <span class='ocrx_word' id='word_1_214' title='bbox 699 1763 868 1817; x_wconf 87' lang='lat' dir='ltr'><strong>Deum</strong></span> <span class='ocrx_word' id='word_1_215' title='bbox 902 1761 1158 1826; x_wconf 75' lang='lat' dir='ltr'><strong>tetendit,</strong></span> <span class='ocrx_word' id='word_1_216' title='bbox 1183 1761 1361 1817; x_wconf 91' lang='lat' dir='ltr'><strong>donec</strong></span> <span class='ocrx_word' id='word_1_217' title='bbox 1376 1761 1527 1815; x_wconf 89' lang='lat' dir='ltr'><strong>luem</strong></span> <span class='ocrx_word' id='word_1_218' title='bbox 1559 1769 1900 1831; x_wconf 82' lang='lat' dir='ltr'><strong>grassantem</strong></span> <span class='ocrx_word' id='word_1_219' title='bbox 1933 1762 2156 1817; x_wconf 75' lang='lat' dir='ltr'><strong>sisteret</strong></span> 
     </span>
    </p>
   </div>
   <div class='ocr_carea' id='block_1_29' title="bbox 2239 1750 3829 1840">
    <p class='ocr_par' dir='ltr' id='par_1_29' title="bbox 2239 1753 3829 1840">
     <span class='ocr_line' id='line_1_29' title="bbox 2239 1753 3829 1840; baseline 0.001 -18"><span class='ocrx_word' id='word_1_220' title='bbox 2239 1753 2254 1809; x_wconf 61' lang='grc' dir='ltr'>ι</span> <span class='ocrx_word' id='word_1_221' title='bbox 2281 1769 2387 1840; x_wconf 82' lang='grc' dir='ltr'><strong>γῆς</strong></span> <span class='ocrx_word' id='word_1_222' title='bbox 2413 1768 2615 1838; x_wconf 79' lang='grc' dir='ltr'><strong>ἵστησι,</strong></span> <span class='ocrx_word' id='word_1_223' title='bbox 2644 1769 2840 1839; x_wconf 79' lang='grc' dir='ltr'><strong>μηκέτι</strong></span> <span class='ocrx_word' id='word_1_224' title='bbox 2870 1768 3183 1839; x_wconf 76' lang='grc' dir='ltr'><strong>περαιτέρω</strong></span> <span class='ocrx_word' id='word_1_225' title='bbox 3207 1767 3411 1839; x_wconf 83' lang='grc' dir='ltr'><strong>ταύτην</strong></span> <span class='ocrx_word' id='word_1_226' title='bbox 3447 1769 3666 1823; x_wconf 77' lang='grc' dir='ltr'><strong>ὁδεῦσαι</strong></span> <span class='ocrx_word' id='word_1_227' title='bbox 3693 1787 3829 1839; x_wconf 80' lang='grc' dir='ltr'><strong>παρα-</strong></span> 
     </span>
    </p>
   </div>
   <div class='ocr_carea' id='block_1_30' title="bbox 593 1850 2183 1932">
    <p class='ocr_par' dir='ltr' id='par_1_30' title="bbox 593 1850 2177 1924">
     <span class='ocr_line' id='line_1_30' title="bbox 593 1850 2177 1924; baseline -0.001 -17"><span class='ocrx_word' id='word_1_228' title='bbox 593 1862 650 1908; x_wconf 90' lang='lat' dir='ltr'><strong>et</strong></span> <span class='ocrx_word' id='word_1_229' title='bbox 675 1852 930 1924; x_wconf 81' lang='lat' dir='ltr'><strong>progredi</strong></span> <span class='ocrx_word' id='word_1_230' title='bbox 961 1851 1197 1906; x_wconf 76' lang='lat' dir='ltr'><strong>ulterius</strong></span> <span class='ocrx_word' id='word_1_231' title='bbox 1215 1851 1563 1921; x_wconf 83' lang='lat' dir='ltr'><strong>prohiberet.</strong></span> <span class='ocrx_word' id='word_1_232' title='bbox 1582 1850 1699 1917; x_wconf 84' lang='lat' dir='ltr'><strong>Qua</strong></span> <span class='ocrx_word' id='word_1_233' title='bbox 1731 1851 1785 1905; x_wconf 92' lang='lat' dir='ltr'><strong>in</strong></span> <span class='ocrx_word' id='word_1_234' title='bbox 1819 1867 1879 1907; x_wconf 84' lang='lat' dir='ltr'><strong>re</strong></span> <span class='ocrx_word' id='word_1_235' title='bbox 1898 1867 2009 1906; x_wconf 89' lang='lat' dir='ltr'><strong>non</strong></span> <span class='ocrx_word' id='word_1_236' title='bbox 2042 1852 2177 1907; x_wconf 88' lang='lat' dir='ltr'><strong>illud</strong></span> 
     </span>
    </p>
   </div>
   <div class='ocr_carea' id='block_1_31' title="bbox 2236 1850 3826 1932">
    <p class='ocr_par' dir='ltr' id='par_1_31' title="bbox 2281 1850 3826 1932">
     <span class='ocr_line' id='line_1_31' title="bbox 2281 1850 3826 1932; baseline 0 -18"><span class='ocrx_word' id='word_1_237' title='bbox 2281 1861 2561 1932; x_wconf 82' lang='grc' dir='ltr'><strong>χωρήσας.</strong></span> <span class='ocrx_word' id='word_1_238' title='bbox 2593 1859 2707 1913; x_wconf 76' lang='grc' dir='ltr'><strong>Καὶ</strong></span> <span class='ocrx_word' id='word_1_239' title='bbox 2749 1860 2810 1913; x_wconf 86' lang='grc' dir='ltr'><strong>οὐ</strong></span> <span class='ocrx_word' id='word_1_240' title='bbox 2841 1858 2998 1912; x_wconf 80' lang='grc' dir='ltr'><strong>τοῦτο</strong></span> <span class='ocrx_word' id='word_1_241' title='bbox 3031 1850 3192 1929; x_wconf 77' lang='grc' dir='ltr'><strong>μόνον</strong></span> <span class='ocrx_word' id='word_1_242' title='bbox 3235 1859 3515 1932; x_wconf 83' lang='grc' dir='ltr'><strong>Θαυμάσαι</strong></span> <span class='ocrx_word' id='word_1_243' title='bbox 3548 1860 3711 1928; x_wconf 74' lang='grc' dir='ltr'><strong>ἄξιον,</strong></span> <span class='ocrx_word' id='word_1_244' title='bbox 3738 1861 3826 1914; x_wconf 79' lang='grc' dir='ltr'><strong>ἀλλ’</strong></span> 
     </span>
    </p>
   </div>
   <div class='ocr_carea' id='block_1_32' title="bbox 596 1940 2186 2024">
    <p class='ocr_par' dir='ltr' id='par_1_32' title="bbox 596 1940 2179 2011">
     <span class='ocr_line' id='line_1_32' title="bbox 596 1940 2179 2011; baseline 0.001 -17"><span class='ocrx_word' id='word_1_245' title='bbox 596 1950 808 1996; x_wconf 83' lang='lat' dir='ltr'><strong>tantum</strong></span> <span class='ocrx_word' id='word_1_246' title='bbox 861 1940 1227 1995; x_wconf 82' lang='lat' dir='ltr'><strong>admiratione</strong></span> <span class='ocrx_word' id='word_1_247' title='bbox 1284 1940 1536 2011; x_wconf 84' lang='lat' dir='ltr'><strong>dignum,</strong></span> <span class='ocrx_word' id='word_1_248' title='bbox 1572 1940 1719 2010; x_wconf 90' lang='lat' dir='ltr'><strong>quod</strong></span> <span class='ocrx_word' id='word_1_249' title='bbox 1769 1941 1986 1996; x_wconf 90' lang='lat' dir='ltr'><strong>obicem</strong></span> <span class='ocrx_word' id='word_1_250' title='bbox 2035 1943 2179 1996; x_wconf 89' lang='lat' dir='ltr'><strong>malo</strong></span> 
     </span>
    </p>
   </div>
   <div class='ocr_carea' id='block_1_33' title="bbox 2235 1940 3825 2024">
    <p class='ocr_par' dir='ltr' id='par_1_33' title="bbox 2279 1949 3825 2024">
     <span class='ocr_line' id='line_1_33' title="bbox 2279 1949 3825 2024; baseline 0.001 -20"><span class='ocrx_word' id='word_1_251' title='bbox 2279 1953 2362 2004; x_wconf 85' lang='grc' dir='ltr'><strong>ὅτι</strong></span> <span class='ocrx_word' id='word_1_252' title='bbox 2396 1953 2491 2005; x_wconf 74' lang='grc' dir='ltr'><strong>καὶ</strong></span> <span class='ocrx_word' id='word_1_253' title='bbox 2523 1951 2593 2004; x_wconf 76' lang='grc' dir='ltr'><strong>τὰ</strong></span> <span class='ocrx_word' id='word_1_254' title='bbox 2623 1950 2722 2020; x_wconf 82' lang='grc' dir='ltr'><strong>τῆς</strong></span> <span class='ocrx_word' id='word_1_255' title='bbox 2754 1949 2950 2013; x_wconf 76' lang='grc' dir='ltr'><strong>ἰάσεως</strong></span> <span class='ocrx_word' id='word_1_256' title='bbox 2989 1950 3139 2021; x_wconf 82' lang='grc' dir='ltr'><strong>αὐτῷ</strong></span> <span class='ocrx_word' id='word_1_257' title='bbox 3173 1950 3385 2004; x_wconf 87' lang='grc' dir='ltr'><strong>δέδοτο·</strong></span> <span class='ocrx_word' id='word_1_258' title='bbox 3432 1952 3622 2006; x_wconf 72' lang='grc' dir='ltr'><strong>πολλοὶ</strong></span> <span class='ocrx_word' id='word_1_259' title='bbox 3654 1954 3749 2024; x_wconf 75' lang='grc' dir='ltr'><strong>γὰρ</strong></span> <span class='ocrx_word' id='word_1_260' title='bbox 3782 1954 3825 2019; x_wconf 76' lang='grc' dir='ltr'><strong>ἐξ</strong></span> 
     </span>
    </p>
   </div>
   <div class='ocr_carea' id='block_1_34' title="bbox 592 2029 2182 2112">
    <p class='ocr_par' dir='ltr' id='par_1_34' title="bbox 592 2029 2176 2103">
     <span class='ocr_line' id='line_1_34' title="bbox 592 2029 2176 2103; baseline 0.001 -19"><span class='ocrx_word' id='word_1_261' title='bbox 592 2031 873 2103; x_wconf 82' lang='lat' dir='ltr'><strong>posuerit;</strong></span> <span class='ocrx_word' id='word_1_262' title='bbox 904 2030 1000 2086; x_wconf 89' lang='lat' dir='ltr'><strong>sed</strong></span> <span class='ocrx_word' id='word_1_263' title='bbox 1038 2030 1170 2084; x_wconf 92' lang='lat' dir='ltr'><strong>illud</strong></span> <span class='ocrx_word' id='word_1_264' title='bbox 1217 2045 1437 2099; x_wconf 90' lang='lat' dir='ltr'><strong>quoque</strong></span> <span class='ocrx_word' id='word_1_265' title='bbox 1466 2029 1553 2084; x_wconf 87' lang='lat' dir='ltr'><strong>vel</strong></span> <span class='ocrx_word' id='word_1_266' title='bbox 1600 2031 1857 2096; x_wconf 77' lang='lat' dir='ltr'><strong>maxime,</strong></span> <span class='ocrx_word' id='word_1_267' title='bbox 1892 2031 2043 2100; x_wconf 86' lang='lat' dir='ltr'><strong>quod</strong></span> <span class='ocrx_word' id='word_1_268' title='bbox 2097 2031 2176 2085; x_wconf 89' lang='lat' dir='ltr'><strong>illi</strong></span> 
     </span>
    </p>
   </div>
   <div class='ocr_carea' id='block_1_35' title="bbox 2230 2029 3820 2112">
    <p class='ocr_par' dir='ltr' id='par_1_35' title="bbox 2279 2039 3820 2112">
     <span class='ocr_line' id='line_1_35' title="bbox 2279 2039 3820 2112; baseline -0.001 -17"><span class='ocrx_word' id='word_1_269' title='bbox 2279 2043 2489 2095; x_wconf 86' lang='grc' dir='ltr'><strong>ἐκείνου</strong></span> <span class='ocrx_word' id='word_1_270' title='bbox 2515 2041 2621 2093; x_wconf 86' lang='grc' dir='ltr'><strong>τῶν</strong></span> <span class='ocrx_word' id='word_1_271' title='bbox 2652 2041 2757 2094; x_wconf 76' lang='grc' dir='ltr'><strong>ὑπὸ</strong></span> <span class='ocrx_word' id='word_1_272' title='bbox 2784 2039 2887 2110; x_wconf 80' lang='grc' dir='ltr'><strong>τῆς</strong></span> <span class='ocrx_word' id='word_1_273' title='bbox 2906 2039 3165 2111; x_wconf 79' lang='grc' dir='ltr'><strong>τοιαύτης</strong></span> <span class='ocrx_word' id='word_1_274' title='bbox 3194 2041 3349 2094; x_wconf 79' lang='grc' dir='ltr'><strong>νόσου</strong></span> <span class='ocrx_word' id='word_1_275' title='bbox 3380 2042 3820 2112; x_wconf 79' lang='grc' dir='ltr'><strong>κατειλημμένων,</strong></span> 
     </span>
    </p>
   </div>
   <div class='ocr_carea' id='block_1_36' title="bbox 592 2120 2182 2203">
    <p class='ocr_par' dir='ltr' id='par_1_36' title="bbox 592 2120 2174 2192">
     <span class='ocr_line' id='line_1_36' title="bbox 592 2120 2174 2192; baseline 0 -15"><span class='ocrx_word' id='word_1_276' title='bbox 592 2123 757 2178; x_wconf 90' lang='lat' dir='ltr'><strong>etiam</strong></span> <span class='ocrx_word' id='word_1_277' title='bbox 821 2122 947 2176; x_wconf 90' lang='lat' dir='ltr'><strong>data</strong></span> <span class='ocrx_word' id='word_1_278' title='bbox 1005 2121 1080 2177; x_wconf 91' lang='lat' dir='ltr'><strong>sit</strong></span> <span class='ocrx_word' id='word_1_279' title='bbox 1136 2120 1314 2192; x_wconf 81' lang='lat' dir='ltr'><strong>gratia</strong></span> <span class='ocrx_word' id='word_1_280' title='bbox 1368 2121 1603 2177; x_wconf 89' lang='lat' dir='ltr'><strong>curandi</strong></span> <span class='ocrx_word' id='word_1_281' title='bbox 1644 2129 1947 2178; x_wconf 86' lang='lat' dir='ltr'><strong>contactos.</strong></span> <span class='ocrx_word' id='word_1_282' title='bbox 2022 2123 2174 2178; x_wconf 84' lang='lat' dir='ltr'><strong>Multi</strong></span> 
     </span>
    </p>
   </div>
   <div class='ocr_carea' id='block_1_37' title="bbox 2230 2120 3820 2203">
    <p class='ocr_par' dir='ltr' id='par_1_37' title="bbox 2277 2129 3820 2203">
     <span class='ocr_line' id='line_1_37' title="bbox 2277 2129 3820 2203; baseline 0.003 -18"><span class='ocrx_word' id='word_1_283' title='bbox 2277 2133 2339 2186; x_wconf 78' lang='grc' dir='ltr'><strong>τὸ</strong></span> <span class='ocrx_word' id='word_1_284' title='bbox 2365 2132 2461 2184; x_wconf 80' lang='grc' dir='ltr'><strong>τοῦ</strong></span> <span class='ocrx_word' id='word_1_285' title='bbox 2498 2131 2644 2185; x_wconf 85' lang='grc' dir='ltr'>θείου</span> <span class='ocrx_word' id='word_1_286' title='bbox 2693 2129 2915 2202; x_wconf 87' lang='grc' dir='ltr'><strong>Συμεὼν</strong></span> <span class='ocrx_word' id='word_1_287' title='bbox 2946 2130 3368 2202; x_wconf 78' lang='grc' dir='ltr'><strong>ἐπικαλούμενοι</strong></span> <span class='ocrx_word' id='word_1_288' title='bbox 3401 2132 3603 2203; x_wconf 75' lang='grc' dir='ltr'><strong>ὄνομα,</strong></span> <span class='ocrx_word' id='word_1_289' title='bbox 3641 2134 3820 2189; x_wconf 76' lang='grc' dir='ltr'><strong>ἐδόκουν</strong></span> 
     </span>
    </p>
   </div>
   <div class='ocr_carea' id='block_1_38' title="bbox 592 2218 2182 2295">
    <p class='ocr_par' dir='ltr' id='par_1_38' title="bbox 592 2218 2172 2291">
     <span class='ocr_line' id='line_1_38' title="bbox 592 2218 2172 2291; baseline -0.001 -16"><span class='ocrx_word' id='word_1_290' title='bbox 592 2222 797 2291; x_wconf 81' lang='lat' dir='ltr'><strong>quippe</strong></span> <span class='ocrx_word' id='word_1_291' title='bbox 847 2236 915 2275; x_wconf 79' lang='lat' dir='ltr'><strong>ex</strong></span> <span class='ocrx_word' id='word_1_292' title='bbox 950 2220 1043 2274; x_wconf 94' lang='lat' dir='ltr'><strong>illo</strong></span> <span class='ocrx_word' id='word_1_293' title='bbox 1087 2229 1335 2289; x_wconf 85' lang='lat' dir='ltr'><strong>tempore</strong></span> <span class='ocrx_word' id='word_1_294' title='bbox 1365 2218 1636 2289; x_wconf 88' lang='lat' dir='ltr'><strong>ejusmodi</strong></span> <span class='ocrx_word' id='word_1_295' title='bbox 1682 2218 1876 2274; x_wconf 90' lang='lat' dir='ltr'><strong>morbo</strong></span> <span class='ocrx_word' id='word_1_296' title='bbox 1908 2220 2172 2289; x_wconf 84' lang='lat' dir='ltr'><strong>correpti,</strong></span> 
     </span>
    </p>
   </div>
   <div class='ocr_carea' id='block_1_39' title="bbox 2230 2218 3820 2295">
    <p class='ocr_par' dir='ltr' id='par_1_39' title="bbox 2275 2221 3820 2295">
     <span class='ocr_line' id='line_1_39' title="bbox 2275 2221 3820 2295; baseline 0.001 -17"><span class='ocrx_word' id='word_1_297' title='bbox 2275 2221 2414 2280; x_wconf 82' lang='grc' dir='ltr'><strong>οῐκοι</strong></span> <span class='ocrx_word' id='word_1_298' title='bbox 2454 2221 2641 2276; x_wconf 82' lang='grc' dir='ltr'><strong>τοῦτον</strong></span> <span class='ocrx_word' id='word_1_299' title='bbox 2694 2224 2827 2294; x_wconf 80' lang='grc' dir='ltr'><strong>ὁρᾷν</strong></span> <span class='ocrx_word' id='word_1_300' title='bbox 2854 2224 2871 2294; x_wconf 91' lang='grc'>(</span> <span class='ocrx_word' id='word_1_301' title='bbox 2887 2221 2932 2275; x_wconf 80' lang='grc' dir='ltr'><strong>ὣ</strong></span> <span class='ocrx_word' id='word_1_302' title='bbox 2959 2222 3051 2276; x_wconf 82' lang='grc' dir='ltr'><strong>τοῦ</strong></span> <span class='ocrx_word' id='word_1_303' title='bbox 3080 2221 3432 2294; x_wconf 73' lang='grc' dir='ltr'><strong>θαύματοςι)</strong></span> <span class='ocrx_word' id='word_1_304' title='bbox 3463 2226 3820 2295; x_wconf 79' lang='grc' dir='ltr'><strong>ἐπισκεπτόμε-</strong></span> 
     </span>
    </p>
   </div>
   <div class='ocr_carea' id='block_1_40' title="bbox 594 2310 2184 2387">
    <p class='ocr_par' dir='ltr' id='par_1_40' title="bbox 594 2310 2174 2383">
     <span class='ocr_line' id='line_1_40' title="bbox 594 2310 2174 2383; baseline -0.003 -14"><span class='ocrx_word' id='word_1_305' title='bbox 594 2315 850 2369; x_wconf 88' lang='lat' dir='ltr'><strong>invocato</strong></span> <span class='ocrx_word' id='word_1_306' title='bbox 863 2311 1039 2368; x_wconf 89' lang='lat' dir='ltr'><strong>sancti</strong></span> <span class='ocrx_word' id='word_1_307' title='bbox 1062 2311 1348 2383; x_wconf 89' lang='lat' dir='ltr'><strong>Symconis</strong></span> <span class='ocrx_word' id='word_1_308' title='bbox 1379 2311 1619 2376; x_wconf 88' lang='lat' dir='ltr'><strong>nomine,</strong></span> <span class='ocrx_word' id='word_1_309' title='bbox 1639 2310 1973 2366; x_wconf 83' lang='lat' dir='ltr'><strong>videbantur</strong></span> <span class='ocrx_word' id='word_1_310' title='bbox 1993 2311 2174 2381; x_wconf 88' lang='lat' dir='ltr'><strong>ipsum</strong></span> 
     </span>
    </p>
   </div>
   <div class='ocr_carea' id='block_1_41' title="bbox 2228 2310 3818 2387">
    <p class='ocr_par' dir='ltr' id='par_1_41' title="bbox 2278 2310 3818 2387">
     <span class='ocr_line' id='line_1_41' title="bbox 2278 2310 3818 2387; baseline -0.001 -18"><span class='ocrx_word' id='word_1_311' title='bbox 2278 2334 2369 2370; x_wconf 93' lang='grc' dir='ltr'><strong>νον</strong></span> <span class='ocrx_word' id='word_1_312' title='bbox 2398 2316 2589 2387; x_wconf 85' lang='grc' dir='ltr'><strong>ὥσπερ</strong></span> <span class='ocrx_word' id='word_1_313' title='bbox 2618 2315 2712 2369; x_wconf 81' lang='grc' dir='ltr'><strong>καὶ</strong></span> <span class='ocrx_word' id='word_1_314' title='bbox 2740 2310 3012 2385; x_wconf 76' lang='grc' dir='ltr'><strong>τὴννόσον</strong></span> <span class='ocrx_word' id='word_1_315' title='bbox 3041 2315 3224 2378; x_wconf 78' lang='grc' dir='ltr'><strong>αὐτοῖς</strong></span> <span class='ocrx_word' id='word_1_316' title='bbox 3263 2315 3639 2386; x_wconf 76' lang='grc' dir='ltr'><strong>θεραπεύοντα</strong></span> <span class='ocrx_word' id='word_1_317' title='bbox 3661 2335 3675 2348; x_wconf 88' lang='grc'><strong>·</strong></span> <span class='ocrx_word' id='word_1_318' title='bbox 3697 2317 3818 2385; x_wconf 79' lang='grc' dir='ltr'><strong>καὶὴ</strong></span> 
     </span>
    </p>
   </div>
   <div class='ocr_carea' id='block_1_42' title="bbox 592 2398 2182 2480">
    <p class='ocr_par' dir='ltr' id='par_1_42' title="bbox 592 2398 2174 2469">
     <span class='ocr_line' id='line_1_42' title="bbox 592 2398 2174 2469; baseline -0.002 -12"><span class='ocrx_word' id='word_1_319' title='bbox 592 2403 743 2458; x_wconf 86' lang='lat' dir='ltr'><strong>domi</strong></span> <span class='ocrx_word' id='word_1_320' title='bbox 776 2398 1648 2465; x_wconf 65' lang='lat' dir='ltr'><strong>suaeintueri,velutall‘erentem</strong></span> <span class='ocrx_word' id='word_1_321' title='bbox 1682 2400 1794 2469; x_wconf 89' lang='lat' dir='ltr'><strong>(res</strong></span> <span class='ocrx_word' id='word_1_322' title='bbox 1814 2399 2174 2469; x_wconf 88' lang='lat' dir='ltr'><strong>miral)mor-</strong></span> 
     </span>
    </p>
   </div>
   <div class='ocr_carea' id='block_1_43' title="bbox 2225 2398 3815 2480">
    <p class='ocr_par' dir='ltr' id='par_1_43' title="bbox 2275 2401 3815 2480">
     <span class='ocr_line' id='line_1_43' title="bbox 2275 2401 3815 2480; baseline -0.001 -18"><span class='ocrx_word' id='word_1_323' title='bbox 2275 2408 2399 2478; x_wconf 69' lang='grc' dir='ltr'><strong>ὄψις</strong></span> <span class='ocrx_word' id='word_1_324' title='bbox 2428 2407 2589 2480; x_wconf 74' lang='grc' dir='ltr'><strong>ἔργον</strong></span> <span class='ocrx_word' id='word_1_325' title='bbox 2608 2401 2697 2478; x_wconf 79' lang='grc' dir='ltr'><strong>ἦν,</strong></span> <span class='ocrx_word' id='word_1_326' title='bbox 2724 2408 2818 2460; x_wconf 77' lang='grc' dir='ltr'><strong>καὶ</strong></span> <span class='ocrx_word' id='word_1_327' title='bbox 2848 2407 2947 2476; x_wconf 82' lang='grc' dir='ltr'><strong>τὴν</strong></span> <span class='ocrx_word' id='word_1_328' title='bbox 2977 2406 3276 2475; x_wconf 82' lang='grc' dir='ltr'><strong>φαντασίαν</strong></span> <span class='ocrx_word' id='word_1_329' title='bbox 3305 2406 3542 2476; x_wconf 83' lang='grc' dir='ltr'><strong>ἀλήθεια</strong></span> <span class='ocrx_word' id='word_1_330' title='bbox 3575 2408 3815 2478; x_wconf 76' lang='grc' dir='ltr'><strong>διεδέχετο,</strong></span> 
     </span>
    </p>
   </div>
   <div class='ocr_carea' id='block_1_44' title="bbox 591 2488 2181 2568">
    <p class='ocr_par' dir='ltr' id='par_1_44' title="bbox 591 2488 2175 2558">
     <span class='ocr_line' id='line_1_44' title="bbox 591 2488 2175 2558; baseline -0.003 -10"><span class='ocrx_word' id='word_1_331' title='bbox 591 2493 740 2549; x_wconf 91' lang='lat' dir='ltr'><strong>bidis</strong></span> <span class='ocrx_word' id='word_1_332' title='bbox 783 2491 1052 2547; x_wconf 88' lang='lat' dir='ltr'><strong>medelam</strong></span> <span class='ocrx_word' id='word_1_333' title='bbox 1092 2505 1159 2545; x_wconf 92' lang='lat' dir='ltr'><strong>ac</strong></span> <span class='ocrx_word' id='word_1_334' title='bbox 1200 2490 1513 2545; x_wconf 88' lang='lat' dir='ltr'><strong>sanitatem.</strong></span> <span class='ocrx_word' id='word_1_335' title='bbox 1552 2488 1618 2545; x_wconf 87' lang='lat' dir='ltr'><strong>Et</strong></span> <span class='ocrx_word' id='word_1_336' title='bbox 1650 2503 1783 2544; x_wconf 89' lang='lat' dir='ltr'><strong>vero</strong></span> <span class='ocrx_word' id='word_1_337' title='bbox 1813 2489 1955 2543; x_wconf 82' lang='lat' dir='ltr'><strong>visio</strong></span> <span class='ocrx_word' id='word_1_338' title='bbox 1994 2490 2175 2558; x_wconf 88' lang='lat' dir='ltr'><strong>reipsa</strong></span> 
     </span>
    </p>
   </div>
   <div class='ocr_carea' id='block_1_45' title="bbox 2226 2488 3816 2568">
    <p class='ocr_par' dir='ltr' id='par_1_45' title="bbox 2275 2494 3816 2568">
     <span class='ocr_line' id='line_1_45' title="bbox 2275 2494 3816 2568; baseline -0.004 -16"><span class='ocrx_word' id='word_1_339' title='bbox 2275 2501 2371 2552; x_wconf 74' lang='grc' dir='ltr'><strong>καὶ</strong></span> <span class='ocrx_word' id='word_1_340' title='bbox 2400 2497 2500 2568; x_wconf 85' lang='grc' dir='ltr'><strong>τὴν</strong></span> <span class='ocrx_word' id='word_1_341' title='bbox 2524 2498 2679 2552; x_wconf 81' lang='grc' dir='ltr'><strong>νόσον</strong></span> <span class='ocrx_word' id='word_1_342' title='bbox 2718 2494 2881 2558; x_wconf 79' lang='grc' dir='ltr'><strong>εὐθὺς</strong></span> <span class='ocrx_word' id='word_1_343' title='bbox 2920 2494 3258 2549; x_wconf 83' lang='grc' dir='ltr'><strong>ἀπετίθεντο.</strong></span> <span class='ocrx_word' id='word_1_344' title='bbox 3304 2495 3502 2549; x_wconf 85' lang='grc' dir='ltr'><strong>Πολλοὶ</strong></span> <span class='ocrx_word' id='word_1_345' title='bbox 3528 2497 3585 2550; x_wconf 82' lang='grc' dir='ltr'><strong>δὲ</strong></span> <span class='ocrx_word' id='word_1_346' title='bbox 3606 2500 3711 2550; x_wconf 71' lang='grc' dir='ltr'><strong>’καὶ</strong></span> <span class='ocrx_word' id='word_1_347' title='bbox 3732 2496 3816 2549; x_wconf 77' lang='grc' dir='ltr'><strong>τῶν</strong></span> 
     </span>
    </p>
   </div>
   <div class='ocr_carea' id='block_1_46' title="bbox 577 2580 2167 2659">
    <p class='ocr_par' dir='ltr' id='par_1_46' title="bbox 577 2580 2167 2653">
     <span class='ocr_line' id='line_1_46' title="bbox 577 2580 2167 2653; baseline -0.005 -11"><span class='ocrx_word' id='word_1_348' title='bbox 577 2586 898 2649; x_wconf 75' lang='lat' dir='ltr'><strong>constabat,</strong></span> <span class='ocrx_word' id='word_1_349' title='bbox 927 2598 991 2639; x_wconf 89' lang='lat' dir='ltr'><strong>ac</strong></span> <span class='ocrx_word' id='word_1_350' title='bbox 1012 2583 1215 2638; x_wconf 83' lang='lat' dir='ltr'><strong>veritas</strong></span> <span class='ocrx_word' id='word_1_351' title='bbox 1231 2580 1775 2653; x_wconf 74' lang='lat' dir='ltr'><strong>repraesentationem</strong></span> <span class='ocrx_word' id='word_1_352' title='bbox 1797 2582 2001 2636; x_wconf 86' lang='lat' dir='ltr'><strong>mentis</strong></span> <span class='ocrx_word' id='word_1_353' title='bbox 2024 2595 2167 2635; x_wconf 87' lang='lat' dir='ltr'><strong>eom-</strong></span> 
     </span>
    </p>
   </div>
   <div class='ocr_carea' id='block_1_47' title="bbox 2227 2580 3817 2659">
    <p class='ocr_par' dir='ltr' id='par_1_47' title="bbox 2275 2585 3817 2659">
     <span class='ocr_line' id='line_1_47' title="bbox 2275 2585 3817 2659; baseline -0.003 -19"><span class='ocrx_word' id='word_1_354' title='bbox 2275 2588 2483 2659; x_wconf 81' lang='grc' dir='ltr'><strong>ἑτέροις</strong></span> <span class='ocrx_word' id='word_1_355' title='bbox 2516 2586 2714 2641; x_wconf 86' lang='grc' dir='ltr'><strong>πάθεσι</strong></span> <span class='ocrx_word' id='word_1_356' title='bbox 2753 2587 2846 2639; x_wconf 67' lang='grc' dir='ltr'><strong>καὶ</strong></span> <span class='ocrx_word' id='word_1_357' title='bbox 2883 2585 3060 2648; x_wconf 84' lang='grc' dir='ltr'><strong>νόσοις</strong></span> <span class='ocrx_word' id='word_1_358' title='bbox 3095 2585 3466 2654; x_wconf 77' lang='grc' dir='ltr'><strong>ἐταζομένων,</strong></span> <span class='ocrx_word' id='word_1_359' title='bbox 3492 2586 3705 2657; x_wconf 81' lang='grc' dir='ltr'><strong>λυχνίαν</strong></span> <span class='ocrx_word' id='word_1_360' title='bbox 3723 2585 3817 2640; x_wconf 76' lang='grc' dir='ltr'><strong>κατ’</strong></span> 
     </span>
    </p>
   </div>
   <div class='ocr_carea' id='block_1_48' title="bbox 588 2674 2178 2752">
    <p class='ocr_par' dir='ltr' id='par_1_48' title="bbox 588 2674 2175 2752">
     <span class='ocr_line' id='line_1_48' title="bbox 588 2674 2175 2752; baseline -0.005 -17"><span class='ocrx_word' id='word_1_361' title='bbox 588 2679 893 2752; x_wconf 85' lang='lat' dir='ltr'><strong>probabat,</strong></span> <span class='ocrx_word' id='word_1_362' title='bbox 942 2676 1094 2733; x_wconf 90' lang='lat' dir='ltr'><strong>omni</strong></span> <span class='ocrx_word' id='word_1_363' title='bbox 1128 2675 1471 2731; x_wconf 85' lang='lat' dir='ltr'><strong>inﬁrmitatis</strong></span> <span class='ocrx_word' id='word_1_364' title='bbox 1497 2675 1760 2745; x_wconf 77' lang='lat' dir='ltr'><strong>languore</strong></span> <span class='ocrx_word' id='word_1_365' title='bbox 1787 2689 1814 2728; x_wconf 91' lang='lat' dir='ltr'><strong>a</strong></span> <span class='ocrx_word' id='word_1_366' title='bbox 1848 2674 2175 2743; x_wconf 88' lang='lat' dir='ltr'><strong>corporibus</strong></span> 
     </span>
    </p>
   </div>
   <div class='ocr_carea' id='block_1_49' title="bbox 2226 2674 3816 2752">
    <p class='ocr_par' dir='ltr' id='par_1_49' title="bbox 2273 2676 3816 2748">
     <span class='ocr_line' id='line_1_49' title="bbox 2273 2676 3816 2748; baseline -0.004 -14"><span class='ocrx_word' id='word_1_367' title='bbox 2273 2679 2420 2734; x_wconf 78' lang='grc' dir='ltr'><strong>οἷκον</strong></span> <span class='ocrx_word' id='word_1_368' title='bbox 2451 2680 2734 2742; x_wconf 82' lang='grc' dir='ltr'><strong>ἆπτοντες,</strong></span> <span class='ocrx_word' id='word_1_369' title='bbox 2772 2677 3025 2748; x_wconf 89' lang='grc' dir='ltr'><strong>θυμίαμά</strong></span> <span class='ocrx_word' id='word_1_370' title='bbox 3051 2693 3110 2730; x_wconf 86' lang='grc' dir='ltr'><strong>τε</strong></span> <span class='ocrx_word' id='word_1_371' title='bbox 3131 2676 3564 2748; x_wconf 79' lang='grc' dir='ltr'><strong>προσφέροντες,</strong></span> <span class='ocrx_word' id='word_1_372' title='bbox 3587 2677 3672 2731; x_wconf 82' lang='grc' dir='ltr'><strong>διὰ</strong></span> <span class='ocrx_word' id='word_1_373' title='bbox 3696 2677 3816 2748; x_wconf 83' lang='grc' dir='ltr'><strong>μεσί-</strong></span> 
     </span>
    </p>
   </div>
   <div class='ocr_carea' id='block_1_50' title="bbox 588 2764 2178 2842">
    <p class='ocr_par' dir='ltr' id='par_1_50' title="bbox 588 2764 2170 2842">
     <span class='ocr_line' id='line_1_50' title="bbox 588 2764 2170 2842; baseline -0.006 -14"><span class='ocrx_word' id='word_1_374' title='bbox 588 2771 842 2842; x_wconf 73' lang='lat' dir='ltr'><strong>depulso.</strong></span> <span class='ocrx_word' id='word_1_375' title='bbox 876 2769 1028 2831; x_wconf 83' lang='lat' dir='ltr'><strong>Multi</strong></span> <span class='ocrx_word' id='word_1_376' title='bbox 1062 2782 1284 2839; x_wconf 89' lang='lat' dir='ltr'><strong>quoque</strong></span> <span class='ocrx_word' id='word_1_377' title='bbox 1315 2765 1441 2820; x_wconf 88' lang='lat' dir='ltr'><strong>aliis</strong></span> <span class='ocrx_word' id='word_1_378' title='bbox 1470 2773 1636 2834; x_wconf 76' lang='lat' dir='ltr'><strong>atque</strong></span> <span class='ocrx_word' id='word_1_379' title='bbox 1667 2765 1791 2819; x_wconf 90' lang='lat' dir='ltr'><strong>aliis</strong></span> <span class='ocrx_word' id='word_1_380' title='bbox 1822 2764 2170 2835; x_wconf 66' lang='lat' dir='ltr'><strong>aegritudini-</strong></span> 
     </span>
    </p>
   </div>
   <div class='ocr_carea' id='block_1_51' title="bbox 2223 2764 3813 2842">
    <p class='ocr_par' dir='ltr' id='par_1_51' title="bbox 2272 2768 3813 2841">
     <span class='ocr_line' id='line_1_51' title="bbox 2272 2768 3813 2841; baseline -0.003 -14"><span class='ocrx_word' id='word_1_381' title='bbox 2272 2791 2367 2827; x_wconf 90' lang='grc' dir='ltr'><strong>του</strong></span> <span class='ocrx_word' id='word_1_382' title='bbox 2414 2772 2504 2825; x_wconf 82' lang='grc' dir='ltr'><strong>τὸν</strong></span> <span class='ocrx_word' id='word_1_383' title='bbox 2542 2769 2677 2824; x_wconf 82' lang='grc' dir='ltr'>Θεὸν</span> <span class='ocrx_word' id='word_1_384' title='bbox 2717 2769 2810 2823; x_wconf 81' lang='grc' dir='ltr'><strong>τοῦ</strong></span> <span class='ocrx_word' id='word_1_385' title='bbox 2845 2769 3049 2823; x_wconf 85' lang='grc' dir='ltr'><strong>οίκείου</strong></span> <span class='ocrx_word' id='word_1_386' title='bbox 3091 2768 3426 2841; x_wconf 84' lang='grc' dir='ltr'><strong>θεράποντος</strong></span> <span class='ocrx_word' id='word_1_387' title='bbox 3473 2768 3813 2834; x_wconf 73' lang='grc' dir='ltr'><strong>ἐπεκαλοῦντο,</strong></span> 
     </span>
    </p>
   </div>
   <div class='ocr_carea' id='block_1_52' title="bbox 588 2858 2178 2933">
    <p class='ocr_par' dir='ltr' id='par_1_52' title="bbox 588 2858 2171 2930">
     <span class='ocr_line' id='line_1_52' title="bbox 588 2858 2171 2930; baseline -0.004 -11"><span class='ocrx_word' id='word_1_388' title='bbox 588 2865 693 2919; x_wconf 89' lang='lat' dir='ltr'><strong>bus</strong></span> <span class='ocrx_word' id='word_1_389' title='bbox 747 2861 1144 2930; x_wconf 87' lang='lat' dir='ltr'><strong>doloribusque</strong></span> <span class='ocrx_word' id='word_1_390' title='bbox 1195 2859 1413 2929; x_wconf 84' lang='lat' dir='ltr'><strong>pressi,</strong></span> <span class='ocrx_word' id='word_1_391' title='bbox 1457 2859 1685 2913; x_wconf 90' lang='lat' dir='ltr'><strong>lucerna</strong></span> <span class='ocrx_word' id='word_1_392' title='bbox 1746 2858 1896 2912; x_wconf 91' lang='lat' dir='ltr'><strong>domi</strong></span> <span class='ocrx_word' id='word_1_393' title='bbox 1941 2872 2171 2913; x_wconf 88' lang='lat' dir='ltr'><strong>accensa</strong></span> 
     </span>
    </p>
   </div>
   <div class='ocr_carea' id='block_1_53' title="bbox 2223 2858 3813 2933">
    <p class='ocr_par' dir='ltr' id='par_1_53' title="bbox 2260 2859 3813 2933">
     <span class='ocr_line' id='line_1_53' title="bbox 2260 2859 3813 2933; baseline 0.003 -21"><span class='ocrx_word' id='word_1_394' title='bbox 2260 2866 2369 2919; x_wconf 61' lang='grc' dir='ltr'><strong>ικαὶ</strong></span> <span class='ocrx_word' id='word_1_395' title='bbox 2398 2863 2493 2918; x_wconf 79' lang='grc' dir='ltr'><strong>τοῦ</strong></span> <span class='ocrx_word' id='word_1_396' title='bbox 2526 2861 2827 2926; x_wconf 81' lang='grc' dir='ltr'><strong>λυποῦντος</strong></span> <span class='ocrx_word' id='word_1_397' title='bbox 2886 2859 3120 2924; x_wconf 76' lang='grc' dir='ltr'><strong>ἕκαστος</strong></span> <span class='ocrx_word' id='word_1_398' title='bbox 3152 2861 3567 2933; x_wconf 82' lang='grc' dir='ltr'><strong>ἀπηλλάττετο·</strong></span> <span class='ocrx_word' id='word_1_399' title='bbox 3610 2864 3738 2926; x_wconf 86' lang='grc' dir='ltr'><strong>ὅσοις</strong></span> <span class='ocrx_word' id='word_1_400' title='bbox 3771 2862 3813 2916; x_wconf 79' lang='grc' dir='ltr'><strong>δὲ</strong></span> 
     </span>
    </p>
   </div>
   <div class='ocr_carea' id='block_1_54' title="bbox 586 2945 2176 3030">
    <p class='ocr_par' dir='ltr' id='par_1_54' title="bbox 586 2945 2169 3022">
     <span class='ocr_line' id='line_1_54' title="bbox 586 2945 2169 3022; baseline -0.008 -13"><span class='ocrx_word' id='word_1_401' title='bbox 586 2955 884 3022; x_wconf 87' lang='lat' dir='ltr'><strong>oblatoque</strong></span> <span class='ocrx_word' id='word_1_402' title='bbox 945 2950 1342 3021; x_wconf 83' lang='lat' dir='ltr'><strong>thymiamate,</strong></span> <span class='ocrx_word' id='word_1_403' title='bbox 1408 2948 1503 3002; x_wconf 86' lang='lat' dir='ltr'><strong>Dei</strong></span> <span class='ocrx_word' id='word_1_404' title='bbox 1567 2963 1667 3018; x_wconf 89' lang='lat' dir='ltr'><strong>per</strong></span> <span class='ocrx_word' id='word_1_405' title='bbox 1722 2945 2169 3002; x_wconf 87' lang='lat' dir='ltr'><strong>intercessionem</strong></span> 
     </span>
    </p>
   </div>
   <div class='ocr_carea' id='block_1_55' title="bbox 2223 2945 3813 3030">
    <p class='ocr_par' dir='ltr' id='par_1_55' title="bbox 2273 2952 3813 3030">
     <span class='ocr_line' id='line_1_55' title="bbox 2273 2952 3813 3030; baseline -0.005 -18"><span class='ocrx_word' id='word_1_406' title='bbox 2273 2958 2368 3013; x_wconf 79' lang='grc' dir='ltr'><strong>τοῦ</strong></span> <span class='ocrx_word' id='word_1_407' title='bbox 2393 2958 2492 3029; x_wconf 82' lang='grc' dir='ltr'><strong>μὲν</strong></span> <span class='ocrx_word' id='word_1_408' title='bbox 2505 2957 2847 3028; x_wconf 78' lang='grc' dir='ltr'><strong>ἀρκοῦντοςή</strong></span> <span class='ocrx_word' id='word_1_409' title='bbox 2868 2953 2997 3030; x_wconf 65' lang='grc' dir='ltr'><strong>χεὶρ</strong></span> <span class='ocrx_word' id='word_1_410' title='bbox 3021 2952 3204 3006; x_wconf 84' lang='grc' dir='ltr'><strong>ἐλαίου</strong></span> <span class='ocrx_word' id='word_1_411' title='bbox 3237 2953 3463 3024; x_wconf 76' lang='grc' dir='ltr'><strong>ἠπόρει,</strong></span> <span class='ocrx_word' id='word_1_412' title='bbox 3501 2954 3665 3026; x_wconf 82' lang='grc' dir='ltr'><strong>βραχὺ</strong></span> <span class='ocrx_word' id='word_1_413' title='bbox 3695 2953 3742 3006; x_wconf 80' lang='grc' dir='ltr'><strong>δέ</strong></span> <span class='ocrx_word' id='word_1_414' title='bbox 3773 2968 3813 3005; x_wconf 76' lang='grc' dir='ltr'><strong>τι</strong></span> 
     </span>
    </p>
   </div>
   <div class='ocr_carea' id='block_1_56' title="bbox 588 3036 2178 3117">
    <p class='ocr_par' dir='ltr' id='par_1_56' title="bbox 588 3036 2171 3113">
     <span class='ocr_line' id='line_1_56' title="bbox 588 3036 2171 3113; baseline -0.006 -14"><span class='ocrx_word' id='word_1_415' title='bbox 588 3044 775 3100; x_wconf 84' lang='lat' dir='ltr'><strong>famuli</strong></span> <span class='ocrx_word' id='word_1_416' title='bbox 794 3043 914 3113; x_wconf 85' lang='lat' dir='ltr'><strong>ejus</strong></span> <span class='ocrx_word' id='word_1_417' title='bbox 934 3056 1091 3110; x_wconf 89' lang='lat' dir='ltr'><strong>opem</strong></span> <span class='ocrx_word' id='word_1_418' title='bbox 1115 3040 1439 3110; x_wconf 86' lang='lat' dir='ltr'><strong>poscebant.</strong></span> <span class='ocrx_word' id='word_1_419' title='bbox 1465 3049 1522 3094; x_wconf 89' lang='lat' dir='ltr'><strong>et</strong></span> <span class='ocrx_word' id='word_1_420' title='bbox 1546 3038 1834 3093; x_wconf 86' lang='lat' dir='ltr'><strong>doloribus</strong></span> <span class='ocrx_word' id='word_1_421' title='bbox 1852 3036 2171 3092; x_wconf 85' lang='lat' dir='ltr'><strong>eximeban-</strong></span> 
     </span>
    </p>
   </div>
   <div class='ocr_carea' id='block_1_57' title="bbox 2219 3036 3809 3117">
    <p class='ocr_par' dir='ltr' id='par_1_57' title="bbox 2219 3042 3809 3117">
     <span class='ocr_line' id='line_1_57' title="bbox 2219 3042 3809 3117; baseline -0.003 -18"><span class='ocrx_word' id='word_1_422' title='bbox 2219 3091 2236 3112; x_wconf 55' lang='grc' dir='ltr'><strong>η</strong></span> <span class='ocrx_word' id='word_1_423' title='bbox 2273 3047 2585 3117; x_wconf 80' lang='grc' dir='ltr'><strong>πορίζοντες</strong></span> <span class='ocrx_word' id='word_1_424' title='bbox 2635 3045 2867 3109; x_wconf 82' lang='grc' dir='ltr'><strong>ἑαυτοῖς,</strong></span> <span class='ocrx_word' id='word_1_425' title='bbox 2898 3042 3121 3115; x_wconf 82' lang='grc' dir='ltr'><strong>λυχνίαν</strong></span> <span class='ocrx_word' id='word_1_426' title='bbox 3154 3043 3243 3097; x_wconf 86' lang='grc' dir='ltr'><strong>ἐπ’</strong></span> <span class='ocrx_word' id='word_1_427' title='bbox 3275 3044 3510 3115; x_wconf 85' lang='grc' dir='ltr'><strong>ὀνόματι</strong></span> <span class='ocrx_word' id='word_1_428' title='bbox 3532 3044 3621 3099; x_wconf 84' lang='grc' dir='ltr'><strong>τοῦ</strong></span> <span class='ocrx_word' id='word_1_429' title='bbox 3664 3044 3809 3112; x_wconf 78' lang='grc' dir='ltr'><strong>’Δγίου</strong></span> 
     </span>
    </p>
   </div>
   <div class='ocr_carea' id='block_1_58' title="bbox 588 3091 2178 3213">
    <p class='ocr_par' dir='ltr' id='par_1_58' title="bbox 588 3091 2168 3201">
     <span class='ocr_line' id='line_1_58' title="bbox 588 3091 2168 3201; baseline -0.006 -12"><span class='ocrx_word' id='word_1_430' title='bbox 588 3146 698 3189; x_wconf 89' lang='lat' dir='ltr'><strong>tur.</strong></span> <span class='ocrx_word' id='word_1_431' title='bbox 738 3091 1021 3201; x_wconf 58' lang='lat' dir='ltr'><strong>Qubtqudt</strong></span> <span class='ocrx_word' id='word_1_432' title='bbox 1046 3091 1178 3186; x_wconf 48' lang='lat' dir='ltr'><strong>veio</strong></span> <span class='ocrx_word' id='word_1_433' title='bbox 1204 3130 1312 3184; x_wconf 87' lang='lat' dir='ltr'><strong>olei</strong></span> <span class='ocrx_word' id='word_1_434' title='bbox 1349 3129 1675 3184; x_wconf 88' lang='lat' dir='ltr'><strong>laborabant</strong></span> <span class='ocrx_word' id='word_1_435' title='bbox 1702 3127 2168 3198; x_wconf 48' lang='lat' dir='ltr'><strong>penuria,:tantil-</strong></span> 
     </span>
    </p>
   </div>
   <div class='ocr_carea' id='block_1_59' title="bbox 2217 3091 3807 3213">
    <p class='ocr_par' dir='ltr' id='par_1_59' title="bbox 2217 3091 3807 3213">
     <span class='ocr_line' id='line_1_59' title="bbox 2217 3091 3807 3213; baseline -0.013 -5"><span class='ocrx_word' id='word_1_436' title='bbox 2217 3091 2237 3147; x_wconf 57' lang='lat'>3</span> <span class='ocrx_word' id='word_1_437' title='bbox 2271 3091 2462 3213; x_wconf 48' lang='grc' dir='ltr'><strong>ἦπζοῑι,</strong></span> <span class='ocrx_word' id='word_1_438' title='bbox 2502 3091 2584 3201; x_wconf 65' lang='grc' dir='ltr'><strong>εῑξ</strong></span> <span class='ocrx_word' id='word_1_439' title='bbox 2605 3138 2796 3209; x_wconf 72' lang='grc' dir='ltr'><strong>τρίτην</strong></span> <span class='ocrx_word' id='word_1_440' title='bbox 2823 3091 2950 3205; x_wconf 53' lang='grc' dir='ltr'><strong>ἑξῆς</strong></span> <span class='ocrx_word' id='word_1_441' title='bbox 2967 3091 3215 3207; x_wconf 41' lang='grc' dir='ltr'><strong>ᾝμέραν,</strong></span> <span class='ocrx_word' id='word_1_442' title='bbox 3240 3134 3273 3206; x_wconf 79' lang='grc' dir='ltr'>ἢ</span> <span class='ocrx_word' id='word_1_443' title='bbox 3300 3091 3413 3190; x_wconf 53' lang='grc' dir='ltr'><strong>καῖ</strong></span> <span class='ocrx_word' id='word_1_444' title='bbox 3427 3139 3686 3209; x_wconf 83' lang='grc' dir='ltr'><strong>τετάρτην</strong></span> <span class='ocrx_word' id='word_1_445' title='bbox 3702 3091 3807 3205; x_wconf 55' lang='grc' dir='ltr'><strong>αὐτῇ</strong></span> 
     </span>
    </p>
   </div>
   <div class='ocr_carea' id='block_1_60' title="bbox 586 3218 2176 3299">
    <p class='ocr_par' dir='ltr' id='par_1_60' title="bbox 586 3218 2163 3295">
     <span class='ocr_line' id='line_1_60' title="bbox 586 3218 2163 3295; baseline -0.004 -14"><span class='ocrx_word' id='word_1_446' title='bbox 586 3227 702 3281; x_wconf 93' lang='lat' dir='ltr'><strong>lum</strong></span> <span class='ocrx_word' id='word_1_447' title='bbox 726 3224 859 3295; x_wconf 91' lang='lat' dir='ltr'><strong>quid</strong></span> <span class='ocrx_word' id='word_1_448' title='bbox 884 3223 989 3278; x_wconf 85' lang='lat' dir='ltr'><strong>sibi</strong></span> <span class='ocrx_word' id='word_1_449' title='bbox 1013 3228 1419 3292; x_wconf 80' lang='lat' dir='ltr'><strong>comparantes,</strong></span> <span class='ocrx_word' id='word_1_450' title='bbox 1446 3220 1825 3276; x_wconf 85' lang='lat' dir='ltr'><strong>accendebant</strong></span> <span class='ocrx_word' id='word_1_451' title='bbox 1857 3218 2163 3289; x_wconf 84' lang='lat' dir='ltr'><strong>lampadem</strong></span> 
     </span>
    </p>
   </div>
   <div class='ocr_carea' id='block_1_61' title="bbox 2215 3218 3805 3299">
    <p class='ocr_par' dir='ltr' id='par_1_61' title="bbox 2262 3226 3805 3299">
     <span class='ocr_line' id='line_1_61' title="bbox 2262 3226 3805 3299; baseline -0.006 -12"><span class='ocrx_word' id='word_1_452' title='bbox 2262 3233 2342 3287; x_wconf 66' lang='grc' dir='ltr'><strong>-τᾶι</strong></span> <span class='ocrx_word' id='word_1_453' title='bbox 2373 3229 2539 3284; x_wconf 83' lang='grc' dir='ltr'><strong>πολλὰ</strong></span> <span class='ocrx_word' id='word_1_454' title='bbox 2564 3230 2661 3299; x_wconf 85' lang='grc' dir='ltr'><strong>(ὡς</strong></span> <span class='ocrx_word' id='word_1_455' title='bbox 2688 3227 3000 3297; x_wconf 83' lang='grc' dir='ltr'><strong>θαυμαστὸς</strong></span> <span class='ocrx_word' id='word_1_456' title='bbox 3043 3229 3071 3279; x_wconf 88' lang='grc' dir='ltr'>ὁ</span> <span class='ocrx_word' id='word_1_457' title='bbox 3122 3226 3257 3291; x_wconf 85' lang='grc' dir='ltr'><strong>Θεὸς</strong></span> <span class='ocrx_word' id='word_1_458' title='bbox 3289 3229 3486 3293; x_wconf 86' lang='grc' dir='ltr'><strong>ἐντοῖς</strong></span> <span class='ocrx_word' id='word_1_459' title='bbox 3517 3230 3704 3298; x_wconf 77' lang='grc' dir='ltr'><strong>Ἀγίοις</strong></span> <span class='ocrx_word' id='word_1_460' title='bbox 3732 3228 3805 3280; x_wconf 79' lang='grc' dir='ltr'><strong>αὐ-</strong></span> 
     </span>
    </p>
   </div>
   <div class='ocr_carea' id='block_1_62' title="bbox 585 3311 2175 3388">
    <p class='ocr_par' dir='ltr' id='par_1_62' title="bbox 585 3311 2167 3382">
     <span class='ocr_line' id='line_1_62' title="bbox 585 3311 2167 3382; baseline -0.008 -5"><span class='ocrx_word' id='word_1_461' title='bbox 585 3320 645 3377; x_wconf 87' lang='lat' dir='ltr'><strong>in</strong></span> <span class='ocrx_word' id='word_1_462' title='bbox 673 3318 851 3376; x_wconf 83' lang='lat' dir='ltr'><strong>sancti</strong></span> <span class='ocrx_word' id='word_1_463' title='bbox 882 3315 1128 3381; x_wconf 85' lang='lat' dir='ltr'><strong>nomine,</strong></span> <span class='ocrx_word' id='word_1_464' title='bbox 1162 3322 1218 3369; x_wconf 91' lang='lat' dir='ltr'><strong>et</strong></span> <span class='ocrx_word' id='word_1_465' title='bbox 1238 3314 1433 3369; x_wconf 83' lang='lat' dir='ltr'><strong>triduo</strong></span> <span class='ocrx_word' id='word_1_466' title='bbox 1468 3312 1832 3382; x_wconf 88' lang='lat' dir='ltr'><strong>consequenti</strong></span> <span class='ocrx_word' id='word_1_467' title='bbox 1879 3319 1975 3366; x_wconf 87' lang='lat' dir='ltr'><strong>aut</strong></span> <span class='ocrx_word' id='word_1_468' title='bbox 1998 3311 2167 3366; x_wconf 88' lang='lat' dir='ltr'><strong>etiam</strong></span> 
     </span>
    </p>
   </div>
   <div class='ocr_carea' id='block_1_63' title="bbox 2217 3311 3807 3388">
    <p class='ocr_par' dir='ltr' id='par_1_63' title="bbox 2273 3315 3807 3388">
     <span class='ocr_line' id='line_1_63' title="bbox 2273 3315 3807 3388; baseline -0.006 -13"><span class='ocrx_word' id='word_1_469' title='bbox 2273 3321 2367 3375; x_wconf 83' lang='grc' dir='ltr'><strong>τοῦ</strong></span> <span class='ocrx_word' id='word_1_470' title='bbox 2392 3318 2447 3388; x_wconf 81' lang='grc' dir='ltr'><strong>ι)</strong></span> <span class='ocrx_word' id='word_1_471' title='bbox 2479 3318 2540 3371; x_wconf 76' lang='grc' dir='ltr'><strong>τὸ</strong></span> <span class='ocrx_word' id='word_1_472' title='bbox 2567 3317 2682 3387; x_wconf 84' lang='grc' dir='ltr'><strong>φῶς</strong></span> <span class='ocrx_word' id='word_1_473' title='bbox 2717 3318 2818 3369; x_wconf 82' lang='grc' dir='ltr'><strong>οὐκ</strong></span> <span class='ocrx_word' id='word_1_474' title='bbox 2848 3315 3154 3368; x_wconf 76' lang='grc' dir='ltr'><strong>ἐσϐέννυτοο</strong></span> <span class='ocrx_word' id='word_1_475' title='bbox 3187 3315 3329 3386; x_wconf 81' lang='grc' dir='ltr'><strong>ἆπερ</strong></span> <span class='ocrx_word' id='word_1_476' title='bbox 3347 3317 3397 3370; x_wconf 88' lang='grc' dir='ltr'><strong>οί</strong></span> <span class='ocrx_word' id='word_1_477' title='bbox 3422 3319 3535 3372; x_wconf 84' lang='grc' dir='ltr'><strong>τῶν</strong></span> <span class='ocrx_word' id='word_1_478' title='bbox 3558 3315 3807 3388; x_wconf 73' lang='grc' dir='ltr'><strong>θαυμάτων</strong></span> 
     </span>
    </p>
   </div>
   <div class='ocr_carea' id='block_1_64' title="bbox 584 3404 2174 3484">
    <p class='ocr_par' dir='ltr' id='par_1_64' title="bbox 584 3404 2167 3484">
     <span class='ocr_line' id='line_1_64' title="bbox 584 3404 2167 3484; baseline -0.006 -15"><span class='ocrx_word' id='word_1_479' title='bbox 584 3412 882 3484; x_wconf 88' lang='lat' dir='ltr'><strong>quatriduo</strong></span> <span class='ocrx_word' id='word_1_480' title='bbox 914 3413 1242 3481; x_wconf 86' lang='lat' dir='ltr'><strong>plerumque</strong></span> <span class='ocrx_word' id='word_1_481' title='bbox 1264 3408 1460 3479; x_wconf 85' lang='lat' dir='ltr'><strong>(quam</strong></span> <span class='ocrx_word' id='word_1_482' title='bbox 1497 3405 1846 3461; x_wconf 85' lang='lat' dir='ltr'><strong>admirabilis</strong></span> <span class='ocrx_word' id='word_1_483' title='bbox 1872 3405 1933 3459; x_wconf 88' lang='lat' dir='ltr'><strong>in</strong></span> <span class='ocrx_word' id='word_1_484' title='bbox 1961 3404 2167 3460; x_wconf 84' lang='lat' dir='ltr'><strong>sanctis</strong></span> 
     </span>
    </p>
   </div>
   <div class='ocr_carea' id='block_1_65' title="bbox 2216 3404 3806 3484">
    <p class='ocr_par' dir='ltr' id='par_1_65' title="bbox 2274 3408 3806 3481">
     <span class='ocr_line' id='line_1_65' title="bbox 2274 3408 3806 3481; baseline -0.005 -12"><span class='ocrx_word' id='word_1_485' title='bbox 2274 3413 2637 3474; x_wconf 85' lang='grc' dir='ltr'><strong>ἀπολαύοντες</strong></span> <span class='ocrx_word' id='word_1_486' title='bbox 2669 3409 2897 3475; x_wconf 87' lang='grc' dir='ltr'><strong>τούτων,</strong></span> <span class='ocrx_word' id='word_1_487' title='bbox 2938 3410 3088 3480; x_wconf 75' lang='grc' dir='ltr'><strong>παρὰ</strong></span> <span class='ocrx_word' id='word_1_488' title='bbox 3125 3411 3218 3464; x_wconf 84' lang='grc' dir='ltr'><strong>τὸν</strong></span> <span class='ocrx_word' id='word_1_489' title='bbox 3258 3410 3454 3481; x_wconf 80' lang='grc' dir='ltr'><strong>’Δγιον</strong></span> <span class='ocrx_word' id='word_1_490' title='bbox 3487 3409 3642 3477; x_wconf 75' lang='grc' dir='ltr'><strong>εὐθὺς</strong></span> <span class='ocrx_word' id='word_1_491' title='bbox 3667 3408 3806 3463; x_wconf 80' lang='grc' dir='ltr'><strong>ἀνιόν-</strong></span> 
     </span>
    </p>
   </div>
   <div class='ocr_carea' id='block_1_66' title="bbox 584 3494 2174 3576">
    <p class='ocr_par' dir='ltr' id='par_1_66' title="bbox 584 3494 2166 3569">
     <span class='ocr_line' id='line_1_66' title="bbox 584 3494 2166 3569; baseline -0.005 -12"><span class='ocrx_word' id='word_1_492' title='bbox 584 3503 702 3558; x_wconf 87' lang='lat' dir='ltr'><strong>suis</strong></span> <span class='ocrx_word' id='word_1_493' title='bbox 729 3502 929 3569; x_wconf 88' lang='lat' dir='ltr'><strong>Deusl)</strong></span> <span class='ocrx_word' id='word_1_494' title='bbox 952 3500 1147 3555; x_wconf 86' lang='lat' dir='ltr'><strong>lumen</strong></span> <span class='ocrx_word' id='word_1_495' title='bbox 1193 3513 1304 3553; x_wconf 92' lang='lat' dir='ltr'><strong>non</strong></span> <span class='ocrx_word' id='word_1_496' title='bbox 1333 3494 1830 3566; x_wconf 80' lang='lat' dir='ltr'><strong>exstinguebatur:</strong></span> <span class='ocrx_word' id='word_1_497' title='bbox 1866 3496 2013 3566; x_wconf 90' lang='lat' dir='ltr'><strong>quod</strong></span> <span class='ocrx_word' id='word_1_498' title='bbox 2044 3495 2166 3549; x_wconf 14' lang='lat' dir='ltr'><strong>rmi-</strong></span> 
     </span>
    </p>
   </div>
   <div class='ocr_carea' id='block_1_67' title="bbox 1152 3494 2742 3576">
    <p class='ocr_par' dir='ltr' id='par_1_67' title="bbox 1193 3494 2742 3576">
     <span class='ocr_line' id='line_1_67' title="bbox 1193 3494 2742 3576; baseline 0 -25"><span class='ocrx_word' id='word_1_499' title='bbox 1193 3513 1304 3553; x_wconf 92' lang='lat' dir='ltr'><strong>non</strong></span> <span class='ocrx_word' id='word_1_500' title='bbox 1333 3494 1830 3566; x_wconf 80' lang='lat' dir='ltr'><strong>exstinguebatur:</strong></span> <span class='ocrx_word' id='word_1_501' title='bbox 1866 3496 2013 3566; x_wconf 90' lang='lat' dir='ltr'><strong>quod</strong></span> <span class='ocrx_word' id='word_1_502' title='bbox 2044 3495 2166 3549; x_wconf 14' lang='lat' dir='ltr'><strong>rmi-</strong></span> <span class='ocrx_word' id='word_1_503' title='bbox 2262 3524 2361 3572; x_wconf 59' lang='grc' dir='ltr'><strong>τες</strong></span> <span class='ocrx_word' id='word_1_504' title='bbox 2383 3502 2742 3576; x_wconf 80' lang='grc' dir='ltr'><strong>ἀπήγγελλον.</strong></span> 
     </span>
    </p>
   </div>
   <div class='ocr_carea' id='block_1_68' title="bbox 586 3586 2159 3659">
    <p class='ocr_par' dir='ltr' id='par_1_68' title="bbox 586 3586 2159 3659">
     <span class='ocr_line' id='line_1_68' title="bbox 586 3586 2159 3659; baseline -0.006 -9"><span class='ocrx_word' id='word_1_505' title='bbox 586 3595 900 3650; x_wconf 85' lang='lat' dir='ltr'><strong>raculosum</strong></span> <span class='ocrx_word' id='word_1_506' title='bbox 943 3590 1271 3647; x_wconf 86' lang='lat' dir='ltr'><strong>beneﬁcium</strong></span> <span class='ocrx_word' id='word_1_507' title='bbox 1292 3587 1576 3657; x_wconf 86' lang='lat' dir='ltr'><strong>ii,quihus</strong></span> <span class='ocrx_word' id='word_1_508' title='bbox 1612 3587 1910 3659; x_wconf 80' lang='lat' dir='ltr'><strong>obtigerat,</strong></span> <span class='ocrx_word' id='word_1_509' title='bbox 1940 3586 2008 3643; x_wconf 90' lang='lat' dir='ltr'><strong>ad</strong></span> <span class='ocrx_word' id='word_1_510' title='bbox 2032 3601 2159 3642; x_wconf 77' lang='lat' dir='ltr'><strong>san-</strong></span> 
     </span>
    </p>
   </div>
   <div class='ocr_carea' id='block_1_69' title="bbox 584 3680 1671 3749">
    <p class='ocr_par' dir='ltr' id='par_1_69' title="bbox 584 3680 1671 3749">
     <span class='ocr_line' id='line_1_69' title="bbox 584 3680 1671 3749; baseline -0.007 -8"><span class='ocrx_word' id='word_1_511' title='bbox 584 3696 733 3741; x_wconf 89' lang='lat' dir='ltr'><strong>ctum</strong></span> <span class='ocrx_word' id='word_1_512' title='bbox 768 3703 892 3743; x_wconf 85' lang='lat' dir='ltr'><strong>mox</strong></span> <span class='ocrx_word' id='word_1_513' title='bbox 922 3685 1213 3749; x_wconf 86' lang='lat' dir='ltr'><strong>abeuntes,</strong></span> <span class='ocrx_word' id='word_1_514' title='bbox 1244 3680 1671 3736; x_wconf 87' lang='lat' dir='ltr'><strong>annuntiabant.</strong></span> 
     </span>
    </p>
   </div>
   <div class='ocr_carea' id='block_1_70' title="bbox 2032 3791 2361 3851">
    <p class='ocr_par' dir='ltr' id='par_1_70' title="bbox 2032 3791 2361 3851">
     <span class='ocr_line' id='line_1_70' title="bbox 2032 3791 2361 3851; baseline -0.015 0"><span class='ocrx_word' id='word_1_515' title='bbox 2032 3794 2257 3851; x_wconf 81' lang='lat' dir='ltr'><strong>CAPUT</strong></span> <span class='ocrx_word' id='word_1_516' title='bbox 2294 3791 2361 3847; x_wconf 78' lang='grc' dir='ltr'><strong>Χ.</strong></span> 
     </span>
    </p>
   </div>
   <div class='ocr_carea' id='block_1_71' title="bbox 795 3904 3620 3987">
    <p class='ocr_par' dir='ltr' id='par_1_71' title="bbox 795 3904 3620 3987">
     <span class='ocr_line' id='line_1_71' title="bbox 795 3904 3620 3987; baseline -0.006 -12"><span class='ocrx_word' id='word_1_517' title='bbox 795 3920 1166 3975; x_wconf 74' lang='grc' dir='ltr'><strong>Ρνωᾶἱαιὶοηεδ</strong></span> <span class='ocrx_word' id='word_1_518' title='bbox 1196 3916 1610 3987; x_wconf 77' lang='lat' dir='ltr'><strong>variw;inﬁrmi</strong></span> <span class='ocrx_word' id='word_1_519' title='bbox 1642 3916 1705 3971; x_wconf 90' lang='lat' dir='ltr'><strong>ab</strong></span> <span class='ocrx_word' id='word_1_520' title='bbox 1729 3914 1929 3987; x_wconf 74' lang='lat' dir='ltr'><strong>angelis</strong></span> <span class='ocrx_word' id='word_1_521' title='bbox 1958 3914 2028 3968; x_wconf 86' lang='lat' dir='ltr'><strong>ad</strong></span> <span class='ocrx_word' id='word_1_522' title='bbox 2064 3922 2305 3967; x_wconf 81' lang='lat' dir='ltr'><strong>sanctum</strong></span> <span class='ocrx_word' id='word_1_523' title='bbox 2331 3909 2638 3980; x_wconf 81' lang='lat' dir='ltr'><strong>Symeonem</strong></span> <span class='ocrx_word' id='word_1_524' title='bbox 2672 3905 2815 3960; x_wconf 83' lang='lat' dir='ltr'><strong>missi</strong></span> <span class='ocrx_word' id='word_1_525' title='bbox 2832 3921 2857 3970; x_wconf 79' lang='grc'><strong>,;</strong></span> <span class='ocrx_word' id='word_1_526' title='bbox 2876 3904 3249 3959; x_wconf 80' lang='lat' dir='ltr'><strong>misericordia</strong></span> <span class='ocrx_word' id='word_1_527' title='bbox 3262 3906 3317 3958; x_wconf 85' lang='lat' dir='ltr'><strong>in</strong></span> <span class='ocrx_word' id='word_1_528' title='bbox 3347 3921 3620 3978; x_wconf 73' lang='lat' dir='ltr'><strong>pauperes.</strong></span> 
     </span>
    </p>
   </div>
   <div class='ocr_carea' id='block_1_72' title="bbox 654 4016 2244 4102">
    <p class='ocr_par' dir='ltr' id='par_1_72' title="bbox 654 4028 2163 4102">
     <span class='ocr_line' id='line_1_72' title="bbox 654 4028 2163 4102; baseline -0.004 -14"><span class='ocrx_word' id='word_1_529' title='bbox 654 4036 741 4089; x_wconf 80' lang='lat'><strong>73.</strong></span> <span class='ocrx_word' id='word_1_530' title='bbox 779 4031 1109 4089; x_wconf 83' lang='lat' dir='ltr'><strong>Convocatis</strong></span> <span class='ocrx_word' id='word_1_531' title='bbox 1138 4031 1436 4102; x_wconf 87' lang='lat' dir='ltr'><strong>aliquando</strong></span> <span class='ocrx_word' id='word_1_532' title='bbox 1473 4032 1579 4087; x_wconf 88' lang='lat' dir='ltr'><strong>sub</strong></span> <span class='ocrx_word' id='word_1_533' title='bbox 1605 4030 1837 4102; x_wconf 84' lang='lat' dir='ltr'><strong>hymnos</strong></span> <span class='ocrx_word' id='word_1_534' title='bbox 1863 4028 2163 4084; x_wconf 86' lang='lat' dir='ltr'><strong>matutinos</strong></span> 
     </span>
    </p>
   </div>
   <div class='ocr_carea' id='block_1_73' title="bbox 2208 4016 3798 4102">
    <p class='ocr_par' dir='ltr' id='par_1_73' title="bbox 2334 4016 3798 4092">
     <span class='ocr_line' id='line_1_73' title="bbox 2334 4016 3798 4092; baseline 0 -15"><span class='ocrx_word' id='word_1_535' title='bbox 2334 4030 2427 4077; x_wconf 82' lang='lat' dir='ltr'><strong>os&#39;.</strong></span> <span class='ocrx_word' id='word_1_536' title='bbox 2486 4023 2624 4075; x_wconf 84' lang='grc' dir='ltr'><strong>Ποτέ</strong></span> <span class='ocrx_word' id='word_1_537' title='bbox 2676 4020 2805 4088; x_wconf 85' lang='grc' dir='ltr'><strong>γοῦν</strong></span> <span class='ocrx_word' id='word_1_538' title='bbox 2852 4021 2978 4092; x_wconf 78' lang='grc' dir='ltr'><strong>περὶ</strong></span> <span class='ocrx_word' id='word_1_539' title='bbox 3017 4020 3143 4083; x_wconf 73' lang='grc' dir='ltr'><strong>τοὺς</strong></span> <span class='ocrx_word' id='word_1_540' title='bbox 3193 4020 3451 4084; x_wconf 81' lang='grc' dir='ltr'><strong>ἑωθινοὺς</strong></span> <span class='ocrx_word' id='word_1_541' title='bbox 3490 4021 3677 4091; x_wconf 86' lang='grc' dir='ltr'><strong>ὕμνους</strong></span> <span class='ocrx_word' id='word_1_542' title='bbox 3701 4016 3798 4077; x_wconf 61' lang='grc' dir='ltr'><strong>τοὶς</strong></span> 
     </span>
    </p>
   </div>
   <div class='ocr_carea' id='block_1_74' title="bbox 580 4106 2170 4193">
    <p class='ocr_par' dir='ltr' id='par_1_74' title="bbox 580 4118 2157 4193">
     <span class='ocr_line' id='line_1_74' title="bbox 580 4118 2157 4193; baseline -0.005 -13"><span class='ocrx_word' id='word_1_543' title='bbox 580 4125 846 4180; x_wconf 78' lang='lat' dir='ltr'><strong>fratribus</strong></span> <span class='ocrx_word' id='word_1_544' title='bbox 862 4142 876 4178; x_wconf 87' lang='lat'><strong>:</strong></span> <span class='ocrx_word' id='word_1_545' title='bbox 892 4122 1151 4189; x_wconf 90' lang='lat' dir='ltr'><strong>Oremus,</strong></span> <span class='ocrx_word' id='word_1_546' title='bbox 1174 4123 1377 4193; x_wconf 89' lang='lat' dir='ltr'><strong>inquit,</strong></span> <span class='ocrx_word' id='word_1_547' title='bbox 1407 4122 1628 4188; x_wconf 79' lang='lat' dir='ltr'><strong>fratres,</strong></span> <span class='ocrx_word' id='word_1_548' title='bbox 1650 4137 1752 4192; x_wconf 87' lang='lat' dir='ltr'><strong>pro</strong></span> <span class='ocrx_word' id='word_1_549' title='bbox 1773 4118 2017 4176; x_wconf 89' lang='lat' dir='ltr'><strong>Ecclesia</strong></span> <span class='ocrx_word' id='word_1_550' title='bbox 2032 4119 2157 4173; x_wconf 88' lang='lat' dir='ltr'><strong>Dei:</strong></span> 
     </span>
    </p>
   </div>
   <div class='ocr_carea' id='block_1_75' title="bbox 2206 4106 3796 4193">
    <p class='ocr_par' dir='ltr' id='par_1_75' title="bbox 2264 4106 3796 4182">
     <span class='ocr_line' id='line_1_75' title="bbox 2264 4106 3796 4182; baseline -0.007 -13"><span class='ocrx_word' id='word_1_551' title='bbox 2264 4113 2526 4182; x_wconf 71' lang='grc' dir='ltr'><strong>ἀδελφοὺς</strong></span> <span class='ocrx_word' id='word_1_552' title='bbox 2556 4111 2919 4179; x_wconf 77' lang='grc' dir='ltr'><strong>συγκαλέσας·</strong></span> <span class='ocrx_word' id='word_1_553' title='bbox 2968 4112 3012 4164; x_wconf 90' lang='grc' dir='ltr'><em>Π</em></span> <span class='ocrx_word' id='word_1_554' title='bbox 3022 4110 3426 4181; x_wconf 81' lang='grc' dir='ltr'><strong>ροσευξὼμεθα,</strong></span> <span class='ocrx_word' id='word_1_555' title='bbox 3473 4112 3645 4182; x_wconf 81' lang='grc' dir='ltr'><strong>φησὶν,</strong></span> <span class='ocrx_word' id='word_1_556' title='bbox 3677 4106 3796 4162; x_wconf 78' lang='grc' dir='ltr'><strong>ἀδελο</strong></span> 
     </span>
    </p>
   </div>
   <div class='ocr_carea' id='block_1_76' title="bbox 580 4197 2170 4287">
    <p class='ocr_par' dir='ltr' id='par_1_76' title="bbox 580 4212 2160 4287">
     <span class='ocr_line' id='line_1_76' title="bbox 580 4212 2160 4287; baseline -0.005 -16"><span class='ocrx_word' id='word_1_557' title='bbox 580 4216 829 4287; x_wconf 80' lang='lat' dir='ltr'><strong>pontifex</strong></span> <span class='ocrx_word' id='word_1_558' title='bbox 877 4215 1081 4286; x_wconf 89' lang='lat' dir='ltr'><strong>quippe</strong></span> <span class='ocrx_word' id='word_1_559' title='bbox 1113 4214 1265 4269; x_wconf 89' lang='lat' dir='ltr'><strong>illius</strong></span> <span class='ocrx_word' id='word_1_560' title='bbox 1300 4214 1648 4284; x_wconf 73' lang='lat' dir='ltr'><strong>Ephrtemius</strong></span> <span class='ocrx_word' id='word_1_561' title='bbox 1681 4213 1705 4283; x_wconf 94' lang='grc'><strong><em>(</em></strong></span> <span class='ocrx_word' id='word_1_562' title='bbox 1713 4212 1799 4283; x_wconf 90' lang='lat' dir='ltr'><strong>l8)</strong></span> <span class='ocrx_word' id='word_1_563' title='bbox 1840 4225 2160 4282; x_wconf 83' lang='lat' dir='ltr'><strong>supremum</strong></span> 
     </span>
    </p>
   </div>
   <div class='ocr_carea' id='block_1_77' title="bbox 2205 4197 3795 4287">
    <p class='ocr_par' dir='ltr' id='par_1_77' title="bbox 2265 4197 3795 4275">
     <span class='ocr_line' id='line_1_77' title="bbox 2265 4197 3795 4275; baseline -0.005 -16"><span class='ocrx_word' id='word_1_564' title='bbox 2265 4207 2377 4275; x_wconf 76' lang='grc' dir='ltr'><strong>φοὶ,</strong></span> <span class='ocrx_word' id='word_1_565' title='bbox 2424 4206 2553 4275; x_wconf 80' lang='grc' dir='ltr'><strong>περὶ</strong></span> <span class='ocrx_word' id='word_1_566' title='bbox 2594 4204 2690 4274; x_wconf 82' lang='grc' dir='ltr'><strong>τῆς</strong></span> <span class='ocrx_word' id='word_1_567' title='bbox 2740 4202 2834 4256; x_wconf 78' lang='grc' dir='ltr'><strong>τοῦ</strong></span> <span class='ocrx_word' id='word_1_568' title='bbox 2871 4200 3006 4255; x_wconf 81' lang='grc' dir='ltr'><strong>Θεοῦ</strong></span> <span class='ocrx_word' id='word_1_569' title='bbox 3052 4201 3413 4274; x_wconf 80' lang='grc' dir='ltr'><strong>Ἑκκλησίαςο</strong></span> <span class='ocrx_word' id='word_1_570' title='bbox 3451 4203 3626 4273; x_wconf 74' lang='grc' dir='ltr'><strong>μέλλει</strong></span> <span class='ocrx_word' id='word_1_571' title='bbox 3659 4197 3795 4269; x_wconf 79' lang='grc' dir='ltr'><strong>γὰρό</strong></span> 
     </span>
    </p>
   </div>
   <div class='ocr_carea' id='block_1_78' title="bbox 579 4290 2169 4376">
    <p class='ocr_par' dir='ltr' id='par_1_78' title="bbox 579 4302 2163 4376">
     <span class='ocr_line' id='line_1_78' title="bbox 579 4302 2163 4376; baseline -0.004 -15"><span class='ocrx_word' id='word_1_572' title='bbox 579 4308 724 4363; x_wconf 83' lang='lat' dir='ltr'><strong>diem</strong></span> <span class='ocrx_word' id='word_1_573' title='bbox 759 4307 1017 4363; x_wconf 89' lang='lat' dir='ltr'><strong>obiturus</strong></span> <span class='ocrx_word' id='word_1_574' title='bbox 1046 4315 1132 4362; x_wconf 90' lang='lat' dir='ltr'><strong>est</strong></span> <span class='ocrx_word' id='word_1_575' title='bbox 1171 4324 1185 4360; x_wconf 88' lang='lat'><strong>:</strong></span> <span class='ocrx_word' id='word_1_576' title='bbox 1230 4321 1358 4360; x_wconf 89' lang='lat' dir='ltr'><strong>nam</strong></span> <span class='ocrx_word' id='word_1_577' title='bbox 1387 4307 1500 4361; x_wconf 78' lang='lat' dir='ltr'><strong>vidi</strong></span> <span class='ocrx_word' id='word_1_578' title='bbox 1529 4322 1632 4376; x_wconf 88' lang='lat' dir='ltr'><strong>ego</strong></span> <span class='ocrx_word' id='word_1_579' title='bbox 1662 4321 1752 4360; x_wconf 92' lang='lat' dir='ltr'><strong>me</strong></span> <span class='ocrx_word' id='word_1_580' title='bbox 1784 4305 1901 4375; x_wconf 89' lang='lat' dir='ltr'><strong>ipse</strong></span> <span class='ocrx_word' id='word_1_581' title='bbox 1954 4306 2011 4359; x_wconf 91' lang='lat' dir='ltr'><strong>in</strong></span> <span class='ocrx_word' id='word_1_582' title='bbox 2051 4302 2163 4373; x_wconf 79' lang='lat' dir='ltr'><strong>spi-</strong></span> 
     </span>
    </p>
   </div>
   <div class='ocr_carea' id='block_1_79' title="bbox 2203 4290 3793 4376">
    <p class='ocr_par' dir='ltr' id='par_1_79' title="bbox 2262 4290 3793 4367">
     <span class='ocr_line' id='line_1_79' title="bbox 2262 4290 3793 4367; baseline -0.005 -18"><span class='ocrx_word' id='word_1_583' title='bbox 2262 4295 2467 4366; x_wconf 87' lang='grc' dir='ltr'><strong>ταύτης</strong></span> <span class='ocrx_word' id='word_1_584' title='bbox 2510 4294 2803 4367; x_wconf 80' lang='grc' dir='ltr'><strong>ἀρχιερεὺς</strong></span> <span class='ocrx_word' id='word_1_585' title='bbox 2871 4294 3193 4363; x_wconf 64' lang='grc' dir='ltr'><strong>Ἐιρραίμιος</strong></span> <span class='ocrx_word' id='word_1_586' title='bbox 3268 4295 3561 4350; x_wconf 78' lang='grc' dir='ltr'><strong>καταλύειν</strong></span> <span class='ocrx_word' id='word_1_587' title='bbox 3604 4294 3693 4365; x_wconf 64' lang='grc' dir='ltr'><strong>ἤδη</strong></span> <span class='ocrx_word' id='word_1_588' title='bbox 3725 4290 3793 4343; x_wconf 71' lang='grc' dir='ltr'><strong>τὸν</strong></span> 
     </span>
    </p>
   </div>
   <div class='ocr_carea' id='block_1_80' title="bbox 578 4381 2168 4489">
    <p class='ocr_par' dir='ltr' id='par_1_80' title="bbox 578 4397 2159 4468">
     <span class='ocr_line' id='line_1_80' title="bbox 578 4397 2159 4468; baseline -0.003 -15"><span class='ocrx_word' id='word_1_589' title='bbox 578 4400 689 4454; x_wconf 88' lang='lat' dir='ltr'><strong>ritu</strong></span> <span class='ocrx_word' id='word_1_590' title='bbox 737 4407 972 4453; x_wconf 89' lang='lat' dir='ltr'><strong>stantem</strong></span> <span class='ocrx_word' id='word_1_591' title='bbox 1017 4397 1085 4451; x_wconf 90' lang='lat' dir='ltr'><strong>ad</strong></span> <span class='ocrx_word' id='word_1_592' title='bbox 1117 4405 1282 4466; x_wconf 89' lang='lat' dir='ltr'><strong>caput</strong></span> <span class='ocrx_word' id='word_1_593' title='bbox 1314 4399 1464 4462; x_wconf 87' lang='lat' dir='ltr'><strong>lecti,</strong></span> <span class='ocrx_word' id='word_1_594' title='bbox 1500 4413 1611 4468; x_wconf 91' lang='lat' dir='ltr'><strong>quo</strong></span> <span class='ocrx_word' id='word_1_595' title='bbox 1640 4397 1976 4453; x_wconf 83' lang='lat' dir='ltr'><strong>decumbere</strong></span> <span class='ocrx_word' id='word_1_596' title='bbox 2024 4411 2159 4451; x_wconf 83' lang='lat' dir='ltr'><strong>oon-</strong></span> 
     </span>
    </p>
   </div>
   <div class='ocr_carea' id='block_1_81' title="bbox 2200 4381 3790 4489">
    <p class='ocr_par' dir='ltr' id='par_1_81' title="bbox 2200 4381 3790 4489">
     <span class='ocr_line' id='line_1_81' title="bbox 2200 4381 3790 4489; baseline -0.003 -51"><span class='ocrx_word' id='word_1_597' title='bbox 2200 4433 2236 4489; x_wconf 78' lang='lat' dir='ltr'><strong>D</strong></span> <span class='ocrx_word' id='word_1_598' title='bbox 2270 4386 2401 4456; x_wconf 86' lang='grc' dir='ltr'><strong>βίον.</strong></span> <span class='ocrx_word' id='word_1_599' title='bbox 2432 4384 2684 4455; x_wconf 73' lang='grc' dir='ltr'><strong>Ἑώρακα</strong></span> <span class='ocrx_word' id='word_1_600' title='bbox 2714 4384 2822 4454; x_wconf 84' lang='grc' dir='ltr'><strong>γὰρ</strong></span> <span class='ocrx_word' id='word_1_601' title='bbox 2858 4384 3094 4455; x_wconf 80' lang='grc' dir='ltr'><strong>ἐμαυτὸν</strong></span> <span class='ocrx_word' id='word_1_602' title='bbox 3128 4386 3185 4437; x_wconf 87' lang='grc' dir='ltr'><strong>ἐν</strong></span> <span class='ocrx_word' id='word_1_603' title='bbox 3204 4388 3271 4457; x_wconf 80' lang='grc' dir='ltr'><strong>τῇ</strong></span> <span class='ocrx_word' id='word_1_604' title='bbox 3298 4386 3631 4456; x_wconf 86' lang='grc' dir='ltr'><strong>δυνάμειτοῦ</strong></span> <span class='ocrx_word' id='word_1_605' title='bbox 3654 4381 3790 4438; x_wconf 85' lang='grc' dir='ltr'><strong>Πνεύ-</strong></span> 
     </span>
    </p>
   </div>
   <div class='ocr_carea' id='block_1_82' title="bbox 578 4471 2168 4558">
    <p class='ocr_par' dir='ltr' id='par_1_82' title="bbox 578 4485 2151 4558">
     <span class='ocr_line' id='line_1_82' title="bbox 578 4485 2151 4558; baseline -0.001 -16"><span class='ocrx_word' id='word_1_606' title='bbox 578 4488 792 4552; x_wconf 88' lang='lat' dir='ltr'><strong>suevit;</strong></span> <span class='ocrx_word' id='word_1_607' title='bbox 814 4502 878 4541; x_wconf 91' lang='lat' dir='ltr'><strong>ac</strong></span> <span class='ocrx_word' id='word_1_608' title='bbox 904 4485 1016 4540; x_wconf 78' lang='lat' dir='ltr'><strong>dixi</strong></span> <span class='ocrx_word' id='word_1_609' title='bbox 1047 4502 1065 4558; x_wconf 62' lang='grc' dir='ltr'><strong>ι</strong></span> <span class='ocrx_word' id='word_1_610' title='bbox 1092 4485 1183 4540; x_wconf 69' lang='grc' dir='ltr'><strong>ναι</strong></span> <span class='ocrx_word' id='word_1_611' title='bbox 1215 4485 1338 4540; x_wconf 91' lang='lat' dir='ltr'><strong>urbi</strong></span> <span class='ocrx_word' id='word_1_612' title='bbox 1375 4485 1486 4552; x_wconf 86' lang='lat' dir='ltr'><strong>isti,</strong></span> <span class='ocrx_word' id='word_1_613' title='bbox 1519 4485 1780 4542; x_wconf 87' lang='lat' dir='ltr'><strong>defuncto</strong></span> <span class='ocrx_word' id='word_1_614' title='bbox 1813 4485 2151 4555; x_wconf 69' lang='lat' dir='ltr'><strong>Ephrazmiol</strong></span> 
     </span>
    </p>
   </div>
   <div class='ocr_carea' id='block_1_83' title="bbox 2201 4471 3791 4558">
    <p class='ocr_par' dir='ltr' id='par_1_83' title="bbox 2201 4471 3791 4555">
     <span class='ocr_line' id='line_1_83' title="bbox 2201 4471 3791 4555; baseline -0.004 -26"><span class='ocrx_word' id='word_1_615' title='bbox 2201 4471 2234 4489; x_wconf 73' lang='lat'><strong>&quot;</strong></span> <span class='ocrx_word' id='word_1_616' title='bbox 2270 4492 2437 4544; x_wconf 86' lang='grc' dir='ltr'><strong>ματος</strong></span> <span class='ocrx_word' id='word_1_617' title='bbox 2467 4475 2674 4528; x_wconf 78' lang='grc' dir='ltr'><strong>ἑστῶτα</strong></span> <span class='ocrx_word' id='word_1_618' title='bbox 2711 4474 2846 4544; x_wconf 76' lang='grc' dir='ltr'><strong>πρὸς</strong></span> <span class='ocrx_word' id='word_1_619' title='bbox 2882 4474 3089 4546; x_wconf 83' lang='grc' dir='ltr'><strong>κεφαλῇ</strong></span> <span class='ocrx_word' id='word_1_620' title='bbox 3111 4476 3211 4546; x_wconf 85' lang='grc' dir='ltr'><strong>τῆς</strong></span> <span class='ocrx_word' id='word_1_621' title='bbox 3236 4475 3446 4548; x_wconf 85' lang='grc' dir='ltr'><strong>κλίνης,</strong></span> <span class='ocrx_word' id='word_1_622' title='bbox 3472 4479 3558 4547; x_wconf 78' lang='grc' dir='ltr'><strong>ἐφ’</strong></span> <span class='ocrx_word' id='word_1_623' title='bbox 3634 4471 3791 4529; x_wconf 80' lang='grc' dir='ltr'><strong>καθεύ-</strong></span> 
     </span>
    </p>
   </div>
   <div class='ocr_carea' id='block_1_84' title="bbox 577 4558 2167 4647">
    <p class='ocr_par' dir='ltr' id='par_1_84' title="bbox 577 4576 2158 4647">
     <span class='ocr_line' id='line_1_84' title="bbox 577 4576 2158 4647; baseline -0.001 -16"><span class='ocrx_word' id='word_1_624' title='bbox 577 4578 691 4633; x_wconf 73' lang='lat' dir='ltr'><strong>vael</strong></span> <span class='ocrx_word' id='word_1_625' title='bbox 725 4579 832 4632; x_wconf 67' lang='lat' dir='ltr'><strong>vae!</strong></span> <span class='ocrx_word' id='word_1_626' title='bbox 863 4587 921 4632; x_wconf 91' lang='lat' dir='ltr'><strong>et</strong></span> <span class='ocrx_word' id='word_1_627' title='bbox 948 4576 1240 4631; x_wconf 87' lang='lat' dir='ltr'><strong>decessum</strong></span> <span class='ocrx_word' id='word_1_628' title='bbox 1277 4576 1429 4631; x_wconf 80' lang='lat' dir='ltr'><strong>illius</strong></span> <span class='ocrx_word' id='word_1_629' title='bbox 1456 4576 1865 4647; x_wconf 91' lang='lat' dir='ltr'><strong>quodammodo</strong></span> <span class='ocrx_word' id='word_1_630' title='bbox 1888 4578 2158 4632; x_wconf 89' lang='lat' dir='ltr'><strong>lamenta-</strong></span> 
     </span>
    </p>
   </div>
   <div class='ocr_carea' id='block_1_85' title="bbox 2196 4558 3786 4647">
    <p class='ocr_par' dir='ltr' id='par_1_85' title="bbox 2257 4558 3786 4641">
     <span class='ocr_line' id='line_1_85' title="bbox 2257 4558 3786 4641; baseline -0.004 -20"><span class='ocrx_word' id='word_1_631' title='bbox 2257 4569 2373 4622; x_wconf 87' lang='grc' dir='ltr'><strong>δειν</strong></span> <span class='ocrx_word' id='word_1_632' title='bbox 2418 4567 2623 4631; x_wconf 74' lang='grc' dir='ltr'><strong>εἰώθει,</strong></span> <span class='ocrx_word' id='word_1_633' title='bbox 2646 4567 2766 4619; x_wconf 76' lang='grc' dir='ltr'><strong>καί’</strong></span> <span class='ocrx_word' id='word_1_634' title='bbox 2791 4566 2930 4619; x_wconf 80' lang='grc' dir='ltr'><strong>Οὐαὶ</strong></span> <span class='ocrx_word' id='word_1_635' title='bbox 2974 4569 3042 4638; x_wconf 79' lang='grc' dir='ltr'><strong>τῇ</strong></span> <span class='ocrx_word' id='word_1_636' title='bbox 3073 4567 3227 4619; x_wconf 89' lang='grc' dir='ltr'><strong>πόλει</strong></span> <span class='ocrx_word' id='word_1_637' title='bbox 3263 4568 3461 4641; x_wconf 77' lang='grc' dir='ltr'><strong>ταύτῃ,</strong></span> <span class='ocrx_word' id='word_1_638' title='bbox 3479 4570 3701 4637; x_wconf 78' lang='grc' dir='ltr'><strong>λέγοντα,</strong></span> <span class='ocrx_word' id='word_1_639' title='bbox 3716 4558 3786 4615; x_wconf 74' lang='grc' dir='ltr'><strong>σοῦ</strong></span> 
     </span>
    </p>
   </div>
   <div class='ocr_carea' id='block_1_86' title="bbox 576 4657 2166 4735">
    <p class='ocr_par' dir='ltr' id='par_1_86' title="bbox 576 4665 2153 4735">
     <span class='ocr_line' id='line_1_86' title="bbox 576 4665 2153 4735; baseline 0 -12"><span class='ocrx_word' id='word_1_640' title='bbox 576 4679 667 4723; x_wconf 91' lang='lat' dir='ltr'><strong>tus</strong></span> <span class='ocrx_word' id='word_1_641' title='bbox 685 4667 785 4721; x_wconf 82' lang='lat' dir='ltr'><strong>fui.</strong></span> <span class='ocrx_word' id='word_1_642' title='bbox 807 4665 1012 4722; x_wconf 84' lang='lat' dir='ltr'><strong>Deinde</strong></span> <span class='ocrx_word' id='word_1_643' title='bbox 1032 4666 1100 4721; x_wconf 91' lang='lat' dir='ltr'><strong>ad</strong></span> <span class='ocrx_word' id='word_1_644' title='bbox 1120 4682 1205 4721; x_wconf 90' lang='lat' dir='ltr'><strong>me</strong></span> <span class='ocrx_word' id='word_1_645' title='bbox 1227 4682 1505 4733; x_wconf 88' lang='lat' dir='ltr'><strong>reversus,</strong></span> <span class='ocrx_word' id='word_1_646' title='bbox 1529 4668 1790 4724; x_wconf 88' lang='lat' dir='ltr'><strong>inventus</strong></span> <span class='ocrx_word' id='word_1_647' title='bbox 1806 4668 1884 4723; x_wconf 91' lang='lat' dir='ltr'><strong>fui</strong></span> <span class='ocrx_word' id='word_1_648' title='bbox 1913 4668 2153 4735; x_wconf 82' lang='lat' dir='ltr'><strong>ﬂevisse,</strong></span> 
     </span>
    </p>
   </div>
   <div class='ocr_carea' id='block_1_87' title="bbox 2199 4657 3789 4735">
    <p class='ocr_par' dir='ltr' id='par_1_87' title="bbox 2224 4657 3789 4729">
     <span class='ocr_line' id='line_1_87' title="bbox 2224 4657 3789 4729; baseline -0.003 -17"><span class='ocrx_word' id='word_1_649' title='bbox 2224 4700 2229 4705; x_wconf 60' lang='grc' dir='ltr'><strong>ς</strong></span> <span class='ocrx_word' id='word_1_650' title='bbox 2260 4658 2645 4729; x_wconf 79' lang='grc' dir='ltr'><strong>ἐκδημοῦντος,</strong></span> <span class='ocrx_word' id='word_1_651' title='bbox 2668 4657 2812 4720; x_wconf 78' lang='grc' dir='ltr'><strong>οὐαὶ,</strong></span> <span class='ocrx_word' id='word_1_652' title='bbox 2842 4657 2935 4710; x_wconf 76' lang='grc' dir='ltr'><strong>καὶ</strong></span> <span class='ocrx_word' id='word_1_653' title='bbox 2960 4658 3060 4727; x_wconf 86' lang='grc' dir='ltr'><strong>τὴν</strong></span> <span class='ocrx_word' id='word_1_654' title='bbox 3088 4657 3253 4712; x_wconf 83' lang='grc' dir='ltr'><strong>αὐτοῦ</strong></span> <span class='ocrx_word' id='word_1_655' title='bbox 3292 4662 3615 4728; x_wconf 85' lang='grc' dir='ltr'><strong>μετάστασιν</strong></span> <span class='ocrx_word' id='word_1_656' title='bbox 3639 4657 3789 4720; x_wconf 78' lang='grc' dir='ltr'><strong>ὥσπερ</strong></span> 
     </span>
    </p>
   </div>
   <div class='ocr_carea' id='block_1_88' title="bbox 526 4744 2116 4830">
    <p class='ocr_par' dir='ltr' id='par_1_88' title="bbox 526 4756 2116 4830">
     <span class='ocr_line' id='line_1_88' title="bbox 526 4756 2116 4830; baseline 0 -19"><span class='ocrx_word' id='word_1_657' title='bbox 526 4794 531 4802; x_wconf 72' lang='grc'>.</span> <span class='ocrx_word' id='word_1_658' title='bbox 576 4756 883 4812; x_wconf 81' lang='lat' dir='ltr'><strong>manifestis</strong></span> <span class='ocrx_word' id='word_1_659' title='bbox 900 4756 1272 4829; x_wconf 87' lang='lat' dir='ltr'><strong>lacrymarum</strong></span> <span class='ocrx_word' id='word_1_660' title='bbox 1293 4757 1462 4829; x_wconf 79' lang='lat' dir='ltr'><strong>signis</strong></span> <span class='ocrx_word' id='word_1_661' title='bbox 1482 4758 1666 4813; x_wconf 90' lang='lat' dir='ltr'><strong>adhuc</strong></span> <span class='ocrx_word' id='word_1_662' title='bbox 1687 4759 1742 4814; x_wconf 91' lang='lat' dir='ltr'><strong>in</strong></span> <span class='ocrx_word' id='word_1_663' title='bbox 1767 4759 1922 4830; x_wconf 89' lang='lat' dir='ltr'><strong>genis</strong></span> <span class='ocrx_word' id='word_1_664' title='bbox 1941 4758 2116 4814; x_wconf 59' lang='lat' dir='ltr'><strong>barren</strong></span> 
     </span>
    </p>
   </div>
   <div class='ocr_carea' id='block_1_89' title="bbox 2196 4744 3786 4830">
    <p class='ocr_par' dir='ltr' id='par_1_89' title="bbox 2261 4744 3786 4823">
     <span class='ocr_line' id='line_1_89' title="bbox 2261 4744 3786 4823; baseline -0.005 -18"><span class='ocrx_word' id='word_1_665' title='bbox 2261 4751 2712 4820; x_wconf 80' lang='grc' dir='ltr'><strong>ἀποκλαιόμενον.</strong></span> <span class='ocrx_word' id='word_1_666' title='bbox 2756 4750 2843 4802; x_wconf 89' lang='grc' dir='ltr'>Ἐν</span> <span class='ocrx_word' id='word_1_667' title='bbox 2875 4749 3099 4820; x_wconf 78' lang='grc' dir='ltr'><strong>ἐμαυτῷ</strong></span> <span class='ocrx_word' id='word_1_668' title='bbox 3126 4751 3304 4805; x_wconf 82' lang='grc' dir='ltr'><strong>τοίνυν</strong></span> <span class='ocrx_word' id='word_1_669' title='bbox 3338 4753 3640 4823; x_wconf 82' lang='grc' dir='ltr'><strong>γενόμενος,</strong></span> <span class='ocrx_word' id='word_1_670' title='bbox 3662 4744 3786 4815; x_wconf 78' lang='grc' dir='ltr'><strong>εὑρέ-</strong></span> 
     </span>
    </p>
   </div>
   <div class='ocr_carea' id='block_1_90' title="bbox 575 4834 2165 4918">
    <p class='ocr_par' dir='ltr' id='par_1_90' title="bbox 575 4847 2156 4918">
     <span class='ocr_line' id='line_1_90' title="bbox 575 4847 2156 4918; baseline -0.002 -14"><span class='ocrx_word' id='word_1_671' title='bbox 575 4849 742 4905; x_wconf 87' lang='lat' dir='ltr'><strong>tibus.</strong></span> <span class='ocrx_word' id='word_1_672' title='bbox 777 4848 917 4904; x_wconf 88' lang='lat' dir='ltr'><strong>Tum</strong></span> <span class='ocrx_word' id='word_1_673' title='bbox 951 4864 1148 4904; x_wconf 67' lang='lat' dir='ltr'><strong>rursus</strong></span> <span class='ocrx_word' id='word_1_674' title='bbox 1180 4858 1334 4904; x_wconf 81' lang='lat' dir='ltr'><strong>extra</strong></span> <span class='ocrx_word' id='word_1_675' title='bbox 1360 4863 1447 4903; x_wconf 91' lang='lat' dir='ltr'><strong>me</strong></span> <span class='ocrx_word' id='word_1_676' title='bbox 1479 4849 1667 4918; x_wconf 87' lang='lat' dir='ltr'><strong>rapior</strong></span> <span class='ocrx_word' id='word_1_677' title='bbox 1695 4866 1709 4910; x_wconf 70' lang='grc' dir='ltr'>ς</span> <span class='ocrx_word' id='word_1_678' title='bbox 1754 4858 1813 4904; x_wconf 88' lang='lat' dir='ltr'><strong>et</strong></span> <span class='ocrx_word' id='word_1_679' title='bbox 1843 4862 2036 4903; x_wconf 88' lang='lat' dir='ltr'><strong>rursus</strong></span> <span class='ocrx_word' id='word_1_680' title='bbox 2072 4847 2156 4901; x_wconf 87' lang='lat' dir='ltr'><strong>la-</strong></span> 
     </span>
    </p>
   </div>
   <div class='ocr_carea' id='block_1_91' title="bbox 2196 4834 3786 4918">
    <p class='ocr_par' dir='ltr' id='par_1_91' title="bbox 2262 4834 3786 4913">
     <span class='ocr_line' id='line_1_91' title="bbox 2262 4834 3786 4913; baseline -0.004 -18"><span class='ocrx_word' id='word_1_681' title='bbox 2262 4841 2362 4913; x_wconf 88' lang='grc' dir='ltr'><strong>θην</strong></span> <span class='ocrx_word' id='word_1_682' title='bbox 2390 4841 2813 4913; x_wconf 79' lang='grc' dir='ltr'><strong>δεδακρυμένος,</strong></span> <span class='ocrx_word' id='word_1_683' title='bbox 2841 4841 3062 4893; x_wconf 72' lang='grc' dir='ltr'><strong>ἐπὶτῶν</strong></span> <span class='ocrx_word' id='word_1_684' title='bbox 3112 4843 3354 4913; x_wconf 83' lang='grc' dir='ltr'><strong>παρειῶν</strong></span> <span class='ocrx_word' id='word_1_685' title='bbox 3400 4861 3459 4897; x_wconf 88' lang='grc' dir='ltr'><strong>τε</strong></span> <span class='ocrx_word' id='word_1_686' title='bbox 3504 4842 3670 4912; x_wconf 82' lang='grc' dir='ltr'><strong>φέρων</strong></span> <span class='ocrx_word' id='word_1_687' title='bbox 3703 4834 3786 4889; x_wconf 79' lang='grc' dir='ltr'><strong>τῶν</strong></span> 
     </span>
    </p>
   </div>
   <div class='ocr_carea' id='block_1_92' title="bbox 576 4918 2166 5013">
    <p class='ocr_par' dir='ltr' id='par_1_92' title="bbox 576 4940 2152 5013">
     <span class='ocr_line' id='line_1_92' title="bbox 576 4940 2152 5013; baseline -0.001 -18"><span class='ocrx_word' id='word_1_688' title='bbox 576 4950 762 4996; x_wconf 87' lang='lat' dir='ltr'><strong>menta</strong></span> <span class='ocrx_word' id='word_1_689' title='bbox 786 4941 979 4997; x_wconf 75' lang='lat' dir='ltr'><strong>eadem</strong></span> <span class='ocrx_word' id='word_1_690' title='bbox 1030 4941 1412 5013; x_wconf 66' lang='lat' dir='ltr'><strong>lacrymteque.</strong></span> <span class='ocrx_word' id='word_1_691' title='bbox 1437 4940 1648 4996; x_wconf 88' lang='lat' dir='ltr'><strong>Deinde</strong></span> <span class='ocrx_word' id='word_1_692' title='bbox 1680 4940 1903 4996; x_wconf 86' lang='lat' dir='ltr'><strong>tertium</strong></span> <span class='ocrx_word' id='word_1_693' title='bbox 1931 4954 2152 5009; x_wconf 86' lang='lat' dir='ltr'><strong>quoque</strong></span> 
     </span>
    </p>
   </div>
   <div class='ocr_carea' id='block_1_93' title="bbox 2192 4918 3782 5013">
    <p class='ocr_par' dir='ltr' id='par_1_93' title="bbox 2259 4918 3782 5001">
     <span class='ocr_line' id='line_1_93' title="bbox 2259 4918 3782 5001; baseline -0.004 -16"><span class='ocrx_word' id='word_1_694' title='bbox 2259 4931 2510 5001; x_wconf 82' lang='grc' dir='ltr'><strong>δακρύων</strong></span> <span class='ocrx_word' id='word_1_695' title='bbox 2547 4929 2617 4983; x_wconf 80' lang='grc' dir='ltr'><strong>τὰ</strong></span> <span class='ocrx_word' id='word_1_696' title='bbox 2662 4929 2806 5000; x_wconf 78' lang='grc' dir='ltr'><strong>ἴχνη.</strong></span> <span class='ocrx_word' id='word_1_697' title='bbox 2841 4929 3082 4998; x_wconf 84' lang='grc' dir='ltr'><strong>Δευτέρα</strong></span> <span class='ocrx_word' id='word_1_698' title='bbox 3116 4930 3405 4999; x_wconf 77' lang='grc' dir='ltr'><strong>τοιγαροῦν</strong></span> <span class='ocrx_word' id='word_1_699' title='bbox 3449 4931 3685 4990; x_wconf 76' lang='grc' dir='ltr'><strong>ἔκστασις</strong></span> <span class='ocrx_word' id='word_1_700' title='bbox 3716 4918 3782 4975; x_wconf 71' lang='grc' dir='ltr'><strong>ἐπ’</strong></span> 
     </span>
    </p>
   </div>
   <div class='ocr_carea' id='block_1_94' title="bbox 576 5019 2166 5105">
    <p class='ocr_par' dir='ltr' id='par_1_94' title="bbox 576 5029 2151 5105">
     <span class='ocr_line' id='line_1_94' title="bbox 576 5029 2151 5105; baseline 0.001 -24"><span class='ocrx_word' id='word_1_701' title='bbox 576 5037 896 5087; x_wconf 83' lang='lat' dir='ltr'><strong>recurrente</strong></span> <span class='ocrx_word' id='word_1_702' title='bbox 943 5029 1136 5084; x_wconf 87' lang='lat' dir='ltr'><strong>eadem</strong></span> <span class='ocrx_word' id='word_1_703' title='bbox 1187 5029 1423 5105; x_wconf 76' lang='lat' dir='ltr'><strong>visione,</strong></span> <span class='ocrx_word' id='word_1_704' title='bbox 1474 5029 1638 5084; x_wconf 88' lang='lat' dir='ltr'><strong>talem</strong></span> <span class='ocrx_word' id='word_1_705' title='bbox 1684 5030 1933 5100; x_wconf 83' lang='lat' dir='ltr'><strong>aliquam</strong></span> <span class='ocrx_word' id='word_1_706' title='bbox 1954 5029 2151 5083; x_wconf 83' lang='lat' dir='ltr'><strong>audivi</strong></span> 
     </span>
    </p>
   </div>
   <div class='ocr_carea' id='block_1_95' title="bbox 2190 5019 3780 5105">
    <p class='ocr_par' dir='ltr' id='par_1_95' title="bbox 2255 5019 3780 5091">
     <span class='ocr_line' id='line_1_95' title="bbox 2255 5019 3780 5091; baseline -0.001 -18"><span class='ocrx_word' id='word_1_707' title='bbox 2255 5020 2378 5091; x_wconf 75' lang='grc' dir='ltr'><strong>ἐμὲ,</strong></span> <span class='ocrx_word' id='word_1_708' title='bbox 2410 5022 2505 5075; x_wconf 72' lang='grc' dir='ltr'><strong>καὶ</strong></span> <span class='ocrx_word' id='word_1_709' title='bbox 2546 5020 2710 5074; x_wconf 87' lang='grc' dir='ltr'><strong>πάλιν</strong></span> <span class='ocrx_word' id='word_1_710' title='bbox 2738 5023 2791 5073; x_wconf 74' lang='grc' dir='ltr'><strong>οἱ</strong></span> <span class='ocrx_word' id='word_1_711' title='bbox 2830 5021 2985 5072; x_wconf 73' lang='grc' dir='ltr'><strong>αὐτοὶ</strong></span> <span class='ocrx_word' id='word_1_712' title='bbox 3023 5020 3230 5091; x_wconf 83' lang='grc' dir='ltr'><strong>θρῆνοι,</strong></span> <span class='ocrx_word' id='word_1_713' title='bbox 3265 5023 3359 5075; x_wconf 74' lang='grc' dir='ltr'><strong>καὶ</strong></span> <span class='ocrx_word' id='word_1_714' title='bbox 3402 5023 3558 5077; x_wconf 81' lang='grc' dir='ltr'><strong>πάλιν</strong></span> <span class='ocrx_word' id='word_1_715' title='bbox 3594 5019 3780 5085; x_wconf 71' lang='grc' dir='ltr'><strong>δάκρυα·</strong></span> 
     </span>
    </p>
   </div>
   <div class='ocr_carea' id='block_1_96' title="bbox 577 5104 2167 5192">
    <p class='ocr_par' dir='ltr' id='par_1_96' title="bbox 577 5104 2156 5192">
     <span class='ocr_line' id='line_1_96' title="bbox 577 5104 2156 5192; baseline 0.003 -21"><span class='ocrx_word' id='word_1_716' title='bbox 577 5134 802 5175; x_wconf 81' lang='lat' dir='ltr'><strong>vocetn:</strong></span> <span class='ocrx_word' id='word_1_717' title='bbox 833 5120 971 5187; x_wconf 78' lang='lat' dir='ltr'><strong>Quis</strong></span> <span class='ocrx_word' id='word_1_718' title='bbox 1002 5123 1155 5177; x_wconf 86' lang='lat' dir='ltr'><strong>novlt</strong></span> <span class='ocrx_word' id='word_1_719' title='bbox 1189 5104 1359 5191; x_wconf 82' lang='lat' dir='ltr'><strong>quare</strong></span> <span class='ocrx_word' id='word_1_720' title='bbox 1394 5122 1491 5192; x_wconf 88' lang='lat' dir='ltr'><strong>qui</strong></span> <span class='ocrx_word' id='word_1_721' title='bbox 1512 5132 1782 5179; x_wconf 88' lang='lat' dir='ltr'><strong>venturus</strong></span> <span class='ocrx_word' id='word_1_722' title='bbox 1830 5134 1921 5176; x_wconf 88' lang='lat' dir='ltr'><strong>est</strong></span> <span class='ocrx_word' id='word_1_723' title='bbox 1975 5121 2156 5176; x_wconf 84' lang='lat' dir='ltr'><strong>absit?</strong></span> 
     </span>
    </p>
   </div>
   <div class='ocr_carea' id='block_1_97' title="bbox 2190 5104 3780 5192">
    <p class='ocr_par' dir='ltr' id='par_1_97' title="bbox 2254 5104 3780 5185">
     <span class='ocr_line' id='line_1_97' title="bbox 2254 5104 3780 5185; baseline -0.005 -18"><span class='ocrx_word' id='word_1_724' title='bbox 2254 5109 2389 5167; x_wconf 81' lang='grc' dir='ltr'><strong>Εἶτα</strong></span> <span class='ocrx_word' id='word_1_725' title='bbox 2411 5113 2506 5166; x_wconf 77' lang='grc' dir='ltr'><strong>καὶ</strong></span> <span class='ocrx_word' id='word_1_726' title='bbox 2530 5113 2689 5183; x_wconf 89' lang='grc' dir='ltr'><strong>τρίτη</strong></span> <span class='ocrx_word' id='word_1_727' title='bbox 2720 5110 2976 5183; x_wconf 76' lang='grc' dir='ltr'><strong>περὶτῶν</strong></span> <span class='ocrx_word' id='word_1_728' title='bbox 2995 5111 3177 5166; x_wconf 83' lang='grc' dir='ltr'><strong>αὐτῶν</strong></span> <span class='ocrx_word' id='word_1_729' title='bbox 3203 5112 3346 5182; x_wconf 71' lang='grc' dir='ltr'><strong>ὄψις,</strong></span> <span class='ocrx_word' id='word_1_730' title='bbox 3373 5115 3467 5167; x_wconf 88' lang='grc' dir='ltr'><strong>καί</strong></span> <span class='ocrx_word' id='word_1_731' title='bbox 3494 5130 3580 5185; x_wconf 87' lang='grc' dir='ltr'><strong>μοι</strong></span> <span class='ocrx_word' id='word_1_732' title='bbox 3601 5104 3780 5170; x_wconf 75' lang='grc' dir='ltr'><strong>τοιαύτη</strong></span> 
     </span>
    </p>
   </div>
   <div class='ocr_carea' id='block_1_98' title="bbox 578 5195 2168 5285">
    <p class='ocr_par' dir='ltr' id='par_1_98' title="bbox 578 5211 2155 5285">
     <span class='ocr_line' id='line_1_98' title="bbox 578 5211 2155 5285; baseline 0.001 -21"><span class='ocrx_word' id='word_1_733' title='bbox 578 5211 652 5265; x_wconf 83' lang='lat' dir='ltr'><strong>lla</strong></span> <span class='ocrx_word' id='word_1_734' title='bbox 681 5211 915 5282; x_wconf 76' lang='lat' dir='ltr'><strong>Symeon</strong></span> <span class='ocrx_word' id='word_1_735' title='bbox 947 5212 1014 5266; x_wconf 87' lang='lat' dir='ltr'><strong>ad</strong></span> <span class='ocrx_word' id='word_1_736' title='bbox 1048 5213 1249 5267; x_wconf 83' lang='lat' dir='ltr'><strong>fratres</strong></span> <span class='ocrx_word' id='word_1_737' title='bbox 1287 5232 1300 5267; x_wconf 89' lang='lat'><strong>:</strong></span> <span class='ocrx_word' id='word_1_738' title='bbox 1341 5213 1436 5282; x_wconf 86' lang='lat' dir='ltr'><strong>qui</strong></span> <span class='ocrx_word' id='word_1_739' title='bbox 1461 5229 1560 5285; x_wconf 89' lang='lat' dir='ltr'><strong>per</strong></span> <span class='ocrx_word' id='word_1_740' title='bbox 1589 5213 1743 5267; x_wconf 89' lang='lat' dir='ltr'><strong>illum</strong></span> <span class='ocrx_word' id='word_1_741' title='bbox 1799 5223 2016 5282; x_wconf 88' lang='lat' dir='ltr'><strong>tempus</strong></span> <span class='ocrx_word' id='word_1_742' title='bbox 2066 5212 2155 5266; x_wconf 85' lang='lat' dir='ltr'><strong>in-</strong></span> 
     </span>
    </p>
   </div>
   <div class='ocr_carea' id='block_1_99' title="bbox 2188 5195 3778 5285">
    <p class='ocr_par' dir='ltr' id='par_1_99' title="bbox 2256 5195 3778 5278">
     <span class='ocr_line' id='line_1_99' title="bbox 2256 5195 3778 5278; baseline -0.005 -16"><span class='ocrx_word' id='word_1_743' title='bbox 2256 5226 2338 5272; x_wconf 86' lang='grc' dir='ltr'><strong>τις</strong></span> <span class='ocrx_word' id='word_1_744' title='bbox 2368 5209 2634 5278; x_wconf 76' lang='grc' dir='ltr'><strong>ἡκουσται</strong></span> <span class='ocrx_word' id='word_1_745' title='bbox 2662 5205 2816 5277; x_wconf 80' lang='grc' dir='ltr'><strong>φωνή</strong></span> <span class='ocrx_word' id='word_1_746' title='bbox 2836 5220 2850 5236; x_wconf 69' lang='grc'>⁸</span> <span class='ocrx_word' id='word_1_747' title='bbox 2884 5204 2981 5267; x_wconf 86' lang='grc' dir='ltr'><strong>Τίς</strong></span> <span class='ocrx_word' id='word_1_748' title='bbox 3008 5199 3151 5258; x_wconf 85' lang='grc' dir='ltr'><strong>οἶδεν</strong></span> <span class='ocrx_word' id='word_1_749' title='bbox 3175 5204 3298 5258; x_wconf 84' lang='grc' dir='ltr'><strong>ὅθεν</strong></span> <span class='ocrx_word' id='word_1_750' title='bbox 3335 5208 3365 5259; x_wconf 89' lang='grc' dir='ltr'><strong>ό</strong></span> <span class='ocrx_word' id='word_1_751' title='bbox 3393 5207 3665 5277; x_wconf 77' lang='grc' dir='ltr'><strong>ἐρχόμενος</strong></span> <span class='ocrx_word' id='word_1_752' title='bbox 3686 5195 3778 5263; x_wconf 71' lang='grc' dir='ltr'><strong>εἴης</strong></span> 
     </span>
    </p>
   </div>
   <div class='ocr_carea' id='block_1_100' title="bbox 583 5285 2173 5374">
    <p class='ocr_par' dir='ltr' id='par_1_100' title="bbox 583 5285 2157 5374">
     <span class='ocr_line' id='line_1_100' title="bbox 583 5285 2157 5374; baseline -0.001 -17"><span class='ocrx_word' id='word_1_753' title='bbox 583 5302 907 5358; x_wconf 82' lang='lat' dir='ltr'><strong>tellexerant</strong></span> <span class='ocrx_word' id='word_1_754' title='bbox 932 5285 1000 5358; x_wconf 84' lang='lat' dir='ltr'><strong>de</strong></span> <span class='ocrx_word' id='word_1_755' title='bbox 1033 5302 1344 5372; x_wconf 60' lang='lat' dir='ltr'><strong>prramio</strong></span> <span class='ocrx_word' id='word_1_756' title='bbox 1371 5301 1516 5374; x_wconf 89' lang='lat' dir='ltr'><strong>quod</strong></span> <span class='ocrx_word' id='word_1_757' title='bbox 1536 5310 1684 5357; x_wconf 88' lang='lat' dir='ltr'><strong>recte</strong></span> <span class='ocrx_word' id='word_1_758' title='bbox 1702 5302 1928 5356; x_wconf 89' lang='lat' dir='ltr'><strong>valeret.</strong></span> <span class='ocrx_word' id='word_1_759' title='bbox 1950 5300 2157 5356; x_wconf 90' lang='lat' dir='ltr'><strong>Deinde</strong></span> 
     </span>
    </p>
   </div>
   <div class='ocr_carea' id='block_1_101' title="bbox 2186 5285 3776 5374">
    <p class='ocr_par' dir='ltr' id='par_1_101' title="bbox 2258 5286 3776 5370">
     <span class='ocr_line' id='line_1_101' title="bbox 2258 5286 3776 5370; baseline -0.011 -16"><span class='ocrx_word' id='word_1_760' title='bbox 2258 5300 2446 5354; x_wconf 81' lang='grc' dir='ltr'><strong>Ταῦτα</strong></span> <span class='ocrx_word' id='word_1_761' title='bbox 2468 5301 2497 5353; x_wconf 89' lang='grc' dir='ltr'><strong>ό</strong></span> <span class='ocrx_word' id='word_1_762' title='bbox 2529 5298 2627 5370; x_wconf 82' lang='grc' dir='ltr'><strong>μὲν</strong></span> <span class='ocrx_word' id='word_1_763' title='bbox 2655 5297 2867 5368; x_wconf 70' lang='grc' dir='ltr'><strong>εἰρήκει</strong></span> <span class='ocrx_word' id='word_1_764' title='bbox 2904 5298 3018 5359; x_wconf 80' lang='grc' dir='ltr'><strong>τοῖς</strong></span> <span class='ocrx_word' id='word_1_765' title='bbox 3045 5295 3292 5366; x_wconf 81' lang='grc' dir='ltr'><strong>ἀδελφοῖς</strong></span> <span class='ocrx_word' id='word_1_766' title='bbox 3318 5315 3332 5329; x_wconf 88' lang='grc'><strong>·</strong></span> <span class='ocrx_word' id='word_1_767' title='bbox 3365 5300 3415 5351; x_wconf 78' lang='grc' dir='ltr'><strong>οἱ</strong></span> <span class='ocrx_word' id='word_1_768' title='bbox 3443 5298 3499 5351; x_wconf 84' lang='grc' dir='ltr'><strong>δὲ</strong></span> <span class='ocrx_word' id='word_1_769' title='bbox 3527 5286 3776 5366; x_wconf 75' lang='grc' dir='ltr'><strong>τηνικαῦτα</strong></span> 
     </span>
    </p>
   </div>
   <div class='ocr_carea' id='block_1_102' title="bbox 652 5427 3774 5519">
    <p class='ocr_par' dir='ltr' id='par_1_102' title="bbox 652 5427 3774 5519">
     <span class='ocr_line' id='line_1_102' title="bbox 652 5427 3774 5519; baseline -0.003 -30"><span class='ocrx_word' id='word_1_770' title='bbox 652 5435 987 5519; x_wconf 42' lang='lat' dir='ltr'><strong>(l6)-“Hujus</strong></span> <span class='ocrx_word' id='word_1_771' title='bbox 1037 5445 1393 5519; x_wconf 57' lang='lat' dir='ltr'><strong>symptomala</strong></span> <span class='ocrx_word' id='word_1_772' title='bbox 1454 5443 1502 5488; x_wconf 88' lang='lat' dir='ltr'><strong>et</strong></span> <span class='ocrx_word' id='word_1_773' title='bbox 1540 5435 1975 5519; x_wconf 48' lang='lat' dir='ltr'><strong>circuptstontiq‘s</strong></span> <span class='ocrx_word' id='word_1_774' title='bbox 2048 5433 2154 5517; x_wconf 62' lang='lat' dir='ltr'><strong>{ate</strong></span> <span class='ocrx_word' id='word_1_775' title='bbox 2253 5432 2779 5519; x_wconf 53' lang='lat' dir='ltr'><strong>utdiciturnNumer.</strong></span> <span class='ocrx_word' id='word_1_776' title='bbox 2816 5431 2908 5496; x_wconf 72' lang='grc'><strong>25,</strong></span> <span class='ocrx_word' id='word_1_777' title='bbox 2941 5427 3169 5500; x_wconf 85' lang='lat' dir='ltr'><strong>Symeon</strong></span> <span class='ocrx_word' id='word_1_778' title='bbox 3226 5445 3348 5486; x_wconf 76' lang='lat' dir='ltr'><strong>vero</strong></span> <span class='ocrx_word' id='word_1_779' title='bbox 3410 5431 3633 5500; x_wconf 73' lang='lat' dir='ltr'><strong>precibus</strong></span> <span class='ocrx_word' id='word_1_780' title='bbox 3678 5433 3774 5475; x_wconf 66' lang='lat' dir='ltr'><strong>tam</strong></span> 
     </span>
    </p>
   </div>
   <div class='ocr_carea' id='block_1_103' title="bbox 580 5503 2699 5573">
    <p class='ocr_par' dir='ltr' id='par_1_103' title="bbox 580 5503 2699 5573">
     <span class='ocr_line' id='line_1_103' title="bbox 580 5503 2699 5573; baseline -0.002 -12"><span class='ocrx_word' id='word_1_781' title='bbox 580 5503 825 5561; x_wconf 71' lang='lat' dir='ltr'><strong>describit</strong></span> <span class='ocrx_word' id='word_1_782' title='bbox 861 5503 1267 5572; x_wconf 57' lang='lat' dir='ltr'><strong>Procopius&#39;lib.</strong></span> <span class='ocrx_word' id='word_1_783' title='bbox 1304 5522 1363 5571; x_wconf 90' lang='grc' dir='ltr'><strong>ιι,</strong></span> <span class='ocrx_word' id='word_1_784' title='bbox 1396 5521 1514 5572; x_wconf 85' lang='lat' dir='ltr'><strong>cap.</strong></span> <span class='ocrx_word' id='word_1_785' title='bbox 1540 5504 1630 5565; x_wconf 74' lang='lat'><strong>22,</strong></span> <span class='ocrx_word' id='word_1_786' title='bbox 1663 5506 1726 5558; x_wconf 88' lang='lat' dir='ltr'><strong>de</strong></span> <span class='ocrx_word' id='word_1_787' title='bbox 1745 5504 1880 5558; x_wconf 81' lang='lat' dir='ltr'><strong>bello</strong></span> <span class='ocrx_word' id='word_1_788' title='bbox 1918 5504 2150 5565; x_wconf 82' lang='lat' dir='ltr'><strong>Persico.</strong></span> <span class='ocrx_word' id='word_1_789' title='bbox 2251 5504 2484 5573; x_wconf 77' lang='lat' dir='ltr'><strong>placavit</strong></span> <span class='ocrx_word' id='word_1_790' title='bbox 2513 5503 2699 5557; x_wconf 83' lang='lat' dir='ltr'><strong>Deum.</strong></span> 
     </span>
    </p>
   </div>
   <div class='ocr_carea' id='block_1_104' title="bbox 579 5568 3773 5647">
    <p class='ocr_par' dir='ltr' id='par_1_104' title="bbox 579 5568 3773 5647">
     <span class='ocr_line' id='line_1_104' title="bbox 579 5568 3773 5647; baseline -0.004 -17"><span class='ocrx_word' id='word_1_791' title='bbox 579 5586 630 5647; x_wconf 79' lang='lat' dir='ltr'><strong>et</strong></span> <span class='ocrx_word' id='word_1_792' title='bbox 671 5574 930 5645; x_wconf 77' lang='lat' dir='ltr'><strong>Euagrius</strong></span> <span class='ocrx_word' id='word_1_793' title='bbox 979 5568 1069 5629; x_wconf 78' lang='lat' dir='ltr'><strong>lib.</strong></span> <span class='ocrx_word' id='word_1_794' title='bbox 1104 5591 1198 5647; x_wconf 82' lang='lat' dir='ltr'><strong>__tv,</strong></span> <span class='ocrx_word' id='word_1_795' title='bbox 1246 5568 1363 5646; x_wconf 82' lang='lat' dir='ltr'><strong>cap.</strong></span> <span class='ocrx_word' id='word_1_796' title='bbox 1412 5568 1504 5630; x_wconf 71' lang='lat'><strong>‘29.</strong></span> <span class='ocrx_word' id='word_1_797' title='bbox 1555 5575 1831 5647; x_wconf 76' lang='lat' dir='ltr'><strong>Accepisse</strong></span> <span class='ocrx_word' id='word_1_798' title='bbox 1861 5575 2067 5629; x_wconf 84' lang='lat' dir='ltr'><strong>videtur</strong></span> <span class='ocrx_word' id='word_1_799' title='bbox 2090 5590 2153 5626; x_wconf 76' lang='lat' dir='ltr'><strong>ea:</strong></span> <span class='ocrx_word' id='word_1_800' title='bbox 2251 5568 2261 5573; x_wconf 80' lang='grc'><em>’</em></span> <span class='ocrx_word' id='word_1_801' title='bbox 2326 5573 2893 5647; x_wconf 27' lang='grc' dir='ltr'><strong>(18)-ϐιιηι-Ερ1ινιεηιί</strong></span> <span class='ocrx_word' id='word_1_802' title='bbox 2927 5568 3197 5647; x_wconf 65' lang='lat' dir='ltr'><strong>ordinatio</strong></span> <span class='ocrx_word' id='word_1_803' title='bbox 3221 5571 3367 5647; x_wconf 65' lang='lat' dir='ltr'><strong>facta</strong></span> <span class='ocrx_word' id='word_1_804' title='bbox 3408 5574 3474 5626; x_wconf 80' lang='lat' dir='ltr'><strong>sit</strong></span> <span class='ocrx_word' id='word_1_805' title='bbox 3496 5569 3666 5647; x_wconf 71' lang='lat' dir='ltr'><strong>saltem</strong></span> <span class='ocrx_word' id='word_1_806' title='bbox 3696 5573 3773 5647; x_wconf 58' lang='lat' dir='ltr'><strong>cf:</strong></span> 
     </span>
    </p>
   </div>
   <div class='ocr_carea' id='block_1_105' title="bbox 581 5637 2171 5767">
    <p class='ocr_par' dir='ltr' id='par_1_105' title="bbox 581 5637 2151 5767">
     <span class='ocr_line' id='line_1_105' title="bbox 581 5637 1704 5703; baseline -0.007 0"><span class='ocrx_word' id='word_1_807' title='bbox 581 5646 716 5703; x_wconf 82' lang='lat' dir='ltr'><strong>Theo</strong></span> <span class='ocrx_word' id='word_1_808' title='bbox 752 5637 890 5699; x_wconf 62' lang='lat' dir='ltr'><strong>It&#39;ane</strong></span> <span class='ocrx_word' id='word_1_809' title='bbox 928 5661 1068 5700; x_wconf 85' lang='lat' dir='ltr'><strong>anno</strong></span> <span class='ocrx_word' id='word_1_810' title='bbox 1100 5637 1224 5700; x_wconf 69' lang='grc'><strong>542.</strong></span> <span class='ocrx_word' id='word_1_811' title='bbox 1310 5637 1322 5646; x_wconf 90' lang='grc'><em>’</em></span> <span class='ocrx_word' id='word_1_812' title='bbox 1694 5637 1704 5647; x_wconf 90' lang='grc'><em>’</em></span> 
     </span>
     <span class='ocr_line' id='line_1_106' title="bbox 651 5662 2151 5767; baseline 0 0"><span class='ocrx_word' id='word_1_813' title='bbox 651 5662 764 5767; x_wconf 52' lang='grc' dir='ltr'><strong>(ιζ)</strong></span> <span class='ocrx_word' id='word_1_814' title='bbox 796 5712 860 5767; x_wconf 82' lang='lat' dir='ltr'><strong>In</strong></span> <span class='ocrx_word' id='word_1_815' title='bbox 910 5730 968 5767; x_wconf 90' lang='lat' dir='ltr'><strong>eo</strong></span> <span class='ocrx_word' id='word_1_816' title='bbox 1021 5715 1240 5767; x_wconf 84' lang='lat' dir='ltr'><strong>scilicet.</strong></span> <span class='ocrx_word' id='word_1_817' title='bbox 1295 5714 1436 5767; x_wconf 87' lang='lat' dir='ltr'><strong>auod</strong></span> <span class='ocrx_word' id='word_1_818' title='bbox 1496 5715 1638 5767; x_wconf 88' lang='lat' dir='ltr'><strong>iram</strong></span> <span class='ocrx_word' id='word_1_819' title='bbox 1680 5712 1776 5767; x_wconf 89' lang='lat' dir='ltr'><strong>Dei</strong></span> <span class='ocrx_word' id='word_1_820' title='bbox 1821 5714 2069 5767; x_wconf 84' lang='lat' dir='ltr'><strong>averterit</strong></span> <span class='ocrx_word' id='word_1_821' title='bbox 2117 5731 2151 5767; x_wconf 91' lang='lat' dir='ltr'><strong>a</strong></span> 
     </span>
    </p>
   </div>
   <div class='ocr_carea' id='block_1_106' title="bbox 2179 5637 3769 5767">
    <p class='ocr_par' dir='ltr' id='par_1_106' title="bbox 2250 5637 3769 5767">
     <span class='ocr_line' id='line_1_107' title="bbox 2251 5637 3769 5715; baseline -0.005 -16"><span class='ocrx_word' id='word_1_822' title='bbox 2251 5637 2342 5694; x_wconf 38' lang='lat' dir='ltr'><strong>no‘</strong></span> <span class='ocrx_word' id='word_1_823' title='bbox 2363 5637 2487 5704; x_wconf 63' lang='lat'><strong>597.</strong></span> <span class='ocrx_word' id='word_1_824' title='bbox 2520 5651 2569 5695; x_wconf 87' lang='lat' dir='ltr'><strong>et</strong></span> <span class='ocrx_word' id='word_1_825' title='bbox 2594 5645 2636 5697; x_wconf 87' lang='lat' dir='ltr'><strong>is</strong></span> <span class='ocrx_word' id='word_1_826' title='bbox 2659 5637 2856 5715; x_wconf 65' lang='lat' dir='ltr'><strong>passim</strong></span> <span class='ocrx_word' id='word_1_827' title='bbox 2885 5645 3097 5696; x_wconf 84' lang='lat' dir='ltr'><strong>dicatur</strong></span> <span class='ocrx_word' id='word_1_828' title='bbox 3134 5637 3200 5693; x_wconf 82' lang='grc'><strong>18</strong></span> <span class='ocrx_word' id='word_1_829' title='bbox 3222 5637 3379 5698; x_wconf 68' lang='lat' dir='ltr'><strong>annis</strong></span> <span class='ocrx_word' id='word_1_830' title='bbox 3421 5642 3620 5701; x_wconf 77' lang='lat' dir='ltr'><strong>sedisse,</strong></span> <span class='ocrx_word' id='word_1_831' title='bbox 3658 5638 3769 5686; x_wconf 70' lang='grc' dir='ltr'><strong>ϐιιιο</strong></span> 
     </span>
     <span class='ocr_line' id='line_1_108' title="bbox 2250 5711 2981 5767; baseline 0 0"><span class='ocrx_word' id='word_1_832' title='bbox 2250 5711 2354 5767; x_wconf 71' lang='grc'><strong>545</strong></span> <span class='ocrx_word' id='word_1_833' title='bbox 2387 5714 2570 5767; x_wconf 82' lang='lat' dir='ltr'><strong>abiisse</strong></span> <span class='ocrx_word' id='word_1_834' title='bbox 2606 5726 2723 5767; x_wconf 78' lang='lat' dir='ltr'><strong>eum</strong></span> <span class='ocrx_word' id='word_1_835' title='bbox 2755 5721 2981 5767; x_wconf 80' lang='lat' dir='ltr'><strong>onortet.</strong></span> 
     </span>
    </p>
   </div>
   <div class='ocr_carea' id='block_1_107' title="bbox 651 5712 2981 5784">
    <p class='ocr_par' dir='ltr' id='par_1_107' title="bbox 651 5712 2981 5784">
     <span class='ocr_line' id='line_1_109' title="bbox 651 5712 2981 5784; baseline 0.001 -18"><span class='ocrx_word' id='word_1_836' title='bbox 651 5712 860 5784; x_wconf 70' lang='grc' dir='ltr'><strong>(17)Ιιι</strong></span> <span class='ocrx_word' id='word_1_837' title='bbox 910 5730 968 5768; x_wconf 90' lang='lat' dir='ltr'><strong>eo</strong></span> <span class='ocrx_word' id='word_1_838' title='bbox 1021 5715 1240 5778; x_wconf 84' lang='lat' dir='ltr'><strong>scilicet,</strong></span> <span class='ocrx_word' id='word_1_839' title='bbox 1295 5714 1436 5784; x_wconf 87' lang='lat' dir='ltr'><strong>quod</strong></span> <span class='ocrx_word' id='word_1_840' title='bbox 1496 5715 1638 5784; x_wconf 72' lang='lat' dir='ltr'><strong>iram</strong></span> <span class='ocrx_word' id='word_1_841' title='bbox 1680 5712 1776 5767; x_wconf 89' lang='lat' dir='ltr'><strong>Dei</strong></span> <span class='ocrx_word' id='word_1_842' title='bbox 1821 5714 2151 5784; x_wconf 13' lang='lat' dir='ltr'><strong>averteritra</strong></span> <span class='ocrx_word' id='word_1_843' title='bbox 2250 5712 2354 5767; x_wconf 71' lang='grc'><strong>545</strong></span> <span class='ocrx_word' id='word_1_844' title='bbox 2387 5714 2570 5768; x_wconf 82' lang='lat' dir='ltr'><strong>abiisse</strong></span> <span class='ocrx_word' id='word_1_845' title='bbox 2606 5712 2723 5767; x_wconf 67' lang='lat' dir='ltr'><strong>eum</strong></span> <span class='ocrx_word' id='word_1_846' title='bbox 2755 5721 2981 5783; x_wconf 84' lang='lat' dir='ltr'><strong>oportet.</strong></span> 
     </span>
    </p>
   </div>
   <div class='ocr_carea' id='block_1_108' title="bbox 574 5782 2147 5854">
    <p class='ocr_par' dir='ltr' id='par_1_108' title="bbox 574 5782 2147 5854">
     <span class='ocr_line' id='line_1_110' title="bbox 574 5782 2147 5854; baseline 0.002 -21"><span class='ocrx_word' id='word_1_847' title='bbox 574 5782 767 5851; x_wconf 72' lang='lat' dir='ltr'><strong>populo</strong></span> <span class='ocrx_word' id='word_1_848' title='bbox 788 5798 806 5844; x_wconf 89' lang='lat'><strong><em>;</em></strong></span> <span class='ocrx_word' id='word_1_849' title='bbox 837 5798 941 5836; x_wconf 85' lang='lat' dir='ltr'><strong>non</strong></span> <span class='ocrx_word' id='word_1_850' title='bbox 977 5792 1148 5836; x_wconf 85' lang='lat' dir='ltr'><strong>autem</strong></span> <span class='ocrx_word' id='word_1_851' title='bbox 1176 5786 1231 5837; x_wconf 83' lang='lat' dir='ltr'><strong>in</strong></span> <span class='ocrx_word' id='word_1_852' title='bbox 1266 5782 1454 5837; x_wconf 83' lang='lat' dir='ltr'><strong>modo:</strong></span> <span class='ocrx_word' id='word_1_853' title='bbox 1491 5782 1713 5837; x_wconf 84' lang='lat' dir='ltr'><strong>Phinees</strong></span> <span class='ocrx_word' id='word_1_854' title='bbox 1756 5784 1893 5837; x_wconf 83' lang='lat' dir='ltr'><strong>enim</strong></span> <span class='ocrx_word' id='word_1_855' title='bbox 1943 5782 2147 5854; x_wconf 85' lang='lat' dir='ltr'><strong>gladio,</strong></span> 
     </span>
    </p>
   </div>
  </div>
