4026 6292
243 371 385 435 3057

1254 377 1426 438 Yl'l'A
1467 376 1512 434 Α
1551 368 1987 433 NIGEPHORO
2025 369 2485 433 CONSCRIPTA

3352 364 3489 430 30338

249 492 347 564 μὲν
372 488 636 545 ἐπύθοντο
664 490 794 561 περὶ
839 486 1163 564 Ἐφραιμίου
1196 490 1270 555 ὡς
1305 490 1559 559 ὑγιαίνοι.
1581 490 1734 545 Μετὰ
1762 489 1819 543 δὲ
1846 540 1848 546 4

1948 487 2279 541 llucescente
2320 487 2428 557 jam
2476 484 2708 565 generis
2748 482 2857 549 die,
2915 484 3239 538 convocavit
3306 485 3490 554 denuo

242 581 417 635 ταῦτα
446 582 682 642 καλέσας
706 583 861 646 αὖθις
902 586 930 638 ό
956 584 1048 638 τοῦ
1092 583 1227 636 Θεοῦ
1255 582 1437 645 δοῦλος
1471 582 1669 645 αὐτούς
1691 598 1706 612 ⁸
1739 582 1822 636 δι-

247 676 561 742 αυγάζουσα
613 678 671 731 δὲ
720 673 788 750 ἦν
852 677 951 749 ἤδη
1022 676 1369 749 Παρασκευήν
1430 672 1490 728 Ὀ
1533 674 1822 744 ἀρχιερεὺς

246 767 342 820 τοῦ
387 767 523 821 Θεοῦ
548 770 686 822 κατὰ
717 771 814 839 τὴν
853 769 1044 836 νύκτα,
1066 770 1220 838 φησὶ,
1264 769 1401 837 me;
1432 766 1596 820 αὑτὸν
1626 766 1824 835 ἑξεδὴ-

253 876 395 930 μησε
423 873 437 887 ⁸
469 859 733 927 τεθέαμαι
781 860 890 930 γάρ
927 859 1093 913 αὐτοῦ
1134 860 1232 930 τὴν
1273 859 1451 929 ψυχὴν
1491 857 1594 911 ὑπὸ
1629 856 1824 927 πλήθει

249 950 740 1020 λευχειμονούντων
768 952 894 1022 τῇδε
920 950 1362 1023 παραϐαλοῦσαν·
1403 950 1515 1018 ἡδὲ
1544 949 1825 1018 ἠσπάσατό

256 1059 344 1111 με,
367 1042 463 1093 καὶ
493 1042 714 1112 μνήμην
739 1042 909 1110 αὐτῆς
933 1043 1201 1096 ποιεῖσθαι
1232 1042 1369 1113 πρὸς
1397 1041 1528 1094 Θεὸν
1561 1039 1828 1093 ἐνετείλα-

253 1148 334 1194 το,
360 1131 439 1184 ἔτι
464 1132 557 1185 καὶ
583 1133 815 1201 σχέσεως
847 1133 1012 1187 αὐτοῦ
1037 1134 1171 1205 rapi;
1203 1151 1262 1186 τε
1291 1132 1453 1185 αὐτὸν
1476 1132 1574 1202 ἐμὲ
1601 1131 1697 1184 καὶ
1730 1131 1827 1199 τὴν

258 1224 472 1293 μητέρα
494 1223 590 1294 τὴν
615 1224 754 1294 ἐμὴν
780 1225 1161 1295 ἀναμνήσασα.
1186 1222 1371 1276 Ταῦτα
1399 1223 1426 1273 ὁ
1459 1223 1556 1291 μὲν
1585 1222 1711 1292 περὶ
1733 1219 1827 1272 τεῦ

259 1312 570 1384 ἀρχιερέως
626 1317 737 1377 τοῖς
765 1315 1012 1384 ἀδελφοῖς
1043 1317 1401 1385 προειρήκει*
1434 1314 1482 1365 οἱ
1510 1312 1567 1366 δὲ
1588 1312 1677 1365 τὸν
1705 1328 1829 1364 και-

260 1403 353 1472 ρὺν
401 1404 891 1474 ὲπισημηνόιμενοι,
928 1399 1085 1475 εὗρον
1121 1405 1218 1474 τῆς
1255 1403 1446 1468 νυκτὸς
1487 1401 1700 1472 ἐκείνης
1740 1401 1830 1454 τὸν

259 1493 405 1547 θεῖον
449 1495 770 1566 Ἐφραίμιον
801 1497 1230 1568 ὲκδεδημηκότα.

329 1594 434 1650 ος’.
465 1586 676 1640 Πολλῶν
714 1590 791 1654 δὲ,
826 1587 912 1642 οἷα
946 1589 1112 1656 εἰκὸς,
1164 1588 1262 1673 τῆς
1295 1585 1563 1655 καθέδρας
1614 1582 1837 1652 ὲφιεμέ-
1913 1621 1922 1637 .

260 1693 388 1739 νων,
409 1676 504 1729 καὶ
521 1677 725 1747 ταύτην
750 1680 960 1742 ἑαυτοῖς
983 1675 1419 1740 σπουδαζόντων,
1449 1675 1644 1747 συνέϐη
1667 1675 1864 1746 Δομνῐπ

263 1767 352 1819 νόν
402 1785 544 1834 τινα,
577 1769 677 1838 τῆς
732 1770 963 1840 Θρᾳκῶν
989 1768 1343 1839 ὡρμημένον,
1366 1764 1637 1835 πτωχείου
1690 1762 1832 1816 κατά

262 1859 498 1928 Λυχνίδα
550 1862 704 1914 πόλιν
757 1862 1110 1932 προεστῶτα,
1151 1866 1219 1935 τῇ
1273 1861 1503 1933 βασιλίδι
1533 1857 1835 1931 τηνικαῦτα

262 1953 407 2005 κατά
438 1969 558 2005 τινα
587 1953 773 2022 χρείαν
791 1955 1128 2026 ἐπιδημῆσαι
1164 1971 1179 1986 ο
1217 1955 1277 2018 ὃς
1309 1955 1458 2025 νόμῳ
1492 1953 1675 2020 φιλίας
1716 1951 1836 2005 τισὶ

263 2041 373 2093 τῶν
406 2045 463 2096 ὲν
503 2046 613 2108 τοῖς
645 2043 934 2113 βασιλείοις
966 2046 1332 2116 ᾠκειωμένος,
1358 2044 1436 2114 τῷ
1465 2042 1675 2114 βασιλεῖ
1704 2041 1834 2110 παρ’
1869 2054 1879 2065 “

1924 582 2143 644 fratres,
2176 579 2458 648 dixitque:
2484 576 2737 632 Pontifex
2756 575 2850 629 Dei
2883 574 2983 629 hac
3008 584 3167 629 nocte
3193 591 3222 629 e
3256 575 3363 630 vita
3386 577 3493 630 mi-

1924 671 2141 741 gravit:
2186 671 2297 724 vidi
2329 683 2565 739 namque
2596 669 2836 721 animam
2860 667 3034 731 illius,
3095 666 3253 722 turba
3299 682 3493 735 magna

1926 762 2177 817 candidis
2245 761 2443 816 vestita
2488 761 2824 826 comitante,
2869 760 2974 814 hac
3036 758 3492 822 transvolantcm,

1925 854 2368 922 salutantemque
2398 869 2503 917 me,
2561 861 2617 906 et
2648 851 2968 907 memoriam
3014 849 3099 905 sui
3134 849 3278 920 apud
3327 849 3494 903 Deum

1928 952 1989 998 ut
2036 944 2294 1008 facerem,
2340 943 2748 1013 praecipientem
2791 961 2804 997 :
2856 949 3491 1010 commemorantemque

1927 1035 2167 1105 qualiter
2190 1049 2320 1105 erga
2343 1049 2431 1089 me
2473 1049 2536 1089 ac
2561 1043 2789 1088 matrem
2835 1048 3011 1088 meam
3035 1032 3204 1091 fuerit
3245 1032 3494 1087 affectus.

1930 1125 2094 1180 Hisce
2130 1124 2198 1179 de
2230 1122 2489 1194 pontiﬁce
2515 1123 2779 1178 fratribus
2813 1140 2843 1178 a
2877 1122 3145 1194 Symeone
3194 1123 3497 1194 praedictis,

1932 1225 2196 1273 notarunt
2249 1217 2327 1271 illi
2375 1224 2611 1286 tempus,
2669 1225 3166 1286 compereruntque
3221 1216 3326 1270 hac
3384 1217 3501 1286 ipsa

1930 1318 2094 1365 nocte
2127 1318 2375 1364 sanctum
2408 1306 2774 1378 Ephraemium
2819 1306 3142 1362 decessisse.

2003 1565 2091 1619 76.
2134 1563 2422 1626 Pluribus,
2456 1572 2516 1617 ut
2545 1562 2624 1627 fit,
2666 1562 2985 1617 cathedram
3021 1562 3170 1615 illam
3198 1560 3505 1631 appetenti-

1934 1648 2060 1713 bus,
2088 1649 2305 1719 sibique
2337 1664 2657 1718 comparare
2676 1648 3069 1717 satagentibus,
3094 1646 3300 1701 factum
3325 1655 3411 1701 est
3446 1656 3504 1701 ut

1936 1741 2022 1796 vir
2078 1740 2322 1811 quidam,
2360 1739 2668 1797 Domniuus
2697 1740 2808 1812 (19)
2846 1742 3090 1804 nomine,
3140 1757 3208 1795 ex
3270 1740 3503 1796 Thracia

1938 1831 2224 1897 oriundus,
2255 1830 2551 1901 praafectus
2580 1830 2794 1887 cuidam
2850 1832 3005 1901 juxta
3059 1831 3341 1903 Lychnida
3391 1831 3506 1903 (‘20)

1937 1921 2214 1977 civitatem
2238 1920 2690 1990 ptochotrophio,
2712 1921 3057 1991 negotiorum
3086 1937 3248 1976 causa
3267 1923 3506 1992 impera-

1939 2011 2132 2065 tricem
2163 2026 2264 2080 per
2309 2000 2456 2065 illud
2478 2018 2695 2081 tempus
2719 2011 3041 2066 conveniret
3084 2029 3098 2066 :
3132 2012 3226 2080 qui
3252 2010 3513 2065 amicitias

264 2132 446 2186 αὐτῶν
475 2097 880 2204 (νιοᾷσῖεινιανδς
908 2097 1634 2206 ὲὲ’ἧνοέτος)’ὶεσὲιρεται.
1689 2132 1747 2186 'o
1769 2097 1826 2185 ἐι

1945 2101 2058 2170 iure
2091 2099 2424 2170 quibusdam
2458 2099 2654 2156 aulicis
2685 2099 3011 2156 familiarior
3044 2099 3245 2165 factus,
3283 2099 3352 2154 ab
3401 2097 3512 2155 illis

269 2223 566 2292 κανονικῆς
594 2223 903 2294 ἀκριϐείας,
933 2223 1307 2277 ἀποστολικῶν
1334 2240 1394 2276 τε
1443 2219 1837 2291 παραγγελμά-

265 2329 375 2365 των
403 2313 559 2381 ὀλίγα
597 2314 908 2386 φροντίσας,
938 2317 1004 2385 τῇ
1037 2313 1231 2386 πρώτῃ
1258 2313 1352 2367 τοῦ
1393 2312 1584 2383 ἀνδρὸς
1617 2311 1716 2382 θέᾳ
1744 2312 1838 2365 καὶ

267 2401 369 2469 τὴν
396 2400 1109 2471 ψῆφονσυνάπτειἺδοὺότῆς
1146 2402 1421 2472 Ἀντιόχου
1473 2400 1834 2470 πατριάρχης,

269 2488 442 2541 εἰπών
474 2505 488 2521 ο
523 2491 619 2543 καὶ
663 2489 755 2542 τὸν
789 2490 975 2560 θρόνον
1006 2491 1206 2554 εὐθέως
1234 2492 1533 2563 ὀΔομνῖνος
1552 2491 1833 2559 καταλαμ-

268 2581 446 2636 ϐάνει.
478 2579 701 2650 Παριὼν
728 2582 786 2634 δὲ
838 2582 926 2635 διὰ
980 2583 1090 2636 τῶν
1121 2583 1463 2654 προαστείων
1489 2582 1592 2651 τῆς
1631 2581 1837 2634 Ἀντιό-

270 2687 390 2741 χου,
413 2673 509 2725 καὶ
546 2674 674 2735 τοὺς
710 2671 768 2725 ὲν
814 2672 895 2743 τῷ
932 2674 1046 2745 ναῷ
1092 2674 1199 2726 τοῦ
1223 2674 1433 2727 δικαίου
1471 2671 1612 2737 Ἰὼϐ,
1644 2672 1703 2734 ὃς
1734 2671 1840 2742 πρὸ

268 2762 371 2831 τῆς
402 2760 610 2824 πόλεως
649 2761 852 2830 ἵδρυτο,
884 2762 1092 2831 λελωϐη
1103 2763 1298 2831 μένους
1330 2761 1474 2828 ίδὼν,
1505 2762 1599 2814 καὶ
1651 2761 1840 2825 δεινῶς

272 2853 473 2916 αὐτοὺς
501 2853 911 2923 βδελυξάμενος,
938 2853 1048 2906 δεῖν
1081 2853 1223 2922 ἔγνω
1254 2853 1478 2916 τούτους
1508 2852 1717 2907 ἐκεῖθεν
1747 2852 1840 2907 ἀλ-

274 2936 440 3007 λαχοῦ
496 2940 853 3011 μεταστῆσαι,
888 2940 977 2992 ἴνα
1011 2940 1084 3011 μὴ
1112 2940 1218 3011 πρὸ
1255 2940 1349 2994 τοῦ
1382 2942 1480 3011 τῆς
1510 2941 1716 3005 πόλεως
1748 2941 1841 2995 κό-

277 3047 417 3099 σμου
452 3031 617 3100 φησὶν
680 3033 812 3098 ἄγος
860 3029 990 3086 εἷεν.
1018 3034 1197 3103 Ὅπερ
1225 3034 1424 3097 αὐτοὺς
1462 3033 1840 3103 αἰσθομένους,

1939 2193 2009 2248 ad
2051 2193 2443 2263 imperatorem
2487 2192 2629 2263 (erat
2676 2192 2725 2247 is
2780 2192 3150 2255 Justinianus)
3191 2190 3509 2245 adducitur.

1938 2284 2262 2354 Imperator,
2295 2291 2358 2338 ut
2380 2293 2502 2338 erat
2532 2283 2803 2353 regularis
2831 2283 3138 2353 disciplinae
3179 2291 3344 2353 atque
3381 2297 3514 2353 apo-
3540 2310 3545 2315 -

1939 2372 2738 2430 stolicarumconstitutionum
2768 2388 2964 2441 parum
2996 2372 3300 2438 studiosus,
3336 2374 3516 2444 primo
3590 2386 3597 2396 ‘

1943 2481 2068 2520 mox
2091 2479 2386 2534 congressu
2410 2465 2592 2519 virum
2644 2463 2906 2534 suffragio
2942 2452 3053 2519 suo
3094 2464 3251 2535 eligit
3283 2483 3297 2519 :
3338 2465 3504 2528 Ecce,
3588 2464 3591 2469 '

1942 2557 2221 2627 inquiens,
2255 2555 2346 2610 hic
2388 2564 2475 2610 est
2510 2555 2819 2611 Antiochiae
2852 2555 3184 2626 patriarcha.
3217 2552 3520 2610 EtDomni-

1943 2664 2052 2703 nus
2082 2649 2270 2703 statim
2293 2646 2364 2701 ad
2390 2647 2585 2702 sedem
2618 2648 2770 2702 illam
2818 2663 2877 2703 se
2924 2647 3167 2703 confert.
3219 2646 3520 2702 Transiens

1943 2741 2128 2810 itaque
2187 2755 2286 2810 per
2330 2740 2597 2795 suburbia
2650 2741 3041 2806 Antiochena,
3099 2740 3402 2811 vidensque
3460 2740 3517 2793 in

1946 2832 2152 2902 templo
2181 2832 2318 2902 justi
2347 2832 2473 2896 Job,
2505 2832 2656 2901 quod
2695 2832 2831 2886 ιη’ὺὶ
2852 2832 3097 2887 vicinum
3142 2839 3248 2897 est,
3299 2829 3519 2886 saucios

1946 2924 2287 2994 mutilosque
2319 2924 2616 2988 homines,
2660 2940 2803 2994 quos
2836 2925 3196 2979 vehementer
3258 2936 3519 2978 exsecra-

1945 3017 2133 3082 batur,
2149 3016 2278 3072 inde
2291 3016 2510 3071 censuit
2530 3016 2639 3070 alio
2661 3015 3103 3071 transferendos:
3119 3015 3218 3080 Ne,
3241 3013 3520 3085 inquiens,

279 3121 375 3176 καὶ
407 3121 542 3191 πρὸς
624 3122 716 3176 τὸν
742 3123 955 3191 Ἀγιον,
985 3124 1061 3186 ὡς
1121 3124 1350 3187 ἕκαστος
1394 3121 1506 3193 εἶχε
1529 3123 1657 3178 δυνά
1671 3141 1837 3196 μεως,

1947 3127 2050 3183 pro
2078 3110 2235 3164 urbis
2254 3109 2489 3180 hujusce
2523 3118 2749 3175 ornatu,
2770 3108 3013 3165 dedecus
3048 3105 3130 3163 illi
3184 3109 3317 3164 sint.
3363 3107 3520 3175 Quod
3556 3112 3564 3127 ‘

272 3210 613 3278 ἀνελθόντας,
647 3214 774 3276 τοὺς
824 3215 925 3284 μὲν
972 3214 1103 3267 ποσὶ
1154 3215 1248 3269 καὶ
1289 3213 1584 3287 βακτηρίᾳ,
1639 3216 1765 3279 τοὺς
1791 3216 1849 3269 δὲ

278 3300 478 3372 φόρτον
529 3303 649 3355 ἐκεῖ
704 3302 1095 3374 κομισθέντας,
1131 3304 1233 3375 τὴν
1267 3304 1326 3357 δὲ
1374 3304 1469 3358 τοῦ
1529 3306 1588 3358 ὲν
1646 3305 1849 3373 ’Δγίοις

289 3392 614 3465 Ἐφραιμίου
664 3394 1028 3463 συμπάθειαν,
1066 3400 1161 3449 καὶ
1183 3396 1285 3450 ὅσα
1327 3397 1445 3466 μετ’
1473 3396 1652 3450 αὐτῶν
1698 3395 1847 3466 ἔδρα,

278 3484 400 3547 οἵας
448 3502 509 3538 τε
561 3484 789 3544 τοῦνῦν
816 3487 1118 3559 ἀρχιερέως
1162 3487 1263 3558 τῆς
1310 3488 1685 3559 ἀσπλαγχνίας
1748 3504 1850 3543 πε-

276 3574 590 3645 πείρανται,
619 3575 714 3629 καὶ¹
768 3577 917 3641 ὅπως
966 3577 1090 3631 οὐδὲ
1131 3578 1239 3650 πρὸ
1296 3577 1398 3648 τῆς
1451 3578 1659 3643 πόλεως
1700 3578 1850 3651 αύτῷ

278 3666 503 3732 τούτους
546 3669 678 3740 όρᾷν
727 3667 975 3737 ἀνεκτὸν,
1027 3669 1249 3741 θρήνοις
1294 3668 1414 3739 ἅμα
1443 3672 1539 3725 καὶ
1593 3670 1852 3742 ὀδυρμοῖς

279 3759 633 3828 ἀπαγγεῖλαι.
667 3759 771 3814 Τὸν
807 3760 865 3814 δὲ
923 3759 1092 3815 πολὺν
1141 3760 1322 3816 αὐτῶν
1370 3758 1551 3816 οἶκτον
1596 3761 1850 3816 λαϐόνσαο

283 3850 594 3917 Παύσασθε,
622 3852 863 3922 ἀδελφοὶ,
879 3852 1045 3922 φάναι
1066 3853 1272 3917 ὀὐδεὶς
1289 3854 1433 3926 ὑμᾶς
1456 3852 1664 3909 ἐκεῖθεν
1687 3871 1855 3926 μετα·-

284 3946 480 4017 στῆσαι
526 3947 839 4018 δυνήσεται.
912 3947 1058 4002 Ἀλλ’
1092 3950 1128 4021 ή
1165 3948 1386 4002 παιδεία
1436 3948 1645 4019 Κυρίου
1711 3948 1852 4019 αὑτὴ

284 4038 573 4107 συναλγεῖν
600 4038 764 4094 αὑτὸν
792 4038 994 4107 διδάξει
1019 4041 1134 4105 τοῖς
1176 4041 1498 4110 πάσχουσιν,
1521 4039 1663 4094 ὥστε
1686 4040 1855 4112 πείρᾳ

286 4133 500 4206 μαθεῖν,
532 4132 563 4186 ὃ
585 4131 939 4203 γεωργοῦσαν
966 4132 1068 4192 οὐκ
1089 4134 1247 4204 ἔσχεν
1277 4132 1492 4187 οίκοθεν
1526 4133 1628 4205 τὴν
1658 4132 1854 4204 προαί-

282 4244 457 4299 ρεσιν.
478 4225 663 4281 Ταῦτα
689 4222 836 4296 εἷπε,
855 4225 952 4280 καί⁵
1006 4225 1123 4297 μετ’
1148 4225 1331 4295 ὀλίγον
1359 4225 1502 4280 οὕτω
1530 4227 1714 4299 χεῖρες
1758 4223 1856 4280 καὶ

280 4318 443 4383 πόδες
486 4318 566 4389 τῷ
590 4318 1234 4390 ἀρχιερεῖ-κάμπτονται
1255 4358 1272 4385 ,
1305 4318 1383 4383 ὡς
1428 4318 1564 4389 μηδὲ
1590 4316 1854 4372 δύνασθαί

278 4426 336 4464 τι
384 4411 580 4482 δρᾶσαι
639 4409 706 4463 δι’
735 4409 914 4465 αὐτῶν
948 4410 1011 4463 τὸ
1050 4410 1337 4481 παράπαν,
1376 4410 1492 4465 ἀλλ’
1515 4409 1606 4466 οἷά
1620 4427 1743 4466 τινα
1773 4427 1854 4464 νε-

283 4501 414 4570 κρὸν
444 4501 689 4574 ἔμψυχον
722 4499 1220 4571 διασασταςόμενον
1238 4501 1520 4577 φέρεσθαι.

352 4768 455 4830 οζ’.
496 4765 675 4834 Ἀνδρί
718 4780 846 4819 τινι.
871 4765 1015 4820 κατά
1058 4763 1159 4836 τὴν
1194 4764 1422 4833 Περσῶν
1446 4764 1584 4835 πρὸς
1614 4764 1857 4835 χαλεπὸν

284 4852 571 4908 παλαίοντι
620 4853 872 4925 δαίμονα,
921 4852 1244 4923 ἀπαλλαγήν
1273 4869 1332 4906 τε
1360 4850 1551 4930 τούτου
1580 4851 1858 4922 μηδεμίαν

285 4947 620 5018 εὑρίσκοντι,
656 4948 922 5015 Ἀγγελος
946 4944 1083 5000 Θεοῦ
1111 4946 1417 5018 παραστὰς,
1453 4945 1665 5012 Ἄπιθι,
1697 4948 1887 5017 φησιν

288 5040 448 5111 παρά
479 5041 571 5095 τὸν
599 5038 784 5094 δοῦλον
826 5039 923 5094 τοῦ
968 5037 1103 5092 Θεοῦ
1133 5038 1395 5110 Συμεὼνο
1437 5040 1580 5094 οίκετ
1626 5040 1684 5095 δὲ
1727 5041 1896 5096 κατὰ·

291 5134 569 5205 μετέωρον
589 5133 714 5204 ὅρος
736 5134 800 5187 ὲκ
814 5112 1055 5202 ξιιτλαγίου
1077 5132 1177 5203 τῆς
1193 5133 1490 5204 Ἀντιόχου,
1509 5133 1787 5205 θαλάσσης
1806 5135 1869 5188 οὐ

287 5225 378 5279 διὰ
401 5224 613 5295 μακροῦ
636 5224 888 5295 κείμενον
910 5238 927 5257 ·
952 5224 1020 5276 δι’
1064 5223 1231 5277 αὐτοῦ
1261 5223 1551 5294 τοιγαροῦν
1572 5224 1728 5296 παρά
1752 5226 1870 5279 Κυ-

293 5318 410 5388 ρίου
430 5316 575 5380 ἴασις
594 5316 746 5371 ἔσται
769 5333 872 5370 σοι.
891 5317 1001 5370 Καὶ
1018 5315 1076 5379 ὃς
1091 5315 1191 5383 τὴν
1215 5315 1423 5387 μεταξὺ
1440 5316 1626 5370 πᾶσαν
1640 5317 1868 5384 ἀνύσας,

294 5408 387 5462 καὶ
407 5408 482 5473 ὼς
506 5409 597 5463 τὸν
622 5409 815 5478 ’Δγιον
848 5408 1202 5478 ἀφικόμενος,
1231 5407 1438 5463 ἕκαστα
1462 5407 1650 5478 σαφῶς
1682 5411 1867 5480 ἀπαγ-

291 5502 494 5572 γέλλει.
533 5501 593 5557 '0
617 5502 674 5556 δὲ
703 5500 799 5555 τοῦ
829 5501 968 5555 Θεοῦ
1014 5500 1250 5574 δεηθεὶς,
1282 5500 1518 5567 ἐξελθεῖν
1543 5501 1622 5574 τῷ
1650 5504 1866 5574 δαίμονι

361 5629 480 5753 fili):
501 5629 791 5699 Nicephoro
824 5641 871 5685 et
897 5628 1198 5701 Theophani
1245 5630 1490 5685 Domnus
1521 5646 1536 5696 ;
1571 5630 1706 5685 sedit
1761 5651 1860 5687 an-

295 5714 386 5752 nos
413 5714 435 5751 ‘l
446 5714 499 5753 4.

365 5769 473 5839 βο)
505 5768 676 5835 Qﬁam
696 5771 779 5824 hic
801 5778 984 5823 auctor
1020 5769 1299 5837 L'ychnida
1333 5780 1497 5836 vocat,
1535 5770 1656 5826 aliis
1691 5771 1864 5843 Lycho

1951 3210 2064 3257 uta
2097 3200 2318 3255 miseris
2345 3199 2468 3295 istis
2514 3200 2779 3255 rescitum
2833 3208 2940 3266 est,
2987 3200 3053 3254 ad
3111 3206 3389 3266 sanctum,
3439 3199 3563 3270 uti‘

1949 3296 2183 3367 quisque
2203 3292 2477 3365 poterant,
2512 3293 2620 3348 iter
2639 3292 3025 3359 instituerunt,
3058 3293 3150 3348 alii
3187 3293 3426 3364 pedibus
3457 3306 3523 3348 ac

1950 3387 2167 3452 baculo,
2197 3387 2290 3441 alii
2310 3386 2560 3441 humeris
2580 3385 2787 3447 delati:
2813 3392 2981 3456 atque
3015 3400 3208 3440 coram
3234 3386 3354 3455 ipso
3392 3400 3520 3441 cum

1950 3478 2176 3550 planctu
2197 3486 2255 3533 et
2285 3477 2543 3533 lamentis
2574 3476 3110 3541 commemorabam,
3145 3483 3354 3546 quanta
3411 3478 3520 3533 sibi
3558 3472 3561 3477 ’

1950 3567 2196 3625 exhibita
2228 3566 2428 3623 fuisset
2455 3582 2487 3621 a
2517 3575 2711 3622 sancto
2746 3565 3059 3636 Ephrzemio
3110 3566 3521 3631 misericordia,

1951 3668 2008 3716 et
2029 3674 2193 3730 quam
2213 3666 2441 3729 paterae
2471 3673 2659 3713 secum
2679 3658 2914 3729 egisset:
2940 3666 3132 3713 contra
3176 3673 3332 3724 vero,
3359 3674 3524 3729 quam

1952 3766 2104 3807 nunc
2142 3750 2404 3810 immitem
2472 3753 2879 3821 ‘experirentur
2904 3751 3244 3821 episcopum,
3266 3752 3525 3821 quodque

1952 3856 2024 3897 ne
2049 3840 2207 3896 urbis
2228 3839 2633 3910 quidem'extra
2653 3849 2844 3911 portas
2886 3840 3034 3909 ipsos
3062 3840 3344 3895 toleraret.
3387 3838 3522 3895 San-

1953 3940 2076 3989 ctus
2122 3947 2259 3987 vero
2318 3933 2553 3987 multum
2606 3932 2731 3987 illos
2788 3931 3085 3986 miseratus
3121 3948 3135 3984 :
3171 3930 3518 4000 Exspectate,

1956 4024 2158 4094 inquit,
2175 4022 2377 4078 fratres
2405 4041 2418 4077 :
2455 4038 2619 4078 nemo
2650 4037 2749 4077 vos
2780 4022 2903 4076 loco
2922 4021 3016 4075 illo
3042 4021 3252 4091 poterit
3281 4035 3524 4075 movere.

1955 4114 2256 4187 Castigatio
2285 4113 2505 4169 Domini
2524 4113 2750 4169 docebit
2780 4112 2960 4183 ipsum
2992 4111 3243 4167 misereri
3297 4111 3528 4167 afﬂicto-

1958 4223 2104 4274 rum,
2132 4216 2195 4261 ut
2221 4205 2398 4262 discat
2421 4203 2783 4275 experientia,
2815 4201 3166 4273 prapositum
3201 4217 3364 4257 suum
3427 4202 3530 4256 mi-

1955 4297 2106 4353 nime
2137 4288 2484 4352 conducibile
2547 4291 2745 4347 fuisse.
2771 4292 2906 4347 Post
2955 4290 3074 4347 hmc
3104 4291 3331 4347 oracula
3371 4290 3529 4347 breti

1956 4390 2144 4459 elapso
2172 4395 2444 4458 tempore,
2482 4392 2591 4440 tam
2624 4383 2737 4439 acri
2765 4382 2959 4461 dolgre
2983 4382 3247 4445 manibus
3268 4381 3531 4452 pedibus-

1876 4468 1930 4529 D
1958 4494 2069 4551 que
2091 4477 2332 4534 cruciari
2378 4474 2673 4547 episcOpus
2717 4472 2930 4543 coepit,
2996 4480 3056 4525 ut
3076 4467 3529 4541 nihilquidquam

1964 4573 2044 4628 rei
2068 4578 2307 4627 tractare
2336 4569 2450 4625 illis
2492 4577 2703 4639 posset,
2745 4578 2803 4622 et
2847 4565 2990 4622 sicut
3034 4579 3238 4635 corpus
3285 4562 3535 4619 exanime

1966 4666 2100 4722 ferri
2133 4678 2424 4721 necessum
2456 4662 2712 4728 haberet.
3101 4673 3105 4676 ν

2033 4758 2122 4813 77.
2153 4756 2376 4812 Homini
2395 4754 2613 4810 cuidam
2642 4753 2823 4808 Persae
2849 4750 3035 4822 gravis
3073 4747 3371 4803 admodum
3400 4757 3530 4799 cum

1963 4851 2212 4907 daemone
2242 4848 2391 4903 lucta
2418 4854 2558 4912 erat,
2590 4858 2705 4915 quo
2749 4859 2857 4899 nec
2904 4841 3131 4897 liberari
3196 4838 3307 4893 ullo
3361 4834 3528 4891 modo

1962 4948 2200 5012 poterat.
2242 4938 2437 4994 Astitit
2476 4936 2610 4991 huic
2662 4935 2912 5006 angelus,
2947 4931 3197 5000 dixitque
3245 4946 3260 4982 ε
3307 4927 3409 4982 Abi
3454 4926 3563 4981 ad'

1959 5048 2178 5089 servum
2206 5032 2303 5086 Dei
2331 5029 2690 5102 Symeonem,
2721 5032 3153 5083 commorantem
3192 5021 3249 5075 in
3304 5018 3533 5075 sublimi

1960 5134 2167 5190 monte,
2193 5140 2261 5179 ex
2284 5123 2525 5179 adverso
2568 5118 2898 5182 Antiochiae,
2950 5130 3064 5170 non
3118 5114 3194 5168 ita
3254 5110 3451 5182 procul
3503 5124 3538 5165 a

1965 5218 2102 5272 mari
2142 5217 2285 5272 sito:
2313 5215 2409 5270 illo
2432 5211 2814 5268 intercedente
2839 5217 2992 5264 certa
3023 5206 3124 5262 tibi
3157 5212 3346 5261 manet
3372 5217 3403 5257 a
3424 5201 3539 5256 Deo

1963 5312 2135 5367 salus.
2159 5310 2464 5364 Exsecutus
2487 5304 2579 5359 ille
2602 5302 2786 5358 omnia
2798 5309 2911 5367 est;
2939 5312 3176 5369 cumque
3189 5293 3537 5367 pervenisset

1964 5401 2033 5457 ad
2058 5406 2335 5462 sanctum,
2365 5393 2582 5464 singula
2609 5393 2792 5462 palam
2816 5388 3100 5446 enarravit
3125 5405 3138 5442 :
3173 5384 3270 5456 qui
3297 5381 3415 5439 fusa
3467 5381 3536 5436 ad

1966 5496 2140 5549 Deum
2174 5504 2361 5561 prece,
2395 5487 2548 5541 exire
2578 5485 2883 5539 daemonem
2932 5477 3320 5554 jubet;:cujus
3362 5472 3538 5531 conti-

1965 5631 2129 5688 nidus
2176 5636 2225 5682 et
2276 5619 2636 5695 Lychnidium
2685 5620 2988 5690 appellatur
3024 5615 3145 5671 urbs
3195 5612 3532 5685 archiepisco.

1965 5702 2102 5773 palis
2138 5699 2188 5754 Μ
2198 5695 2478 5753 acedoniw.
