4026 6292
523 310 666 377 3059

1732 313 1793 372 S.
1835 312 2209 383 SYMEONIS
2246 314 2604 376 JUNIORIS

524 437 635 477 nuo
664 420 935 490 planctus,
970 420 1347 485 tumultuatio,
1377 431 1543 491 atque
1593 423 1861 477 clamores
1912 420 2093 474 auditi.

2206 421 2611 492 παραγγέλλει·
2645 422 2741 477 καὶ
2778 423 2977 477 αὐτίκα
3023 419 3292 489 κλαυθμοὶ
3343 415 3437 471 τοῦ
3487 414 3755 487 δαίμονος,

526 520 683 575 sunt,
713 518 908 582 utpote
927 526 1037 566 non
1059 511 1284 568 ferentis
1306 511 1410 566 viri
1439 511 1611 567 sancti
1636 511 2096 581 increpationem,

526 605 924 674 clamantisque
952 622 965 658 :
1001 604 1228 660 Missum
1260 620 1346 659 me
1373 604 1485 670 fac;
1521 611 1578 659 et
1603 618 1773 658 exeo:
1806 604 1922 657 scio
1949 603 2096 656 enim

527 697 654 766 quis
692 696 789 761 sis,
822 706 880 751 et
907 706 1173 768 quantam
1224 697 1351 751 Filii
1409 696 1505 751 Dei
1552 696 1812 751 virtutem
1868 695 2098 750 habeas.

527 788 667 841 Dum
702 786 819 842 haec
844 787 1002 853 fiunt,
1040 787 1220 843 visum
1254 786 1481 842 obsesso
1502 796 1607 851 est,
1642 801 1902 840 coronam
1926 785 2096 855 capiti

531 876 823 948 Symeonis
851 876 1216 944 circumdari;
1248 878 1408 949 cujus
1429 887 1487 932 et
1509 875 1866 947 pulchritudo
1896 885 1951 930 et
1975 875 2094 929 auri

528 967 934 1022 intermicantis
982 967 1158 1032 nitor,
1207 976 1265 1022 et
1318 972 1657 1047 gemmarum
1723 966 2008 1043 Splendor,
2041 976 2097 1021 et

526 1057 712 1112 erucis
746 1057 1160 1127 impositzetlux,
1191 1057 1443 1127 lucisque
1464 1056 1645 1128 fulgor
1688 1071 1753 1111 ac
1810 1064 2093 1120 venustas,

527 1158 583 1204 et
643 1148 1203 1205 circumvolitantium
1263 1151 1585 1220 angelorum
1626 1148 1926 1214 cohortes,
1987 1158 2095 1202 tam

532 1240 745 1295 insolita
767 1248 928 1296 erant
948 1240 1155 1306 omnia,
1184 1250 1245 1295 ut
1267 1241 1495 1311 exsequi
1539 1240 1726 1295 verbis
1780 1254 1944 1296 nemo
1974 1255 2100 1309 pos-

527 1331 637 1385 sit:
697 1330 806 1385 illis
862 1340 1046 1387 autem
1105 1333 1258 1387 velut
1328 1333 1453 1403 i'gne
1527 1331 1788 1401 quodam,
1840 1330 2096 1400 pertinax

529 1423 741 1477 daemon
763 1432 989 1478 coactus
1004 1431 1089 1479 est
1100 1424 1394 1494 emigrare;
1418 1421 1883 1492 quemadmodum
1896 1420 2099 1475 deinde

525 1516 697 1570 miser
726 1515 857 1582 ille,
901 1516 1015 1587 jam
1065 1516 1170 1571 sibi
1218 1515 1491 1579 redditus,
1545 1515 1722 1584 palam
1759 1512 2095 1583 divulgabat,

526 1623 691 1661 sanus
720 1601 943 1661 domum
973 1623 1128 1662 suam
1161 1616 1441 1678 repetens,
1477 1617 1533 1661 et
1581 1621 1749 1679 opera
1781 1605 1878 1659 Dei
1924 1605 2101 1675 genti-

484 1710 507 1729 ‘
528 1699 632 1752 bus
660 1700 1025 1757 annuntians.

599 1882 685 1935 78.
723 1880 990 1936 iuvenem
1028 1881 1321 1950 quemdam
1367 1881 1643 1935 invaserat
1667 1879 1901 1943 daemon,
1935 1892 2099 1947 quem

530 1982 640 2027 tam
659 1973 876 2028 miseris
897 1972 1189 2043 torquebat
1205 1973 1404 2040 modis,
1435 1980 1497 2027 ut
1518 1988 1634 2042 pra:
1662 1971 1831 2025 nimia
1853 1970 2103 2039 corporis

527 2065 846 2119 extensione
874 2065 1020 2119 oculi
1053 2064 1280 2121 sedibus
1322 2064 1436 2119 suis
1474 2064 1723 2133 erupturi
1756 2064 2097 2119 viderentur.

526 2155 866 2210 Periclitanti
882 2155 1074 2226 igitur,
1093 2156 1310 2210 cunctis
1325 2155 1730 2221 deﬁcientibus,
1744 2155 1944 2210 adeste
1960 2155 2101 2209 caelo

529 2249 780 2318 angelus,
811 2248 1003 2302 habitu
1038 2262 1101 2302 ac
1136 2247 1319 2318 specie
1362 2247 1573 2313 militis,
1619 2248 1771 2301 abire
1805 2246 1984 2316 ipsum
2045 2246 2100 2299 in

529 2347 772 2400 montem
804 2339 1111 2394 mirabilem
1146 2338 1214 2392 ad
1247 2346 1496 2393 sanctum
1529 2337 1851 2410 Symeoncm
1876 2338 2099 2408 jubens.

526 2430 831 2503 lpseenim,
845 2431 1043 2501 inquit,
1065 2445 1097 2485 a
1111 2429 1498 2497 vexationibus
1516 2430 1782 2484 daemonis
1797 2438 1846 2482 te
1867 2429 2099 2483 liberum

526 2520 827 2591 praestabit.
857 2520 1052 2576 Statim
1084 2521 1253 2592 igitur
1276 2522 1478 2593 juvene
1507 2522 1613 2575 iter
1643 2520 1709 2575 ad
1746 2528 1994 2575 sanctum
2020 2521 2103 2574 in-

525 2627 733 2680 gresso,
763 2620 1064 2682 sanctoque
1107 2612 1590 2682 inexpugnabilem
1631 2612 1836 2668 Christi
1879 2628 2100 2669 crucem

528 2703 631 2772 ipsi
667 2701 1016 2771 imprimente
1038 2743 1054 2768 ,
1094 2702 1387 2759 videbatur
1422 2703 1530 2759 sibi
1555 2703 1770 2760 daemon
1797 2705 1969 2775 ignito
1996 2705 2103 2759 ful-

525 2794 673 2847 mine
737 2793 1056 2865 perstringi,
1093 2793 1452 2850 exclamans:
1513 2793 1656 2863 Quid
1696 2796 1890 2861 hocce,
1943 2812 2102 2852 serve

527 2884 660 2939 Dei?
679 2884 813 2969 quid
837 2900 924 2940 me
948 2895 1058 2940 tam
1085 2885 1399 2941 immaniter
1436 2888 1688 2942 cremas?
1711 2903 1931 2959 nequeo
1951 2889 2100 2944 enim

528 2980 836 3038 terribilem
861 2981 957 3037 Dei
992 2996 1238 3046 manum,
1262 2996 1384 3052 quae
1408 2980 1467 3037 in
1487 2990 1540 3037 te
1562 2994 1667 3046 est,
1688 2984 1980 3038 sustinere.
2006 2984 2102 3041 illa

526 3078 641 3137 est,
658 3085 781 3141 qua:
808 3085 919 3124 non
942 3070 1120 3124 solum
1143 3085 1245 3124 nos
1273 3071 1436 3140 igneo
1460 3071 1745 3128 consuevit
1762 3071 1975 3142 flagello
2003 3073 2103 3143 eji-

528 3175 681 3223 cere,
707 3158 1076 3229 sed-eLpopuli
1101 3161 1529 3231 mgritudinibus
1546 3161 1729 3253 omnis
1743 3162 1963 3232 generis
1985 3179 2100 3218 me-

529 3253 708 3306 delam
738 3250 962 3307 afferre.
1001 3251 1195 3306 Isthmo
1231 3266 1465 3321 nequam
1496 3250 1727 3321 spiritus
1760 3267 1860 3324 per
1892 3253 2103 3308 obsessi

528 3343 769 3415 linguam
811 3343 1086 3407 elocutus,
1129 3343 1396 3405 continuo
1428 3342 1659 3399 abactus
1701 3351 1788 3398 est
1836 3360 1858 3399 :.
1886 3344 2106 3414 juvenis

528 3450 668 3490 vero
692 3434 981 3499 liberatus,
1008 3429 1191 3490 oculis
1224 3435 1343 3490 suis
1366 3435 1646 3505 angelum,
1681 3433 1866 3491 omnia
1914 3434 2106 3490 militis

529 3526 883 3593 referentem,
906 3535 1088 3583 astare
1121 3526 1379 3599 Symeeui
1410 3527 1721 3598 conspexit,
1753 3542 1991 3598 cumque
2038 3544 2107 3584 eo

529 3620 766 3690 colloqui
818 3619 1195 3688 familiariter,
1242 3619 1707 3690 quemadmodum
1747 3620 1949 3676 deinde
2000 3621 2110 3692 ipsi

530 3710 798 3765 narravit.
842 3711 972 3766 Post
1010 3712 1128 3767 haec
1170 3720 1226 3767 et
1267 3728 1367 3783 pro
1400 3712 1782 3769 incolumitate
1807 3711 1969 3781 pedis
2018 3712 2105 3767 sui

530 3810 791 3871 precatus
816 3812 900 3857 est
929 3803 1282 3869 adolescens;
1314 3814 1437 3859 erat
1475 3805 1682 3874 quippe
1733 3804 1784 3858 is
1811 3804 2107 3860 admodum

533 3893 770 3959 debilis,
823 3901 881 3949 et
936 3893 1052 3955 fere
1102 3894 1171 3949 ad
1226 3894 1591 3965 gradiendum
1641 3894 1855 3950 inutilis
1902 3913 1916 3949 :
1971 3896 2106 3965 qui,

530 3983 791 4054 imposita
809 4000 841 4039 a
860 3983 1130 4056 Symeone
1152 4000 1315 4039 manu
1336 3984 1666 4051 medicante,
1687 3986 1936 4040 oratione
1966 3986 2106 4050 fusa,

534 4087 591 4131 et
623 4078 778 4147 signo
806 4078 988 4133 crucis
1009 4078 1299 4148 impresso,
1331 4076 1620 4132 confestim
1656 4077 1865 4147 integer
1901 4091 1965 4131 ac
2014 4076 2108 4130 fir-

538 4184 661 4222 mus
692 4166 849 4222 alteri
878 4168 1192 4223 omnimode
1228 4167 1426 4223 similis
1447 4167 1570 4225 fuit.

607 4444 693 4497 79‘.
727 4443 881 4497 Alter
907 4443 1168 4499 violentia
1191 4444 1457 4499 daemonis
1481 4444 1677 4500 faciem
1701 4445 1990 4501 distortam
2012 4445 2111 4498 ha-
2134 4447 2189 4507 D

536 4541 721 4605 bebat,
753 4540 851 4596 sed
880 4540 1373 4595 invocavitnomen
1397 4539 1688 4611 Symeonis
1702 4555 1804 4609 pro
1827 4539 2106 4595 remedio:

533 4648 665 4689 ecce
697 4643 880 4687 autem
908 4632 964 4686 in
1003 4631 1187 4686 medio
1232 4647 1359 4687 aere
1386 4631 1739 4701 conspicatus
1779 4632 1958 4701 ipsum
2003 4639 2108 4695 est,

534 4723 751 4793 virgam
772 4721 986 4793 igneam
1016 4729 1319 4792 gerentem,
1351 4730 1408 4776 et
1435 4736 1561 4777 cum
1589 4720 1796 4791 impetu
1828 4720 1894 4775 ad
1926 4737 1985 4776 se
2011 4721 2111 4775 de-

535 4815 833 4869 labeutem.
884 4814 1005 4869 Non
1054 4814 1184 4869 tulit
1235 4814 1490 4884 impurus
1537 4814 1771 4884 spiritus
1811 4812 2110 4868 adventum
2151 4834 2159 4841 η

534 4902 662 4967 viri,
695 4903 751 4958 in
796 4912 1014 4974 turpem
1059 4902 1241 4975 fugam
1278 4917 1579 4959 conversus
1612 4920 1627 4957 :
1663 4917 1898 4973 moxque
1929 4902 2114 4956 vultus

537 4993 743 5049 misero
776 4995 1090 5059 restitutus,
1118 4995 1383 5065 deinceps
1411 5010 1471 5049 se
1498 4994 1696 5049 habuit
1725 5003 1871 5049 recte
1899 5003 1955 5047 et
1977 5008 2112 5047 con-

536 5089 825 5146 venienter
849 5100 1080 5146 naturae.
1119 5089 1354 5156 Quidam
1391 5090 1448 5144 in
1489 5090 1630 5160 pede
1661 5103 1882 5143 morsus
1912 5096 2031 5142 erat
2083 5103 2115 5142 a

537 5192 815 5251 serpente,
845 5183 1068 5253 jamque
1098 5198 1373 5237 venenum
1402 5182 1618 5237 vulneri
1653 5180 2112 5250 putrefactionem

537 5288 827 5343 generaus,
864 5291 1089 5330 manum
1127 5282 1416 5345 artemque
1460 5274 1803 5330 medicorum
1846 5287 2114 5342 superva—

538 5378 767 5419 caneam
789 5365 1075 5431 reddebat,
1093 5375 1151 5421 et
1166 5375 1493 5437 prmsentem
1511 5374 1744 5420 mortem
1767 5365 2045 5419 minabatu
2056 5382 2080 5417 r
2096 5382 2110 5430 ;

541 5471 772 5527 eamque
804 5458 921 5528 ipse
952 5474 1128 5529 aeger,
1169 5459 1334 5515 rebus
1359 5459 1617 5514 omnibus
1653 5457 1977 5528 desperatis,
2019 5472 2116 5512 ex-

544 5549 847 5617 spectabat.
873 5551 1096 5606 interim
1118 5552 1410 5607 hortantur
1429 5550 1673 5619 quidam,
1697 5567 1849 5621 spem
1874 5567 2029 5607 suam
2059 5552 2115 5607 in

547 5649 735 5695 sancto
752 5650 814 5695 ut
842 5641 1092 5707 collocet,
1116 5651 1305 5712 utpote
1335 5642 1429 5711 qui
1455 5642 1603 5696 solus
1635 5643 1895 5713 ingruens
1916 5642 2113 5698 discri-

555 5741 678 5784 men
700 5732 874 5800 possit
894 5746 1104 5787 arcere.
1126 5730 1373 5787 Credidit
1399 5730 1534 5799 ipse,
1563 5732 1921 5802 invocatoque
1943 5733 2113 5787 sancti

2200 515 2293 567 καὶ
2324 512 2541 584 θόρυϐοι
2572 514 2667 568 καὶ
2694 514 2933 582 κραυγαὶ
2986 515 3085 567 οὐκ
3114 506 3428 577 ἐνεγκόντος
3461 507 3572 577 τὴν
3600 508 3759 562 ἐπιτί-

2202 623 2386 676 μησιν,
2423 608 2582 668 Ἀνες
2635 624 2745 676 μοι,
2782 607 2874 659 καλ⁸
2917 604 3114 675 ἔξειμι,
3146 604 3398 671 λεγοντος
3424 618 3437 631 ·
3491 596 3616 654 οῖδα
3665 601 3759 670 γὰρ

2203 695 2287 758 τίς
2342 714 2399 748 τε
2449 691 2520 759 εἴ,
2555 696 2650 749 καὶ
2696 697 2817 765 ἥτις
2847 697 2881 766 ἡ
2929 698 2987 749 ὲν
3042 697 3128 748 σοὶ
3169 692 3264 746 τοῦ
3314 690 3449 746 Υἱοῦ
3516 692 3617 744 τοῦ
3643 690 3760 743 Θεοῦ

2199 786 2468 858 ἐνέργεια.
2511 788 2600 840 Ἐν
2661 788 2772 858 ὅσῳ
2808 787 2864 841 δὲ
2907 786 3078 840 ταῦτα
3116 786 3437 857 ἐπράττετο,
3474 783 3654 837 ἐδόκει
3692 783 3757 852 τῷ

2202 877 2465 944 πάσχοντι
2497 875 2591 930 τὸν
2622 877 2885 945 στέφανον
2917 880 2943 930 ὁ
2968 876 3192 947 Συμεὼν
3218 879 3284 946 τῇ
3337 875 3556 944 κεφαλῇ
3620 893 3783 947 περι-η

2202 969 2416 1021 κεῖσθαι
2444 985 2458 1000 ο
2490 970 2553 1022 τὸ
2611 948 2668 1023 at
2705 970 2800 1024 τοῦ
2861 970 3126 1038 στεφάνου
3179 968 3397 1031 κάλλος,
3440 968 3503 1020 αἱ
3571 966 3629 1020 δὲ
3682 968 3761 1022 τοῦ

2202 1060 2402 1130 χρυσοῦ
2446 1056 2867 1130 ὼραιότητες,αἱ
2881 1057 2936 1109 δὲ
2953 1058 3063 1111 τῶν
3074 1057 3235 1111 λίθων
3248 1057 3436 1125 αὐγαὶ,
3464 1060 3496 1111 ὁ
3520 1058 3568 1111 δ’
3593 1060 3681 1110 ἐπὶ
3698 1060 3763 1127 τῷ

2202 1151 2452 1219 στεφάνῳ
2479 1150 2730 1221 σταυρὸς,
2762 1151 2824 1203 τὺ
2852 1150 2908 1203 δὲ
2934 1149 3027 1202 τοῦ
3061 1148 3295 1220 σταυροῦ
3333 1149 3474 1216 φῶς,
3510 1149 3569 1202 αἱ
3598 1146 3654 1200 δὲ
3678 1146 3759 1199 τοῦ

2200 1242 2379 1308 more;
2409 1240 2568 1294 πάλιν
2602 1241 2879 1311 ἀστραπαί
2912 1258 2972 1293 τε
3004 1242 3096 1293 καὶ
3126 1241 3371 1312 χάριτες,
3396 1240 3461 1292 τὸ
3494 1240 3556 1292 δὲ
3583 1238 3763 1291 κυκλό-

2201 1332 2293 1386 θεν
2352 1334 2450 1400 τῆς
2486 1333 2811 1402 Ἀγγελικῆς
2861 1335 3122 1402 στρατιᾶς
3181 1332 3407 1401 πλῆθος,
3437 1330 3678 1401 ἄρῤητόν
3718 1347 3759 1381 τι

2201 1427 2389 1496 χρῆμα
2419 1427 2511 1478 καὶ
2539 1425 2852 1497 ἀπόρρητον
2894 1422 3036 1495 ἦσαν
3061 1441 3075 1454 ·
3102 1425 3191 1493 ὑφ’
3218 1418 3295 1478 ὧν
3327 1428 3355 1478 ὁ
3387 1423 3629 1493 χαλεπὸς
3662 1423 3761 1474 δαί-

2205 1536 2320 1588 μων
2352 1521 2558 1582 ἐκεῖνος
2580 1518 2654 1580 ὡς
2676 1518 2783 1572 ἀπὸ
2811 1517 2982 1588 πυρὸς
3008 1516 3321 1586 ἀπηλλάγη,
3343 1517 3419 1577 ὡς
3445 1515 3586 1584 μετά
3608 1513 3761 1568 ταῦτα

2204 1608 2390 1674 casti);
2441 1607 2683 1678 ἐκνήψας
2729 1608 2910 1670 αὐτὸς,
2953 1609 2981 1659 ὁ
3037 1607 3129 1661 τοῦ
3180 1606 3386 1669 πάθους
3438 1604 3759 1670 ἀπαλλαγείς

2206 1700 2472 1768 ἐξηγεῖτο,
2507 1700 2668 1770 ὑγιὴς
2698 1702 2774 1763 εἰς
2809 1700 3148 1769 τὴνδοίκείαν
3185 1697 3447 1763 ἐπανιὼν,
3466 1697 3565 1752 καὶ
3588 1696 3655 1750 τὰ
3679 1695 3758 1750 τοῦ

2132 1774 2173 1827 Β
2208 1792 2341 1844 Θεοῦ
2380 1793 2516 1859 ἔργα
2548 1794 2660 1854 τοῖς
2680 1790 2889 1843 ἔθνεσιν
2910 1790 3295 1858 ἀπαγγέλλων.

2272 1890 2372 1952 or".
2405 1883 2691 1951 Νεανίσκῳ
2716 1883 2823 1935 nvi.
2847 1882 3057 1951 δαίμων
3097 1881 3464 1951 ἐπιπηδήσας,
3502 1879 3646 1933 οὕτω
3672 1895 3757 1931 κα-

2203 1973 2312 2035 κῶς
2340 1973 2498 2026 αὑτὸν
2529 1971 2768 2036 διετίθει,
2811 1972 2886 2032 ὼς
2917 1973 3008 2023 καὶ
3047 1972 3173 2033 τοὺς
3203 1969 3521 2039 ὀφθαλμοὺς
3550 1968 3629 2039 τῷ
3655 1984 3759 2020 νεα-

2202 2066 2372 2135 νίσκῳ
2401 2067 2576 2117 δοκεῖν
2622 2064 2726 2116 ὑπὸ
2762 2064 2861 2132 τῆς
2906 2062 3108 2130 πολλῆς
3138 2061 3232 2114 τοῦ
3266 2059 3522 2130 σώματος
3568 2059 3760 2119 Idaeo);

2205 2156 2417 2226 μέλλειν
2446 2156 2546 2225 ἤδη
2578 2154 2683 2207 τῶν
2716 2155 2930 2207 οἰκείων
2955 2153 3243 2222 πυθμένων
3276 2152 3618 2218 ἐξάλλεσθαι.
3649 2151 3759 2200 Κιν-

2201 2248 2472 2301 δυνεύοντι
2494 2247 2691 2312 τοίνυν,
2722 2247 2817 2300 καὶ
2846 2248 2958 2308 τοῖς
2988 2245 3133 2307 ὅλοις
3165 2243 3552 2314 ἀπορουμένῳ,
3579 2243 3760 2307 Ἀγγε-

2201 2342 2294 2404 λος
2324 2340 2527 2394 ἀνωθεν
2560 2338 2787 2401 ἐπιστὰς
2810 2340 2866 2391 ὲν
2888 2338 3017 2393 εἴδει
3036 2338 3141 2412 καὶ
3152 2337 3389 2405 σχήματι
3414 2334 3753 2404 στρατιώτου,

2200 2434 2496 2502 ἀφικέσθαι
2539 2433 2691 2503 παρά
2718 2431 2779 2485 τὸ
2809 2430 3118 2501 θαυμαστὸν
3145 2429 3271 2500 ὅρος
3299 2426 3466 2481 αὐτὸν
3525 2425 3653 2494 πρὸς
3679 2421 3757 2475 τὸν

2203 2530 2343 2583 θεῖον
2359 2527 2585 2600 Συμεὼν
2607 2527 2959 2598 ἔπισκήπτει·
2978 2526 3147 2587 Αὐτὸς
3166 2524 3275 2594 γάρ
3298 2539 3379 2587 σε,
3397 2521 3557 2591 φησι,
3573 2516 3753 2590 τῆςτθῦ

2203 2620 2455 2691 δαίμονος
2503 2619 2767 2690 ἐπηρείας
2824 2616 3200 2688 ἐλευθερώσει.
3242 2614 3455 2668 Αὐτίκα
3503 2611 3631 2681 γοῦν
3672 2607 3752 2662 τοῦ

2203 2712 2485 2767 νεανίσκου
2516 2711 2594 2780 τῷ
2628 2711 2796 2780 ’Δγίῳ
2841 2709 3268 2781 παρασσλόντος,
3303 2706 3520 2760 ἐκείνου
3572 2720 3631 2756 τε
3670 2703 3753 2771 τὴν

2202 2807 2415 2876 ἄμαχον
2456 2803 2603 2874 αὐτῷ
2648 2801 2744 2857 τοῦ
2793 2801 3031 2873 Χριστοῦ
3087 2799 3358 2871 σφραγῖδα
3399 2796 3749 2857 ἐπιϐαλόντος,

2202 2898 2380 2951 ἐδόκει
2407 2896 2497 2950 διὰ
2524 2896 2695 2964 πυρὸς
2722 2894 3008 2966 ἀστραπῆς
3037 2895 3065 2945 ὁ
3090 2892 3301 2961 δαίμων
3326 2890 3523 2944 ἑαυτὸν
3547 2888 3668 2957 ὁρᾷν
3687 2903 3751 2938 τι·

2207 2988 2556 3060 μωρούμενον
2570 3003 2586 3019 ο
2608 2987 2674 3039 Τί
2698 2984 2875 3047 τοῦτο,
2891 2984 3043 3038 δοῦλε
3062 2982 3155 3037 τοῦ
3175 2981 3312 3035 Θεοῦ
3337 2998 3353 3046 ;
3379 2980 3559 3049 λέγων
3580 2994 3593 3008 ·
3620 2976 3668 3029 τί
3696 2991 3751 3044 με

2202 3080 2390 3143 δεινῶς
2441 3078 2776 3149 πυρπολείςς
2824 3076 2947 3129 οὐδὲ
2980 3074 3089 3143 γὰρ
3127 3074 3224 3141 τὴν
3273 3074 3332 3125 ὲν
3378 3072 3467 3124 σοὶ
3505 3069 3598 3123 τοῦ
3638 3064 3749 3121 Θεοῦ

2154 3147 2171 3169 Δ
2204 3174 2361 3244 χεῖρα
2397 3147 2634 3238 δύνοίμαι
2679 3164 2888 3236 στέγειν
2917 3165 3016 3235 τὴν
3055 3162 3310 3233 ιροόερὰν⁹
3342 3163 3471 3232 ἥτις
3503 3160 3598 3228 οὐχ
3628 3156 3752 3228 ἡμᾶς

2206 3265 2417 3334 πέφυκε
2468 3263 2628 3334 μόνον
2665 3259 2884 3331 μάστιξι
2931 3259 3183 3329 πυρίναις
3208 3253 3479 3316 ἐλαύνειν,
3518 3249 3644 3305 ἀλλά
3673 3245 3751 3300 καὶ

2204 3358 2393 3422 νόσους
2414 3355 2492 3426 τῷ
2512 3354 2627 3425 λαῷ
2653 3350 2998 3421 παντοδαπὰς
3026 3346 3369 3419 θεραπεύειν.
3394 3344 3582 3398 Ταῦτα
3600 3341 3654 3393 τὸ
3675 3354 3752 3391 πο-

2206 3450 2370 3520 νηρὸν
2427 3448 2604 3501 έκεῖνο
2647 3442 2867 3513 πνεῦμα
2921 3443 2987 3512 τῇ
3044 3437 3138 3493 ⁴νοῦ
3194 3437 3498 3505 πάσχοντος
3566 3429 3751 3501 γλώττῃ

2208 3538 2602 3609 φθεγξάμενον,
2652 3533 2814 3598 εὐθὺς
2866 3532 3175 3601 ἀπελήλατο
3196 3546 3211 3562 ο
3238 3523 3406 3599 οὗπερ
3438 3527 3472 3579 ὁ
3505 3522 3751 3578 νεανίσκος

2208 3632 2567 3699 ἀπαλλαγεὶς,
2606 3626 2872 3696 ’Ἄγγελον
2915 3626 3010 3678 ὑπ’
3038 3621 3351 3692 ὀφθαλμοὺς
3390 3618 3540 3690 ἐώρα
3575 3613 3643 3683 τῷ
3667 3612 3750 3664 Συ-

2213 3723 2359 3796 μεὼν
2406 3724 2465 3776 ὲν
2515 3719 2827 3792 ὁμοιώματι
2877 3713 3210 3789 στρατιώτου
3252 3704 3656 3781 παρεστηκότα,
3688 3701 3747 3761 ὡς

2210 3792 2369 3878 αὐτὸς
2406 3814 2633 3883 ὕστερον
2669 3809 2931 3882 ἐξηγεῖτο,
2964 3810 3056 3861 καὶ
3086 3804 3232 3873 αὑτῷ
3263 3803 3504 3872 γνησίως
3540 3792 3746 3861 διαλεγό-

2213 3922 2393 3976 μενον.
2447 3902 2582 3957 Εἶτα
2641 3903 2736 3956 καὶ
2795 3902 2929 3968 περὶ
2974 3898 3087 3952 τοῦ
3118 3897 3273 3958 ποδὸς
3319 3894 3524 3948 ἑδείτοο
3566 3887 3629 3961 ἦν
3662 3887 3748 3953 γὰρ

2210 3996 2452 4058 ἀσθενῶς
2501 3994 2641 4064 ἔχων
2691 3993 2770 4062 τῷ
2796 3991 3100 4060 νεανίσκῳ⁶
3140 3986 3337 4057 μικροῦ
3389 3986 3445 4038 δὲ
3484 3982 3573 4038 καὶ
3610 3978 3748 4047 ἀχρῇ·

2213 4102 2353 4149 στως
2372 4086 2400 4136 ὁ
2421 4083 2557 4151 πορς
2579 4100 2594 4114 ο
2630 4084 2789 4152 χεῖρα
2815 4080 2993 4133 τοίνυν
3024 4077 3105 4148 τῷ
3120 4076 3259 4129 «ποδὶ
3275 4074 3369 4129 τοῦ
3414 4071 3628 4141 Συμεὼν
3648 4070 3746 4119 ἐπι-

2213 4177 2392 4240 θέντος
2425 4176 2556 4246 εὐχῇ
2579 4173 3049 4246 θεραπευομένην,
3077 4170 3154 4240 τῷ
3176 4185 3236 4221 τε
3255 4166 3350 4221 τοῦ
3373 4163 3604 4237 σταυροῦ
3623 4160 3748 4225 τύπῳ

2213 4268 2730 4338 διασφραγίσαντος,
2760 4263 2929 4334 ὑγιῶς
2959 4262 3180 4327 αὐτίκα,
3215 4260 3311 4314 καὶ
3345 4259 3558 4331 θατέρῳ
3584 4256 3637 4309 τὸ
3662 4253 3746 4304 πᾶν

2214 4357 2358 4430 εἶχεν
2387 4359 2609 4427 ὁμοίως.
2954 4388 2963 4393 -

2284 4450 2379 4504 οθθ.
2415 4451 2643 4522 Ἕτερος
2675 4466 2777 4512 τις,
2811 4448 3028 4514 δαίμονι
3050 4446 3148 4515 τὴν
3189 4444 3311 4514 ΰψιν
3352 4443 3675 4514 διάστροφος.
3699 4432 3745 4485 τδ

2214 4544 2306 4598 τοῦ
2332 4543 2479 4595 θείου
2507 4544 2579 4595 Συ
2589 4540 2732 4613 μεὼν
2759 4540 2930 4610 ὄνομα
2953 4540 3033 4602 είς
3059 4538 3203 4591 ἴασιν
3220 4541 3316 4590 τοῖ
3350 4536 3555 4598 πάθους
3580 4536 3746 4586 ἐπεκαν

2214 4638 2378 4700 λεῖτο,
2421 4634 2515 4688 καί
2547 4651 2681 4686 ποτε
2708 4631 2898 4685 τοῦτον
2945 4633 3002 4683 ὲν
3052 4630 3234 4701 αἰθέρι
3286 4629 3438 4699 μέσῳ
3470 4625 3647 4699 ῥάϐδον
3677 4618 3744 4671 διὰ

2216 4727 2397 4799 χειρὸς
2429 4726 2617 4793 ἔχοντα
2650 4723 2883 4792 πυρίνην
2913 4724 3014 4793 ὁρᾷ
3034 4763 3047 4786 ,
3090 4721 3184 4774 καὶ
3231 4720 3477 4790 σφοδρῶς
3510 4717 3589 4769 ἐπ’
3615 4711 3744 4766 aiaer

2217 4815 2539 4887 φερόμενον.
2577 4813 2685 4868 Τοῦ
2731 4815 2862 4881 γοῦν
2901 4811 3210 4883 ἀκαθάρτου
3245 4811 3548 4881 πνεύματος
3570 4803 3742 4860 ἔκείνου

2214 4908 2313 4978 τὴν
2360 4906 2548 4976 ἔφοδον
2587 4907 2687 4958 οὐκ
2732 4904 3064 4973 ἐνεγκόντος,
3095 4902 3214 4956 ἀλλ’
3255 4904 3333 4964 είς
3372 4901 3546 4970 φυγὴν
3582 4889 3741 4961 ἀγεννῆ

2215 4997 2583 5069 τραπομένου,
2631 4997 2692 5049 τό
2737 5014 2797 5049 τε
2836 4995 3126 5065 πρόσωπον
3172 4993 3248 5063 τῷ
3283 4993 3541 5063 πάσχοντι
3579 4985 3741 5040 εὐθέως

2216 5089 2586 5159 ἀποκατέστη,
2628 5089 2721 5142 καὶ
2750 5088 2923 5160 ὀρθῶς
2962 5087 3056 5139 τοῦ
3091 5085 3277 5139 λοιποῦ
3318 5085 3412 5138 καὶ
3449 5082 3578 5136 κατὰ
3616 5075 3741 5143 φύσιν

2220 5182 2386 5255 εἶχεν.
2416 5184 2577 5251 -Οφει
2598 5181 2820 5251 δέδηκτό
2851 5197 2935 5243 τις
2970 5179 3159 5249 ἰοίόλῳ
3200 5178 3291 5230 τὸν
3322 5177 3479 5233 πόδα,
3505 5173 3588 5228 καὶ
3612 5164 3739 5260 σῆψιν

2217 5276 2246 5329 ὁ
2270 5276 2349 5336 ἑὸς
2380 5274 2709 5344 ἐμποιήσας,
2741 5272 2801 5325 οὐ
2831 5274 2988 5342 χεῖρα
3032 5269 3191 5339 μόνον
3231 5268 3325 5321 καὶ
3352 5267 3541 5335 τέχνην
3580 5262 3740 5344 ἱατργων

2217 5343 2582 5431 ἀπαγορεύειν
2633 5360 2827 5426 ἐποίει,
2881 5361 2997 5414 ἀλλ’
3026 5362 3125 5431 ἤδη
3175 5359 3269 5412 καὶ
3305 5357 3527 5411 θάνατον
3566 5343 3739 5419 ἠπείλει

2220 5455 2363 5523 σαφῆ
2387 5471 2400 5484 ⁹
2428 5453 2565 5524 πρὸς
2597 5453 2657 5507 δν
2680 5452 2774 5504 καὶ
2809 5452 2968 5521 μόνον
2994 5451 3024 5505 ὁ
3055 5450 3298 5519 πάσχων,
3328 5449 3434 5500 τῶν
3460 5446 3616 5502 ἄλλων
3640 5439 3740 5489 ἀπο·

2219 5546 2379 5614 γνοὺς
2409 5545 2687 5610 ἁπάντων,
2721 5544 2887 5615 ἐώρα.
2935 5543 3309 5596 ’Υποτείνουσι
3341 5539 3397 5594 δέ
3424 5553 3555 5598 τινες
3576 5531 3656 5590 τὰς
3675 5525 3735 5583 είς

2220 5640 2310 5692 τὸν
2349 5640 2538 5706 Ἃγιον
2594 5637 2814 5700 ἐλπίδας
2860 5635 3031 5705 αὐτῷ,
3080 5634 3328 5705 καθάπερ
3372 5631 3567 5685 ἐκείνου
3606 5622 3735 5706 μόνον

2222 5733 2408 5802 στῆναι
2441 5732 2575 5800 πρὸς
2607 5729 2748 5783 οὕτω
2787 5730 3017 5801 φανερὸν
3054 5720 3295 5782 κίνδυνον
3340 5720 3632 5793 δυναμένον,
3672 5698 3733 5763 οἷς

3634 307 3758 370 30m
3828 331 3839 346 ·
