4026 6292
400 263 551 357 3063.

1566 268 1625 328 S.
1668 269 2053 329 SYMEONIS
2090 268 2449 329 JUNIORIS

3549 267 3705 331 306i

314 428 322 437 ,
398 362 724 432 ςὲιιιειευιιοιη
754 377 975 448 capitis,
1009 377 1310 433 cincturam
1347 393 1652 446 saccorum,
1712 391 1772 435 ut
1841 380 1977 435 dixit

2082 381 2344 450 κεφαλῆς,
2403 381 2497 434 καὶ
2566 380 2730 444 ζῶσιν
2788 377 3027 442 σάκκων,
3072 381 3103 432 ὁ
3165 377 3305 441 θεῖος
3376 373 3566 434 εἶπεν
3628 383 3703 435 ἂν

397 450 622 521 ἑαηεῑυε
662 465 851 520 lsaias.
885 467 1198 533 Quinetiam
1250 469 1658 538 gracizantium
1700 473 1973 538 nonnulli,

405 570 599 609 vanam
651 554 1021 627 fallacemque
1060 559 1410 629 astrologiam
1473 561 1890 629 blaterantium,
1919 574 1976 619 et

398 658 673 707 astrorum
705 658 866 720 raptu
901 651 1227 705 sublunaria
1253 650 1370 706 haec
1398 663 1583 708 nostra
1640 655 1802 709 simul
1854 672 1973 709 ma-

398 741 517 793 veri
547 741 1394 810 arbitrantium,;interdiccbant
1414 746 1523 816 jam
1552 755 1668 800 tum
1698 748 1803 802 sibi
1835 731 1974 803 civi-

396 840 531 896 tate,
572 835 842 901 tanquam
861 834 1085 903 penitus
1111 835 1326 889 ruitura
1358 838 1703 907 propediem.

466 1010 553 1064 82.
590 1010 827 1082 Symeon
875 1011 1062 1083 igitur,
1100 1014 1330 1071 Sabbati
1362 1016 1599 1086 quadam
1645 1017 1736 1073 die
1782 1019 1984 1073 “luce--

393 1112 604 1167 scente,
636 1102 763 1158 laeto
796 1111 961 1174 atque
992 1117 1317 1175 exporrecto
1348 1109 1503 1162 vultu
1537 1109 1606 1163 ad
1659 1111 1925 1179 populum
1954 1128 1976 1163 :.

389 1192 683 1259 Conﬁdite,
712 1194 912 1264 inquit,
945 1196 1128 1253 nolite,
1154 1198 1387 1253 timere:
1422 1200 1714 1272 redarguta
1764 1201 1970 1273 quippe

392 1294 477 1339 est
530 1284 692 1340 fallax
739 1289 1241 1359 meteorologorum
1298 1290 1551 1357 scientia,
1627 1293 1809 1363 quoad
1880 1309 1981 1349 res.

390 1376 606 1433 futuras
637 1378 932 1450 caliginosa
957 1388 1124 1450 atque
1175 1396 1338 1446 caeca,
1392 1392 1449 1438 et
1509 1398 1632 1453 quae
1698 1384 1804 1438 sibi
1850 1385 1968 1455 ipsa

392 1467 687 1538 perspicue
745 1469 1001 1539 imponit.
1033 1470 1171 1525 Ecce
1223 1472 1372 1526 enim
1432 1474 1652 1529 remisit
1699 1475 1980 1530 Dominus.

391 1557 633 1613 furorem
675 1560 885 1630 populo
945 1577 1068 1627 suo,
1098 1571 1154 1617 et
1207 1577 1398 1617 servos
1453 1579 1585 1618 suos
1651 1567 1969 1621 consolatus

389 1660 495 1706 est.
514 1651 637 1707 Vidi
661 1653 889 1719 etenim,
922 1664 1085 1724 atque
1119 1670 1249 1709 ecce
1271 1671 1465 1711 versus
1485 1655 1754 1712 orientem
1789 1660 1964 1727 aperti

391 1751 523 1816 sunt
561 1740 711 1807 coeli,
745 1749 802 1796 et
852 1719 1118 1797 arcanum
1151 1743 1428 1813 quoddam
1474 1754 1638 1816 atque
1689 1719 1970 1803 ineﬂ'abile
2004 1719 2045 1774 Β

389 1814 580 1890 lumen
610 1830 892 1903 Unigeniti
953 1833 1201 1898 emicuit,
1243 1814 1597 1891 dilectionem
1627 1838 1746 1908 ejus
1790 1846 1845 1892 et
1878 1838 1975 1894 bc-

389 1923 722 1993 uignitatem
770 1924 933 1979 vobis
983 1925 1053 1979 ob
1089 1926 1477 1996 pmnitentiam
1531 1929 1822 1986 exhibens.
1854 1932 1971 2002 Ego

388 2029 521 2069 vero
575 2014 644 2069 ad
696 2015 971 2070 visionem
1028 2016 1257 2071 elevatis
1317 2018 1588 2085 {manibus
1658 2021 1977 2077 exclamans

389 2105 503 2160 dixi
534 2105 647 2179 (25)
671 2124 693 2160 :.
715 2107 947 2161 Domine
980 2116 1193 2161 amator
1213 2108 1521 2176 hominum,
1552 2111 1971 2183 quietgladium

393 2213 537 2268 saepe
566 2198 771 2265 vibras,
792 2208 848 2253 et
880 2216 1068 2255 arcum
1092 2201 1293 2267 tendis,
1330 2211 1387 2257 et
1443 2211 1743 2274 utrumque
1763 2206 1971 2277 justam

389 2291 615 2360 quidem
649 2291 721 2346 ob
751 2292 1091 2347 iracundiam
1131 2293 1266 2349 facis
1289 2312 1309 2348 ε,
1331 2294 1539 2366 quique
1598 2297 1802 2352 iterum
1837 2314 1970 2355 con-

390 2390 549 2439 sueta
586 2383 830 2440 bonitate
889 2393 982 2441 tua
1044 2395 1343 2457 utrumque
1399 2387 1640 2456 inhibes,
1691 2400 1970 2453 nostram-

392 2490 501 2546 que
552 2475 890 2547 prtestolari's
946 2478 1368 2534 conversionem
1393 2498 1429 2555 ;_
1467 2482 1595 2537 audi
1650 2500 1718 2539 ex
1766 2485 1972 2555 templo

390 2577 583 2624 sancto
613 2584 801 2624 vocem
829 2573 1336 2641 meam,perveniat
1364 2574 1432 2628 ad
1469 2584 1521 2630 te
1560 2576 1768 2632 clamor
1792 2593 1969 2633 meus.

391 2663 533 2717 Ecce
564 2662 717 2715 enim
750 2674 896 2718 mota
930 2671 1018 2718 est
1042 2672 1193 2719 terra
1232 2674 1288 2744 et
1333 2681 1527 2723 omnes
1565 2668 1886 2726 habitantes
1912 2672 1975 2726 in

391 2770 492 2817 ea;
525 2764 803 2810 com-mota
860 2765 1027 2812 estet
1080 2759 1439 2825 contremuit,
1498 2768 1556 2815 et
1613 2761 1972 2819 fundamenta

394 2843 665 2898 utentium
688 2845 1023 2924 conturbata
1051 2855 1183 2907 sunt
1207 2854 1267 2900 et
1296 2855 1570 2903 commota
1607 2857 1775 2903 sunt:
1831 2865 1972 2920 quo-

392 2935 545 2989 niam
568 2944 627 2989 tu
659 2935 793 3005 ipsis
825 2935 1021 2999 iratus,
1044 2936 1299 3004 Domine,
1321 2940 1657 2995 concussisti
1684 2948 1890 3002 terram
1916 2950 1973 3003 et

2094 470 2413 548 Ἡσαΐας.ού
2450 471 2556 544 μὴν
2607 471 2742 525 ἀλλὰ
2784 472 2877 524 καὶ
2906 470 3013 523 τῶν
3060 470 3477 541 ἑλληνιζὸντων
3508 475 3704 534 τινὰς,

2081 561 2216 629 πρός
2266 577 2325 612 τε
2382 561 2482 631 τὴν
2516 561 2751 631 ματαίαν
2799 560 2896 629 τῆς
2938 560 3295 630 ἀστρολογίας
3336 560 3704 632 κεχηνόσι-ων

2079 653 2318 720 ἀπάτην,
2349 654 2443 709 καὶ
2472 657 2539 725 τῇ
2566 654 2672 706 τῶν
2702 652 2948 723 ἀστέρων
2983 655 3125 725 φορᾷ
3147 655 3598 725 ’συμφέρεσθαι
3633 657 3705 709 τὰ

2077 742 2200 795 καθ’
2233 745 2382 814 ἡμᾶς
2434 744 2717 815 οἰομένων,
2744 745 3110 822 ἀπαγορεύειν
3167 745 3266 816 ἢδη
3314 748 3432 816 τὴν
3503 746 3697 810 πόλιν,

2077 834 2153 896 ὡς
2182 837 2364 889 πᾶσαν
2390 833 2562 906 αὐτὴν
2579 837 2703 889 ὅσον
2731 836 2942 890 οὐδέπω
2966 838 3405 893 καταπεσεῖσθαι
3444 839 3703 908 μέλλου-

2076 941 2196 978 σαν.

2146 1011 2253 1080 πβ’.
2278 1013 2424 1074 Mlti;
2483 1013 2615 1082 γοῦν
2663 1016 2779 1070 τῶν·
2820 1016 3106 1072 σαϐϐάτων
3154 1019 3370 1090 ἡμέρας
3416 1020 3702 1091 ὑπολαμ-

2077 1102 2306 1172 πούσης,
2342 1104 2500 1176 ίλαρᾷ
2539 1107 2676 1178 πρὸς
2701 1109 2794 1161 τὸν
2832 1108 2959 1162 λαὸν
2997 1112 3025 1162 ὁ
3054 1110 3280 1178 Συμεὼν
3305 1112 3413 1164 καὶ
3441 1113 3700 1187 γλυκείᾳ

2071 1197 2146 1265 τῇ,
2197 1195 2339 1265 ὕψει·
2369 1198 2632 1270 Θαρσεῖτε
2657 1200 2777 1272 ,νμὴ
2822 1200 3097 1270 φοϐεῖσθε,
3119 1197 3290 1268 εἶπεν,
3328 1204 3698 1279 ὲλήλεγκται

2071 1289 2180 1360 γὰρ
2210 1292 2244 1361 ἡ
2274 1291 2471 1354 πλάνος
2514 1291 2623 1344 τῶν
2676 1291 3097 1362 μετεωρολόγων
3152 1295 3318 1363 τέχνη
3343 1338 3358 1359 ,
3430 1297 3584 1366 περὶ
3635 1295 3699 1348 τὸ

2073 1382 2265 1453 μέλλον
2321 1382 2707 1453 τυφλώττουσα
2755 1386 2847 1439 καὶ
2894 1385 3033 1454 αὑτὴ
3086 1388 3417 1458 περιφανῶς
3472 1388 3696 1457 ἑαυτὴν

2074 1472 2405 1546 ψευδομένηῆ.
2460 1476 2591 1531 Ἰδοὺ
2649 1476 2761 1545 γὰρ
2811 1477 2982 1546 ἀνῆκε
3013 1478 3218 1549 Κύριος
3241 1480 3342 1550 τὴν
3388 1480 3590 1552 ὀργὴν
3612 1481 3701 1550 τῷ

2070 1565 2184 1636 λαῷ
2208 1566 2395 1631 αὑτοῦ,
2431 1568 2526 1621 καὶ
2554 1568 2646 1620 ὲπὶ
2678 1571 2791 1630 τοῖς
2818 1569 3024 1632 δούλοις
3079 1570 3245 1624 αὐτοῦ
3296 1572 3693 1642 παρακέκληο

2072 1675 2186 1713 ται.
2215 1654 2369 1712 Εἶδον
2401 1659 2509 1730 γὰρ
2537 1662 2629 1713 καὶ
2661 1660 2771 1713 ἰδοὺ
2805 1660 3145 1731 ἀνεῴγεισαν
3173 1663 3271 1733 μὲν
3304 1664 3457 1733 πρὸς
3518 1667 3689 1717 ’Λντλιν⁴

2069 1749 2230 1809 τολὰς
2263 1747 2312 1797 οἱ
2339 1746 2594 1816 οὐρανοί·
2629 1745 2944 1815 ἀπόρρητον
2987 1745 3043 1798 δέ
3072 1763 3126 1800 τι
3155 1749 3249 1801 καὶ
3276 1747 3543 1820 ἄρρητον
3580 1750 3685 1802 τοῦ

2070 1834 2410 1901 ὶιονογενοῦς
2461 1832 2771 1905 ὲξήστραψε
2807 1834 2956 1903 φῶς,
3000 1835 3420 1906 φιλανθρωπίαν
3480 1839 3686 1908 ἡρέμα.

2069 1929 2138 1998 τῇ
2173 1928 2432 1997 μετανοίᾳ
2478 1927 2633 1996 ὑμῶν
2668 1929 2984 1995 ὑποφαῖνον.
3050 1930 3210 1997 Μέγα
3259 1930 3315 1982 δὲ
3360 1931 3516 2002 πρὸς
3575 1932 3687 2001 τὴν

2069 2019 2190 2086 ὃψιν
2220 2021 2277 2072 ὲν
2308 2019 2542 2090 ὲπάρςει
2606 2018 2795 2090 νεειρῶν
2827 2036 2928 2087 μου
2965 2020 3202 2090 βοήσας,
3241 2021 3508 2075 Δέσποτα
3546 2022 3678 2090 φιλ-

2069 2110 2348 2181 ἄνθρωπε,
2389 2107 2539 2176 εἶπα,
2581 2113 2608 2164 ὁ
2640 2112 2735 2164 καὶ
2781 2111 3060 2182 ῥομφαίαν
3096 2113 3670 2179 πολλάκιςλστίλσων,

2071 2203 2164 2259 καὶ
2189 2201 2341 2267 τόξον
2366 2203 2637 2267 ἐντείνων,
2666 2203 2732 2256 δι’
2763 2204 2934 2276 ὀργὴν
2961 2204 3061 2275 μὲν
3086 2204 3304 2259 δικαίαν
3334 2207 3675 2276 ἀμφότερα,

2075 2291 2181 2346 ὑπὸ
2233 2290 2289 2345 δὲ
2347 2292 2447 2361 τῆς
2503 2289 2765 2361 συνήθους
2817 2290 2978 2343 πάλιν
3023 2292 3673 2361 ὲπέχωνχρηστότητος.

2074 2386 2170 2439 καὶ
2208 2385 2305 2454 τὴν
2335 2383 2609 2455 ἡμετέραν
2641 2383 2978 2453 ἐπιστροφὴν
3006 2382 3288 2452 ἀναμένων
3319 2383 3571 2437 ἄκουσον
3609 2383 3675 2432 ἐκ

2075 2476 2204 2530 ναοῦ
2255 2477 2413 2546 ἁγίου
2471 2480 2654 2547 φωνῆς
2679 2494 2803 2547 μου,
2841 2476 3129 2528 εἰσελθέτω
3188 2478 3221 2546 ἡ
3279 2476 3506 2546 κραυγή
3570 2490 3671 2544 μου

2075 2567 2303 2624 ἐνώπιόν
2344 2586 2460 2623 σου.
2508 2568 2641 2621 Ἰδοὺ
2675 2567 2785 2638 γὰρ
2818 2568 3023 2638 ἐστάγη
3063 2568 3096 2638 ἡ
3124 2567 3217 2637 γῆ,
3241 2568 3337 2622 καί⁸
3371 2567 3592 2628 πάντες
3620 2565 3670 2617 οἱ

2076 2661 2456 2725 κατοικοῦντες
2481 2663 2540 2714 ὲν
2569 2661 2707 2733 αὐτῇ
2735 2704 2749 2728 ,
2784 2658 3052 2730 ἐσαλεύθη
3100 2660 3195 2713 καὶ
3233 2661 3507 2730 ἔντρομος
3550 2660 3671 2726 ἐγε-

2075 2757 2244 2827 νήθη,
2272 2755 2464 2810 καὶτὰ
2518 2755 2743 2827 θεμέλια
2787 2756 2896 2808 τῶν
2938 2754 3110 2826 ὀρέων
3138 2753 3531 2824 ἐταράχθησαν
3577 2752 3671 2804 καὶ

2075 2846 2471 2917 ἐσαλεύθησαν».
2505 2845 2627 2898 ’Ότι
2674 2845 2952 2916 ὠργίσθης
2993 2845 3201 2909 αὐτοῖς,
3232 2844 3387 2907 Θεὸς,
3418 2842 3669 2895 συνέσει-

2078 2956 2177 3004 σας
2204 2936 2375 3009 αὐτὴν
2420 2937 2517 2991 καὶ
2565 2935 2935 3007 συνετάραξας
2961 2936 3150 3007 αὐτὴν,
3170 2934 3380 3000 ἔδειξας
3428 2932 3514 3002 τῷ
3554 2930 3669 3000 λαῷ

393 3028 742 3085 conturbasti
769 3043 924 3094 eam,
945 3030 1236 3085 ostendisti
1263 3032 1467 3101 popqu
1498 3040 1594 3087 tuo
1647 3033 1809 3088 dura.
1860 3034 1970 3088 Ve-

2080 3049 2174 3086 σου
2212 3030 2447 3103 σκληρὰ,
2469 3028 2583 3083 ἀλλ’
2609 3028 2758 3082 ἴασαι
2783 3029 2852 3081 τὰ
2880 3028 3264 3099 συντρίμματα
3286 3024 3669 3096 αὐτῆς,,κέρα-

395 3128 704 3177 rumtamcn
727 3120 893 3176 ﬁnem
919 3135 1064 3190 pone
1095 3122 1346 3190 tremori,
1376 3130 1622 3194 tempera
1638 3124 1978 3195 benignitate

397 3211 604 3277 minas,
624 3209 846 3266 contine
904 3209 1223 3281 ﬂagellum:
1274 3228 1391 3268 non
1438 3213 1586 3269 enim
1626 3215 1681 3270 in
1709 3224 1984 3271 aeternum

396 3302 659 3374 projicies
687 3312 741 3359 et
770 3319 880 3359 non
902 3320 1152 3376 appones
1184 3316 1246 3362 ut
1267 3307 1634 3377 beneplaceat
1656 3309 1757 3364 tibi
1772 3310 1976 3378 adhuc,

352 3420 355 3421 ν
399 3404 493 3449 aut
526 3394 583 3449 in
616 3395 780 3451 tinem
806 3397 1101 3453 abscindes
1149 3398 1592 3454 misericordiam
1628 3409 1810 3457 tuam:
1864 3419 1980 3461 non

397 3488 748 3544 obliviscaris
797 3489 1085 3553 misereri,
1119 3491 1287 3557 Deus,
1319 3499 1417 3547 aut
1441 3493 1757 3565 continebis
1793 3495 1850 3549 in
1897 3496 1976 3551 ira

404 3582 788 3639 miserationes
810 3591 954 3639 tuas.
988 3584 1030 3638 Τ
1038 3601 1070 3638 ιι
1100 3584 1250 3639 enim
1280 3586 1435 3641 solus
1458 3602 1519 3642 es
1549 3587 1890 3654 misericors,
1921 3600 1979 3644 et

396 3673 673 3743 propitius
700 3673 797 3730 ﬁes
829 3676 1071 3745 peccatis
1100 3677 1328 3743 nostris,
1383 3688 1442 3734 et
1490 3695 1603 3734 non
1642 3680 1974 3751 disperdes;

397 3766 494 3821 sed
541 3765 939 3836 multiplicabis
981 3767 1048 3822 ad
1087 3769 1449 3837 avertendam
1500 3771 1638 3825 iram
1697 3781 1869 3839 tuam,
1923 3781 1980 3828 et

397 3868 510 3909 non
554 3853 829 3911 accendes
889 3872 1057 3927 super
1108 3874 1210 3914 nos
1260 3874 1482 3916 onmem
1514 3861 1654 3916 iram
1683 3872 1854 3918 tuam.
1900 3864 1979 3925 Ita

398 3955 658 4016 precatus
688 3947 862 4003 Deum
916 3959 1165 4014 sanctus,
1225 3950 1295 4006 ad
1347 3953 1615 4022 populum
1677 3955 1879 4010 exivit:
1922 3964 1979 4012 et

403 4048 550 4092 terra
583 4039 772 4093 statim
800 4040 1031 4109 quievit,
1060 4040 1295 4112 imperio
1335 4042 1485 4097 illius
1507 4059 1537 4098 a
1588 4060 1700 4114 quo
1751 4047 1978 4103 fundata

403 4136 519 4182 cst:
551 4137 607 4182 et
636 4129 876 4199 pOpulus
913 4131 1136 4187 deterso
1160 4148 1374 4204 nupero
1412 4132 1545 4189 ﬂetu
1575 4135 1822 4192 laetitiam
1856 4139 1977 4217 ani-

401 4232 494 4272 mo
529 4219 796 4290 vultuque
836 4222 1019 4277 testati
1064 4234 1452 4287 recesserunt,
1513 4228 1819 4296 potentiam
1873 4229 1974 4284 Dei

400 4310 814 4367 aununtiantes.
851 4311 987 4378 Quis
1024 4321 1208 4368 autem
1236 4322 1347 4368 tam
1399 4314 1642 4372 disertus
1674 4317 1886 4390 lingua,
1920 4330 1978 4376 et

2086 3142 2178 3179 σον
2210 3121 2595 3194 φιλανθρωπίᾳ
2616 3123 2716 3193 τὴν
2742 3119 2995 3191 ἀπειλὴν,
3026 3122 3224 3189 στῆσον
3260 3118 3358 3188 τὴν
3394 3117 3661 3185 μάστιγαο

2086 3216 2163 3287 μὴ
2214 3214 2324 3285 γὰρ
2372 3216 2451 3278 εἰς
2478 3215 2604 3276 τοὺς
2630 3213 2833 3276 αἰῶνας
2861 3212 3059 3283 ἀπώσῃ
3102 3210 3199 3264 καὶ
3224 3210 3285 3261 ού
3324 3207 3667 3279 προσθήσεις

2081 3306 2175 3360 τοῦ
2216 3306 2511 3375 εὐδοκῆσαι
2548 3303 2701 3374 ἐτι,ἢ
2731 3304 2814 3367 είς
2844 3302 2998 3366 τέλος
3027 3301 3088 3354 τὸ
3129 3299 3279 3365 ἔλεός
3317 3316 3412 3353 σου
3457 3294 3661 3353 ἀποκό-

2082 3400 2227 3471 ψεις.
2260 3398 2352 3468 Μὴ
2409 3397 2644 3467 ἐπιλήσῃ
2688 3393 2784 3449 τοῦ
2836 3394 3234 3465 οίκτειρῆσαιὸ
3274 3391 3444 3457 Θεὸς,
3475 3390 3510 3460 ἢ
3542 3405 3662 3442 συν-

2082 3490 2225 3558 ἐξεις
2259 3493 2316 3544 ὲν
2349 3492 2415 3560 τῇ
2467 3489 2606 3560 ὀργῇ
2649 3505 2743 3542 σου
2790 3487 2917 3550 τοὺς
2946 3483 3267 3556 οἱκτιρμούς
3294 3502 3388 3538 σου
3411 3499 3430 3514 ο
3463 3483 3530 3536 σὺ
3555 3480 3658 3549 γὰρ

2079 3577 2135 3634 εἷ
2159 3581 2316 3651 μόνος
2338 3579 2659 3651 οἰκτίρμων,
2687 3580 2781 3640 καὶ
2809 3577 2972 3648 ἱλάσῃ
2993 3580 3117 3640 ταῖς
3147 3576 3447 3648 ἁμαρτίαις
3477 3571 3655 3645 ἡμῶν.

2080 3674 2175 3726 καὶ
2210 3672 2269 3724 ού
2296 3669 2629 3741 διαφθερεῖς,
2661 3669 2797 3724 ἀλλὰ
2847 3668 3139 3738 πληθυνεῖς
3167 3668 3264 3721 τοῦ
3314 3663 3655 3737 ἀποστρέψαι

2079 3764 2171 3817 τὸν
2219 3762 2391 3834 θυμόν
2444 3779 2562 3830 σου,
2591 3763 2685 3816 καὶ
2718 3761 2842 3832 οὐχὶ
2863 3760 3158 3824 ἐκκαύσεις
3188 3760 3369 3812 πᾶσαν
3395 3758 3485 3826 ἐφ’
3513 3755 3653 3827 ἡμᾶς

2079 3857 2181 3927 τὴν
2236 3857 2409 3926 ὀργήν
2439 3872 2556 3909 σου.
2586 3851 2778 3909 Ταῦτα
2801 3856 2831 3907 ὁ
2861 3852 2961 3925 μὲν
2996 3850 3089 3905 τοῦ
3117 3850 3255 3905 Θεοῦ
3280 3850 3517 3922 δεηθεὶς,
3542 3842 3654 3901 εἶτα

2080 3947 2173 4001 καὶ
2203 3947 2340 4021 πρὸς
2374 3947 2467 4003 τὸν
2501 3946 2629 4000 λαὸν
2662 3945 2864 4016 διεξῄει
2896 3962 2911 3976 ο
2978 3943 3329 4019 ἡσυχάζουσα
3373 3942 3433 3996 δὲ
3483 3938 3656 4009 διέμε-

2079 4055 2169 4094 νεν
2199 4038 2405 4103 εὐθέως
2443 4036 2577 4109 ήγῆ
2600 4039 2666 4108 τῇ
2695 4036 2789 4091 τοῦ
2818 4034 3256 4106 θεμελιώσαντος
3286 4032 3460 4104 αὐτὴν
3482 4026 3651 4085 διατάε

2081 4133 2159 4199 ξει
2187 4148 2203 4165 ⁸
2236 4134 2333 4185 καὶ
2366 4131 2522 4185 αὐτοὶ
2555 4130 2773 4200 φαιδροὶ
2809 4128 2987 4199 ψυχάς
3014 4144 3074 4181 τε
3096 4128 3191 4181 καὶ
3219 4125 3373 4195 ὄψεις
3401 4124 3526 4179 ἀντὶ
3548 4118 3650 4175 τῶν

2080 4223 2274 4294 πρώην
2302 4221 2576 4286 πενθικῶς
2608 4220 2939 4291 ἀνεχώρουν,
2968 4216 3405 4287 ἀπαγγέλλοντες
3435 4215 3534 4277 τὰς
3563 4206 3648 4265 τοῦ

2083 4312 2219 4367 Θεοῦ
2242 4312 2580 4375 δυναστείας.
2612 4310 2694 4364 Τὰ
2743 4312 2843 4382 μὲν
2896 4310 2961 4381 δὴ
2993 4309 3088 4363 τοῦ
3120 4307 3347 4379 Συμεὼν
3393 4307 3534 4376 ὑπὲρ
3560 4302 3650 4370 τῆς

401 4402 675 4459 facundus
714 4418 993 4467 sermone,
1015 4412 1077 4458 ut
1104 4403 1221 4459 haec
1254 4404 1544 4476 Symeonis
1597 4423 1697 4478 pro
1749 4410 1976 4480 publica

2081 4404 2176 4459 τοῦ
2241 4404 2439 4468 παντὸς
2497 4403 2770 4473 σωτηρίας
2823 4401 3069 4465 τοιαῦτα,
3098 4401 3193 4454 καὶ
3234 4398 3507 4468 τοσαύτην
3557 4392 3647 4465 μὲν

403 4495 580 4549 salute
610 4502 783 4566 gesta,
813 4502 981 4565 atque
1009 4493 1292 4552 efﬁcacem
1310 4497 1454 4568 apud
1485 4499 1657 4555 Deum
1704 4501 1976 4558 interces-

402 4586 639 4650 sionem,
671 4586 1087 4657 potentiamque
1109 4586 1438 4658 impetrandi
1471 4590 1665 4662 petita,
1712 4600 1829 4647 tum
1886 4594 1981 4649 illa

402 4692 624 4748 quoque
682 4694 805 4749 quae
849 4678 1104 4748 privatim
1158 4680 1392 4753 singulis
1446 4685 1748 4755 praestitit,
1808 4687 1983 4756 possit

401 4769 637 4826 dicendo
667 4770 958 4842 adaequare
973 4770 1003 4825 ’ἶ

2085 4498 2411 4566 εἰσφέροντα
2458 4495 2595 4568 πρὸς
2648 4495 2782 4549 Θεὸν
2830 4494 3166 4567 πρεσϐείαν,
3222 4488 3557 4564 τὴλικαύτης
3596 4483 3647 4537 δὲ
3674 4528 3691 4542 .

2085 4588 2427 4661 τυγχάνοντα
2503 4589 2636 4659 παρ’
2709 4587 2858 4658 αὐτῷ
2934 4585 3245 4658 παρρησίας
3280 4601 3294 4614 ·
3363 4585 3401 4638 ἃ.
3471 4582 3527 4636 δὲ
3565 4577 3646 4631 καὶ

2092 4681 2198 4753 ἰδίᾳ
2223 4680 2385 4734 πάλιν
2417 4679 2634 4750 έκάστῳ
2671 4680 2765 4734 καὶ
2797 4678 2938 4733 κατὰ
2968 4679 3132 4748 μέρος
3162 4676 3340 4729 ὲποίει
3364 4714 3380 4740 ,
3413 4673 3497 4736 τίς
3518 4667 3646 4724 οὓτω

2090 4773 2337 4843 γλῶτταν
2362 4770 2529 4834 πολύς
2558 4788 2617 4824 τε
2644 4770 2761 4839 ἅμα
2792 4771 2887 4823 καὶ
2916 4767 3189 4839 περιττὸς,
3226 4765 3368 4819 ὥστε
3427 4762 3520 4817 καὶ
3567 4756 3649 4809 λό-

2092 4881 2189 4934 γον
2218 4863 2478 4929 ἐξισῶσαι
2506 4864 2618 4926 τοίς
2651 4860 2922 4932 θαύμασιν
2947 4876 2967 4927 ;

1852 4975 2076 5031 CAPUT
2120 4974 2212 5031 XI.

833 5089 1006 5145 Virtus
1034 5090 1306 5161 Symeom's
1341 5092 1396 5143 in
1424 5091 1564 5159 feras
1604 5100 1655 5143 et
1696 5090 2001 5155 daemones;
2035 5088 2294 5144 auxilium
2330 5090 2684 5160 pra’cipitanti
2726 5096 2774 5141 et
2813 5086 3019 5157 leproso
3048 5083 3238 5137 latum.

481 5207 568 5263 85.
611 5207 741 5261 Post
774 5206 891 5260 haec
927 5204 1013 5259 vir
1049 5203 1296 5274 quidam,
1325 5205 1565 5260 Joannes
1597 5202 1842 5268 nomine,
1874 5218 1982 5257 non

404 5300 596 5372 procul
628 5315 658 5354 a
696 5298 862 5353 domo
911 5313 1009 5353 sua
1053 5295 1109 5350 in
1151 5294 1297 5350 feras
1342 5294 1614 5351 inciderat
1651 5311 1665 5348 :
1701 5293 1983 5349 irruebant

409 5389 520 5444 illa:
561 5386 813 5443 belluino
846 5399 1000 5441 more
1032 5383 1316 5452 sanguinis
1339 5383 1590 5439 sitientes
1619 5397 1685 5437 ac
1720 5381 1982 5436 minitan-

408 5486 494 5535 tes
538 5480 763 5572 caedem.
800 5478 902 5535 Hic
938 5492 1070 5533 vero
1108 5475 1245 5532 nihil
1283 5475 1350 5530 ad
1401 5474 1777 5561 defensionem
1812 5489 1984 5545 penes

2163 5202 2276 5272 πγ’.
2319 5203 2482 5274 ’Δνὴρ
2511 5203 2617 5273 γάρ
2642 5219 2725 5264 τις
2747 5197 2885 5271 μετὰ
2909 5197 3083 5251 ταῦτα
3109 5195 3279 5264 ὄνομα
3313 5178 3641 5256 Ἰωάννηςιοῦ

2090 5294 2177 5347 διὰ
2210 5293 2423 5366 μακροῦ
2452 5295 2551 5365 τῆς
2580 5292 2747 5346 αὑτοῦ
2785 5292 2963 5354 οἰκίας
2992 5288 3202 5360 θηρίοις
3229 5278 3638 5366 περιπεπτώκνει.

2092 5376 2167 5436 ὧν
2205 5365 2390 5452 φόνιον
2438 5400 2493 5436 τι
2523 5383 2617 5436 καὶ
2641 5379 2785 5435 τοῦτ’
2811 5379 2943 5433 αὐτὸ
2976 5376 3239 5449 θηριῶδες
3272 5374 3359 5428 ἐπ’
3388 5372 3543 5425 αὑτὸν
3567 5365 3641 5462 6.0“

2095 5474 2405 5547 μησὰντων,
2443 5476 2543 5529 οὐκ
2574 5474 2825 5547 ἐχωνὸτι
2852 5472 2947 5527 καὶ
2983 5472 3247 5543 χρήσεται
3275 5466 3458 5520 λοιπὸν
3492 5460 3655 5521 έαυτιῐν

485 5611 597 5683 (25)
620 5611 801 5665 Oratio
824 5613 919 5667 illa
964 5611 1235 5683 Symeonis
1281 5617 1391 5667 tota
1421 5610 1529 5681 fere
1591 5628 1617 5665 ε
1650 5610 1880 5667 Psalmis
1921 5611 2216 5683 desumpta,
2252 5630 2283 5665 a
2351 5611 2495 5668 nobis
2532 5628 2731 5682 quoque
2777 5611 2935 5681 juxta
2991 5607 3275 5661 vero-fouea
3332 5617 3434 5658 ιιι
3480 5596 3638 5653 Latine

415 5681 617 5736 redditi:
651 5691 744 5735 cst.
