3980 6296
145 363 279 431 3θὸξ

1157 377 1328 438 VITA
1365 380 1413 438 Α
1450 378 1890 441 NICEPHORO
1927 378 2401 448 CONSCRIPTJ.

3259 378 3405 444 3066

144 468 383 540 (ἐξέλιπε
409 477 517 551 γὰρ
549 481 583 551 ἧ
616 498 675 534 τε
703 482 901 554 καρδία
932 483 1009 553 τῷ
1034 485 1209 558 ἀνδρὶ,
1232 488 1325 541 καὶ
1352 490 1384 558 ή
1421 488 1581 560 σὰρξ)
1610 491 1718 543 ἀντ’

1827 506 1887 545 se
1915 491 2175 558 habebat,
2206 491 2592 560 cecideratque
2613 490 2725 560 jam
2752 499 2808 545 et
2836 490 3043 546 animis
3061 497 3131 546 et‘
3146 506 3399 561 corpore.

144 566 302 621 ἄλλου
330 569 475 633 τινὸς
497 571 682 637 ὅπλου,
713 573 774 627 τὸ
802 574 895 627 τοῦ
933 573 1115 644 ’Λγίου
1142 577 1505 648 προϐάλλεται
1527 580 1719 649 ὄνομα,

144 657 238 709 καὶ
263 660 425 714 αὑτὸν
452 660 635 715 ἐκάλει
656 662 730 725 ὡς
756 659 967 733 ἄμυναν
988 680 1002 694 ’
1036 666 1128 718 καὶ
1152 666 1354 720 αὐτίκα
1374 670 1723 739 προσήλωντο

142 750 209 819 τῇ
261 751 332 820 γῇ
381 752 626 821 στόματά
659 770 719 805 τε
754 753 849 807 καὶ
877 754 1037 818 πόδες
1070 757 1254 819 αὐτοῖς
1289 758 1355 828 (ὣ
1384 758 1477 811 τοῦ
1509 758 1722 829 θαύμα-

143 841 299 912 τοςῙ)
331 842 584 915 καθάπερ
621 844 764 898 τισὶν
795 845 1058 913 ἀφύκτοις
1092 848 1327 918 ἐχόμενα
1369 849 1577 916 πέδαις,
1616 853 1723 914 ἕως

142 932 362 1004 ἀπαθὴς
393 934 580 988 κακῶν
616 936 925 1002 ἀπέσωστο,
954 937 1447 1009 ἐξομολογούμενος
1483 940 1562 1010 τῷ
1604 943 1719 995 Κυ-

144 1024 247 1095 ρίῳ
288 1028 355 1080 τά
408 1027 531 1099 ὲλέη
586 1029 774 1095 αὑτοῦ,
825 1032 1018 1085 καὶτὰ
1051 1031 1330 1103 θαυμάσια
1384 1033 1559 1088 αὐτοῦ
1606 1037 1720 1100 τοῖς

141 1117 280 1181 υἱοῖς
323 1118 434 1172 τῶν
484 1119 807 1190 ἀνθρώπων.
855 1122 1058 1195 Ἐτέρῳ
1089 1124 1252 1178 πάλιν
1294 1127 1441 1195 τρεῖς
1467 1125 1721 1196 δαίμονες

139 1210 475 1275 ἐνοικοῦντες
516 1208 657 1283 ἦσαν
695 1215 856 1287 (ὅπερ
903 1215 1119 1286 ἀπόχρη
1166 1216 1262 1269 καὶ
1311 1217 1473 1286 μόνον
1519 1219 1721 1283 ἱκανῶς

138 1302 511 1373 παραστῆσαι,
542 1299 631 1358 οἷα
653 1307 784 1374 παρ’
806 1306 987 1360 αὐτῶν
1011 1307 1040 1358 ὅ
1060 1307 1291 1371 δείλαιος
1315 1309 1534 1378 πάσχοι,
1556 1309 1720 1363 ὁπότε

137 1394 229 1447 καὶ
277 1394 486 1450 τούτων
523 1396 641 1460 ἐνὸς
673 1398 732 1451 οὐ
773 1399 983 1470 φορητὴ
1030 1401 1063 1471 ἡ
1094 1400 1370 1470 ἐπήρεια),
1402 1404 1631 1472 παρεῖτο
1661 1402 1719 1455 δὲ

136 1487 233 1538 καὶ
276 1486 376 1553 τὰς
408 1486 574 1556 ψύας,
606 1488 744 1542 ἀλλὰ
785 1491 876 1543 καὶ
910 1489 971 1543 τὸ
1008 1491 1116 1544 τῶν
1150 1491 1446 1562 ὀφθαλμῶν
1469 1493 1720 1564 ἀφῄρητο

136 1576 274 1645 φῶς.
309 1579 566 1648 Πρόσεισι
597 1579 676 1651 τῷ
716 1580 810 1634 τοῦ
839 1581 975 1637 Θεοῦ
1013 1583 1186 1654 δούλῳ
1230 1583 1430 1650 τοίνυν,
1477 1584 1598 1648 ὅλος
1630 1570 1720 1637 πί-

137 1686 276 1736 στις,
308 1670 429 1735 ὅλος
453 1671 631 1735 ἐλπὶς,
671 1673 791 1737 ὅλος
812 1674 1016 1745 δέησις,
1048 1676 1178 1739 οἵοις
1223 1677 1500 1748 συνέχοιτο
1527 1681 1719 1743 κακοῖς

136 1760 388 1824 ἐλεεινῶς
414 1763 794 1833 ἀπαγγέλλων.
823 1766 1112 1837 Συμπαθὲς
1132 1768 1419 1838 τοιγαροῦν
1449 1769 1530 1832 είς
1554 1769 1717 1823 αὐτὸν

134 1852 344 1916 ἐκεῖνος
368 1853 513 1918 ίδὼν,
544 1850 664 1908 εἶτα
690 1857 781 1910 καὶ
808 1833 1198 1929 είς-σπλάγχνα
1224 1833 1426 1930 βλέψας
1454 1860 1548 1914 τοῦ
1579 1863 1718 1929 ἁγα-
1747 1833 1790 1887 Β

134 1945 257 2012 θοῦ,
287 1945 381 1999 καὶ
425 1947 531 1999 τῶν
565 1947 778 2002 ἐκείνου
831 1948 1045 2019 δεηθεὶς
1075 1951 1398 2022 οἰκτιρμῶνθ
1433 1954 1607 2022 χαμαί
1653 1970 1715 2007 τε

131 2035 371 2101 πτύσας,
397 2037 495 2088 καὶ
520 2036 616 2091 τοῦ
650 2037 896 2091 ἐντεῦθεν
926 2037 1100 2109 πηλοῦ
1137 2039 1263 2104 τοὺς
1294 2039 1608 2112 ὀφθαλμοὺς
1637 2043 1717 2113 τῷ

126 2126 321 2195 τυφλῷ
338 2127 639 2197 διαχρίσας·
670 2128 759 2183 Ἑν
789 2130 868 2201 τῷ
893 2116 1141 2202 ὀνόματι,
1175 2132 1328 2203 φησὶ,
1359 2132 1454 2186 τοῦ
1487 2149 1715 2203 μονογε-

125 2218 260 2281 νοῦς
286 2219 416 2272 Υίοῦ
447 2219 541 2274 τοῦ
562 2220 825 2290 Θεοῦ,τοῦ
840 2222 1057 2297 πτυέλῳ
1080 2225 1174 2277 καὶ
1197 2226 1267 2295 γῇ
1304 2225 1396 2278 τὸν
1425 2226 1483 2278 ἐν
1523 2243 1716 2296 γεννη-

123 2313 249 2377 τοῖς
277 2312 478 2381 τυφλὸν
501 2311 696 2382 βλέψαι
731 2315 1084 2385 ποιήσαντος,
1120 2316 1444 2387 ἀνάϐλεψον.
1477 2320 1584 2372 Καὶ
1613 2336 1716 2374 πα-

125 2406 398 2474 ραχρῆμα
428 2404 622 2476 (πολλὰ
658 2407 921 2477 ἐποίησας
962 2409 1049 2473 σὺ,
1081 2408 1256 2479 Κύριε
1282 2412 1310 2462 ό
1339 2410 1473 2474 Θεός
1496 2428 1619 2480 μου,
1646 2412 1715 2465 τά

125 2496 419 2565 Θαυμάσιά
442 2497 560 2563 σου)
580 2494 720 2580 τόῖτε
743 2499 860 2567 φῶς
897 2500 1046 2571 αὐτῷ
1073 2499 1302 2573 ἔρρωτο,
1334 2504 1429 2556 καὶ
1469 2504 1637 2572 ὑγιῶς
1665 2506 1714 2558 oi

125 2583 402 2655 ὀφθαλμοὶ
424 2580 592 2656 εἶχον.
619 2587 853 2642 Ἔπειτα
886 2588 1067 2658 μέντοι
1097 2589 1309 2659 πλήξας
1336 2591 1402 2660 τῇ
1428 2588 1586 2660 βαῖνῃ
1620 2590 1717 2660 ῥά·-

125 2676 242 2745 6δῳ
275 2677 372 2740 τὰς
400 2676 563 2747 ψύας,
590 2681 923 2751 ἐπιτιμήσας
955 2680 1012 2733 δὲ
1034 2681 1127 2734 καὶ
1157 2683 1272 2744 τοῖς
1301 2681 1573 2751 δαίμοσιν,
1596 2682 1717 2737 ὅλον

122 2768 402 2822 δείκνυσιν
425 2770 588 2834 εὐθὺς
615 2772 763 2843 ὑγιῆ,
800 2774 927 2844 μιᾶς
948 2772 1109 2845 ἔργον
1129 2773 1295 2844 εὐχῆς
1318 2774 1506 2830 κακῶν
1530 2774 1717 2829 τοσού-

122 2877 239 2915 των
273 2860 719 2932 ἀπηλλαγμένον.

199 3037 310 3092 τπδ’.
354 3037 544 3102 ’Ἄλλος
568 3039 695 3101 τοὺς
728 3037 896 3102 πόδας
922 3038 1220 3110 ἑκατέρους
1256 3038 1467 3111 μακρὸν
1493 3040 1595 3110 ἤδη
1620 3057 1718 3093 πε-

1826 581 1931 633 Pro
1964 581 2133 635 armis
2162 581 2329 652 igitur
2346 581 2469 634 aliis
2483 579 2656 635 sancti
2674 580 2897 635 nomine
2918 595 2977 634 se
2999 580 3197 645 munit;
3220 581 3401 650 ipsum

1824 672 1878 725 in
1910 673 2219 727 subsidium
2240 672 2493 736 advocat,
2526 672 2789 741 dictoque
2823 671 2988 727 citius
3023 671 3277 726 ferarum
3302 688 3403 727 ora

1822 771 1989 831 atque
2024 763 2252 833 vestigia
2289 764 2401 831 (res
2432 759 2636 829 mira!)
2679 770 2838 816 ιρι-ται
2877 761 3176 823 cohmrent,
3228 762 3400 815 veluti

1821 852 2151 922 quibusdam
2185 852 2631 907 inenodabilibus
2649 852 2861 922 pedicis
2880 850 3200 917 constricta;
3225 851 3402 906 donec

1822 944 1935 1005 iste'
1975 944 2249 999 indemnis
2277 944 2583 1000 discrimini
2631 954 2859 1014 ereptus
2905 953 3073 1009 esset,
3131 943 3401 999 conﬁtens

1820 1035 2056 1089 Domino
2101 1024 2541 1090 misericordiam
2596 1050 2774 1099 suam,
2825 1043 2881 1089 et
2928 1033 3057 1089 ﬁliis
3110 1034 3403 1088 hominum

1820 1126 2093 1181 mirabilia
2132 1127 2270 1197 ejus.
2314 1127 2556 1180 Rursum
2593 1126 2734 1181 alius
2766 1143 2798 1181 a
2834 1126 3013 1180 tribus
3041 1125 3401 1181 obsidebatur

1821 1216 2185 1281 daemonibus,
2213 1217 2359 1271 unde
2380 1216 2671 1286 perspicue
2695 1216 2859 1271 datur
2887 1216 3212 1286 intelligere,
3233 1230 3397 1283 quam

1821 1309 2019 1364 acerbe
2038 1307 2227 1362 infelix
2244 1307 2346 1363 iste
2369 1316 2746 1377 torqueretur,
2767 1306 3215 1377 quandoquidem
3236 1304 3401 1359 unius

1820 1402 1990 1455 etiam
2039 1401 2214 1457 solius
2241 1401 2462 1454 Vexatio
2496 1399 2863 1455 intolerabilis
2895 1399 2987 1452 sit.
3036 1397 3238 1452 Laxata
3267 1396 3399 1450 huic

1820 1492 2170 1562 dependebat
2190 1493 2352 1556 cutis,
2376 1493 2489 1546 imo
2523 1492 2886 1546 etoculorum
2923 1490 3106 1544 lumen
3137 1495 3257 1543 erat
3278 1503 3400 1543 ere-

1820 1590 1995 1650 ptum.
2027 1579 2289 1650 Confugit
2320 1580 2488 1651 igitur
2520 1579 2588 1634 ad
2615 1594 2837 1634 servum
2868 1579 2964 1634 Dei
2994 1619 3009 1644 ,
3052 1579 3244 1633 ﬁrmus
3267 1576 3396 1641 ﬁde,

1819 1686 1915 1740 spe
1938 1673 2158 1740 plenus,
2185 1671 2435 1727 oratione
2458 1671 2731 1734 fervidus,
2765 1671 3095 1743 quantisque
3119 1676 3402 1739 prematur

1820 1763 1982 1819 malis
2025 1764 2456 1819 lamentabiliter
2503 1764 2747 1833 exponit.
2794 1762 3186 1819 Commovetur
3235 1762 3400 1816 misc-

1819 1853 2033 1907 ratione
2080 1853 2339 1924 Symeon,
2388 1853 2669 1907 hominem
2719 1852 2966 1922 respicit,
3004 1851 3133 1906 inde
3173 1851 3240 1905 ad
3296 1850 3400 1904 mi—

1819 1943 2181 1998 sericordiam
2240 1959 2513 2013 supremae
2569 1944 2837 1998 bonitatis
2892 1942 3129 1998 reﬂectit
3184 1942 3395 2005 oculos,

1817 2036 2185 2105 precibusque
2207 2036 2455 2091 eamdem
2492 2036 2769 2106 implorat.
2796 2035 2935 2089 Tum
2974 2034 3129 2089 humi
3157 2034 3395 2104 exspuit,

1818 2138 2231 2200 temperatoque
2266 2130 2393 2185 inde
2427 2132 2542 2185 luto
2576 2131 2703 2185 caeci
2749 2130 2940 2185 oculos
2970 2130 3244 2199 inungens
3282 2146 3296 2181 :
3340 2129 3397 2182 In

1816 2221 2062 2284 nomine,
2112 2220 2329 2290 inquit,
2366 2222 2636 2295 unigeniti
2682 2221 2806 2275 Filii
2851 2220 2970 2285 Dei,
3016 2221 3110 2290 qui
3148 2228 3311 2288 sputo
3342 2226 3400 2271 et

1820 2321 1968 2369 terra
2004 2314 2156 2368 illum
2178 2331 2208 2369 a
2228 2315 2517 2371 nativitate
2541 2330 2638 2370 sua
2660 2330 2866 2371 caecum
2886 2314 3093 2369 lumine
3110 2312 3399 2367 oculorum

1818 2407 2140 2477 impertivit,
2195 2409 2445 2476 respice:
2478 2410 2775 2479 statimque
2812 2414 2998 2477 (quam
3052 2408 3223 2461 multa
3264 2405 3401 2461 facis

1819 2496 2117 2562 mirabilia,
2152 2497 2382 2552 Domine
2415 2499 2562 2552 Deus
2603 2501 2816 2564 meus!)
2844 2508 2902 2553 et
2933 2497 3111 2552 oculis
3139 2496 3400 2551 corrobo-

1820 2587 1955 2641 ratis
2003 2586 2182 2661 lucem
2216 2587 2485 2657 percepit,
2518 2595 2575 2641 et
2613 2586 2919 2656 perfectum
2963 2586 3181 2640 illorum
3239 2598 3398 2638 usum

1819 2675 2081 2730 obtinuit.
2110 2676 2319 2730 Deinde
2349 2677 2565 2745 palmea
2603 2679 2751 2747 virga
2787 2676 3022 2729 laxatam
3054 2682 3237 2728 cutem
3273 2690 3400 2743 per-

1819 2767 2056 2832 cutiens,
2099 2768 2387 2837 increpitis
2425 2767 2790 2832 daemonibus,
2816 2766 3105 2821 confestim
3137 2765 3285 2820 omni
3331 2779 3400 2818 ex

1817 2866 1975 2928 parte
1997 2874 2192 2914 sanum
2218 2859 2493 2926 exhibuit,
2519 2858 2684 2914 unius
2702 2858 2971 2914 orationis
2998 2873 3102 2928 ope
3132 2866 3212 2912 tot
3240 2855 3399 2911 malis

1822 2953 2141 3008 liberatum.

1854 3074 1859 3075 ί
1891 3046 1979 3100 84.
2019 3046 2191 3101 Alteri
2216 3046 2287 3100 ob
2307 3046 2577 3101 diutinam
2610 3046 2900 3114 utriusque
2919 3043 3075 3114 pedis
3099 3041 3403 3096 inﬂamma-

122 3130 203 3199 πή
215 3146 360 3201 ρωτο
388 3129 601 3200 χρόνον,
630 3131 704 3194 ὡς
736 3130 871 3201 μηδὲ
896 3130 958 3217 τὸ
985 3131 1247 3203 παράπαν
1271 3133 1454 3193 αὐτοῖς
1480 3132 1716 3202 χρῆσθαι

1824 3140 2027 3195 tionem
2066 3141 2254 3196 nullus
2295 3141 2521 3194 omnino
2559 3156 2753 3195 eorum
2795 3155 2929 3195 usus
2973 3148 3094 3193 erat
3125 3156 3139 3191 :
3167 3137 3404 3193 credidit

119 3220 416 3275 δύνασθαι.
452 3222 756 3286 Πιστεύσας
795 3216 1150 3293 οὖνίδυνατὴν
1181 3218 1320 3277 εἶναι
1353 3223 1430 3295 τῷ
1458 3224 1598 3294 ἁγίῳ
1620 3222 1718 3294 τὴν

121 3311 467 3384 θεραπείαν,
502 3314 602 3384 ὁρᾷ
636 3312 825 3367 τοῦτον
872 3313 1004 3386 ὅναρ
1038 3315 1339 3386 αὐτοὺςτῇ
1386 3316 1546 3386 βαῖνῃ
1584 3315 1719 3386 πλή-

120 3405 300 3470 ξαντα
334 3403 538 3475 ράὃδῳ,
579 3404 674 3457 καὶ
698 3406 731 3476 ἡ
764 3405 974 3477 πληγὴ,
998 3406 1094 3460 τοῦ
1114 3423 1176 3460 τε
1205 3405 1374 3460 ὕπνου
1414 3408 1556 3461 κατὰ
1582 3408 1719 3460 ταύ-

118 3497 215 3551 τὸν
241 3495 540 3565 ἀπαλλαγὴ
562 3497 654 3549 καὶ
680 3495 776 3549 τοῦ
807 3496 1013 3561 πάθους
1040 3499 1237 3569 ἐκείνῳ
1263 3498 1492 3567 γίνεται,
1520 3498 1595 3562 ὡς
1624 3499 1720 3551 καὶ

122 3584 382 3658 μηνυτὴν
417 3584 580 3639 αὑτὸν
612 3584 679 3638 δι’
711 3585 907 3639 ἑαυτοῦ
933 3586 1190 3657 φοιτῆσαι
1219 3587 1297 3656 τῷ
1334 3587 1580 3657 Συμεὼν,
1617 3586 1718 3656 τῆς

118 3677 455 3747 εὐεργεσίας
486 3675 581 3730 καὶ
600 3675 694 3729 τοῦ
719 3676 996 3747 θαύματος
1022 3677 1272 3747 ἄγγελον.
1297 3680 1439 3749 Γυνή
1470 3696 1555 3743 τις
1592 3681 1719 3733 Ἰου-

117 3771 286 3840 λιανὴ
320 3768 427 3840 τὴν
459 3769 655 3840 κλῆσιν
705 3769 766 3823 τὸ
808 3769 968 3839 σῶμα
1027 3773 1369 3841 πεπονηκυία
1395 3813 1412 3838 ,
1447 3772 1542 3824 καλ⁸
1589 3772 1715 3841 μηδ’

117 3863 309 3917 ὁτιοῦν
378 3858 549 3929 ἑαυτῇ
601 3860 912 3932 χρήσασθαι
967 3861 1267 3933 δυναμένη,
1330 3863 1585 3933 πρόσεισι
1641 3862 1721 3932 τῷ

130 3955 334 4026 Ἀγίῳ,
370 3952 622 4024 δακρύων
647 3950 928 4023 ὠνουμένη
957 3954 1057 4025 τὴν
1078 3954 1400 4024 θεραπείαν,
1431 3955 1603 4023 ὅσπερ
1623 3956 1722 4008 αὐ-

114 4051 221 4120 τὴν
251 4048 392 4103 ἰδὼν
415 4045 588 4100 πολλὰ
611 4047 867 4115 χέουσαν,
898 4047 994 4100 καὶ
1023 4047 1122 4118 τὴν
1142 4048 1319 4119 ψυχὴν
1346 4047 1430 4101 ἐπ’
1453 4049 1590 4119 αὐτῇ
1619 4065 1723 4100 πα-

116 4140 255 4204 θὼν,
307 4135 468 4191 παίει
513 4138 580 4208 τῇ
622 4135 781 4207 βαϊνῃ
824 4135 1038 4207 ῥάϐδῳ·
1078 4137 1174 4190 καὶ
1217 4139 1251 4208 ἡ
1301 4137 1400 4207 μὲν
1453 4137 1721 4208 ῥώννυται

120 4232 483 4304 παραχρῆμα
509 4270 526 4295 ,
575 4229 731 4283 νόσου
759 4229 821 4282 τὸ
854 4229 1041 4283 λοιπὸν
1075 4230 1205 4301 ἄχρι
1238 4231 1425 4302 γήρως
1467 4231 1721 4302 οὐδεμιᾶς

122 4324 489 4396 πειραθεῖσά.
525 4323 604 4393 Τῇ
628 4322 686 4376 δὲ
719 4315 787 4393 ἦν
836 4321 1039 4393 ἀδελφὴ
1068 4322 1308 4392 μασθοὺς
1344 4323 1462 4392 ἅμα
1500 4326 1597 4378 καὶ¹
1621 4325 1722 4389 πός

118 4417 222 4482 δας
269 4413 531 4479 νοσοῦσα,
580 4415 675 4469 καὶ
716 4413 838 4469 λίαν
883 4415 1087 4485 ἀμφοῖν
1132 4402 1443 4485 περιαλγῶς
1488 4400 1718 4487 ἔχουσα·

1821 3244 1992 3300 pencs
2024 3239 2274 3285 sanctum
2304 3230 2648 3285 medicamen
2677 3229 2781 3285 sibi
2815 3243 3127 3299 superesse,
3155 3243 3319 3297 quem
3347 3235 3404 3281 et

1820 3319 2095 3388 conspicit
2122 3334 2221 3389 per
2253 3334 2508 3374 somnum
2541 3319 2694 3390 virga
2738 3319 2953 3388 palmea
2984 3334 3044 3373 se
3085 3316 3403 3387 percutien-

1822 3417 1930 3471 tem
1976 3409 2069 3463 tali
2098 3409 2274 3480 plaga,
2308 3424 2431 3479 quae
2455 3410 2622 3464 simul
2655 3417 2711 3463 et
2742 3424 2937 3464 somno
2967 3418 3024 3463 et
3053 3407 3243 3462 dolore
3273 3421 3402 3461 eum

1820 3498 2100 3567 privavit:
2134 3499 2214 3552 uti
2253 3500 2371 3569 ipse
2405 3515 2506 3569 per
2538 3515 2599 3554 se
2643 3499 2971 3570 Symeonem
3009 3497 3222 3559 adiens,
3255 3495 3401 3550 idem

1819 3591 2076 3647 beneﬁcii
2107 3600 2164 3647 et
2207 3594 2458 3648 miraculi
2497 3594 2750 3657 nuntius,
2787 3603 3021 3649 tealatus
3061 3601 3167 3646 est.
3208 3591 3404 3646 Mulier
3470 3645 3476 3649 ,

1820 3682 2069 3751 quzedam
2099 3682 2315 3737 Iuliana
2355 3682 2649 3752 appellata,
2681 3683 2753 3737 ob
2774 3684 2946 3739 totius
2978 3680 3226 3752 corporis
3254 3679 3405 3735 inﬁr-

1822 3774 2072 3828 mitatem
2099 3773 2376 3843 impotens
2403 3789 2527 3844 qua:
2558 3789 2619 3829 se
2645 3773 2809 3828 alicui
2846 3773 2925 3828 rei
2970 3773 3291 3843 applicaret,
3332 3770 3398 3824 avl

1823 3874 2074 3918 sanctum
2117 3862 2383 3933 confugit,
2416 3863 2676 3934 lacrymis
2712 3863 2817 3919 sibi
2859 3864 3152 3919 sanitatem
3174 3852 3401 3930 compa-

1824 3959 2032 4004 ratura.
2060 3949 2233 4016 Quam
2268 3950 2361 4005 ubi
2398 3950 2489 4007 ille
2521 3949 2681 4016 vidit,
2711 3949 2949 4005 ubertim
2980 3950 3201 4004 ﬂentem
3232 3949 3400 4003 misc-

1824 4051 1998 4106 ratns,
2049 4041 2201 4112 virga
2249 4041 2464 4111 palmea
2516 4041 2644 4097 ferit
2685 4058 2698 4093 ι
2734 4050 2802 4107 ,ει
2836 4041 3035 4096 mulier
3071 4039 3405 4094 convalescit

1822 4135 1994 4198 illico,
2028 4150 2133 4189 nec
2175 4134 2287 4188 ullo
2321 4134 2587 4202 deinceps
2634 4147 2811 4203 usque
2849 4131 2914 4186 ad
2956 4131 3170 4186 senium
3211 4130 3403 4184 morbi

1824 4232 2032 4279 tentata
2062 4222 2185 4277 fuit.
2213 4223 2345 4277 Erat
2370 4222 2504 4277 huic
2538 4237 2717 4287 soror,
2756 4236 2879 4291 quae
2908 4229 2965 4274 et
2994 4220 3110 4289 ipsa
3142 4218 3404 4273 uberibus

1821 4314 2167 4385 pedibusque
2214 4313 2440 4369 affectis
2454 4313 2768 4369 vehementi
2800 4312 3153 4367 cruciabatur
3181 4311 3403 4366 dolore:

1824 4405 2052 4479 adducit
2080 4405 2249 4475 igitur
2278 4405 2422 4459 hanc
2445 4420 2678 4475 quoque
2709 4404 2777 4458 ad
2805 4403 3062 4458 eumdem
3092 4403 3400 4465 medicum;

120 4510 409 4581 προσάγει
430 4506 612 4559 τοίνυν
646 4505 726 4577 τῷ
755 4505 925 4574 ’Δγίῳ
949 4506 1046 4559 καὶ
1065 4507 1292 4578 ταύτην,
1319 4509 1412 4561 καὶ
1438 4506 1498 4571 ὃς
1524 4507 1604 4578 τῷ
1622 4507 1716 4561 τοῦ

1824 4497 1918 4567 qui
1950 4496 2219 4565 impresso
2247 4495 2430 4551 crucis
2462 4496 2619 4566 signo
2647 4495 2917 4550 laboranti
2949 4494 3247 4560 succurrit,
3277 4508 3406 4549 cru-

120 4596 377 4669 σταυροῦ
401 4596 559 4667 τύπῳ
586 4596 1008 4667 διασφραγίσας,
1039 4595 1134 4650 τοῦ
1164 4597 1371 4660 πάθους
1393 4596 1598 4661 εὐθέως
1626 4598 1720 4650 καὶ

119 4692 301 4760 αὐτὴν
332 4690 689 4753 ἀπαλλάττει,
717 4688 814 4752 τὰς
843 4689 1035 4753 ὀδύνας
1066 4690 1286 4755 σϐέσας,
1313 4690 1406 4743 καὶ
1430 4689 1497 4754 ἃς
1522 4692 1721 4760 ἔχουσα

118 4786 281 4855 τύχοι
316 4780 541 4853 πληγὰς
576 4781 887 4851 ίασάμενος.

192 4882 310 4933 πεθ.
354 4874 437 4943 Τῇ
472 4872 531 4925 δὲ
589 4872 752 4925 πάλιν
809 4873 1102 4943 θυγάτριον
1129 4870 1234 4946 ἦν,
1268 4873 1571 4946 προσώπου
1618 4876 1718 4944 μὲν

118 4968 219 5020 καὶ
247 4965 408 5035 ὧρας
448 4963 571 5034 ἔχον
615 4964 716 5017 οὐκ
749 4963 959 5032 ἀφυῶς,
990 4965 1164 5037 κλόνῳ
1196 4967 1253 5020 δὲ
1287 4965 1542 5038 σώματος
1593 4983 1718 5020 τοσ-

116 5055 271 5127 ούτῳ
319 5054 423 5106 καὶ
472 5053 701 5123 παρέσει
747 5052 1002 5123 κάτοχον,
1030 5056 1106 5119 ὡς
1142 5057 1237 5110 καὶ
1267 5057 1481 5128 φρενῶν
1511 5056 1719 5128 ἔρημον

116 5143 289 5212 εἶναι,
331 5145 583 5198 οἴκτιστα
631 5144 726 5196 καὶ
771 5142 979 5198 τούτων
1031 5146 1345 5217 ὲξεστηκός.
1388 5149 1447 5201 ’0
1496 5149 1596 5217 μὲν
1627 5147 1719 5201 οὖν

114 5241 222 5310 τῆς
255 5237 553 5307 παρέσεως
584 5236 804 5306 καὶτῆς
834 5237 1196 5308 ἀναισθησίας
1230 5240 1381 5293 αίτία
1407 5241 1618 5312 δαίμων
1648 5238 1718 5311 ἧν

114 5331 394 5402 χαλεπὸς,
432 5329 778 5399 ἐπιπηδήσας
797 5327 877 5398 τῷ
907 5330 1151 5399 κορασίῳ
1174 5344 1187 5359 ’
1224 5330 1320 5401 ἡδ’
1346 5332 1495 5384 αἰτία
1550 5332 1716 5386 πάλιν

111 5429 220 5493 τῆς
250 5430 320 5476 ἐκ
356 5421 456 5475 τοῦ
514 5422 768 5493 δαίμονος
819 5422 1104 5494 ἐπηρείας,
1132 5422 1438 5492 ἁμάρτημα
1484 5422 1580 5491 τῆς
1616 5439 1721 5491 μη-

112 5518 277 5586 τρὸς,
310 5513 520 5577 κακίας
549 5516 839 5585 εἴσπραξιν
860 5515 1074 5569 ἐκτίνον
1099 5511 1197 5582 τὴν
1223 5512 1324 5581 τῆς
1364 5512 1554 5575 παιδὸς
1613 5514 1719 5568 πά-

117 5625 300 5678 ρεσιν.
342 5605 648 5674 Ἀράμεναι
676 5607 857 5659 τοίνυν
913 5604 1107 5675 αὐτὴν,
1137 5605 1173 5676 ἧ
1206 5620 1268 5656 τε
1311 5604 1504 5674 μήτηρ
1561 5605 1655 5658 καὶ
1684 5607 1718 5676 η

114 5703 222 5768 τῆς
276 5695 494 5768 μητρὸς
549 5697 772 5769 ἀδελφὴ,
827 5698 1024 5766 φόρτον
1095 5696 1330 5752 ἐλεεινὸν
1356 5736 1371 5762 ,
1402 5695 1600 5767 φόρτον
1640 5699 1719 5761 εἰς

120 5793 345 5865 δάκρυα
376 5786 475 5841 καὶ
500 5787 681 5860 ἄψυχα
718 5789 919 5859 κινοῦν,
954 5789 1206 5869 ῥίπτουσι
1241 5790 1344 5861 πρὸ
1374 5789 1467 5844 τοῦ
1507 5788 1712 5859 Ἀγίου·

1828 4588 2031 4644 ciatum
2061 4588 2219 4655 tollit,
2249 4587 2574 4643 vulneribus
2599 4587 2876 4642 medetur.

1895 4875 1985 4935 85.
2051 4873 2180 4932 Haec
2226 4859 2419 4931 rursus
2481 4875 2706 4931 ﬁliolam
2766 4876 3004 4931 habebat
3062 4875 3238 4930 forma
3294 4890 3405 4930 non

1826 4965 2140 5032 invenusta,
2181 4981 2348 5035 quam
2376 4973 2525 5020 tanta
2556 4966 2934 5021 membrorum
2961 4964 3309 5035 perturbatio
3339 4979 3405 5019 ac

1826 5056 2099 5128 paralysis
2129 5065 2536 5127 occupaverat,
2570 5065 2630 5111 ut
2661 5064 2718 5111 et
2751 5056 3059 5126 deliquium
3103 5054 3273 5109 ammi
3305 5071 3404 5126 pa-

1826 5155 2038 5204 teretur
2067 5164 2233 5219 saepe,
2289 5158 2346 5204 et
2407 5166 2439 5204 a
2483 5157 2630 5204 statu
2682 5148 2884 5204 mentis
2928 5147 3303 5203 miserandum
3346 5147 3403 5202 in

1826 5239 2052 5293 modum
2090 5239 2443 5309 dejiceretur.
2473 5237 2650 5294 Causa
2701 5239 3014 5309 paralyticaa
3071 5235 3407 5291 inﬁrmitatis

1827 5329 2066 5385 diﬁicilis
2091 5328 2303 5385 daemon
2325 5338 2464 5395 erat,
2487 5330 2580 5400 qui
2604 5330 2843 5400 puellam
2875 5330 3177 5385 incesserat
3202 5343 3215 5379 :
3242 5336 3408 5397 atque

1829 5421 2031 5476 iterum
2063 5421 2334 5501 daemonis
2368 5422 2646 5477 saavientis
2675 5437 2840 5477 causa
2873 5430 3160 5492 peccatum
3191 5418 3403 5484 matris,

1828 5513 1883 5568 in
1916 5513 2261 5581 punitionem
2296 5513 2558 5584 nequitia:
2604 5513 2903 5585 paralysim
2953 5513 3096 5583 proli
3139 5511 3398 5566 al'ferens.

1828 5604 2111 5660 Sublatam
2164 5606 2351 5676 itaque
2419 5607 2659 5676 puellam
2733 5614 2910 5661 mater
2966 5622 3032 5660 ac
3084 5611 3403 5667 matertera,

1827 5697 2100 5752 sarcinam
2133 5697 2522 5763 miserabilem,
2578 5698 2852 5754 sarcinam
2912 5698 3182 5769 lacrymas
3229 5694 3397 5750 etiam

1829 5791 2145 5848 inanimatis
2176 5790 2512 5857 elicientem,
2544 5791 2612 5847 ad
2650 5790 2825 5849 sancti
2853 5790 3024 5863 pedes
3041 5786 3341 5862 projiciunt
3376 5803 3392 5842 :
