  <div class='ocr_page' id='page_1' title='image "/cluster/home/n/w/nwhite01/storage/ocr_20150623/86 pt.2/mdp.39015008855424/661.png"; bbox 0 0 4026 6292; ppageno 0'>
   <div class='ocr_carea' id='block_1_1' title="bbox 1720 146 1752 181">
    <p class='ocr_par' dir='ltr' id='par_1_1' title="bbox 1720 146 1752 181">
     <span class='ocr_line' id='line_1_1' title="bbox 1720 146 1752 181; baseline 0 0"><span class='ocrx_word' id='word_1_1' title='bbox 1720 146 1752 181; x_wconf 70' lang='grc' dir='ltr'><strong>κ</strong></span> 
     </span>
    </p>
   </div>
   <div class='ocr_carea' id='block_1_2' title="bbox 558 352 3865 418">
    <p class='ocr_par' dir='ltr' id='par_1_2' title="bbox 558 352 3865 418">
     <span class='ocr_line' id='line_1_2' title="bbox 558 352 3865 418; baseline 0 -1"><span class='ocrx_word' id='word_1_2' title='bbox 558 352 699 418; x_wconf 70' lang='lat'><strong>3067</strong></span> <span class='ocrx_word' id='word_1_3' title='bbox 1763 352 1821 413; x_wconf 89' lang='lat' dir='ltr'><strong>S.</strong></span> <span class='ocrx_word' id='word_1_4' title='bbox 1865 352 2241 412; x_wconf 72' lang='lat' dir='ltr'><strong>SYMEONI&#39;S</strong></span> <span class='ocrx_word' id='word_1_5' title='bbox 2278 353 2654 414; x_wconf 58' lang='lat' dir='ltr'><strong>IUNIOR&#39;IS&#39;</strong></span> <span class='ocrx_word' id='word_1_6' title='bbox 3700 353 3865 417; x_wconf 57' lang='lat'><strong>3053</strong></span> 
     </span>
    </p>
   </div>
   <div class='ocr_carea' id='block_1_3' title="bbox 556 462 2141 540">
    <p class='ocr_par' dir='ltr' id='par_1_3' title="bbox 556 462 2141 535">
     <span class='ocr_line' id='line_1_3' title="bbox 556 462 2141 535; baseline 0 -16"><span class='ocrx_word' id='word_1_7' title='bbox 556 463 710 535; x_wconf 85' lang='lat' dir='ltr'><strong>quod</strong></span> <span class='ocrx_word' id='word_1_8' title='bbox 743 478 867 518; x_wconf 89' lang='lat' dir='ltr'><strong>cum</strong></span> <span class='ocrx_word' id='word_1_9' title='bbox 903 462 992 518; x_wconf 86' lang='lat' dir='ltr'><strong>ille</strong></span> <span class='ocrx_word' id='word_1_10' title='bbox 1022 480 1134 518; x_wconf 89' lang='lat' dir='ltr'><strong>non</strong></span> <span class='ocrx_word' id='word_1_11' title='bbox 1168 463 1470 534; x_wconf 79' lang='lat' dir='ltr'><strong>ignoraret,</strong></span> <span class='ocrx_word' id='word_1_12' title='bbox 1496 462 1628 517; x_wconf 89' lang='lat' dir='ltr'><strong>illud</strong></span> <span class='ocrx_word' id='word_1_13' title='bbox 1660 463 1968 533; x_wconf 59' lang='lat' dir='ltr'><strong>praesertim</strong></span> <span class='ocrx_word' id='word_1_14' title='bbox 2014 478 2141 534; x_wconf 89' lang='lat' dir='ltr'><strong>ope-</strong></span> 
     </span>
    </p>
   </div>
   <div class='ocr_carea' id='block_1_4' title="bbox 2245 462 3861 540">
    <p class='ocr_par' dir='ltr' id='par_1_4' title="bbox 2247 465 3861 540">
     <span class='ocr_line' id='line_1_4' title="bbox 2247 465 3861 540; baseline 0.005 -22"><span class='ocrx_word' id='word_1_15' title='bbox 2247 466 2385 538; x_wconf 78' lang='grc' dir='ltr'><strong>δπερ</strong></span> <span class='ocrx_word' id='word_1_16' title='bbox 2426 466 2570 519; x_wconf 81' lang='grc' dir='ltr'><strong>ὁτοῦ</strong></span> <span class='ocrx_word' id='word_1_17' title='bbox 2615 465 2751 520; x_wconf 87' lang='grc' dir='ltr'><strong>Θεοῦ</strong></span> <span class='ocrx_word' id='word_1_18' title='bbox 2800 466 3064 538; x_wconf 67' lang='grc' dir='ltr'><strong>θεράπων</strong></span> <span class='ocrx_word' id='word_1_19' title='bbox 3094 466 3211 522; x_wconf 62' lang='grc' dir='ltr'><strong>οὐκί</strong></span> <span class='ocrx_word' id='word_1_20' title='bbox 3230 470 3530 540; x_wconf 80' lang='grc' dir='ltr'><strong>ἀγνοήσας,</strong></span> <span class='ocrx_word' id='word_1_21' title='bbox 3572 468 3775 535; x_wconf 60' lang='lat' dir='ltr'><strong>illis;</strong></span> <span class='ocrx_word' id='word_1_22' title='bbox 3798 490 3861 526; x_wconf 80' lang='grc' dir='ltr'><strong>τε</strong></span> 
     </span>
    </p>
   </div>
   <div class='ocr_carea' id='block_1_5' title="bbox 563 554 2141 631">
    <p class='ocr_par' dir='ltr' id='par_1_5' title="bbox 563 554 2141 625">
     <span class='ocr_line' id='line_1_5' title="bbox 563 554 2141 625; baseline -0.001 -15"><span class='ocrx_word' id='word_1_23' title='bbox 563 571 680 611; x_wconf 88' lang='lat' dir='ltr'><strong>ram</strong></span> <span class='ocrx_word' id='word_1_24' title='bbox 713 555 844 611; x_wconf 90' lang='lat' dir='ltr'><strong>dare</strong></span> <span class='ocrx_word' id='word_1_25' title='bbox 871 570 1091 625; x_wconf 84' lang='lat' dir='ltr'><strong>semper</strong></span> <span class='ocrx_word' id='word_1_26' title='bbox 1115 555 1339 621; x_wconf 84' lang='lat' dir='ltr'><strong>solitus,</strong></span> <span class='ocrx_word' id='word_1_27' title='bbox 1375 565 1434 609; x_wconf 93' lang='lat' dir='ltr'><strong>ut</strong></span> <span class='ocrx_word' id='word_1_28' title='bbox 1461 554 1529 609; x_wconf 90' lang='lat' dir='ltr'><strong>ad</strong></span> <span class='ocrx_word' id='word_1_29' title='bbox 1559 570 1616 610; x_wconf 88' lang='lat' dir='ltr'><strong>se</strong></span> <span class='ocrx_word' id='word_1_30' title='bbox 1654 555 1984 609; x_wconf 77' lang='lat' dir='ltr'><strong>accedentes</strong></span> <span class='ocrx_word' id='word_1_31' title='bbox 2016 569 2141 609; x_wconf 93' lang='lat' dir='ltr'><strong>cum</strong></span> 
     </span>
    </p>
   </div>
   <div class='ocr_carea' id='block_1_6' title="bbox 2245 554 3867 631">
    <p class='ocr_par' dir='ltr' id='par_1_6' title="bbox 2245 557 3867 631">
     <span class='ocr_line' id='line_1_6' title="bbox 2245 557 3867 631; baseline 0.004 -21"><span class='ocrx_word' id='word_1_32' title='bbox 2245 557 2302 610; x_wconf 79' lang='grc' dir='ltr'><strong>δὲ</strong></span> <span class='ocrx_word' id='word_1_33' title='bbox 2333 558 2555 611; x_wconf 81' lang='grc' dir='ltr'><strong>κάκεῖνο</strong></span> <span class='ocrx_word' id='word_1_34' title='bbox 2592 558 2682 611; x_wconf 70' lang='grc' dir='ltr'><strong>διὰ</strong></span> <span class='ocrx_word' id='word_1_35' title='bbox 2732 561 2938 624; x_wconf 76' lang='grc' dir='ltr'><strong>παντὸς</strong></span> <span class='ocrx_word' id='word_1_36' title='bbox 2967 560 3130 630; x_wconf 78' lang='grc' dir='ltr'><strong>ἔργον</strong></span> <span class='ocrx_word' id='word_1_37' title='bbox 3182 562 3583 631; x_wconf 69' lang='grc' dir='ltr'><strong>πεποιημένος,</strong></span> <span class='ocrx_word' id='word_1_38' title='bbox 3622 562 3688 617; x_wconf 79' lang='grc' dir='ltr'><strong>τὸ</strong></span> <span class='ocrx_word' id='word_1_39' title='bbox 3718 569 3867 627; x_wconf 57' lang='lat' dir='ltr'><strong>eois;</strong></span> 
     </span>
    </p>
   </div>
   <div class='ocr_carea' id='block_1_7' title="bbox 564 646 2141 727">
    <p class='ocr_par' dir='ltr' id='par_1_7' title="bbox 564 646 2140 716">
     <span class='ocr_line' id='line_1_7' title="bbox 564 646 2140 716; baseline 0.001 -16"><span class='ocrx_word' id='word_1_40' title='bbox 564 647 942 703; x_wconf 86' lang='lat' dir='ltr'><strong>incolumitate</strong></span> <span class='ocrx_word' id='word_1_41' title='bbox 975 647 1249 716; x_wconf 89' lang='lat' dir='ltr'><strong>corporis,</strong></span> <span class='ocrx_word' id='word_1_42' title='bbox 1273 647 1439 701; x_wconf 88' lang='lat' dir='ltr'><strong>etiam</strong></span> <span class='ocrx_word' id='word_1_43' title='bbox 1472 646 1734 711; x_wconf 84' lang='lat' dir='ltr'><strong>animam,</strong></span> <span class='ocrx_word' id='word_1_44' title='bbox 1767 646 1813 700; x_wconf 96' lang='lat' dir='ltr'><strong>si</strong></span> <span class='ocrx_word' id='word_1_45' title='bbox 1865 662 1974 715; x_wconf 90' lang='lat' dir='ltr'><strong>qua</strong></span> <span class='ocrx_word' id='word_1_46' title='bbox 1998 646 2140 701; x_wconf 81' lang='lat' dir='ltr'><strong>forte</strong></span> 
     </span>
    </p>
   </div>
   <div class='ocr_carea' id='block_1_8' title="bbox 2245 646 3862 727">
    <p class='ocr_par' dir='ltr' id='par_1_8' title="bbox 2245 648 3862 727">
     <span class='ocr_line' id='line_1_8' title="bbox 2245 648 3862 727; baseline 0.005 -25"><span class='ocrx_word' id='word_1_47' title='bbox 2245 648 2393 719; x_wconf 84' lang='grc' dir='ltr'><strong>αὐτῷ</strong></span> <span class='ocrx_word' id='word_1_48' title='bbox 2423 652 2767 724; x_wconf 75' lang='grc' dir='ltr'><strong>προσιόντας,</strong></span> <span class='ocrx_word' id='word_1_49' title='bbox 2796 654 2933 723; x_wconf 78' lang='grc' dir='ltr'><strong>μετὰ</strong></span> <span class='ocrx_word' id='word_1_50' title='bbox 2987 655 3085 725; x_wconf 76' lang='grc' dir='ltr'><strong>τῆς</strong></span> <span class='ocrx_word' id='word_1_51' title='bbox 3136 655 3468 727; x_wconf 78' lang='grc' dir='ltr'><strong>κατὰσῶμα</strong></span> <span class='ocrx_word' id='word_1_52' title='bbox 3496 657 3862 725; x_wconf 75' lang='grc' dir='ltr'><strong>θεραπείας,</strong></span> 
     </span>
    </p>
   </div>
   <div class='ocr_carea' id='block_1_9' title="bbox 557 737 2141 817">
    <p class='ocr_par' dir='ltr' id='par_1_9' title="bbox 557 737 2134 808">
     <span class='ocr_line' id='line_1_9' title="bbox 557 737 2134 808; baseline -0.003 -13"><span class='ocrx_word' id='word_1_53' title='bbox 557 756 685 795; x_wconf 86' lang='lat' dir='ltr'><strong>eam</strong></span> <span class='ocrx_word' id='word_1_54' title='bbox 720 740 876 795; x_wconf 91' lang='lat' dir='ltr'><strong>labes</strong></span> <span class='ocrx_word' id='word_1_55' title='bbox 904 739 1178 804; x_wconf 80' lang='lat' dir='ltr'><strong>inliceret,</strong></span> <span class='ocrx_word' id='word_1_56' title='bbox 1230 755 1330 808; x_wconf 92' lang='lat' dir='ltr'><strong>per</strong></span> <span class='ocrx_word' id='word_1_57' title='bbox 1355 738 1763 793; x_wconf 82' lang='lat' dir='ltr'><strong>confessionem</strong></span> <span class='ocrx_word' id='word_1_58' title='bbox 1809 737 2134 800; x_wconf 88' lang='lat' dir='ltr'><strong>Iustrarent,</strong></span> 
     </span>
    </p>
   </div>
   <div class='ocr_carea' id='block_1_10' title="bbox 2245 737 3862 817">
    <p class='ocr_par' dir='ltr' id='par_1_10' title="bbox 2245 740 3862 817">
     <span class='ocr_line' id='line_1_10' title="bbox 2245 740 3862 817; baseline 0.004 -21"><span class='ocrx_word' id='word_1_59' title='bbox 2245 742 2348 796; x_wconf 88' lang='grc' dir='ltr'><strong>είτι</strong></span> <span class='ocrx_word' id='word_1_60' title='bbox 2372 745 2466 796; x_wconf 71' lang='grc' dir='ltr'><strong>καὶ</strong></span> <span class='ocrx_word' id='word_1_61' title='bbox 2490 744 2670 815; x_wconf 80' lang='grc' dir='ltr'><strong>ψυχῆς</strong></span> <span class='ocrx_word' id='word_1_62' title='bbox 2700 740 2911 817; x_wconf 52' lang='lat' dir='ltr'><strong>ala-10;,</strong></span> <span class='ocrx_word' id='word_1_63' title='bbox 2952 749 3046 799; x_wconf 70' lang='grc' dir='ltr'><strong>καὶ</strong></span> <span class='ocrx_word' id='word_1_64' title='bbox 3082 748 3238 801; x_wconf 83' lang='grc' dir='ltr'><strong>τοῦτο</strong></span> <span class='ocrx_word' id='word_1_65' title='bbox 3269 747 3338 801; x_wconf 78' lang='grc' dir='ltr'><strong>δι’</strong></span> <span class='ocrx_word' id='word_1_66' title='bbox 3374 749 3862 817; x_wconf 66' lang='grc' dir='ltr'><strong>ἐξομολογῆσεως</strong></span> 
     </span>
    </p>
   </div>
   <div class='ocr_carea' id='block_1_11' title="bbox 562 819 2141 901">
    <p class='ocr_par' dir='ltr' id='par_1_11' title="bbox 562 830 2141 901">
     <span class='ocr_line' id='line_1_11' title="bbox 562 830 2141 901; baseline -0.001 -17"><span class='ocrx_word' id='word_1_67' title='bbox 562 840 844 901; x_wconf 85' lang='lat' dir='ltr'><strong>quatenus</strong></span> <span class='ocrx_word' id='word_1_68' title='bbox 876 841 991 886; x_wconf 90' lang='lat' dir='ltr'><strong>tum</strong></span> <span class='ocrx_word' id='word_1_69' title='bbox 1020 846 1256 901; x_wconf 91' lang='lat' dir='ltr'><strong>corpore</strong></span> <span class='ocrx_word' id='word_1_70' title='bbox 1290 839 1405 885; x_wconf 86' lang='lat' dir='ltr'><strong>tum</strong></span> <span class='ocrx_word' id='word_1_71' title='bbox 1437 831 1645 895; x_wconf 86' lang='lat' dir='ltr'><strong>anima,</strong></span> <span class='ocrx_word' id='word_1_72' title='bbox 1670 830 1781 885; x_wconf 93' lang='lat' dir='ltr'><strong>imo</strong></span> <span class='ocrx_word' id='word_1_73' title='bbox 1806 830 1910 885; x_wconf 87' lang='lat' dir='ltr'><strong>hac</strong></span> <span class='ocrx_word' id='word_1_74' title='bbox 1951 830 2141 900; x_wconf 86' lang='lat' dir='ltr'><strong>potius</strong></span> 
     </span>
    </p>
   </div>
   <div class='ocr_carea' id='block_1_12' title="bbox 2245 819 3861 901">
    <p class='ocr_par' dir='ltr' id='par_1_12' title="bbox 2245 819 3861 897">
     <span class='ocr_line' id='line_1_12' title="bbox 2245 819 3861 897; baseline 0.003 -23"><span class='ocrx_word' id='word_1_75' title='bbox 2245 819 2631 888; x_wconf 82' lang='grc' dir='ltr'><strong>ἀποτίθεσθαι,</strong></span> <span class='ocrx_word' id='word_1_76' title='bbox 2685 823 2762 887; x_wconf 85' lang='grc' dir='ltr'><strong>ὡς</strong></span> <span class='ocrx_word' id='word_1_77' title='bbox 2818 823 3110 896; x_wconf 78' lang='grc' dir='ltr'><strong>ἀμφότερα</strong></span> <span class='ocrx_word' id='word_1_78' title='bbox 3165 826 3326 897; x_wconf 82' lang='grc' dir='ltr'><strong>σῶμά</strong></span> <span class='ocrx_word' id='word_1_79' title='bbox 3389 844 3450 880; x_wconf 86' lang='grc' dir='ltr'><strong>τε</strong></span> <span class='ocrx_word' id='word_1_80' title='bbox 3504 828 3611 881; x_wconf 72' lang='grc' dir='ltr'><strong>καὶ</strong></span> <span class='ocrx_word' id='word_1_81' title='bbox 3665 828 3861 897; x_wconf 63' lang='grc' dir='ltr'><strong>ψυχὴν</strong></span> 
     </span>
    </p>
   </div>
   <div class='ocr_carea' id='block_1_13' title="bbox 563 920 2141 992">
    <p class='ocr_par' dir='ltr' id='par_1_13' title="bbox 563 920 2141 992">
     <span class='ocr_line' id='line_1_13' title="bbox 563 920 2141 992; baseline -0.002 -14"><span class='ocrx_word' id='word_1_82' title='bbox 563 938 728 992; x_wconf 84' lang='lat' dir='ltr'><strong>quam</strong></span> <span class='ocrx_word' id='word_1_83' title='bbox 777 923 908 988; x_wconf 91' lang='lat' dir='ltr'><strong>illo,</strong></span> <span class='ocrx_word' id='word_1_84' title='bbox 963 923 1138 978; x_wconf 82' lang='lat' dir='ltr'><strong>curati</strong></span> <span class='ocrx_word' id='word_1_85' title='bbox 1193 932 1630 978; x_wconf 84' lang='lat' dir='ltr'><strong>reverterentur.</strong></span> <span class='ocrx_word' id='word_1_86' title='bbox 1677 920 1817 976; x_wconf 76' lang='lat' dir='ltr'><strong>Dum</strong></span> <span class='ocrx_word' id='word_1_87' title='bbox 1862 922 2030 992; x_wconf 81' lang='lat' dir='ltr'><strong>igitur</strong></span> <span class='ocrx_word' id='word_1_88' title='bbox 2084 921 2141 975; x_wconf 90' lang='lat' dir='ltr'><strong>in</strong></span> 
     </span>
    </p>
   </div>
   <div class='ocr_carea' id='block_1_14' title="bbox 563 1012 2142 1084">
    <p class='ocr_par' dir='ltr' id='par_1_14' title="bbox 563 1012 2142 1084">
     <span class='ocr_line' id='line_1_14' title="bbox 563 1012 2142 1084; baseline -0.003 -14"><span class='ocrx_word' id='word_1_89' title='bbox 563 1024 713 1084; x_wconf 82' lang='lat' dir='ltr'><strong>gesta</strong></span> <span class='ocrx_word' id='word_1_90' title='bbox 740 1022 906 1084; x_wconf 87' lang='lat' dir='ltr'><strong>atque</strong></span> <span class='ocrx_word' id='word_1_91' title='bbox 957 1014 1195 1084; x_wconf 88' lang='lat' dir='ltr'><strong>cogitata</strong></span> <span class='ocrx_word' id='word_1_92' title='bbox 1254 1014 1476 1068; x_wconf 88' lang='lat' dir='ltr'><strong>illarum</strong></span> <span class='ocrx_word' id='word_1_93' title='bbox 1518 1013 1779 1083; x_wconf 76' lang='lat' dir='ltr'><strong>inquirit,</strong></span> <span class='ocrx_word' id='word_1_94' title='bbox 1827 1020 1890 1067; x_wconf 94' lang='lat' dir='ltr'><strong>ut</strong></span> <span class='ocrx_word' id='word_1_95' title='bbox 1937 1012 2142 1082; x_wconf 80' lang='lat' dir='ltr'><strong>duplex</strong></span> 
     </span>
    </p>
   </div>
   <div class='ocr_carea' id='block_1_15' title="bbox 562 1107 2143 1177">
    <p class='ocr_par' dir='ltr' id='par_1_15' title="bbox 562 1107 2143 1177">
     <span class='ocr_line' id='line_1_15' title="bbox 562 1107 2143 1177; baseline 0.001 -14"><span class='ocrx_word' id='word_1_96' title='bbox 562 1107 914 1169; x_wconf 80' lang='lat' dir='ltr'><strong>beneficium,</strong></span> <span class='ocrx_word' id='word_1_97' title='bbox 966 1108 1132 1163; x_wconf 90' lang='lat' dir='ltr'><strong>sicuti</strong></span> <span class='ocrx_word' id='word_1_98' title='bbox 1186 1108 1453 1173; x_wconf 81' lang='lat' dir='ltr'><strong>diximus,</strong></span> <span class='ocrx_word' id='word_1_99' title='bbox 1515 1108 1769 1177; x_wconf 85' lang='lat' dir='ltr'><strong>corporis</strong></span> <span class='ocrx_word' id='word_1_100' title='bbox 1832 1122 1897 1162; x_wconf 87' lang='lat' dir='ltr'><strong>ac</strong></span> <span class='ocrx_word' id='word_1_101' title='bbox 1943 1108 2143 1164; x_wconf 70' lang='lat' dir='ltr'><strong>animae</strong></span> 
     </span>
    </p>
   </div>
   <div class='ocr_carea' id='block_1_16' title="bbox 564 1198 2140 1269">
    <p class='ocr_par' dir='ltr' id='par_1_16' title="bbox 564 1198 2140 1269">
     <span class='ocr_line' id='line_1_16' title="bbox 564 1198 2140 1269; baseline 0.002 -17"><span class='ocrx_word' id='word_1_102' title='bbox 564 1200 766 1267; x_wconf 71' lang='lat' dir='ltr'><strong>pariter</strong></span> <span class='ocrx_word' id='word_1_103' title='bbox 793 1208 1113 1253; x_wconf 88' lang='lat' dir='ltr'><strong>curatorum</strong></span> <span class='ocrx_word' id='word_1_104' title='bbox 1150 1198 1556 1269; x_wconf 90' lang='lat' dir='ltr'><strong>impertiretur,</strong></span> <span class='ocrx_word' id='word_1_105' title='bbox 1605 1199 1986 1269; x_wconf 89' lang='lat' dir='ltr'><strong>peritissimus</strong></span> <span class='ocrx_word' id='word_1_106' title='bbox 2049 1201 2140 1255; x_wconf 91' lang='lat' dir='ltr'><strong>ille</strong></span> 
     </span>
    </p>
   </div>
   <div class='ocr_carea' id='block_1_17' title="bbox 562 1289 2141 1361">
    <p class='ocr_par' dir='ltr' id='par_1_17' title="bbox 562 1289 2141 1361">
     <span class='ocr_line' id='line_1_17' title="bbox 562 1289 2141 1361; baseline 0.001 -17"><span class='ocrx_word' id='word_1_107' title='bbox 562 1305 673 1344; x_wconf 86' lang='lat' dir='ltr'><strong>non</strong></span> <span class='ocrx_word' id='word_1_108' title='bbox 712 1289 890 1343; x_wconf 76' lang='lat' dir='ltr'><strong>solum</strong></span> <span class='ocrx_word' id='word_1_109' title='bbox 939 1290 1312 1361; x_wconf 81' lang='lat' dir='ltr'><strong>investigandi</strong></span> <span class='ocrx_word' id='word_1_110' title='bbox 1373 1291 1757 1361; x_wconf 84' lang='lat' dir='ltr'><strong>spiritualium</strong></span> <span class='ocrx_word' id='word_1_111' title='bbox 1816 1292 2141 1346; x_wconf 84' lang='lat' dir='ltr'><strong>morborum</strong></span> 
     </span>
    </p>
   </div>
   <div class='ocr_carea' id='block_1_18' title="bbox 560 1381 2144 1453">
    <p class='ocr_par' dir='ltr' id='par_1_18' title="bbox 560 1381 2144 1453">
     <span class='ocr_line' id='line_1_18' title="bbox 560 1381 2144 1453; baseline 0.003 -21"><span class='ocrx_word' id='word_1_112' title='bbox 560 1395 779 1448; x_wconf 73' lang='lat' dir='ltr'><strong>causas,</strong></span> <span class='ocrx_word' id='word_1_113' title='bbox 815 1381 912 1436; x_wconf 92' lang='lat' dir='ltr'><strong>sed</strong></span> <span class='ocrx_word' id='word_1_114' title='bbox 936 1381 1210 1436; x_wconf 90' lang='lat' dir='ltr'><strong>medelam</strong></span> <span class='ocrx_word' id='word_1_115' title='bbox 1262 1398 1485 1452; x_wconf 86' lang='lat' dir='ltr'><strong>quoque</strong></span> <span class='ocrx_word' id='word_1_116' title='bbox 1539 1381 1809 1437; x_wconf 71' lang='lat' dir='ltr'><strong>afferendi</strong></span> <span class='ocrx_word' id='word_1_117' title='bbox 1861 1382 2144 1453; x_wconf 87' lang='lat' dir='ltr'><strong>paratissi-</strong></span> 
     </span>
    </p>
   </div>
   <div class='ocr_carea' id='block_1_19' title="bbox 564 1470 2143 1542">
    <p class='ocr_par' dir='ltr' id='par_1_19' title="bbox 564 1470 2143 1542">
     <span class='ocr_line' id='line_1_19' title="bbox 564 1470 2143 1542; baseline 0.001 -17"><span class='ocrx_word' id='word_1_118' title='bbox 564 1486 724 1539; x_wconf 90' lang='lat' dir='ltr'><strong>mus;</strong></span> <span class='ocrx_word' id='word_1_119' title='bbox 758 1470 938 1541; x_wconf 90' lang='lat' dir='ltr'><strong>pudor</strong></span> <span class='ocrx_word' id='word_1_120' title='bbox 962 1482 1127 1541; x_wconf 89' lang='lat' dir='ltr'><strong>atque</strong></span> <span class='ocrx_word' id='word_1_121' title='bbox 1152 1472 1317 1527; x_wconf 87' lang='lat' dir='ltr'><strong>timor</strong></span> <span class='ocrx_word' id='word_1_122' title='bbox 1347 1473 1469 1527; x_wconf 90' lang='lat' dir='ltr'><strong>illas</strong></span> <span class='ocrx_word' id='word_1_123' title='bbox 1493 1473 1739 1535; x_wconf 86' lang='lat' dir='ltr'><strong>incessit,</strong></span> <span class='ocrx_word' id='word_1_124' title='bbox 1794 1482 2143 1542; x_wconf 75' lang='lat' dir='ltr'><strong>precatzeque</strong></span> 
     </span>
    </p>
   </div>
   <div class='ocr_carea' id='block_1_20' title="bbox 562 1561 2141 1633">
    <p class='ocr_par' dir='ltr' id='par_1_20' title="bbox 562 1561 2141 1633">
     <span class='ocr_line' id='line_1_20' title="bbox 562 1561 2141 1633; baseline -0.001 -17"><span class='ocrx_word' id='word_1_125' title='bbox 562 1571 732 1628; x_wconf 90' lang='lat' dir='ltr'><strong>sunt,</strong></span> <span class='ocrx_word' id='word_1_126' title='bbox 762 1568 909 1617; x_wconf 85' lang='lat' dir='ltr'><strong>terra</strong></span> <span class='ocrx_word' id='word_1_127' title='bbox 950 1562 1055 1618; x_wconf 89' lang='lat' dir='ltr'><strong>sibi</strong></span> <span class='ocrx_word' id='word_1_128' title='bbox 1084 1563 1241 1633; x_wconf 88' lang='lat' dir='ltr'><strong>prius</strong></span> <span class='ocrx_word' id='word_1_129' title='bbox 1288 1561 1623 1628; x_wconf 90' lang='lat' dir='ltr'><strong>dehisceret,</strong></span> <span class='ocrx_word' id='word_1_130' title='bbox 1653 1578 1819 1632; x_wconf 89' lang='lat' dir='ltr'><strong>quam</strong></span> <span class='ocrx_word' id='word_1_131' title='bbox 1870 1562 2001 1617; x_wconf 74' lang='lat' dir='ltr'><strong>vita:</strong></span> <span class='ocrx_word' id='word_1_132' title='bbox 2032 1570 2141 1615; x_wconf 90' lang='lat' dir='ltr'><strong>tam</strong></span> 
     </span>
    </p>
   </div>
   <div class='ocr_carea' id='block_1_21' title="bbox 561 1652 2142 1724">
    <p class='ocr_par' dir='ltr' id='par_1_21' title="bbox 561 1652 2142 1724">
     <span class='ocr_line' id='line_1_21' title="bbox 561 1652 2142 1724; baseline 0 -17"><span class='ocrx_word' id='word_1_133' title='bbox 561 1653 826 1724; x_wconf 65' lang='lat' dir='ltr'><strong>angelica:</strong></span> <span class='ocrx_word' id='word_1_134' title='bbox 864 1654 1008 1719; x_wconf 85' lang='lat' dir='ltr'><strong>viro,</strong></span> <span class='ocrx_word' id='word_1_135' title='bbox 1045 1655 1101 1708; x_wconf 91' lang='lat' dir='ltr'><strong>in</strong></span> <span class='ocrx_word' id='word_1_136' title='bbox 1154 1669 1321 1709; x_wconf 89' lang='lat' dir='ltr'><strong>carne</strong></span> <span class='ocrx_word' id='word_1_137' title='bbox 1381 1653 1565 1709; x_wconf 90' lang='lat' dir='ltr'><strong>carnis</strong></span> <span class='ocrx_word' id='word_1_138' title='bbox 1611 1652 1847 1724; x_wconf 83' lang='lat' dir='ltr'><strong>experti,</strong></span> <span class='ocrx_word' id='word_1_139' title='bbox 1901 1668 1963 1707; x_wconf 90' lang='lat' dir='ltr'><strong>ac</strong></span> <span class='ocrx_word' id='word_1_140' title='bbox 2001 1667 2142 1723; x_wconf 89' lang='lat' dir='ltr'><strong>pene</strong></span> 
     </span>
    </p>
   </div>
   <div class='ocr_carea' id='block_1_22' title="bbox 564 1742 1602 1811">
    <p class='ocr_par' dir='ltr' id='par_1_22' title="bbox 564 1742 1602 1811">
     <span class='ocr_line' id='line_1_22' title="bbox 564 1742 1602 1811; baseline 0.001 -16"><span class='ocrx_word' id='word_1_141' title='bbox 564 1742 838 1811; x_wconf 80' lang='lat' dir='ltr'><strong>Spirituali</strong></span> <span class='ocrx_word' id='word_1_142' title='bbox 860 1743 1043 1798; x_wconf 86' lang='lat' dir='ltr'><strong>scelus</strong></span> <span class='ocrx_word' id='word_1_143' title='bbox 1072 1758 1235 1797; x_wconf 88' lang='lat' dir='ltr'><strong>suum</strong></span> <span class='ocrx_word' id='word_1_144' title='bbox 1264 1742 1602 1797; x_wconf 85' lang='lat' dir='ltr'><strong>revelarent.</strong></span> 
     </span>
    </p>
   </div>
   <div class='ocr_carea' id='block_1_23' title="bbox 635 1832 2137 1903">
    <p class='ocr_par' dir='ltr' id='par_1_23' title="bbox 635 1832 2137 1903">
     <span class='ocr_line' id='line_1_23' title="bbox 635 1832 2137 1903; baseline 0.003 -18"><span class='ocrx_word' id='word_1_145' title='bbox 635 1832 725 1886; x_wconf 88' lang='grc'><strong>86.</strong></span> <span class='ocrx_word' id='word_1_146' title='bbox 761 1834 896 1888; x_wconf 90' lang='lat' dir='ltr'><strong>Dum</strong></span> <span class='ocrx_word' id='word_1_147' title='bbox 921 1835 997 1888; x_wconf 91' lang='lat' dir='ltr'><strong>ita</strong></span> <span class='ocrx_word' id='word_1_148' title='bbox 1028 1848 1215 1888; x_wconf 88' lang='lat' dir='ltr'><strong>secum</strong></span> <span class='ocrx_word' id='word_1_149' title='bbox 1251 1833 1357 1887; x_wconf 74' lang='lat' dir='ltr'><strong>illae</strong></span> <span class='ocrx_word' id='word_1_150' title='bbox 1392 1834 1693 1895; x_wconf 88' lang='lat' dir='ltr'><strong>luctantur,</strong></span> <span class='ocrx_word' id='word_1_151' title='bbox 1742 1841 1893 1889; x_wconf 87' lang='lat' dir='ltr'><strong>metu</strong></span> <span class='ocrx_word' id='word_1_152' title='bbox 1942 1833 2137 1903; x_wconf 75' lang='lat' dir='ltr'><strong>plenae,</strong></span> 
     </span>
    </p>
   </div>
   <div class='ocr_carea' id='block_1_24' title="bbox 564 1924 2143 1996">
    <p class='ocr_par' dir='ltr' id='par_1_24' title="bbox 564 1924 2143 1996">
     <span class='ocr_line' id='line_1_24' title="bbox 564 1924 2143 1996; baseline 0.002 -19"><span class='ocrx_word' id='word_1_153' title='bbox 564 1924 767 1980; x_wconf 89' lang='lat' dir='ltr'><strong>accidit</strong></span> <span class='ocrx_word' id='word_1_154' title='bbox 797 1933 1030 1980; x_wconf 86' lang='lat' dir='ltr'><strong>matrem</strong></span> <span class='ocrx_word' id='word_1_155' title='bbox 1056 1925 1349 1996; x_wconf 81' lang='lat' dir='ltr'><strong>Symeonis</strong></span> <span class='ocrx_word' id='word_1_156' title='bbox 1370 1924 1660 1989; x_wconf 86' lang='lat' dir='ltr'><strong>Martbam,</strong></span> <span class='ocrx_word' id='word_1_157' title='bbox 1692 1924 1981 1979; x_wconf 88' lang='lat' dir='ltr'><strong>mulierem</strong></span> <span class='ocrx_word' id='word_1_158' title='bbox 2013 1941 2143 1980; x_wconf 86' lang='lat' dir='ltr'><strong>vere</strong></span> 
     </span>
    </p>
   </div>
   <div class='ocr_carea' id='block_1_25' title="bbox 564 2016 2155 2085">
    <p class='ocr_par' dir='ltr' id='par_1_25' title="bbox 564 2016 2155 2085">
     <span class='ocr_line' id='line_1_25' title="bbox 564 2016 2155 2085; baseline 0.001 -16"><span class='ocrx_word' id='word_1_159' title='bbox 564 2024 832 2080; x_wconf 83' lang='lat' dir='ltr'><strong>sanctam,</strong></span> <span class='ocrx_word' id='word_1_160' title='bbox 863 2031 1017 2070; x_wconf 88' lang='lat' dir='ltr'><strong>more</strong></span> <span class='ocrx_word' id='word_1_161' title='bbox 1047 2031 1148 2070; x_wconf 91' lang='lat' dir='ltr'><strong>suo</strong></span> <span class='ocrx_word' id='word_1_162' title='bbox 1176 2016 1308 2070; x_wconf 93' lang='lat' dir='ltr'><strong>illuc</strong></span> <span class='ocrx_word' id='word_1_163' title='bbox 1331 2016 1596 2071; x_wconf 83' lang='lat' dir='ltr'><strong>accedere</strong></span> <span class='ocrx_word' id='word_1_164' title='bbox 1631 2034 1644 2069; x_wconf 89' lang='lat'>:</span> <span class='ocrx_word' id='word_1_165' title='bbox 1675 2016 1931 2085; x_wconf 83' lang='lat' dir='ltr'><strong>apparuit</strong></span> <span class='ocrx_word' id='word_1_166' title='bbox 1959 2026 2155 2071; x_wconf 49' lang='lat' dir='ltr'><strong>autern&quot;</strong></span> 
     </span>
    </p>
   </div>
   <div class='ocr_carea' id='block_1_26' title="bbox 567 2107 2139 2179">
    <p class='ocr_par' dir='ltr' id='par_1_26' title="bbox 567 2107 2139 2179">
     <span class='ocr_line' id='line_1_26' title="bbox 567 2107 2139 2179; baseline 0.001 -18"><span class='ocrx_word' id='word_1_167' title='bbox 567 2107 656 2161; x_wconf 84' lang='lat' dir='ltr'><strong>illa</strong></span> <span class='ocrx_word' id='word_1_168' title='bbox 677 2107 836 2163; x_wconf 79' lang='lat' dir='ltr'><strong>anxie</strong></span> <span class='ocrx_word' id='word_1_169' title='bbox 856 2107 1220 2171; x_wconf 57' lang='lat' dir='ltr'><strong>haerentibus.</strong></span> <span class='ocrx_word' id='word_1_170' title='bbox 1240 2107 1320 2161; x_wconf 91' lang='lat' dir='ltr'><strong>uti</strong></span> <span class='ocrx_word' id='word_1_171' title='bbox 1352 2107 1537 2162; x_wconf 88' lang='lat' dir='ltr'><strong>lumen</strong></span> <span class='ocrx_word' id='word_1_172' title='bbox 1563 2107 1617 2161; x_wconf 88' lang='lat' dir='ltr'><strong>in</strong></span> <span class='ocrx_word' id='word_1_173' title='bbox 1634 2118 1795 2162; x_wconf 83' lang='lat' dir='ltr'><strong>nocte</strong></span> <span class='ocrx_word' id='word_1_174' title='bbox 1820 2108 2139 2179; x_wconf 82' lang='lat' dir='ltr'><strong>caliginosa,</strong></span> 
     </span>
    </p>
   </div>
   <div class='ocr_carea' id='block_1_27' title="bbox 564 2198 2147 2270">
    <p class='ocr_par' dir='ltr' id='par_1_27' title="bbox 564 2198 2147 2270">
     <span class='ocr_line' id='line_1_27' title="bbox 564 2198 2147 2270; baseline 0.001 -18"><span class='ocrx_word' id='word_1_175' title='bbox 564 2200 764 2254; x_wconf 86' lang='lat' dir='ltr'><strong>mulier</strong></span> <span class='ocrx_word' id='word_1_176' title='bbox 790 2198 1137 2264; x_wconf 88' lang='lat' dir='ltr'><strong>mulieribus,</strong></span> <span class='ocrx_word' id='word_1_177' title='bbox 1166 2214 1331 2254; x_wconf 85' lang='lat' dir='ltr'><strong>sexus</strong></span> <span class='ocrx_word' id='word_1_178' title='bbox 1358 2199 1721 2254; x_wconf 89' lang='lat' dir='ltr'><strong>similitudine</strong></span> <span class='ocrx_word' id='word_1_179' title='bbox 1753 2198 1859 2253; x_wconf 83' lang='lat' dir='ltr'><strong>sibi</strong></span> <span class='ocrx_word' id='word_1_180' title='bbox 1907 2201 2147 2270; x_wconf 78' lang='lat' dir='ltr'><strong>conjun-</strong></span> 
     </span>
    </p>
   </div>
   <div class='ocr_carea' id='block_1_28' title="bbox 563 2292 2143 2363">
    <p class='ocr_par' dir='ltr' id='par_1_28' title="bbox 563 2292 2143 2363">
     <span class='ocr_line' id='line_1_28' title="bbox 563 2292 2143 2363; baseline 0.001 -16"><span class='ocrx_word' id='word_1_181' title='bbox 563 2293 700 2357; x_wconf 88' lang='lat' dir='ltr'><strong>ctis;</strong></span> <span class='ocrx_word' id='word_1_182' title='bbox 730 2308 852 2362; x_wconf 74' lang='lat' dir='ltr'><strong>quae</strong></span> <span class='ocrx_word' id='word_1_183' title='bbox 888 2292 955 2347; x_wconf 87' lang='lat' dir='ltr'><strong>ad</strong></span> <span class='ocrx_word' id='word_1_184' title='bbox 987 2293 1156 2363; x_wconf 87' lang='lat' dir='ltr'><strong>pedes</strong></span> <span class='ocrx_word' id='word_1_185' title='bbox 1189 2293 1340 2347; x_wconf 91' lang='lat' dir='ltr'><strong>illius</strong></span> <span class='ocrx_word' id='word_1_186' title='bbox 1376 2307 1434 2347; x_wconf 89' lang='lat' dir='ltr'><strong>se</strong></span> <span class='ocrx_word' id='word_1_187' title='bbox 1465 2308 1630 2362; x_wconf 89' lang='lat' dir='ltr'><strong>quam</strong></span> <span class='ocrx_word' id='word_1_188' title='bbox 1683 2302 1942 2362; x_wconf 81' lang='lat' dir='ltr'><strong>poterant</strong></span> <span class='ocrx_word' id='word_1_189' title='bbox 1988 2294 2143 2348; x_wconf 87' lang='lat' dir='ltr'><strong>citis-</strong></span> 
     </span>
    </p>
   </div>
   <div class='ocr_carea' id='block_1_29' title="bbox 563 2381 2144 2454">
    <p class='ocr_par' dir='ltr' id='par_1_29' title="bbox 563 2381 2144 2454">
     <span class='ocr_line' id='line_1_29' title="bbox 563 2381 2144 2454; baseline 0.003 -20"><span class='ocrx_word' id='word_1_190' title='bbox 563 2381 699 2434; x_wconf 90' lang='lat' dir='ltr'><strong>sime</strong></span> <span class='ocrx_word' id='word_1_191' title='bbox 711 2381 1057 2450; x_wconf 85' lang='lat' dir='ltr'><strong>abjicientes,</strong></span> <span class='ocrx_word' id='word_1_192' title='bbox 1071 2381 1407 2452; x_wconf 90' lang='lat' dir='ltr'><strong>eosdemque</strong></span> <span class='ocrx_word' id='word_1_193' title='bbox 1424 2397 1549 2436; x_wconf 91' lang='lat' dir='ltr'><strong>cum</strong></span> <span class='ocrx_word' id='word_1_194' title='bbox 1562 2383 1820 2454; x_wconf 87' lang='lat' dir='ltr'><strong>lacrymis</strong></span> <span class='ocrx_word' id='word_1_195' title='bbox 1835 2383 2144 2438; x_wconf 86' lang='lat' dir='ltr'><strong>calentibus</strong></span> 
     </span>
    </p>
   </div>
   <div class='ocr_carea' id='block_1_30' title="bbox 561 2473 2139 2543">
    <p class='ocr_par' dir='ltr' id='par_1_30' title="bbox 561 2473 2139 2543">
     <span class='ocr_line' id='line_1_30' title="bbox 561 2473 2139 2543; baseline 0 -16"><span class='ocrx_word' id='word_1_196' title='bbox 561 2473 980 2542; x_wconf 85' lang='lat' dir='ltr'><strong>amplectentes,</strong></span> <span class='ocrx_word' id='word_1_197' title='bbox 1050 2474 1314 2530; x_wconf 90' lang='lat' dir='ltr'><strong>miserum</strong></span> <span class='ocrx_word' id='word_1_198' title='bbox 1381 2473 1618 2529; x_wconf 82' lang='lat' dir='ltr'><strong>infelicis</strong></span> <span class='ocrx_word' id='word_1_199' title='bbox 1683 2474 1881 2543; x_wconf 68' lang='lat' dir='ltr'><strong>puellae</strong></span> <span class='ocrx_word' id='word_1_200' title='bbox 1937 2481 2139 2529; x_wconf 89' lang='lat' dir='ltr'><strong>statum</strong></span> 
     </span>
    </p>
   </div>
   <div class='ocr_carea' id='block_1_31' title="bbox 560 2562 2142 2631">
    <p class='ocr_par' dir='ltr' id='par_1_31' title="bbox 560 2562 2142 2631">
     <span class='ocr_line' id='line_1_31' title="bbox 560 2562 2142 2631; baseline 0.001 -16"><span class='ocrx_word' id='word_1_201' title='bbox 560 2569 865 2630; x_wconf 83' lang='lat' dir='ltr'><strong>exponunt,</strong></span> <span class='ocrx_word' id='word_1_202' title='bbox 888 2570 1176 2631; x_wconf 87' lang='lat' dir='ltr'><strong>peceatum</strong></span> <span class='ocrx_word' id='word_1_203' title='bbox 1203 2576 1363 2617; x_wconf 87' lang='lat' dir='ltr'><strong>suum</strong></span> <span class='ocrx_word' id='word_1_204' title='bbox 1399 2562 1717 2627; x_wconf 87' lang='lat' dir='ltr'><strong>enuntiant,</strong></span> <span class='ocrx_word' id='word_1_205' title='bbox 1768 2578 1990 2618; x_wconf 88' lang='lat' dir='ltr'><strong>causam</strong></span> <span class='ocrx_word' id='word_1_206' title='bbox 2042 2578 2142 2617; x_wconf 84' lang='lat' dir='ltr'><strong>cur</strong></span> 
     </span>
    </p>
   </div>
   <div class='ocr_carea' id='block_1_32' title="bbox 463 2652 2139 2733">
    <p class='ocr_par' dir='ltr' id='par_1_32' title="bbox 463 2652 2139 2733">
     <span class='ocr_line' id='line_1_32' title="bbox 463 2652 2139 2733; baseline 0.002 -28"><span class='ocrx_word' id='word_1_207' title='bbox 463 2661 481 2673; x_wconf 76' lang='lat'><strong>‘</strong></span> <span class='ocrx_word' id='word_1_208' title='bbox 561 2660 751 2706; x_wconf 89' lang='lat' dir='ltr'><strong>sancto</strong></span> <span class='ocrx_word' id='word_1_209' title='bbox 777 2652 913 2708; x_wconf 91' lang='lat' dir='ltr'><strong>illud</strong></span> <span class='ocrx_word' id='word_1_210' title='bbox 948 2654 1229 2724; x_wconf 78' lang='lat' dir='ltr'><strong>explicare</strong></span> <span class='ocrx_word' id='word_1_211' title='bbox 1258 2662 1542 2725; x_wconf 86' lang='lat' dir='ltr'><strong>nequeant</strong></span> <span class='ocrx_word' id='word_1_212' title='bbox 1569 2663 1907 2733; x_wconf 50' lang='lat' dir='ltr'><strong>propon‘pnt.</strong></span> <span class='ocrx_word' id='word_1_213' title='bbox 1930 2654 2139 2709; x_wconf 81' lang='lat' dir='ltr'><strong>Martha</strong></span> 
     </span>
    </p>
   </div>
   <div class='ocr_carea' id='block_1_33' title="bbox 561 2745 2140 2814">
    <p class='ocr_par' dir='ltr' id='par_1_33' title="bbox 561 2745 2140 2814">
     <span class='ocr_line' id='line_1_33' title="bbox 561 2745 2140 2814; baseline 0.001 -16"><span class='ocrx_word' id='word_1_214' title='bbox 561 2759 731 2814; x_wconf 89' lang='lat' dir='ltr'><strong>porro</strong></span> <span class='ocrx_word' id='word_1_215' title='bbox 759 2760 870 2799; x_wconf 89' lang='lat' dir='ltr'><strong>non</strong></span> <span class='ocrx_word' id='word_1_216' title='bbox 898 2746 1076 2801; x_wconf 89' lang='lat' dir='ltr'><strong>solum</strong></span> <span class='ocrx_word' id='word_1_217' title='bbox 1096 2745 1451 2812; x_wconf 82' lang='lat' dir='ltr'><strong>feminarum,</strong></span> <span class='ocrx_word' id='word_1_218' title='bbox 1485 2746 1582 2802; x_wconf 87' lang='lat' dir='ltr'><strong>sed</strong></span> <span class='ocrx_word' id='word_1_219' title='bbox 1602 2753 1662 2801; x_wconf 88' lang='lat' dir='ltr'><strong>et</strong></span> <span class='ocrx_word' id='word_1_220' title='bbox 1711 2754 1952 2801; x_wconf 87' lang='lat' dir='ltr'><strong>matrum</strong></span> <span class='ocrx_word' id='word_1_221' title='bbox 2010 2760 2140 2800; x_wconf 87' lang='lat' dir='ltr'><strong>san-</strong></span> 
     </span>
    </p>
   </div>
   <div class='ocr_carea' id='block_1_34' title="bbox 560 2836 2140 2909">
    <p class='ocr_par' dir='ltr' id='par_1_34' title="bbox 560 2836 2140 2909">
     <span class='ocr_line' id='line_1_34' title="bbox 560 2836 2140 2909; baseline 0.002 -19"><span class='ocrx_word' id='word_1_222' title='bbox 560 2836 841 2903; x_wconf 79' lang='lat' dir='ltr'><strong>ctissima,</strong></span> <span class='ocrx_word' id='word_1_223' title='bbox 912 2836 1296 2893; x_wconf 82' lang='lat' dir='ltr'><strong>inﬁrmitatem</strong></span> <span class='ocrx_word' id='word_1_224' title='bbox 1380 2838 1709 2894; x_wconf 89' lang='lat' dir='ltr'><strong>muliebrem</strong></span> <span class='ocrx_word' id='word_1_225' title='bbox 1789 2854 2140 2909; x_wconf 88' lang='lat' dir='ltr'><strong>nequaquam</strong></span> 
     </span>
    </p>
   </div>
   <div class='ocr_carea' id='block_1_35' title="bbox 542 2926 2140 2999">
    <p class='ocr_par' dir='ltr' id='par_1_35' title="bbox 542 2926 2140 2999">
     <span class='ocr_line' id='line_1_35' title="bbox 542 2926 2140 2999; baseline 0.001 -18"><span class='ocrx_word' id='word_1_226' title='bbox 542 2926 873 2998; x_wconf 76' lang='lat' dir='ltr'><strong>aspernata,</strong></span> <span class='ocrx_word' id='word_1_227' title='bbox 898 2944 1078 2999; x_wconf 91' lang='lat' dir='ltr'><strong>neque</strong></span> <span class='ocrx_word' id='word_1_228' title='bbox 1140 2945 1305 2985; x_wconf 80' lang='lat' dir='ltr'><strong>sexus</strong></span> <span class='ocrx_word' id='word_1_229' title='bbox 1368 2930 1681 2986; x_wconf 88' lang='lat' dir='ltr'><strong>communis</strong></span> <span class='ocrx_word' id='word_1_230' title='bbox 1738 2930 1951 2996; x_wconf 88' lang='lat' dir='ltr'><strong>oblita;</strong></span> <span class='ocrx_word' id='word_1_231' title='bbox 2005 2929 2140 2999; x_wconf 89' lang='lat' dir='ltr'><strong>quin</strong></span> 
     </span>
    </p>
   </div>
   <div class='ocr_carea' id='block_1_36' title="bbox 561 3018 2135 3091">
    <p class='ocr_par' dir='ltr' id='par_1_36' title="bbox 561 3018 2135 3091">
     <span class='ocr_line' id='line_1_36' title="bbox 561 3018 2135 3091; baseline 0.001 -18"><span class='ocrx_word' id='word_1_232' title='bbox 561 3018 747 3087; x_wconf 89' lang='lat' dir='ltr'><strong>potius</strong></span> <span class='ocrx_word' id='word_1_233' title='bbox 773 3019 1099 3083; x_wconf 63' lang='lat' dir='ltr'><strong>vehementi~</strong></span> <span class='ocrx_word' id='word_1_234' title='bbox 1121 3020 1339 3076; x_wconf 88' lang='lat' dir='ltr'><strong>illarum</strong></span> <span class='ocrx_word' id='word_1_235' title='bbox 1367 3021 1560 3077; x_wconf 92' lang='lat' dir='ltr'><strong>dolore</strong></span> <span class='ocrx_word' id='word_1_236' title='bbox 1604 3036 1668 3076; x_wconf 88' lang='lat' dir='ltr'><strong>ac</strong></span> <span class='ocrx_word' id='word_1_237' title='bbox 1718 3020 1936 3091; x_wconf 88' lang='lat' dir='ltr'><strong>ploratu</strong></span> <span class='ocrx_word' id='word_1_238' title='bbox 1981 3035 2135 3075; x_wconf 89' lang='lat' dir='ltr'><strong>com-</strong></span> 
     </span>
    </p>
   </div>
   <div class='ocr_carea' id='block_1_37' title="bbox 2251 912 3858 989">
    <p class='ocr_par' dir='ltr' id='par_1_37' title="bbox 2251 912 3858 989">
     <span class='ocr_line' id='line_1_37' title="bbox 2251 912 3858 989; baseline 0.002 -23"><span class='ocrx_word' id='word_1_239' title='bbox 2251 912 2619 982; x_wconf 83' lang='grc' dir='ltr'><strong>ὑγιαίνοντας,</strong></span> <span class='ocrx_word' id='word_1_240' title='bbox 2641 914 2677 986; x_wconf 80' lang='grc' dir='ltr'><strong>ἢ</strong></span> <span class='ocrx_word' id='word_1_241' title='bbox 2707 914 2886 985; x_wconf 78' lang='grc' dir='ltr'><strong>ψυχήν</strong></span> <span class='ocrx_word' id='word_1_242' title='bbox 2915 916 3021 986; x_wconf 79' lang='grc' dir='ltr'><strong>πρὸ</strong></span> <span class='ocrx_word' id='word_1_243' title='bbox 3048 916 3144 970; x_wconf 89' lang='grc' dir='ltr'><strong>τοῦ</strong></span> <span class='ocrx_word' id='word_1_244' title='bbox 3170 917 3429 987; x_wconf 74' lang='grc' dir='ltr'><strong>σώματος</strong></span> <span class='ocrx_word' id='word_1_245' title='bbox 3462 918 3712 989; x_wconf 71' lang='grc' dir='ltr'><strong>μᾶλλον,</strong></span> <span class='ocrx_word' id='word_1_246' title='bbox 3759 918 3858 971; x_wconf 72' lang='grc' dir='ltr'><strong>οῦ-</strong></span> 
     </span>
    </p>
   </div>
   <div class='ocr_carea' id='block_1_38' title="bbox 2244 1004 3858 1081">
    <p class='ocr_par' dir='ltr' id='par_1_38' title="bbox 2244 1004 3858 1081">
     <span class='ocr_line' id='line_1_38' title="bbox 2244 1004 3858 1081; baseline 0.005 -25"><span class='ocrx_word' id='word_1_247' title='bbox 2244 1018 2352 1067; x_wconf 85' lang='grc' dir='ltr'><strong>τως</strong></span> <span class='ocrx_word' id='word_1_248' title='bbox 2382 1004 2686 1071; x_wconf 73' lang='grc' dir='ltr'><strong>ἐπανιέναι.</strong></span> <span class='ocrx_word' id='word_1_249' title='bbox 2704 1006 2795 1070; x_wconf 82' lang='grc' dir='ltr'><strong>Ὠς</strong></span> <span class='ocrx_word' id='word_1_250' title='bbox 2821 1006 2915 1061; x_wconf 83' lang='grc' dir='ltr'><strong>οὖν</strong></span> <span class='ocrx_word' id='word_1_251' title='bbox 2942 1007 3172 1079; x_wconf 78' lang='grc' dir='ltr'><strong>πράξεις</strong></span> <span class='ocrx_word' id='word_1_252' title='bbox 3200 1011 3379 1064; x_wconf 83' lang='grc' dir='ltr'><strong>αὐτῶν</strong></span> <span class='ocrx_word' id='word_1_253' title='bbox 3406 1011 3505 1064; x_wconf 76' lang='grc' dir='ltr'><strong>καὶ</strong></span> <span class='ocrx_word' id='word_1_254' title='bbox 3531 1011 3858 1081; x_wconf 66' lang='grc' dir='ltr'><strong>λογισμοὺς</strong></span> 
     </span>
    </p>
   </div>
   <div class='ocr_carea' id='block_1_39' title="bbox 2244 1096 3863 1173">
    <p class='ocr_par' dir='ltr' id='par_1_39' title="bbox 2244 1096 3863 1173">
     <span class='ocr_line' id='line_1_39' title="bbox 2244 1096 3863 1173; baseline 0.004 -24"><span class='ocrx_word' id='word_1_255' title='bbox 2244 1096 2542 1168; x_wconf 84' lang='grc' dir='ltr'><strong>ἀνηρεύνα,</strong></span> <span class='ocrx_word' id='word_1_256' title='bbox 2584 1097 2670 1151; x_wconf 71' lang='grc' dir='ltr'><strong>ἵνα</strong></span> <span class='ocrx_word' id='word_1_257' title='bbox 2695 1099 2793 1151; x_wconf 71' lang='grc' dir='ltr'><strong>καὶ</strong></span> <span class='ocrx_word' id='word_1_258' title='bbox 2823 1098 3036 1171; x_wconf 79' lang='grc' dir='ltr'><strong>διπλῆς,</strong></span> <span class='ocrx_word' id='word_1_259' title='bbox 3062 1101 3315 1171; x_wconf 85' lang='grc' dir='ltr'><strong>καθάπερ</strong></span> <span class='ocrx_word' id='word_1_260' title='bbox 3349 1104 3590 1173; x_wconf 76' lang='grc' dir='ltr'><strong>ἔφημεν,</strong></span> <span class='ocrx_word' id='word_1_261' title='bbox 3622 1104 3696 1156; x_wconf 83' lang='grc' dir='ltr'><strong>ού</strong></span> <span class='ocrx_word' id='word_1_262' title='bbox 3744 1105 3863 1155; x_wconf 63' lang='lat' dir='ltr'><strong>ad»</strong></span> 
     </span>
    </p>
   </div>
   <div class='ocr_carea' id='block_1_40' title="bbox 2248 1190 3856 1264">
    <p class='ocr_par' dir='ltr' id='par_1_40' title="bbox 2248 1190 3856 1264">
     <span class='ocr_line' id='line_1_40' title="bbox 2248 1190 3856 1264; baseline 0.005 -23"><span class='ocrx_word' id='word_1_263' title='bbox 2248 1207 2375 1259; x_wconf 81' lang='grc' dir='ltr'><strong>ματι</strong></span> <span class='ocrx_word' id='word_1_264' title='bbox 2412 1190 2594 1258; x_wconf 86' lang='grc' dir='ltr'><strong>μόνον,</strong></span> <span class='ocrx_word' id='word_1_265' title='bbox 2618 1190 2755 1245; x_wconf 78' lang='grc' dir='ltr'><strong>ἀλλὰ</strong></span> <span class='ocrx_word' id='word_1_266' title='bbox 2790 1192 2883 1245; x_wconf 78' lang='grc' dir='ltr'><strong>καὶ</strong></span> <span class='ocrx_word' id='word_1_267' title='bbox 2914 1193 3208 1264; x_wconf 85' lang='grc' dir='ltr'><strong>πνεύματι,</strong></span> <span class='ocrx_word' id='word_1_268' title='bbox 3235 1194 3447 1264; x_wconf 86' lang='grc' dir='ltr'><strong>μεταδῷ</strong></span> <span class='ocrx_word' id='word_1_269' title='bbox 3479 1195 3588 1263; x_wconf 75' lang='grc' dir='ltr'><strong>τῆς</strong></span> <span class='ocrx_word' id='word_1_270' title='bbox 3622 1196 3856 1264; x_wconf 58' lang='grc' dir='ltr'><strong>ὑγείας,</strong></span> 
     </span>
    </p>
   </div>
   <div class='ocr_carea' id='block_1_41' title="bbox 2244 1278 3857 1359">
    <p class='ocr_par' dir='ltr' id='par_1_41' title="bbox 2244 1278 3857 1359">
     <span class='ocr_line' id='line_1_41' title="bbox 2244 1278 3857 1359; baseline 0.004 -23"><span class='ocrx_word' id='word_1_271' title='bbox 2244 1278 2355 1346; x_wconf 74' lang='grc' dir='ltr'><strong>οἷος</strong></span> <span class='ocrx_word' id='word_1_272' title='bbox 2384 1285 2613 1348; x_wconf 82' lang='grc' dir='ltr'><strong>ἐκεῖνος,</strong></span> <span class='ocrx_word' id='word_1_273' title='bbox 2665 1285 2765 1339; x_wconf 85' lang='grc' dir='ltr'><strong>οὐκ</strong></span> <span class='ocrx_word' id='word_1_274' title='bbox 2808 1286 3127 1357; x_wconf 79' lang='grc' dir='ltr'><strong>ἀνιχνεῦσαι</strong></span> <span class='ocrx_word' id='word_1_275' title='bbox 3169 1288 3328 1358; x_wconf 79' lang='grc' dir='ltr'><strong>μόνον</strong></span> <span class='ocrx_word' id='word_1_276' title='bbox 3372 1287 3554 1341; x_wconf 86' lang='grc' dir='ltr'><strong>αἰτίαν</strong></span> <span class='ocrx_word' id='word_1_277' title='bbox 3593 1288 3857 1359; x_wconf 70' lang='grc' dir='ltr'><strong>ψυχικοῦ</strong></span> 
     </span>
    </p>
   </div>
   <div class='ocr_carea' id='block_1_42' title="bbox 2244 1372 3859 1450">
    <p class='ocr_par' dir='ltr' id='par_1_42' title="bbox 2244 1372 3859 1450">
     <span class='ocr_line' id='line_1_42' title="bbox 2244 1372 3859 1450; baseline 0.004 -23"><span class='ocrx_word' id='word_1_278' title='bbox 2244 1372 2448 1435; x_wconf 80' lang='grc' dir='ltr'><strong>πάθους</strong></span> <span class='ocrx_word' id='word_1_279' title='bbox 2478 1373 2680 1438; x_wconf 74' lang='grc' dir='ltr'><strong>παντὸς</strong></span> <span class='ocrx_word' id='word_1_280' title='bbox 2715 1377 3115 1447; x_wconf 78' lang='grc' dir='ltr'><strong>ἐμπειρότατος</strong></span> <span class='ocrx_word' id='word_1_281' title='bbox 3140 1416 3157 1443; x_wconf 86' lang='grc'><strong>,</strong></span> <span class='ocrx_word' id='word_1_282' title='bbox 3195 1378 3330 1432; x_wconf 84' lang='grc' dir='ltr'><strong>ἀλλὰ</strong></span> <span class='ocrx_word' id='word_1_283' title='bbox 3376 1380 3467 1432; x_wconf 80' lang='grc' dir='ltr'><strong>καὶ</strong></span> <span class='ocrx_word' id='word_1_284' title='bbox 3521 1378 3859 1450; x_wconf 83' lang='grc' dir='ltr'><strong>θεραπείαν</strong></span> 
     </span>
    </p>
   </div>
   <div class='ocr_carea' id='block_1_43' title="bbox 2242 1465 3853 1544">
    <p class='ocr_par' dir='ltr' id='par_1_43' title="bbox 2242 1465 3853 1544">
     <span class='ocr_line' id='line_1_43' title="bbox 2242 1465 3853 1544; baseline 0.006 -27"><span class='ocrx_word' id='word_1_285' title='bbox 2242 1465 2405 1529; x_wconf 83' lang='grc' dir='ltr'><strong>εὐθὺς</strong></span> <span class='ocrx_word' id='word_1_286' title='bbox 2434 1467 2738 1535; x_wconf 72' lang='grc' dir='ltr'><strong>ἐπαγαγεῖν</strong></span> <span class='ocrx_word' id='word_1_287' title='bbox 2769 1469 3140 1540; x_wconf 69' lang='grc' dir='ltr'><strong>ἑτοιμότατος,</strong></span> <span class='ocrx_word' id='word_1_288' title='bbox 3159 1471 3322 1534; x_wconf 85' lang='grc' dir='ltr'><strong>αίδὼς</strong></span> <span class='ocrx_word' id='word_1_289' title='bbox 3350 1470 3572 1535; x_wconf 84' lang='grc' dir='ltr'><strong>ἐκείνας</strong></span> <span class='ocrx_word' id='word_1_290' title='bbox 3592 1467 3727 1544; x_wconf 73' lang='grc' dir='ltr'><strong>εἷχε</strong></span> <span class='ocrx_word' id='word_1_291' title='bbox 3750 1475 3853 1526; x_wconf 75' lang='grc' dir='ltr'><strong>καὶ</strong></span> 
     </span>
    </p>
   </div>
   <div class='ocr_carea' id='block_1_44' title="bbox 2241 1559 3854 1637">
    <p class='ocr_par' dir='ltr' id='par_1_44' title="bbox 2241 1559 3854 1637">
     <span class='ocr_line' id='line_1_44' title="bbox 2241 1559 3854 1637; baseline 0.004 -24"><span class='ocrx_word' id='word_1_292' title='bbox 2241 1559 2381 1625; x_wconf 76' lang='grc' dir='ltr'><strong>δέος,</strong></span> <span class='ocrx_word' id='word_1_293' title='bbox 2400 1560 2495 1614; x_wconf 76' lang='grc' dir='ltr'><strong>καὶ</strong></span> <span class='ocrx_word' id='word_1_294' title='bbox 2511 1561 2801 1631; x_wconf 76' lang='grc' dir='ltr'><strong>διαστῆναι</strong></span> <span class='ocrx_word' id='word_1_295' title='bbox 2818 1564 3085 1635; x_wconf 83' lang='grc' dir='ltr'><strong>πρότερον</strong></span> <span class='ocrx_word' id='word_1_296' title='bbox 3112 1565 3305 1628; x_wconf 79' lang='grc' dir='ltr'><strong>αὐταῖς</strong></span> <span class='ocrx_word' id='word_1_297' title='bbox 3326 1565 3546 1636; x_wconf 79' lang='grc' dir='ltr'><strong>τὴνγῆν</strong></span> <span class='ocrx_word' id='word_1_298' title='bbox 3566 1566 3854 1637; x_wconf 72' lang='grc' dir='ltr'><strong>ηὔχοντο,</strong></span> 
     </span>
    </p>
   </div>
   <div class='ocr_carea' id='block_1_45' title="bbox 2241 1652 3856 1732">
    <p class='ocr_par' dir='ltr' id='par_1_45' title="bbox 2241 1652 3856 1732">
     <span class='ocr_line' id='line_1_45' title="bbox 2241 1652 3856 1732; baseline 0.006 -27"><span class='ocrx_word' id='word_1_299' title='bbox 2241 1652 2275 1722; x_wconf 76' lang='grc' dir='ltr'><strong>ἢ</strong></span> <span class='ocrx_word' id='word_1_300' title='bbox 2307 1653 2384 1724; x_wconf 82' lang='grc' dir='ltr'><strong>τῷ</strong></span> <span class='ocrx_word' id='word_1_301' title='bbox 2416 1652 2593 1718; x_wconf 80' lang='grc' dir='ltr'><strong>οὕτως</strong></span> <span class='ocrx_word' id='word_1_302' title='bbox 2626 1654 2905 1725; x_wconf 84' lang='grc' dir='ltr'><strong>άγγελικῷ</strong></span> <span class='ocrx_word' id='word_1_303' title='bbox 2942 1658 3034 1711; x_wconf 75' lang='grc' dir='ltr'><strong>τὸν</strong></span> <span class='ocrx_word' id='word_1_304' title='bbox 3068 1657 3201 1727; x_wconf 88' lang='grc' dir='ltr'><strong>βίον,</strong></span> <span class='ocrx_word' id='word_1_305' title='bbox 3234 1660 3330 1711; x_wconf 80' lang='grc' dir='ltr'><strong>καὶ</strong></span> <span class='ocrx_word' id='word_1_306' title='bbox 3358 1659 3593 1731; x_wconf 81' lang='grc' dir='ltr'><strong>ἀσάρκῳ</strong></span> <span class='ocrx_word' id='word_1_307' title='bbox 3628 1662 3856 1732; x_wconf 78' lang='grc' dir='ltr'><strong>μικροῦ</strong></span> 
     </span>
    </p>
   </div>
   <div class='ocr_carea' id='block_1_46' title="bbox 2240 1745 3231 1818">
    <p class='ocr_par' dir='ltr' id='par_1_46' title="bbox 2240 1745 3231 1818">
     <span class='ocr_line' id='line_1_46' title="bbox 2240 1745 3231 1818; baseline 0.003 -19"><span class='ocrx_word' id='word_1_308' title='bbox 2240 1746 2336 1799; x_wconf 78' lang='grc' dir='ltr'><strong>καὶ</strong></span> <span class='ocrx_word' id='word_1_309' title='bbox 2368 1745 2537 1816; x_wconf 76' lang='grc' dir='ltr'><strong>άΰλῳ,</strong></span> <span class='ocrx_word' id='word_1_310' title='bbox 2570 1747 2632 1799; x_wconf 74' lang='grc' dir='ltr'><strong>τὸ</strong></span> <span class='ocrx_word' id='word_1_311' title='bbox 2664 1746 2835 1817; x_wconf 85' lang='grc' dir='ltr'><strong>μῦσος</strong></span> <span class='ocrx_word' id='word_1_312' title='bbox 2862 1747 3231 1818; x_wconf 80' lang='grc' dir='ltr'><strong>άνακαλύψαι.</strong></span> 
     </span>
    </p>
   </div>
   <div class='ocr_carea' id='block_1_47' title="bbox 2312 1836 3848 1914">
    <p class='ocr_par' dir='ltr' id='par_1_47' title="bbox 2312 1836 3848 1914">
     <span class='ocr_line' id='line_1_47' title="bbox 2312 1836 3848 1914; baseline 0.003 -21"><span class='ocrx_word' id='word_1_313' title='bbox 2312 1845 2432 1905; x_wconf 79' lang='grc' dir='ltr'><strong>πς⁹.</strong></span> <span class='ocrx_word' id='word_1_314' title='bbox 2461 1840 2548 1904; x_wconf 86' lang='grc' dir='ltr'><strong>Ὠς</strong></span> <span class='ocrx_word' id='word_1_315' title='bbox 2574 1839 2667 1893; x_wconf 84' lang='grc' dir='ltr'><strong>οῦν</strong></span> <span class='ocrx_word' id='word_1_316' title='bbox 2691 1840 2930 1908; x_wconf 82' lang='grc' dir='ltr'><strong>ἀγωνίας</strong></span> <span class='ocrx_word' id='word_1_317' title='bbox 2954 1836 3097 1911; x_wconf 76' lang='grc' dir='ltr'><strong>ἦσαν</strong></span> <span class='ocrx_word' id='word_1_318' title='bbox 3125 1839 3269 1895; x_wconf 77' lang='grc' dir='ltr'><strong>οὕτω</strong></span> <span class='ocrx_word' id='word_1_319' title='bbox 3302 1843 3396 1895; x_wconf 83' lang='grc' dir='ltr'><strong>καὶ</strong></span> <span class='ocrx_word' id='word_1_320' title='bbox 3417 1842 3576 1907; x_wconf 80' lang='grc' dir='ltr'><strong>δέους</strong></span> <span class='ocrx_word' id='word_1_321' title='bbox 3602 1845 3848 1914; x_wconf 68' lang='grc' dir='ltr'><strong>μεσταὶ,</strong></span> 
     </span>
    </p>
   </div>
   <div class='ocr_carea' id='block_1_48' title="bbox 2242 1932 3851 2008">
    <p class='ocr_par' dir='ltr' id='par_1_48' title="bbox 2242 1932 3851 2008">
     <span class='ocr_line' id='line_1_48' title="bbox 2242 1932 3851 2008; baseline 0.002 -22"><span class='ocrx_word' id='word_1_322' title='bbox 2242 1932 2438 2001; x_wconf 80' lang='grc' dir='ltr'><strong>συνέδη</strong></span> <span class='ocrx_word' id='word_1_323' title='bbox 2462 1933 2564 2003; x_wconf 83' lang='grc' dir='ltr'><strong>τήν</strong></span> <span class='ocrx_word' id='word_1_324' title='bbox 2585 1934 2795 1987; x_wconf 84' lang='grc' dir='ltr'><strong>οἰκείαν</strong></span> <span class='ocrx_word' id='word_1_325' title='bbox 2835 1932 2985 2004; x_wconf 83' lang='grc' dir='ltr'><strong>αὐτῷ</strong></span> <span class='ocrx_word' id='word_1_326' title='bbox 3020 1936 3256 2005; x_wconf 78' lang='grc' dir='ltr'><strong>μητέρα,</strong></span> <span class='ocrx_word' id='word_1_327' title='bbox 3280 1934 3379 2005; x_wconf 82' lang='grc' dir='ltr'><strong>τὴν</strong></span> <span class='ocrx_word' id='word_1_328' title='bbox 3401 1935 3555 1989; x_wconf 81' lang='grc' dir='ltr'><strong>θείαν</strong></span> <span class='ocrx_word' id='word_1_329' title='bbox 3587 1936 3677 2000; x_wconf 86' lang='grc' dir='ltr'><strong>ὡς</strong></span> <span class='ocrx_word' id='word_1_330' title='bbox 3701 1938 3851 2008; x_wconf 75' lang='grc' dir='ltr'><strong>ἁλη-</strong></span> 
     </span>
    </p>
   </div>
   <div class='ocr_carea' id='block_1_49' title="bbox 2243 2024 3847 2102">
    <p class='ocr_par' dir='ltr' id='par_1_49' title="bbox 2243 2024 3847 2102">
     <span class='ocr_line' id='line_1_49' title="bbox 2243 2024 3847 2102; baseline 0.004 -24"><span class='ocrx_word' id='word_1_331' title='bbox 2243 2024 2350 2089; x_wconf 87' lang='grc' dir='ltr'><strong>θῶς</strong></span> <span class='ocrx_word' id='word_1_332' title='bbox 2395 2025 2646 2096; x_wconf 80' lang='grc' dir='ltr'><strong>Μάρθαν,</strong></span> <span class='ocrx_word' id='word_1_333' title='bbox 2671 2027 2747 2090; x_wconf 85' lang='grc' dir='ltr'><strong>ὡς</strong></span> <span class='ocrx_word' id='word_1_334' title='bbox 2770 2026 2912 2096; x_wconf 73' lang='grc' dir='ltr'><strong>ἔθος,</strong></span> <span class='ocrx_word' id='word_1_335' title='bbox 2940 2028 3310 2099; x_wconf 76' lang='grc' dir='ltr'><strong>παραϐαλεῖνο</strong></span> <span class='ocrx_word' id='word_1_336' title='bbox 3333 2031 3456 2100; x_wconf 78' lang='grc' dir='ltr'><strong>ήτις</strong></span> <span class='ocrx_word' id='word_1_337' title='bbox 3483 2030 3606 2099; x_wconf 85' lang='grc' dir='ltr'><strong>φῶς</strong></span> <span class='ocrx_word' id='word_1_338' title='bbox 3635 2032 3847 2102; x_wconf 79' lang='grc' dir='ltr'><strong>ὥσπερ</strong></span> 
     </span>
    </p>
   </div>
   <div class='ocr_carea' id='block_1_50' title="bbox 2241 2118 3847 2194">
    <p class='ocr_par' dir='ltr' id='par_1_50' title="bbox 2241 2118 3847 2194">
     <span class='ocr_line' id='line_1_50' title="bbox 2241 2118 3847 2194; baseline 0.003 -23"><span class='ocrx_word' id='word_1_339' title='bbox 2241 2118 2430 2179; x_wconf 73' lang='grc' dir='ltr'><strong>αὐταῖς</strong></span> <span class='ocrx_word' id='word_1_340' title='bbox 2464 2118 2569 2171; x_wconf 85' lang='grc' dir='ltr'><strong>ύπδ</strong></span> <span class='ocrx_word' id='word_1_341' title='bbox 2600 2119 2774 2174; x_wconf 82' lang='grc' dir='ltr'><strong>νύκτα</strong></span> <span class='ocrx_word' id='word_1_342' title='bbox 2821 2120 3035 2192; x_wconf 80' lang='grc' dir='ltr'><strong>πολλὴν</strong></span> <span class='ocrx_word' id='word_1_343' title='bbox 3067 2120 3257 2192; x_wconf 81' lang='grc' dir='ltr'><strong>ὤφθη,</strong></span> <span class='ocrx_word' id='word_1_344' title='bbox 3302 2122 3441 2194; x_wconf 79' lang='grc' dir='ltr'><strong>γυνὴ</strong></span> <span class='ocrx_word' id='word_1_345' title='bbox 3473 2123 3706 2191; x_wconf 76' lang='grc' dir='ltr'><strong>γυναιῇ</strong></span> <span class='ocrx_word' id='word_1_346' title='bbox 3729 2165 3746 2189; x_wconf 89' lang='grc'><strong>,</strong></span> <span class='ocrx_word' id='word_1_347' title='bbox 3781 2125 3847 2176; x_wconf 63' lang='grc' dir='ltr'><strong>τὴ</strong></span> 
     </span>
    </p>
   </div>
   <div class='ocr_carea' id='block_1_51' title="bbox 2242 2208 3847 2286">
    <p class='ocr_par' dir='ltr' id='par_1_51' title="bbox 2242 2208 3847 2286">
     <span class='ocr_line' id='line_1_51' title="bbox 2242 2208 3847 2286; baseline 0.007 -29"><span class='ocrx_word' id='word_1_348' title='bbox 2242 2208 2502 2275; x_wconf 86' lang='grc' dir='ltr'><strong>συγγενὲς</strong></span> <span class='ocrx_word' id='word_1_349' title='bbox 2532 2210 2787 2282; x_wconf 80' lang='grc' dir='ltr'><strong>ἐχούσαις</strong></span> <span class='ocrx_word' id='word_1_350' title='bbox 2837 2213 2946 2267; x_wconf 79' lang='grc' dir='ltr'><strong>ἀπὸ</strong></span> <span class='ocrx_word' id='word_1_351' title='bbox 2978 2215 3078 2285; x_wconf 79' lang='grc' dir='ltr'><strong>τῆς</strong></span> <span class='ocrx_word' id='word_1_352' title='bbox 3111 2214 3364 2283; x_wconf 86' lang='grc' dir='ltr'><strong>φύσεως,</strong></span> <span class='ocrx_word' id='word_1_353' title='bbox 3410 2216 3507 2270; x_wconf 68' lang='grc' dir='ltr'><strong>καὶ</strong></span> <span class='ocrx_word' id='word_1_354' title='bbox 3558 2215 3675 2286; x_wconf 74' lang='grc' dir='ltr'><strong>πρὸ</strong></span> <span class='ocrx_word' id='word_1_355' title='bbox 3723 2216 3847 2269; x_wconf 77' lang='grc' dir='ltr'><strong>τῶν</strong></span> 
     </span>
    </p>
   </div>
   <div class='ocr_carea' id='block_1_52' title="bbox 2242 2289 3844 2361">
    <p class='ocr_par' dir='ltr' id='par_1_52' title="bbox 2242 2289 3844 2361">
     <span class='ocr_line' id='line_1_52' title="bbox 2242 2289 3844 2361; baseline -0.001 -19"><span class='ocrx_word' id='word_1_356' title='bbox 2242 2291 2455 2361; x_wconf 76' lang='grc' dir='ltr'><strong>ἐκείνης</strong></span> <span class='ocrx_word' id='word_1_357' title='bbox 2482 2291 2661 2344; x_wconf 86' lang='grc' dir='ltr'><strong>ποδῶν</strong></span> <span class='ocrx_word' id='word_1_358' title='bbox 2687 2290 2885 2355; x_wconf 77' lang='grc' dir='ltr'><strong>ἑαυτάς</strong></span> <span class='ocrx_word' id='word_1_359' title='bbox 2933 2290 3010 2355; x_wconf 84' lang='grc' dir='ltr'><strong>ὡς</strong></span> <span class='ocrx_word' id='word_1_360' title='bbox 3058 2289 3201 2360; x_wconf 80' lang='grc' dir='ltr'><strong>εἶχον</strong></span> <span class='ocrx_word' id='word_1_361' title='bbox 3238 2290 3518 2361; x_wconf 82' lang='grc' dir='ltr'><strong>βαλοῦσαι,</strong></span> <span class='ocrx_word' id='word_1_362' title='bbox 3552 2290 3654 2344; x_wconf 73' lang='grc' dir='ltr'><strong>καὶ</strong></span> <span class='ocrx_word' id='word_1_363' title='bbox 3692 2289 3844 2356; x_wconf 67' lang='grc' dir='ltr'><strong>μετὰ</strong></span> 
     </span>
    </p>
   </div>
   <div class='ocr_carea' id='block_1_53' title="bbox 2242 2380 3842 2454">
    <p class='ocr_par' dir='ltr' id='par_1_53' title="bbox 2242 2380 3842 2454">
     <span class='ocr_line' id='line_1_53' title="bbox 2242 2380 3842 2454; baseline -0.001 -19"><span class='ocrx_word' id='word_1_364' title='bbox 2242 2381 2462 2454; x_wconf 90' lang='grc' dir='ltr'><strong>θερμῶν</strong></span> <span class='ocrx_word' id='word_1_365' title='bbox 2508 2381 2689 2436; x_wconf 80' lang='grc' dir='ltr'><strong>αὐτῶν</strong></span> <span class='ocrx_word' id='word_1_366' title='bbox 2719 2381 2970 2453; x_wconf 85' lang='grc' dir='ltr'><strong>δακρύων</strong></span> <span class='ocrx_word' id='word_1_367' title='bbox 3000 2381 3298 2452; x_wconf 76' lang='grc' dir='ltr'><strong>λαϐόμενα,</strong></span> <span class='ocrx_word' id='word_1_368' title='bbox 3348 2380 3421 2435; x_wconf 84' lang='grc' dir='ltr'><strong>τά</strong></span> <span class='ocrx_word' id='word_1_369' title='bbox 3466 2398 3529 2434; x_wconf 87' lang='grc' dir='ltr'><strong>τε</strong></span> <span class='ocrx_word' id='word_1_370' title='bbox 3564 2381 3707 2450; x_wconf 76' lang='grc' dir='ltr'><strong>περὶ</strong></span> <span class='ocrx_word' id='word_1_371' title='bbox 3734 2381 3842 2450; x_wconf 75' lang='grc' dir='ltr'><strong>τῆς</strong></span> 
     </span>
    </p>
   </div>
   <div class='ocr_carea' id='block_1_54' title="bbox 2244 2471 3840 2544">
    <p class='ocr_par' dir='ltr' id='par_1_54' title="bbox 2244 2471 3840 2544">
     <span class='ocr_line' id='line_1_54' title="bbox 2244 2471 3840 2544; baseline -0.003 -16"><span class='ocrx_word' id='word_1_372' title='bbox 2244 2474 2431 2537; x_wconf 79' lang='grc' dir='ltr'><strong>παιδὸς</strong></span> <span class='ocrx_word' id='word_1_373' title='bbox 2455 2473 2708 2539; x_wconf 79' lang='grc' dir='ltr'><strong>διεξίασι,</strong></span> <span class='ocrx_word' id='word_1_374' title='bbox 2730 2472 2829 2528; x_wconf 72' lang='grc' dir='ltr'><strong>καὶ</strong></span> <span class='ocrx_word' id='word_1_375' title='bbox 2851 2473 2913 2527; x_wconf 74' lang='grc' dir='ltr'><strong>τὸ</strong></span> <span class='ocrx_word' id='word_1_376' title='bbox 2937 2472 3243 2544; x_wconf 84' lang='grc' dir='ltr'><strong>ἁμάρτημα</strong></span> <span class='ocrx_word' id='word_1_377' title='bbox 3264 2473 3427 2536; x_wconf 78' lang='grc' dir='ltr'><strong>εὐθὺς</strong></span> <span class='ocrx_word' id='word_1_378' title='bbox 3456 2471 3840 2540; x_wconf 78' lang='grc' dir='ltr'><strong>ἐξαγγέλλου-</strong></span> 
     </span>
    </p>
   </div>
   <div class='ocr_carea' id='block_1_55' title="bbox 2245 2563 3861 2641">
    <p class='ocr_par' dir='ltr' id='par_1_55' title="bbox 2245 2563 3861 2641">
     <span class='ocr_line' id='line_1_55' title="bbox 2245 2563 3861 2641; baseline -0.001 -23"><span class='ocrx_word' id='word_1_379' title='bbox 2245 2582 2350 2629; x_wconf 90' lang='grc' dir='ltr'><strong>σιν,</strong></span> <span class='ocrx_word' id='word_1_380' title='bbox 2383 2564 2464 2618; x_wconf 79' lang='grc' dir='ltr'><strong>ἐτι</strong></span> <span class='ocrx_word' id='word_1_381' title='bbox 2510 2567 2606 2619; x_wconf 72' lang='grc' dir='ltr'><strong>καὶ</strong></span> <span class='ocrx_word' id='word_1_382' title='bbox 2639 2563 2738 2641; x_wconf 65' lang='grc' dir='ltr'><strong>ῖὴν</strong></span> <span class='ocrx_word' id='word_1_383' title='bbox 2773 2565 2956 2620; x_wconf 88' lang='grc' dir='ltr'><strong>αἰτίαν</strong></span> <span class='ocrx_word' id='word_1_384' title='bbox 2988 2565 3328 2635; x_wconf 80' lang='grc' dir='ltr'><strong>προσθεῖσαι,</strong></span> <span class='ocrx_word' id='word_1_385' title='bbox 3360 2564 3429 2617; x_wconf 85' lang='grc' dir='ltr'><strong>δι’</strong></span> <span class='ocrx_word' id='word_1_386' title='bbox 3463 2564 3532 2635; x_wconf 75' lang='grc' dir='ltr'><strong>ἢν</strong></span> <span class='ocrx_word' id='word_1_387' title='bbox 3572 2566 3647 2619; x_wconf 79' lang='grc' dir='ltr'><strong>τὰ</strong></span> <span class='ocrx_word' id='word_1_388' title='bbox 3691 2563 3861 2631; x_wconf 68' lang='grc' dir='ltr'><strong>πρὺςι</strong></span> 
     </span>
    </p>
   </div>
   <div class='ocr_carea' id='block_1_56' title="bbox 2242 2650 3837 2729">
    <p class='ocr_par' dir='ltr' id='par_1_56' title="bbox 2242 2650 3837 2729">
     <span class='ocr_line' id='line_1_56' title="bbox 2242 2650 3837 2729; baseline -0.002 -20"><span class='ocrx_word' id='word_1_389' title='bbox 2242 2656 2333 2711; x_wconf 80' lang='grc' dir='ltr'><strong>τὸν</strong></span> <span class='ocrx_word' id='word_1_390' title='bbox 2358 2657 2547 2726; x_wconf 79' lang='grc' dir='ltr'><strong>’Δγιον</strong></span> <span class='ocrx_word' id='word_1_391' title='bbox 2579 2656 2982 2729; x_wconf 79' lang='grc' dir='ltr'><strong>άνεξαγόρευτα</strong></span> <span class='ocrx_word' id='word_1_392' title='bbox 3034 2656 3283 2721; x_wconf 84' lang='grc' dir='ltr'><strong>ταύταις.</strong></span> <span class='ocrx_word' id='word_1_393' title='bbox 3323 2650 3387 2710; x_wconf 82' lang='grc' dir='ltr'>Ἠ</span> <span class='ocrx_word' id='word_1_394' title='bbox 3431 2657 3621 2725; x_wconf 84' lang='grc' dir='ltr'><strong>μέντοι</strong></span> <span class='ocrx_word' id='word_1_395' title='bbox 3657 2657 3837 2707; x_wconf 81' lang='grc' dir='ltr'><strong>ὁσιω-</strong></span> 
     </span>
    </p>
   </div>
   <div class='ocr_carea' id='block_1_57' title="bbox 2241 2747 3837 2819">
    <p class='ocr_par' dir='ltr' id='par_1_57' title="bbox 2241 2747 3837 2819">
     <span class='ocr_line' id='line_1_57' title="bbox 2241 2747 3837 2819; baseline -0.002 -17"><span class='ocrx_word' id='word_1_396' title='bbox 2241 2749 2379 2818; x_wconf 89' lang='grc' dir='ltr'><strong>τάτη</strong></span> <span class='ocrx_word' id='word_1_397' title='bbox 2474 2749 2750 2817; x_wconf 91' lang='grc' dir='ltr'><strong>γυναικῶν</strong></span> <span class='ocrx_word' id='word_1_398' title='bbox 2780 2789 2796 2815; x_wconf 89' lang='grc'><strong>,</strong></span> <span class='ocrx_word' id='word_1_399' title='bbox 2883 2749 3021 2803; x_wconf 82' lang='grc' dir='ltr'><strong>ἀλλὰ</strong></span> <span class='ocrx_word' id='word_1_400' title='bbox 3107 2749 3203 2803; x_wconf 79' lang='grc' dir='ltr'><strong>καὶ</strong></span> <span class='ocrx_word' id='word_1_401' title='bbox 3285 2747 3540 2819; x_wconf 83' lang='grc' dir='ltr'><strong>μητέρων</strong></span> <span class='ocrx_word' id='word_1_402' title='bbox 3600 2747 3837 2816; x_wconf 81' lang='grc' dir='ltr'><strong>ἐκείνη,</strong></span> 
     </span>
    </p>
   </div>
   <div class='ocr_carea' id='block_1_58' title="bbox 2241 2838 3835 2911">
    <p class='ocr_par' dir='ltr' id='par_1_58' title="bbox 2241 2838 3835 2911">
     <span class='ocr_line' id='line_1_58' title="bbox 2241 2838 3835 2911; baseline -0.001 -18"><span class='ocrx_word' id='word_1_403' title='bbox 2241 2840 2565 2908; x_wconf 83' lang='grc' dir='ltr'><strong>γυναικείας</strong></span> <span class='ocrx_word' id='word_1_404' title='bbox 2610 2840 2863 2911; x_wconf 82' lang='grc' dir='ltr'><strong>οὐδαμῶς</strong></span> <span class='ocrx_word' id='word_1_405' title='bbox 2943 2839 3228 2902; x_wconf 74' lang='grc' dir='ltr'><strong>ἀσθενείας</strong></span> <span class='ocrx_word' id='word_1_406' title='bbox 3290 2838 3628 2909; x_wconf 77' lang='grc' dir='ltr'><strong>ὑπεριδοῦσα</strong></span> <span class='ocrx_word' id='word_1_407' title='bbox 3652 2876 3676 2903; x_wconf 83' lang='lat'><strong>,</strong></span> <span class='ocrx_word' id='word_1_408' title='bbox 3733 2838 3835 2892; x_wconf 78' lang='grc' dir='ltr'><strong>οὕ-</strong></span> 
     </span>
    </p>
   </div>
   <div class='ocr_carea' id='block_1_59' title="bbox 2241 2929 3833 3000">
    <p class='ocr_par' dir='ltr' id='par_1_59' title="bbox 2241 2929 3833 3000">
     <span class='ocr_line' id='line_1_59' title="bbox 2241 2929 3833 3000; baseline -0.001 -16"><span class='ocrx_word' id='word_1_409' title='bbox 2241 2930 2300 2984; x_wconf 82' lang='grc' dir='ltr'><strong>δέ</strong></span> <span class='ocrx_word' id='word_1_410' title='bbox 2363 2930 2425 2984; x_wconf 71' lang='grc' dir='ltr'><strong>τὸ</strong></span> <span class='ocrx_word' id='word_1_411' title='bbox 2487 2931 2747 2999; x_wconf 73' lang='grc' dir='ltr'><strong>συγγενὲς</strong></span> <span class='ocrx_word' id='word_1_412' title='bbox 2833 2931 3148 3000; x_wconf 83' lang='grc' dir='ltr'><strong>ἀγνοήσασα</strong></span> <span class='ocrx_word' id='word_1_413' title='bbox 3200 2945 3217 2962; x_wconf 85' lang='grc'>⁶</span> <span class='ocrx_word' id='word_1_414' title='bbox 3330 2930 3643 2983; x_wconf 79' lang='grc' dir='ltr'><strong>τούναντίον</strong></span> <span class='ocrx_word' id='word_1_415' title='bbox 3727 2929 3833 2998; x_wconf 77' lang='grc' dir='ltr'><strong>μὲν</strong></span> 
     </span>
    </p>
   </div>
   <div class='ocr_carea' id='block_1_60' title="bbox 2243 3017 3832 3092">
    <p class='ocr_par' dir='ltr' id='par_1_60' title="bbox 2243 3017 3832 3092">
     <span class='ocr_line' id='line_1_60' title="bbox 2243 3017 3832 3092; baseline -0.003 -15"><span class='ocrx_word' id='word_1_416' title='bbox 2243 3017 2338 3077; x_wconf 83' lang='grc' dir='ltr'><strong>οὗν</strong></span> <span class='ocrx_word' id='word_1_417' title='bbox 2401 3022 2496 3076; x_wconf 79' lang='grc' dir='ltr'><strong>καὶ</strong></span> <span class='ocrx_word' id='word_1_418' title='bbox 2555 3022 2763 3091; x_wconf 82' lang='grc' dir='ltr'><strong>σφόδρα</strong></span> <span class='ocrx_word' id='word_1_419' title='bbox 2812 3023 2927 3083; x_wconf 79' lang='grc' dir='ltr'><strong>τοῖς</strong></span> <span class='ocrx_word' id='word_1_420' title='bbox 2983 3021 3163 3074; x_wconf 59' lang='grc' dir='ltr'><strong>αὐτῶν</strong></span> <span class='ocrx_word' id='word_1_421' title='bbox 3218 3019 3417 3074; x_wconf 87' lang='grc' dir='ltr'><strong>πάθεσι</strong></span> <span class='ocrx_word' id='word_1_422' title='bbox 3462 3020 3557 3073; x_wconf 80' lang='grc' dir='ltr'><strong>καὶ</strong></span> <span class='ocrx_word' id='word_1_423' title='bbox 3600 3018 3832 3092; x_wconf 80' lang='grc' dir='ltr'><strong>θρήνοις</strong></span> 
     </span>
    </p>
   </div>
   <div class='ocr_carea' id='block_1_61' title="bbox 489 3107 2141 3192">
    <p class='ocr_par' dir='ltr' id='par_1_61' title="bbox 489 3110 2135 3185">
     <span class='ocr_line' id='line_1_61' title="bbox 489 3110 2135 3185; baseline 0.004 -21"><span class='ocrx_word' id='word_1_424' title='bbox 489 3139 497 3151; x_wconf 89' lang='grc'><strong>·</strong></span> <span class='ocrx_word' id='word_1_425' title='bbox 563 3118 737 3175; x_wconf 70' lang='grc' dir='ltr'><strong>1110ιὲ,</strong></span> <span class='ocrx_word' id='word_1_426' title='bbox 765 3121 822 3166; x_wconf 82' lang='grc' dir='ltr'><strong>οι</strong></span> <span class='ocrx_word' id='word_1_427' title='bbox 851 3128 911 3167; x_wconf 79' lang='lat'><strong>38</strong></span> <span class='ocrx_word' id='word_1_428' title='bbox 940 3110 1111 3182; x_wconf 87' lang='lat' dir='ltr'><strong>ipsam</strong></span> <span class='ocrx_word' id='word_1_429' title='bbox 1140 3122 1606 3184; x_wconf 86' lang='lat' dir='ltr'><strong>quoquematrem</strong></span> <span class='ocrx_word' id='word_1_430' title='bbox 1627 3130 1775 3181; x_wconf 91' lang='lat' dir='ltr'><strong>esse,</strong></span> <span class='ocrx_word' id='word_1_431' title='bbox 1800 3123 2135 3185; x_wconf 88' lang='lat' dir='ltr'><strong>uterumque</strong></span> 
     </span>
    </p>
   </div>
   <div class='ocr_carea' id='block_1_62' title="bbox 2245 3107 3832 3192">
    <p class='ocr_par' dir='ltr' id='par_1_62' title="bbox 2246 3107 3832 3191">
     <span class='ocr_line' id='line_1_62' title="bbox 2246 3107 3832 3191; baseline -0.002 -24"><span class='ocrx_word' id='word_1_432' title='bbox 2246 3112 2654 3176; x_wconf 82' lang='grc' dir='ltr'><strong>ἐπικλασθεῖσα,</strong></span> <span class='ocrx_word' id='word_1_433' title='bbox 2682 3113 2745 3166; x_wconf 82' lang='grc' dir='ltr'><strong>τό</strong></span> <span class='ocrx_word' id='word_1_434' title='bbox 2795 3129 2853 3166; x_wconf 91' lang='grc' dir='ltr'><strong>τε</strong></span> <span class='ocrx_word' id='word_1_435' title='bbox 2883 3114 2979 3166; x_wconf 83' lang='grc' dir='ltr'><strong>καὶ</strong></span> <span class='ocrx_word' id='word_1_436' title='bbox 3020 3109 3159 3183; x_wconf 76' lang='grc' dir='ltr'><strong>αὐτή</strong></span> <span class='ocrx_word' id='word_1_437' title='bbox 3190 3112 3371 3182; x_wconf 81' lang='grc' dir='ltr'><strong>μήτηρ</strong></span> <span class='ocrx_word' id='word_1_438' title='bbox 3420 3107 3562 3191; x_wconf 77' lang='grc' dir='ltr'><strong>εἶναι</strong></span> <span class='ocrx_word' id='word_1_439' title='bbox 3631 3129 3832 3183; x_wconf 80' lang='grc' dir='ltr'><strong>μητρι-</strong></span> 
     </span>
    </p>
   </div>
   <div class='ocr_carea' id='block_1_63' title="bbox 564 3194 2137 3277">
    <p class='ocr_par' dir='ltr' id='par_1_63' title="bbox 564 3194 2137 3277">
     <span class='ocr_line' id='line_1_63' title="bbox 564 3194 2137 3277; baseline 0.002 -20"><span class='ocrx_word' id='word_1_440' title='bbox 564 3211 809 3272; x_wconf 83' lang='lat' dir='ltr'><strong>gestasse</strong></span> <span class='ocrx_word' id='word_1_441' title='bbox 834 3218 904 3257; x_wconf 83' lang='lat' dir='ltr'><strong>ex</strong></span> <span class='ocrx_word' id='word_1_442' title='bbox 967 3204 1445 3262; x_wconf 87' lang='lat' dir='ltr'><strong>commiseratione</strong></span> <span class='ocrx_word' id='word_1_443' title='bbox 1477 3222 1606 3277; x_wconf 89' lang='lat' dir='ltr'><strong>erga</strong></span> <span class='ocrx_word' id='word_1_444' title='bbox 1642 3194 1763 3261; x_wconf 77' lang='lat' dir='ltr'><strong>illas</strong></span> <span class='ocrx_word' id='word_1_445' title='bbox 1814 3205 2137 3273; x_wconf 86' lang='lat' dir='ltr'><strong>ostendens,</strong></span> 
     </span>
    </p>
   </div>
   <div class='ocr_carea' id='block_1_64' title="bbox 556 3294 2136 3368">
    <p class='ocr_par' dir='ltr' id='par_1_64' title="bbox 556 3294 2136 3368">
     <span class='ocr_line' id='line_1_64' title="bbox 556 3294 2136 3368; baseline 0.003 -20"><span class='ocrx_word' id='word_1_446' title='bbox 556 3294 804 3348; x_wconf 87' lang='lat' dir='ltr'><strong>elevatas</strong></span> <span class='ocrx_word' id='word_1_447' title='bbox 832 3309 863 3349; x_wconf 91' lang='lat' dir='ltr'><strong>e</strong></span> <span class='ocrx_word' id='word_1_448' title='bbox 887 3302 1033 3350; x_wconf 87' lang='lat' dir='ltr'><strong>terra</strong></span> <span class='ocrx_word' id='word_1_449' title='bbox 1057 3311 1184 3350; x_wconf 89' lang='lat' dir='ltr'><strong>cam</strong></span> <span class='ocrx_word' id='word_1_450' title='bbox 1222 3296 1443 3352; x_wconf 87' lang='lat' dir='ltr'><strong>sarcina</strong></span> <span class='ocrx_word' id='word_1_451' title='bbox 1505 3297 1820 3368; x_wconf 73' lang='lat' dir='ltr'><strong>paralyticaa</strong></span> <span class='ocrx_word' id='word_1_452' title='bbox 1848 3297 2042 3367; x_wconf 65' lang='lat' dir='ltr'><strong>puella:</strong></span> <span class='ocrx_word' id='word_1_453' title='bbox 2069 3297 2136 3352; x_wconf 90' lang='lat' dir='ltr'><strong>ad</strong></span> 
     </span>
    </p>
   </div>
   <div class='ocr_carea' id='block_1_65' title="bbox 563 3386 2142 3461">
    <p class='ocr_par' dir='ltr' id='par_1_65' title="bbox 563 3386 2142 3461">
     <span class='ocr_line' id='line_1_65' title="bbox 563 3386 2142 3461; baseline 0.004 -20"><span class='ocrx_word' id='word_1_454' title='bbox 563 3386 739 3443; x_wconf 80' lang='lat' dir='ltr'><strong>filium</strong></span> <span class='ocrx_word' id='word_1_455' title='bbox 770 3403 932 3443; x_wconf 89' lang='lat' dir='ltr'><strong>suum</strong></span> <span class='ocrx_word' id='word_1_456' title='bbox 952 3387 1190 3444; x_wconf 80' lang='lat' dir='ltr'><strong>adduxit</strong></span> <span class='ocrx_word' id='word_1_457' title='bbox 1215 3391 1500 3461; x_wconf 10' lang='lat' dir='ltr'><strong>:gPrtesta,</strong></span> <span class='ocrx_word' id='word_1_458' title='bbox 1529 3392 1809 3461; x_wconf 87' lang='lat' dir='ltr'><strong>inquiens,</strong></span> <span class='ocrx_word' id='word_1_459' title='bbox 1866 3392 1963 3457; x_wconf 78' lang='lat' dir='ltr'><strong>illi,</strong></span> <span class='ocrx_word' id='word_1_460' title='bbox 1998 3392 2142 3447; x_wconf 90' lang='lat' dir='ltr'><strong>hanc</strong></span> 
     </span>
    </p>
   </div>
   <div class='ocr_carea' id='block_1_66' title="bbox 563 3484 2139 3558">
    <p class='ocr_par' dir='ltr' id='par_1_66' title="bbox 563 3484 2139 3558">
     <span class='ocr_line' id='line_1_66' title="bbox 563 3484 2139 3558; baseline 0.004 -21"><span class='ocrx_word' id='word_1_461' title='bbox 563 3499 675 3538; x_wconf 91' lang='lat' dir='ltr'><strong>non</strong></span> <span class='ocrx_word' id='word_1_462' title='bbox 723 3497 947 3553; x_wconf 87' lang='lat' dir='ltr'><strong>parvam</strong></span> <span class='ocrx_word' id='word_1_463' title='bbox 972 3484 1131 3538; x_wconf 86' lang='lat' dir='ltr'><strong>matri</strong></span> <span class='ocrx_word' id='word_1_464' title='bbox 1164 3484 1419 3556; x_wconf 87' lang='lat' dir='ltr'><strong>gratiam,</strong></span> <span class='ocrx_word' id='word_1_465' title='bbox 1478 3495 1537 3542; x_wconf 91' lang='lat' dir='ltr'><strong>et</strong></span> <span class='ocrx_word' id='word_1_466' title='bbox 1585 3486 1630 3541; x_wconf 88' lang='lat' dir='ltr'><strong>si</strong></span> <span class='ocrx_word' id='word_1_467' title='bbox 1662 3487 1794 3557; x_wconf 86' lang='lat' dir='ltr'><strong>quid</strong></span> <span class='ocrx_word' id='word_1_468' title='bbox 1849 3495 2139 3558; x_wconf 89' lang='lat' dir='ltr'><strong>peccatum</strong></span> 
     </span>
    </p>
   </div>
   <div class='ocr_carea' id='block_1_67' title="bbox 561 3575 2136 3645">
    <p class='ocr_par' dir='ltr' id='par_1_67' title="bbox 561 3575 2136 3645">
     <span class='ocr_line' id='line_1_67' title="bbox 561 3575 2136 3645; baseline 0.003 -15"><span class='ocrx_word' id='word_1_469' title='bbox 561 3575 655 3639; x_wconf 88' lang='lat' dir='ltr'><strong>sit,</strong></span> <span class='ocrx_word' id='word_1_470' title='bbox 683 3576 1026 3641; x_wconf 86' lang='lat' dir='ltr'><strong>condonans,</strong></span> <span class='ocrx_word' id='word_1_471' title='bbox 1056 3576 1282 3634; x_wconf 88' lang='lat' dir='ltr'><strong>invoces</strong></span> <span class='ocrx_word' id='word_1_472' title='bbox 1299 3578 1593 3634; x_wconf 88' lang='lat' dir='ltr'><strong>Dominum</strong></span> <span class='ocrx_word' id='word_1_473' title='bbox 1616 3579 1805 3636; x_wconf 85' lang='lat' dir='ltr'><strong>Jesum</strong></span> <span class='ocrx_word' id='word_1_474' title='bbox 1831 3579 2136 3645; x_wconf 88' lang='lat' dir='ltr'><strong>Christum,</strong></span> 
     </span>
    </p>
   </div>
   <div class='ocr_carea' id='block_1_68' title="bbox 561 3670 2169 3742">
    <p class='ocr_par' dir='ltr' id='par_1_68' title="bbox 561 3670 2169 3742">
     <span class='ocr_line' id='line_1_68' title="bbox 561 3670 2169 3742; baseline 0.005 -21"><span class='ocrx_word' id='word_1_475' title='bbox 561 3676 789 3722; x_wconf 80' lang='lat' dir='ltr'><strong>extensa</strong></span> <span class='ocrx_word' id='word_1_476' title='bbox 813 3682 973 3723; x_wconf 87' lang='lat' dir='ltr'><strong>more</strong></span> <span class='ocrx_word' id='word_1_477' title='bbox 994 3677 1262 3724; x_wconf 87' lang='lat' dir='ltr'><strong>consueto</strong></span> <span class='ocrx_word' id='word_1_478' title='bbox 1310 3670 1540 3726; x_wconf 77' lang='lat' dir='ltr'><strong>dextera</strong></span> <span class='ocrx_word' id='word_1_479' title='bbox 1595 3671 1781 3742; x_wconf 77' lang='lat' dir='ltr'><strong>signes</strong></span> <span class='ocrx_word' id='word_1_480' title='bbox 1826 3672 1883 3725; x_wconf 88' lang='lat' dir='ltr'><strong>in</strong></span> <span class='ocrx_word' id='word_1_481' title='bbox 1931 3672 2169 3729; x_wconf 73' lang='lat' dir='ltr'><strong>virtute-</strong></span> 
     </span>
    </p>
   </div>
   <div class='ocr_carea' id='block_1_69' title="bbox 562 3760 2140 3834">
    <p class='ocr_par' dir='ltr' id='par_1_69' title="bbox 562 3760 2140 3834">
     <span class='ocr_line' id='line_1_69' title="bbox 562 3760 2140 3834; baseline 0.005 -22"><span class='ocrx_word' id='word_1_482' title='bbox 562 3760 776 3815; x_wconf 90' lang='lat' dir='ltr'><strong>Domini</strong></span> <span class='ocrx_word' id='word_1_483' title='bbox 811 3761 1074 3831; x_wconf 91' lang='lat' dir='ltr'><strong>puellam.</strong></span> <span class='ocrx_word' id='word_1_484' title='bbox 1112 3762 1279 3818; x_wconf 87' lang='lat' dir='ltr'><strong>Vides</strong></span> <span class='ocrx_word' id='word_1_485' title='bbox 1298 3778 1462 3832; x_wconf 86' lang='lat' dir='ltr'><strong>quam</strong></span> <span class='ocrx_word' id='word_1_486' title='bbox 1496 3763 1697 3818; x_wconf 86' lang='lat' dir='ltr'><strong>misere</strong></span> <span class='ocrx_word' id='word_1_487' title='bbox 1734 3773 1899 3834; x_wconf 87' lang='lat' dir='ltr'><strong>atque</strong></span> <span class='ocrx_word' id='word_1_488' title='bbox 1941 3764 2140 3820; x_wconf 89' lang='lat' dir='ltr'><strong>acerbe</strong></span> 
     </span>
    </p>
   </div>
   <div class='ocr_carea' id='block_1_70' title="bbox 565 3852 2139 3924">
    <p class='ocr_par' dir='ltr' id='par_1_70' title="bbox 565 3852 2139 3924">
     <span class='ocr_line' id='line_1_70' title="bbox 565 3852 2139 3924; baseline 0.004 -20"><span class='ocrx_word' id='word_1_489' title='bbox 565 3862 923 3921; x_wconf 89' lang='lat' dir='ltr'><strong>torqueatur;</strong></span> <span class='ocrx_word' id='word_1_490' title='bbox 959 3852 1112 3924; x_wconf 89' lang='lat' dir='ltr'><strong>signa</strong></span> <span class='ocrx_word' id='word_1_491' title='bbox 1132 3853 1280 3908; x_wconf 87' lang='lat' dir='ltr'><strong>illam</strong></span> <span class='ocrx_word' id='word_1_492' title='bbox 1300 3869 1487 3918; x_wconf 89' lang='lat' dir='ltr'><strong>cruce,</strong></span> <span class='ocrx_word' id='word_1_493' title='bbox 1519 3862 1573 3908; x_wconf 90' lang='lat' dir='ltr'><strong>et</strong></span> <span class='ocrx_word' id='word_1_494' title='bbox 1598 3854 1803 3910; x_wconf 88' lang='lat' dir='ltr'><strong>sanitas</strong></span> <span class='ocrx_word' id='word_1_495' title='bbox 1823 3855 2139 3910; x_wconf 83' lang='lat' dir='ltr'><strong>omnimoda</strong></span> 
     </span>
    </p>
   </div>
   <div class='ocr_carea' id='block_1_71' title="bbox 562 3948 2136 4019">
    <p class='ocr_par' dir='ltr' id='par_1_71' title="bbox 562 3948 2136 4019">
     <span class='ocr_line' id='line_1_71' title="bbox 562 3948 2136 4019; baseline 0.001 -17"><span class='ocrx_word' id='word_1_496' title='bbox 562 3957 974 4018; x_wconf 86' lang='lat' dir='ltr'><strong>consequetur;</strong></span> <span class='ocrx_word' id='word_1_497' title='bbox 1007 3950 1150 4014; x_wconf 91' lang='lat' dir='ltr'><strong>sine,</strong></span> <span class='ocrx_word' id='word_1_498' title='bbox 1189 3950 1333 4004; x_wconf 86' lang='lat' dir='ltr'><strong>hanc</strong></span> <span class='ocrx_word' id='word_1_499' title='bbox 1350 3949 1580 4019; x_wconf 84' lang='lat' dir='ltr'><strong>gratiam</strong></span> <span class='ocrx_word' id='word_1_500' title='bbox 1612 3963 1714 4017; x_wconf 88' lang='lat' dir='ltr'><strong>ego</strong></span> <span class='ocrx_word' id='word_1_501' title='bbox 1765 3948 1968 4003; x_wconf 92' lang='lat' dir='ltr'><strong>mulier</strong></span> <span class='ocrx_word' id='word_1_502' title='bbox 2014 3964 2136 4003; x_wconf 85' lang='lat' dir='ltr'><strong>mu-</strong></span> 
     </span>
    </p>
   </div>
   <div class='ocr_carea' id='block_1_72' title="bbox 492 4037 2140 4113">
    <p class='ocr_par' dir='ltr' id='par_1_72' title="bbox 492 4037 2140 4113">
     <span class='ocr_line' id='line_1_72' title="bbox 492 4037 2140 4113; baseline 0.001 -23"><span class='ocrx_word' id='word_1_503' title='bbox 492 4101 504 4113; x_wconf 39' lang='lat'><strong><em>.</em></strong></span> <span class='ocrx_word' id='word_1_504' title='bbox 563 4037 793 4094; x_wconf 83' lang='lat' dir='ltr'><strong>lieribus</strong></span> <span class='ocrx_word' id='word_1_505' title='bbox 822 4038 995 4103; x_wconf 91' lang='lat' dir='ltr'><strong>hisce,</strong></span> <span class='ocrx_word' id='word_1_506' title='bbox 1040 4046 1097 4093; x_wconf 86' lang='lat' dir='ltr'><strong>et</strong></span> <span class='ocrx_word' id='word_1_507' title='bbox 1156 4048 1334 4093; x_wconf 86' lang='lat' dir='ltr'><strong>mater</strong></span> <span class='ocrx_word' id='word_1_508' title='bbox 1375 4037 1507 4092; x_wconf 84' lang='lat' dir='ltr'><strong>huic</strong></span> <span class='ocrx_word' id='word_1_509' title='bbox 1565 4037 1752 4102; x_wconf 87' lang='lat' dir='ltr'><strong>matri,</strong></span> <span class='ocrx_word' id='word_1_510' title='bbox 1811 4038 2140 4109; x_wconf 82' lang='lat' dir='ltr'><strong>gravissimo</strong></span> 
     </span>
    </p>
   </div>
   <div class='ocr_carea' id='block_1_73' title="bbox 564 4126 2139 4199">
    <p class='ocr_par' dir='ltr' id='par_1_73' title="bbox 564 4126 2139 4199">
     <span class='ocr_line' id='line_1_73' title="bbox 564 4126 2139 4199; baseline 0.001 -20"><span class='ocrx_word' id='word_1_511' title='bbox 564 4126 758 4182; x_wconf 86' lang='lat' dir='ltr'><strong>dolore</strong></span> <span class='ocrx_word' id='word_1_512' title='bbox 799 4128 984 4183; x_wconf 90' lang='lat' dir='ltr'><strong>cordis</strong></span> <span class='ocrx_word' id='word_1_513' title='bbox 1034 4129 1343 4199; x_wconf 88' lang='lat' dir='ltr'><strong>(quantum</strong></span> <span class='ocrx_word' id='word_1_514' title='bbox 1410 4127 1545 4183; x_wconf 89' lang='lat' dir='ltr'><strong>mihi</strong></span> <span class='ocrx_word' id='word_1_515' title='bbox 1614 4128 1878 4199; x_wconf 90' lang='lat' dir='ltr'><strong>colligere</strong></span> <span class='ocrx_word' id='word_1_516' title='bbox 1936 4127 2139 4191; x_wconf 78' lang='lat' dir='ltr'><strong>datur)</strong></span> 
     </span>
    </p>
   </div>
   <div class='ocr_carea' id='block_1_74' title="bbox 562 4217 2141 4279">
    <p class='ocr_par' dir='ltr' id='par_1_74' title="bbox 562 4217 2141 4279">
     <span class='ocr_line' id='line_1_74' title="bbox 562 4217 2141 4279; baseline 0.002 -7"><span class='ocrx_word' id='word_1_517' title='bbox 562 4217 838 4279; x_wconf 80' lang='lat' dir='ltr'><strong>aestuanti,</strong></span> <span class='ocrx_word' id='word_1_518' title='bbox 876 4235 906 4273; x_wconf 88' lang='lat' dir='ltr'><strong>a</strong></span> <span class='ocrx_word' id='word_1_519' title='bbox 942 4227 994 4274; x_wconf 86' lang='lat' dir='ltr'><strong>te</strong></span> <span class='ocrx_word' id='word_1_520' title='bbox 1024 4235 1274 4276; x_wconf 83' lang='lat' dir='ltr'><strong>exorem.</strong></span> <span class='ocrx_word' id='word_1_521' title='bbox 1299 4220 1379 4275; x_wconf 82' lang='lat' dir='ltr'><strong>Ad</strong></span> <span class='ocrx_word' id='word_1_522' title='bbox 1412 4220 1549 4275; x_wconf 88' lang='lat' dir='ltr'><strong>istas</strong></span> <span class='ocrx_word' id='word_1_523' title='bbox 1566 4220 1763 4275; x_wconf 86' lang='lat' dir='ltr'><strong>matris</strong></span> <span class='ocrx_word' id='word_1_524' title='bbox 1789 4219 1886 4274; x_wconf 84' lang='lat' dir='ltr'><strong>filii</strong></span> <span class='ocrx_word' id='word_1_525' title='bbox 1907 4220 2141 4275; x_wconf 88' lang='lat' dir='ltr'><strong>amantis</strong></span> 
     </span>
    </p>
   </div>
   <div class='ocr_carea' id='block_1_75' title="bbox 563 4304 2143 4381">
    <p class='ocr_par' dir='ltr' id='par_1_75' title="bbox 563 4304 2143 4381">
     <span class='ocr_line' id='line_1_75' title="bbox 563 4304 2143 4381; baseline 0.002 -19"><span class='ocrx_word' id='word_1_526' title='bbox 563 4324 757 4377; x_wconf 80' lang='lat' dir='ltr'><strong>preces</strong></span> <span class='ocrx_word' id='word_1_527' title='bbox 787 4309 933 4364; x_wconf 79' lang='lat' dir='ltr'><strong>filius</strong></span> <span class='ocrx_word' id='word_1_528' title='bbox 971 4311 1162 4365; x_wconf 88' lang='lat' dir='ltr'><strong>matris</strong></span> <span class='ocrx_word' id='word_1_529' title='bbox 1186 4325 1400 4376; x_wconf 87' lang='lat' dir='ltr'><strong>amans,</strong></span> <span class='ocrx_word' id='word_1_530' title='bbox 1432 4311 1571 4365; x_wconf 90' lang='lat' dir='ltr'><strong>nihil</strong></span> <span class='ocrx_word' id='word_1_531' title='bbox 1599 4304 1861 4374; x_wconf 76' lang='lat' dir='ltr'><strong>rénuens,</strong></span> <span class='ocrx_word' id='word_1_532' title='bbox 1911 4310 2143 4381; x_wconf 82' lang='lat' dir='ltr'><strong>adjutri-</strong></span> 
     </span>
    </p>
   </div>
   <div class='ocr_carea' id='block_1_76' title="bbox 563 4398 2140 4469">
    <p class='ocr_par' dir='ltr' id='par_1_76' title="bbox 563 4398 2140 4469">
     <span class='ocr_line' id='line_1_76' title="bbox 563 4398 2140 4469; baseline 0 -17"><span class='ocrx_word' id='word_1_533' title='bbox 563 4413 683 4452; x_wconf 90' lang='lat' dir='ltr'><strong>cem</strong></span> <span class='ocrx_word' id='word_1_534' title='bbox 707 4398 1000 4453; x_wconf 77' lang='lat' dir='ltr'><strong>confestim</strong></span> <span class='ocrx_word' id='word_1_535' title='bbox 1038 4414 1261 4452; x_wconf 90' lang='lat' dir='ltr'><strong>manum</strong></span> <span class='ocrx_word' id='word_1_536' title='bbox 1318 4399 1718 4464; x_wconf 88' lang='lat' dir='ltr'><strong>accommodat,</strong></span> <span class='ocrx_word' id='word_1_537' title='bbox 1762 4399 2140 4469; x_wconf 82' lang='lat' dir='ltr'><strong>signatamque</strong></span> 
     </span>
    </p>
   </div>
   <div class='ocr_carea' id='block_1_77' title="bbox 2244 3202 3828 3276">
    <p class='ocr_par' dir='ltr' id='par_1_77' title="bbox 2244 3202 3828 3276">
     <span class='ocr_line' id='line_1_77' title="bbox 2244 3202 3828 3276; baseline -0.002 -17"><span class='ocrx_word' id='word_1_538' title='bbox 2244 3206 2356 3259; x_wconf 92' lang='grc' dir='ltr'><strong>κῶν</strong></span> <span class='ocrx_word' id='word_1_539' title='bbox 2382 3222 2442 3258; x_wconf 88' lang='grc' dir='ltr'><strong>τε</strong></span> <span class='ocrx_word' id='word_1_540' title='bbox 2473 3205 2799 3276; x_wconf 84' lang='grc' dir='ltr'><strong>πειραθῆναι</strong></span> <span class='ocrx_word' id='word_1_541' title='bbox 2824 3204 3167 3274; x_wconf 74' lang='grc' dir='ltr'><strong>σπλάγχνων,</strong></span> <span class='ocrx_word' id='word_1_542' title='bbox 3210 3202 3319 3255; x_wconf 84' lang='grc' dir='ltr'><strong>ἀπὸ</strong></span> <span class='ocrx_word' id='word_1_543' title='bbox 3342 3203 3443 3273; x_wconf 81' lang='grc' dir='ltr'><strong>τῆς</strong></span> <span class='ocrx_word' id='word_1_544' title='bbox 3472 3202 3828 3272; x_wconf 81' lang='grc' dir='ltr'><strong>συμπαθείας</strong></span> 
     </span>
    </p>
   </div>
   <div class='ocr_carea' id='block_1_78' title="bbox 2241 3293 3830 3368">
    <p class='ocr_par' dir='ltr' id='par_1_78' title="bbox 2241 3293 3830 3368">
     <span class='ocr_line' id='line_1_78' title="bbox 2241 3293 3830 3368; baseline -0.001 -17"><span class='ocrx_word' id='word_1_545' title='bbox 2241 3298 2341 3368; x_wconf 86' lang='grc' dir='ltr'><strong>τῆς</strong></span> <span class='ocrx_word' id='word_1_546' title='bbox 2373 3298 2503 3368; x_wconf 78' lang='grc' dir='ltr'><strong>περὶ</strong></span> <span class='ocrx_word' id='word_1_547' title='bbox 2536 3297 2707 3360; x_wconf 80' lang='grc' dir='ltr'><strong>αὑτὰς</strong></span> <span class='ocrx_word' id='word_1_548' title='bbox 2757 3296 3003 3360; x_wconf 77' lang='grc' dir='ltr'><strong>δείξασα,</strong></span> <span class='ocrx_word' id='word_1_549' title='bbox 3034 3293 3128 3349; x_wconf 88' lang='grc' dir='ltr'><strong>τοῦ</strong></span> <span class='ocrx_word' id='word_1_550' title='bbox 3186 3294 3417 3363; x_wconf 76' lang='grc' dir='ltr'><strong>ἐδάφους</strong></span> <span class='ocrx_word' id='word_1_551' title='bbox 3468 3296 3639 3358; x_wconf 74' lang='grc' dir='ltr'><strong>αὐτὰς</strong></span> <span class='ocrx_word' id='word_1_552' title='bbox 3698 3295 3830 3349; x_wconf 79' lang='grc' dir='ltr'><strong>ἀνα-</strong></span> 
     </span>
    </p>
   </div>
   <div class='ocr_carea' id='block_1_79' title="bbox 2244 3384 3830 3459">
    <p class='ocr_par' dir='ltr' id='par_1_79' title="bbox 2244 3384 3830 3459">
     <span class='ocr_line' id='line_1_79' title="bbox 2244 3384 3830 3459; baseline -0.001 -18"><span class='ocrx_word' id='word_1_553' title='bbox 2244 3389 2510 3459; x_wconf 85' lang='grc' dir='ltr'><strong>στήσασα,</strong></span> <span class='ocrx_word' id='word_1_554' title='bbox 2547 3388 2643 3441; x_wconf 72' lang='grc' dir='ltr'><strong>καὶ</strong></span> <span class='ocrx_word' id='word_1_555' title='bbox 2675 3389 2828 3458; x_wconf 81' lang='grc' dir='ltr'><strong>παρὰ</strong></span> <span class='ocrx_word' id='word_1_556' title='bbox 2855 3387 2951 3440; x_wconf 82' lang='grc' dir='ltr'><strong>τὸν</strong></span> <span class='ocrx_word' id='word_1_557' title='bbox 2988 3387 3108 3440; x_wconf 77' lang='grc' dir='ltr'><strong>υἱὸν</strong></span> <span class='ocrx_word' id='word_1_558' title='bbox 3147 3386 3246 3439; x_wconf 79' lang='grc' dir='ltr'><strong>σὺν</strong></span> <span class='ocrx_word' id='word_1_559' title='bbox 3274 3384 3355 3455; x_wconf 82' lang='grc' dir='ltr'><strong>τῷ</strong></span> <span class='ocrx_word' id='word_1_560' title='bbox 3384 3386 3569 3457; x_wconf 83' lang='grc' dir='ltr'><strong>φόρτῳ</strong></span> <span class='ocrx_word' id='word_1_561' title='bbox 3604 3385 3699 3440; x_wconf 84' lang='grc' dir='ltr'><strong>τοῦ</strong></span> <span class='ocrx_word' id='word_1_562' title='bbox 3728 3404 3830 3440; x_wconf 72' lang='lat' dir='ltr'><strong>m-</strong></span> 
     </span>
    </p>
   </div>
   <div class='ocr_carea' id='block_1_80' title="bbox 2245 3478 3825 3552">
    <p class='ocr_par' dir='ltr' id='par_1_80' title="bbox 2245 3478 3825 3552">
     <span class='ocr_line' id='line_1_80' title="bbox 2245 3478 3825 3552; baseline -0.001 -19"><span class='ocrx_word' id='word_1_563' title='bbox 2245 3480 2499 3552; x_wconf 82' lang='grc' dir='ltr'><strong>ρειμένου</strong></span> <span class='ocrx_word' id='word_1_564' title='bbox 2528 3479 2827 3552; x_wconf 85' lang='grc' dir='ltr'><strong>θυγατρίου</strong></span> <span class='ocrx_word' id='word_1_565' title='bbox 2861 3479 3235 3549; x_wconf 76' lang='grc' dir='ltr'><strong>εἰσαγαγοῦσα</strong></span> <span class='ocrx_word' id='word_1_566' title='bbox 3266 3494 3282 3510; x_wconf 84' lang='grc'>⁶</span> <span class='ocrx_word' id='word_1_567' title='bbox 3312 3480 3413 3542; x_wconf 79' lang='grc' dir='ltr'><strong>Δὸς</strong></span> <span class='ocrx_word' id='word_1_568' title='bbox 3434 3479 3660 3549; x_wconf 83' lang='grc' dir='ltr'><strong>ταύτην,</strong></span> <span class='ocrx_word' id='word_1_569' title='bbox 3690 3478 3825 3549; x_wconf 69' lang='grc' dir='ltr'><strong>ἔφη,</strong></span> 
     </span>
    </p>
   </div>
   <div class='ocr_carea' id='block_1_81' title="bbox 2245 3571 3830 3645">
    <p class='ocr_par' dir='ltr' id='par_1_81' title="bbox 2245 3571 3830 3645">
     <span class='ocr_line' id='line_1_81' title="bbox 2245 3571 3830 3645; baseline -0.001 -20"><span class='ocrx_word' id='word_1_570' title='bbox 2245 3573 2413 3644; x_wconf 72' lang='grc' dir='ltr'><strong>μητρὶ</strong></span> <span class='ocrx_word' id='word_1_571' title='bbox 2441 3613 2456 3640; x_wconf 90' lang='grc'><strong>,</strong></span> <span class='ocrx_word' id='word_1_572' title='bbox 2484 3572 2761 3637; x_wconf 79' lang='grc' dir='ltr'><strong>τέκνον,οὒ</strong></span> <span class='ocrx_word' id='word_1_573' title='bbox 2804 3573 3007 3644; x_wconf 83' lang='grc' dir='ltr'><strong>μικρὰν</strong></span> <span class='ocrx_word' id='word_1_574' title='bbox 3034 3574 3218 3645; x_wconf 82' lang='grc' dir='ltr'><strong>χάριν,</strong></span> <span class='ocrx_word' id='word_1_575' title='bbox 3241 3572 3336 3627; x_wconf 74' lang='grc' dir='ltr'><strong>καὶ</strong></span> <span class='ocrx_word' id='word_1_576' title='bbox 3365 3573 3475 3626; x_wconf 74' lang='grc' dir='ltr'><strong>πᾶν</strong></span> <span class='ocrx_word' id='word_1_577' title='bbox 3498 3572 3554 3625; x_wconf 81' lang='grc' dir='ltr'><strong>εί</strong></span> <span class='ocrx_word' id='word_1_578' title='bbox 3590 3588 3645 3626; x_wconf 87' lang='grc' dir='ltr'><strong>τι</strong></span> <span class='ocrx_word' id='word_1_579' title='bbox 3665 3571 3830 3641; x_wconf 70' lang='grc' dir='ltr'><strong>τυχὸν</strong></span> 
     </span>
    </p>
   </div>
   <div class='ocr_carea' id='block_1_82' title="bbox 2241 3661 3826 3735">
    <p class='ocr_par' dir='ltr' id='par_1_82' title="bbox 2241 3661 3826 3735">
     <span class='ocr_line' id='line_1_82' title="bbox 2241 3661 3826 3735; baseline -0.001 -18"><span class='ocrx_word' id='word_1_580' title='bbox 2241 3661 2551 3734; x_wconf 82' lang='grc' dir='ltr'><strong>ἁμάρτημα</strong></span> <span class='ocrx_word' id='word_1_581' title='bbox 2598 3663 2984 3735; x_wconf 84' lang='grc' dir='ltr'><strong>συγχωρήσας,</strong></span> <span class='ocrx_word' id='word_1_582' title='bbox 3017 3663 3110 3718; x_wconf 73' lang='grc' dir='ltr'><strong>τὸν</strong></span> <span class='ocrx_word' id='word_1_583' title='bbox 3138 3664 3341 3718; x_wconf 88' lang='grc' dir='ltr'><strong>οἰκεῖον</strong></span> <span class='ocrx_word' id='word_1_584' title='bbox 3391 3664 3662 3734; x_wconf 79' lang='grc' dir='ltr'><strong>δεσπότην</strong></span> <span class='ocrx_word' id='word_1_585' title='bbox 3686 3663 3826 3733; x_wconf 68' lang='lat' dir='ltr'><strong>X9:-</strong></span> 
     </span>
    </p>
   </div>
   <div class='ocr_carea' id='block_1_83' title="bbox 2246 3751 3827 3824">
    <p class='ocr_par' dir='ltr' id='par_1_83' title="bbox 2246 3751 3827 3824">
     <span class='ocr_line' id='line_1_83' title="bbox 2246 3751 3827 3824; baseline -0.001 -19"><span class='ocrx_word' id='word_1_586' title='bbox 2246 3752 2370 3805; x_wconf 78' lang='grc' dir='ltr'><strong>στὸν</strong></span> <span class='ocrx_word' id='word_1_587' title='bbox 2425 3753 2771 3819; x_wconf 86' lang='grc' dir='ltr'><strong>ἐπικάλεσαι,</strong></span> <span class='ocrx_word' id='word_1_588' title='bbox 2813 3755 2907 3807; x_wconf 73' lang='grc' dir='ltr'><strong>καὶ</strong></span> <span class='ocrx_word' id='word_1_589' title='bbox 2934 3752 3011 3817; x_wconf 82' lang='grc' dir='ltr'><strong>ὡς</strong></span> <span class='ocrx_word' id='word_1_590' title='bbox 3062 3751 3292 3824; x_wconf 88' lang='grc' dir='ltr'><strong>σύνηθες</strong></span> <span class='ocrx_word' id='word_1_591' title='bbox 3330 3752 3583 3815; x_wconf 84' lang='grc' dir='ltr'><strong>ἐκτείνας</strong></span> <span class='ocrx_word' id='word_1_592' title='bbox 3613 3752 3716 3822; x_wconf 72' lang='grc' dir='ltr'><strong>τὴν</strong></span> <span class='ocrx_word' id='word_1_593' title='bbox 3740 3752 3827 3805; x_wconf 86' lang='grc' dir='ltr'><strong>δε-</strong></span> 
     </span>
    </p>
   </div>
   <div class='ocr_carea' id='block_1_84' title="bbox 2245 3840 3823 3913">
    <p class='ocr_par' dir='ltr' id='par_1_84' title="bbox 2245 3840 3823 3913">
     <span class='ocr_line' id='line_1_84' title="bbox 2245 3840 3823 3913; baseline -0.001 -19"><span class='ocrx_word' id='word_1_594' title='bbox 2245 3842 2385 3909; x_wconf 80' lang='grc' dir='ltr'><strong>ξιάν.</strong></span> <span class='ocrx_word' id='word_1_595' title='bbox 2420 3842 2723 3913; x_wconf 83' lang='grc' dir='ltr'><strong>σφράγισον</strong></span> <span class='ocrx_word' id='word_1_596' title='bbox 2780 3843 2874 3895; x_wconf 76' lang='grc' dir='ltr'><strong>ἐπὶ</strong></span> <span class='ocrx_word' id='word_1_597' title='bbox 2899 3845 2966 3913; x_wconf 76' lang='grc' dir='ltr'><strong>τῇ</strong></span> <span class='ocrx_word' id='word_1_598' title='bbox 3019 3841 3184 3896; x_wconf 81' lang='grc' dir='ltr'><strong>αὐτοῦ</strong></span> <span class='ocrx_word' id='word_1_599' title='bbox 3226 3842 3454 3913; x_wconf 84' lang='grc' dir='ltr'><strong>δυνάμει</strong></span> <span class='ocrx_word' id='word_1_600' title='bbox 3480 3841 3579 3912; x_wconf 75' lang='grc' dir='ltr'><strong>τήν</strong></span> <span class='ocrx_word' id='word_1_601' title='bbox 3607 3840 3776 3893; x_wconf 78' lang='grc' dir='ltr'><strong>παῖδα</strong></span> <span class='ocrx_word' id='word_1_602' title='bbox 3807 3857 3823 3871; x_wconf 78' lang='grc' dir='ltr'><strong>ο</strong></span> 
     </span>
    </p>
   </div>
   <div class='ocr_carea' id='block_1_85' title="bbox 2241 3932 3825 4004">
    <p class='ocr_par' dir='ltr' id='par_1_85' title="bbox 2241 3932 3825 4004">
     <span class='ocr_line' id='line_1_85' title="bbox 2241 3932 3825 4004; baseline -0.002 -18"><span class='ocrx_word' id='word_1_603' title='bbox 2241 3934 2376 4004; x_wconf 82' lang='grc' dir='ltr'><strong>ὁρᾷς</strong></span> <span class='ocrx_word' id='word_1_604' title='bbox 2396 3934 2545 3995; x_wconf 79' lang='grc' dir='ltr'><strong>ὅπως</strong></span> <span class='ocrx_word' id='word_1_605' title='bbox 2574 3933 2774 3997; x_wconf 84' lang='grc' dir='ltr'><strong>ἀθλίως</strong></span> <span class='ocrx_word' id='word_1_606' title='bbox 2811 3934 2908 3987; x_wconf 79' lang='grc' dir='ltr'><strong>καὶ</strong></span> <span class='ocrx_word' id='word_1_607' title='bbox 2939 3933 3188 4003; x_wconf 76' lang='grc' dir='ltr'><strong>χαλεπῶς</strong></span> <span class='ocrx_word' id='word_1_608' title='bbox 3216 3934 3554 4004; x_wconf 84' lang='grc' dir='ltr'><strong>πάσχουσαν,</strong></span> <span class='ocrx_word' id='word_1_609' title='bbox 3577 3934 3645 4003; x_wconf 74' lang='grc' dir='ltr'><strong>τῇ</strong></span> <span class='ocrx_word' id='word_1_610' title='bbox 3676 3932 3825 4003; x_wconf 77' lang='grc' dir='ltr'><strong>παρὰ</strong></span> 
     </span>
    </p>
   </div>
   <div class='ocr_carea' id='block_1_86' title="bbox 2245 4024 3824 4096">
    <p class='ocr_par' dir='ltr' id='par_1_86' title="bbox 2245 4024 3824 4096">
     <span class='ocr_line' id='line_1_86' title="bbox 2245 4024 3824 4096; baseline 0.001 -19"><span class='ocrx_word' id='word_1_611' title='bbox 2245 4024 2340 4078; x_wconf 89' lang='grc' dir='ltr'><strong>σοῦ</strong></span> <span class='ocrx_word' id='word_1_612' title='bbox 2372 4024 2430 4077; x_wconf 78' lang='grc' dir='ltr'><strong>δὲ</strong></span> <span class='ocrx_word' id='word_1_613' title='bbox 2478 4024 2738 4096; x_wconf 85' lang='grc' dir='ltr'><strong>σφραγῖδι</strong></span> <span class='ocrx_word' id='word_1_614' title='bbox 2787 4024 2977 4094; x_wconf 71' lang='grc' dir='ltr'><strong>ἕψεται</strong></span> <span class='ocrx_word' id='word_1_615' title='bbox 3011 4026 3231 4089; x_wconf 86' lang='grc' dir='ltr'><strong>πάντως</strong></span> <span class='ocrx_word' id='word_1_616' title='bbox 3279 4025 3377 4079; x_wconf 74' lang='grc' dir='ltr'><strong>καὶ</strong></span> <span class='ocrx_word' id='word_1_617' title='bbox 3403 4024 3707 4093; x_wconf 85' lang='grc' dir='ltr'><strong>θεραπεία,</strong></span> <span class='ocrx_word' id='word_1_618' title='bbox 3740 4024 3824 4078; x_wconf 80' lang='grc' dir='ltr'><strong>ἵνα</strong></span> 
     </span>
    </p>
   </div>
   <div class='ocr_carea' id='block_1_87' title="bbox 2245 4114 3819 4186">
    <p class='ocr_par' dir='ltr' id='par_1_87' title="bbox 2245 4114 3819 4186">
     <span class='ocr_line' id='line_1_87' title="bbox 2245 4114 3819 4186; baseline -0.001 -18"><span class='ocrx_word' id='word_1_619' title='bbox 2245 4115 2382 4184; x_wconf 81' lang='grc' dir='ltr'><strong>γυνή</strong></span> <span class='ocrx_word' id='word_1_620' title='bbox 2435 4114 2701 4183; x_wconf 82' lang='grc' dir='ltr'><strong>γυναιξὶν,</strong></span> <span class='ocrx_word' id='word_1_621' title='bbox 2730 4115 2868 4169; x_wconf 86' lang='grc' dir='ltr'><strong>ἀλλὰ</strong></span> <span class='ocrx_word' id='word_1_622' title='bbox 2918 4115 3014 4168; x_wconf 74' lang='grc' dir='ltr'><strong>καὶ</strong></span> <span class='ocrx_word' id='word_1_623' title='bbox 3056 4115 3241 4185; x_wconf 83' lang='grc' dir='ltr'><strong>μήτηρ</strong></span> <span class='ocrx_word' id='word_1_624' title='bbox 3272 4117 3442 4186; x_wconf 77' lang='grc' dir='ltr'><strong>μητρὶ</strong></span> <span class='ocrx_word' id='word_1_625' title='bbox 3485 4117 3819 4186; x_wconf 80' lang='grc' dir='ltr'><strong>χαρίσωμαι,</strong></span> 
     </span>
    </p>
   </div>
   <div class='ocr_carea' id='block_1_88' title="bbox 2240 4205 3818 4280">
    <p class='ocr_par' dir='ltr' id='par_1_88' title="bbox 2240 4205 3818 4280">
     <span class='ocr_line' id='line_1_88' title="bbox 2240 4205 3818 4280; baseline -0.002 -19"><span class='ocrx_word' id='word_1_626' title='bbox 2240 4205 2425 4271; x_wconf 85' lang='grc' dir='ltr'><strong>δεινῶς</strong></span> <span class='ocrx_word' id='word_1_627' title='bbox 2443 4208 2564 4276; x_wconf 78' lang='grc' dir='ltr'><strong>(ὅσα</strong></span> <span class='ocrx_word' id='word_1_628' title='bbox 2594 4209 2695 4277; x_wconf 82' lang='grc' dir='ltr'><strong>ἐμὲ</strong></span> <span class='ocrx_word' id='word_1_629' title='bbox 2728 4205 2948 4277; x_wconf 78' lang='grc' dir='ltr'><strong>εἰδέναι)</strong></span> <span class='ocrx_word' id='word_1_630' title='bbox 2989 4206 3088 4277; x_wconf 83' lang='grc' dir='ltr'><strong>τὴν</strong></span> <span class='ocrx_word' id='word_1_631' title='bbox 3118 4208 3348 4278; x_wconf 85' lang='grc' dir='ltr'><strong>καρδίαν</strong></span> <span class='ocrx_word' id='word_1_632' title='bbox 3381 4208 3818 4280; x_wconf 75' lang='grc' dir='ltr'><strong>πυρπολουμένῃ.</strong></span> 
     </span>
    </p>
   </div>
   <div class='ocr_carea' id='block_1_89' title="bbox 2248 4298 3823 4371">
    <p class='ocr_par' dir='ltr' id='par_1_89' title="bbox 2248 4298 3823 4371">
     <span class='ocr_line' id='line_1_89' title="bbox 2248 4298 3823 4371; baseline 0 -19"><span class='ocrx_word' id='word_1_633' title='bbox 2248 4300 2394 4371; x_wconf 79' lang='grc' dir='ltr'><strong>Πρὸς</strong></span> <span class='ocrx_word' id='word_1_634' title='bbox 2422 4299 2681 4362; x_wconf 89' lang='grc' dir='ltr'><strong>τοιαύτας</strong></span> <span class='ocrx_word' id='word_1_635' title='bbox 2731 4300 2913 4353; x_wconf 86' lang='grc' dir='ltr'><strong>τοίνυν</strong></span> <span class='ocrx_word' id='word_1_636' title='bbox 2951 4300 3268 4368; x_wconf 84' lang='grc' dir='ltr'><strong>φιλόπαιδος</strong></span> <span class='ocrx_word' id='word_1_637' title='bbox 3317 4299 3523 4369; x_wconf 80' lang='grc' dir='ltr'><strong>μητρὸς</strong></span> <span class='ocrx_word' id='word_1_638' title='bbox 3574 4298 3823 4363; x_wconf 81' lang='grc' dir='ltr'><strong>ἀξιώσεις</strong></span> 
     </span>
    </p>
   </div>
   <div class='ocr_carea' id='block_1_90' title="bbox 2247 4390 3821 4463">
    <p class='ocr_par' dir='ltr' id='par_1_90' title="bbox 2247 4390 3821 4463">
     <span class='ocr_line' id='line_1_90' title="bbox 2247 4390 3821 4463; baseline -0.002 -19"><span class='ocrx_word' id='word_1_639' title='bbox 2247 4393 2368 4455; x_wconf 81' lang='grc' dir='ltr'><strong>υίὸς</strong></span> <span class='ocrx_word' id='word_1_640' title='bbox 2401 4392 2720 4463; x_wconf 80' lang='grc' dir='ltr'><strong>φιλομήτωρ</strong></span> <span class='ocrx_word' id='word_1_641' title='bbox 2751 4393 2856 4445; x_wconf 83' lang='grc' dir='ltr'><strong>οὐκ</strong></span> <span class='ocrx_word' id='word_1_642' title='bbox 2882 4391 3205 4457; x_wconf 84' lang='grc' dir='ltr'><strong>ἁνανεύσας,</strong></span> <span class='ocrx_word' id='word_1_643' title='bbox 3242 4390 3378 4444; x_wconf 79' lang='grc' dir='ltr'><strong>ἀλλὰ</strong></span> <span class='ocrx_word' id='word_1_644' title='bbox 3401 4390 3527 4453; x_wconf 70' lang='grc' dir='ltr'><strong>δοὺς</strong></span> <span class='ocrx_word' id='word_1_645' title='bbox 3550 4390 3821 4461; x_wconf 73' lang='grc' dir='ltr'><strong>ὑπουργὸν</strong></span> 
     </span>
    </p>
   </div>
   <div class='ocr_carea' id='block_1_91' title="bbox 565 4467 2141 4560">
    <p class='ocr_par' dir='ltr' id='par_1_91' title="bbox 565 4488 2139 4560">
     <span class='ocr_line' id='line_1_91' title="bbox 565 4488 2139 4560; baseline 0.003 -19"><span class='ocrx_word' id='word_1_646' title='bbox 565 4489 820 4543; x_wconf 88' lang='lat' dir='ltr'><strong>invocato</strong></span> <span class='ocrx_word' id='word_1_647' title='bbox 862 4488 1072 4544; x_wconf 87' lang='lat' dir='ltr'><strong>Christi</strong></span> <span class='ocrx_word' id='word_1_648' title='bbox 1127 4490 1352 4543; x_wconf 88' lang='lat' dir='ltr'><strong>nomine</strong></span> <span class='ocrx_word' id='word_1_649' title='bbox 1403 4491 1665 4559; x_wconf 90' lang='lat' dir='ltr'><strong>puellam,</strong></span> <span class='ocrx_word' id='word_1_650' title='bbox 1701 4491 1907 4545; x_wconf 87' lang='lat' dir='ltr'><strong>salvam</strong></span> <span class='ocrx_word' id='word_1_651' title='bbox 1975 4498 2139 4560; x_wconf 88' lang='lat' dir='ltr'><strong>atque</strong></span> 
     </span>
    </p>
   </div>
   <div class='ocr_carea' id='block_1_92' title="bbox 2245 4467 3818 4560">
    <p class='ocr_par' dir='ltr' id='par_1_92' title="bbox 2246 4478 3818 4552">
     <span class='ocr_line' id='line_1_92' title="bbox 2246 4478 3818 4552; baseline -0.001 -19"><span class='ocrx_word' id='word_1_652' title='bbox 2246 4482 2437 4544; x_wconf 78' lang='grc' dir='ltr'><strong>αὑταῖς</strong></span> <span class='ocrx_word' id='word_1_653' title='bbox 2492 4480 2696 4545; x_wconf 83' lang='grc' dir='ltr'><strong>εὐθέως</strong></span> <span class='ocrx_word' id='word_1_654' title='bbox 2752 4478 2851 4550; x_wconf 81' lang='grc' dir='ltr'><strong>τὴν</strong></span> <span class='ocrx_word' id='word_1_655' title='bbox 2906 4480 3108 4547; x_wconf 80' lang='grc' dir='ltr'><strong>δεξιάν,</strong></span> <span class='ocrx_word' id='word_1_656' title='bbox 3142 4481 3240 4535; x_wconf 80' lang='grc' dir='ltr'><strong>καὶ</strong></span> <span class='ocrx_word' id='word_1_657' title='bbox 3270 4484 3367 4551; x_wconf 85' lang='grc' dir='ltr'><strong>τὴν</strong></span> <span class='ocrx_word' id='word_1_658' title='bbox 3418 4479 3586 4534; x_wconf 86' lang='grc' dir='ltr'><strong>παῖδα</strong></span> <span class='ocrx_word' id='word_1_659' title='bbox 3616 4482 3685 4552; x_wconf 73' lang='grc' dir='ltr'><strong>τῇ</strong></span> <span class='ocrx_word' id='word_1_660' title='bbox 3731 4478 3818 4532; x_wconf 85' lang='grc' dir='ltr'><strong>τοῦ</strong></span> 
     </span>
    </p>
   </div>
   <div class='ocr_carea' id='block_1_93' title="bbox 564 4579 2144 4651">
    <p class='ocr_par' dir='ltr' id='par_1_93' title="bbox 564 4579 2144 4651">
     <span class='ocr_line' id='line_1_93' title="bbox 564 4579 2144 4651; baseline 0.003 -19"><span class='ocrx_word' id='word_1_661' title='bbox 564 4582 835 4635; x_wconf 70' lang='lat' dir='ltr'><strong>valentem</strong></span> <span class='ocrx_word' id='word_1_662' title='bbox 861 4596 971 4634; x_wconf 88' lang='lat' dir='ltr'><strong>non</strong></span> <span class='ocrx_word' id='word_1_663' title='bbox 996 4580 1178 4638; x_wconf 88' lang='lat' dir='ltr'><strong>minus</strong></span> <span class='ocrx_word' id='word_1_664' title='bbox 1220 4592 1403 4637; x_wconf 90' lang='lat' dir='ltr'><strong>mente</strong></span> <span class='ocrx_word' id='word_1_665' title='bbox 1447 4596 1611 4651; x_wconf 89' lang='lat' dir='ltr'><strong>quam</strong></span> <span class='ocrx_word' id='word_1_666' title='bbox 1644 4595 1880 4651; x_wconf 92' lang='lat' dir='ltr'><strong>corpore</strong></span> <span class='ocrx_word' id='word_1_667' title='bbox 1923 4579 2144 4636; x_wconf 87' lang='lat' dir='ltr'><strong>feminis</strong></span> 
     </span>
    </p>
   </div>
   <div class='ocr_carea' id='block_1_94' title="bbox 564 4670 2143 4742">
    <p class='ocr_par' dir='ltr' id='par_1_94' title="bbox 564 4670 2143 4742">
     <span class='ocr_line' id='line_1_94' title="bbox 564 4670 2143 4742; baseline 0.002 -18"><span class='ocrx_word' id='word_1_668' title='bbox 564 4670 777 4735; x_wconf 87' lang='lat' dir='ltr'><strong>reddit;</strong></span> <span class='ocrx_word' id='word_1_669' title='bbox 810 4681 1157 4740; x_wconf 88' lang='lat' dir='ltr'><strong>matremque</strong></span> <span class='ocrx_word' id='word_1_670' title='bbox 1189 4687 1298 4727; x_wconf 92' lang='lat' dir='ltr'><strong>non</strong></span> <span class='ocrx_word' id='word_1_671' title='bbox 1357 4672 1534 4728; x_wconf 91' lang='lat' dir='ltr'><strong>solum</strong></span> <span class='ocrx_word' id='word_1_672' title='bbox 1592 4672 1722 4727; x_wconf 87' lang='lat' dir='ltr'><strong>fecit</strong></span> <span class='ocrx_word' id='word_1_673' title='bbox 1770 4686 1938 4742; x_wconf 88' lang='lat' dir='ltr'><strong>super</strong></span> <span class='ocrx_word' id='word_1_674' title='bbox 1985 4672 2143 4742; x_wconf 90' lang='lat' dir='ltr'><strong>prole</strong></span> 
     </span>
    </p>
   </div>
   <div class='ocr_carea' id='block_1_95' title="bbox 564 4758 2144 4831">
    <p class='ocr_par' dir='ltr' id='par_1_95' title="bbox 564 4758 2144 4831">
     <span class='ocr_line' id='line_1_95' title="bbox 564 4758 2144 4831; baseline 0.003 -19"><span class='ocrx_word' id='word_1_675' title='bbox 564 4758 861 4826; x_wconf 69' lang='lat' dir='ltr'><strong>laetantem,</strong></span> <span class='ocrx_word' id='word_1_676' title='bbox 891 4759 987 4814; x_wconf 89' lang='lat' dir='ltr'><strong>sed</strong></span> <span class='ocrx_word' id='word_1_677' title='bbox 1018 4775 1172 4817; x_wconf 87' lang='lat' dir='ltr'><strong>suam</strong></span> <span class='ocrx_word' id='word_1_678' title='bbox 1205 4776 1427 4831; x_wconf 85' lang='lat' dir='ltr'><strong>quoque</strong></span> <span class='ocrx_word' id='word_1_679' title='bbox 1455 4762 1685 4816; x_wconf 91' lang='lat' dir='ltr'><strong>multam</strong></span> <span class='ocrx_word' id='word_1_680' title='bbox 1719 4778 1785 4817; x_wconf 78' lang='lat' dir='ltr'><strong>ex</strong></span> <span class='ocrx_word' id='word_1_681' title='bbox 1840 4777 1908 4817; x_wconf 93' lang='lat' dir='ltr'><strong>eo</strong></span> <span class='ocrx_word' id='word_1_682' title='bbox 1965 4762 2144 4816; x_wconf 88' lang='lat' dir='ltr'><strong>hono-</strong></span> 
     </span>
    </p>
   </div>
   <div class='ocr_carea' id='block_1_96' title="bbox 566 4852 2142 4923">
    <p class='ocr_par' dir='ltr' id='par_1_96' title="bbox 566 4852 2142 4923">
     <span class='ocr_line' id='line_1_96' title="bbox 566 4852 2142 4923; baseline 0.004 -21"><span class='ocrx_word' id='word_1_683' title='bbox 566 4860 760 4915; x_wconf 85' lang='lat' dir='ltr'><strong>ratam,</strong></span> <span class='ocrx_word' id='word_1_684' title='bbox 806 4852 953 4921; x_wconf 85' lang='lat' dir='ltr'><strong>quod</strong></span> <span class='ocrx_word' id='word_1_685' title='bbox 1009 4853 1126 4923; x_wconf 91' lang='lat' dir='ltr'><strong>ipsa</strong></span> <span class='ocrx_word' id='word_1_686' title='bbox 1175 4854 1301 4908; x_wconf 90' lang='lat' dir='ltr'><strong>ideo</strong></span> <span class='ocrx_word' id='word_1_687' title='bbox 1329 4854 1478 4923; x_wconf 85' lang='lat' dir='ltr'><strong>quod</strong></span> <span class='ocrx_word' id='word_1_688' title='bbox 1538 4862 1717 4909; x_wconf 86' lang='lat' dir='ltr'><strong>mater</strong></span> <span class='ocrx_word' id='word_1_689' title='bbox 1748 4863 1919 4921; x_wconf 87' lang='lat' dir='ltr'><strong>esset,</strong></span> <span class='ocrx_word' id='word_1_690' title='bbox 1982 4855 2142 4910; x_wconf 84' lang='lat' dir='ltr'><strong>matri</strong></span> 
     </span>
    </p>
   </div>
   <div class='ocr_carea' id='block_1_97' title="bbox 566 4939 1477 5000">
    <p class='ocr_par' dir='ltr' id='par_1_97' title="bbox 566 4939 1477 5000">
     <span class='ocr_line' id='line_1_97' title="bbox 566 4939 1477 5000; baseline 0.005 -6"><span class='ocrx_word' id='word_1_691' title='bbox 566 4939 898 4997; x_wconf 87' lang='lat' dir='ltr'><strong>incolumem</strong></span> <span class='ocrx_word' id='word_1_692' title='bbox 933 4942 1101 4999; x_wconf 74' lang='lat' dir='ltr'><strong>tiliam</strong></span> <span class='ocrx_word' id='word_1_693' title='bbox 1120 4945 1477 5000; x_wconf 85' lang='lat' dir='ltr'><strong>obtinuisset.</strong></span> 
     </span>
    </p>
   </div>
   <div class='ocr_carea' id='block_1_98' title="bbox 636 5112 2140 5188">
    <p class='ocr_par' dir='ltr' id='par_1_98' title="bbox 636 5112 2140 5188">
     <span class='ocr_line' id='line_1_98' title="bbox 636 5112 2140 5188; baseline 0.005 -21"><span class='ocrx_word' id='word_1_694' title='bbox 636 5112 723 5169; x_wconf 88' lang='lat'><strong>87.</strong></span> <span class='ocrx_word' id='word_1_695' title='bbox 748 5114 913 5185; x_wconf 82' lang='lat' dir='ltr'><strong>Virgo</strong></span> <span class='ocrx_word' id='word_1_696' title='bbox 948 5116 1196 5185; x_wconf 62' lang='lat' dir='ltr'><strong>quadam</strong></span> <span class='ocrx_word' id='word_1_697' title='bbox 1228 5126 1438 5183; x_wconf 89' lang='lat' dir='ltr'><strong>tenera,</strong></span> <span class='ocrx_word' id='word_1_698' title='bbox 1490 5116 1702 5188; x_wconf 86' lang='lat' dir='ltr'><strong>duplici</strong></span> <span class='ocrx_word' id='word_1_699' title='bbox 1730 5118 1930 5173; x_wconf 86' lang='lat' dir='ltr'><strong>aﬂ‘ecta</strong></span> <span class='ocrx_word' id='word_1_700' title='bbox 1974 5120 2140 5186; x_wconf 89' lang='lat' dir='ltr'><strong>malo,</strong></span> 
     </span>
    </p>
   </div>
   <div class='ocr_carea' id='block_1_99' title="bbox 565 5206 2141 5280">
    <p class='ocr_par' dir='ltr' id='par_1_99' title="bbox 565 5206 2141 5280">
     <span class='ocr_line' id='line_1_99' title="bbox 565 5206 2141 5280; baseline 0.003 -20"><span class='ocrx_word' id='word_1_701' title='bbox 565 5206 768 5261; x_wconf 90' lang='lat' dir='ltr'><strong>acerbo</strong></span> <span class='ocrx_word' id='word_1_702' title='bbox 786 5206 1057 5265; x_wconf 62' lang='lat' dir='ltr'><strong>dwmonc.</strong></span> <span class='ocrx_word' id='word_1_703' title='bbox 1086 5217 1143 5262; x_wconf 88' lang='lat' dir='ltr'><strong>et</strong></span> <span class='ocrx_word' id='word_1_704' title='bbox 1163 5208 1320 5278; x_wconf 88' lang='lat' dir='ltr'><strong>pedis</strong></span> <span class='ocrx_word' id='word_1_705' title='bbox 1343 5209 1562 5275; x_wconf 89' lang='lat' dir='ltr'><strong>dolore,</strong></span> <span class='ocrx_word' id='word_1_706' title='bbox 1592 5209 1745 5264; x_wconf 80' lang='lat' dir='ltr'><strong>videt</strong></span> <span class='ocrx_word' id='word_1_707' title='bbox 1776 5225 1874 5279; x_wconf 92' lang='lat' dir='ltr'><strong>per</strong></span> <span class='ocrx_word' id='word_1_708' title='bbox 1898 5210 2141 5280; x_wconf 90' lang='lat' dir='ltr'><strong>quietem</strong></span> 
     </span>
    </p>
   </div>
   <div class='ocr_carea' id='block_1_100' title="bbox 565 5299 2143 5372">
    <p class='ocr_par' dir='ltr' id='par_1_100' title="bbox 565 5299 2143 5372">
     <span class='ocr_line' id='line_1_100' title="bbox 565 5299 2143 5372; baseline 0.003 -20"><span class='ocrx_word' id='word_1_709' title='bbox 565 5309 840 5361; x_wconf 83' lang='lat' dir='ltr'><strong>sanctum,</strong></span> <span class='ocrx_word' id='word_1_710' title='bbox 874 5307 1086 5353; x_wconf 79' lang='lat' dir='ltr'><strong>vestem</strong></span> <span class='ocrx_word' id='word_1_711' title='bbox 1116 5299 1354 5355; x_wconf 86' lang='lat' dir='ltr'><strong>lucidam</strong></span> <span class='ocrx_word' id='word_1_712' title='bbox 1386 5309 1484 5356; x_wconf 79' lang='lat' dir='ltr'><strong>aut</strong></span> <span class='ocrx_word' id='word_1_713' title='bbox 1530 5301 1711 5355; x_wconf 89' lang='lat' dir='ltr'><strong>lucem</strong></span> <span class='ocrx_word' id='word_1_714' title='bbox 1731 5301 1916 5371; x_wconf 87' lang='lat' dir='ltr'><strong>potius</strong></span> <span class='ocrx_word' id='word_1_715' title='bbox 1970 5302 2143 5372; x_wconf 86' lang='lat' dir='ltr'><strong>ipsam</strong></span> 
     </span>
    </p>
   </div>
   <div class='ocr_carea' id='block_1_101' title="bbox 569 5390 2144 5464">
    <p class='ocr_par' dir='ltr' id='par_1_101' title="bbox 569 5390 2144 5464">
     <span class='ocr_line' id='line_1_101' title="bbox 569 5390 2144 5464; baseline 0.003 -21"><span class='ocrx_word' id='word_1_716' title='bbox 569 5390 1182 5460; x_wconf 85' lang='lat' dir='ltr'><strong>indutum,gladiolum</strong></span> <span class='ocrx_word' id='word_1_717' title='bbox 1234 5407 1401 5447; x_wconf 90' lang='lat' dir='ltr'><strong>manu</strong></span> <span class='ocrx_word' id='word_1_718' title='bbox 1441 5392 1850 5463; x_wconf 73' lang='lat' dir='ltr'><strong>praeferentem,</strong></span> <span class='ocrx_word' id='word_1_719' title='bbox 1903 5408 2144 5464; x_wconf 89' lang='lat' dir='ltr'><strong>eumque</strong></span> 
     </span>
    </p>
   </div>
   <div class='ocr_carea' id='block_1_102' title="bbox 566 5482 2140 5555">
    <p class='ocr_par' dir='ltr' id='par_1_102' title="bbox 566 5482 2140 5555">
     <span class='ocr_line' id='line_1_102' title="bbox 566 5482 2140 5555; baseline 0.003 -22"><span class='ocrx_word' id='word_1_720' title='bbox 566 5483 718 5537; x_wconf 76' lang='lat' dir='ltr'><strong>velut</strong></span> <span class='ocrx_word' id='word_1_721' title='bbox 750 5482 876 5552; x_wconf 89' lang='lat' dir='ltr'><strong>pedi</strong></span> <span class='ocrx_word' id='word_1_722' title='bbox 901 5483 1023 5553; x_wconf 70' lang='lat' dir='ltr'><strong>eius</strong></span> <span class='ocrx_word' id='word_1_723' title='bbox 1049 5482 1276 5553; x_wconf 79' lang='lat' dir='ltr'><strong>inﬁgere</strong></span> <span class='ocrx_word' id='word_1_724' title='bbox 1298 5492 1612 5540; x_wconf 89' lang='lat' dir='ltr'><strong>conantem.</strong></span> <span class='ocrx_word' id='word_1_725' title='bbox 1640 5484 1769 5541; x_wconf 83' lang='lat' dir='ltr'><strong>Adit</strong></span> <span class='ocrx_word' id='word_1_726' title='bbox 1800 5500 1932 5555; x_wconf 89' lang='lat' dir='ltr'><strong>ergo</strong></span> <span class='ocrx_word' id='word_1_727' title='bbox 1972 5484 2140 5548; x_wconf 83' lang='lat' dir='ltr'><strong>hunc,</strong></span> 
     </span>
    </p>
   </div>
   <div class='ocr_carea' id='block_1_103' title="bbox 571 5573 2141 5646">
    <p class='ocr_par' dir='ltr' id='par_1_103' title="bbox 571 5573 2141 5646">
     <span class='ocr_line' id='line_1_103' title="bbox 571 5573 2141 5646; baseline 0.002 -20"><span class='ocrx_word' id='word_1_728' title='bbox 571 5573 625 5626; x_wconf 86' lang='lat' dir='ltr'><strong>in</strong></span> <span class='ocrx_word' id='word_1_729' title='bbox 654 5574 888 5629; x_wconf 87' lang='lat' dir='ltr'><strong>somniis</strong></span> <span class='ocrx_word' id='word_1_730' title='bbox 908 5574 1056 5638; x_wconf 84' lang='lat' dir='ltr'><strong>nixa,</strong></span> <span class='ocrx_word' id='word_1_731' title='bbox 1082 5577 1397 5645; x_wconf 68' lang='lat' dir='ltr'><strong>conlisaque</strong></span> <span class='ocrx_word' id='word_1_732' title='bbox 1421 5576 1569 5646; x_wconf 79' lang='lat' dir='ltr'><strong>quod</strong></span> <span class='ocrx_word' id='word_1_733' title='bbox 1589 5578 1659 5631; x_wconf 90' lang='lat' dir='ltr'><strong>ab</strong></span> <span class='ocrx_word' id='word_1_734' title='bbox 1692 5577 1787 5632; x_wconf 92' lang='lat' dir='ltr'><strong>illo</strong></span> <span class='ocrx_word' id='word_1_735' title='bbox 1802 5576 2018 5632; x_wconf 70' lang='lat' dir='ltr'><strong>sanitas</strong></span> <span class='ocrx_word' id='word_1_736' title='bbox 2036 5575 2141 5632; x_wconf 90' lang='lat' dir='ltr'><strong>sibi</strong></span> 
     </span>
    </p>
   </div>
   <div class='ocr_carea' id='block_1_104' title="bbox 567 5664 2140 5736">
    <p class='ocr_par' dir='ltr' id='par_1_104' title="bbox 567 5664 2140 5736">
     <span class='ocr_line' id='line_1_104' title="bbox 567 5664 2140 5736; baseline 0.003 -21"><span class='ocrx_word' id='word_1_737' title='bbox 567 5673 714 5720; x_wconf 76' lang='lat' dir='ltr'><strong>esset</strong></span> <span class='ocrx_word' id='word_1_738' title='bbox 731 5665 1083 5721; x_wconf 86' lang='lat' dir='ltr'><strong>conferenda.</strong></span> <span class='ocrx_word' id='word_1_739' title='bbox 1103 5664 1354 5736; x_wconf 87' lang='lat' dir='ltr'><strong>Cumque</strong></span> <span class='ocrx_word' id='word_1_740' title='bbox 1374 5666 1682 5724; x_wconf 88' lang='lat' dir='ltr'><strong>invocasset</strong></span> <span class='ocrx_word' id='word_1_741' title='bbox 1703 5666 2140 5724; x_wconf 88' lang='lat' dir='ltr'><strong>sanctusChristi</strong></span> 
     </span>
    </p>
   </div>
   <div class='ocr_carea' id='block_1_105' title="bbox 569 5758 2137 5830">
    <p class='ocr_par' dir='ltr' id='par_1_105' title="bbox 569 5758 2137 5830">
     <span class='ocr_line' id='line_1_105' title="bbox 569 5758 2137 5830; baseline 0.002 -21"><span class='ocrx_word' id='word_1_742' title='bbox 569 5772 793 5826; x_wconf 85' lang='lat' dir='ltr'><strong>nomen,</strong></span> <span class='ocrx_word' id='word_1_743' title='bbox 859 5758 1242 5827; x_wconf 81' lang='lat' dir='ltr'><strong>virginemque</strong></span> <span class='ocrx_word' id='word_1_744' title='bbox 1309 5758 1491 5814; x_wconf 88' lang='lat' dir='ltr'><strong>crucis</strong></span> <span class='ocrx_word' id='word_1_745' title='bbox 1553 5759 1835 5830; x_wconf 81' lang='lat' dir='ltr'><strong>signaculo</strong></span> <span class='ocrx_word' id='word_1_746' title='bbox 1914 5760 2137 5813; x_wconf 85' lang='lat' dir='ltr'><strong>tertium</strong></span> 
     </span>
    </p>
   </div>
   <div class='ocr_carea' id='block_1_106' title="bbox 2246 4570 3818 4644">
    <p class='ocr_par' dir='ltr' id='par_1_106' title="bbox 2246 4570 3818 4644">
     <span class='ocr_line' id='line_1_106' title="bbox 2246 4570 3818 4644; baseline -0.003 -18"><span class='ocrx_word' id='word_1_747' title='bbox 2246 4571 2483 4641; x_wconf 86' lang='grc' dir='ltr'><strong>Χριστοῦ</strong></span> <span class='ocrx_word' id='word_1_748' title='bbox 2550 4572 2835 4642; x_wconf 87' lang='grc' dir='ltr'><strong>ἐπικλήσει</strong></span> <span class='ocrx_word' id='word_1_749' title='bbox 2880 4572 3210 4644; x_wconf 84' lang='grc' dir='ltr'><strong>σφραγίσας,</strong></span> <span class='ocrx_word' id='word_1_750' title='bbox 3272 4572 3404 4640; x_wconf 84' lang='grc' dir='ltr'><strong>ὑγιᾶ</strong></span> <span class='ocrx_word' id='word_1_751' title='bbox 3460 4570 3706 4640; x_wconf 87' lang='grc' dir='ltr'><strong>ταύτην,</strong></span> <span class='ocrx_word' id='word_1_752' title='bbox 3762 4570 3818 4623; x_wconf 75' lang='grc' dir='ltr'><strong>ού</strong></span> 
     </span>
    </p>
   </div>
   <div class='ocr_carea' id='block_1_107' title="bbox 2251 4659 3815 4732">
    <p class='ocr_par' dir='ltr' id='par_1_107' title="bbox 2251 4659 3815 4732">
     <span class='ocr_line' id='line_1_107' title="bbox 2251 4659 3815 4732; baseline -0.002 -18"><span class='ocrx_word' id='word_1_753' title='bbox 2251 4662 2412 4732; x_wconf 90' lang='grc' dir='ltr'><strong>σῶμα</strong></span> <span class='ocrx_word' id='word_1_754' title='bbox 2440 4661 2622 4732; x_wconf 76' lang='grc' dir='ltr'><strong>μόνον,</strong></span> <span class='ocrx_word' id='word_1_755' title='bbox 2647 4660 2785 4715; x_wconf 84' lang='grc' dir='ltr'><strong>ἀλλὰ</strong></span> <span class='ocrx_word' id='word_1_756' title='bbox 2817 4665 2912 4715; x_wconf 67' lang='grc' dir='ltr'><strong>καὶ.</strong></span> <span class='ocrx_word' id='word_1_757' title='bbox 2967 4661 3195 4731; x_wconf 81' lang='grc' dir='ltr'><strong>φρένας,</strong></span> <span class='ocrx_word' id='word_1_758' title='bbox 3232 4662 3427 4723; x_wconf 85' lang='grc' dir='ltr'><strong>αὐταῖς</strong></span> <span class='ocrx_word' id='word_1_759' title='bbox 3480 4659 3815 4721; x_wconf 81' lang='grc' dir='ltr'><strong>ἀποδίδωσιν,</strong></span> 
     </span>
    </p>
   </div>
   <div class='ocr_carea' id='block_1_108' title="bbox 2244 4749 3812 4824">
    <p class='ocr_par' dir='ltr' id='par_1_108' title="bbox 2244 4749 3812 4824">
     <span class='ocr_line' id='line_1_108' title="bbox 2244 4749 3812 4824; baseline -0.004 -18"><span class='ocrx_word' id='word_1_760' title='bbox 2244 4754 2306 4806; x_wconf 84' lang='grc' dir='ltr'><strong>ού</strong></span> <span class='ocrx_word' id='word_1_761' title='bbox 2365 4752 2581 4824; x_wconf 84' lang='grc' dir='ltr'><strong>μητέρα</strong></span> <span class='ocrx_word' id='word_1_762' title='bbox 2634 4752 2794 4822; x_wconf 86' lang='grc' dir='ltr'><strong>μόνον</strong></span> <span class='ocrx_word' id='word_1_763' title='bbox 2829 4753 2922 4804; x_wconf 77' lang='grc' dir='ltr'><strong>ἐπὶ</strong></span> <span class='ocrx_word' id='word_1_764' title='bbox 2957 4751 3133 4823; x_wconf 79' lang='grc' dir='ltr'><strong>τέκνῳ</strong></span> <span class='ocrx_word' id='word_1_765' title='bbox 3161 4751 3342 4818; x_wconf 79' lang='grc' dir='ltr'><strong>δείξας</strong></span> <span class='ocrx_word' id='word_1_766' title='bbox 3366 4749 3812 4821; x_wconf 77' lang='grc' dir='ltr'><strong>εύφραινομένην,</strong></span> 
     </span>
    </p>
   </div>
   <div class='ocr_carea' id='block_1_109' title="bbox 2246 4839 3815 4914">
    <p class='ocr_par' dir='ltr' id='par_1_109' title="bbox 2246 4839 3815 4914">
     <span class='ocr_line' id='line_1_109' title="bbox 2246 4839 3815 4914; baseline -0.003 -17"><span class='ocrx_word' id='word_1_767' title='bbox 2246 4843 2382 4897; x_wconf 85' lang='grc' dir='ltr'><strong>ἀλλά</strong></span> <span class='ocrx_word' id='word_1_768' title='bbox 2417 4842 2595 4913; x_wconf 83' lang='grc' dir='ltr'><strong>πολλῷ</strong></span> <span class='ocrx_word' id='word_1_769' title='bbox 2645 4841 2741 4896; x_wconf 75' lang='grc' dir='ltr'><strong>καὶ</strong></span> <span class='ocrx_word' id='word_1_770' title='bbox 2787 4841 2886 4914; x_wconf 83' lang='grc' dir='ltr'><strong>τὴν</strong></span> <span class='ocrx_word' id='word_1_771' title='bbox 2937 4840 3134 4895; x_wconf 79' lang='grc' dir='ltr'><strong>ἐαυτοῦ</strong></span> <span class='ocrx_word' id='word_1_772' title='bbox 3213 4840 3428 4912; x_wconf 80' lang='grc' dir='ltr'><strong>μητέρα</strong></span> <span class='ocrx_word' id='word_1_773' title='bbox 3494 4839 3699 4909; x_wconf 79' lang='grc' dir='ltr'><strong>μᾶλλον</strong></span> <span class='ocrx_word' id='word_1_774' title='bbox 3734 4839 3815 4891; x_wconf 70' lang='grc' dir='ltr'><strong>ἐπὶ</strong></span> 
     </span>
    </p>
   </div>
   <div class='ocr_carea' id='block_1_110' title="bbox 2104 4928 3813 5017">
    <p class='ocr_par' dir='ltr' id='par_1_110' title="bbox 2104 4928 3813 5017">
     <span class='ocr_line' id='line_1_110' title="bbox 2104 4928 3813 5017; baseline -0.002 -30"><span class='ocrx_word' id='word_1_775' title='bbox 2104 5008 2131 5017; x_wconf 33' lang='lat' dir='ltr'><strong>ﬂ</strong></span> <span class='ocrx_word' id='word_1_776' title='bbox 2243 4932 2419 5004; x_wconf 85' lang='grc' dir='ltr'><strong>τούτῳ</strong></span> <span class='ocrx_word' id='word_1_777' title='bbox 2470 4932 2899 5002; x_wconf 80' lang='grc' dir='ltr'><strong>σεμνυνομένην,</strong></span> <span class='ocrx_word' id='word_1_778' title='bbox 2932 4932 3014 4986; x_wconf 83' lang='grc' dir='ltr'><strong>ὅτι</strong></span> <span class='ocrx_word' id='word_1_779' title='bbox 3049 4929 3128 5002; x_wconf 84' lang='grc' dir='ltr'><strong>τῷ</strong></span> <span class='ocrx_word' id='word_1_780' title='bbox 3154 4931 3339 5003; x_wconf 84' lang='grc' dir='ltr'><strong>μήτηρ</strong></span> <span class='ocrx_word' id='word_1_781' title='bbox 3372 4928 3517 4999; x_wconf 81' lang='grc' dir='ltr'><strong>αὑτὴ</strong></span> <span class='ocrx_word' id='word_1_782' title='bbox 3540 4929 3813 4998; x_wconf 84' lang='grc' dir='ltr'><strong>γενέσθαι.</strong></span> 
     </span>
    </p>
   </div>
   <div class='ocr_carea' id='block_1_111' title="bbox 2252 5026 3293 5098">
    <p class='ocr_par' dir='ltr' id='par_1_111' title="bbox 2252 5026 3293 5098">
     <span class='ocr_line' id='line_1_111' title="bbox 2252 5026 3293 5098; baseline -0.003 -18"><span class='ocrx_word' id='word_1_783' title='bbox 2252 5027 2422 5098; x_wconf 69' lang='grc' dir='ltr'><strong>μητρὶ</strong></span> <span class='ocrx_word' id='word_1_784' title='bbox 2452 5026 2730 5097; x_wconf 86' lang='grc' dir='ltr'><strong>σωτηρίαν</strong></span> <span class='ocrx_word' id='word_1_785' title='bbox 2762 5026 2953 5090; x_wconf 84' lang='grc' dir='ltr'><strong>παιδὸς</strong></span> <span class='ocrx_word' id='word_1_786' title='bbox 2980 5026 3293 5097; x_wconf 80' lang='grc' dir='ltr'><strong>χαρίζεται.</strong></span> 
     </span>
    </p>
   </div>
   <div class='ocr_carea' id='block_1_112' title="bbox 2316 5112 3815 5189">
    <p class='ocr_par' dir='ltr' id='par_1_112' title="bbox 2316 5112 3815 5189">
     <span class='ocr_line' id='line_1_112' title="bbox 2316 5112 3815 5189; baseline -0.004 -18"><span class='ocrx_word' id='word_1_787' title='bbox 2316 5116 2424 5183; x_wconf 69' lang='grc' dir='ltr'><strong>πξ.</strong></span> <span class='ocrx_word' id='word_1_788' title='bbox 2472 5117 2623 5188; x_wconf 84' lang='grc' dir='ltr'><strong>Κόρη</strong></span> <span class='ocrx_word' id='word_1_789' title='bbox 2663 5134 2748 5180; x_wconf 88' lang='grc' dir='ltr'><strong>τις</strong></span> <span class='ocrx_word' id='word_1_790' title='bbox 2794 5117 3068 5189; x_wconf 85' lang='grc' dir='ltr'><strong>παρθένος</strong></span> <span class='ocrx_word' id='word_1_791' title='bbox 3116 5117 3236 5188; x_wconf 73' lang='grc' dir='ltr'><strong>διχῇ</strong></span> <span class='ocrx_word' id='word_1_792' title='bbox 3275 5115 3579 5183; x_wconf 82' lang='grc' dir='ltr'><strong>πέπληκτο,</strong></span> <span class='ocrx_word' id='word_1_793' title='bbox 3614 5112 3815 5185; x_wconf 69' lang='grc' dir='ltr'><strong>χαλεπῷ</strong></span> 
     </span>
    </p>
   </div>
   <div class='ocr_carea' id='block_1_113' title="bbox 2245 5206 3814 5280">
    <p class='ocr_par' dir='ltr' id='par_1_113' title="bbox 2245 5206 3814 5280">
     <span class='ocr_line' id='line_1_113' title="bbox 2245 5206 3814 5280; baseline -0.006 -16"><span class='ocrx_word' id='word_1_794' title='bbox 2245 5209 2461 5280; x_wconf 83' lang='grc' dir='ltr'><strong>δαίμονι</strong></span> <span class='ocrx_word' id='word_1_795' title='bbox 2514 5211 2609 5263; x_wconf 78' lang='grc' dir='ltr'><strong>καὶ</strong></span> <span class='ocrx_word' id='word_1_796' title='bbox 2654 5209 2817 5263; x_wconf 86' lang='grc' dir='ltr'><strong>πάθει</strong></span> <span class='ocrx_word' id='word_1_797' title='bbox 2846 5209 3036 5272; x_wconf 75' lang='grc' dir='ltr'><strong>ποδόςο</strong></span> <span class='ocrx_word' id='word_1_798' title='bbox 3078 5210 3181 5280; x_wconf 72' lang='grc' dir='ltr'><strong>δρᾷ</strong></span> <span class='ocrx_word' id='word_1_799' title='bbox 3207 5206 3501 5278; x_wconf 87' lang='grc' dir='ltr'><strong>τοιγαροῦν</strong></span> <span class='ocrx_word' id='word_1_800' title='bbox 3528 5207 3622 5259; x_wconf 80' lang='grc' dir='ltr'><strong>τὸν</strong></span> <span class='ocrx_word' id='word_1_801' title='bbox 3643 5206 3814 5272; x_wconf 82' lang='grc' dir='ltr'><strong>Ἀγιον</strong></span> 
     </span>
    </p>
   </div>
   <div class='ocr_carea' id='block_1_114' title="bbox 2245 5293 3813 5373">
    <p class='ocr_par' dir='ltr' id='par_1_114' title="bbox 2245 5293 3813 5373">
     <span class='ocr_line' id='line_1_114' title="bbox 2245 5293 3813 5373; baseline -0.005 -19"><span class='ocrx_word' id='word_1_802' title='bbox 2245 5302 2398 5373; x_wconf 78' lang='grc' dir='ltr'><strong>ὄναρ,</strong></span> <span class='ocrx_word' id='word_1_803' title='bbox 2421 5300 2624 5371; x_wconf 73' lang='grc' dir='ltr'><strong>ἔνδυμα</strong></span> <span class='ocrx_word' id='word_1_804' title='bbox 2656 5300 2772 5368; x_wconf 84' lang='grc' dir='ltr'><strong>φῶς</strong></span> <span class='ocrx_word' id='word_1_805' title='bbox 2795 5299 3125 5369; x_wconf 87' lang='grc' dir='ltr'><strong>αὐτόχρημα</strong></span> <span class='ocrx_word' id='word_1_806' title='bbox 3160 5296 3571 5367; x_wconf 84' lang='grc' dir='ltr'><strong>περικείμενον,</strong></span> <span class='ocrx_word' id='word_1_807' title='bbox 3608 5293 3813 5364; x_wconf 81' lang='grc' dir='ltr'><strong>ξιφίδιόν</strong></span> 
     </span>
    </p>
   </div>
   <div class='ocr_carea' id='block_1_115' title="bbox 2244 5385 3813 5463">
    <p class='ocr_par' dir='ltr' id='par_1_115' title="bbox 2244 5385 3813 5463">
     <span class='ocr_line' id='line_1_115' title="bbox 2244 5385 3813 5463; baseline -0.006 -16"><span class='ocrx_word' id='word_1_808' title='bbox 2244 5411 2305 5447; x_wconf 84' lang='grc' dir='ltr'><strong>τε</strong></span> <span class='ocrx_word' id='word_1_809' title='bbox 2336 5392 2426 5447; x_wconf 83' lang='grc' dir='ltr'><strong>διὰ</strong></span> <span class='ocrx_word' id='word_1_810' title='bbox 2461 5393 2643 5463; x_wconf 74' lang='grc' dir='ltr'><strong>χειρὸς</strong></span> <span class='ocrx_word' id='word_1_811' title='bbox 2689 5391 2904 5460; x_wconf 72' lang='grc' dir='ltr'><strong>ἔχοντα,</strong></span> <span class='ocrx_word' id='word_1_812' title='bbox 2932 5392 3026 5443; x_wconf 76' lang='grc' dir='ltr'><strong>καὶ</strong></span> <span class='ocrx_word' id='word_1_813' title='bbox 3067 5390 3130 5443; x_wconf 81' lang='grc' dir='ltr'><strong>τὸ</strong></span> <span class='ocrx_word' id='word_1_814' title='bbox 3161 5390 3258 5460; x_wconf 84' lang='grc' dir='ltr'><strong>μὲν</strong></span> <span class='ocrx_word' id='word_1_815' title='bbox 3281 5388 3360 5458; x_wconf 81' lang='grc' dir='ltr'><strong>τῷ</strong></span> <span class='ocrx_word' id='word_1_816' title='bbox 3409 5387 3535 5440; x_wconf 74' lang='grc' dir='ltr'><strong>ποδὶ</strong></span> <span class='ocrx_word' id='word_1_817' title='bbox 3579 5385 3813 5455; x_wconf 80' lang='grc' dir='ltr'><strong>καθάπερ</strong></span> 
     </span>
    </p>
   </div>
   <div class='ocr_carea' id='block_1_116' title="bbox 2245 5473 3811 5554">
    <p class='ocr_par' dir='ltr' id='par_1_116' title="bbox 2245 5473 3811 5554">
     <span class='ocr_line' id='line_1_116' title="bbox 2245 5473 3811 5554; baseline -0.006 -16"><span class='ocrx_word' id='word_1_818' title='bbox 2245 5486 2473 5551; x_wconf 83' lang='grc' dir='ltr'><strong>ἐπάγειν</strong></span> <span class='ocrx_word' id='word_1_819' title='bbox 2533 5484 2816 5554; x_wconf 81' lang='grc' dir='ltr'><strong>μέλλοντα.</strong></span> <span class='ocrx_word' id='word_1_820' title='bbox 2871 5484 3129 5554; x_wconf 85' lang='grc' dir='ltr'><strong>Πρόσεισι</strong></span> <span class='ocrx_word' id='word_1_821' title='bbox 3176 5480 3375 5545; x_wconf 85' lang='grc' dir='ltr'><strong>τοίνυν,</strong></span> <span class='ocrx_word' id='word_1_822' title='bbox 3402 5473 3483 5541; x_wconf 77' lang='grc' dir='ltr'><strong>οἷς</strong></span> <span class='ocrx_word' id='word_1_823' title='bbox 3519 5477 3664 5531; x_wconf 84' lang='grc' dir='ltr'><strong>κατὰ</strong></span> <span class='ocrx_word' id='word_1_824' title='bbox 3702 5477 3811 5538; x_wconf 79' lang='grc' dir='ltr'><strong>τοὺς</strong></span> 
     </span>
    </p>
   </div>
   <div class='ocr_carea' id='block_1_117' title="bbox 2247 5570 3813 5645">
    <p class='ocr_par' dir='ltr' id='par_1_117' title="bbox 2247 5570 3813 5645">
     <span class='ocr_line' id='line_1_117' title="bbox 2247 5570 3813 5645; baseline -0.004 -17"><span class='ocrx_word' id='word_1_825' title='bbox 2247 5575 2449 5637; x_wconf 76' lang='grc' dir='ltr'><strong>ὕπνους</strong></span> <span class='ocrx_word' id='word_1_826' title='bbox 2478 5575 2578 5628; x_wconf 84' lang='grc' dir='ltr'><strong>ίδοι</strong></span> <span class='ocrx_word' id='word_1_827' title='bbox 2608 5575 2959 5640; x_wconf 86' lang='grc' dir='ltr'><strong>πιστεύουσα,</strong></span> <span class='ocrx_word' id='word_1_828' title='bbox 2985 5576 3065 5628; x_wconf 85' lang='grc' dir='ltr'><strong>ὅτι</strong></span> <span class='ocrx_word' id='word_1_829' title='bbox 3090 5574 3221 5645; x_wconf 83' lang='grc' dir='ltr'><strong>παρ’</strong></span> <span class='ocrx_word' id='word_1_830' title='bbox 3237 5571 3404 5627; x_wconf 78' lang='grc' dir='ltr'><strong>αὑτοῦ</strong></span> <span class='ocrx_word' id='word_1_831' title='bbox 3433 5572 3531 5623; x_wconf 77' lang='grc' dir='ltr'><strong>καὶ</strong></span> <span class='ocrx_word' id='word_1_832' title='bbox 3558 5571 3661 5641; x_wconf 81' lang='grc' dir='ltr'><strong>τήν</strong></span> <span class='ocrx_word' id='word_1_833' title='bbox 3689 5570 3813 5623; x_wconf 73' lang='grc' dir='ltr'><strong>ἴασιν</strong></span> 
     </span>
    </p>
   </div>
   <div class='ocr_carea' id='block_1_118' title="bbox 2246 5660 3812 5739">
    <p class='ocr_par' dir='ltr' id='par_1_118' title="bbox 2246 5660 3812 5739">
     <span class='ocr_line' id='line_1_118' title="bbox 2246 5660 3812 5739; baseline -0.003 -18"><span class='ocrx_word' id='word_1_834' title='bbox 2246 5670 2536 5739; x_wconf 82' lang='grc' dir='ltr'><strong>κομιεῖται.</strong></span> <span class='ocrx_word' id='word_1_835' title='bbox 2583 5667 2641 5721; x_wconf 89' lang='lat'><strong>&#39;0</strong></span> <span class='ocrx_word' id='word_1_836' title='bbox 2681 5667 2741 5721; x_wconf 76' lang='grc' dir='ltr'><strong>δὲ</strong></span> <span class='ocrx_word' id='word_1_837' title='bbox 2769 5667 2831 5721; x_wconf 82' lang='grc' dir='ltr'><strong>τὸ</strong></span> <span class='ocrx_word' id='word_1_838' title='bbox 2860 5666 2954 5721; x_wconf 88' lang='grc' dir='ltr'><strong>τοῦ</strong></span> <span class='ocrx_word' id='word_1_839' title='bbox 2990 5665 3227 5738; x_wconf 88' lang='grc' dir='ltr'><strong>Χριστοῦ</strong></span> <span class='ocrx_word' id='word_1_840' title='bbox 3270 5664 3509 5728; x_wconf 78' lang='grc' dir='ltr'><strong>καλέσας</strong></span> <span class='ocrx_word' id='word_1_841' title='bbox 3533 5664 3724 5733; x_wconf 74' lang='grc' dir='ltr'><strong>ὄνομα.</strong></span> <span class='ocrx_word' id='word_1_842' title='bbox 3747 5660 3812 5730; x_wconf 80' lang='grc' dir='ltr'><strong>τῷ</strong></span> 
     </span>
    </p>
   </div>
   <div class='ocr_carea' id='block_1_119' title="bbox 2247 5753 3812 5829">
    <p class='ocr_par' dir='ltr' id='par_1_119' title="bbox 2247 5753 3812 5829">
     <span class='ocr_line' id='line_1_119' title="bbox 2247 5753 3812 5829; baseline -0.002 -19"><span class='ocrx_word' id='word_1_843' title='bbox 2247 5774 2303 5810; x_wconf 85' lang='grc' dir='ltr'><strong>τε</strong></span> <span class='ocrx_word' id='word_1_844' title='bbox 2335 5757 2429 5811; x_wconf 89' lang='grc' dir='ltr'><strong>τοῦ</strong></span> <span class='ocrx_word' id='word_1_845' title='bbox 2470 5756 2705 5829; x_wconf 83' lang='grc' dir='ltr'><strong>σταυροῦ</strong></span> <span class='ocrx_word' id='word_1_846' title='bbox 2724 5756 2891 5828; x_wconf 70' lang='grc' dir='ltr'><strong>στύπῳ</strong></span> <span class='ocrx_word' id='word_1_847' title='bbox 2914 5756 3097 5828; x_wconf 85' lang='grc' dir='ltr'><strong>τρίτον</strong></span> <span class='ocrx_word' id='word_1_848' title='bbox 3123 5754 3299 5828; x_wconf 82' lang='grc' dir='ltr'><strong>αὐτὴν</strong></span> <span class='ocrx_word' id='word_1_849' title='bbox 3318 5754 3733 5824; x_wconf 79' lang='grc' dir='ltr'><strong>διασφραγίσας,</strong></span> <span class='ocrx_word' id='word_1_850' title='bbox 3760 5753 3812 5807; x_wconf 72' lang='grc' dir='ltr'><strong>οὐ</strong></span> 
     </span>
    </p>
   </div>
   <div class='ocr_carea' id='block_1_120' title="bbox 2558 6032 2655 6059">
    <p class='ocr_par' dir='ltr' id='par_1_120' title="bbox 2558 6032 2655 6059">
     <span class='ocr_line' id='line_1_120' title="bbox 2558 6032 2655 6059; baseline 0.021 -2"><span class='ocrx_word' id='word_1_851' title='bbox 2558 6032 2587 6057; x_wconf 63' lang='grc' dir='ltr'><strong>κ</strong></span> <span class='ocrx_word' id='word_1_852' title='bbox 2646 6050 2655 6059; x_wconf 84' lang='lat'><strong>.</strong></span> 
     </span>
    </p>
   </div>
  </div>
