3980 6296
250 390 393 454 3089

1250 378 1418 438 νιΤΑ
1458 382 1515 441 πΛ
1554 383 1989 446 NICEPHORO
2026 388 2514 450 CONSCRIP’I‘A.

3361 397 3503 458 3070

250 506 346 559 τὸν
371 500 601 571 δαίμονα
626 499 784 570 μόνον
806 495 1057 551 ἐκϐάλλει
1083 493 1270 555 δεινῶς
1294 492 1425 545 ἐλαι)
1436 497 1675 566 νόμενον,
1699 498 1836 553 ἀλλὰ

1939 502 2295 567 munivisset,
2347 519 2457 557 non
2490 503 2666 556 solum
2706 502 3009 558 daemonem
3039 506 3275 574 graviter
3315 507 3502 577 exagi-

255 596 352 648 καὶ
380 580 639 655 τὸπάθος
692 590 828 659 αὐτῇ
873 586 967 640 τοῦ
998 586 1157 649 ποδὸς
1201 585 1521 651 θεραπεύει.
1565 589 1704 659 Γυνή
1747 608 1832 654 τις

254 684 401 738 οὓτω
437 682 687 753 χαλεπῶς
721 680 1004 751 ὲμεμῄνει,
1045 678 1121 743 ὼς
1151 678 1246 731 καὶ
1290 682 1418 734 καθ’
1448 680 1638 745 ὓδατος
1664 682 1834 751 αὐτὴν

259 776 364 829 ὑπὸ
383 774 477 827 τοῦ
497 773 748 843 δαίμονος
769 771 1024 832 πολλάκις
1046 771 1467 841 κατενεχθεῖσαν
1489 772 1641 842 παρὰ
1658 771 1832 842 βραχὺ

260 864 506 919 κινδύνου
540 862 827 931 γενέσθαι·
851 860 1009 930 αὕτη
1064 862 1310 931 συνεχῶς
1350 864 1481 934 όρᾷν
1525 863 1699 917 ἐδόκει
1742 864 1834 916 τὸν

261 957 505 1027 Συμεὼν,
562 955 684 1023 ὄψιν
751 952 960 1005 ἐκείνου
1019 951 1115 1005 καὶ⁸
1171 955 1363 1007 στάσιν
1417 953 1830 1023 φανταζομένη·

224 1084 231 1091 -
264 1049 439 1101 καίτοι
478 1047 744 1116 μηδέποτε
774 1044 850 1114 τῷ
886 1042 1052 1113 Ἀγξῳ
1069 1045 1486 1115 παραϐαλοῦσα.
1515 1047 1696 1113 Ἔγνω
1726 1063 1837 1098 τοις

263 1139 464 1209 γαροῦν
487 1141 578 1193 καὶ
602 1138 898 1208 ὀφθαλμοῖς
931 1137 1084 1202 ίδεῖν,
1113 1131 1176 1191 οὗ
1208 1138 1305 1200 τὰς
1338 1138 1451 1192 τῶν
1471 1140 1836 1209 χαρακτήρων

263 1234 357 1286 καὶ
411 1230 505 1283 τοῦ
552 1229 713 1299 ἡθους
749 1228 931 1295 αὐγὰς
971 1230 999 1282 6
1041 1229 1167 1292 νοῦς
1219 1226 1586 1296 ὲφαντάζετο*
1612 1212 1737 1281 επεὶ
1777 1229 1834 1283 δὲ

264 1321 393 1393 παρ’
420 1321 582 1374 αὐτὸν
617 1320 760 1375 ἔλθοι
787 1323 880 1373 καὶ
917 1319 1067 1389 αὐτῷ
1095 1320 1351 1383 ἁτενίσοι,
1394 1320 1495 1373 οὐκ
1524 1318 1755 1387 ἐνεγκὸν
1775 1321 1836 1372 τὸ

260 1412 674 1484 δαιμόνιοντὴν
716 1411 809 1465 τοῦ
855 1410 1046 1481 ἀνδρὸς
1083 1411 1406 1482 παρουσίαν.
1436 1410 1603 1478 ἔξεισι
1646 1410 1835 1475 δεινῶς

260 1508 509 1575 dialogos
535 1546 551 1570 ,
582 1506 858 1573 νήφουσαν
886 1504 1052 1574 αὐτὴν
1082 1503 1458 1566 ἀπολελοιπός.
1498 1498 1632 1556 Εἶτα
1668 1504 1837 1573 πρόσ-

263 1597 367 1650 εισί
394 1613 477 1658 τις
512 1594 661 1663 αὐτῷ
690 1595 782 1646 καὶ
809 1593 945 1661 ἄλλη
976 1594 1238 1663 δαιμονίῳ
1269 1594 1541 1663 πνεύματι
1583 1593 1835 1663 κάτοχος,

264 1688 357 1741 καὶ
389 1687 449 1740 τὸ
480 1685 580 1756 μὲν
605 1684 766 1747 eiei);
794 1685 1116 1754 ὲπιτιμηθὲν
1147 1683 1531 1739 ἀπελαύνεται.

1935 601 2105 647 tatum
2163 595 2577 657 exterminant,
2632 593 2725 648 sed
2761 593 2919 663 pedis
2971 610 3190 664 quoque
3257 595 3500 651 dolorem

1933 685 2169 739 curavit.
2196 685 2390 739 Mulier
2417 684 2666 756 quadam
2686 695 2791 739 tam
2818 685 3371 755 gravitcrfurebat,ut
3391 702 3501 740 non

1933 792 2061 829 raro
2087 776 2142 830 in
2176 792 2344 846 aquas
2372 777 2759 831 deturbaretur
2790 794 2818 831 a
2839 777 3085 831 dammae
3117 777 3382 831 satiscum
3404 793 3502 848 pc-

1935 867 2462 933 riculo;videbatur
2481 868 2598 921 hare
2623 867 2729 922 sibi
2756 883 3036 936 nunquam
3091 882 3200 920 non
3254 879 3502 936 spectare

1934 958 2284 1029 Symeonem,
2346 960 2467 1029 ejus
2508 959 2720 1013 vultum
2770 974 2835 1012 ac
2884 959 3173 1012 stationem
3205 957 3502 1013 identidem
3602 1024 3609 1029 _

1935 1049 2040 1101 sibi
2070 1048 2396 1118 imaginaris,
2438 1049 2653 1102 tametsi
2703 1063 2981 1118 nunquam
3021 1048 3173 1102 illum
3222 1048 3502 1103 adivisset.

1933 1139 2164 1193 Ueusuit
2212 1138 2380 1207 igitur
2413 1138 2588 1192 oculis
2627 1138 2733 1193 sibi
2780 1134 3104 1192 intuendum
3148 1154 3292 1203 esse,
3346 1139 3507 1208 cujus

1935 1229 2264 1282 lineamenta
2289 1237 2452 1297 atque
2476 1244 2656 1283 mores
2677 1240 2784 1284 tam
2808 1230 2953 1284 clare
2975 1230 3368 1300 splendideque
3397 1230 3502 1284 sibi

1936 1334 2091 1373 mens
2119 1327 2542 1387 repraesentaret
2572 1336 2584 1372 :
2616 1328 2969 1388 posteaquam
2997 1335 3133 1374 vero
3164 1320 3503 1389 pervenisset

1935 1409 2001 1463 ad
2034 1416 2306 1471 sanctum,
2347 1408 2646 1478 fuissetque
2676 1409 2905 1469 intuita;
2950 1408 3181 1473 daemon,
3217 1408 3322 1462 viri
3365 1423 3504 1477 pne-

1935 1499 2165 1553 seutiam
2214 1515 2325 1553 non
2376 1498 2579 1562 ferens,
2627 1500 2761 1554 exiit
2798 1514 2922 1555 cum
2975 1488 3206 1553 hui-rido
3260 1500 3501 1569 ejulatu,

1936 1589 2165 1643 muliere
2213 1590 2421 1656 integra
2466 1589 2674 1643 relicta.
2730 1589 2935 1645 Deinde
2975 1599 3031 1643 et
3094 1589 3200 1643 alia
3253 1588 3501 1659 quaedam

1935 1678 2203 1732 daemonio
2233 1678 2477 1747 subjecta
2510 1678 2576 1731 ad
2612 1690 2857 1733 sanctum
2878 1678 3051 1742 venit,
3084 1688 3138 1732 et
3169 1679 3347 1747 ipsum
3371 1692 3503 1731 con-

1938 1770 2092 1822 tinuo
2118 1769 2447 1838 increpitum
2483 1770 2739 1823 excessit.

332 1863 444 1935 πη’.
492 1863 651 1932 Ἐξῆς
706 1862 761 1915 δὲ
809 1860 1140 1930 προσάγεται
1184 1877 1267 1923 τις
1311 1860 1416 1914 ύπὸ
1454 1858 1549 1912 τοῦ
1583 1858 1829 1921 τεκόντος

2004 1859 2092 1913 88.
2124 1860 2252 1914 Post
2274 1831 2395 1914 lucc
2420 1859 2713 1914 adducitur
2750 1876 2779 1913 a
2814 1870 2968 1929 patre
3009 1859 3228 1927 juvenis
3253 1857 3502 1928 quaedam

263 1954 569 2023 ὃαιμονῶσα
603 1955 802 2015 νεᾶνις,
841 1953 938 2005 καὶ
974 1952 1074 2022 τὴν
1125 1951 1373 2019 γλῶσσαν
1417 1950 1664 2003 οἴκτιστα
1716 1951 1834 2002 διαε-

269 2047 622 2117 μασσωμένη,
666 2046 764 2115 οὐχ
802 2040 964 2115 ἦττον
992 2045 1105 2106 τοῖς
1142 2042 1346 2112 ἑαυτῆς
1380 2043 1691 2114 πάθεσιν,ἢ
1723 2044 1835 2104 τοῖς

266 2139 358 2193 τοῦ
407 2138 613 2210 πατρὸς
672 2137 950 2209 ἄνθραξιν,
998 2130 1080 2199 οἷς
1126 2136 1214 2189 ἐπ’
1256 2135 1391 2206 αὐτῇ
1435 2134 1505 2187 τὰ
1553 2134 1835 2203 σπλάγχνα

268 2233 603 2304 ἐπίμπρατο,
647 2231 795 2284 ἔλεον
824 2231 993 2301 αὐτῆς
1038 2229 1116 2299 τῷ
1145 2227 1369 2297 Συμεὼν
1415 2227 1736 2298 ἐμποιοῦσα,
1773 2220 1834 2280 οὗ

198 2366 221 2386 ,
268 2324 364 2377 καὶ
404 2323 480 2391 τῷ
530 2322 745 2391 δαίμονι
791 2321 997 2388 ταύτης
1058 2318 1291 2384 ἐξελθεῖν
1341 2319 1831 2390 παραγγείλαντος,

270 2415 585 2483 ὑγιαίνουσα
610 2415 792 2485 φωνὴν
823 2415 949 2483 ἅμα.
972 2413 1064 2465 καὶ
1097 2411 1339 2479 γλῶτταν
1377 2411 1536 2472 εὐθὺς
1582 2413 1616 2481 η
1655 2412 1835 2473 νεᾶνις

268 2502 357 2572 ἦν,
388 2505 467 2574 τῷ
495 2522 551 2558 τε
586 2504 754 2575 πατρὶ
801 2501 1050 2575 δακρύων
1098 2501 1293 2571 ἡδονῆς
1338 2499 1536 2570 μᾶλλον
1578 2502 1698 2554 ἀντὶ
1734 2500 1835 2569 τῆς

270 2598 459 2667 πρώην
481 2595 693 2663 ὀδύνης,
728 2596 822 2648 καὶ
848 2593 1111 2663 μεγίστης
1142 2593 1220 2655 είς
1243 2592 1374 2645 Θεὸν
1397 2592 1835 2659 ὲξομολογήσεως

269 2686 512 2755 ἀφορμή.
547 2685 761 2755 Ὥσπερ
804 2683 861 2737 δὲ
888 2681 1079 2735 πολλαὶ⁷
1104 2680 1375 2749 γυναικῶν
1408 2681 1592 2749 εύχαῖς
1625 2680 1834 2733 ἐκείνου

270 2774 596 2841 πνευμάτων
617 2772 868 2841 πονηρῶν
893 2770 1310 2841 ἀπηλλάγησαν,
1335 2767 1478 2845 οὕτω
1507 2767 1701 2822 πολλαὶ
1735 2768 1839 2822 πά-

266 2865 351 2920 λιν
409 2866 617 2920 ὲκείνου
673 2864 1046 2926 διδασκαλίαις
1092 2862 1306 2931 πνεῦμα
1356 2861 1497 2915 θεῖον
1557 2860 1833 2923 ὼδίνασαι,

268 2944 362 3012 καὶ
412 2959 717 3027 μνηστῆρσι
757 2955 897 3009 κατό⁸
941 2953 1147 3007 Θέκλαν
1177 2952 1274 3023 τὴν
1306 2952 1608 3021 μαρτυρίου
1651 2939 1837 3022 τρίϐον

266 3048 495 3119 γυναιξὶ·
523 3046 792 3117 τεμοῦσαν
827 3044 1259 3115 ἁποταξάμεναι,
1315 3044 1411 3096 καὶ
1445 3042 1641 3112 γάμων
1667 3044 1838 3113 ὑπερ-

1935 1950 2291 2013 dzemoniaca,
2314 1965 2434 2019 qum
2456 1950 2697 2019 linguam
2722 1950 2827 2004 sibi
2853 1950 3163 2004 miserrime
3190 1946 3503 2002 mandendo

1936 2047 2335 2108 comminucns,
2371 2059 2484 2098 non
2510 2045 2694 2099 minus
2722 2060 2822 2099 suo
2850 2044 3025 2113 ipsius
3054 2045 3301 2098 cruciatu
3337 2059 3501 2112 quam

1936 2138 2110 2208 patris
2135 2137 2291 2207 cujus
2322 2153 2389 2191 ex
2435 2137 2818 2205 compassione
2850 2137 3060 2195 viscera
3106 2134 3500 2199 adurebantur,

1936 2228 2004 2281 ad
2051 2226 2422 2281 miserendum
2456 2226 2538 2279 sui
2586 2225 2909 2295 Symeonem
2946 2224 3359 2280 commovebat:
3393 2240 3504 2293 quo

1936 2318 2170 2373 dmmoni
2219 2332 2497 2389 egressum
2546 2318 2867 2386 imperante,
2920 2325 3106 2371 sanata
3139 2318 3318 2386 puella
3356 2317 3504 2370 vocis

1937 2411 2244 2480 linguaeque
2278 2424 2437 2463 usum
2461 2424 2584 2461 mox
2612 2408 2925 2476 expeditum
2954 2408 3175 2471 habuit;
3202 2419 3356 2476 pater
3376 2422 3505 2458 vero

1937 2500 2224 2569 lacrymas,
2257 2513 2366 2551 non
2392 2499 2500 2566 jam
2536 2497 2761 2558 doloris,
2801 2506 2860 2550 ut
2904 2504 3050 2560 ante,
3083 2496 3177 2550 sed
3209 2496 3506 2564 voluptatis

1939 2588 2171 2652 indices,
2199 2586 2463 2641 fundendi
2498 2596 2554 2640 et
2582 2586 2851 2656 magnalia
2881 2586 2979 2640 Dei
3014 2584 3309 2639 confitendi
3344 2600 3505 2637 occa-

1938 2679 2167 2733 sionem.
2214 2677 2682 2744 Quemadmodum
2739 2687 2921 2731 autem
2992 2676 3310 2745 frequentes
3361 2675 3508 2728 illius

1938 2770 2197 2841 precibus
2216 2769 2552 2839 nequissimo
2573 2769 2767 2839 spiritu
2795 2769 3041 2823 liberatre
3058 2776 3188 2823 sunt
3206 2767 3495 2821 mulieres:

1939 2861 2014 2915 ita
2043 2859 2284 2916 vicissim
2340 2858 2586 2929 ejusdem
2641 2858 2891 2914 doctrina
2940 2868 3103 2928 atque
3152 2858 3499 2913 institutione

1938 2953 2273 3023 frequentes,
2300 2952 2570 3006 sanctiore
2596 2951 2794 3021 spiritu
2826 2960 3112 3020 concepto,
3145 2950 3363 3020 sponsis
3391 2950 3545 3006 suis’

1939 3042 2197 3111 exemplo
2241 3041 2480 3103 Thecla,
2528 3039 2749 3094 feminis
2796 3040 3059 3094 imitanda
3113 3039 3363 3109 martyrii
3416 3038 3504 3093 via

268 3144 498 3207 ιδοῦσαι,
529 3142 831 3213 παρθένους
879 3138 1049 3209 ἁγνάς
1080 3155 1165 3193 σοι
1202 3140 1567 3210 τετηρήκασιν
1616 3138 1832 3200 ἑαυτὰς,

1943 3145 2274 3201 pregressae,
2292 3129 2545 3184 nuntium
2559 3129 2909 3193 remiserunt,
2931 3129 3148 3198 nuptias
3161 3137 3505 3199 spreverunt,

264 3235 499 3289 ἀθανατε
543 3231 744 3317 νυμφίε
779 3231 1003 3301 Χριστὲ,
1028 3230 1107 3300 σῷ
1122 3246 1182 3285 τε
1201 3231 1599 3296 νυμφευθεῖσαι
1626 3228 1862 3294 κάλλει,-

263 3326 361 3378 καὶ
381 3323 480 3393 σὴν
499 3314 858 3393 ἀγαπήσασαι
876 3320 1207 3391 ὡραιότητα.
1250 3318 1391 3373 Ἀλλ’
1412 3321 1545 3389 ἡμῖν
1566 3320 1658 3372 καὶ
1681 3314 1780 3372 αῦθ
1789 3335 1837 3382 ις

261 3415 473 3486 ὲχέσθω
500 3414 601 3484 τῆς
623 3411 944 3474 ἀκολουθίας
966 3412 995 3465 6
1012 3410 1189 3479 λόγος.

341 3582 453 3641 stt-2
482 3583 765 3657 Προσῆλθέ
798 3601 880 3647 τις
913 3582 990 3653 τῷ
1019 3582 1149 3652 θείῳ
1179 3582 1423 3651 Συμεὼν,
1458 3580 1602 3635 οὕτω
1650 3579 1836 3643 κακῶς

261 3681 374 3735 ύπδ
427 3677 680 3747 δαίμονος
713 3674 960 3743 πάσχων,
1004 3672 1081 3735 ὡς
1130 3672 1205 3742 μὴ
1245 3671 1481 3741 πλευρὰς
1522 3670 1837 3740 ἀμφοτέρας

265 3773 446 3840 μόνον,
481 3768 618 3821 ἀλλὰ
648 3768 742 3820 καὶ
774 3765 935 3835 σῶμα
959 3765 1076 3817 ὅλον
1107 3765 1196 3816 ὑπ’
1224 3762 1388 3815 αὑτοῦ
1429 3760 1833 3829 συντετρίφθαι.

263 3855 370 3915 υἷα
407 3858 535 3927 γοῦν
561 3859 628 3911 τὰ
656 3856 754 3925 τῆς
778 3856 1090 3925 ἀπορρήτου
1114 3853 1258 3906 θεοῦ
1293 3854 1498 3920 σοφίας,
1532 3852 1606 3904 ὅτ’
1636 3852 1701 3904 ἄν
1733 3868 1838 3903 τινι

264 3949 584 4023 παραδόξως
617 3942 1003 4017 ἐπινεύσητὴν
1043 3944 1354 4015 σωτηρίανι
1396 3942 1597 3996 Ἐδόκει
1631 3942 1709 4012 τῷ
1734 3942 1839 3994 πά-

266 4061 450 4115 σχοντι
483 4042 574 4095 τὸν
603 4042 792 4109 Ἀγιον
821 4040 922 4092 ὅσα
950 4038 1040 4091 καὶ
1077 4037 1259 4107 ἰατρὸν
1288 4037 1439 4106 ὁρᾷν,
1471 4035 1554 4101 ἐφ’
1576 4035 1840 4104 ἑκατέρας

262 4133 431 4191 αὐτοῦ
465 4131 706 4202 πλευράς
738 4147 795 4183 τε
830 4131 927 4183 καὶ
959 4130 1146 4198 χεῖρας
1178 4126 1338 4180 οἱονεί
1369 4143 1477 4179 τινι
1524 4124 1840 4195 φλεϐοτόμῳ

263 4232 549 4299 χρώμενον
570 4240 584 4253 ο
619 4224 711 4278 καί
741 4239 887 4285 τινος
918 4221 1052 4290 ὓλης
1080 4219 1288 4273 ἐκεῖθεν
1332 4218 1609 4290 μοχθηρᾶς
1648 4234 1839 4273 κενου-

268 4320 459 4388 μένης,
488 4315 885 4370 συνεκεκένωτο
935 4313 1030 4367 καὶ
1073 4315 1102 4366 6
1136 4313 1346 4382 δαίμων
1389 4312 1712 4381 ἐπιτιμήσει
1744 4309 1837 4363 τοῦ

268 4409 512 4480 Συμεών.
549 4407 792 4478 Ἀπαθής
821 4423 881 4459 τε
900 4404 1096 4465 ,κακῶν
1122 4406 1151 4457 6
1181 4404 1404 4474 πάσχων
1427 4404 1691 4473 εἱστήκει,
1725 4403 1838 4471 χεί-

1938 3222 2178 3291 virgines
2197 3228 2318 3276 sese
2341 3229 2519 3276 castas
2551 3220 2668 3283 tibi,
2694 3219 2910 3275 Christe
2940 3220 3266 3274 immortalis
3287 3233 3507 3289 sponse,

1936 3319 2420 3376 conservaverunt;
2446 3321 2551 3366 tua:
2563 3310 2963 3381 pulchritudini
2981 3311 3505 3379 desponsatae,tuam

1936 3400 2258 3471 dignitatem
2286 3399 2567 3455 amoribus
2603 3407 2924 3469 prosecutae.
2963 3398 3071 3454 Sed
3101 3413 3169 3455 eo
3204 3407 3511 3454 revertatur

1937 3493 2133 3554 oratio,
2162 3492 2307 3546 unde
2333 3492 2579 3563 digressa
2606 3501 2707 3546 est.

2009 3605 2096 3661 89.
2130 3606 2296 3661 Venit
2352 3606 2573 3675 quidam
2624 3604 2691 3658 ad
2729 3613 2980 3660 sanctum
3037 3603 3359 3675 Symconem
3400 3616 3507 3660 tam

1939 3701 2138 3753 misere
2170 3714 2199 3753 a
2223 3698 2495 3752 dannonio
2525 3695 2769 3762 habitus,
2804 3707 2864 3753 ut
2912 3707 3145 3767 utroque
3187 3712 3294 3750 non
3318 3730 3323 3735 -
3346 3696 3509 3751 modo

1939 3787 2131 3849 latere,
2172 3786 2266 3839 sed
2328 3795 2441 3841 toto
2494 3795 2762 3856 quantum
2815 3798 2899 3841 est
2960 3800 3192 3856 corpore
3248 3797 3511 3841 contusus

1941 3877 2323 3943 contritusque
2374 3883 2543 3929 esset.
2608 3875 2734 3939 Sed,
2796 3891 2829 3929 o
2898 3890 3060 3944 quam
3124 3875 3511 3929 inenarrabilis

1940 3966 2033 4018 Dei
2084 3966 2372 4035 sapientia,
2434 3966 2650 4020 cuidam
2730 3982 2831 4020 nec
2916 3966 3161 4035 opinanti
3225 3966 3512 4023 restituere

1939 4057 2167 4110 salutem
2209 4056 2444 4113 volentis
2487 4058 2500 4109 ί
2532 4056 2718 4110 videre
2746 4057 2851 4110 sibi
2883 4056 3049 4110 miser
3077 4058 3229 4111 visus
3277 4066 3361 4139 est
3387 4072 3514 4112 san-

1940 4157 2086 4203 ctum
2139 4164 2236 4218 per
2278 4147 2462 4202 omnia
2506 4146 2719 4201 medico
2772 4145 3044 4210 similem,
3101 4147 3319 4216 utrique
3352 4147 3511 4202 lateri

1941 4242 2236 4315 maiiuique
2312 4241 2462 4297 velut
2515 4241 2812 4309 scapellum
2866 4239 3125 4294 secandus.
3180 4254 3333 4295 venae
3388 4255 3513 4309 gra-

1942 4334 2017 4387 tia
2066 4333 2499 4397 admoventem;
2546 4346 2783 4400 cumque
2841 4330 3155 4385 extraheret
3218 4329 3509 4397 quamdam

1943 4425 2068 4479 inde
2099 4422 2344 4479 vitiatam
2376 4423 2681 4484 materiam,
2708 4421 2917 4490 expulit
2949 4419 3185 4479 simulet
3211 4418 3510 4473 dtemouem

267 4504 416 4558 λεσιν
448 4502 819 4571 ἀγαλλιάσεως
846 4501 987 4572 ᾄδων
1023 4498 1122 4570 τὴν
1143 4500 1337 4553 ἑαυτοῦ
1368 4499 1661 4570 σωτηρίαν.
1706 4495 1836 4552 Εἶτα

1943 4512 2314 4581 increpatione
2372 4525 2503 4574 sua;
2557 4509 2819 4577 stetitque
2879 4507 3248 4561 daemoniacus
3305 4504 3514 4559 doloris

270 4594 600 4666 προσάγεταί
624 4612 704 4658 τις
736 4593 884 4663 αύτῷ
914 4594 1242 4664 παράλυτος,
1273 4593 1393 4656 ὅλος
1421 4590 1699 4663 διῳδηκὼς
1719 4593 1836 4661 τρί-

252 4704 356 4743 ,τον
386 4687 486 4757 ήδη
508 4687 719 4756 χρόνον,
755 4686 889 4756 μηδὲ
909 4685 1006 4754 τῆς
1026 4684 1212 4753 κλίνης
1237 4685 1546 4748 διαναστὰς,
1578 4683 1713 4736 ἀλλὰ
1749 4683 1839 4735 καὶ

156 4844 173 4851 _
271 4780 473 4845 ταύτης
518 4777 901 4846 ἁκινητότερος
937 4777 1135 4845 μένων,
1178 4776 1270 4828 καὶ
1325 4773 1721 4845 παραπλησίως
1763 4773 1840 4842 τῷ

271 4870 521 4939 προτέρῳ
568 4872 661 4921 καὶ
704 4863 857 4931 οὗτος
900 4867 1160 4922 ἀπολαύει
1186 4867 1285 4938 τῆς
1319 4866 1633 4937 θεραπείας.
1684 4864 1840 4934 Ἑξῆς

269 4960 324 5013 δὲ
346 4959 656 5030 προσελθὼν
685 4960 835 5031 αὐτῷ
858 4960 958 5031 τὴν
977 4964 1134 5030 χεῖρα
1160 4961 1353 5030 πηρός,
1375 4962 1403 5013 6
1427 4961 1524 5029 μὲν
1546 4958 1839 5035 θεραιπείας

270 5054 467 5108 αὐτίκα
511 5053 609 5107 καὶ
653 5046 808 5115 οὗτος
836 5053 1114 5121 τυγχάνει.
1148 5050 1269 5106 Τῶν
1313 5053 1370 5106 δὲ
1411 5053 1715 5122 παρόντων,
1750 5046 1838 5104 οἷα

272 5146 436 5210 εἰκὸς,
474 5145 611 5214 πρὸς
643 5144 713 5198 τὰ
745 5141 1025 5213 παράδοξα
1045 5140 1200 5191 ταυτὶ
1213 5139 1837 5209 καταπεπληγμένων,οί

276 5235 372 5301 μὲν
409 5235 560 5290 Θείαν
590 5238 649 5289 ἐν
678 5233 827 5303 αῦτῷ
856 5233 1086 5302 δύναμιν
1116 5230 1320 5285 ἄνωθεν
1355 5232 1510 5301 (ὅπερ
1539 5227 1625 5301 ἦν)
1657 5230 1841 5297 ἔλεγον

273 5320 431 5390 εῖναι,
469 5330 582 5389 τοῖς
630 5326 687 5378 δὲ
737 5326 833 5378 καὶ
870 5322 1316 5385 σκανδαλίζεσθαι
1348 5323 1442 5374 καὶ
1468 5324 1571 5389 τῆς
1608 5323 1667 5373 ὲν
1692 5321 1841 5390 αὐτῷ

274 5417 490 5485 χάριτος
526 5416 727 5487 μᾶλλον
771 5414 1094 5467 καταλαλείν
1132 5413 1311 5482 ἐπῄει.
1345 5412 1524 5480 Ὅπερ
1570 5411 1662 5462 τὸν
1699 5411 1841 5463 θεῖον

274 5508 493 5577 Συμεὼν
532 5509 841 5576 ἐπιγνόντα·
874 5504 1016 5572 Ἐγὼ
1055 5500 1149 5572 μὲι
1184 5502 1467 5567 ἄνθρωπός
1495 5504 1630 5572 εἶμι,
1652 5506 1836 5572 φάναι,

275 5599 614 5669 ἁμαρτωλὸς,
646 5598 828 5661 δοῦλος
851 5598 945 5651 τοῦ
974 5596 1105 5648 Υίοῦ
1132 5593 1225 5646 τοῦ
1247 5593 1403 5657 Θεοῦ,
1430 5593 1524 5645 τοῦ
1556 5596 1648 5647 καὶ
1676 5612 1839 5648 σταυ-

277 5691 354 5761 ρῷ
383 5691 449 5745 δι’
476 5694 623 5762 ἡμᾶς
648 5690 907 5760 ὁμιλῆσαι
938 5686 1333 5757 φιλανθρώπως
1361 5685 1749 5756 ἀνασχομένου,
1778 5681 1838 5741 οὗ

276 5779 353 5859 τῷ
376 5798 433 5835 τε
461 5782 682 5852 ὀνόματι
712 5782 805 5834 καὶ
834 5782 896 5849 τῇ
927 5780 1150 5848 δυνάμει
1173 5776 1344 5831 ταῦτα
1376 5777 1539 5830 ποιῶ·
1566 5776 1680 5831 ἀλλ’
1700 5772 1838 5849 ἅπερ

1939 4617 2153 4672 expers,
2185 4609 2561 4669 recuperatam
2590 4599 2876 4652 sanitatem
2905 4612 3027 4650 cum
3055 4596 3418 4650 exsultatione
3450 4609 3513 4647 ac

1939 4702 2103 4748 cantu
2153 4691 2460 4746 celebrans.
2524 4689 2763 4744 Rursum
2814 4686 3106 4741 adducitur
3159 4685 3509 4756 paralyticos,

1940 4784 2032 4854 qui
2062 4793 2208 4838 totus
2228 4774 2588 4842 intumuerat,
2611 4789 2666 4833 et
2693 4779 2927 4848 tresjam
2948 4793 3120 4833 annos
3137 4778 3280 4831 lecto
3300 4774 3510 4838 afﬁxus,

1939 4878 2071 4932 inde
2103 4890 2211 4930 non
2245 4882 2596 4929 surrexerat:
2630 4879 3073 4940 consecutusque
3104 4870 3391 4924 sanitatem
3430 4877 3514 4924 est

1940 4967 2127 5031 simili,
2152 4982 2214 5020 ac
2234 4965 2384 5035 prior
2410 4963 2592 5018 modo.
2624 4961 2831 5017 Deinde
2860 4967 2914 5015 et
2935 4960 3076 5013 alius
3094 4974 3257 5012 manu
3285 4958 3513 5023 mutilus

1940 5058 2207 5113 accedens
2254 5056 2509 5111 similiter
2554 5063 2776 5109 sanatus
2824 5061 2927 5107 cst.
2982 5050 3514 5120 Obstupescentibus

1939 5161 2144 5215 autem,
2174 5159 2235 5205 ut
2264 5165 2498 5219 pronum
2524 5157 2606 5202 est
2637 5145 2776 5208 fieri,
2808 5152 3078 5214 quotquot
3109 5142 3336 5197 aderant
3365 5148 3512 5196 tanta

1940 5241 2202 5295 miracula
2227 5248 2536 5309 spectantes
2556 5256 2568 5290 :
2588 5236 2683 5290 alii
2713 5236 2990 5300 dicebant,
3021 5248 3316 5304 supernam
3344 5232 3398 5285 in
3420 5231 3511 5285 illo

1940 5334 2199 5388 virtutem
2238 5336 2319 5397 (ut
2363 5330 2505 5401 erat)
2549 5330 2821 5387 residere;
2857 5328 2952 5382 alii
3004 5327 3133 5381 hinc
3176 5323 3512 5380 scandaliza-

1943 5421 2164 5481 bantur,
2200 5428 2255 5473 et
2284 5419 2482 5472 divina:
2515 5433 2635 5486 quae
2671 5417 2772 5486 ipsi
2808 5416 3101 5471 assistebat
3124 5415 3313 5483 gratia:
3338 5411 3509 5468 maie-

1942 5508 2072 5561 bant
2113 5508 2426 5561 detrahere.
2461 5506 2682 5560 Diversa
2728 5513 2909 5558 autem
2946 5514 3305 5573 utrorumque
3350 5518 3506 5557 sensa

1940 5586 2274 5668 cognoscens
2317 5597 2584 5669 Symeon,
2620 5596 2752 5665 Ego,
2800 5595 2999 5664 inquit,
3044 5596 3209 5649 homo
3256 5590 3511 5663 peccator

1939 5704 2080 5751 sum,
2104 5704 2294 5743 servus
2318 5690 2438 5743 Filii
2465 5688 2582 5752 Dei,
2608 5686 2963 5755 ignominiam
2993 5700 3054 5739 ac
3078 5693 3306 5739 mortem
3330 5684 3509 5737 cruris

1942 5786 2165 5847 propter
2216 5795 2316 5832 nos
2372 5777 2603 5846 benigne
2636 5774 2799 5842 passi.
2846 5773 2997 5829 Illius
3028 5791 3126 5842 ego
3172 5771 3390 5825 nomine
3443 5787 3503 5827 ac
