3980 6296
448 377 582 443 Sim
599 374 610 417 ἒ

455 491 661 545 virtute
689 487 806 541 ιιωο
834 490 1014 554 patro.
1038 482 1143 537 Sed
1168 496 1290 551 qnze
1314 495 1414 534 vos
1442 479 1498 532 in
1516 477 1680 531 corde
1699 478 1765 530 de
1793 493 1877 530 me
1902 491 2028 543 per-
2057 477 2105 533 Α
2136 474 2263 541 ὑμῖν
2327 473 2405 532 εἰς

454 597 642 652 peram
688 575 992 648 cogitastis,
1037 574 1310 644 propitius
1357 569 1513 623 vobis
1557 568 1800 637 ignoscat
1853 566 2026 627 Deus;

457 674 726 727 adversus
775 669 955 738 ipsum
992 666 1139 720 enim
1171 661 1464 732 aperuistis
1511 675 1573 714 os
1607 667 1868 718 vestrum,
1923 670 2030 707 non

457 765 749 818 adversum
785 776 905 825 me;
947 758 1229 811 Altissimo
1261 753 1518 823 injuriam
1558 750 1906 818 irrogasttsin
1931 746 2035 798 ini-

457 855 670 923 quitate
717 863 899 906 vestra
948 846 1373 918 cogitationibus
1421 851 1478 898 et
1506 841 1711 923 verbis.
1759 839 1838 892 Ex
1886 836 2035 890 hisce

459 913 593 999 vero
617 942 792 998 sancti
814 940 978 994 dictis
1002 913 1215 991 tantum
1238 931 1596 989 emolumenti
1620 913 1884 998 ceperunt
1906 926 2037 980 tide~

461 1037 562 1098 les,
592 1041 800 1104 quanto
849 1028 1099 1084 inﬁdeles
1146 1026 1354 1096 pudore
1380 1023 1573 1077 sutl'usi
1607 1029 1755 1074 sunt.

531 1124 625 1178 90.
655 1123 832 1191 Pagus
865 1127 1004 1180 erat,
1053 1116 1258 1170 Severa
1304 1114 1506 1175 dictus,
1537 1111 1629 1165 ubi
1666 1111 1723 1163 in
1773 1106 2037 1178 praecipiti

465 1221 851 1284 preruptoque
882 1209 1035 1277 juxta
1058 1206 1204 1259 viam
1234 1204 1354 1258 loco
1381 1202 1544 1270 pinus
1565 1204 1881 1253 excreverat
1911 1211 2040 1250 :ac-

466 1303 607 1357 cidit
638 1295 938 1367 aliquando
961 1303 1022 1348 ut
1042 1294 1166 1364 pagi
1197 1290 1389 1346 incola:
1415 1287 1663 1342 nonnulli
1699 1286 1800 1340 sub
1827 1284 2041 1338 arboris

468 1391 662 1445 umbra
695 1386 1068 1446 considerent,
1107 1391 1271 1451 atque
1307 1393 1451 1433 unus
1477 1395 1508 1431 e
1538 1391 1791 1437 numero,
1821 1374 2040 1427 nomine

466 1481 723 1544 Jacobus,
745 1479 892 1532 illam
914 1475 1172 1545 cupidine
1196 1472 1473 1526 fructuum
1491 1468 1891 1538 carpendorum
1915 1480 2046 1519 con-

469 1571 780 1625 scenderet.
812 1565 970 1632 Quod
996 1565 1126 1618 dum
1153 1563 1284 1632 agit,
1310 1560 1580 1630 conspicit
1606 1558 1745 1611 duos
1768 1556 2046 1610 daamones

470 1661 538 1716 ad
572 1676 630 1714 se
665 1664 1043 1730 properantes,
1073 1661 1464 1721 arreptumque
1509 1648 1745 1719 pedibus
1784 1647 1839 1700 in
1859 1645 2045 1714 subje-

469 1762 620 1805 ctum
653 1748 1012 1819 przecipitium
1037 1747 1327 1815 jactantes,
1359 1743 1516 1810 cujus
1542 1739 1701 1794 simul
1728 1747 1784 1792 ct
1831 1735 2044 1790 arboris

1664 369 1726 427 S.
1763 363 2139 425 SYMEONIS
2177 357 2536 423 JUNIOHIS

379 1858 383 1861 '
470 1809 704 1893 altitudo
725 1809 1070 1905 septuaginta
1093 1832 1204 1885 fere
1235 1809 1437 1899 pedum
1455 1837 1601 1882 erat.
1625 1828 1763 1880 Dum
1791 1825 1958 1894 igitur
1985 1825 2039 1877 in

2160 1835 2290 1888 κατὰ
2317 1835 2408 1888 τοῦ
2443 1833 2689 1904 κρημνοῦ
2724 1835 3005 1904 ῥίψαντας,
3038 1834 3112 1885 To
3142 1833 3240 1902 μὲν
3268 1829 3486 1885 οὖντοῦ
3521 1832 3765 1902 δένδρου

470 1938 777 1982 extremum
796 1923 991 1993 capitis
1013 1921 1308 1974 discrimen
1331 1935 1386 1972 se
1406 1917 1534 1971 ferri
1558 1916 1746 1978 sentit,
1763 1930 1865 1968 nec
1880 1913 2044 1967 saluti

473 2111 610 2164 sima
622 2124 754 2161 voce
771 2113 1076 2176 promptam
1100 2118 1320 2171 semper
1350 2116 1532 2170 opem,
1567 2098 2045 2168 inexpugnabilem

473 2203 730 2256 virtutem
755 2241 767 2262 ,
802 2213 910 2252 non
947 2196 1297 2250 imminutam
1328 2193 1595 2262 gratiam,
1637 2190 1905 2244 famulum
1948 2187 2044 2242 Dei

473 2295 798 2364 Symeonem
830 2291 1105 2343 inclamat.
1161 2287 1300 2339 Ecce
1337 2292 1520 2338 autem
1570 2283 1899 2336 inclamatus
1955 2280 2046 2333 ille

473 2385 733 2455 supponit
756 2381 960 2435 labenti
993 2395 1210 2442 manus,
1251 2380 1427 2446 iisque
1457 2376 1672 2446 supinis
1701 2376 1854 2428 illum
1899 2375 2047 2428 exci—

391 2512 394 2515 -
474 2475 658 2544 pit,et
681 2483 926 2528 erectum
952 2469 1106 2524 humi
1139 2469 1385 2538 deponit.
1415 2468 1623 2522 Deinde
1659 2482 1876 2520 rursum
1899 2465 2049 2519 videt

476 2575 677 2618 terram
723 2563 798 2616 ita
849 2561 1035 2615 diduci
1071 2569 1130 2614 ut
1163 2561 1279 2629 ipsa
1312 2558 2048 2630 detegerenturfundamen-

479 2664 561 2720 ta;
597 2655 745 2708 videt
771 2661 828 2707 et
851 2660 1101 2708 sanctum
1127 2652 1302 2721 cippis
1344 2651 1624 2706 dzemones
1676 2650 2049 2704 includentcm

475 2753 532 2799 et
563 2745 617 2799 in
643 2745 900 2816 abyssum
925 2744 1270 2811 ablegantem
1297 2761 1311 2808 ;
1369 2758 1433 2796 ac
1490 2744 1677 2798 denuo
1735 2755 1960 2806 terram,
1990 2750 2052 2796 ut

479 2835 637 2890 initio
658 2835 858 2900 fuerat,
901 2843 1212 2888 coeuntem.
1240 2834 1360 2899 Quo
1392 2844 1658 2902 tempore,
1689 2835 1856 2888 tantis
1886 2835 2052 2888 mira-

480 2927 620 2980 culis
643 2936 806 2996 atque
837 2927 1072 2980 ostentis
1100 2935 1416 2996 praaventus
1437 2926 1542 2979 fuit
1562 2927 1803 2980 Jacobus
1822 2967 1836 2989 ,
1854 2927 2052 2981 eodem

483 3016 736 3086 Symeon,
769 3032 891 3086 quae
933 3017 1079 3071 circa
1116 3017 1294 3085 ipsum
1325 3015 1510 3069 divina
1554 3019 1758 3072 virtute
1797 3017 2054 3086 contige-

2146 2747 2411 2818 λυφθῆναι
2467 2744 2566 2800 καὶ

2146 1929 2238 1981 καὶ
2275 1927 2367 1981 τοῦ
2400 1925 2645 1998 κρημνοῦ
2677 1925 2809 1993 ὕψος
2862 1925 2990 1994 περὶ
3025 1927 3151 1986 τοὺς
3197 1923 3604 1991 ἐϐδομήκοντα
3671 1924 3772 1975 πό·

473 2016 949 2087 desperataaaliter
969 2012 1218 2066 succurri
1244 2018 1448 2078 posset,
1468 2023 1630 2077 quam
1654 2014 1834 2075 potest
1857 2006 2048 2059 claris-

2160 2019 2239 2081 Ξας
2266 2015 2354 2088 ἦν·
2384 2019 2412 2069 ὁ
2449 2018 2502 2069 δὲ
2542 2019 2621 2080 είς
2653 2017 2876 2085 ἔσχατον
2933 2014 3179 2067 κινδύνου
3222 2016 3546 2084 φερόμενον
3614 2015 3770 2082 ὁρῶν

2145 2112 2358 2174 ἑαυτὸν,
2403 2111 2498 2163 καὶ
2566 2110 2687 2179 μηδ’
2719 2107 2895 2160 ὁτιοῦν
2945 2109 3003 2159 ἐν
3044 2106 3215 2169 οὕτως
3249 2107 3539 2176 ἀμηχάνῳ
3596 2105 3768 2175 κακῷ

2145 2203 2341 2272 δρᾶσαι
2370 2201 2687 2270 δυνάμενος,
2719 2200 2871 2268 φωνῇ
2905 2198 2978 2260 ὡς
3027 2194 3143 2267 εἶχε
3179 2198 3416 2266 μεγάλῃ,
3447 2199 3567 2266 τὴν
3609 2199 3767 2249 ἑτοί-

2151 2311 2256 2364 μην
2315 2293 2584 2363 βοήθειαν,
2621 2291 2718 2359 τὴν
2775 2291 2986 2359 ἄμαχον
3028 2289 3278 2358 δύναμιν,
3315 2289 3416 2356 τὴν
3444 2289 3515 2341 οὐ
3549 2289 3768 2360 βραδύ-

2148 2405 2342 2442 νουσαν
2370 2387 2548 2457 χάριν,
2582 2385 2672 2438 τὸν
2697 2384 2791 2437 τοῦ
2816 2383 2951 2436 Θεοῦ
2997 2382 3302 2452 θεράποντα
3330 2381 3580 2450 Συμεὼν
3623 2385 3766 2435 ἐπε-

2150 2481 2384 2532 καλεῖτο.
2419 2479 2526 2530 Καὶ
2555 2477 2684 2539 ἰδοῦ,
2713 2478 2900 2546 χεῖρας
2929 2474 3150 2544 ὑπέχων
3177 2477 3404 2536 ἐκεῖνος,
3447 2476 3559 2526 καὶ
3622 2475 3762 2526 ταύ-

2149 2589 2269 2634 ταις
2316 2571 2477 2623 αὑτὸν
2520 2569 2740 2630 ὑπτίαις
2795 2567 3107 2636 δεξάμενος,
3133 2567 3228 2619 καί
3266 2565 3449 2636 ὄρθιον
3507 2569 3757 2635 στήσας.

2154 2658 2285 2714 Εἶτα
2307 2659 2466 2712 πάλιν
2495 2658 2594 2729 ὁρᾷ
2623 2657 2720 2728 τὴν
2741 2656 2844 2724 γῆν
2871 2654 3012 2707 οὕτω
3046 2653 3395 2722 διασχοῦσαν,
3424 2653 3504 2716 ὡς
3538 2659 3760 2708 ἀνακαο

2681 2746 2748 2798 τὰ
2801 2744 3028 2813 θεμέλια
3081 2743 3305 2812 ταύτης,
3341 2743 3509 2795 κλοιά
3565 2761 3627 2796 τε
3661 2745 3760 2796 τὸν

2155 2841 2347 2908 ’Δγιον
2373 2842 2481 2901 τοῖς
2505 2838 2722 2907 δαίμοσι
2755 2836 3069 2904 περιθέντα,
3098 2836 3239 2888 κατὰ
3267 2835 3366 2904 τῆς
3403 2836 3662 2889 ἀϐύσσου
3692 2855 3754 2890 τε

2156 2934 2353 2994 αὐτοὺς
2391 2928 2612 2995 ἀφέντα,
2644 2929 2739 2982 καὶ
2787 2928 2884 2998 τὴν
2934 2931 3038 2998 γῆν
3086 2927 3242 2990 αὖθις
3273 2926 3351 2990 ὠς
3375 2929 3440 2980 τὸ
3477 2929 3753 2998 άπαρχῆς

2158 3021 2535 3078 συνελθοῦσαν.
2581 3021 2638 3073 Ὀ
2669 3021 2768 3090 μὲν
2807 3019 2903 3072 οῦν
2944 3019 3199 3081 Ἰάκωϐος
3239 3019 3500 3071 τοιούτων
3545 3021 3754 3087 ἠξίωτο

483 3115 627 3170 rant,
661 3105 928 3160 fratribus
961 3107 1074 3160 suis
1138 3107 1350 3160 retulit.
1393 3106 1646 3160 Nondum
1699 3118 1880 3162 autem
1929 3124 2050 3163 ser-

2160 3115 2448 3185 θαυμάτων
2483 3114 2597 3182 ἅμα
2643 3113 2735 3164 καὶ
2761 3111 3046 3182 θεαμάτων
3070 3126 3084 3142 ο
3121 3113 3179 3163 ὲν
3207 3109 3453 3179 τοσούτῳ
3483 3110 3546 3161 δὲ
3594 3113 3692 3164 καὶ
3725 3113 3753 3163 ὁ

485 3197 634 3249 moni
670 3196 833 3250 ﬁnem
865 3197 1221 3265 imposuerat,
1247 3212 1370 3250 cum
1400 3197 1566 3250 vicini
1593 3197 1817 3266 quidam
1839 3199 2052 3262 Jacobi,

485 3289 686 3357 gaudio
709 3297 878 3358 atque
905 3289 1270 3344 admiratione
1294 3289 1445 3357 pleni
1484 3299 1805 3354 accurrunt,
1844 3292 2056 3359 accepti

487 3378 738 3433 beneﬁcii
767 3379 998 3449 gratiam
1037 3380 1388 3445 conﬁtentes,
1449 3389 1506 3434 et
1543 3397 1664 3450 quae
1719 3381 1859 3436 facta
1901 3393 2060 3436 erant

487 3469 662 3538 palam
693 3470 1107 3523 annuntiantes.

555 3738 645 3793 9i.
676 3736 953 3807 Leprosus
976 3735 1200 3807 quidam
1241 3737 1477 3790 accessit
1504 3745 1715 3800 sancto,
1747 3747 1822 3802 et,
1845 3713 1914 3791 ne
1936 3737 2084 3806 quis

489 3829 741 3884 amentia)
773 3844 874 3882 nos
903 3835 1115 3898 arguat,
1141 3825 1359 3890 iisdem,
1408 3826 1610 3896 quibus
1640 3827 1770 3880 olim
1809 3827 2064 3896 leprosus

491 3923 582 3976 ille
612 3920 679 3975 ad
702 3919 1006 3982 Christum,
1037 3918 1104 3972 ad
1129 3918 1278 3972 hunc
1317 3918 1502 3971 verbis
1528 3934 1661 3973 usus
1687 3928 1772 3972 est
1829 3919 2022 3973 dicens
2046 3935 2060 3972 :

491 4012 548 4066 Si
581 4011 683 4079 vis,
715 4019 872 4080 potes
896 4025 979 4066 me
1005 4009 1274 4064 mundare
1313 4009 1373 4061 ιθ.
1409 4008 1479 4062 Ει
1521 4019 1746 4063 sanctus
1785 4010 1903 4079 pari
1937 4025 2061 4064 cum

490 4103 708 4158 fervore
735 4117 798 4156 ac
820 4101 948 4166 ﬁde,
971 4115 1138 4170 quam
1178 4099 1234 4153 in
1266 4098 1360 4152 illo
1386 4099 1664 4167 prmeipue
1719 4109 2060 4168 respexerat,

490 4195 664 4250 fretus
685 4193 936 4256 Domino,
964 4192 1060 4262 qui
1093 4190 1276 4246 omnia
1307 4189 1555 4245 credenti
1589 4190 1877 4262 possibilia
1935 4206 2060 4245 esse

490 4285 843 4340 enuntiavit:
885 4261 1042 4348 Volo,
1073 4283 1274 4352 inquit,
1309 4290 1360 4335 te
1402 4280 1658 4336 mundari
1689 4303 1703 4336 :
1751 4261 1942 4337 verum
1979 4283 2064 4338 fac

491 4378 714 4432 domum
740 4376 926 4436 abeas,
961 4383 1018 4428 et
1047 4373 1317 4446 benignus
1345 4372 1510 4435 Deus,
1539 4373 1635 4440 qui
1671 4382 1860 4428 nostra
1898 4389 2062 4430 causa

491 4485 522 4524 e
546 4482 711 4522 cruce
740 4464 1001 4532 suSpendi
1035 4463 1290 4534 dignatus
1315 4471 1420 4528 est,
1450 4461 1566 4530 ipse
1593 4477 1690 4532 per
1737 4462 2061 4518 immensam

491 4561 796 4615 bonitatem
824 4565 970 4610 tuam
1013 4563 1064 4609 te
1100 4554 1322 4609 inviset.
1359 4554 1530 4609 Dictis
1579 4553 1744 4610 ﬁdem
1795 4555 2066 4611 adhibens

489 4654 766 4730 leprosus,
793 4651 1016 4704 domum
1050 4648 1214 4712 redit,
1238 4658 1401 4718 atque
1427 4648 1516 4702 illa
1544 4659 1709 4704 nocte
1757 4649 1902 4718 (quae
1964 4649 2070 4702 lin-

490 4764 594 4820 gua
619 4738 1056 4800 misericordiam
1090 4747 1241 4794 tuam
1275 4738 1588 4803 annuntiet,
1621 4738 1852 4793 Domine
1899 4740 2066 4804 Deus,

491 4857 587 4894 rex
624 4835 876 4902 noster?)
923 4830 1196 4902 conspicit
1232 4831 1489 4901 juvenem
1543 4829 1839 4899 quemdam
1884 4830 2068 4900 specie

489 4929 742 5000 fulgenti,
780 4926 1090 4980 dicentem:
1133 4923 1204 4979 Ut
1245 4921 1554 4985 credidisti,
1603 4921 1698 4975 ﬁat
1754 4921 1877 4974 tibi.
1933 4922 2064 4986 ρυω

491 5020 660 5077 verba
693 5033 942 5074 somnum
963 5023 1326 5071 excusserunt
1358 5013 1591 5078 homini,
1615 5021 1672 5066 et
1723 5028 1847 5066 cum
1874 5028 2068 5067 somno

493 5113 739 5182 lcpram;
781 5119 840 5166 et
872 5120 1019 5165 totus
1075 5107 1376 5162 mundatus
1416 5106 1543 5169 fuit,
1587 5120 1767 5174 praeco
1809 5104 2070 5174 potentia

493 5200 693 5255 divinae
737 5217 796 5254 re
839 5201 1025 5270 potius
1102 5213 1266 5267 quam
1330 5195 1517 5249 verbis
1569 5194 1765 5249 factus.
1817 5194 2069 5265 Cumque

496 5290 645 5358 quod
678 5290 1014 5345 retribueret
1044 5303 1153 5343 non
1180 5287 1430 5350 haberet,
1483 5283 1881 5357 gratitudinem
1903 5285 2073 5338 animi

494 5381 779 5446 exhibuit;
827 5389 1165 5450 acceptoque
1209 5391 1437 5432 nummo
1475 5390 1668 5439 aureo,
1716 5373 1956 5428 recurrit
2005 5360 2072 5427 ad

501 5482 780 5540 sanctum;
807 5488 940 5538 non,
977 5480 1036 5526 ut
1075 5472 1251 5541 prius,
1310 5468 1463 5523 sanie
1510 5466 1768 5521 diﬁluens
1809 5481 1874 5520 ac
1923 5466 2074 5536 lepra

503 5563 938 5627 contabescens,
1009 5562 1105 5617 sed
1154 5558 1503 5616 reviviscenti
1589 5556 2075 5628 reﬁorescentique

573 5741 614 5771 "
659 5739 846 5793 Matth.
883 5757 993 5803 vni,
1040 5742 1093 5792 ‘2.

2161 3207 2382 3275 Συμεὼν
2415 3204 2482 3256 τὶι
2529 3205 2608 3265 είς
2645 3205 2850 3254 ἐκεῖνον
2879 3201 3000 3271 θείᾳ
3039 3201 3266 3270 δυνάμει
3300 3203 3585 3270 γενόμενα
3615 3203 3751 3271 πρὸς

2158 3297 2257 3367 τὴν
2290 3295 2624 3364 ἀδελφότητα
2677 3291 2895 3362 διεξῄει.
2943 3290 3109 3344 Οὔπω
3163 3290 3315 3352 τέλος
3353 3290 3508 3360 αὐτῷ
3538 3287 3692 3360 εἶχεν
3722 3292 3754 3342 6

2159 3391 2335 3457 λόγος,
2375 3387 2467 3440 καὶ
2485 3385 2836 3453 ἀρικνοῦνταί
2861 3400 3005 3445 τινες
3032 3382 3140 3435 τῶν
3167 3380 3571 3452 πλησιοχώρων
3597 3383 3752 3453 αὐτῷ

2172 3481 2433 3550 Ἰακώϐῳ,
2459 3480 2737 3549 θαύματος
2782 3477 2970 3546 μεστοὶ
3013 3476 3116 3538 τὰς
3161 3477 3364 3546 ψυχὰς,
3391 3479 3633 3548 χάριτάς
3688 3494 3752 3528 τε

2159 3571 2425 3641 τοσαύτης
2450 3571 2766 3639 εὐεργεσίας
2796 3566 3211 3638 ὁμολογοῦντες,
3255 3570 3350 3622 καὶ
3408 3571 3610 3637 σαφεῖς
3641 3568 3754 3622 τῶν

2161 3662 2544 3733 γεγενημένων
2569 3660 2814 3729 ἄγγελοι.

2233 3758 2346 3820 ιιαη·
2373 3752 2654 3824 Προσῆλθὲ
2681 3769 2768 3813 τις
2819 3750 2895 3820 τῷ
2934 3750 3104 3819 Ἀγίῳ
3148 3750 3374 3816 λεπρδς,
3409 3751 3505 3803 καὶ
3528 3751 3633 3821 (μή
3669 3768 3751 3813 τις

2163 3847 2312 3914 ἡμᾶς
2338 3843 2644 3912 ἐπιτιμάτω
2675 3843 2774 3910 τῆς
2802 3841 3084 3911 ἀπονοίας)
3112 3841 3189 3905 ῶς
3217 3858 3350 3894 ποτε
3383 3844 3478 3894 καὶ
3521 3842 3604 3912 τῷ
3642 3845 3749 3912 Ἰη-

2167 3933 2261 3990 σοῦ
2313 3933 2390 3985 τὰ
2433 3933 2572 3988 αὐτά
2622 3947 2682 3983 τε
2736 3929 3109 3999 φθεγγόμενος
3145 3930 3366 3999 ἐκείνῳ,
3404 3929 3534 3982 Ἐὰν
3562 3930 3746 4002 θέλῃς,

2163 4022 2387 4076 δύνασαί
2440 4038 2507 4089 με
2557 4018 2875 4090 καθαρίσαι,
2906 4018 3003 4072 καὶ
3055 4018 3194 4088 μετὰ
3226 4018 3327 4088 τῆς
3386 4020 3511 4090 ῑσης
3538 4019 3749 4090 θέρμης

2165 4114 2258 4167 καὶ
2291 4113 2544 4175 πίστεως,
2580 4111 2723 4180 Πρὸς
2763 4109 2820 4162 δν
2849 4113 2876 4163 6
2912 4109 3003 4162 τοῦ
3053 4108 3190 4162 Θεοῦ
3245 4109 3430 4175 δοῦλος
3491 4110 3646 4173 ἰδὼν,
3679 4111 3754 4180 τῷ

2165 4221 2224 4256 τε
2283 4202 2468 4272 οἰκείῳ
2520 4200 2786 4271 Δεσπότῃ,
2818 4198 3020 4251 δυνατὰ
3066 4198 3146 4266 τῷ
3212 4199 3529 4252 πιστεύοντι
3574 4201 3756 4254 πάντα

2164 4290 2892 4363 είπόντι,θαρῤήσας,Θέλω,
2921 4289 3078 4360 φησι,
3109 4288 3516 4360 καθαρισθῆναί
3535 4307 3618 4356 σε,
3645 4292 3756 4344 ἀλλ’

2165 4382 2284 4456 ὥρα
2306 4400 2386 4436 σοι
2415 4381 2599 4435 λοιπὸν
2624 4380 2812 4433 οἴκαδε
2844 4379 3131 4442 ἀπελθεῖν,
3176 4380 3281 4432 καὶ
3308 4382 3337 4432 ὁ
3383 4380 3591 4446 ἀγαθὸς
3627 4381 3756 4444 Θεός

2091 4483 2145 4542 D
2175 4494 2296 4546 μου,
2323 4477 2350 4528 ὁ
2378 4475 2470 4528 καὶ
2501 4469 2720 4541 σταυρῷ
2751 4469 3138 4542 κρεμασθῆναι
3170 4469 3238 4522 δι’
3274 4471 3421 4540 ἡμᾶς
3475 4471 3580 4524 οὐκ
3614 4474 3758 4524 ἀτταο

2169 4566 2392 4633 ξιὼσας,
2425 4566 2586 4628 αὐτός
2641 4581 2701 4616 σε
2754 4565 2821 4633 τῇ
2874 4561 3083 4632 μεγάλῃ
3112 4563 3402 4633 ἐπισκοπῇ
3425 4562 3526 4631 τῆς
3549 4564 3755 4625 οἰκείας

2168 4659 2534 4730 χρηστότητος
2564 4653 2943 4722 ἐπισκέψεται.
2975 4651 3201 4714 Τούτοις
3225 4655 3254 4704 ὁ
3283 4654 3480 4722 λεπρὸς
3528 4655 3756 4706 πιστεύ-

2173 4765 2290 4810 σας,
2320 4747 2602 4799 ἐπάνεισιν
2643 4744 2823 4807 εἱςτδν
2837 4740 2984 4797 οἷκον
3006 4757 3018 4769 '
3037 4741 3134 4795 καὶ
3162 4743 3263 4811 τῆς
3299 4743 3492 4805 νυκτὸς
3542 4744 3756 4809 ἐκείνης

2169 4839 2322 4912 (ποία
2372 4837 2612 4904 γλῶσσα,
2660 4835 2862 4905 Χριστέ
2901 4832 3150 4903 βασιλεῦ,
3180 4833 3468 4902 ἐξαγγελεῖ
3504 4835 3576 4887 τὰ
3629 4835 3754 4903 ἑλέη

2178 4945 2271 4980 σου
2302 4924 2483 4996 ;)ὀρᾷ
2515 4925 2768 4996 λαμπρόν
2814 4939 2936 4976 τινα
2989 4923 3214 4975 νεανίαν
3247 4925 3312 4977 τὸ
3346 4921 3505 4990 εἶδος,
3537 4927 3756 4978 ειπόντα

2175 5018 2344 5089 αὐτῷ,
2377 5018 2466 5081 Ὠς
2497 5016 2846 5080 ἐπίστευσας,
2882 5013 3169 5083 γενηθήτω
3206 5031 3314 5068 σοι.
3342 5017 3452 5068 Καὶ
3490 5015 3552 5067 τὸ
3606 5017 3753 5085 ῥῆμα

2174 5110 2266 5162 τὸν
2296 5109 2496 5179 λεπρδν
2527 5105 2813 5170 διῦπνίζει,
2851 5105 2948 5156 καὶ
2999 5103 3076 5173 τῷ
3131 5104 3292 5177 ὕπνῳ
3349 5107 3692 5176 συναπῆλθεν
3723 5108 3752 5174 ἡ

2177 5201 2353 5270 λέπρα
2377 5217 2394 5232 ·
2419 5199 2513 5252 καὶ
2541 5197 2778 5268 καθαρὸς
2790 5197 2909 5258 ὅλος
2930 5190 3019 5264 ἦν,
3047 5197 3348 5268 πράγμασι
3371 5198 3572 5268 μᾶλλον
3596 5197 3628 5267 ἦ
3663 5198 3758 5267 pi).

2183 5305 2315 5357 μασι
2367 5287 2651 5358 κηρύττων
2681 5286 2779 5348 τὰς
2808 5284 2902 5337 τοῦ
2938 5283 3074 5336 Θεοῦ
3133 5285 3484 5352 δυναστείας.
3524 5287 3755 5340 ’Δντίδιο-

2183 5394 2266 5429 σιν
2289 5379 2470 5432 τοίνυν
2506 5375 2712 5444 ἀγαθοῦ
2736 5375 2961 5426 τοσοῦδε
2995 5373 3069 5444 μὴ
3094 5373 3264 5445 ἔχων,
3290 5379 3448 5448 ὅμως
3471 5379 3567 5447 τῆς
3589 5375 3761 5445 ψυχῆς

2179 5470 2393 5533 δεικνὺς
2448 5470 2548 5542 τὴν
2576 5466 3036 5537 εὐγνωμοσύνην,
3069 5468 3306 5536 χρυσίον
3350 5469 3553 5534 λαδὼν,
3607 5468 3760 5536 φοιτᾷ

2183 5563 2347 5632 παρὰ.
2386 5561 2476 5614 τὸν
2531 5559 2724 5628 ’Ἅγιον
2781 5554 2992 5622 αὖθις,
3035 5558 3137 5628 οὐχ
3191 5558 3272 5623 ὡς
3331 5561 3526 5633 πρώην
3577 5559 3760 5630 ίχῶρτι

3619 339 3769 405 3072

2455 467 2682 538 καρδίαν
2715 467 2842 536 περὶ
2876 465 3030 536 ἐμοῦ,
3064 466 3229 527 ἵλεως
3284 463 3432 530 ὑμῖν
3464 457 3560 525 εἴη
3589 454 3724 514 956;
3745 470 3760 482 ·

2132 563 2209 624 είς
2259 563 2464 613 ἐκεῖνον
2517 558 2626 625 γὰρ
2681 555 2866 608 ἔθεσθε
2927 557 2987 606 τὸ
3047 554 3228 622 στόμα
3288 549 3461 620 ὑμῶν
3511 545 3616 597 καὶ
3668 545 3764 594 οἰκ

2132 653 2213 712 είς
2268 650 2387 718 ἐμὲ,
2434 647 2650 701 ἀδικίαν
2715 647 2793 708 εἰς
2839 648 2900 698 τὸ
2945 644 3079 714 ῦψος
3121 647 3178 696 ἐν
3216 641 3486 710 πονηρίᾳ
3538 637 3763 702 διανοη-

2135 742 2320 804 θέντες
2358 757 2417 792 τε
2464 741 2558 792 καὶ
2599 738 2952 805 λαλήσαντες.
2997 735 3184 788 Ταῦτα
3233 734 3397 800 παρὰ
3444 729 3554 782 τοῦ
3607 729 3766 795 άγξου

2135 833 2425 902 λεγόμενα,
2455 830 2725 897 τοσαύτης
2754 829 2852 890 τὰς
2876 826 2984 880 τῶν
3011 827 3222 879 πιστῶν
3253 825 3456 894 ψυχὰς
3485 820 3767 888 ὠφελείας

2137 925 2402 994 ἐπλήρου,
2431 924 2532 994 ὅση
2560 922 2658 987 τὰς
2682 922 2788 975 τῶν
2828 921 3071 974 ἀπίστων
3107 921 3265 989 litim;
3300 919 3649 971 ἐκάλυπτεν
3691 915 3772 965 ἐν-

2138 1015 2341 1086 τροπή.

2213 1105 2484 1176 ΜΚώμη
2536 1121 2620 1167 τις
2671 1099 2739 1174 ἦν
2791 1103 3099 1172 καλουμένη
3156 1103 3409 1170 Σευήρα,
3452 1097 3766 1170 στρόϐιλος

2140 1197 2198 1251 δὲ
2229 1196 2350 1250 κατ’
2376 1195 2547 1265 αὐτὴν
2571 1197 2662 1249 ἐπί
2696 1213 2840 1259 τινος
2861 1194 3110 1266 κρημνοῦ
3148 1194 3403 1264 μεγάλου
3436 1193 3550 1245 καὶ
3585 1191 3771 1260 ἀπορ-

2146 1288 2321 1357 ρῶγος
2359 1289 2424 1358 τῇ
2452 1286 2557 1356 ὁδῷ
2585 1287 2990 1358 παρεπεφύκει.
3023 1287 3222 1355 Ἔτυχε
3282 1284 3389 1354 μὲν
3421 1283 3536 1336 οὖν
3571 1282 3774 1344 καθῆ-

2146 1378 2270 1432 σθαί
2295 1395 2425 1431 ποτε
2457 1379 2566 1430 τῶν
2592 1380 2656 1430 ἐκ
2684 1378 2783 1447 τῆς
2811 1375 3006 1446 κώμης
3032 1375 3186 1437 τινάς
3238 1375 3349 1428 ὑπὸ
3385 1377 3458 1444 τῇ
3501 1372 3610 1424 τοῦ
3649 1372 3770 1424 δέν-

2143 1469 2271 1538 δρου
2306 1471 2434 1540 σκιᾷ
2460 1486 2473 1499 ο
2514 1470 2610 1522 Eva
2641 1469 2697 1521 δὲ
2724 1468 2927 1520 τούτων
2971 1466 3228 1520 Ἰάκωϐον
3313 1467 3533 1535 ὄνομα,
3565 1457 3772 1515 ﬁatﬁa-

2149 1561 2248 1632 μία
2279 1561 2386 1616 τῶν
2423 1564 2487 1615 ἐκ
2516 1561 2609 1614 τοῦ
2640 1561 2855 1628 δένδρου
2890 1558 3137 1628 καρπῶν,
3160 1559 3246 1610 ἐπ’
3271 1558 3412 1610 αὐτὸ
3444 1555 3768 1624 ἀναϐῆναι.

2159 1653 2291 1724 Ὁρᾷ
2319 1653 2498 1706 τοίνυν
2527 1653 2620 1706 δύο
2639 1653 2899 1720 δαίμονας
2927 1649 3014 1702 ἐπ’
3049 1650 3209 1702 αὑτὸν
3253 1649 3534 1711 ἐλθόντας
3564 1651 3598 1701 ὀ
3652 1648 3769 1699 Ἰά-

2148 1744 2324 1807 κωϐος
2353 1738 2527 1807 οὗτος,
2561 1744 2668 1795 τῶν
2697 1761 2754 1795 τε
2785 1741 2961 1795 ποδῶν
2990 1742 3325 1812 λαϐομένους
3359 1782 3374 1803 ,
3408 1740 3521 1793 καὶ
3567 1739 3770 1791 τοῦτον

3777 1003 3791 1034 ῖ
