3980 6296
267 367 406 431 3073

1265 361 1441 421 VITA
1482 362 1526 418 A
1571 358 2004 419 NICEPHORO
2043 358 2525 422 CONSCRIPTA.

3363 353 3506 417 3071i

268 484 404 548 ζέων
435 483 529 536 καὶ
554 482 748 553 ’λέπρᾳ
785 476 1175 546 κατεσκληκὼς
1198 510 1217 541 -,
1248 474 1363 529 ἀλλ’
1388 468 1498 526 οἷον
1537 472 1841 525 ἀναϐεϐιω-

1958 472 2141 526 similis
2167 512 2181 531 .
2222 454 2634 541 quomodo'nec
2686 478 2956 539 speratam
3000 467 3220 539 quidem
3275 467 3505 536 adeptus

269 576 382 640 κὼς
408 577 533 647 ἄρτι
559 576 653 630 καὶ
683 572 977 643 ἀναθήλας,
1005 572 1152 629 ὅπως
1183 568 1281 637 τῆς
1305 564 1609 637 παραδόξου
1635 564 1841 634 ταύτης

275 668 469 728 ἰάσεως
520 665 706 735 τύχοι,
741 662 943 730 σαφῶς
977 657 1362 728 ἐξηγούμενος.
1430 656 1488 708 Ὁ
1536 657 1593 709 δὲ
1639 655 1700 708 τὸ
1747 656 1845 724 μὲν

271 757 495 828 χρυσίον
534 756 672 809 κατὰ
719 754 781 806 τὸ
815 752 1042 820 σύνηθες
1064 749 1517 819 ού.προσήκατο,
1548 746 1663 799 ἀλλ’
1698 747 1847 798 ἀντι-

279 847 496 918 μισθίαν
535 845 723 915 ἱκανὴν
767 841 916 911 αὐτῷ
954 841 1091 912 πρὸς
1119 840 1253 892 Θεὸν
1287 836 1506 906 διηνεκῆ
1539 835 1848 905 παραγγέλ-

273 937 358 989 λει
386 935 581 1006 μᾶλλον
643 931 1013 1002 εὐχαριστίαν.
1053 926 1341 988 Ἰουλιανὸς
1390 925 1445 977 δὲ
1497 925 1606 978 τῶν
1662 924 1839 995 μαθη-

268 1028 382 1081 τῶν
419 1023 522 1090 εἷς,
545 1023 670 1077 νοῦν
725 1023 881 1093 ἔσχεν
911 1021 1019 1074 ἀπὸ
1064 1019 1160 1072 τοῦ
1186 1018 1410 1087 χρυσίου
1434 1016 1616 1068 λαϐεῖν
1659 1031 1674 1046 θ
1703 1015 1843 1085 ὅπερ

274 1120 364 1173 τὸν
392 1119 530 1171 θεῖον
564 1114 787 1185 Συμεὼν
826 1115 940 1175 τοῖς
961 1111 1115 1165 ἔνδον
1146 1108 1446 1178 ὀφθαλμοῖς
1472 1108 1532 1160 οὐ
1572 1105 1842 1159 διαλαθών·

274 1211 339 1262 Et
370 1208 728 1279 βούλει,πρὺς
757 1206 851 1259 τὸν
880 1204 1130 1275 μαθητὴν
1150 1203 1279 1271 ἔφη,
1311 1198 1448 1269 μετὰ
1479 1196 1572 1251 τοῦ
1621 1197 1846 1268 χρυσίου

277 1299 370 1352 καὶ
418 1297 518 1368 τὴν
552 1297 763 1367 λέπραν
808 1292 1126 1357 ἀναλαϐεῖν,
1154 1291 1229 1354 ὡς
1256 1288 1420 1356 Γιεζὴ
1465 1285 1562 1341 τοῦ
1591 1283 1845 1354 Ναιεμὰν

275 1391 478 1451 ἐκεῖνος
498 1429 520 1451 ,
553 1387 648 1440 καὶ
694 1386 896 1456 τρόπον
918 1385 1105 1454 ἕτερον
1128 1381 1295 1450 αὐτὴν
1317 1376 1710 1447 ἐξωνήσασθαι,
1746 1375 1844 1428 λα-

278 1481 388 1533 ϐὼν
443 1478 643 1547 μᾶλλον
695 1476 726 1545 ἢ
782 1474 1031 1527 δεδωκώς
1055 1490 1073 1525 ι
1130 1470 1348 1522 Τούτων
1385 1468 1698 1519 ἀκούσαντα
1754 1466 1845 1516 τὸν

1945 562 2287 617 sanationem
2321 571 2466 616 esset
2530 559 2818 613 manifeste
2857 575 2922 613 ac
2967 561 3144 628 palam
3196 558 3503 627 divulgans.

1922 650 2183 706 'Sanctus
2218 666 2352 705 vero
2386 666 2581 704 aurum
2606 664 2773 704 more
2800 664 2900 703 suo
2955 664 3067 702 non
3118 648 3358 713 admisit,
3409 648 3506 701 sed

1943 757 2044 811 pro
2082 742 2525 795 remuneratione
2570 741 2734 810 digna
2794 748 3092 808 perpetuas
3138 738 3251 792 Deo
3304 737 3508 807 gratias

1943 830 2261 899 persolvere
2285 829 2541 899 iniunxit.
2561 828 2823 883 dulianus
2856 842 3023 896 porro
3081 841 3224 881 unus
3271 825 3512 894 discipu-

1944 920 2145 985 lorum,
2174 920 2392 973 induxit
2428 918 2482 972 in
2509 919 2752 972 animum
2780 918 3029 988 accipere
3072 931 3266 970 aurum
3308 932 3323 969 :
3363 915 3511 982 quod

1954 1019 2013 1062 ut
2046 1009 2295 1062 internos
2329 1007 2614 1078 Symeonis
2631 1007 2821 1061 oculos
2851 1022 2962 1060 non
2990 1006 3173 1069 latuit,
3218 1005 3294 1057 ait
3345 1004 3511 1058 disci-

1947 1098 2106 1169 pulo:
2138 1099 2305 1154 ’Visne
2338 1114 2463 1153 cum
2509 1112 2645 1153 auro
2683 1097 2847 1151 simul
2878 1104 2936 1151 et
2994 1096 3203 1165 lepram
3237 1095 3508 1162 accipere,

1948 1198 2010 1243 ut
2025 1188 2176 1244 Giezi
2202 1187 2295 1241 ille
2322 1186 2763 1256 lepram‘Naami,
2793 1193 2851 1239 et
2872 1184 2979 1238 alio
2998 1183 3159 1237 modo
3190 1182 3336 1236 illam
3363 1181 3512 1234 redi-

1948 1293 2130 1345 mere,
2156 1277 2293 1332 dans
2319 1277 2506 1346 potius
2519 1289 2683 1345 quam
2717 1273 3031 1343 accipiens?
3059 1272 3156 1327 His
3174 1271 3379 1326 auditis
3401 1284 3510 1323 non

1952 1369 2119 1423 modo
2162 1367 2427 1422 abstinuit
2462 1364 2762 1433 discipulus
2810 1363 2902 1417 ille
2930 1403 2946 1426 ,
2983 1361 3078 1417 sed
3125 1361 3343 1417 veniam
3373 1373 3514 1429 quo-

1952 1476 2060 1530 que
2078 1458 2548 1529 concupiscentiae
2580 1471 2694 1511 sua:
2715 1454 2862 1509 illico
2890 1454 3069 1523 petiit,
3100 1464 3156 1508 et
3183 1450 3416 1521 accepit.

261 1575 529 1649 μαθητὴν
556 1572 663 1627 οὐκ
678 1567 1368 1645 ἁποσχὲσθαιμόνονρλλὰ
1394 1564 1486 1623 καὶ
1516 1559 1846 1632 συγγνώμην
1875 1554 2036 1618 εὐθὺς
2056 1555 2277 1624 αἰτῆσαι
2300 1553 2394 1607 τοῦ
2428 1553 2810 1623 ἐνθυμήματος
2841 1554 2938 1607 καὶ
2974 1550 3181 1603 λαϐεῖν.

1712 1673 1937 1733 CAPUT
1965 1671 2085 1729 XII.

680 1807 1074 1863 Monastefium
1124 1803 1356 1859 monitus
1401 1820 1432 1856 a
1487 1801 1592 1854 Deo
1630 1797 2091 1859 exstruitmquam
2117 1791 2352 1859 impetrat
2404 1805 2469 1866 aq
2509 1788 2796 1841 diutissime
2842 1796 3132 1841 conservat.

332 1928 458 1999 ·ιιβ’.
484 1927 572 1981 ’Τὸ
609 1925 791 1997 μέντοι
817 1924 963 1996 ὅρος,
992 1925 1051 1977 ὲν
1090 1916 1134 1991 ᾧ
1169 1921 1269 1993 τὴν
1303 1918 1527 1990 ἀγωγὴν
1563 1920 1590 1972 ὁ
1619 1913 1843 1984 Συμεὼν

2020 1909 2110 1964 92.
2172 1908 2447 1962 Caeterum
2504 1921 2663 1960 mons
2696 1906 2772 1958 ,in
2803 1921 2914 1974 quo
2974 1905 3208 1976 Symeon
3263 1905 3514 1976 degebat,

252 2022 539 2085 samnito,
561 2019 768 2090 ἔρημος
792 2013 862 2090 ἦν
886 2017 1148 2087 ἀτεχνῶς,
1176 2015 1274 2084 οὐχ
1303 2012 1524 2074 ὕδατος,
1565 2010 1665 2062 οὐκ
1689 2006 1850 2062 ἄλλου

257 2115 421 2187 ’πρὸς
450 2113 519 2167 τὰ
534 2110 823 2180 ,ἀναγκαῖά
863 2126 1007 2173 τινος
1038 2107 1325 2188 εὐποροῦν,
1354 2105 1434 2159 ὃτι
1466 2105 1542 2174 μὴ
1585 2101 1850 2169 καλύδηςν

261 2207 379 2259 “exat
425 2188 628 2274 ταύτης
671 2202 819 2272 μιᾶς,
852 2201 928 2271 ἢν
978 2201 1030 2271 οι
1074 2197 1317 2270 μαθηταὶ
1367 2195 1591 2267 μετρίαν
1640 2192 1853 2254 ἑαυτοῖς

278 2296 554 2365 ἐπήξαντο
614 2294 858 2362 σκέπην·
909 2290 1069 2354 αὐτὸς
1110 2290 1218 2359 γὰρ
1259 2288 1352 2340 ἐπὶ
1382 2286 1482 2355 τῆς
1521 2285 1748 2355 πέτρας,
1779 2283 1854 2345 ὡς

272 2381 662 2453 ἐμνήσθημεν,
681 2382 738 2434 ὲν
756 2379 1010 2449 ὑπαίθρῳ
1026 2379 1180 2447 είστή
1191 2390 1296 2441 κει,
1314 2373 1653 2444 δερματίνην
1673 2374 1859 2444 μηλω-

286 2477 386 2546 τὴν
400 2476 808 2545 περικείμενος.
824 2474 979 2543 Ἐπεὶ
990 2471 1048 2524 δὲ
1067 2469 1239 2524 πολλὰ
1249 2465 1591 2536 πανταχόθεν
1606 2467 1859 2537 συνέρρει

286 2558 424 2628 πρὸς
470 2557 632 2610 αὐτὸν
678 2556 936 2611 ἑκάστοτε
971 2556 1172 2629 πλήθη,
1206 2555 1268 2608 οὐ
1302 2555 1573 2624 πνεύμασι
1602 2555 1857 2622 πονηροῖς

261 2691 273 2712 π
289 2650 470 2717 μόνον,
520 2642 660 2700 ἀλλὰ
707 2647 801 2700 καὶ
835 2645 1198 2708 παντοδαποῖς
1237 2642 1486 2711 σώματος
1534 2642 1733 2695 πάθεσι
1762 2640 1856 2692 καὶ

285 2737 458 2800 νόσοις
486 2737 935 2807 κατειλημμένων
969 2735 1173 2806 (ἐπίεζε
1200 2736 1257 2788 δὲ
1290 2735 1486 2799 αὐτοὺς
1516 2736 1551 2804 ἦ
1579 2751 1637 2786 τε
1666 2732 1856 2800 ἄφιλος

264 2826 511 2895 ἐρημία,
545 2829 639 2878 καὶ
661 2828 693 2896 ή
730 2827 835 2878 τῶν
852 2826 1157 2894 ἀναγκαίων
1179 2824 1374 2895 ἔνδεια,
1406 2826 1501 2878 καὶ
1529 2825 1589 2877 τὸ
1615 2825 1856 2895 ἐσχάτως

268 2919 513 3002 ίᾶνυδρόν
558 2936 618 2971 τε
661 2920 754 2971 καὶ
775 2918 1047 2986 ᾶστεγον),
1080 2920 1108 2971 ὁ
1137 2919 1313 2982 κοινὸς
1353 2919 1447 2970 καὶ
1477 2917 1886 2987 φιλάνθρωπος·

184 3035 193 3042 ν
272 3012 540 3066 ,ἁπάντων
593 3011 828 3083 Ποιητὴς
879 3013 973 3066 καὶ
1031 3012 1218 3084 Πατὴρ
1260 3014 1357 3066 καὶ⁵
1397 3012 1693 3080 Δεσπότης,
1730 3011 1759 3062 ὁ
1788 3011 1853 3079 τῇ

287 3100 433 3170 ἰσχύϊ
466 3100 628 3153 αὑτοῦ
671 3104 740 3172 τῇ
787 3101 1018 3172 μεγάλῃ,
1051 3103 1143 3154 καὶ
1174 3100 1252 3170 τῷ
1287 3100 1541 3171 βραχίονι
1587 3098 1750 3153 αὐτοῦ
1780 3100 1857 3169 τῷ

286 3191 476 3261 ὑψηλῷ
516 3193 693 3246 πάντα
722 3193 913 3256 ποιῶν,
937 3194 965 3246 ὁ
1002 3192 1172 3263 μέγας
1199 3195 1264 3262 τῇ
1300 3192 1461 3262 βουλῇ
1506 3192 1600 3245 καὶ
1630 3191 1857 3289 δυνατὸς
1886 3231 1928 3289 C

280 3285 397 3344 ,τοῖς
444 3281 647 3350 ἔργοις,
677 3284 705 3335 ό
743 3282 898 3345 εἰδὼς
942 3278 1016 3335 ὧν
1058 3283 1248 3354 χρείαν
1276 3281 1493 3353 ἔχομεν,
1538 3281 1635 3335 καὶ
1672 3282 1764 3350 ἀφ’
1798 3274 1860 3333 οὗ

279 3372 731 3443 ,ἀποκρυϐήσεται
781 3372 952 3435 οὐδὲν,
1001 3365 1153 3435 οὗτος
1213 3373 1307 3424 καὶ
1355 3370 1451 3424 νῦν
1508 3370 1585 3441 τῷ
1639 3369 1861 3439 Συμεὼν

290 3460 609 3530 παραδόξως
637 3461 844 3530 ὀφθείς·
881 3463 993 3532 Οὐχ
1030 3458 1159 3535 ὁρᾷς
1187 3461 1284 3532 τὴν
1314 3462 1634 3533 όλιγόψυχον
1659 3460 1862 3530 ταύτην

293 3553 498 3621 γενεὰν,
526 3553 653 3624 ἔφη,
682 3554 828 3616 ὅπως
852 3553 1107 3615 ἀδύνατος
1132 3555 1313 3617 αὐτοῖς
1338 3556 1373 3621 ἡ
1403 3552 1637 3607 ἐνταῦθα
1662 3552 1862 3622 διατρι-

274 3645 378 3715 -ϐη,
404 3648 477 3715 μὴ
494 3648 804 3719 προσόντων
831 3647 940 3700 τῶν
969 3646 1108 3700 κατὰ
1134 3648 1358 3719 χρείαν;
1395 3647 1554 3701 Ἀλλὰ
1577 3647 1706 3718 παρ’
1725 3646 1858 3717 ἐμοῦ

287 3737 460 3790 ταῦτα
491 3739 586 3790 καὶ
626 3739 777 3791 αὐτοὶ
801 3738 1260 3809 κομιοῦνται,-καἰ
1289 3739 1353 3792 σί)
1378 3738 1717 3808 πραγμάτων
1746 3740 1860 3792 δια-

281 3827 474 3895 μενεῖς
497 3825 678 3891 ὲλεύθε
686 3844 792 3898 ρος.

351 4089 465 4155 ια’.
502 4088 721 4141 Τούτων
760 4089 1000 4150 ἀκούσας
1046 4087 1321 4159 μακαρίας
1366 4088 1537 4158 ἀκοῆς
1573 4090 1789 4160 ἐκείνης
1832 4092 1860 4144 ὁ

284 4176 531 4246 Συμεὼν,
562 4178 662 4248 ὁρᾷ
685 4178 846 4230 οἱονεί
876 4196 927 4230 τι
964 4178 1160 4249 μέτρον
1187 4164 1482 4248 κατέχοντα
1514 4180 1695 4249 χερσὶν
1724 4181 1861 4248 Ἀγ-

284 4266 463 4333 γελον,
494 4268 587 4320 καὶ
621 4267 688 4321 τὰ
723 4267 817 4320 τοῦ
846 4268 1207 4337 μοναστηρίου
1240 4268 1335 4321 καὶ
1367 4267 1473 4320 τῶν
1503 4271 1559 4320 ἐν
1593 4268 1740 4338 αὐτῷ
1769 4286 1862 4322 σε·

286 4356 534 4427 ϐασμίων
557 4358 699 4411 ναῶν
727 4357 1148 4429 διαχαράττοντα
1175 4357 1317 4430 ῖχνη,
1344 4359 1572 4428 νεφέλην
1598 4376 1656 4410 τε
1683 4360 1859 4426 φωτὸς

285 4446 404 4500 ὅλον
439 4447 499 4500 τὸ
531 4446 843 4518 θαυμαστὸν
870 4447 1190 4516 καλύψασαν
1216 4447 1361 4515 ὅρος,
1394 4450 1487 4502 καὶ
1515 4448 1577 4502 τὸ
1601 4449 1694 4502 τοῦ
1719 4449 1854 4504 Θεοῦ

285 4538 510 4609 Πνεῦμα
533 4540 588 4592 ἐν
618 4517 922 4610 ὁμοιώματι
961 4540 1141 4610 χειρὸς
1162 4541 1241 4594 τὰ-
1275 4541 1378 4593 ὑπὸ
1412 4545 1478 4612 τῇ
1512 4541 1711 4613 νεφέλῃ
1741 4526 1852 4593 det-
1885 4517 1933 4577 θ

284 4628 447 4683 κνύον
467 4647 480 4660 ο
508 4631 602 4683 καὶ
627 4630 708 4684 ὅτι
735 4631 920 4684 Ταῦτα
946 4632 1097 4685 ἔσται
1133 4649 1215 4684 σοι
1248 4633 1446 4694 πάντα,
1476 4634 1631 4700 λέγον
1661 4631 1811 4703 αὐτῷ
1836 4674 1851 4697 ,

284 4722 366 4785 είς
405 4721 703 4793 ὑπουργίαν
732 4723 838 4776 τῶν
867 4722 993 4793 τῇδε
1022 4725 1192 4777 οἰκεῖν
1235 4714 1293 4776 τε
1337 4725 1434 4777 καὶ
1474 4724 1853 4789 ἐπιξενοῦσθαι

288 4812 607 4881 μελλόντων.
635 4813 938 4881 Μεγαλυνῶ
961 4814 1070 4884 γὰρ
1095 4816 1187 4867 ἐπὶ
1211 4815 1337 4885 ἔθνη
1373 4816 1465 4868 καὶ
1499 4815 1735 4884 βασιλεῖς
1759 4816 1853 4868 καὶ⁵

287 4904 618 4975 μεγιστᾶνας
675 4904 737 4959 τὸ
782 4904 955 4974 ἤνομά
1008 4924 1125 4971 σου,
1167 4907 1259 4960 καί
1287 4926 1380 4960 σου
1426 4908 1631 4961 τούτων
1669 4907 1854 4961 πολλοὶΙ

282 4994 635 5064 δεηθήσονται
660 5010 675 5024 ·
706 4990 825 5051 εἶτα
853 4997 947 5049 καὶ
978 4997 1145 5051 πολλὰ
1180 4998 1355 5067 πλήθη
1382 4998 1652 5067 διαφόρων
1683 4998 1852 5051 ἐθνῶν

284 5085 435 5156 αὐτῷ
497 5086 806 5151 ὑπεδείκνυ,
846 5088 1181 5157 πανταχόθεν
1227 5090 1307 5151 είς
1367 5091 1528 5143 αὐτὸν
1580 5090 1847 5142 συνιόντα.

285 5177 504 5240 Τούτοις
531 5177 966 5248 πληροφορηθεὶς
996 5177 1095 5248 τὴν
1122 5178 1351 5248 καρδίαν
1373 5181 1401 5231 ό
1435 5181 1677 5248 Συμεὼν,
1704 5181 1852 5234 εὕδοι

286 5268 408 5322 κίαν
451 5265 588 5321 εἶναι
639 5267 775 5321 Θεοῦ
807 5268 1068 5338 συστῆναι
1109 5270 1238 5338 περὶ
1272 5270 1434 5323 αὐτὸν
1471 5273 1849 5341 μοναστήριον,

288 5359 382 5412 καὶ
415 5357 614 5421 ἱκανῶς
665 5359 759 5411 ἐπὶ
791 5358 957 5411 πᾶσιν
995 5359 1414 5429 εὐχαριστήσας,
1447 5359 1712 5435 ἐπέτρεψε
1745 5364 1855 5425 τοῖς

292 5447 555 5519 μαθηταῖς
583 5449 744 5504 πάλιν
782 5443 937 5513 οὗτος
966 5449 1107 5503 κατὰ
1144 5452 1235 5503 τὸν
1283 5450 1665 5523 ὑποδειχθέντα
1699 5455 1861 5507 τόπον

289 5537 447 5592 τοῦτο
478 5539 635 5608 διαχα
643 5538 821 5609 ράξαι.

362 5708 463 5775 κδ’.
495 5711 606 5764 Καὶ
636 5711 696 5765 τὸ
735 5711 834 5782 μὲν
876 5713 1018 5767 κατὰ
1050 5714 1149 5784 τὴν
1192 5714 1385 5786 ἐκείνῳ
1431 5719 1691 5785 φανεῖσαν
1737 5717 1859 5788 ὄψιν

1951 2003 2109 2057 locus
2161 2008 2281 2054 erat
2334 1999 2588 2054 desertus
2652 1997 3025 2066 incultusque,
3090 2013 3201 2050 non
3236 1998 3306 2052 ab
3351 2014 3515 2066 aqua,

1954 2102 2122 2157 tecto,
2157 2092 2333 2146 aliave
2355 2106 2414 2145 re
2462 2090 2531 2144 ad
2580 2089 2747 2143 vitam
2800 2088 3116 2143 necessaria
3173 2089 3514 2153 instructus;

1953 2183 2309 2253 tuguriolum,
2326 2180 2497 2249 idque
2522 2179 2770 2241 unicum,
2798 2178 3057 2242 habebat,
3082 2176 3228 2247 quod
3259 2177 3516 2248 discipuli

1953 2272 2060 2328 sibi
2118 2270 2388 2340 refugium
2460 2284 2571 2323 non
2642 2269 2883 2338 amplum
2942 2276 3514 2338 coagmentaverant:

1953 2362 2189 2433 Symeon
2223 2361 2447 2430 quippe,
2469 2368 2528 2413 ut
2556 2350 3123 2427 supra.'meminimus,
3153 2358 3206 2410 in
3238 2365 3398 2426 petra
3419 2372 3518 2411 sua

1959 2454 2062 2508 sub
2093 2453 2187 2507 dio
2209 2462 2370 2506 stans
2405 2451 2762 2520 perennabat,
2818 2449 3063 2518 pellice-ae
3107 2449 3323 2502 melota:
3364 2447 3523 2500 invo-

1955 2544 2347 2599 lutus..Postea
2379 2556 2513 2594 vero
2563 2555 2689 2595 cum
2744 2539 2893 2593 omni
2944 2554 3012 2592 ex
3059 2548 3214 2607 parte
3260 2537 3521 2607 frequens

1956 2635 2118 2689 turba
2145 2633 2390 2703 quotidie
2420 2632 2489 2686 ad
2528 2632 2709 2701 ipsum
2738 2630 3043 2685 conflueret
3066 2631 3375 2695 hominum,
3403 2638 3519 2683 tum

1944 2722 2694 2797 amalignisspiritibus,tum
2716 2721 2785 2775 ab
2813 2720 2993 2775 omnis
3035 2721 3256 2790 generis
3307 2720 3519 2774 morbis

1950 2829 2023 2868 ac
2045 2813 2349 2876 doloribus,
2373 2824 2777 2883 correptorum,
2802 2814 3141 2880 miserosque
3159 2813 3279 2866 illos
3300 2812 3523 2880 excipe-

1961 2912 2045 2956 ret
2075 2913 2182 2956 tam
2270 2903 2581 2959 inamabilis
2603 2918 2843 2967 eremus,
2871 2917 3055 2955 rerum
3094 2903 3525 2956 noeessariatum

1960 2995 2213 3065 penuria,
2245 2994 2493 3048 defectus
2516 3009 2672 3062 aqua:
2705 3009 2769 3047 ac
2800 2992 3067 3046 domicilii
3094 3011 3108 3053 ;
3134 2992 3444 3045 communis
3462 3005 3527 3044 ac

1961 3087 2263 3142 benevolus
2284 3086 2530 3138 omnium
2564 3084 2815 3147 Creator,
2836 3085 2999 3137 Pater
3046 3092 3210 3152 atque
3240 3081 3526 3145 Dominus,
3570 3111 3587 3125 ς

1962 3177 2057 3246 qui
2087 3176 2331 3246 potentia
2362 3191 2459 3229 sua
2491 3174 2758 3228 immensa
2779 3183 2834 3227 et
2865 3173 3093 3228 brachio
3139 3173 3359 3228 sublimi
3413 3188 3529 3226 mo-

1965 3267 2191 3321 deratur
2215 3266 2492 3326 universa,
2535 3279 2766 3333 magnus
2829 3265 2919 3318 iI-le
2965 3264 3198 3318 consilio
3242 3272 3299 3318 et
3328 3272 3529 3332 potens

1964 3358 2155 3427 opere,
2177 3356 2271 3425 qui
2302 3371 2412 3409 non
2446 3355 2682 3424 ignorat,
2718 3355 2921 3424 quibus
2941 3371 3042 3409 nos
3092 3355 3410 3408 homunculi
3441 3355 3530 3407 in-

1963 3446 2269 3517 digeamus,
2301 3445 2504 3513 quique
2531 3445 2670 3498 nihil
2705 3445 2955 3513 ignorare
2993 3455 3211 3513 potest;
3270 3446 3365 3498 ille
3413 3445 3531 3513 ipse

1961 3536 2055 3591 hic
2093 3549 2315 3605 quoque
2351 3534 2613 3604 Symeoni‘
2637 3549 2947 3602 apparens:
2986 3535 3178 3588 Nonne
3220 3534 3395 3609 vides,
3443 3534 3531 3588 in-

1963 3628 2103 3696 quit,
2138 3642 2302 3695 quam
2330 3625 2569 3694 pendeat
2603 3624 2804 3678 animis
2840 3620 2957 3679 hadc
2979 3624 3137 3678 turba
3159 3625 3359 3694 ?quam
3390 3640 3530 3695 aegre

1963 3719 2054 3773 hic
2081 3717 2281 3771 morari
2305 3717 2549 3787 possint,
2578 3716 2963 3771 deficientibus
2988 3718 3265 3783 omnibus,
3298 3734 3420 3787 quae
3455 3721 3524 3774 ad

1962 3809 2267 3863 vitaeusum
2301 3806 2545 3861 faciunt?
2576 3806 2775 3861 Verum
2826 3806 3015 3861 isthazc
3049 3807 3159 3878 jam
3198 3823 3229 3861 a
3268 3823 3357 3863 me
3398 3809 3532 3879 ipsis

1962 3898 2494 3971 suppeditabuntur;
2528 3904 2585 3951 et
2626 3909 2684 3952 tu
2732 3898 2894 3953 deses
2936 3915 3266 3969 permanens
3306 3918 3529 3958 marum

1961 3992 2117 4063 operi
2140 4005 2252 4044 non
2289 3989 2630 4044 admovebis.

2031 4085 2118 4140 95.
2157 4085 2324 4138 Beata
2351 4082 2442 4135 illa
2465 4095 2598 4134 voce
2620 4080 2875 4149 dignatus
2896 4080 3150 4153 Symeon,
3181 4084 3532 4154 conspicatur

1962 4175 2117 4245 quasi
2148 4174 2398 4244 angelum
2432 4187 2705 4226 mensura;
2735 4170 2994 4240 quiddam
3040 4173 3296 4229 manibus
3323 4185 3530 4242 tenere,

1962 4275 2018 4320 et
2075 4262 2394 4319 monasterii
2446 4268 2916 4331 augustorumque
2971 4264 3295 4332 templorum
3361 4266 3374 4319 i
3464 4283 3532 4320 (ο

1962 4357 2353 4415 struendorum
2387 4355 2665 4409 delineare
2700 4354 2962 4424 vestigia;
3011 4353 3360 4424 conspicatur
3399 4373 3521 4428 quo-

1960 4466 2068 4522 que
2112 4450 2316 4504 nubem
2345 4447 2607 4511 lucidam,
2644 4462 2765 4515 quae
2813 4455 3055 4507 montem
3090 4456 3263 4502 totum
3305 4450 3531 4504 mirabi-

1960 4542 2068 4596 lem
2092 4540 2574 4612 tegebat,necnon
2600 4536 2865 4607 Spiritum
2890 4538 2985 4591 Dei
3030 4539 3086 4591 in
3116 4538 3287 4593 forma
3318 4556 3530 4606 manus,

1961 4649 2025 4688 ea
2056 4647 2178 4702 quae
2203 4631 2306 4685 sub
2330 4628 2477 4684 nube
2499 4636 2659 4681 erant
2686 4627 3088 4693 ostendentem,
3119 4612 3551 4699 dicentemque:-

1962 4725 2088 4778 Haec
2116 4723 2299 4777 omnia
2343 4720 2440 4774 tibi
2486 4726 2653 4773 erunt
2686 4718 2741 4772 in
2795 4719 3105 4773 subsidium
3144 4719 3384 4784 illorum,
3436 4722 3531 4790 qui

1962 4813 2357 4869 commoraturi
2381 4812 2472 4866 hic
2507 4820 2602 4865 aut
2634 4810 2962 4879 hospitaturi
2983 4819 3112 4865 sunt
3136 4829 3151 4874 ;
3175 4811 3532 4881 magniﬁeabo

1959 4907 2162 4977 quippe
2194 4920 2395 4959 nomen
2426 4912 2579 4959 tuum
2608 4902 2753 4972 apud
2783 4911 2974 4971 gentes
2996 4911 3052 4956 et
3096 4917 3254 4971 reges
3290 4917 3346 4957 et
3386 4909 3533 4973 ουν.

1961 5003 2169 5061 mates;
2198 5001 2254 5048 et
2277 4995 2432 5048 multi
2468 4995 2664 5048 horum
2693 4993 3079 5062 supplicabunt
3109 4993 3229 5047 tibi.
3263 4995 3391 5050 Post
3415 4997 3531 5054 haec

1958 5086 2306 5142 diversorum
2374 5085 2701 5155 populorum
2779 5085 3186 5140 multitudinem
3253 5087 3530 5158 ingentem

1928 5242 1933 5249 η
1961 5178 2321 5243 monstrabat,
2345 5177 2590 5246 undique
2625 5175 2693 5230 ad
2720 5175 2899 5244 ipsum
2933 5183 3340 5244 properantem.
3367 5176 3529 5235 Hisce

1961 5270 2187 5324 omnino
2235 5284 2534 5340 persuasus
2593 5267 2850 5338 Symeon,
2907 5267 3165 5336 placitum
3221 5269 3336 5323 Deo
3385 5285 3526 5332 esse,
3628 5292 3635 5295 Α

1959 5367 2021 5412 ut
2048 5357 2446 5412 monasterium
2480 5357 2627 5411 circa
2654 5356 2834 5425 ipsum
2868 5365 3320 5412 construeretur:
3354 5361 3533 5413 masi.

1958 5452 2064 5507 mis
2093 5454 2172 5507 illi
2210 5453 2402 5524 gratiis
2445 5453 2762 5523 persolutis,
2795 5455 3074 5510 commisit
3118 5455 3406 5525 discipulis
3437 5471 3534 5510 cu-

1959 5556 2074 5595 ram
2097 5542 2246 5597 illius
2258 5543 2413 5613 juxta
2441 5553 2720 5598 ostensam
2742 5544 2971 5599 formam
2993 5545 3319 5616 designandi
3342 5563 3356 5610 ;
3378 5547 3529 5617 juxta

1955 5646 2116 5699 quam
2145 5640 2202 5686 et
2232 5632 2472 5702 positum
2502 5641 2606 5689 est.
2981 5641 2996 5657 '

2028 5723 2115 5776 9i.
2169 5725 2313 5779 Deus
2374 5724 2619 5792 interea,
2670 5727 2762 5795 qui
2824 5741 2884 5781 se
2934 5718 3541 5799 SymeouireVCInVCI'M
