4026 6292
517 288 655 350 3075

1729 283 1788 343 S.
1832 282 2206 342 SYMEONIS
2243 283 2601 344 JUNlORlS

3625 294 3745 357 3076

517 411 572 453 (ιι
623 410 937 452 mensuram
992 394 1338 463 formamque
1369 393 1667 448 habitaculi
1703 409 1800 463 per
1841 392 2093 463 angelum

2199 392 2562 445 διατετύπωτο
2582 408 2595 420 '
2621 392 2753 455 Θεὸς
2781 393 2860 456 δὲ,
2884 395 2911 447 ό
2934 393 3025 447 καὶ
3051 394 3277 464 Συμεὼν
3306 396 3502 449 ἑαυτὸν
3546 398 3753 470 ἐμφανί-

518 487 950 560 praascripserat,
978 484 1266 554 promissis
1315 485 1431 539 suis
1464 484 1720 538 eﬁ‘ectum
1763 488 1954 542 deesse
1985 499 2094 535 non

519 581 675 636 sivit:
697 579 799 633 sed
820 579 1052 633 suscitat
1080 594 1145 631 ex
1170 576 1411 648 Assyriis
1444 576 1677 645 aliisque
1704 576 1961 645 gentibus
1992 576 2095 629 ho-

521 670 975 732 minesinﬁnitos,
997 670 1090 739 qui
1111 670 1478 724 daunoniacos
1495 678 1658 739 atque
1674 670 1832 723 aliter
1850 669 2097 725 inﬁrmos

516 764 834 832 complures
854 763 919 817 ad
949 774 1200 817 sanctum
1225 762 1565 823 delerebant,
1591 778 1621 816 a
1645 779 1754 831 quo
1771 778 1867 831 per
1883 763 2095 833 signum

514 854 704 906 crucis
732 868 795 906 ac
826 867 1022 921 preces
1065 853 1402 906 curabantur
1446 871 1459 907 :
1499 853 1575 906 illi
1611 868 1742 906 vero
1767 853 1905 906 nihil
1937 852 2100 921 quid-

523 958 687 1009 quam
717 957 885 1012 penes
915 958 973 996 se
1003 942 1294 1005 habentes,
1340 941 1486 1011 quod
1534 942 1911 995 retribuerent
1956 940 2099 1010 (quae

526 1033 671 1085 enim
718 1048 817 1101 pro
859 1033 950 1085 tali
990 1032 1260 1087 beneﬁcio
1290 1032 1568 1087 sufﬁciens
1617 1031 1984 1101 retributio?)
2013 1030 2099 1084 ni-

526 1126 828 1180 hilominus
864 1126 1221 1196 gratitudinis
1258 1142 1424 1195 opera
1466 1118 1809 1189 exhibentes:
1845 1126 2099 1195 aptandis

527 1217 802 1287 lapidibus
841 1227 1238 1288 structuraeque
1281 1218 1666 1288 promovendae
1719 1233 1829 1272 una
1877 1233 2096 1271 manum

524 1309 912 1371 admovebant.
944 1309 1112 1362 ﬁxum
1145 1311 1249 1364 sibi
1297 1309 1558 1378 temporis
1587 1308 1932 1363 intervallum
1965 1308 2101 1362 deﬁ-

523 1406 758 1469 nientes,
786 1412 1147 1475 sumptusque
1181 1420 1244 1459 ac
1278 1405 1537 1474 quaelibet
1594 1418 1835 1472 congrua
1892 1403 2100 1457 instru-

522 1504 706 1551 menta
727 1495 794 1550 de
824 1511 925 1550 suo
942 1505 1328 1566 comparantes
1357 1513 1369 1549 :
1402 1510 1581 1565 neque
1608 1503 1863 1565 putantes
1886 1502 2096 1549 tantum

527 1587 851 1656 rependere,
902 1597 1169 1657 quantum
1203 1604 1269 1641 ex
1300 1587 1681 1642 benedictione
1732 1586 2093 1656 accipiebant.

523 1676 693 1733 Porro
747 1678 965 1738 duobus
1008 1679 1251 1733 tribusve
1282 1678 1481 1732 diebus
1531 1693 1696 1746 quam
1740 1685 1960 1747 tempus
1992 1677 2099 1731 illis

2199 501 2322 548 σας,
2353 484 2550 554 μέτρον
2599 501 2657 536 τε
2700 484 2796 537 καὶ
2854 485 3040 555 σχῆμα
3085 486 3183 554 τῆς
3213 485 3378 555 μονῆς
3413 486 3486 539 δι’
3527 490 3756 555 ’Δγγέλου

2195 576 2404 644 ὁρίσας,
2432 593 2540 629 των
2561 576 2905 644 ἐπαγγελιῶν
2926 578 3025 630 οὐκ
3053 577 3271 646 ἠμέλει.
3319 579 3489 632 Ἀλλά
3521 584 3655 634 κινεῖ
3680 584 3758 651 μὲν

2195 668 2296 737 τῆς
2332 667 2633 739 Ἀσσυρίων
2663 671 2788 738 γῆς,
2819 670 2963 731 κινεῖ
2990 669 3047 723 δὲ
3073 671 3169 722 καὶ
3196 670 3371 723 ἄλλων
3398 670 3577 724 ἐθνῶν
3606 675 3759 746 πλήθη

2200 759 2387 830 μυρία,
2412 760 2791 829 δαιμονῶντων
2826 761 2975 829 αὐτῷ
3004 766 3100 814 καὶ
3132 761 3381 815 ἀσθενῶν
3416 763 3600 835 πλήθη
3626 767 3761 837 κομί-

2198 850 2391 916 ζοντας
2412 866 2426 879 ’
2462 851 2555 914 οὓς
2587 854 2806 914 ἐκεῖνος,
2830 852 2928 921 μὲν
2961 851 3297 922 ἐθεράπευεν
3325 854 3463 923 εὐχῇ
3492 854 3590 908 καὶ
3614 873 3761 926 σφρα-

2198 945 2327 1011 γῖδι,
2356 945 2406 996 οἱ
2440 944 2498 998 δὲ
2536 945 2656 1013 μηδ’
2685 944 2862 997 ὁτιοῦν
2925 945 3307 1014 ἀντεισφέρειν
3345 944 3541 1013 ἕτερον
3575 946 3761 1015 ἔχοντες

2199 1034 2327 1105 (ποῦ
2363 1036 2472 1106 γὰρ
2500 1038 2768 1106 τοσαύτης
2806 1037 3126 1113 εὐεργεσίας
3152 1037 3457 1107 ἀξιόχρεως
3496 1039 3762 1109 ἀμοιϐήῃ,

2197 1130 2347 1197 ὅμως
2373 1128 2442 1181 τά
2461 1128 2556 1196 τῆς
2581 1126 3000 1197 εὐγνωμοσύνης
3033 1128 3465 1191 ἐπιδεικνύντες,
3497 1130 3579 1191 εἷς
3598 1147 3655 1182 τε
3680 1131 3760 1199 τὴν

2198 1217 2463 1287 λατομίαν
2515 1217 2616 1285 τῆς
2679 1217 2845 1285 μονῆς
2884 1216 2977 1268 καὶ
3021 1216 3122 1289 τὴν
3166 1217 3486 1286 οἰκοδομίαν
3526 1220 3761 1289 ἐχειροτὲ-

2200 1325 2380 1378 χνουν,
2406 1306 2747 1377 προθεσμίας
2779 1308 2963 1376 σφίσιν
2992 1308 3174 1371 αὐτοῖς
3199 1309 3535 1379 ὁριζόμενοι,
3563 1311 3652 1363 καὶ
3684 1311 3760 1362 δι-

2201 1401 2379 1464 πάνας
2419 1400 2556 1463 ἰδίας
2601 1401 2705 1452 ὅσα
2734 1417 2794 1452 τε
2830 1399 3116 1472 πρόσφορα
3148 1401 3256 1453 τῶν
3290 1402 3595 1472 ἐργαλείων
3628 1404 3757 1472 πορί-

2202 1492 2407 1557 ζοντες,
2457 1493 2552 1546 καὶ
2602 1493 2713 1546 οὐδ’
2745 1490 2981 1548 ἐνταῦθά
3024 1510 3077 1547 τι
3112 1493 3315 1548 διδόναι
3345 1495 3623 1558 τοσοῦτον,
3658 1496 3759 1548 ὅσον

2200 1583 2354 1636 αὐτοὶ
2379 1582 2676 1652 λαμϐάνειν
2705 1583 2795 1637 διὰ
2816 1582 2916 1663 τῆς
2939 1582 3188 1652 εὐλογίας
3215 1584 3555 1654 νομίζοντες.
3579 1583 3696 1637 Δυσὶ
3712 1584 3758 1637 δὲ

2204 1674 2470 1745 πρότερον
2513 1674 2546 1744 ἢ
2579 1676 2725 1745 τρισὶ
2747 1675 2842 1729 τοῦ
2873 1677 2971 1748 τὴν
2998 1674 3338 1744 προθεσμίαν
3371 1675 3561 1737 αὐτοῖς
3604 1673 3758 1738 egui-

524 1771 857 1838 praeﬁnitum
874 1772 1238 1840 exspirasset;
1269 1770 1361 1824 alii
1390 1785 1609 1824 rursum
1632 1770 1821 1838 plures
1847 1769 2097 1832 aderant,

2205 1739 2329 1819 σθαι
2378 1739 2655 1837 ἰωιρωξ,
2717 1767 2895 1839 ἕτεροι
2928 1739 3120 1822 ’πάλιν
3186 1739 3483 1847 ὲ-φίσταντρ
3546 1766 3754 1829 πλείους,

526 1858 774 1914 inﬁrmos
800 1859 1054 1914 similiter
1077 1867 1360 1929 portantes
1381 1877 1394 1911 ι
1416 1859 1511 1928 qui
1532 1859 1650 1928 pari
1676 1858 1841 1913 modo
1868 1858 2102 1913 sanitate

524 1966 553 2005 a
589 1959 779 2005 sancto
807 1951 1015 2014 donati,
1064 1966 1248 2020 parem
1289 1966 1551 2005 manuum
1602 1965 1825 2005 suarum
1876 1963 2101 2019 operam

522 2041 758 2097 aediﬁcio
778 2041 981 2097 dabant
1007 2060 1021 2096 :
1054 2057 1120 2097 ac
1145 2043 1226 2097 sic
1245 2041 1506 2112 deinceps
1531 2043 1622 2097 alii
1643 2051 1807 2112 atque
1835 2041 1930 2096 alii
1954 2057 2103 2096 sem-

524 2147 623 2202 per
650 2132 968 2193 afﬂuebant,
1007 2133 1149 2187 fama
1169 2135 1277 2202 jam
1308 2133 1510 2203 ubique
1552 2129 1739 2188 didita;
1772 2133 1836 2187 Et
1870 2132 1975 2187 hac
2009 2147 2102 2187 ra-

526 2224 675 2277 tione
724 2240 863 2291 opus
894 2225 1301 2293 perﬁciebatur.

595 2408 683 2463 95.
714 2409 852 2463 Cum
884 2410 1051 2462 etiam
1083 2424 1236 2478 aqua:
1273 2409 1503 2479 penuria
1535 2408 1680 2463 inter
1716 2408 2099 2464 aediﬁcandum

523 2498 889 2560 laboraretur,
908 2499 1149 2554 habebat
1167 2514 1232 2553 ea
1250 2514 1338 2559 res
1356 2498 1655 2567 discipulos
1681 2499 1874 2552 anxios
1896 2498 2102 2553 sollici-

527 2597 744 2658 tosque,
781 2589 927 2643 unde
955 2597 1050 2644 aut
1079 2604 1190 2658 quo
1216 2597 1378 2658 pacto
1411 2587 1771 2643 sufﬁcientem
1815 2602 2101 2657 compara-

524 2690 681 2743 rent;
732 2682 927 2751 procul
976 2683 1125 2737 enim
1161 2683 1253 2737 illa
1292 2697 1323 2736 a
1356 2681 1558 2736 montis
1586 2681 1796 2735 vertice
1839 2680 2028 2734 aberat
2068 2694 2101 2734 e

525 2771 788 2841 subjectis
807 2771 1045 2826 vallibus
1061 2772 1379 2840 quaerenda.
1399 2771 1903 2843 Imperavitautem
1938 2771 2102 2825 haesi-

528 2860 772 2915 tantibus
793 2860 890 2914 Dei
922 2862 1181 2925 famulus,
1203 2862 1340 2921 viva:
1362 2862 1528 2917 calcis
1557 2869 1762 2915 tantam
1787 2861 1896 2914 vim
1921 2875 2103 2929 prom-

528 2951 606 3018 pti
631 2959 1056 3020 comportarent,
1082 2963 1341 3021 quantam
1370 2952 1715 3006 commisceri
1748 2953 2097 3016 conveniret;

530 3039 731 3109 quibus
758 3049 817 3094 ut
844 3039 1101 3093 mandata
1132 3048 1290 3094 erant
1317 3040 1578 3110 peractis,
1613 3041 1812 3095 malum
1844 3040 2102 3108 precibus

530 3132 648 3187 suis
673 3132 748 3185 ita
778 3132 1053 3201 permovit
1090 3144 1335 3196 sanctus,
1371 3142 1432 3187 ut
1463 3147 1660 3201 aquam
1709 3132 1945 3201 plueret,
1990 3145 2100 3183 non

528 3222 694 3277 modo
725 3221 982 3292 praesenti
1025 3223 1367 3285 necessitati,
1394 3223 1487 3277 sed
1523 3232 1578 3276 et
1612 3222 1872 3292 deinceps
1903 3219 2103 3275 futuris

529 3311 930 3366 suifecturam:
971 3319 1027 3364 et
1060 3313 1326 3367 continuo
1369 3317 1423 3382 (ο
1461 3313 1684 3367 divitem
1742 3313 1838 3367 Dei
1888 3313 2104 3367 miseri-

529 3404 798 3468 cordiam,
838 3403 1183 3457 voluntatem
1235 3403 1544 3461 timentium
1575 3417 1633 3458 se
1661 3403 2032 3472 perﬁcientis!
2070 3418 2103 3457 ο

533 3497 834 3550 bonitatem
864 3496 1165 3566 paratam!)
1194 3484 1389 3550 vocem
1421 3496 1623 3550 dedere
1665 3495 1862 3559 nubes,
1892 3503 1948 3548 et
1979 3495 2102 3564 plu-

532 3582 621 3636 via
680 3582 860 3637 delata
895 3593 979 3636 est
1027 3584 1179 3637 tanta
1210 3586 1393 3654 copia,
1422 3592 1625 3653 quanta
1656 3600 1755 3654 per
1794 3584 1846 3638 id
1888 3592 2105 3653 tempus

532 3685 670 3739 opus
699 3679 857 3724 erat:
885 3686 1060 3740 eaque
1094 3686 1183 3726 res
1208 3674 1263 3744 (ο
1298 3675 1623 3726 miraculum
1653 3672 1992 3740 ineffabile!)
2030 3673 2102 3726 ita

532 3762 797 3832 deinceps
834 3779 934 3832 pro
969 3778 1070 3817 usu
1102 3763 1490 3818 aediﬁcantium
1537 3764 1857 3819 continuata
1899 3773 2019 3818 est:
2049 3772 2105 3817 et

534 3855 859 3923 opportunis
896 3855 1257 3922 temporibus,
1301 3855 1524 3924 quando
1574 3872 1708 3910 usus
1766 3864 1906 3916 erat,
1963 3870 2103 3923 aqua

534 3953 731 4013 sponte
770 3960 865 3999 sua
893 3940 1204 4011 decidebat,
1230 3946 1401 4001 veluti
1434 3963 1502 4002 ex
1542 3947 1814 4017 superiori
1849 3946 2104 4000 mandato

534 4036 776 4093 nubibus
801 4037 947 4091 illam
980 4036 1322 4109 cogentibus.

492 4328 511 4347 ι
606 4300 694 4356 96.
719 4301 986 4368 Quoniam
1017 4318 1146 4353 vero
1202 4301 1664 4369 frequentissimae
1715 4300 1894 4357 turbae
1922 4303 2104 4357 omnis

2200 1856 2444 1911 ἀσθενῶν
2492 1858 2693 1927 ὁμοίως
2726 1859 3110 1931 ἐπιφερόμενοι
3146 1856 3345 1927 φόρτον
3381 1858 3481 1912 καὶ
3509 1850 3669 1917 οὗτοι.
3697 1850 3757 1910 ὧν

2199 1949 2299 2018 τῆς
2327 1949 2449 2019 ῐσης
2472 1949 2624 2020 παρὰ
2641 1948 2737 2003 τοῦ
2772 1949 2957 2018 ’Δγίου
2980 1948 3276 2018 θεραπείας
3303 1948 3659 2018 ἀξιουμένων,
3679 1947 3756 2018 τὴν

2202 2040 2326 2109 ἴσην
2373 2040 2715 2095 ἀντεδίδοσαν
2764 2043 2902 2114 πρὸς
2930 2042 2998 2095 τά
3029 2039 3128 2111 τῆς
3158 2040 3330 2111 μονῆς
3368 2040 3513 2111 ἔργα
3544 2042 3757 2094 κάκεῖνοι

2184 2133 2576 2205 χειροτεχνίαν·
2597 2132 2723 2201 ἑξῆς
2749 2132 2805 2186 δὲ
2827 2134 2921 2186 καὶ
2945 2132 3095 2199 ἄλλοι
3120 2131 3211 2187 τδν
3237 2133 3403 2187 αὐτὸν
3434 2133 3632 2201 τρόπον
3656 2148 3755 2184 σνν-

2199 2222 2391 2293 έῤῥεον
2433 2223 2675 2288 πλείους,
2710 2223 2811 2293 τῆς
2841 2225 3031 2294 φήμης
3064 2222 3343 2296 πανταχοῦ
3391 2223 3751 2292 διαδιδομένης,

2201 2313 2297 2365 καὶ
2320 2312 2492 2384 ταύτῃ
2523 2314 2586 2367 τὸ
2611 2314 2769 2384 ἔργον
2801 2312 3012 2384 ἠνύετο.

2273 2420 2377 2482 ιβ’.
2422 2417 2581 2471 Ἐπεὶ
2603 2418 2660 2472 δὲ
2681 2420 2775 2471 καὶ
2797 2396 2988 2482 ὓδατος
3014 2419 3246 2487 ἀφθόνου
3283 2417 3425 2492 πρὸς
3457 2419 3554 2490 τὴν
3583 2415 3752 2470 οἰκοδο·

2136 2576 2141 2579 ῆ
2205 2509 2313 2577 μὴν
2367 2508 2552 2569 αὐτοῖς
2584 2509 2715 2573 ἔδει,
2752 2511 2813 2562 ὲν
2852 2508 3092 2581 φροντίδι
3133 2526 3192 2562 τε
3236 2512 3348 2573 τοῖς
3389 2510 3650 2581 μαθηταῖς
3679 2505 3747 2578 ἦν.

2201 2598 2326 2652 ὅθεν
2365 2599 2432 2652 ἂν
2456 2600 2553 2652 καὶ
2580 2600 2728 2663 ὅπως
2761 2601 2823 2653 τδ
2854 2602 2974 2663 ταῖς
3003 2601 3214 2671 χρείαις
3251 2602 3460 2670 ἀρκοῦν
3491 2601 3627 2671 ὕδωρ
3658 2601 3751 2652 ἐκεῖ

2178 2689 2488 2758 ,κομίσειαν
2511 2690 2683 2759 (κάτω
2714 2691 2822 2760 γὰρ
2851 2685 2919 2761 ἦν
2945 2690 3104 2745 τοῦτο
3132 2694 3285 2762 παρὰ
3304 2696 3429 2756 ταῖς
3464 2692 3745 2762 ὑπωρείαις,

2205 2779 2404 2851 μακρῷ
2447 2778 2545 2849 τῆς
2583 2782 2829 2850 κορυφῆς
2850 2779 2948 2832 τοῦ
2979 2770 3139 2850 ὅρους
3178 2781 3432 2851 ἀπέχον).
3456 2780 3749 2852 προσέταξεν

2201 2870 2384 2931 αὐτοῖς
2443 2870 2472 2922 ό
2519 2870 2612 2922 τοῦ
2659 2870 2794 2923 Θεοῦ
2835 2869 3021 2934 δοῦλος
3070 2869 3335 2924 ἀσϐέστου
3399 2871 3595 2941 πλῆθος
3635 2869 3749 2923 κατὰ

2202 2961 2366 3012 ταύτὸ
2398 2961 2765 3039 συμφορῆσαι,
2793 2964 2892 3015 ὅσα
2930 2962 3334 3032 προσαναμίξαι
3367 2962 3490 3016 δέον
3529 2978 3746 3031 παρετοιο

2207 3050 2474 3119 μάσαντος
2498 3067 2512 3081 ·
2536 3049 2632 3102 τοῦ
2661 3050 2717 3104 δὲ
2741 3051 2881 3104 κατά
2912 3052 2973 3104 τὸ
3000 3052 3331 3122 πρόσταγμα
3359 3055 3650 3122 γεγονότος,
3674 3054 3743 3105 εὑ-

2204 3138 2305 3209 χὴν
2334 3141 2471 3209 πρὸς
2493 3139 2585 3191 τὸν
2614 3141 2811 3193 οἰκεῖον
2840 3141 3107 3211 δεσπότην
3135 3144 3346 3206 ἐκεῖνος
3378 3145 3582 3198 τοιάνδε
3606 3160 3743 3213 προσ-

2204 3229 2425 3298 ηύξατο,
2446 3229 2587 3284 ὥστε
2612 3230 2756 3300 ὕδωρ
2782 3231 2841 3285 οὐ
2870 3232 3007 3302 πρὸς
3037 3233 3133 3303 τὴν
3158 3234 3444 3306 παροῦσαν
3468 3235 3655 3307 ἀρκοῦν
3674 3234 3745 3304 μό-

2204 3338 2292 3374 νον
2323 3322 2597 3393 όμὸρῆσαι
2625 3325 2834 3393 χρείαν,
2866 3323 3000 3378 ἀλλὰ
3031 3326 3123 3378 καὶ
3161 3327 3300 3394 μετά
3329 3326 3504 3381 ταῦτα
3524 3327 3647 3397 πρὸς
3666 3326 3742 3379 τὲς

2208 3412 2524 3482 μελλούσας.
2579 3415 2690 3467 Καὶ
2741 3415 2939 3469 αὐτίκα
2999 3416 3087 3489 (ὢ
3155 3417 3432 3472 πλουσίων
3488 3415 3743 3487 οἰκτιρμῶν

2203 3501 2364 3565 Θεοῦ,
2406 3502 2617 3573 θέλημα
2651 3503 2758 3557 τῶν
2792 3505 3140 3576 φοϐουμένων
3187 3508 3353 3559 αὐτὸν
3389 3507 3673 3568 ποιοῦντοςί
3707 3504 3741 3557 ὣ

2205 3592 2424 3662 ἑτοίμου
2480 3594 2919 3665 χρηστότητοςὶ)
2956 3596 3137 3666 φωνὴν
3178 3597 3392 3651 ἔδωκαν
3438 3602 3493 3652 αἱ
3536 3598 3739 3667 νεφέλαι,

2204 3685 2357 3748 ὑετός
2411 3703 2469 3737 τε
2529 3687 2841 3758 κατερράγη
2894 3687 3170 3752 τοσοῦτος,
3218 3689 3346 3742 ὅσου
3392 3692 3457 3745 τά
3492 3692 3581 3760 τῆς
3608 3688 3740 3757 μονῆς

2206 3776 2342 3846 ἔργα
2390 3778 2692 3846 τηνικαῦτα
2744 3779 2934 3843 ἐδεῖτο,
2988 3781 3082 3832 καὶ
3119 3782 3179 3833 τὸ
3206 3784 3441 3852 πρᾶγμα
3474 3782 3537 3852 (ὣ
3564 3781 3738 3848 θαύμα-

2203 3884 2295 3930 τος
2341 3870 2727 3940 ἁπορῤήτουί)
2759 3870 2932 3942 ταύτῃ
2978 3871 3071 3925 τοῦ
3113 3873 3301 3927 λοιποῦ
3338 3878 3450 3937 τοῖς
3479 3876 3574 3944 τῆς
3600 3869 3736 3942 μονῆς

2204 3958 2629 4028 οἰκοδομήμασιν
2677 3956 2745 4030 ἦν
2797 3961 3083 4030 διαμένονο
3139 3965 3233 4016 καὶ
3284 3966 3429 4019 κοιτά
3463 3965 3636 4033 καιρὸν
3658 3962 3738 4017 ἀπὶ

2204 4051 2325 4103 τότε
2353 4051 2451 4119 τῆς
2478 4049 2570 4103 τοῦ
2603 4050 2795 4114 ὓδατος
2824 4053 3011 4121 χρείας
3063 4054 3229 4125 βροχή
3277 4072 3362 4119 τις
3408 4056 3635 4116 ἑκούσιος
3656 4054 3736 4118 ἁφ-

2204 4137 2402 4202 ώριστο
2448 4139 2680 4205 τούτοις,
2730 4142 2982 4208 νεφέλαις
3024 4143 3376 4213 ύπεράνωθεν
3414 4145 3589 4215 ὥσπερ
3618 4144 3732 4194 ἐντει-

2204 4225 2304 4276 ταλ
2312 4227 2492 4292 μένον.

2276 4316 2368 4382 Lg'
2433 4318 2585 4370 Ἐπεὶ
2626 4316 2681 4371 δὲ
2735 4322 2827 4373 καὶ
2868 4322 2935 4374 τὰ
2981 4322 3161 4392 πλήθη
3198 4324 3305 4376 τῶν
3347 4326 3593 4377 ἑκάστοτε
3621 4320 3733 4388 παρὰ

536 4392 754 4461 generis
809 4400 975 4460 atque
1024 4393 1203 4445 aetatis
1242 4391 1444 4460 passim
1500 4392 1568 4446 ad
1602 4392 1785 4445 virum
1850 4402 2101 4448 sanctum

2209 4406 2300 4459 τὸν
2326 4407 2516 4475 Ἀγιον
2545 4408 2610 4461 ὲκ
2638 4411 2837 4474 παντὸς
2857 4413 3047 4479 γένους
3074 4412 3167 4466 καὶ
3198 4413 3381 4480 πάσης
3412 4414 3611 4483 ἡλικίας
3635 4426 3731 4462 συν·

536 4488 955 4545 concurrerent,
992 4481 1089 4551 qui
1140 4497 1172 4536 a
1197 4482 1364 4536 variis
1418 4482 1705 4538 doloribus
1740 4483 2100 4549 curabuntur,

537 4578 705 4646 cepit
738 4585 795 4633 et
818 4578 972 4647 ipsis,
994 4578 1266 4647 etquibus
1292 4578 1608 4642 utebantur,
1644 4578 1910 4649 iumentis
1948 4594 2105 4648 aqua:

540 4666 774 4737 penuria
832 4666 1067 4722 nimium
1129 4678 1395 4737 quantum
1451 4669 1885 4724 incommodare.
1932 4669 2105 4724 Erant

538 4769 723 4813 autem
740 4773 771 4813 e
795 4757 1018 4828 regione
1041 4759 1245 4813 montis
1261 4759 1371 4812 duo
1387 4759 1559 4821 lacus,
1573 4761 1685 4830 jam
1703 4760 1834 4815 olim
1856 4769 2106 4831 tempore

537 4849 827 4917 gentilium
857 4864 959 4919 pro
990 4866 1143 4919 aquai
1176 4850 1540 4919 receptaculis
1558 4849 1767 4913 eﬁ'ossi,
1796 4852 1952 4922 lapsu
1973 4866 2108 4906 vero

540 4941 808 5008 temporis
839 4951 985 4996 terra
1015 4933 1251 5011 aliisqu'e
1291 4941 1619 5012 aggestisita
1648 4943 1858 5003 obruti,
1906 4951 1967 4996 ut
2010 4942 2105 4997 ubi

538 5030 741 5094 forent,
777 5033 906 5087 sciri
936 5042 1276 5104 nonposset
1302 5053 1313 5088 :
1341 5043 1456 5089 tum
1485 5043 1667 5090 autem
1703 5051 1732 5089 a
1763 5036 1942 5089 turbis
1966 5035 2110 5089 forte

539 5123 742 5191 reperti
766 5124 1253 5192 (quemadmodum
1296 5125 1437 5180 solet
1494 5127 1796 5181 necessitas
1847 5125 2109 5194 indagare

539 5215 755 5275 sedulo.
787 5231 909 5284 quae
944 5216 1141 5271 solatio
1164 5216 1270 5271 sibi
1303 5218 1660 5287 quantumvis
1714 5216 1932 5270 modico
1988 5232 2109 5270 esse

538 5308 796 5378 possint),
832 5308 1465 5380 eruderatipurgatique
1505 5309 1652 5364 illico
1682 5318 1814 5364 sunt
1835 5310 2110 5364 laboriosa

540 5400 841 5454 multorum
868 5415 1057 5469 opera.
1090 5400 1277 5455 Iussit'
1295 5403 1445 5470 ipsos
1466 5401 1667 5456 deinde
1690 5402 1926 5472 Symeon
1956 5417 2111 5471 aqua:

540 5491 766 5544 ductum
800 5507 867 5547 eo
899 5494 1103 5558 moliri,
1138 5495 1367 5565 autjam
1411 5493 1541 5548 olim
1590 5494 1852 5549 eilossur‘n
1915 5509 2114 5563 repur-

539 5596 690 5651 gare.
719 5583 941 5637 Jussum
1000 5584 1224 5640 factum.
1266 5584 1403 5639 Cum
1448 5584 1630 5639 denuo
1679 5584 1747 5640 ad
1804 5584 2113 5639 orationem

542 5674 885 5744 confugiens,
915 5674 1089 5741 illuni,
1112 5677 1208 5745 qui
1240 5678 1642 5731 ﬁrmamentum
1670 5677 1935 5732 cmlorum
1955 5678 2113 5749 aquis

2207 4499 2540 4568 ερχομένων,
2573 4503 2667 4554 καὶ
2701 4504 2847 4572 πάθη
2881 4505 3101 4558 ποικίλα
3127 4508 3258 4577 παρ’
3286 4504 3453 4559 αὐτοῦ
3484 4505 3730 4574 θεραπευο-

2208 4589 2407 4658 μένων,
2440 4590 2622 4663 αύτοίς
2650 4609 2709 4646 τε
2746 4595 2838 4646 καὶ
2864 4587 2945 4658 οἷς
2971 4598 3048 4660 είς
3080 4596 3387 4670 ὑπηρεσίαν
3422 4593 3638 4668 ἐχρῶντο
3665 4586 3731 4658 βο·

2203 4685 2501 4756 σκήμασιν,
2526 4685 2712 4739 ἐλύπει
2733 4687 2923 4752 δεινῶς
2957 4691 2989 4759 ἡ
3022 4691 3117 4743 τοῦ
3155 4693 3344 4758 ὕδατος
3370 4694 3582 4757 σπάνις·
3604 4687 3728 4752 ἐτύγ-

2203 4793 2365 4846 χανον
2383 4776 2441 4830 δὲ
2460 4777 2655 4833 λάκκοι
2672 4779 2765 4832 δύο
2790 4781 2854 4833 ἐκ
2872 4778 3119 4847 πλαγίων
3139 4782 3230 4836 τοῦ
3248 4781 3427 4854 ὅρους,
3444 4783 3531 4837 ἐπὶ
3548 4782 3634 4852 μὲν
3647 4776 3729 4829 τῶν

2212 4869 2544 4938 Ἑλληνικῶν
2566 4871 2774 4926 ἀνωθεν
2810 4876 3018 4945 καιρῶν
3039 4878 3119 4939 είς
3143 4875 3411 4948 ὑποδοχὴν
3441 4877 3626 4930 ὑδάτων
3656 4870 3729 4921 λα’

2201 4961 2555 5032 τομηθέντεε,
2587 4962 2670 5034 τῷ
2699 4962 2756 5016 δὲ
2794 4964 2973 5035 πολλῷ
2995 4966 3174 5037 χρόνῳ
3191 4967 3364 5038 ταύτῃ
3388 4958 3723 5036 συγκεχωσμέ’

2198 5067 2301 5115 νοι,
2317 5051 2393 5115 ὡς
2416 5052 2540 5122 μηδ’
2555 5054 2637 5107 ὅτι
2658 5053 2850 5108 λάκκοι
2873 5054 2981 5110 εἷεν
3004 5059 3388 5130 γνωρίζεσθαι·
3408 5051 3721 5128 ἀνευρέθησὼί

2198 5156 2256 5197 τε
2288 5145 2587 5214 τηνικαῦτα
2615 5147 2767 5219 παρά
2789 5148 2898 5202 τῶν
2935 5148 3130 5220 θχλων,
3149 5152 3269 5204 ἐπεὶ
3293 5152 3385 5205 καὶ
3410 5152 3627 5220 πέφυκεν
3647 5145 3720 5194 ἀν-

2201 5235 2432 5305 ιχνεύειν
2476 5236 2754 5305 ἐπιμελῶς
2803 5241 2834 5310 ἡ
2883 5241 3097 5308 ἀνάγκη
3120 5281 3135 5301 ,
3170 5242 3239 5295 τά
3266 5260 3387 5312 τινα
3420 5232 3714 5310 παραμυθίαν

2197 5324 2333 5397 αὐτῇ
2365 5325 2638 5396 παρέχειν
2667 5327 2945 5398 δυνάμενα
2974 5332 3066 5383 καὶ
3099 5331 3329 5402 μετρίαν
3350 5351 3362 5362 ·
3398 5321 3716 5394 ἀνεκαθάρθη’

2197 5433 2295 5468 σαν
2324 5417 2423 5487 μὲν
2451 5418 2609 5482 εὐθὺς
2635 5421 2727 5474 ὑπ’
2764 5422 2945 5476 αὐτῶν
2984 5422 3151 5494 πολλῇ
3185 5426 3279 5478 καὶ
3307 5423 3558 5493 φιλοπόνῳ
3586 5412 3712 5486 χειρῦ

2195 5507 2497 5576 προσέταξε
2543 5511 2599 5562 δὲ
2641 5513 2670 5564 ό
2713 5513 2858 5583 ἱερὸς
2903 5513 3151 5584 Συμεὼν,
3184 5518 3279 5569 καὶ
3306 5518 3421 5569 ἁδὺν
3455 5512 3532 5565 ἐπ’
3558 5504 3714 5563 αὐτοὺς

2194 5601 2309 5660 τοῖς
2339 5596 2494 5651 ὕδασι
2528 5604 2971 5672 μηχανήσασθαι,
3012 5605 3045 5675 ἦ
3080 5605 3176 5659 καὶ
3200 5608 3300 5678 τὴν
3335 5605 3488 5661 πάλαι
3516 5610 3712 5674 tum”?
3790 5672 3791 5683 γ

2196 5691 2382 5746 θεῖσαν
2406 5691 2760 5764 διακαθᾶραι.
2789 5698 2969 5767 Ὅπερ
3013 5699 3107 5753 οὖν
3134 5701 3209 5764 ὡς
3240 5700 3484 5755 ἐκέλευσε
3514 5688 3703 5766 γεγονὸς»
