  <div class='ocr_page' id='page_1' title='image "/cluster/home/n/w/nwhite01/storage/ocr_20150623/86 pt.2/mdp.39015008855424/666.png"; bbox 0 0 3980 6296; ppageno 0'>
   <div class='ocr_carea' id='block_1_1' title="bbox 117 371 269 435">
    <p class='ocr_par' dir='ltr' id='par_1_1' title="bbox 117 371 269 435">
     <span class='ocr_line' id='line_1_1' title="bbox 117 371 269 435; baseline -0.013 0"><span class='ocrx_word' id='word_1_1' title='bbox 117 371 269 435; x_wconf 71' lang='grc' dir='ltr'><strong>ΒΎΠ</strong></span> 
     </span>
    </p>
   </div>
   <div class='ocr_carea' id='block_1_2' title="bbox 1148 338 2408 414">
    <p class='ocr_par' dir='ltr' id='par_1_2' title="bbox 1148 338 2408 414">
     <span class='ocr_line' id='line_1_2' title="bbox 1148 338 2408 414; baseline -0.01 -1"><span class='ocrx_word' id='word_1_2' title='bbox 1148 354 1319 414; x_wconf 68' lang='grc' dir='ltr'><strong>ΥῘΤᾹ</strong></span> <span class='ocrx_word' id='word_1_3' title='bbox 1363 350 1404 407; x_wconf 88' lang='grc' dir='ltr'><strong>Α</strong></span> <span class='ocrx_word' id='word_1_4' title='bbox 1445 343 1884 407; x_wconf 77' lang='lat' dir='ltr'><strong>NICEPHORO</strong></span> <span class='ocrx_word' id='word_1_5' title='bbox 1919 338 2408 404; x_wconf 70' lang='lat' dir='ltr'><strong>CONSCRIPTA.</strong></span> 
     </span>
    </p>
   </div>
   <div class='ocr_carea' id='block_1_3' title="bbox 3259 332 3405 398">
    <p class='ocr_par' dir='ltr' id='par_1_3' title="bbox 3259 332 3405 398">
     <span class='ocr_line' id='line_1_3' title="bbox 3259 332 3405 398; baseline 0.007 -1"><span class='ocrx_word' id='word_1_6' title='bbox 3259 332 3405 398; x_wconf 63' lang='lat'><strong>3078</strong></span> 
     </span>
    </p>
   </div>
   <div class='ocr_carea' id='block_1_4' title="bbox 116 449 1730 551">
    <p class='ocr_par' dir='ltr' id='par_1_4' title="bbox 116 457 1723 551">
     <span class='ocr_line' id='line_1_4' title="bbox 116 457 1723 551; baseline -0.019 -12"><span class='ocrx_word' id='word_1_7' title='bbox 116 483 311 540; x_wconf 79' lang='grc' dir='ltr'>δεῖται</span> <span class='ocrx_word' id='word_1_8' title='bbox 355 480 452 551; x_wconf 74' lang='grc' dir='ltr'>μὲν</span> <span class='ocrx_word' id='word_1_9' title='bbox 493 475 585 530; x_wconf 72' lang='grc' dir='ltr'>καὶ</span> <span class='ocrx_word' id='word_1_10' title='bbox 618 473 777 529; x_wconf 84' lang='grc' dir='ltr'>πάλιν</span> <span class='ocrx_word' id='word_1_11' title='bbox 810 469 972 531; x_wconf 77' lang='grc' dir='ltr'>αὐτὸς</span> <span class='ocrx_word' id='word_1_12' title='bbox 1002 464 1095 519; x_wconf 78' lang='grc' dir='ltr'><strong>τοῦ</strong></span> <span class='ocrx_word' id='word_1_13' title='bbox 1123 466 1178 515; x_wconf 78' lang='grc' dir='ltr'>ἐν</span> <span class='ocrx_word' id='word_1_14' title='bbox 1207 460 1361 515; x_wconf 72' lang='grc' dir='ltr'>ὕδασι</span> <span class='ocrx_word' id='word_1_15' title='bbox 1392 460 1462 512; x_wconf 73' lang='grc' dir='ltr'><strong>τὰ</strong></span> <span class='ocrx_word' id='word_1_16' title='bbox 1498 457 1723 527; x_wconf 79' lang='grc' dir='ltr'>ὑπερῷα</span> 
     </span>
    </p>
   </div>
   <div class='ocr_carea' id='block_1_5' title="bbox 1837 449 3407 551">
    <p class='ocr_par' dir='ltr' id='par_1_5' title="bbox 1837 449 3407 525">
     <span class='ocr_line' id='line_1_5' title="bbox 1837 449 3407 525; baseline -0.006 -13"><span class='ocrx_word' id='word_1_17' title='bbox 1837 457 2060 521; x_wconf 81' lang='lat' dir='ltr'><strong>stabilit,</strong></span> <span class='ocrx_word' id='word_1_18' title='bbox 2096 456 2457 525; x_wconf 87' lang='lat' dir='ltr'><strong>deprecatur:</strong></span> <span class='ocrx_word' id='word_1_19' title='bbox 2501 464 2557 507; x_wconf 82' lang='lat' dir='ltr'><strong>et</strong></span> <span class='ocrx_word' id='word_1_20' title='bbox 2582 459 2873 505; x_wconf 73' lang='lat' dir='ltr'><strong>cataracta:</strong></span> <span class='ocrx_word' id='word_1_21' title='bbox 2908 449 3143 505; x_wconf 82' lang='lat' dir='ltr'><strong>‘illorum</strong></span> <span class='ocrx_word' id='word_1_22' title='bbox 3202 460 3407 517; x_wconf 73' lang='lat' dir='ltr'><strong>aperta:</strong></span> 
     </span>
    </p>
   </div>
   <div class='ocr_carea' id='block_1_6' title="bbox 122 549 1719 641">
    <p class='ocr_par' dir='ltr' id='par_1_6' title="bbox 122 549 1719 641">
     <span class='ocr_line' id='line_1_6' title="bbox 122 549 1719 641; baseline -0.018 -13"><span class='ocrx_word' id='word_1_23' title='bbox 122 549 518 641; x_wconf 71' lang='grc' dir='ltr'>στεγάζοντος,</span> <span class='ocrx_word' id='word_1_24' title='bbox 542 566 699 634; x_wconf 83' lang='grc' dir='ltr'>θύραι</span> <span class='ocrx_word' id='word_1_25' title='bbox 733 563 788 614; x_wconf 78' lang='grc' dir='ltr'>δὲ</span> <span class='ocrx_word' id='word_1_26' title='bbox 810 557 1037 630; x_wconf 81' lang='grc' dir='ltr'>ούρανοῦ</span> <span class='ocrx_word' id='word_1_27' title='bbox 1062 553 1421 624; x_wconf 74' lang='grc' dir='ltr'>ἁνεῲγνυντο,</span> <span class='ocrx_word' id='word_1_28' title='bbox 1450 551 1541 603; x_wconf 70' lang='grc' dir='ltr'>καὶ</span> <span class='ocrx_word' id='word_1_29' title='bbox 1566 549 1719 612; x_wconf 81' lang='grc' dir='ltr'>ὑετὸς</span> 
     </span>
    </p>
   </div>
   <div class='ocr_carea' id='block_1_7' title="bbox 119 649 1184 731">
    <p class='ocr_par' dir='ltr' id='par_1_7' title="bbox 119 649 1184 731">
     <span class='ocr_line' id='line_1_7' title="bbox 119 649 1184 731; baseline -0.018 -13"><span class='ocrx_word' id='word_1_30' title='bbox 119 664 441 731; x_wconf 70' lang='grc' dir='ltr'><strong>ἑκατέρους</strong></span> <span class='ocrx_word' id='word_1_31' title='bbox 468 658 666 716; x_wconf 78' lang='grc' dir='ltr'>αὖτοὺς</span> <span class='ocrx_word' id='word_1_32' title='bbox 696 654 894 715; x_wconf 77' lang='grc' dir='ltr'>εὐθέως</span> <span class='ocrx_word' id='word_1_33' title='bbox 923 649 1184 717; x_wconf 68' lang='grc' dir='ltr'>ἐπλήρου.</span> 
     </span>
    </p>
   </div>
   <div class='ocr_carea' id='block_1_8' title="bbox 158 735 1721 823">
    <p class='ocr_par' dir='ltr' id='par_1_8' title="bbox 158 735 1721 823">
     <span class='ocr_line' id='line_1_8' title="bbox 158 735 1721 823; baseline -0.016 -12"><span class='ocrx_word' id='word_1_34' title='bbox 158 768 171 775; x_wconf 82' lang='lat'><strong><em>&#39;</em></strong></span> <span class='ocrx_word' id='word_1_35' title='bbox 204 757 316 823; x_wconf 58' lang='grc' dir='ltr'>ἰ-,ζκ</span> <span class='ocrx_word' id='word_1_36' title='bbox 350 755 415 807; x_wconf 85' lang='grc' dir='ltr'><strong>Οί</strong></span> <span class='ocrx_word' id='word_1_37' title='bbox 464 753 643 822; x_wconf 89' lang='grc' dir='ltr'>μέντοι</span> <span class='ocrx_word' id='word_1_38' title='bbox 682 745 919 818; x_wconf 79' lang='grc' dir='ltr'>μαθηταὶ</span> <span class='ocrx_word' id='word_1_39' title='bbox 974 741 1094 795; x_wconf 87' lang='grc' dir='ltr'>καθ’</span> <span class='ocrx_word' id='word_1_40' title='bbox 1148 738 1401 799; x_wconf 74' lang='grc' dir='ltr'>ἑαυτοὺς,</span> <span class='ocrx_word' id='word_1_41' title='bbox 1431 735 1566 790; x_wconf 81' lang='grc' dir='ltr'><strong>ἀλλά</strong></span> <span class='ocrx_word' id='word_1_42' title='bbox 1625 736 1721 788; x_wconf 75' lang='grc' dir='ltr'><strong>καὶ</strong></span> 
     </span>
    </p>
   </div>
   <div class='ocr_carea' id='block_1_9' title="bbox 128 827 1722 917">
    <p class='ocr_par' dir='ltr' id='par_1_9' title="bbox 128 827 1722 917">
     <span class='ocr_line' id='line_1_9' title="bbox 128 827 1722 917; baseline -0.014 -17"><span class='ocrx_word' id='word_1_43' title='bbox 128 848 283 917; x_wconf 83' lang='grc' dir='ltr'>πρὸς</span> <span class='ocrx_word' id='word_1_44' title='bbox 310 845 572 915; x_wconf 80' lang='grc' dir='ltr'><strong>ἀλλήλους</strong></span> <span class='ocrx_word' id='word_1_45' title='bbox 595 839 960 902; x_wconf 75' lang='grc' dir='ltr'>ἐνδοιάζοντες</span> <span class='ocrx_word' id='word_1_46' title='bbox 981 829 1145 904; x_wconf 75' lang='grc' dir='ltr'>ἦσαν,</span> <span class='ocrx_word' id='word_1_47' title='bbox 1170 833 1217 884; x_wconf 81' lang='grc' dir='ltr'><strong>εί</strong></span> <span class='ocrx_word' id='word_1_48' title='bbox 1241 829 1387 895; x_wconf 72' lang='grc' dir='ltr'>ἅπαξ</span> <span class='ocrx_word' id='word_1_49' title='bbox 1420 827 1722 910; x_wconf 30' lang='grc' dir='ltr'>οὓτωυπλη·</span> 
     </span>
    </p>
   </div>
   <div class='ocr_carea' id='block_1_10' title="bbox 134 917 1719 1010">
    <p class='ocr_par' dir='ltr' id='par_1_10' title="bbox 134 917 1719 1010">
     <span class='ocr_line' id='line_1_10' title="bbox 134 917 1719 1010; baseline -0.015 -19"><span class='ocrx_word' id='word_1_50' title='bbox 134 937 417 1010; x_wconf 82' lang='grc' dir='ltr'>ρωθέντες</span> <span class='ocrx_word' id='word_1_51' title='bbox 456 935 508 986; x_wconf 79' lang='grc' dir='ltr'><strong>οἱ</strong></span> <span class='ocrx_word' id='word_1_52' title='bbox 559 932 749 985; x_wconf 84' lang='grc' dir='ltr'>λάκκοι</span> <span class='ocrx_word' id='word_1_53' title='bbox 774 968 789 994; x_wconf 94' lang='grc'><strong>,</strong></span> <span class='ocrx_word' id='word_1_54' title='bbox 826 926 1058 996; x_wconf 78' lang='grc' dir='ltr'><strong>πλήθεσι</strong></span> <span class='ocrx_word' id='word_1_55' title='bbox 1093 923 1368 984; x_wconf 82' lang='grc' dir='ltr'><strong>τοσούτοις</strong></span> <span class='ocrx_word' id='word_1_56' title='bbox 1405 921 1501 972; x_wconf 75' lang='grc' dir='ltr'>καὶ</span> <span class='ocrx_word' id='word_1_57' title='bbox 1549 917 1719 979; x_wconf 73' lang='grc' dir='ltr'>οὔτως</span> 
     </span>
    </p>
   </div>
   <div class='ocr_carea' id='block_1_11' title="bbox 123 1011 1719 1099">
    <p class='ocr_par' dir='ltr' id='par_1_11' title="bbox 123 1011 1719 1099">
     <span class='ocr_line' id='line_1_11' title="bbox 123 1011 1719 1099; baseline -0.013 -17"><span class='ocrx_word' id='word_1_58' title='bbox 123 1027 379 1099; x_wconf 84' lang='grc' dir='ltr'>ἀριθμοῦ</span> <span class='ocrx_word' id='word_1_59' title='bbox 412 1025 717 1096; x_wconf 73' lang='grc' dir='ltr'><strong>κρείττοσιν</strong></span> <span class='ocrx_word' id='word_1_60' title='bbox 752 1019 838 1087; x_wconf 67' lang='grc' dir='ltr'><strong>ἐφ’</strong></span> <span class='ocrx_word' id='word_1_61' title='bbox 874 1017 1058 1072; x_wconf 83' lang='grc' dir='ltr'>ἱκανὸν</span> <span class='ocrx_word' id='word_1_62' title='bbox 1098 1015 1329 1086; x_wconf 77' lang='grc' dir='ltr'><strong>ἀρκέσαι</strong></span> <span class='ocrx_word' id='word_1_63' title='bbox 1377 1011 1719 1079; x_wconf 70' lang='grc' dir='ltr'><strong>δυνήσονται.</strong></span> 
     </span>
    </p>
   </div>
   <div class='ocr_carea' id='block_1_12' title="bbox 124 1101 1725 1183">
    <p class='ocr_par' dir='ltr' id='par_1_12' title="bbox 124 1101 1725 1183">
     <span class='ocr_line' id='line_1_12' title="bbox 124 1101 1725 1183; baseline -0.012 -11"><span class='ocrx_word' id='word_1_64' title='bbox 124 1118 315 1172; x_wconf 74' lang='grc' dir='ltr'>Τοῦτο</span> <span class='ocrx_word' id='word_1_65' title='bbox 366 1118 423 1170; x_wconf 80' lang='grc' dir='ltr'>δὲ</span> <span class='ocrx_word' id='word_1_66' title='bbox 469 1116 665 1183; x_wconf 77' lang='grc' dir='ltr'><strong>γνόντα</strong></span> <span class='ocrx_word' id='word_1_67' title='bbox 701 1113 796 1165; x_wconf 86' lang='grc' dir='ltr'><strong>τὸν</strong></span> <span class='ocrx_word' id='word_1_68' title='bbox 827 1112 1019 1178; x_wconf 76' lang='grc' dir='ltr'>Ἀγιον</span> <span class='ocrx_word' id='word_1_69' title='bbox 1045 1108 1142 1161; x_wconf 73' lang='grc' dir='ltr'>ἕνα</span> <span class='ocrx_word' id='word_1_70' title='bbox 1175 1104 1404 1159; x_wconf 84' lang='grc' dir='ltr'>καλέσαι</span> <span class='ocrx_word' id='word_1_71' title='bbox 1441 1101 1549 1156; x_wconf 90' lang='grc' dir='ltr'><strong>τῶν</strong></span> <span class='ocrx_word' id='word_1_72' title='bbox 1569 1101 1725 1154; x_wconf 78' lang='grc' dir='ltr'>ἅδε).-</span> 
     </span>
    </p>
   </div>
   <div class='ocr_carea' id='block_1_13' title="bbox 123 1192 1724 1279">
    <p class='ocr_par' dir='ltr' id='par_1_13' title="bbox 123 1192 1724 1279">
     <span class='ocr_line' id='line_1_13' title="bbox 123 1192 1724 1279; baseline -0.012 -17"><span class='ocrx_word' id='word_1_73' title='bbox 123 1210 259 1279; x_wconf 73' lang='grc' dir='ltr'>ιρῶν</span> <span class='ocrx_word' id='word_1_74' title='bbox 290 1211 348 1261; x_wconf 84' lang='grc' dir='ltr'>ὲν</span> <span class='ocrx_word' id='word_1_75' title='bbox 379 1208 595 1278; x_wconf 75' lang='grc' dir='ltr'>ἐπηκόῳ</span> <span class='ocrx_word' id='word_1_76' title='bbox 623 1207 864 1268; x_wconf 88' lang='grc' dir='ltr'>πάντων,</span> <span class='ocrx_word' id='word_1_77' title='bbox 906 1200 1191 1255; x_wconf 79' lang='grc' dir='ltr'><strong>’Λντώνιον</strong></span> <span class='ocrx_word' id='word_1_78' title='bbox 1219 1198 1411 1266; x_wconf 78' lang='grc' dir='ltr'>ὄνομα,</span> <span class='ocrx_word' id='word_1_79' title='bbox 1447 1196 1545 1250; x_wconf 74' lang='grc' dir='ltr'>καὶ</span> <span class='ocrx_word' id='word_1_80' title='bbox 1583 1192 1724 1262; x_wconf 76' lang='grc' dir='ltr'>πρὸς</span> 
     </span>
    </p>
   </div>
   <div class='ocr_carea' id='block_1_14' title="bbox 121 1286 1726 1368">
    <p class='ocr_par' dir='ltr' id='par_1_14' title="bbox 121 1286 1726 1368">
     <span class='ocr_line' id='line_1_14' title="bbox 121 1286 1726 1368; baseline -0.009 -15"><span class='ocrx_word' id='word_1_81' title='bbox 121 1301 324 1363; x_wconf 80' lang='grc' dir='ltr'>αὑτὸν,</span> <span class='ocrx_word' id='word_1_82' title='bbox 358 1293 574 1360; x_wconf 84' lang='grc' dir='ltr'>Λαϐὼν,</span> <span class='ocrx_word' id='word_1_83' title='bbox 613 1297 771 1368; x_wconf 68' lang='grc' dir='ltr'>φησὶ,</span> <span class='ocrx_word' id='word_1_84' title='bbox 810 1297 1021 1365; x_wconf 84' lang='grc' dir='ltr'>σχοῖνον</span> <span class='ocrx_word' id='word_1_85' title='bbox 1074 1291 1230 1347; x_wconf 79' lang='grc' dir='ltr'>ἄπιθι</span> <span class='ocrx_word' id='word_1_86' title='bbox 1281 1289 1580 1360; x_wconf 83' lang='grc' dir='ltr'>δρομαίως,</span> <span class='ocrx_word' id='word_1_87' title='bbox 1630 1286 1726 1338; x_wconf 73' lang='grc' dir='ltr'>καὶ</span> 
     </span>
    </p>
   </div>
   <div class='ocr_carea' id='block_1_15' title="bbox 121 1376 1723 1462">
    <p class='ocr_par' dir='ltr' id='par_1_15' title="bbox 121 1376 1723 1462">
     <span class='ocr_line' id='line_1_15' title="bbox 121 1376 1723 1462; baseline -0.01 -17"><span class='ocrx_word' id='word_1_88' title='bbox 121 1393 384 1462; x_wconf 79' lang='grc' dir='ltr'>χαλάσας</span> <span class='ocrx_word' id='word_1_89' title='bbox 422 1392 694 1460; x_wconf 76' lang='grc' dir='ltr'>μέτρησον</span> <span class='ocrx_word' id='word_1_90' title='bbox 725 1387 785 1440; x_wconf 90' lang='grc' dir='ltr'><strong>τὸ</strong></span> <span class='ocrx_word' id='word_1_91' title='bbox 819 1388 877 1438; x_wconf 86' lang='grc' dir='ltr'>ὲν</span> <span class='ocrx_word' id='word_1_92' title='bbox 914 1387 1028 1445; x_wconf 83' lang='grc' dir='ltr'>τοῖς</span> <span class='ocrx_word' id='word_1_93' title='bbox 1077 1384 1306 1445; x_wconf 79' lang='grc' dir='ltr'><strong>λάκκοις</strong></span> <span class='ocrx_word' id='word_1_94' title='bbox 1359 1381 1525 1451; x_wconf 74' lang='grc' dir='ltr'>ὕδωρ.</span> <span class='ocrx_word' id='word_1_95' title='bbox 1564 1376 1623 1432; x_wconf 82' lang='grc' dir='ltr'>Ὀ</span> <span class='ocrx_word' id='word_1_96' title='bbox 1666 1378 1723 1430; x_wconf 77' lang='grc' dir='ltr'>δὲ</span> 
     </span>
    </p>
   </div>
   <div class='ocr_carea' id='block_1_16' title="bbox 117 1473 1724 1552">
    <p class='ocr_par' dir='ltr' id='par_1_16' title="bbox 117 1473 1724 1552">
     <span class='ocr_line' id='line_1_16' title="bbox 117 1473 1724 1552; baseline -0.008 -17"><span class='ocrx_word' id='word_1_97' title='bbox 117 1484 228 1536; x_wconf 81' lang='grc' dir='ltr'><strong>τὸν</strong></span> <span class='ocrx_word' id='word_1_98' title='bbox 254 1484 463 1552; x_wconf 73' lang='grc' dir='ltr'>σχοῖνον</span> <span class='ocrx_word' id='word_1_99' title='bbox 491 1481 564 1542; x_wconf 84' lang='grc' dir='ltr'>ὡς</span> <span class='ocrx_word' id='word_1_100' title='bbox 589 1479 873 1532; x_wconf 74' lang='grc' dir='ltr'><strong>ἐντέταλτο</strong></span> <span class='ocrx_word' id='word_1_101' title='bbox 906 1476 1095 1538; x_wconf 73' lang='grc' dir='ltr'>καθεὶς</span> <span class='ocrx_word' id='word_1_102' title='bbox 1114 1476 1207 1528; x_wconf 76' lang='grc' dir='ltr'>καὶ</span> <span class='ocrx_word' id='word_1_103' title='bbox 1243 1473 1522 1545; x_wconf 81' lang='grc' dir='ltr'><strong>μετρήσας</strong></span> <span class='ocrx_word' id='word_1_104' title='bbox 1554 1473 1724 1524; x_wconf 79' lang='grc' dir='ltr'>ἐπαν-</span> 
     </span>
    </p>
   </div>
   <div class='ocr_carea' id='block_1_17' title="bbox 122 1556 1725 1643">
    <p class='ocr_par' dir='ltr' id='par_1_17' title="bbox 122 1556 1725 1643">
     <span class='ocr_line' id='line_1_17' title="bbox 122 1556 1725 1643; baseline -0.011 -18"><span class='ocrx_word' id='word_1_105' title='bbox 122 1571 361 1643; x_wconf 83' lang='grc' dir='ltr'>ῆκε,τῷ</span> <span class='ocrx_word' id='word_1_106' title='bbox 396 1586 454 1621; x_wconf 91' lang='grc' dir='ltr'><strong>τε</strong></span> <span class='ocrx_word' id='word_1_107' title='bbox 496 1568 663 1637; x_wconf 78' lang='grc' dir='ltr'>’Δγξῳ</span> <span class='ocrx_word' id='word_1_108' title='bbox 689 1567 785 1619; x_wconf 71' lang='grc' dir='ltr'><strong>κα)⁵</strong></span> <span class='ocrx_word' id='word_1_109' title='bbox 830 1567 942 1627; x_wconf 85' lang='grc' dir='ltr'>τοῖς</span> <span class='ocrx_word' id='word_1_110' title='bbox 976 1561 1210 1633; x_wconf 80' lang='grc' dir='ltr'>παροῦσι</span> <span class='ocrx_word' id='word_1_111' title='bbox 1278 1560 1338 1614; x_wconf 83' lang='grc' dir='ltr'>τὸ</span> <span class='ocrx_word' id='word_1_112' title='bbox 1392 1558 1487 1611; x_wconf 87' lang='grc' dir='ltr'>τοῦ</span> <span class='ocrx_word' id='word_1_113' title='bbox 1533 1556 1725 1618; x_wconf 81' lang='grc' dir='ltr'>ὓδατος</span> 
     </span>
    </p>
   </div>
   <div class='ocr_carea' id='block_1_18' title="bbox 1822 541 3186 618">
    <p class='ocr_par' dir='ltr' id='par_1_18' title="bbox 1822 541 3186 618">
     <span class='ocr_line' id='line_1_18' title="bbox 1822 541 3186 618; baseline -0.009 -13"><span class='ocrx_word' id='word_1_114' title='bbox 1822 559 1972 615; x_wconf 87' lang='lat' dir='ltr'><strong>sunt,</strong></span> <span class='ocrx_word' id='word_1_115' title='bbox 2000 558 2055 603; x_wconf 89' lang='lat' dir='ltr'><strong>et</strong></span> <span class='ocrx_word' id='word_1_116' title='bbox 2083 549 2266 618; x_wconf 88' lang='lat' dir='ltr'><strong>pluvia</strong></span> <span class='ocrx_word' id='word_1_117' title='bbox 2297 557 2597 615; x_wconf 88' lang='lat' dir='ltr'><strong>utrumque</strong></span> <span class='ocrx_word' id='word_1_118' title='bbox 2620 544 2801 597; x_wconf 88' lang='lat' dir='ltr'><strong>laeum</strong></span> <span class='ocrx_word' id='word_1_119' title='bbox 2845 541 3186 610; x_wconf 86' lang='lat' dir='ltr'><strong>adimplevit.</strong></span> 
     </span>
    </p>
   </div>
   <div class='ocr_carea' id='block_1_19' title="bbox 1896 694 3407 792">
    <p class='ocr_par' dir='ltr' id='par_1_19' title="bbox 1896 694 3407 792">
     <span class='ocr_line' id='line_1_19' title="bbox 1896 694 3407 792; baseline -0.008 -13"><span class='ocrx_word' id='word_1_120' title='bbox 1896 725 1986 779; x_wconf 83' lang='lat'><strong>97.</strong></span> <span class='ocrx_word' id='word_1_121' title='bbox 2020 723 2340 778; x_wconf 85' lang='lat' dir='ltr'><strong>Pcndebant</strong></span> <span class='ocrx_word' id='word_1_122' title='bbox 2366 736 2533 792; x_wconf 88' lang='lat' dir='ltr'><strong>porro</strong></span> <span class='ocrx_word' id='word_1_123' title='bbox 2562 718 2765 776; x_wconf 86' lang='lat' dir='ltr'><strong>animis</strong></span> <span class='ocrx_word' id='word_1_124' title='bbox 2791 694 3074 787; x_wconf 75' lang='lat' dir='ltr'><strong>discipuli,</strong></span> <span class='ocrx_word' id='word_1_125' title='bbox 3121 731 3221 770; x_wconf 89' lang='lat' dir='ltr'><strong>nec</strong></span> <span class='ocrx_word' id='word_1_126' title='bbox 3253 714 3407 769; x_wconf 80' lang='lat' dir='ltr'><strong>solli-</strong></span> 
     </span>
    </p>
   </div>
   <div class='ocr_carea' id='block_1_20' title="bbox 1824 805 3403 871">
    <p class='ocr_par' dir='ltr' id='par_1_20' title="bbox 1824 805 3403 871">
     <span class='ocr_line' id='line_1_20' title="bbox 1824 805 3403 871; baseline -0.008 0"><span class='ocrx_word' id='word_1_127' title='bbox 1824 816 2127 871; x_wconf 84' lang='lat' dir='ltr'><strong>citudinem</strong></span> <span class='ocrx_word' id='word_1_128' title='bbox 2152 830 2306 870; x_wconf 88' lang='lat' dir='ltr'><strong>suam</strong></span> <span class='ocrx_word' id='word_1_129' title='bbox 2338 813 2435 868; x_wconf 85' lang='lat' dir='ltr'><strong>alii</strong></span> <span class='ocrx_word' id='word_1_130' title='bbox 2477 812 2604 867; x_wconf 92' lang='lat' dir='ltr'><strong>aliis</strong></span> <span class='ocrx_word' id='word_1_131' title='bbox 2626 810 2912 868; x_wconf 83' lang='lat' dir='ltr'><strong>celabant;</strong></span> <span class='ocrx_word' id='word_1_132' title='bbox 2960 823 3092 861; x_wconf 90' lang='lat' dir='ltr'><strong>num</strong></span> <span class='ocrx_word' id='word_1_133' title='bbox 3130 807 3202 860; x_wconf 83' lang='lat' dir='ltr'><strong>ita</strong></span> <span class='ocrx_word' id='word_1_134' title='bbox 3235 805 3403 861; x_wconf 86' lang='lat' dir='ltr'><strong>semel</strong></span> 
     </span>
    </p>
   </div>
   <div class='ocr_carea' id='block_1_21' title="bbox 1825 899 3409 977">
    <p class='ocr_par' dir='ltr' id='par_1_21' title="bbox 1825 899 3409 977">
     <span class='ocr_line' id='line_1_21' title="bbox 1825 899 3409 977; baseline -0.006 -16"><span class='ocrx_word' id='word_1_135' title='bbox 1825 908 2021 977; x_wconf 76' lang='lat' dir='ltr'><strong>repleti</strong></span> <span class='ocrx_word' id='word_1_136' title='bbox 2055 907 2211 963; x_wconf 87' lang='lat' dir='ltr'><strong>lacus</strong></span> <span class='ocrx_word' id='word_1_137' title='bbox 2266 916 2376 960; x_wconf 89' lang='lat' dir='ltr'><strong>tam</strong></span> <span class='ocrx_word' id='word_1_138' title='bbox 2405 905 2679 973; x_wconf 77' lang='lat' dir='ltr'><strong>frequenti</strong></span> <span class='ocrx_word' id='word_1_139' title='bbox 2706 911 2873 972; x_wconf 87' lang='lat' dir='ltr'><strong>atque</strong></span> <span class='ocrx_word' id='word_1_140' title='bbox 2902 915 3213 955; x_wconf 72' lang='lat' dir='ltr'><strong>numerosa:</strong></span> <span class='ocrx_word' id='word_1_141' title='bbox 3246 899 3409 953; x_wconf 12' lang='lat' dir='ltr'><strong>amul-</strong></span> 
     </span>
    </p>
   </div>
   <div class='ocr_carea' id='block_1_22' title="bbox 1824 991 3407 1056">
    <p class='ocr_par' dir='ltr' id='par_1_22' title="bbox 1824 991 3407 1056">
     <span class='ocr_line' id='line_1_22' title="bbox 1824 991 3407 1056; baseline -0.008 -1"><span class='ocrx_word' id='word_1_142' title='bbox 1824 998 2052 1055; x_wconf 84' lang='lat' dir='ltr'><strong>titudini</strong></span> <span class='ocrx_word' id='word_1_143' title='bbox 2105 998 2393 1055; x_wconf 82' lang='lat' dir='ltr'><strong>suti‘ecturi</strong></span> <span class='ocrx_word' id='word_1_144' title='bbox 2439 1005 2643 1052; x_wconf 85' lang='lat' dir='ltr'><strong>essent.</strong></span> <span class='ocrx_word' id='word_1_145' title='bbox 2678 996 2756 1050; x_wconf 70' lang='lat' dir='ltr'><strong>[ie</strong></span> <span class='ocrx_word' id='word_1_146' title='bbox 2816 994 3120 1056; x_wconf 82' lang='lat' dir='ltr'><strong>intellecta,</strong></span> <span class='ocrx_word' id='word_1_147' title='bbox 3167 991 3407 1045; x_wconf 76' lang='lat' dir='ltr'><strong>accersit</strong></span> 
     </span>
    </p>
   </div>
   <div class='ocr_carea' id='block_1_23' title="bbox 1824 1080 3405 1151">
    <p class='ocr_par' dir='ltr' id='par_1_23' title="bbox 1824 1080 3405 1151">
     <span class='ocr_line' id='line_1_23' title="bbox 1824 1080 3405 1151; baseline -0.007 -5"><span class='ocrx_word' id='word_1_148' title='bbox 1824 1099 2050 1151; x_wconf 83' lang='lat' dir='ltr'><strong>sanctus</strong></span> <span class='ocrx_word' id='word_1_149' title='bbox 2104 1106 2275 1146; x_wconf 90' lang='lat' dir='ltr'><strong>unum</strong></span> <span class='ocrx_word' id='word_1_150' title='bbox 2309 1106 2340 1145; x_wconf 89' lang='lat' dir='ltr'><strong>e</strong></span> <span class='ocrx_word' id='word_1_151' title='bbox 2369 1089 2635 1143; x_wconf 72' lang='lat' dir='ltr'><strong>fratribus</strong></span> <span class='ocrx_word' id='word_1_152' title='bbox 2682 1087 2736 1141; x_wconf 92' lang='lat' dir='ltr'><strong>in</strong></span> <span class='ocrx_word' id='word_1_153' title='bbox 2764 1101 2968 1141; x_wconf 78' lang='lat' dir='ltr'><strong>corona</strong></span> <span class='ocrx_word' id='word_1_154' title='bbox 3021 1083 3293 1146; x_wconf 89' lang='lat' dir='ltr'><strong>omnium,</strong></span> <span class='ocrx_word' id='word_1_155' title='bbox 3315 1080 3405 1137; x_wconf 90' lang='lat' dir='ltr'><strong>cui</strong></span> 
     </span>
    </p>
   </div>
   <div class='ocr_carea' id='block_1_24' title="bbox 1826 1174 3408 1249">
    <p class='ocr_par' dir='ltr' id='par_1_24' title="bbox 1826 1174 3408 1249">
     <span class='ocr_line' id='line_1_24' title="bbox 1826 1174 3408 1249; baseline -0.006 -12"><span class='ocrx_word' id='word_1_156' title='bbox 1826 1181 2027 1237; x_wconf 82' lang='lat' dir='ltr'><strong>nomen</strong></span> <span class='ocrx_word' id='word_1_157' title='bbox 2079 1181 2357 1246; x_wconf 88' lang='lat' dir='ltr'><strong>Antonio,</strong></span> <span class='ocrx_word' id='word_1_158' title='bbox 2409 1180 2700 1249; x_wconf 82' lang='lat' dir='ltr'><strong>dicitque:</strong></span> <span class='ocrx_word' id='word_1_159' title='bbox 2747 1178 3047 1246; x_wconf 85' lang='lat' dir='ltr'><strong>Assumpto</strong></span> <span class='ocrx_word' id='word_1_160' title='bbox 3090 1176 3251 1240; x_wconf 89' lang='lat' dir='ltr'><strong>fune,</strong></span> <span class='ocrx_word' id='word_1_161' title='bbox 3294 1174 3408 1228; x_wconf 88' lang='lat' dir='ltr'><strong>cito</strong></span> 
     </span>
    </p>
   </div>
   <div class='ocr_carea' id='block_1_25' title="bbox 1825 1265 3405 1340">
    <p class='ocr_par' dir='ltr' id='par_1_25' title="bbox 1825 1265 3405 1340">
     <span class='ocr_line' id='line_1_25' title="bbox 1825 1265 3405 1340; baseline -0.008 -12"><span class='ocrx_word' id='word_1_162' title='bbox 1825 1273 1937 1337; x_wconf 85' lang='lat' dir='ltr'><strong>abi,</strong></span> <span class='ocrx_word' id='word_1_163' title='bbox 1970 1273 2325 1340; x_wconf 83' lang='lat' dir='ltr'><strong>demisseque</strong></span> <span class='ocrx_word' id='word_1_164' title='bbox 2357 1270 2413 1324; x_wconf 90' lang='lat' dir='ltr'><strong>in</strong></span> <span class='ocrx_word' id='word_1_165' title='bbox 2435 1270 2612 1333; x_wconf 88' lang='lat' dir='ltr'><strong>lacus,</strong></span> <span class='ocrx_word' id='word_1_166' title='bbox 2630 1268 2830 1322; x_wconf 90' lang='lat' dir='ltr'><strong>metire</strong></span> <span class='ocrx_word' id='word_1_167' title='bbox 2854 1265 3203 1321; x_wconf 84' lang='lat' dir='ltr'><strong>altitudinem</strong></span> <span class='ocrx_word' id='word_1_168' title='bbox 3228 1278 3405 1333; x_wconf 69' lang='lat' dir='ltr'><strong>aqum.</strong></span> 
     </span>
    </p>
   </div>
   <div class='ocr_carea' id='block_1_26' title="bbox 1825 1356 3408 1441">
    <p class='ocr_par' dir='ltr' id='par_1_26' title="bbox 1825 1356 3408 1441">
     <span class='ocr_line' id='line_1_26' title="bbox 1825 1356 3408 1441; baseline -0.009 -19"><span class='ocrx_word' id='word_1_169' title='bbox 1825 1367 2046 1441; x_wconf 54' lang='lat' dir='ltr'><strong>lassum</strong></span> <span class='ocrx_word' id='word_1_170' title='bbox 2075 1365 2165 1419; x_wconf 90' lang='lat' dir='ltr'><strong>ille</strong></span> <span class='ocrx_word' id='word_1_171' title='bbox 2194 1362 2385 1417; x_wconf 79' lang='lat' dir='ltr'><strong>funem</strong></span> <span class='ocrx_word' id='word_1_172' title='bbox 2413 1360 2667 1425; x_wconf 86' lang='lat' dir='ltr'><strong>immisit,</strong></span> <span class='ocrx_word' id='word_1_173' title='bbox 2700 1372 3039 1427; x_wconf 80' lang='lat' dir='ltr'><strong>mensusque</strong></span> <span class='ocrx_word' id='word_1_174' title='bbox 3092 1356 3280 1421; x_wconf 88' lang='lat' dir='ltr'><strong>rediit,</strong></span> <span class='ocrx_word' id='word_1_175' title='bbox 3349 1363 3408 1408; x_wconf 85' lang='lat' dir='ltr'><strong>et</strong></span> 
     </span>
    </p>
   </div>
   <div class='ocr_carea' id='block_1_27' title="bbox 1827 1443 3459 1522">
    <p class='ocr_par' dir='ltr' id='par_1_27' title="bbox 1827 1443 3459 1522">
     <span class='ocr_line' id='line_1_27' title="bbox 1827 1443 3459 1522; baseline -0.007 -14"><span class='ocrx_word' id='word_1_176' title='bbox 1827 1465 2020 1508; x_wconf 88' lang='lat' dir='ltr'><strong>sancto</strong></span> <span class='ocrx_word' id='word_1_177' title='bbox 2053 1451 2549 1522; x_wconf 57' lang='lat' dir='ltr'><strong>prasentihusque.</strong></span> <span class='ocrx_word' id='word_1_178' title='bbox 2574 1457 2782 1519; x_wconf 87' lang='lat' dir='ltr'><strong>quanta</strong></span> <span class='ocrx_word' id='word_1_179' title='bbox 2805 1455 2950 1503; x_wconf 86' lang='lat' dir='ltr'><strong>esset</strong></span> <span class='ocrx_word' id='word_1_180' title='bbox 2969 1460 3126 1515; x_wconf 72' lang='lat' dir='ltr'><strong>aqua:</strong></span> <span class='ocrx_word' id='word_1_181' title='bbox 3170 1443 3411 1500; x_wconf 87' lang='lat' dir='ltr'><strong>altitudo</strong></span> <span class='ocrx_word' id='word_1_182' title='bbox 3450 1464 3459 1469; x_wconf 89' lang='grc'><strong>-</strong></span> 
     </span>
    </p>
   </div>
   <div class='ocr_carea' id='block_1_28' title="bbox 1828 1538 3409 1609">
    <p class='ocr_par' dir='ltr' id='par_1_28' title="bbox 1828 1538 3409 1609">
     <span class='ocr_line' id='line_1_28' title="bbox 1828 1538 3409 1609; baseline -0.006 -8"><span class='ocrx_word' id='word_1_183' title='bbox 1828 1547 1888 1602; x_wconf 88' lang='lat' dir='ltr'><strong>in</strong></span> <span class='ocrx_word' id='word_1_184' title='bbox 1922 1546 2056 1602; x_wconf 89' lang='lat' dir='ltr'><strong>fune</strong></span> <span class='ocrx_word' id='word_1_185' title='bbox 2083 1544 2436 1600; x_wconf 85' lang='lat' dir='ltr'><strong>monstravit.</strong></span> <span class='ocrx_word' id='word_1_186' title='bbox 2466 1543 2601 1599; x_wconf 89' lang='lat' dir='ltr'><strong>Erat</strong></span> <span class='ocrx_word' id='word_1_187' title='bbox 2628 1551 2745 1596; x_wconf 88' lang='lat' dir='ltr'><strong>tum</strong></span> <span class='ocrx_word' id='word_1_188' title='bbox 2792 1540 2846 1595; x_wconf 91' lang='lat' dir='ltr'><strong>in</strong></span> <span class='ocrx_word' id='word_1_189' title='bbox 2868 1540 3017 1595; x_wconf 74' lang='lat' dir='ltr'><strong>exitu</strong></span> <span class='ocrx_word' id='word_1_190' title='bbox 3063 1554 3194 1605; x_wconf 86' lang='lat' dir='ltr'><strong>ver;</strong></span> <span class='ocrx_word' id='word_1_191' title='bbox 3221 1538 3409 1609; x_wconf 86' lang='lat' dir='ltr'><strong>elapsa</strong></span> 
     </span>
    </p>
   </div>
   <div class='ocr_carea' id='block_1_29' title="bbox 128 1632 1730 1732">
    <p class='ocr_par' dir='ltr' id='par_1_29' title="bbox 128 1632 1724 1732">
     <span class='ocr_line' id='line_1_29' title="bbox 128 1632 1724 1732; baseline -0.011 -17"><span class='ocrx_word' id='word_1_192' title='bbox 128 1632 725 1732; x_wconf 49' lang='grc' dir='ltr'>μέτρον,ύποδεικνὺς</span> <span class='ocrx_word' id='word_1_193' title='bbox 779 1658 842 1708; x_wconf 74' lang='grc' dir='ltr'>ἐκ</span> <span class='ocrx_word' id='word_1_194' title='bbox 890 1654 983 1707; x_wconf 90' lang='grc' dir='ltr'><strong>τοῦ</strong></span> <span class='ocrx_word' id='word_1_195' title='bbox 1027 1632 1260 1722; x_wconf 82' lang='grc' dir='ltr'>σχοίνου.</span> <span class='ocrx_word' id='word_1_196' title='bbox 1330 1650 1574 1717; x_wconf 78' lang='grc' dir='ltr'>Ἐαριναὶ</span> <span class='ocrx_word' id='word_1_197' title='bbox 1625 1646 1724 1715; x_wconf 81' lang='grc' dir='ltr'>μὲν</span> 
     </span>
    </p>
   </div>
   <div class='ocr_carea' id='block_1_30' title="bbox 1837 1632 3406 1732">
    <p class='ocr_par' dir='ltr' id='par_1_30' title="bbox 1837 1632 3406 1709">
     <span class='ocr_line' id='line_1_30' title="bbox 1837 1632 3406 1709; baseline -0.008 -11"><span class='ocrx_word' id='word_1_198' title='bbox 1837 1640 2028 1698; x_wconf 78' lang='lat' dir='ltr'><strong>deinde</strong></span> <span class='ocrx_word' id='word_1_199' title='bbox 2050 1647 2266 1703; x_wconf 72' lang='lat' dir='ltr'><strong>aestate,</strong></span> <span class='ocrx_word' id='word_1_200' title='bbox 2288 1639 2515 1709; x_wconf 87' lang='lat' dir='ltr'><strong>jamque</strong></span> <span class='ocrx_word' id='word_1_201' title='bbox 2542 1635 2876 1693; x_wconf 88' lang='lat' dir='ltr'><strong>succedente</strong></span> <span class='ocrx_word' id='word_1_202' title='bbox 2906 1642 3196 1696; x_wconf 85' lang='lat' dir='ltr'><strong>autumno,</strong></span> <span class='ocrx_word' id='word_1_203' title='bbox 3231 1632 3406 1686; x_wconf 82' lang='lat' dir='ltr'><strong>Anto-</strong></span> 
     </span>
    </p>
   </div>
   <div class='ocr_carea' id='block_1_31' title="bbox 127 1722 1730 1818">
    <p class='ocr_par' dir='ltr' id='par_1_31' title="bbox 127 1722 1723 1818">
     <span class='ocr_line' id='line_1_31' title="bbox 127 1722 1723 1818; baseline -0.012 -14"><span class='ocrx_word' id='word_1_204' title='bbox 127 1722 582 1818; x_wconf 45' lang='lat' dir='ltr'><strong>&#39;ot3~)&quot;:nvzxat&#39;3‘ca</strong></span> <span class='ocrx_word' id='word_1_205' title='bbox 623 1746 817 1815; x_wconf 85' lang='grc' dir='ltr'>έληγον</span> <span class='ocrx_word' id='word_1_206' title='bbox 846 1737 1006 1815; x_wconf 78' lang='grc' dir='ltr'>ὧραι,</span> <span class='ocrx_word' id='word_1_207' title='bbox 1037 1742 1388 1810; x_wconf 82' lang='grc' dir='ltr'>παυσαμένου</span> <span class='ocrx_word' id='word_1_208' title='bbox 1413 1738 1470 1791; x_wconf 84' lang='grc' dir='ltr'>δὲ</span> <span class='ocrx_word' id='word_1_209' title='bbox 1500 1737 1597 1808; x_wconf 70' lang='grc' dir='ltr'>ήδη</span> <span class='ocrx_word' id='word_1_210' title='bbox 1628 1732 1723 1792; x_wconf 70' lang='grc' dir='ltr'>καὶ</span> 
     </span>
    </p>
   </div>
   <div class='ocr_carea' id='block_1_32' title="bbox 1837 1722 3407 1818">
    <p class='ocr_par' dir='ltr' id='par_1_32' title="bbox 1837 1722 3407 1801">
     <span class='ocr_line' id='line_1_32' title="bbox 1837 1722 3407 1801; baseline -0.009 -12"><span class='ocrx_word' id='word_1_211' title='bbox 1837 1735 1957 1788; x_wconf 85' lang='lat' dir='ltr'><strong>nius</strong></span> <span class='ocrx_word' id='word_1_212' title='bbox 1985 1742 2284 1801; x_wconf 87' lang='lat' dir='ltr'><strong>utrumque</strong></span> <span class='ocrx_word' id='word_1_213' title='bbox 2317 1731 2497 1785; x_wconf 88' lang='lat' dir='ltr'><strong>laeum</strong></span> <span class='ocrx_word' id='word_1_214' title='bbox 2522 1729 2769 1783; x_wconf 88' lang='lat' dir='ltr'><strong>immisso</strong></span> <span class='ocrx_word' id='word_1_215' title='bbox 2794 1727 2923 1781; x_wconf 90' lang='lat' dir='ltr'><strong>fune</strong></span> <span class='ocrx_word' id='word_1_216' title='bbox 2947 1725 3132 1779; x_wconf 89' lang='lat' dir='ltr'><strong>denuo</strong></span> <span class='ocrx_word' id='word_1_217' title='bbox 3149 1722 3407 1783; x_wconf 83' lang='lat' dir='ltr'><strong>tentavit,</strong></span> 
     </span>
    </p>
   </div>
   <div class='ocr_carea' id='block_1_33' title="bbox 130 1804 1730 1910">
    <p class='ocr_par' dir='ltr' id='par_1_33' title="bbox 130 1824 1730 1910">
     <span class='ocr_line' id='line_1_33' title="bbox 130 1824 1730 1910; baseline -0.013 -17"><span class='ocrx_word' id='word_1_218' title='bbox 130 1842 361 1910; x_wconf 77' lang='grc' dir='ltr'>θέρους,</span> <span class='ocrx_word' id='word_1_219' title='bbox 389 1840 513 1907; x_wconf 82' lang='grc' dir='ltr'>ἄρτι</span> <span class='ocrx_word' id='word_1_220' title='bbox 572 1854 630 1889; x_wconf 82' lang='grc' dir='ltr'><strong>τε</strong></span> <span class='ocrx_word' id='word_1_221' title='bbox 674 1835 994 1906; x_wconf 83' lang='grc' dir='ltr'><strong>μετοπώρου</strong></span> <span class='ocrx_word' id='word_1_222' title='bbox 1045 1830 1431 1892; x_wconf 82' lang='grc' dir='ltr'>ὑπολαϐόντος,</span> <span class='ocrx_word' id='word_1_223' title='bbox 1456 1830 1486 1881; x_wconf 82' lang='grc' dir='ltr'>ὁ</span> <span class='ocrx_word' id='word_1_224' title='bbox 1523 1824 1730 1879; x_wconf 82' lang='grc' dir='ltr'><strong>Ἀντώ-.</strong></span> 
     </span>
    </p>
   </div>
   <div class='ocr_carea' id='block_1_34' title="bbox 1837 1804 3411 1910">
    <p class='ocr_par' dir='ltr' id='par_1_34' title="bbox 1837 1811 3411 1899">
     <span class='ocr_line' id='line_1_34' title="bbox 1837 1811 3411 1899; baseline -0.01 -18"><span class='ocrx_word' id='word_1_225' title='bbox 1837 1825 2215 1897; x_wconf 85' lang='lat' dir='ltr'><strong>comperitque</strong></span> <span class='ocrx_word' id='word_1_226' title='bbox 2234 1830 2289 1894; x_wconf 82' lang='grc' dir='ltr'>(ο</span> <span class='ocrx_word' id='word_1_227' title='bbox 2311 1819 2686 1894; x_wconf 78' lang='lat' dir='ltr'><strong>prodigium!)</strong></span> <span class='ocrx_word' id='word_1_228' title='bbox 2720 1829 2855 1899; x_wconf 88' lang='lat' dir='ltr'><strong>post_</strong></span> <span class='ocrx_word' id='word_1_229' title='bbox 2883 1826 3094 1875; x_wconf 85' lang='lat' dir='ltr'><strong>tantum</strong></span> <span class='ocrx_word' id='word_1_230' title='bbox 3143 1811 3411 1884; x_wconf 82' lang='lat' dir='ltr'><strong>temporis</strong></span> 
     </span>
    </p>
   </div>
   <div class='ocr_carea' id='block_1_35' title="bbox 1829 1902 3409 1978">
    <p class='ocr_par' dir='ltr' id='par_1_35' title="bbox 1829 1902 3409 1978">
     <span class='ocr_line' id='line_1_35' title="bbox 1829 1902 3409 1978; baseline -0.011 -8"><span class='ocrx_word' id='word_1_231' title='bbox 1829 1914 2202 1978; x_wconf 83' lang='lat' dir='ltr'><strong>intervallum,</strong></span> <span class='ocrx_word' id='word_1_232' title='bbox 2239 1920 2347 1966; x_wconf 92' lang='lat' dir='ltr'><strong>tam</strong></span> <span class='ocrx_word' id='word_1_233' title='bbox 2378 1909 2585 1965; x_wconf 78' lang='lat' dir='ltr'><strong>inimici</strong></span> <span class='ocrx_word' id='word_1_234' title='bbox 2607 1907 2765 1978; x_wconf 85' lang='lat' dir='ltr'><strong>aquis</strong></span> <span class='ocrx_word' id='word_1_235' title='bbox 2806 1912 2963 1977; x_wconf 77' lang='lat' dir='ltr'><strong>post’</strong></span> <span class='ocrx_word' id='word_1_236' title='bbox 2992 1913 3105 1960; x_wconf 88' lang='lat' dir='ltr'><strong>tam</strong></span> <span class='ocrx_word' id='word_1_237' title='bbox 3148 1902 3409 1971; x_wconf 82' lang='lat' dir='ltr'><strong>frequen-</strong></span> 
     </span>
    </p>
   </div>
   <div class='ocr_carea' id='block_1_36' title="bbox 1830 1993 3411 2075">
    <p class='ocr_par' dir='ltr' id='par_1_36' title="bbox 1830 1993 3411 2075">
     <span class='ocr_line' id='line_1_36' title="bbox 1830 1993 3411 2075; baseline -0.012 -13"><span class='ocrx_word' id='word_1_238' title='bbox 1830 2015 1940 2062; x_wconf 91' lang='lat' dir='ltr'><strong>tem</strong></span> <span class='ocrx_word' id='word_1_239' title='bbox 1969 2003 2319 2075; x_wconf 82' lang='lat' dir='ltr'><strong>inexplebilis</strong></span> <span class='ocrx_word' id='word_1_240' title='bbox 2348 2002 2524 2057; x_wconf 81' lang='lat' dir='ltr'><strong>turbae</strong></span> <span class='ocrx_word' id='word_1_241' title='bbox 2567 1998 2944 2070; x_wconf 81' lang='lat' dir='ltr'><strong>aquationem,</strong></span> <span class='ocrx_word' id='word_1_242' title='bbox 2979 1995 3118 2050; x_wconf 89' lang='lat' dir='ltr'><strong>nihil</strong></span> <span class='ocrx_word' id='word_1_243' title='bbox 3179 1993 3411 2049; x_wconf 83' lang='lat' dir='ltr'><strong>omnino</strong></span> 
     </span>
    </p>
   </div>
   <div class='ocr_carea' id='block_1_37' title="bbox 1829 2080 3411 2159">
    <p class='ocr_par' dir='ltr' id='par_1_37' title="bbox 1829 2080 3411 2159">
     <span class='ocr_line' id='line_1_37' title="bbox 1829 2080 3411 2159; baseline -0.01 -5"><span class='ocrx_word' id='word_1_244' title='bbox 1829 2098 2175 2155; x_wconf 84' lang='lat' dir='ltr'><strong>imminutam</strong></span> <span class='ocrx_word' id='word_1_245' title='bbox 2207 2096 2358 2151; x_wconf 90' lang='lat' dir='ltr'><strong>illam</strong></span> <span class='ocrx_word' id='word_1_246' title='bbox 2383 2080 2529 2158; x_wconf 74' lang='lat' dir='ltr'><strong>esse,</strong></span> <span class='ocrx_word' id='word_1_247' title='bbox 2589 2091 2687 2147; x_wconf 89' lang='lat' dir='ltr'><strong>sed</strong></span> <span class='ocrx_word' id='word_1_248' title='bbox 2714 2090 2795 2145; x_wconf 86' lang='lat' dir='ltr'><strong>uti</strong></span> <span class='ocrx_word' id='word_1_249' title='bbox 2850 2089 3008 2159; x_wconf 91' lang='lat' dir='ltr'><strong>prius</strong></span> <span class='ocrx_word' id='word_1_250' title='bbox 3051 2102 3111 2142; x_wconf 89' lang='lat' dir='ltr'><strong>se</strong></span> <span class='ocrx_word' id='word_1_251' title='bbox 3177 2085 3411 2141; x_wconf 78' lang='lat' dir='ltr'><strong>habere.</strong></span> 
     </span>
    </p>
   </div>
   <div class='ocr_carea' id='block_1_38' title="bbox 1831 2179 3411 2259">
    <p class='ocr_par' dir='ltr' id='par_1_38' title="bbox 1831 2179 3411 2259">
     <span class='ocr_line' id='line_1_38' title="bbox 1831 2179 3411 2259; baseline -0.009 -13"><span class='ocrx_word' id='word_1_252' title='bbox 1831 2191 1964 2259; x_wconf 63' lang='lat' dir='ltr'><strong>Qum</strong></span> <span class='ocrx_word' id='word_1_253' title='bbox 1983 2204 2072 2245; x_wconf 90' lang='lat' dir='ltr'><strong>res</strong></span> <span class='ocrx_word' id='word_1_254' title='bbox 2099 2196 2233 2244; x_wconf 90' lang='lat' dir='ltr'><strong>tunc</strong></span> <span class='ocrx_word' id='word_1_255' title='bbox 2262 2200 2450 2243; x_wconf 85' lang='lat' dir='ltr'><strong>coram</strong></span> <span class='ocrx_word' id='word_1_256' title='bbox 2479 2180 2863 2254; x_wconf 86' lang='lat' dir='ltr'><strong>spectantibus</strong></span> <span class='ocrx_word' id='word_1_257' title='bbox 2895 2194 3007 2234; x_wconf 92' lang='lat' dir='ltr'><strong>non</strong></span> <span class='ocrx_word' id='word_1_258' title='bbox 3054 2179 3257 2244; x_wconf 90' lang='lat' dir='ltr'><strong>solum,</strong></span> <span class='ocrx_word' id='word_1_259' title='bbox 3312 2179 3411 2232; x_wconf 76' lang='lat' dir='ltr'><strong>sed</strong></span> 
     </span>
    </p>
   </div>
   <div class='ocr_carea' id='block_1_39' title="bbox 1828 2269 3416 2353">
    <p class='ocr_par' dir='ltr' id='par_1_39' title="bbox 1828 2269 3416 2353">
     <span class='ocr_line' id='line_1_39' title="bbox 1828 2269 3416 2353; baseline -0.009 -15"><span class='ocrx_word' id='word_1_260' title='bbox 1828 2290 1885 2337; x_wconf 86' lang='lat' dir='ltr'><strong>et</strong></span> <span class='ocrx_word' id='word_1_261' title='bbox 1917 2281 2175 2353; x_wconf 87' lang='lat' dir='ltr'><strong>posteris,</strong></span> <span class='ocrx_word' id='word_1_262' title='bbox 2222 2278 2295 2334; x_wconf 73' lang='lat' dir='ltr'><strong>ad</strong></span> <span class='ocrx_word' id='word_1_263' title='bbox 2338 2291 2573 2348; x_wconf 90' lang='lat' dir='ltr'><strong>quorum</strong></span> <span class='ocrx_word' id='word_1_264' title='bbox 2631 2287 2799 2329; x_wconf 85' lang='lat' dir='ltr'><strong>aures</strong></span> <span class='ocrx_word' id='word_1_265' title='bbox 2854 2286 2916 2327; x_wconf 88' lang='lat' dir='ltr'><strong>ea</strong></span> <span class='ocrx_word' id='word_1_266' title='bbox 2956 2269 3103 2325; x_wconf 90' lang='lat' dir='ltr'><strong>fama</strong></span> <span class='ocrx_word' id='word_1_267' title='bbox 3144 2274 3416 2341; x_wconf 77' lang='lat' dir='ltr'><strong>pervenit,</strong></span> 
     </span>
    </p>
   </div>
   <div class='ocr_carea' id='block_1_40' title="bbox 1830 2365 3158 2447">
    <p class='ocr_par' dir='ltr' id='par_1_40' title="bbox 1830 2365 3158 2447">
     <span class='ocr_line' id='line_1_40' title="bbox 1830 2365 3158 2447; baseline -0.006 -18"><span class='ocrx_word' id='word_1_268' title='bbox 1830 2375 2033 2447; x_wconf 78' lang='lat' dir='ltr'><strong>gratias</strong></span> <span class='ocrx_word' id='word_1_269' title='bbox 2065 2370 2414 2445; x_wconf 82' lang='lat' dir='ltr'><strong>persolvendi</strong></span> <span class='ocrx_word' id='word_1_270' title='bbox 2435 2371 2551 2425; x_wconf 88' lang='lat' dir='ltr'><strong>Deo</strong></span> <span class='ocrx_word' id='word_1_271' title='bbox 2574 2367 2923 2426; x_wconf 86' lang='lat' dir='ltr'><strong>occasionem</strong></span> <span class='ocrx_word' id='word_1_272' title='bbox 2979 2365 3158 2421; x_wconf 86' lang='lat' dir='ltr'><strong>dedit.</strong></span> 
     </span>
    </p>
   </div>
   <div class='ocr_carea' id='block_1_41' title="bbox 129 1919 1725 1996">
    <p class='ocr_par' dir='ltr' id='par_1_41' title="bbox 129 1919 1725 1996">
     <span class='ocr_line' id='line_1_41' title="bbox 129 1919 1725 1996; baseline -0.011 -11"><span class='ocrx_word' id='word_1_273' title='bbox 129 1948 257 1994; x_wconf 82' lang='grc' dir='ltr'>νιος</span> <span class='ocrx_word' id='word_1_274' title='bbox 292 1929 448 1994; x_wconf 78' lang='grc' dir='ltr'>αὖθις</span> <span class='ocrx_word' id='word_1_275' title='bbox 492 1921 648 1988; x_wconf 70' lang='grc' dir='ltr'>οὗτος</span> <span class='ocrx_word' id='word_1_276' title='bbox 680 1929 758 1988; x_wconf 79' lang='grc' dir='ltr'>εἰς</span> <span class='ocrx_word' id='word_1_277' title='bbox 811 1926 1071 1996; x_wconf 79' lang='grc' dir='ltr'>ἑκάτερον</span> <span class='ocrx_word' id='word_1_278' title='bbox 1124 1921 1329 1975; x_wconf 78' lang='grc' dir='ltr'>λάκκον</span> <span class='ocrx_word' id='word_1_279' title='bbox 1372 1920 1467 1995; x_wconf 75' lang='grc' dir='ltr'><strong>τὸν</strong></span> <span class='ocrx_word' id='word_1_280' title='bbox 1518 1919 1725 1986; x_wconf 85' lang='grc' dir='ltr'>σχοῖνον</span> 
     </span>
    </p>
   </div>
   <div class='ocr_carea' id='block_1_42' title="bbox 131 1998 1724 2092">
    <p class='ocr_par' dir='ltr' id='par_1_42' title="bbox 131 1998 1724 2092">
     <span class='ocr_line' id='line_1_42' title="bbox 131 1998 1724 2092; baseline -0.009 -15"><span class='ocrx_word' id='word_1_281' title='bbox 131 2024 356 2085; x_wconf 71' lang='grc' dir='ltr'>καθεὶς,</span> <span class='ocrx_word' id='word_1_282' title='bbox 391 2021 529 2092; x_wconf 81' lang='grc' dir='ltr'>μετὰ</span> <span class='ocrx_word' id='word_1_283' title='bbox 588 2020 681 2073; x_wconf 84' lang='grc' dir='ltr'><strong>τὸν</strong></span> <span class='ocrx_word' id='word_1_284' title='bbox 730 2017 986 2071; x_wconf 86' lang='grc' dir='ltr'>τοσοῦτον</span> <span class='ocrx_word' id='word_1_285' title='bbox 1036 1998 1230 2088; x_wconf 82' lang='grc' dir='ltr'>χρόνον</span> <span class='ocrx_word' id='word_1_286' title='bbox 1262 2014 1359 2067; x_wconf 72' lang='grc' dir='ltr'>καὶ</span> <span class='ocrx_word' id='word_1_287' title='bbox 1412 2011 1555 2065; x_wconf 68' lang='grc' dir='ltr'>οὕτω</span> <span class='ocrx_word' id='word_1_288' title='bbox 1582 2009 1724 2079; x_wconf 85' lang='grc' dir='ltr'>σαφῆ</span> 
     </span>
    </p>
   </div>
   <div class='ocr_carea' id='block_1_43' title="bbox 132 2099 1725 2181">
    <p class='ocr_par' dir='ltr' id='par_1_43' title="bbox 132 2099 1725 2181">
     <span class='ocr_line' id='line_1_43' title="bbox 132 2099 1725 2181; baseline -0.009 -16"><span class='ocrx_word' id='word_1_289' title='bbox 132 2111 406 2181; x_wconf 82' lang='grc' dir='ltr'>πολέμιον</span> <span class='ocrx_word' id='word_1_290' title='bbox 433 2108 609 2172; x_wconf 59' lang='grc' dir='ltr'>ὖδασηι,</span> <span class='ocrx_word' id='word_1_291' title='bbox 645 2109 784 2176; x_wconf 77' lang='grc' dir='ltr'>μετὰ</span> <span class='ocrx_word' id='word_1_292' title='bbox 833 2107 933 2176; x_wconf 82' lang='grc' dir='ltr'><strong>τὴν</strong></span> <span class='ocrx_word' id='word_1_293' title='bbox 978 2105 1245 2175; x_wconf 81' lang='grc' dir='ltr'><strong>τοσαύτην</strong></span> <span class='ocrx_word' id='word_1_294' title='bbox 1289 2102 1386 2157; x_wconf 83' lang='grc' dir='ltr'><strong>τοῦ</strong></span> <span class='ocrx_word' id='word_1_295' title='bbox 1442 2099 1725 2171; x_wconf 82' lang='grc' dir='ltr'><strong>ἀμυθήτου</strong></span> 
     </span>
    </p>
   </div>
   <div class='ocr_carea' id='block_1_44' title="bbox 142 2189 1727 2274">
    <p class='ocr_par' dir='ltr' id='par_1_44' title="bbox 142 2189 1727 2274">
     <span class='ocr_line' id='line_1_44' title="bbox 142 2189 1727 2274; baseline -0.01 -16"><span class='ocrx_word' id='word_1_296' title='bbox 142 2202 390 2274; x_wconf 76' lang='grc' dir='ltr'>πλήθους</span> <span class='ocrx_word' id='word_1_297' title='bbox 421 2199 632 2254; x_wconf 76' lang='grc' dir='ltr'>ἐκεῖθεν</span> <span class='ocrx_word' id='word_1_298' title='bbox 662 2197 905 2269; x_wconf 78' lang='grc' dir='ltr'><strong>ὑδρείαν,</strong></span> <span class='ocrx_word' id='word_1_299' title='bbox 942 2191 1069 2269; x_wconf 78' lang='grc' dir='ltr'>εὗρε</span> <span class='ocrx_word' id='word_1_300' title='bbox 1093 2195 1156 2250; x_wconf 92' lang='grc' dir='ltr'>τὸ</span> <span class='ocrx_word' id='word_1_301' title='bbox 1178 2191 1326 2265; x_wconf 75' lang='grc' dir='ltr'>ὕδωρ</span> <span class='ocrx_word' id='word_1_302' title='bbox 1351 2191 1420 2264; x_wconf 83' lang='grc' dir='ltr'><strong>(ὦ</strong></span> <span class='ocrx_word' id='word_1_303' title='bbox 1449 2190 1542 2245; x_wconf 80' lang='grc' dir='ltr'><strong>τοῦ</strong></span> <span class='ocrx_word' id='word_1_304' title='bbox 1591 2189 1727 2243; x_wconf 84' lang='grc' dir='ltr'>θαύ-</span> 
     </span>
    </p>
   </div>
   <div class='ocr_carea' id='block_1_45' title="bbox 136 2272 1728 2365">
    <p class='ocr_par' dir='ltr' id='par_1_45' title="bbox 136 2272 1728 2365">
     <span class='ocr_line' id='line_1_45' title="bbox 136 2272 1728 2365; baseline -0.008 -20"><span class='ocrx_word' id='word_1_305' title='bbox 136 2272 321 2365; x_wconf 81' lang='grc' dir='ltr'><strong>ματος</strong></span> <span class='ocrx_word' id='word_1_306' title='bbox 344 2292 383 2361; x_wconf 90' lang='lat'><strong>!)</strong></span> <span class='ocrx_word' id='word_1_307' title='bbox 442 2290 565 2345; x_wconf 75' lang='grc' dir='ltr'><strong>οὐδὲ</strong></span> <span class='ocrx_word' id='word_1_308' title='bbox 622 2272 685 2343; x_wconf 69' lang='grc' dir='ltr'><strong>τὸ</strong></span> <span class='ocrx_word' id='word_1_309' title='bbox 742 2287 1008 2358; x_wconf 83' lang='grc' dir='ltr'>παράπαν</span> <span class='ocrx_word' id='word_1_310' title='bbox 1072 2283 1456 2355; x_wconf 77' lang='grc' dir='ltr'>έλαττονῆσαν,</span> <span class='ocrx_word' id='word_1_311' title='bbox 1515 2280 1630 2336; x_wconf 81' lang='grc' dir='ltr'>ἀλλ’</span> <span class='ocrx_word' id='word_1_312' title='bbox 1650 2279 1728 2342; x_wconf 86' lang='grc' dir='ltr'><strong>ὡς</strong></span> 
     </span>
    </p>
   </div>
   <div class='ocr_carea' id='block_1_46' title="bbox 139 2372 1728 2454">
    <p class='ocr_par' dir='ltr' id='par_1_46' title="bbox 139 2372 1728 2454">
     <span class='ocr_line' id='line_1_46' title="bbox 139 2372 1728 2454; baseline -0.009 -16"><span class='ocrx_word' id='word_1_313' title='bbox 139 2386 248 2438; x_wconf 61' lang='grc' dir='ltr'><strong>δια)⁵</strong></span> <span class='ocrx_word' id='word_1_314' title='bbox 287 2384 552 2454; x_wconf 79' lang='grc' dir='ltr'>πρότερον</span> <span class='ocrx_word' id='word_1_315' title='bbox 582 2381 726 2452; x_wconf 74' lang='grc' dir='ltr'>ἔχον,</span> <span class='ocrx_word' id='word_1_316' title='bbox 755 2381 890 2451; x_wconf 76' lang='grc' dir='ltr'>ὅπερ</span> <span class='ocrx_word' id='word_1_317' title='bbox 935 2379 999 2433; x_wconf 82' lang='grc' dir='ltr'><strong>οὐ</strong></span> <span class='ocrx_word' id='word_1_318' title='bbox 1039 2380 1152 2441; x_wconf 79' lang='grc' dir='ltr'>τοῖς</span> <span class='ocrx_word' id='word_1_319' title='bbox 1193 2377 1315 2429; x_wconf 89' lang='grc' dir='ltr'>τότε</span> <span class='ocrx_word' id='word_1_320' title='bbox 1356 2373 1590 2445; x_wconf 87' lang='grc' dir='ltr'>παροῦσι</span> <span class='ocrx_word' id='word_1_321' title='bbox 1628 2372 1728 2441; x_wconf 88' lang='grc' dir='ltr'>μό-</span> 
     </span>
    </p>
   </div>
   <div class='ocr_carea' id='block_1_47' title="bbox 134 2463 1726 2541">
    <p class='ocr_par' dir='ltr' id='par_1_47' title="bbox 134 2463 1726 2541">
     <span class='ocr_line' id='line_1_47' title="bbox 134 2463 1726 2541; baseline -0.01 -10"><span class='ocrx_word' id='word_1_322' title='bbox 134 2493 265 2541; x_wconf 66' lang='grc' dir='ltr'>νον,</span> <span class='ocrx_word' id='word_1_323' title='bbox 308 2475 443 2529; x_wconf 78' lang='grc' dir='ltr'>ἀλλὰ</span> <span class='ocrx_word' id='word_1_324' title='bbox 470 2473 565 2526; x_wconf 78' lang='grc' dir='ltr'>καὶ</span> <span class='ocrx_word' id='word_1_325' title='bbox 604 2476 717 2535; x_wconf 81' lang='grc' dir='ltr'>τοῖς</span> <span class='ocrx_word' id='word_1_326' title='bbox 759 2472 984 2540; x_wconf 64' lang='grc' dir='ltr'>ὓστερον</span> <span class='ocrx_word' id='word_1_327' title='bbox 1007 2471 1146 2539; x_wconf 81' lang='grc' dir='ltr'><strong>ἀκοῇ</strong></span> <span class='ocrx_word' id='word_1_328' title='bbox 1188 2465 1608 2536; x_wconf 80' lang='grc' dir='ltr'>παρειληφόσιν,</span> <span class='ocrx_word' id='word_1_329' title='bbox 1635 2463 1726 2516; x_wconf 84' lang='grc' dir='ltr'>εύ-</span> 
     </span>
    </p>
   </div>
   <div class='ocr_carea' id='block_1_48' title="bbox 140 2559 1340 2637">
    <p class='ocr_par' dir='ltr' id='par_1_48' title="bbox 140 2559 1340 2637">
     <span class='ocr_line' id='line_1_48' title="bbox 140 2559 1340 2637; baseline -0.008 -16"><span class='ocrx_word' id='word_1_330' title='bbox 140 2565 445 2637; x_wconf 64' lang='grc' dir='ltr'>χαριστίας</span> <span class='ocrx_word' id='word_1_331' title='bbox 482 2567 718 2634; x_wconf 76' lang='grc' dir='ltr'><strong>μεγίστη</strong></span> <span class='ocrx_word' id='word_1_332' title='bbox 757 2563 894 2634; x_wconf 82' lang='grc' dir='ltr'>πρὸς</span> <span class='ocrx_word' id='word_1_333' title='bbox 930 2561 1063 2614; x_wconf 87' lang='grc' dir='ltr'>Θεὸν</span> <span class='ocrx_word' id='word_1_334' title='bbox 1093 2559 1340 2630; x_wconf 70' lang='grc' dir='ltr'>ἀερορμή.</span> 
     </span>
    </p>
   </div>
   <div class='ocr_carea' id='block_1_49' title="bbox 222 2642 1731 2726">
    <p class='ocr_par' dir='ltr' id='par_1_49' title="bbox 222 2642 1731 2726">
     <span class='ocr_line' id='line_1_49' title="bbox 222 2642 1731 2726; baseline -0.009 -14"><span class='ocrx_word' id='word_1_335' title='bbox 222 2657 331 2726; x_wconf 63' lang='grc' dir='ltr'>ιιην.</span> <span class='ocrx_word' id='word_1_336' title='bbox 370 2656 451 2709; x_wconf 81' lang='grc' dir='ltr'>Τά</span> <span class='ocrx_word' id='word_1_337' title='bbox 474 2670 539 2723; x_wconf 87' lang='grc' dir='ltr'><strong>γε</strong></span> <span class='ocrx_word' id='word_1_338' title='bbox 582 2655 690 2725; x_wconf 82' lang='grc' dir='ltr'><strong>μὴν</strong></span> <span class='ocrx_word' id='word_1_339' title='bbox 711 2654 810 2724; x_wconf 85' lang='grc' dir='ltr'>τῆς</span> <span class='ocrx_word' id='word_1_340' title='bbox 838 2652 1008 2723; x_wconf 83' lang='grc' dir='ltr'>μονῆς</span> <span class='ocrx_word' id='word_1_341' title='bbox 1040 2652 1178 2722; x_wconf 74' lang='grc' dir='ltr'>ἔργα</span> <span class='ocrx_word' id='word_1_342' title='bbox 1211 2650 1411 2721; x_wconf 77' lang='grc' dir='ltr'>(ἐκεῖσε</span> <span class='ocrx_word' id='word_1_343' title='bbox 1434 2647 1544 2720; x_wconf 75' lang='grc' dir='ltr'><strong>γὰρ</strong></span> <span class='ocrx_word' id='word_1_344' title='bbox 1574 2642 1731 2710; x_wconf 83' lang='grc' dir='ltr'>αὖθις</span> 
     </span>
    </p>
   </div>
   <div class='ocr_carea' id='block_1_50' title="bbox 136 2741 1733 2817">
    <p class='ocr_par' dir='ltr' id='par_1_50' title="bbox 136 2741 1733 2817">
     <span class='ocr_line' id='line_1_50' title="bbox 136 2741 1733 2817; baseline -0.004 -17"><span class='ocrx_word' id='word_1_345' title='bbox 136 2744 458 2816; x_wconf 72' lang='grc' dir='ltr'>ἐπανιτέον)</span> <span class='ocrx_word' id='word_1_346' title='bbox 494 2745 869 2817; x_wconf 72' lang='grc' dir='ltr'>προκόπτοντα</span> <span class='ocrx_word' id='word_1_347' title='bbox 908 2741 1126 2813; x_wconf 77' lang='grc' dir='ltr'>βλέπειν</span> <span class='ocrx_word' id='word_1_348' title='bbox 1150 2741 1179 2794; x_wconf 82' lang='grc' dir='ltr'>ὁ</span> <span class='ocrx_word' id='word_1_349' title='bbox 1210 2741 1484 2811; x_wconf 81' lang='grc' dir='ltr'>βάσκανος</span> <span class='ocrx_word' id='word_1_350' title='bbox 1515 2741 1575 2793; x_wconf 82' lang='grc' dir='ltr'><strong>οὐ</strong></span> <span class='ocrx_word' id='word_1_351' title='bbox 1612 2745 1733 2794; x_wconf 76' lang='grc' dir='ltr'>στέ-</span> 
     </span>
    </p>
   </div>
   <div class='ocr_carea' id='block_1_51' title="bbox 128 2827 1732 2908">
    <p class='ocr_par' dir='ltr' id='par_1_51' title="bbox 128 2827 1732 2908">
     <span class='ocr_line' id='line_1_51' title="bbox 128 2827 1732 2908; baseline -0.004 -16"><span class='ocrx_word' id='word_1_352' title='bbox 128 2855 267 2908; x_wconf 62' lang='grc' dir='ltr'><strong>γων</strong></span> <span class='ocrx_word' id='word_1_353' title='bbox 308 2827 656 2908; x_wconf 77' lang='grc' dir='ltr'>Ἐχθρὸς,οἷα</span> <span class='ocrx_word' id='word_1_354' title='bbox 686 2835 782 2890; x_wconf 67' lang='grc' dir='ltr'><strong>κα)⁵</strong></span> <span class='ocrx_word' id='word_1_355' title='bbox 813 2833 1016 2904; x_wconf 80' lang='grc' dir='ltr'>πολλῆς</span> <span class='ocrx_word' id='word_1_356' title='bbox 1056 2832 1301 2905; x_wconf 82' lang='grc' dir='ltr'>μεγάλης</span> <span class='ocrx_word' id='word_1_357' title='bbox 1331 2834 1409 2897; x_wconf 84' lang='grc' dir='ltr'><strong>εις</strong></span> <span class='ocrx_word' id='word_1_358' title='bbox 1430 2832 1562 2886; x_wconf 87' lang='grc' dir='ltr'>Θεὸν</span> <span class='ocrx_word' id='word_1_359' title='bbox 1594 2849 1732 2904; x_wconf 82' lang='grc' dir='ltr'>προ-</span> 
     </span>
    </p>
   </div>
   <div class='ocr_carea' id='block_1_52' title="bbox 143 2921 1733 2999">
    <p class='ocr_par' dir='ltr' id='par_1_52' title="bbox 143 2921 1733 2999">
     <span class='ocr_line' id='line_1_52' title="bbox 143 2921 1733 2999; baseline -0.004 -18"><span class='ocrx_word' id='word_1_360' title='bbox 143 2927 349 2999; x_wconf 83' lang='grc' dir='ltr'>κοπῆς,</span> <span class='ocrx_word' id='word_1_361' title='bbox 385 2926 622 2995; x_wconf 78' lang='grc' dir='ltr'>κάκείνῳ</span> <span class='ocrx_word' id='word_1_362' title='bbox 654 2923 899 2995; x_wconf 83' lang='grc' dir='ltr'>μεγάλης</span> <span class='ocrx_word' id='word_1_363' title='bbox 948 2923 1192 2993; x_wconf 72' lang='grc' dir='ltr'>ἐσόμενα</span> <span class='ocrx_word' id='word_1_364' title='bbox 1242 2921 1405 2975; x_wconf 84' lang='grc' dir='ltr'>πάλιν</span> <span class='ocrx_word' id='word_1_365' title='bbox 1447 2924 1596 2977; x_wconf 77' lang='grc' dir='ltr'>αἰτία</span> <span class='ocrx_word' id='word_1_366' title='bbox 1631 2923 1733 2994; x_wconf 77' lang='grc' dir='ltr'><strong>ζη-</strong></span> 
     </span>
    </p>
   </div>
   <div class='ocr_carea' id='block_1_53' title="bbox 143 3014 1749 3090">
    <p class='ocr_par' dir='ltr' id='par_1_53' title="bbox 143 3014 1749 3090">
     <span class='ocr_line' id='line_1_53' title="bbox 143 3014 1749 3090; baseline -0.005 -17"><span class='ocrx_word' id='word_1_367' title='bbox 143 3019 310 3090; x_wconf 83' lang='grc' dir='ltr'>μίας,</span> <span class='ocrx_word' id='word_1_368' title='bbox 346 3016 630 3086; x_wconf 81' lang='grc' dir='ltr'>θεμελίους</span> <span class='ocrx_word' id='word_1_369' title='bbox 692 3014 804 3069; x_wconf 87' lang='grc' dir='ltr'><strong>τῶν</strong></span> <span class='ocrx_word' id='word_1_370' title='bbox 858 3014 1329 3085; x_wconf 72' lang='grc' dir='ltr'>οἰκοδομουμένων</span> <span class='ocrx_word' id='word_1_371' title='bbox 1390 3015 1749 3084; x_wconf 66' lang='grc' dir='ltr'>ξενοδοχείωνι</span> 
     </span>
    </p>
   </div>
   <div class='ocr_carea' id='block_1_54' title="bbox 1899 2648 3476 2724">
    <p class='ocr_par' dir='ltr' id='par_1_54' title="bbox 1899 2648 3476 2724">
     <span class='ocr_line' id='line_1_54' title="bbox 1899 2648 3476 2724; baseline -0.01 -12"><span class='ocrx_word' id='word_1_372' title='bbox 1899 2657 1990 2713; x_wconf 83' lang='lat'><strong>98.</strong></span> <span class='ocrx_word' id='word_1_373' title='bbox 2048 2655 2276 2711; x_wconf 84' lang='lat' dir='ltr'><strong>Interim</strong></span> <span class='ocrx_word' id='word_1_374' title='bbox 2327 2651 2638 2724; x_wconf 79' lang='lat' dir='ltr'><strong>promoveri</strong></span> <span class='ocrx_word' id='word_1_375' title='bbox 2683 2648 2976 2706; x_wconf 71' lang='lat' dir='ltr'><strong>aedilicium</strong></span> <span class='ocrx_word' id='word_1_376' title='bbox 3030 2648 3120 2719; x_wconf 84' lang='lat' dir='ltr'><strong>(eo</strong></span> <span class='ocrx_word' id='word_1_377' title='bbox 3175 2660 3412 2716; x_wconf 85' lang='lat' dir='ltr'><strong>namque</strong></span> <span class='ocrx_word' id='word_1_378' title='bbox 3453 2682 3476 2691; x_wconf 65' lang='grc' dir='ltr'><strong>ρ</strong></span> 
     </span>
    </p>
   </div>
   <div class='ocr_carea' id='block_1_55' title="bbox 1832 2738 3409 2816">
    <p class='ocr_par' dir='ltr' id='par_1_55' title="bbox 1832 2738 3409 2816">
     <span class='ocr_line' id='line_1_55' title="bbox 1832 2738 3409 2816; baseline -0.01 -12"><span class='ocrx_word' id='word_1_379' title='bbox 1832 2747 2177 2806; x_wconf 89' lang='lat' dir='ltr'><strong>redeundum</strong></span> <span class='ocrx_word' id='word_1_380' title='bbox 2222 2745 2386 2801; x_wconf 90' lang='lat' dir='ltr'><strong>nobis</strong></span> <span class='ocrx_word' id='word_1_381' title='bbox 2437 2742 2547 2816; x_wconf 89' lang='lat' dir='ltr'><strong>est)</strong></span> <span class='ocrx_word' id='word_1_382' title='bbox 2601 2740 2788 2797; x_wconf 82' lang='lat' dir='ltr'><strong>lividis</strong></span> <span class='ocrx_word' id='word_1_383' title='bbox 2829 2740 3006 2796; x_wconf 92' lang='lat' dir='ltr'><strong>oculis</strong></span> <span class='ocrx_word' id='word_1_384' title='bbox 3044 2738 3251 2795; x_wconf 90' lang='lat' dir='ltr'><strong>intueri</strong></span> <span class='ocrx_word' id='word_1_385' title='bbox 3299 2752 3409 2792; x_wconf 88' lang='lat' dir='ltr'><strong>non</strong></span> 
     </span>
    </p>
   </div>
   <div class='ocr_carea' id='block_1_56' title="bbox 1831 2826 3405 2906">
    <p class='ocr_par' dir='ltr' id='par_1_56' title="bbox 1831 2826 3405 2906">
     <span class='ocr_line' id='line_1_56' title="bbox 1831 2826 3405 2906; baseline -0.01 -9"><span class='ocrx_word' id='word_1_386' title='bbox 1831 2841 2111 2897; x_wconf 82' lang='lat' dir='ltr'><strong>sustinens</strong></span> <span class='ocrx_word' id='word_1_387' title='bbox 2148 2837 2429 2900; x_wconf 88' lang='lat' dir='ltr'><strong>inimicus,</strong></span> <span class='ocrx_word' id='word_1_388' title='bbox 2461 2834 2608 2906; x_wconf 92' lang='lat' dir='ltr'><strong>quod</strong></span> <span class='ocrx_word' id='word_1_389' title='bbox 2643 2834 2771 2889; x_wconf 89' lang='lat' dir='ltr'><strong>inde</strong></span> <span class='ocrx_word' id='word_1_390' title='bbox 2800 2833 3158 2888; x_wconf 77' lang='lat' dir='ltr'><strong>incremento-</strong></span> <span class='ocrx_word' id='word_1_391' title='bbox 3200 2826 3405 2902; x_wconf 77' lang='lat' dir='ltr'><strong>ingenti</strong></span> 
     </span>
    </p>
   </div>
   <div class='ocr_carea' id='block_1_57' title="bbox 1832 2921 3407 3007">
    <p class='ocr_par' dir='ltr' id='par_1_57' title="bbox 1832 2921 3407 3007">
     <span class='ocr_line' id='line_1_57' title="bbox 1832 2921 3407 3007; baseline -0.009 -19"><span class='ocrx_word' id='word_1_392' title='bbox 1832 2932 2062 3007; x_wconf 79' lang='lat' dir='ltr'><strong>gloriam</strong></span> <span class='ocrx_word' id='word_1_393' title='bbox 2083 2929 2183 2985; x_wconf 88' lang='lat' dir='ltr'><strong>Dei</strong></span> <span class='ocrx_word' id='word_1_394' title='bbox 2207 2925 2537 3000; x_wconf 77' lang='lat' dir='ltr'><strong>augendam,</strong></span> <span class='ocrx_word' id='word_1_395' title='bbox 2583 2925 2689 2981; x_wconf 91' lang='lat' dir='ltr'><strong>sibi</strong></span> <span class='ocrx_word' id='word_1_396' title='bbox 2744 2939 2876 2979; x_wconf 82' lang='lat' dir='ltr'><strong>vero</strong></span> <span class='ocrx_word' id='word_1_397' title='bbox 2931 2939 3097 2995; x_wconf 81' lang='lat' dir='ltr'><strong>grave</strong></span> <span class='ocrx_word' id='word_1_398' title='bbox 3145 2921 3407 2977; x_wconf 89' lang='lat' dir='ltr'><strong>damnum</strong></span> 
     </span>
    </p>
   </div>
   <div class='ocr_carea' id='block_1_58' title="bbox 1834 3012 3410 3092">
    <p class='ocr_par' dir='ltr' id='par_1_58' title="bbox 1834 3012 3410 3092">
     <span class='ocr_line' id='line_1_58' title="bbox 1834 3012 3410 3092; baseline -0.01 -12"><span class='ocrx_word' id='word_1_399' title='bbox 1834 3024 2125 3080; x_wconf 87' lang='lat' dir='ltr'><strong>imminere</strong></span> <span class='ocrx_word' id='word_1_400' title='bbox 2160 3019 2546 3092; x_wconf 77' lang='lat' dir='ltr'><strong>prOSpiceret;</strong></span> <span class='ocrx_word' id='word_1_401' title='bbox 2605 3016 2777 3071; x_wconf 91' lang='lat' dir='ltr'><strong>subiit</strong></span> <span class='ocrx_word' id='word_1_402' title='bbox 2841 3014 3193 3069; x_wconf 87' lang='lat' dir='ltr'><strong>fundamenta</strong></span> <span class='ocrx_word' id='word_1_403' title='bbox 3243 3012 3410 3065; x_wconf 88' lang='lat' dir='ltr'><strong>unius</strong></span> 
     </span>
    </p>
   </div>
   <div class='ocr_carea' id='block_1_59' title="bbox 142 3104 1730 3181">
    <p class='ocr_par' dir='ltr' id='par_1_59' title="bbox 142 3104 1730 3175">
     <span class='ocr_line' id='line_1_59' title="bbox 142 3104 1730 3175; baseline -0.004 -12"><span class='ocrx_word' id='word_1_404' title='bbox 142 3109 273 3173; x_wconf 76' lang='grc' dir='ltr'>ἐνὸς</span> <span class='ocrx_word' id='word_1_405' title='bbox 307 3108 531 3171; x_wconf 79' lang='grc' dir='ltr'>ὑποδὺς,</span> <span class='ocrx_word' id='word_1_406' title='bbox 563 3106 700 3159; x_wconf 81' lang='grc' dir='ltr'>ὅπου</span> <span class='ocrx_word' id='word_1_407' title='bbox 751 3106 846 3158; x_wconf 73' lang='grc' dir='ltr'>καὶ</span> <span class='ocrx_word' id='word_1_408' title='bbox 902 3105 1104 3172; x_wconf 76' lang='grc' dir='ltr'>μείζων</span> <span class='ocrx_word' id='word_1_409' title='bbox 1133 3104 1285 3175; x_wconf 81' lang='grc' dir='ltr'>αὐτῷ</span> <span class='ocrx_word' id='word_1_410' title='bbox 1335 3106 1368 3175; x_wconf 81' lang='grc' dir='ltr'><strong>ἡ</strong></span> <span class='ocrx_word' id='word_1_411' title='bbox 1401 3104 1584 3174; x_wconf 81' lang='grc' dir='ltr'>πληγὴ</span> <span class='ocrx_word' id='word_1_412' title='bbox 1614 3104 1730 3173; x_wconf 78' lang='grc' dir='ltr'>(άτε</span> 
     </span>
    </p>
   </div>
   <div class='ocr_carea' id='block_1_60' title="bbox 1837 3104 3412 3181">
    <p class='ocr_par' dir='ltr' id='par_1_60' title="bbox 1837 3104 3412 3181">
     <span class='ocr_line' id='line_1_60' title="bbox 1837 3104 3412 3181; baseline -0.011 -9"><span class='ocrx_word' id='word_1_413' title='bbox 1837 3112 2307 3171; x_wconf 81' lang='lat' dir='ltr'><strong>xenodochior‘um</strong></span> <span class='ocrx_word' id='word_1_414' title='bbox 2336 3111 2464 3181; x_wconf 71' lang='lat' dir='ltr'><strong>&#39;jam</strong></span> <span class='ocrx_word' id='word_1_415' title='bbox 2524 3106 2990 3163; x_wconf 68' lang='lat' dir='ltr'><strong>exaediﬁcatorum</strong></span> <span class='ocrx_word' id='word_1_416' title='bbox 3017 3145 3031 3165; x_wconf 91' lang='lat'><strong>,</strong></span> <span class='ocrx_word' id='word_1_417' title='bbox 3074 3104 3167 3158; x_wconf 86' lang='lat' dir='ltr'><strong>ubi</strong></span> <span class='ocrx_word' id='word_1_418' title='bbox 3211 3105 3412 3174; x_wconf 75' lang='lat' dir='ltr'><strong>aegrius</strong></span> 
     </span>
    </p>
   </div>
   <div class='ocr_carea' id='block_1_61' title="bbox 139 3192 1730 3279">
    <p class='ocr_par' dir='ltr' id='par_1_61' title="bbox 139 3195 1729 3266">
     <span class='ocr_line' id='line_1_61' title="bbox 139 3195 1729 3266; baseline -0.004 -10"><span class='ocrx_word' id='word_1_419' title='bbox 139 3202 245 3256; x_wconf 76' lang='grc' dir='ltr'>καὶ</span> <span class='ocrx_word' id='word_1_420' title='bbox 276 3197 503 3261; x_wconf 80' lang='grc' dir='ltr'>πολλοὺς</span> <span class='ocrx_word' id='word_1_421' title='bbox 553 3197 842 3266; x_wconf 82' lang='grc' dir='ltr'>μέλλοντος</span> <span class='ocrx_word' id='word_1_422' title='bbox 883 3195 971 3248; x_wconf 84' lang='grc' dir='ltr'>διὰ</span> <span class='ocrx_word' id='word_1_423' title='bbox 997 3195 1231 3266; x_wconf 83' lang='grc' dir='ltr'>Χριστὸν</span> <span class='ocrx_word' id='word_1_424' title='bbox 1256 3196 1521 3264; x_wconf 80' lang='grc' dir='ltr'>ξεναγεϊν,</span> <span class='ocrx_word' id='word_1_425' title='bbox 1551 3196 1729 3266; x_wconf 75' lang='grc' dir='ltr'>ψυχάς</span> 
     </span>
    </p>
   </div>
   <div class='ocr_carea' id='block_1_62' title="bbox 1837 3192 3412 3279">
    <p class='ocr_par' dir='ltr' id='par_1_62' title="bbox 1837 3192 3412 3269">
     <span class='ocr_line' id='line_1_62' title="bbox 1837 3192 3412 3269; baseline -0.009 -8"><span class='ocrx_word' id='word_1_426' title='bbox 1837 3205 1939 3262; x_wconf 87' lang='lat' dir='ltr'><strong>sibi</strong></span> <span class='ocrx_word' id='word_1_427' title='bbox 1967 3204 2216 3259; x_wconf 90' lang='lat' dir='ltr'><strong>futurum</strong></span> <span class='ocrx_word' id='word_1_428' title='bbox 2247 3208 2388 3263; x_wconf 87' lang='lat' dir='ltr'><strong>erat,</strong></span> <span class='ocrx_word' id='word_1_429' title='bbox 2419 3199 2492 3254; x_wconf 92' lang='lat' dir='ltr'><strong>ob</strong></span> <span class='ocrx_word' id='word_1_430' title='bbox 2519 3199 2790 3269; x_wconf 90' lang='lat' dir='ltr'><strong>plurimos</strong></span> <span class='ocrx_word' id='word_1_431' title='bbox 2814 3194 3024 3252; x_wconf 88' lang='lat' dir='ltr'><strong>Christi</strong></span> <span class='ocrx_word' id='word_1_432' title='bbox 3059 3209 3225 3250; x_wconf 75' lang='lat' dir='ltr'><strong>causa</strong></span> <span class='ocrx_word' id='word_1_433' title='bbox 3285 3192 3412 3247; x_wconf 89' lang='lat' dir='ltr'><strong>istic</strong></span> 
     </span>
    </p>
   </div>
   <div class='ocr_carea' id='block_1_63' title="bbox 137 3282 1730 3367">
    <p class='ocr_par' dir='ltr' id='par_1_63' title="bbox 137 3284 1730 3362">
     <span class='ocr_line' id='line_1_63' title="bbox 137 3284 1730 3362; baseline -0.002 -15"><span class='ocrx_word' id='word_1_434' title='bbox 137 3310 205 3347; x_wconf 79' lang='grc' dir='ltr'><strong>τε</strong></span> <span class='ocrx_word' id='word_1_435' title='bbox 240 3290 621 3362; x_wconf 73' lang='grc' dir='ltr'>πεπονηκυίας</span> <span class='ocrx_word' id='word_1_436' title='bbox 640 3285 1036 3358; x_wconf 80' lang='grc' dir='ltr'>διαναπαύειν),</span> <span class='ocrx_word' id='word_1_437' title='bbox 1054 3287 1197 3342; x_wconf 78' lang='grc' dir='ltr'>οὕτω</span> <span class='ocrx_word' id='word_1_438' title='bbox 1226 3289 1471 3360; x_wconf 71' lang='grc' dir='ltr'>σφοδρῶς</span> <span class='ocrx_word' id='word_1_439' title='bbox 1499 3284 1569 3361; x_wconf 77' lang='grc' dir='ltr'>ἦν</span> <span class='ocrx_word' id='word_1_440' title='bbox 1592 3291 1730 3344; x_wconf 76' lang='grc' dir='ltr'>αὐτὰ</span> 
     </span>
    </p>
   </div>
   <div class='ocr_carea' id='block_1_64' title="bbox 1837 3282 3409 3367">
    <p class='ocr_par' dir='ltr' id='par_1_64' title="bbox 1837 3282 3409 3367">
     <span class='ocr_line' id='line_1_64' title="bbox 1837 3282 3409 3367; baseline -0.01 -15"><span class='ocrx_word' id='word_1_441' title='bbox 1837 3296 2078 3367; x_wconf 87' lang='lat' dir='ltr'><strong>hospitio</strong></span> <span class='ocrx_word' id='word_1_442' title='bbox 2106 3291 2484 3363; x_wconf 81' lang='lat' dir='ltr'><strong>excipiendos,</strong></span> <span class='ocrx_word' id='word_1_443' title='bbox 2519 3290 2576 3345; x_wconf 73' lang='grc' dir='ltr'>ἐι</span> <span class='ocrx_word' id='word_1_444' title='bbox 2624 3291 2874 3359; x_wconf 89' lang='lat' dir='ltr'><strong>requiem</strong></span> <span class='ocrx_word' id='word_1_445' title='bbox 2919 3286 3234 3357; x_wconf 81' lang='lat' dir='ltr'><strong>defatigatis</strong></span> <span class='ocrx_word' id='word_1_446' title='bbox 3287 3282 3409 3339; x_wconf 53' lang='lat' dir='ltr'><strong>ani;</strong></span> 
     </span>
    </p>
   </div>
   <div class='ocr_carea' id='block_1_65' title="bbox 142 3378 1730 3454">
    <p class='ocr_par' dir='ltr' id='par_1_65' title="bbox 142 3379 1730 3454">
     <span class='ocr_line' id='line_1_65' title="bbox 142 3379 1730 3454; baseline -0.006 -13"><span class='ocrx_word' id='word_1_447' title='bbox 142 3382 553 3454; x_wconf 85' lang='grc' dir='ltr'>συνταράσσων</span> <span class='ocrx_word' id='word_1_448' title='bbox 585 3382 681 3435; x_wconf 81' lang='grc' dir='ltr'>καὶ</span> <span class='ocrx_word' id='word_1_449' title='bbox 712 3379 969 3435; x_wconf 74' lang='grc' dir='ltr'>διασείων</span> <span class='ocrx_word' id='word_1_450' title='bbox 996 3381 1071 3442; x_wconf 83' lang='grc' dir='ltr'>ὡς</span> <span class='ocrx_word' id='word_1_451' title='bbox 1098 3381 1458 3451; x_wconf 78' lang='grc' dir='ltr'>ἀπειρηκέναι</span> <span class='ocrx_word' id='word_1_452' title='bbox 1487 3380 1565 3450; x_wconf 83' lang='grc' dir='ltr'>τῷ</span> <span class='ocrx_word' id='word_1_453' title='bbox 1595 3380 1730 3433; x_wconf 87' lang='grc' dir='ltr'>πολ-</span> 
     </span>
    </p>
   </div>
   <div class='ocr_carea' id='block_1_66' title="bbox 1837 3378 3410 3454">
    <p class='ocr_par' dir='ltr' id='par_1_66' title="bbox 1837 3378 3410 3451">
     <span class='ocr_line' id='line_1_66' title="bbox 1837 3378 3410 3451; baseline -0.008 -9"><span class='ocrx_word' id='word_1_454' title='bbox 1837 3387 2028 3442; x_wconf 88' lang='lat' dir='ltr'><strong>mabus</strong></span> <span class='ocrx_word' id='word_1_455' title='bbox 2071 3386 2438 3447; x_wconf 81' lang='lat' dir='ltr'><strong>inventuros;</strong></span> <span class='ocrx_word' id='word_1_456' title='bbox 2498 3388 2554 3436; x_wconf 90' lang='lat' dir='ltr'><strong>et</strong></span> <span class='ocrx_word' id='word_1_457' title='bbox 2599 3387 2822 3451; x_wconf 87' lang='lat' dir='ltr'><strong>quassat</strong></span> <span class='ocrx_word' id='word_1_458' title='bbox 2883 3378 3241 3447; x_wconf 86' lang='lat' dir='ltr'><strong>eoneutitque</strong></span> <span class='ocrx_word' id='word_1_459' title='bbox 3299 3386 3410 3432; x_wconf 89' lang='lat' dir='ltr'><strong>tam</strong></span> 
     </span>
    </p>
   </div>
   <div class='ocr_carea' id='block_1_67' title="bbox 148 3470 1730 3545">
    <p class='ocr_par' dir='ltr' id='par_1_67' title="bbox 148 3470 1730 3545">
     <span class='ocr_line' id='line_1_67' title="bbox 148 3470 1730 3545; baseline -0.003 -16"><span class='ocrx_word' id='word_1_460' title='bbox 148 3477 231 3545; x_wconf 82' lang='grc' dir='ltr'>λῷ</span> <span class='ocrx_word' id='word_1_461' title='bbox 292 3475 467 3542; x_wconf 81' lang='grc' dir='ltr'>κλόνῳ</span> <span class='ocrx_word' id='word_1_462' title='bbox 514 3472 610 3526; x_wconf 78' lang='grc' dir='ltr'>καὶ</span> <span class='ocrx_word' id='word_1_463' title='bbox 663 3474 853 3541; x_wconf 87' lang='grc' dir='ltr'>χεῖρας</span> <span class='ocrx_word' id='word_1_464' title='bbox 941 3474 1054 3533; x_wconf 82' lang='grc' dir='ltr'>τοῖς</span> <span class='ocrx_word' id='word_1_465' title='bbox 1105 3473 1235 3542; x_wconf 76' lang='grc' dir='ltr'>περὶ</span> <span class='ocrx_word' id='word_1_466' title='bbox 1293 3470 1392 3542; x_wconf 83' lang='grc' dir='ltr'>τὴν</span> <span class='ocrx_word' id='word_1_467' title='bbox 1445 3470 1730 3540; x_wconf 79' lang='grc' dir='ltr'>οἰκοδομὴν</span> 
     </span>
    </p>
   </div>
   <div class='ocr_carea' id='block_1_68' title="bbox 1837 3470 3412 3545">
    <p class='ocr_par' dir='ltr' id='par_1_68' title="bbox 1837 3470 3412 3535">
     <span class='ocr_line' id='line_1_68' title="bbox 1837 3470 3412 3535; baseline -0.007 -2"><span class='ocrx_word' id='word_1_468' title='bbox 1837 3478 2193 3535; x_wconf 89' lang='lat' dir='ltr'><strong>vehementer</strong></span> <span class='ocrx_word' id='word_1_469' title='bbox 2242 3473 2583 3533; x_wconf 85' lang='lat' dir='ltr'><strong>aedificium,</strong></span> <span class='ocrx_word' id='word_1_470' title='bbox 2663 3478 2723 3525; x_wconf 93' lang='lat' dir='ltr'><strong>ut</strong></span> <span class='ocrx_word' id='word_1_471' title='bbox 2786 3471 2983 3526; x_wconf 86' lang='lat' dir='ltr'><strong>crebra</strong></span> <span class='ocrx_word' id='word_1_472' title='bbox 3051 3470 3412 3525; x_wconf 81' lang='lat' dir='ltr'><strong>suecussione</strong></span> 
     </span>
    </p>
   </div>
   <div class='ocr_carea' id='block_1_69' title="bbox 153 3555 1730 3663">
    <p class='ocr_par' dir='ltr' id='par_1_69' title="bbox 153 3555 1730 3663">
     <span class='ocr_line' id='line_1_69' title="bbox 153 3555 1730 3663; baseline 0.004 -53"><span class='ocrx_word' id='word_1_473' title='bbox 153 3555 545 3663; x_wconf 75' lang='grc' dir='ltr'>πονουμένοις.</span> <span class='ocrx_word' id='word_1_474' title='bbox 593 3555 853 3626; x_wconf 81' lang='grc' dir='ltr'>Δεηθέντι</span> <span class='ocrx_word' id='word_1_475' title='bbox 889 3556 1186 3627; x_wconf 76' lang='grc' dir='ltr'>τοιγαροῦν</span> <span class='ocrx_word' id='word_1_476' title='bbox 1245 3559 1375 3628; x_wconf 84' lang='grc' dir='ltr'>περὶ</span> <span class='ocrx_word' id='word_1_477' title='bbox 1428 3559 1620 3615; x_wconf 88' lang='grc' dir='ltr'>τούτου</span> <span class='ocrx_word' id='word_1_478' title='bbox 1663 3563 1730 3636; x_wconf 74' lang='grc' dir='ltr'><strong>τᾷ</strong></span> 
     </span>
    </p>
   </div>
   <div class='ocr_carea' id='block_1_70' title="bbox 1837 3555 3410 3663">
    <p class='ocr_par' dir='ltr' id='par_1_70' title="bbox 1837 3561 3410 3641">
     <span class='ocr_line' id='line_1_70' title="bbox 1837 3561 3410 3641; baseline -0.006 -17"><span class='ocrx_word' id='word_1_479' title='bbox 1837 3570 2072 3641; x_wconf 73' lang='lat' dir='ltr'><strong>fatigatze</strong></span> <span class='ocrx_word' id='word_1_480' title='bbox 2118 3565 2554 3633; x_wconf 55' lang='lat' dir='ltr'><strong>exanimataque</strong></span> <span class='ocrx_word' id='word_1_481' title='bbox 2587 3578 2771 3631; x_wconf 69' lang='lat' dir='ltr'><strong>operae</strong></span> <span class='ocrx_word' id='word_1_482' title='bbox 2798 3578 2996 3617; x_wconf 88' lang='lat' dir='ltr'><strong>manus</strong></span> <span class='ocrx_word' id='word_1_483' title='bbox 3055 3561 3182 3615; x_wconf 91' lang='lat' dir='ltr'><strong>inde</strong></span> <span class='ocrx_word' id='word_1_484' title='bbox 3225 3576 3410 3615; x_wconf 86' lang='lat' dir='ltr'><strong>remo-</strong></span> 
     </span>
    </p>
   </div>
   <div class='ocr_carea' id='block_1_71' title="bbox 146 3645 1730 3724">
    <p class='ocr_par' dir='ltr' id='par_1_71' title="bbox 146 3645 1730 3720">
     <span class='ocr_line' id='line_1_71' title="bbox 146 3645 1730 3720; baseline 0.003 -19"><span class='ocrx_word' id='word_1_485' title='bbox 146 3645 414 3717; x_wconf 85' lang='grc' dir='ltr'>Συμεὼν,</span> <span class='ocrx_word' id='word_1_486' title='bbox 445 3645 647 3718; x_wconf 76' lang='grc' dir='ltr'>ὲρῤἐθη</span> <span class='ocrx_word' id='word_1_487' title='bbox 676 3645 831 3718; x_wconf 77' lang='grc' dir='ltr'>παρὰ</span> <span class='ocrx_word' id='word_1_488' title='bbox 858 3646 959 3716; x_wconf 83' lang='grc' dir='ltr'>τῆς</span> <span class='ocrx_word' id='word_1_489' title='bbox 1002 3647 1248 3719; x_wconf 87' lang='grc' dir='ltr'>χάριτος,</span> <span class='ocrx_word' id='word_1_490' title='bbox 1281 3650 1495 3720; x_wconf 67' lang='grc' dir='ltr'>πέμψαι</span> <span class='ocrx_word' id='word_1_491' title='bbox 1536 3650 1635 3719; x_wconf 74' lang='grc' dir='ltr'>τὴν</span> <span class='ocrx_word' id='word_1_492' title='bbox 1666 3654 1730 3706; x_wconf 78' lang='lat' dir='ltr'><strong>oi-</strong></span> 
     </span>
    </p>
   </div>
   <div class='ocr_carea' id='block_1_72' title="bbox 1837 3645 3406 3724">
    <p class='ocr_par' dir='ltr' id='par_1_72' title="bbox 1837 3650 3406 3724">
     <span class='ocr_line' id='line_1_72' title="bbox 1837 3650 3406 3724; baseline -0.007 -8"><span class='ocrx_word' id='word_1_493' title='bbox 1837 3670 2045 3716; x_wconf 86' lang='lat' dir='ltr'><strong>verent.</strong></span> <span class='ocrx_word' id='word_1_494' title='bbox 2077 3659 2217 3713; x_wconf 90' lang='lat' dir='ltr'><strong>Dum</strong></span> <span class='ocrx_word' id='word_1_495' title='bbox 2251 3656 2434 3724; x_wconf 87' lang='lat' dir='ltr'><strong>itaque</strong></span> <span class='ocrx_word' id='word_1_496' title='bbox 2459 3669 2557 3723; x_wconf 91' lang='lat' dir='ltr'><strong>pro</strong></span> <span class='ocrx_word' id='word_1_497' title='bbox 2578 3653 2827 3708; x_wconf 89' lang='lat' dir='ltr'><strong>remedio</strong></span> <span class='ocrx_word' id='word_1_498' title='bbox 2852 3654 3115 3722; x_wconf 76' lang='lat' dir='ltr'><strong>precatur</strong></span> <span class='ocrx_word' id='word_1_499' title='bbox 3145 3650 3406 3722; x_wconf 79' lang='lat' dir='ltr'><strong>Symeon.</strong></span> 
     </span>
    </p>
   </div>
   <div class='ocr_carea' id='block_1_73' title="bbox 146 3734 1730 3820">
    <p class='ocr_par' dir='ltr' id='par_1_73' title="bbox 146 3738 1730 3811">
     <span class='ocr_line' id='line_1_73' title="bbox 146 3738 1730 3811; baseline 0.001 -17"><span class='ocrx_word' id='word_1_500' title='bbox 146 3740 321 3794; x_wconf 82' lang='grc' dir='ltr'>κείαν</span> <span class='ocrx_word' id='word_1_501' title='bbox 351 3738 551 3808; x_wconf 78' lang='grc' dir='ltr'>ῥάϐδον</span> <span class='ocrx_word' id='word_1_502' title='bbox 603 3739 760 3810; x_wconf 85' lang='grc' dir='ltr'>παρὰ</span> <span class='ocrx_word' id='word_1_503' title='bbox 788 3739 881 3791; x_wconf 89' lang='grc' dir='ltr'><strong>τὸν</strong></span> <span class='ocrx_word' id='word_1_504' title='bbox 910 3738 1097 3804; x_wconf 89' lang='grc' dir='ltr'>τόπον,</span> <span class='ocrx_word' id='word_1_505' title='bbox 1137 3740 1259 3809; x_wconf 77' lang='grc' dir='ltr'>ἥτις</span> <span class='ocrx_word' id='word_1_506' title='bbox 1289 3741 1406 3793; x_wconf 73' lang='grc' dir='ltr'>ἐκεῖ</span> <span class='ocrx_word' id='word_1_507' title='bbox 1442 3742 1730 3811; x_wconf 71' lang='grc' dir='ltr'><strong>κρούσασα1</strong></span> 
     </span>
    </p>
   </div>
   <div class='ocr_carea' id='block_1_74' title="bbox 1837 3734 3411 3820">
    <p class='ocr_par' dir='ltr' id='par_1_74' title="bbox 1837 3743 3411 3820">
     <span class='ocr_line' id='line_1_74' title="bbox 1837 3743 3411 3820; baseline -0.006 -14"><span class='ocrx_word' id='word_1_508' title='bbox 1837 3752 1976 3806; x_wconf 86' lang='lat' dir='ltr'><strong>hanc</strong></span> <span class='ocrx_word' id='word_1_509' title='bbox 2001 3767 2032 3805; x_wconf 91' lang='lat' dir='ltr'><strong>a</strong></span> <span class='ocrx_word' id='word_1_510' title='bbox 2047 3747 2220 3820; x_wconf 84' lang='lat' dir='ltr'><strong>gratia</strong></span> <span class='ocrx_word' id='word_1_511' title='bbox 2245 3746 2665 3816; x_wconf 88' lang='lat' dir='ltr'><strong>inspirationem</strong></span> <span class='ocrx_word' id='word_1_512' title='bbox 2684 3743 2914 3814; x_wconf 91' lang='lat' dir='ltr'><strong>accepit,</strong></span> <span class='ocrx_word' id='word_1_513' title='bbox 2934 3745 2998 3797; x_wconf 76' lang='lat' dir='ltr'><strong>ui;</strong></span> <span class='ocrx_word' id='word_1_514' title='bbox 3016 3744 3222 3812; x_wconf 81' lang='lat' dir='ltr'><strong>virgam</strong></span> <span class='ocrx_word' id='word_1_515' title='bbox 3252 3757 3411 3797; x_wconf 87' lang='lat' dir='ltr'><strong>suam</strong></span> 
     </span>
    </p>
   </div>
   <div class='ocr_carea' id='block_1_75' title="bbox 149 3830 1743 3919">
    <p class='ocr_par' dir='ltr' id='par_1_75' title="bbox 149 3830 1743 3919">
     <span class='ocr_line' id='line_1_75' title="bbox 149 3830 1743 3919; baseline -0.001 -32"><span class='ocrx_word' id='word_1_516' title='bbox 149 3834 248 3887; x_wconf 76' lang='grc' dir='ltr'><strong>τὸν</strong></span> <span class='ocrx_word' id='word_1_517' title='bbox 288 3833 344 3919; x_wconf 78' lang='grc' dir='ltr'>ὲν</span> <span class='ocrx_word' id='word_1_518' title='bbox 372 3830 678 3902; x_wconf 81' lang='grc' dir='ltr'>ἀποκρύφῳ</span> <span class='ocrx_word' id='word_1_519' title='bbox 710 3830 1136 3885; x_wconf 72' lang='grc' dir='ltr'>ἐπιϐουλεύοντα</span> <span class='ocrx_word' id='word_1_520' title='bbox 1184 3833 1430 3903; x_wconf 86' lang='grc' dir='ltr'>εὑρήσει.</span> <span class='ocrx_word' id='word_1_521' title='bbox 1474 3834 1743 3906; x_wconf 80' lang='grc' dir='ltr'>Ἐγχειρί-</span> 
     </span>
    </p>
   </div>
   <div class='ocr_carea' id='block_1_76' title="bbox 152 3922 1742 3993">
    <p class='ocr_par' dir='ltr' id='par_1_76' title="bbox 152 3922 1742 3993">
     <span class='ocr_line' id='line_1_76' title="bbox 152 3922 1742 3993; baseline 0.002 -17"><span class='ocrx_word' id='word_1_522' title='bbox 152 3940 355 3985; x_wconf 87' lang='grc' dir='ltr'>σαντος</span> <span class='ocrx_word' id='word_1_523' title='bbox 377 3924 559 3977; x_wconf 81' lang='grc' dir='ltr'>τοίνυν</span> <span class='ocrx_word' id='word_1_524' title='bbox 584 3923 667 3976; x_wconf 79' lang='grc' dir='ltr'><strong>ἑνὶ</strong></span> <span class='ocrx_word' id='word_1_525' title='bbox 689 3922 801 3976; x_wconf 90' lang='grc' dir='ltr'><strong>τῶν</strong></span> <span class='ocrx_word' id='word_1_526' title='bbox 832 3922 1095 3993; x_wconf 85' lang='grc' dir='ltr'>μαθητῶν</span> <span class='ocrx_word' id='word_1_527' title='bbox 1122 3923 1216 3976; x_wconf 90' lang='grc' dir='ltr'><strong>τοῦ</strong></span> <span class='ocrx_word' id='word_1_528' title='bbox 1254 3923 1463 3992; x_wconf 85' lang='grc' dir='ltr'>Ἀγίου,</span> <span class='ocrx_word' id='word_1_529' title='bbox 1486 3924 1742 3979; x_wconf 85' lang='grc' dir='ltr'>ἀπελθὼν</span> 
     </span>
    </p>
   </div>
   <div class='ocr_carea' id='block_1_77' title="bbox 153 4014 1740 4087">
    <p class='ocr_par' dir='ltr' id='par_1_77' title="bbox 153 4014 1740 4087">
     <span class='ocr_line' id='line_1_77' title="bbox 153 4014 1740 4087; baseline -0.001 -17"><span class='ocrx_word' id='word_1_530' title='bbox 153 4018 277 4070; x_wconf 64' lang='grc' dir='ltr'>ἐκεῖ</span> <span class='ocrx_word' id='word_1_531' title='bbox 305 4015 400 4068; x_wconf 75' lang='grc' dir='ltr'>καὶ</span> <span class='ocrx_word' id='word_1_532' title='bbox 428 4014 670 4086; x_wconf 85' lang='grc' dir='ltr'>κρούσας</span> <span class='ocrx_word' id='word_1_533' title='bbox 701 4016 933 4077; x_wconf 80' lang='grc' dir='ltr'>ἐκεῖνος,</span> <span class='ocrx_word' id='word_1_534' title='bbox 975 4015 1064 4068; x_wconf 89' lang='grc' dir='ltr'><strong>Ἐν</strong></span> <span class='ocrx_word' id='word_1_535' title='bbox 1089 4014 1165 4085; x_wconf 83' lang='grc' dir='ltr'>τῷ</span> <span class='ocrx_word' id='word_1_536' title='bbox 1196 4015 1443 4085; x_wconf 85' lang='grc' dir='ltr'>ὀνόματι,</span> <span class='ocrx_word' id='word_1_537' title='bbox 1466 4018 1621 4087; x_wconf 83' lang='grc' dir='ltr'>φησὶ,</span> <span class='ocrx_word' id='word_1_538' title='bbox 1646 4016 1740 4069; x_wconf 88' lang='grc' dir='ltr'>τοῦ</span> 
     </span>
    </p>
   </div>
   <div class='ocr_carea' id='block_1_78' title="bbox 156 4105 1742 4183">
    <p class='ocr_par' dir='ltr' id='par_1_78' title="bbox 156 4105 1742 4183">
     <span class='ocr_line' id='line_1_78' title="bbox 156 4105 1742 4183; baseline -0.001 -21"><span class='ocrx_word' id='word_1_539' title='bbox 156 4105 367 4176; x_wconf 80' lang='grc' dir='ltr'>Κυρίου</span> <span class='ocrx_word' id='word_1_540' title='bbox 393 4106 552 4178; x_wconf 85' lang='grc' dir='ltr'>ήμῶν</span> <span class='ocrx_word' id='word_1_541' title='bbox 577 4107 751 4177; x_wconf 83' lang='grc' dir='ltr'>Ἰησοῦ</span> <span class='ocrx_word' id='word_1_542' title='bbox 780 4107 1040 4183; x_wconf 83' lang='grc' dir='ltr'>Χριστοῦ,</span> <span class='ocrx_word' id='word_1_543' title='bbox 1075 4106 1361 4178; x_wconf 76' lang='grc' dir='ltr'>ἐπιτρέπει</span> <span class='ocrx_word' id='word_1_544' title='bbox 1390 4123 1491 4174; x_wconf 90' lang='grc' dir='ltr'>σοι,</span> <span class='ocrx_word' id='word_1_545' title='bbox 1521 4107 1742 4177; x_wconf 87' lang='grc' dir='ltr'>πνεῦμα</span> 
     </span>
    </p>
   </div>
   <div class='ocr_carea' id='block_1_79' title="bbox 158 4196 1738 4272">
    <p class='ocr_par' dir='ltr' id='par_1_79' title="bbox 158 4196 1738 4272">
     <span class='ocr_line' id='line_1_79' title="bbox 158 4196 1738 4272; baseline -0.003 -18"><span class='ocrx_word' id='word_1_546' title='bbox 158 4197 421 4272; x_wconf 79' lang='grc' dir='ltr'>πονηρὸν,</span> <span class='ocrx_word' id='word_1_547' title='bbox 445 4198 473 4251; x_wconf 83' lang='grc' dir='ltr'><strong>ό</strong></span> <span class='ocrx_word' id='word_1_548' title='bbox 499 4198 595 4253; x_wconf 85' lang='grc' dir='ltr'>τοῦ</span> <span class='ocrx_word' id='word_1_549' title='bbox 622 4198 762 4252; x_wconf 80' lang='grc' dir='ltr'>Θεοῦ</span> <span class='ocrx_word' id='word_1_550' title='bbox 794 4197 1051 4268; x_wconf 85' lang='grc' dir='ltr'>θεράπων</span> <span class='ocrx_word' id='word_1_551' title='bbox 1077 4196 1320 4267; x_wconf 81' lang='grc' dir='ltr'>Συμεὼν,</span> <span class='ocrx_word' id='word_1_552' title='bbox 1348 4197 1616 4269; x_wconf 84' lang='grc' dir='ltr'>άπόστηθι</span> <span class='ocrx_word' id='word_1_553' title='bbox 1644 4197 1738 4251; x_wconf 84' lang='grc' dir='ltr'>τοῦ</span> 
     </span>
    </p>
   </div>
   <div class='ocr_carea' id='block_1_80' title="bbox 155 4286 1730 4361">
    <p class='ocr_par' dir='ltr' id='par_1_80' title="bbox 155 4286 1730 4361">
     <span class='ocr_line' id='line_1_80' title="bbox 155 4286 1730 4361; baseline -0.014 -10"><span class='ocrx_word' id='word_1_554' title='bbox 155 4297 327 4351; x_wconf 86' lang='grc' dir='ltr'>τόπου</span> <span class='ocrx_word' id='word_1_555' title='bbox 354 4290 565 4356; x_wconf 86' lang='grc' dir='ltr'>τούτου,</span> <span class='ocrx_word' id='word_1_556' title='bbox 595 4290 692 4346; x_wconf 81' lang='grc' dir='ltr'>καὶ</span> <span class='ocrx_word' id='word_1_557' title='bbox 718 4289 1060 4361; x_wconf 83' lang='grc' dir='ltr'>παραχρῆμα</span> <span class='ocrx_word' id='word_1_558' title='bbox 1090 4286 1158 4357; x_wconf 80' lang='grc' dir='ltr'><strong>(ὣ</strong></span> <span class='ocrx_word' id='word_1_559' title='bbox 1183 4286 1526 4354; x_wconf 70' lang='grc' dir='ltr'>δυναστείας,</span> <span class='ocrx_word' id='word_1_560' title='bbox 1546 4286 1592 4341; x_wconf 74' lang='grc' dir='ltr'><strong>ὣ</strong></span> <span class='ocrx_word' id='word_1_561' title='bbox 1630 4288 1730 4361; x_wconf 78' lang='grc' dir='ltr'>χά.</span> 
     </span>
    </p>
   </div>
   <div class='ocr_carea' id='block_1_81' title="bbox 158 4376 1731 4454">
    <p class='ocr_par' dir='ltr' id='par_1_81' title="bbox 158 4376 1731 4454">
     <span class='ocr_line' id='line_1_81' title="bbox 158 4376 1731 4454; baseline -0.004 -18"><span class='ocrx_word' id='word_1_562' title='bbox 158 4400 306 4454; x_wconf 91' lang='grc' dir='ltr'>ριτος</span> <span class='ocrx_word' id='word_1_563' title='bbox 353 4381 563 4436; x_wconf 73' lang='grc' dir='ltr'>ἐκεῖθεν</span> <span class='ocrx_word' id='word_1_564' title='bbox 612 4380 876 4443; x_wconf 82' lang='grc' dir='ltr'>πλουσίας</span> <span class='ocrx_word' id='word_1_565' title='bbox 924 4378 1018 4432; x_wconf 83' lang='grc' dir='ltr'>τοῦ</span> <span class='ocrx_word' id='word_1_566' title='bbox 1055 4376 1303 4450; x_wconf 86' lang='grc' dir='ltr'>Συμεὼν)</span> <span class='ocrx_word' id='word_1_567' title='bbox 1332 4380 1359 4431; x_wconf 89' lang='grc' dir='ltr'>ὁ</span> <span class='ocrx_word' id='word_1_568' title='bbox 1395 4378 1496 4448; x_wconf 81' lang='grc' dir='ltr'>μὲν</span> <span class='ocrx_word' id='word_1_569' title='bbox 1519 4379 1731 4449; x_wconf 84' lang='grc' dir='ltr'>ἠχήσας</span> 
     </span>
    </p>
   </div>
   <div class='ocr_carea' id='block_1_82' title="bbox 1834 3834 3412 3911">
    <p class='ocr_par' dir='ltr' id='par_1_82' title="bbox 1834 3834 3412 3911">
     <span class='ocr_line' id='line_1_82' title="bbox 1834 3834 3412 3911; baseline -0.006 -14"><span class='ocrx_word' id='word_1_570' title='bbox 1834 3841 1901 3897; x_wconf 91' lang='lat' dir='ltr'><strong>ad</strong></span> <span class='ocrx_word' id='word_1_571' title='bbox 1931 3842 2117 3896; x_wconf 91' lang='lat' dir='ltr'><strong>locum</strong></span> <span class='ocrx_word' id='word_1_572' title='bbox 2150 3836 2473 3911; x_wconf 79' lang='lat' dir='ltr'><strong>infestatum</strong></span> <span class='ocrx_word' id='word_1_573' title='bbox 2507 3835 2777 3899; x_wconf 89' lang='lat' dir='ltr'><strong>mitteret,</strong></span> <span class='ocrx_word' id='word_1_574' title='bbox 2810 3835 2975 3904; x_wconf 88' lang='lat' dir='ltr'><strong>pulsu</strong></span> <span class='ocrx_word' id='word_1_575' title='bbox 3003 3848 3107 3888; x_wconf 89' lang='lat' dir='ltr'><strong>suo</strong></span> <span class='ocrx_word' id='word_1_576' title='bbox 3138 3834 3412 3888; x_wconf 84' lang='lat' dir='ltr'><strong>insidian-</strong></span> 
     </span>
    </p>
   </div>
   <div class='ocr_carea' id='block_1_83' title="bbox 1834 3924 3414 3995">
    <p class='ocr_par' dir='ltr' id='par_1_83' title="bbox 1834 3924 3414 3995">
     <span class='ocr_line' id='line_1_83' title="bbox 1834 3924 3414 3995; baseline -0.008 -7"><span class='ocrx_word' id='word_1_577' title='bbox 1834 3943 1944 3988; x_wconf 91' lang='lat' dir='ltr'><strong>tem</strong></span> <span class='ocrx_word' id='word_1_578' title='bbox 1980 3931 2035 3985; x_wconf 93' lang='lat' dir='ltr'><strong>in</strong></span> <span class='ocrx_word' id='word_1_579' title='bbox 2068 3930 2286 3984; x_wconf 86' lang='lat' dir='ltr'><strong>occulto</strong></span> <span class='ocrx_word' id='word_1_580' title='bbox 2320 3927 2539 3982; x_wconf 84' lang='lat' dir='ltr'><strong>hostem</strong></span> <span class='ocrx_word' id='word_1_581' title='bbox 2579 3926 2943 3981; x_wconf 88' lang='lat' dir='ltr'><strong>detecturam.</strong></span> <span class='ocrx_word' id='word_1_582' title='bbox 3007 3924 3236 3979; x_wconf 85' lang='lat' dir='ltr'><strong>Tradita</strong></span> <span class='ocrx_word' id='word_1_583' title='bbox 3281 3940 3414 3995; x_wconf 79' lang='lat' dir='ltr'><strong>ergo</strong></span> 
     </span>
    </p>
   </div>
   <div class='ocr_carea' id='block_1_84' title="bbox 1832 4017 3414 4092">
    <p class='ocr_par' dir='ltr' id='par_1_84' title="bbox 1832 4017 3414 4092">
     <span class='ocr_line' id='line_1_84' title="bbox 1832 4017 3414 4092; baseline -0.003 -15"><span class='ocrx_word' id='word_1_584' title='bbox 1832 4023 1986 4092; x_wconf 78' lang='lat' dir='ltr'><strong>virga</strong></span> <span class='ocrx_word' id='word_1_585' title='bbox 2014 4020 2414 4092; x_wconf 86' lang='lat' dir='ltr'><strong>discipulorum</strong></span> <span class='ocrx_word' id='word_1_586' title='bbox 2451 4019 2670 4074; x_wconf 86' lang='lat' dir='ltr'><strong>cuidam</strong></span> <span class='ocrx_word' id='word_1_587' title='bbox 2693 4018 2749 4072; x_wconf 92' lang='lat' dir='ltr'><strong>in</strong></span> <span class='ocrx_word' id='word_1_588' title='bbox 2776 4032 2994 4082; x_wconf 88' lang='lat' dir='ltr'><strong>manus,</strong></span> <span class='ocrx_word' id='word_1_589' title='bbox 3017 4017 3242 4072; x_wconf 88' lang='lat' dir='ltr'><strong>abeunti</strong></span> <span class='ocrx_word' id='word_1_590' title='bbox 3283 4017 3414 4072; x_wconf 88' lang='lat' dir='ltr'><strong>illuc</strong></span> 
     </span>
    </p>
   </div>
   <div class='ocr_carea' id='block_1_85' title="bbox 1830 4107 3413 4183">
    <p class='ocr_par' dir='ltr' id='par_1_85' title="bbox 1830 4107 3413 4183">
     <span class='ocr_line' id='line_1_85' title="bbox 1830 4107 3413 4183; baseline -0.004 -16"><span class='ocrx_word' id='word_1_591' title='bbox 1830 4112 2186 4183; x_wconf 89' lang='lat' dir='ltr'><strong>pulsantique</strong></span> <span class='ocrx_word' id='word_1_592' title='bbox 2222 4118 2278 4165; x_wconf 90' lang='lat' dir='ltr'><strong>et</strong></span> <span class='ocrx_word' id='word_1_593' title='bbox 2307 4109 2516 4165; x_wconf 88' lang='lat' dir='ltr'><strong>dicenti</strong></span> <span class='ocrx_word' id='word_1_594' title='bbox 2548 4127 2560 4162; x_wconf 92' lang='lat'><strong>:</strong></span> <span class='ocrx_word' id='word_1_595' title='bbox 2590 4108 2650 4163; x_wconf 85' lang='lat' dir='ltr'><strong>In</strong></span> <span class='ocrx_word' id='word_1_596' title='bbox 2697 4107 2921 4162; x_wconf 89' lang='lat' dir='ltr'><strong>nomine</strong></span> <span class='ocrx_word' id='word_1_597' title='bbox 2966 4107 3181 4161; x_wconf 91' lang='lat' dir='ltr'><strong>Domini</strong></span> <span class='ocrx_word' id='word_1_598' title='bbox 3238 4107 3413 4162; x_wconf 78' lang='lat' dir='ltr'><strong>nostri</strong></span> 
     </span>
    </p>
   </div>
   <div class='ocr_carea' id='block_1_86' title="bbox 1831 4196 3414 4272">
    <p class='ocr_par' dir='ltr' id='par_1_86' title="bbox 1831 4196 3414 4272">
     <span class='ocr_line' id='line_1_86' title="bbox 1831 4196 3414 4272; baseline -0.004 -12"><span class='ocrx_word' id='word_1_599' title='bbox 1831 4205 1959 4260; x_wconf 71' lang='lat' dir='ltr'><strong>Jesu</strong></span> <span class='ocrx_word' id='word_1_600' title='bbox 1984 4203 2188 4259; x_wconf 85' lang='lat' dir='ltr'><strong>Christi</strong></span> <span class='ocrx_word' id='word_1_601' title='bbox 2216 4199 2466 4272; x_wconf 57' lang='lat' dir='ltr'><strong>praecipit</strong></span> <span class='ocrx_word' id='word_1_602' title='bbox 2495 4199 2617 4265; x_wconf 92' lang='lat' dir='ltr'><strong>tibi,</strong></span> <span class='ocrx_word' id='word_1_603' title='bbox 2638 4199 2875 4268; x_wconf 90' lang='lat' dir='ltr'><strong>pessime</strong></span> <span class='ocrx_word' id='word_1_604' title='bbox 2897 4197 3147 4269; x_wconf 85' lang='lat' dir='ltr'><strong>spiritus,</strong></span> <span class='ocrx_word' id='word_1_605' title='bbox 3174 4196 3414 4253; x_wconf 81' lang='lat' dir='ltr'><strong>famulus</strong></span> 
     </span>
    </p>
   </div>
   <div class='ocr_carea' id='block_1_87' title="bbox 1833 4292 3415 4367">
    <p class='ocr_par' dir='ltr' id='par_1_87' title="bbox 1833 4292 3415 4367">
     <span class='ocr_line' id='line_1_87' title="bbox 1833 4292 3415 4367; baseline -0.006 -15"><span class='ocrx_word' id='word_1_606' title='bbox 1833 4296 1933 4352; x_wconf 89' lang='lat' dir='ltr'><strong>Dei</strong></span> <span class='ocrx_word' id='word_1_607' title='bbox 1961 4294 2225 4367; x_wconf 87' lang='lat' dir='ltr'><strong>Symeon,</strong></span> <span class='ocrx_word' id='word_1_608' title='bbox 2269 4302 2331 4349; x_wconf 87' lang='lat' dir='ltr'><strong>ut</strong></span> <span class='ocrx_word' id='word_1_609' title='bbox 2357 4307 2521 4347; x_wconf 83' lang='lat' dir='ltr'><strong>exeas</strong></span> <span class='ocrx_word' id='word_1_610' title='bbox 2544 4292 2664 4346; x_wconf 88' lang='lat' dir='ltr'><strong>loco</strong></span> <span class='ocrx_word' id='word_1_611' title='bbox 2687 4292 2828 4358; x_wconf 91' lang='lat' dir='ltr'><strong>hoc;</strong></span> <span class='ocrx_word' id='word_1_612' title='bbox 2857 4301 2914 4346; x_wconf 88' lang='lat' dir='ltr'><strong>et</strong></span> <span class='ocrx_word' id='word_1_613' title='bbox 2944 4292 3210 4346; x_wconf 92' lang='lat' dir='ltr'><strong>continuo</strong></span> <span class='ocrx_word' id='word_1_614' title='bbox 3239 4292 3298 4367; x_wconf 75' lang='grc' dir='ltr'>(ιι</span> <span class='ocrx_word' id='word_1_615' title='bbox 3320 4308 3415 4361; x_wconf 83' lang='lat' dir='ltr'><strong>po-</strong></span> 
     </span>
    </p>
   </div>
   <div class='ocr_carea' id='block_1_88' title="bbox 1834 4366 3414 4456">
    <p class='ocr_par' dir='ltr' id='par_1_88' title="bbox 1834 4366 3414 4456">
     <span class='ocr_line' id='line_1_88' title="bbox 1834 4366 3414 4456; baseline -0.003 -14"><span class='ocrx_word' id='word_1_616' title='bbox 1834 4366 2099 4453; x_wconf 81' lang='lat' dir='ltr'><strong>tentiam!</strong></span> <span class='ocrx_word' id='word_1_617' title='bbox 2154 4401 2187 4441; x_wconf 85' lang='grc' dir='ltr'><strong>ο</strong></span> <span class='ocrx_word' id='word_1_618' title='bbox 2227 4384 2457 4440; x_wconf 89' lang='lat' dir='ltr'><strong>divitem</strong></span> <span class='ocrx_word' id='word_1_619' title='bbox 2512 4383 2804 4455; x_wconf 82' lang='lat' dir='ltr'><strong>Symeonis</strong></span> <span class='ocrx_word' id='word_1_620' title='bbox 2847 4383 3077 4454; x_wconf 80' lang='lat' dir='ltr'><strong>gratiam</strong></span> <span class='ocrx_word' id='word_1_621' title='bbox 3103 4381 3142 4456; x_wconf 87' lang='lat' dir='ltr'><strong>l)</strong></span> <span class='ocrx_word' id='word_1_622' title='bbox 3183 4366 3414 4453; x_wconf 85' lang='lat' dir='ltr'><strong>spiritus</strong></span> 
     </span>
    </p>
   </div>
   <div class='ocr_carea' id='block_1_89' title="bbox 160 4468 1730 4549">
    <p class='ocr_par' dir='ltr' id='par_1_89' title="bbox 160 4468 1728 4544">
     <span class='ocr_line' id='line_1_89' title="bbox 160 4468 1728 4544; baseline -0.004 -16"><span class='ocrx_word' id='word_1_623' title='bbox 160 4479 328 4544; x_wconf 78' lang='grc' dir='ltr'>μέγα,</span> <span class='ocrx_word' id='word_1_624' title='bbox 348 4473 470 4527; x_wconf 87' lang='grc' dir='ltr'>λίαν</span> <span class='ocrx_word' id='word_1_625' title='bbox 516 4470 758 4542; x_wconf 84' lang='grc' dir='ltr'>αίσχρῶς</span> <span class='ocrx_word' id='word_1_626' title='bbox 795 4469 1202 4525; x_wconf 78' lang='grc' dir='ltr'>ἀπελαύνεταιο</span> <span class='ocrx_word' id='word_1_627' title='bbox 1229 4469 1470 4541; x_wconf 77' lang='grc' dir='ltr'>ἡσύχαζε</span> <span class='ocrx_word' id='word_1_628' title='bbox 1519 4468 1577 4523; x_wconf 76' lang='grc' dir='ltr'>δὲ</span> <span class='ocrx_word' id='word_1_629' title='bbox 1632 4468 1728 4523; x_wconf 86' lang='grc' dir='ltr'>τοῦ</span> 
     </span>
    </p>
   </div>
   <div class='ocr_carea' id='block_1_90' title="bbox 1837 4468 3414 4549">
    <p class='ocr_par' dir='ltr' id='par_1_90' title="bbox 1837 4474 3414 4549">
     <span class='ocr_line' id='line_1_90' title="bbox 1837 4474 3414 4549; baseline -0.004 -16"><span class='ocrx_word' id='word_1_630' title='bbox 1837 4494 2031 4549; x_wconf 82' lang='lat' dir='ltr'><strong>magno</strong></span> <span class='ocrx_word' id='word_1_631' title='bbox 2051 4477 2200 4533; x_wconf 89' lang='lat' dir='ltr'><strong>edito</strong></span> <span class='ocrx_word' id='word_1_632' title='bbox 2226 4491 2364 4532; x_wconf 91' lang='lat' dir='ltr'><strong>sono</strong></span> <span class='ocrx_word' id='word_1_633' title='bbox 2402 4474 2705 4532; x_wconf 70' lang='lat' dir='ltr'><strong>foedissime</strong></span> <span class='ocrx_word' id='word_1_634' title='bbox 2762 4474 2989 4544; x_wconf 83' lang='lat' dir='ltr'><strong>pellitur</strong></span> <span class='ocrx_word' id='word_1_635' title='bbox 3026 4492 3042 4528; x_wconf 90' lang='lat'><strong>:</strong></span> <span class='ocrx_word' id='word_1_636' title='bbox 3095 4475 3163 4530; x_wconf 90' lang='lat' dir='ltr'><strong>de</strong></span> <span class='ocrx_word' id='word_1_637' title='bbox 3215 4482 3414 4529; x_wconf 68' lang='lat' dir='ltr'><strong>czetero</strong></span> 
     </span>
    </p>
   </div>
   <div class='ocr_carea' id='block_1_91' title="bbox 157 4560 1376 4639">
    <p class='ocr_par' dir='ltr' id='par_1_91' title="bbox 157 4560 1376 4639">
     <span class='ocr_line' id='line_1_91' title="bbox 157 4560 1376 4639; baseline -0.002 -22"><span class='ocrx_word' id='word_1_638' title='bbox 157 4564 344 4619; x_wconf 83' lang='grc' dir='ltr'>λοιποῦ</span> <span class='ocrx_word' id='word_1_639' title='bbox 375 4565 434 4618; x_wconf 69' lang='grc' dir='ltr'>τὸ</span> <span class='ocrx_word' id='word_1_640' title='bbox 463 4562 644 4639; x_wconf 65' lang='grc' dir='ltr'>ἐργον,</span> <span class='ocrx_word' id='word_1_641' title='bbox 677 4565 770 4619; x_wconf 77' lang='grc' dir='ltr'>καὶ</span> <span class='ocrx_word' id='word_1_642' title='bbox 794 4563 935 4619; x_wconf 77' lang='grc' dir='ltr'>κατὰ</span> <span class='ocrx_word' id='word_1_643' title='bbox 969 4561 1128 4631; x_wconf 90' lang='grc' dir='ltr'>λόγον</span> <span class='ocrx_word' id='word_1_644' title='bbox 1157 4560 1376 4633; x_wconf 67' lang='grc' dir='ltr'>ἐχώρει.</span> 
     </span>
    </p>
   </div>
   <div class='ocr_carea' id='block_1_92' title="bbox 227 4739 1736 4814">
    <p class='ocr_par' dir='ltr' id='par_1_92' title="bbox 227 4739 1736 4814">
     <span class='ocr_line' id='line_1_92' title="bbox 227 4739 1736 4814; baseline -0.013 -2"><span class='ocrx_word' id='word_1_645' title='bbox 227 4744 333 4812; x_wconf 49' lang='grc' dir='ltr'><strong>ἥθ’·</strong></span> <span class='ocrx_word' id='word_1_646' title='bbox 375 4743 530 4799; x_wconf 71' lang='grc' dir='ltr'>Ἐπεὶ</span> <span class='ocrx_word' id='word_1_647' title='bbox 560 4741 615 4796; x_wconf 69' lang='grc' dir='ltr'>δὲ</span> <span class='ocrx_word' id='word_1_648' title='bbox 641 4742 956 4814; x_wconf 82' lang='grc' dir='ltr'>ᾠκοδόμητο</span> <span class='ocrx_word' id='word_1_649' title='bbox 982 4740 1139 4814; x_wconf 70' lang='grc' dir='ltr'><strong>μὲνὴ</strong></span> <span class='ocrx_word' id='word_1_650' title='bbox 1168 4740 1398 4813; x_wconf 87' lang='grc' dir='ltr'>μάνδρα,</span> <span class='ocrx_word' id='word_1_651' title='bbox 1437 4739 1736 4810; x_wconf 69' lang='grc' dir='ltr'>λελατόμῃ-</span> 
     </span>
    </p>
   </div>
   <div class='ocr_carea' id='block_1_93' title="bbox 159 4832 1733 4905">
    <p class='ocr_par' dir='ltr' id='par_1_93' title="bbox 159 4832 1733 4905">
     <span class='ocr_line' id='line_1_93' title="bbox 159 4832 1733 4905; baseline -0.003 -14"><span class='ocrx_word' id='word_1_652' title='bbox 159 4853 217 4891; x_wconf 85' lang='grc' dir='ltr'><strong>το</strong></span> <span class='ocrx_word' id='word_1_653' title='bbox 243 4835 301 4891; x_wconf 72' lang='grc' dir='ltr'>δὲ</span> <span class='ocrx_word' id='word_1_654' title='bbox 328 4838 358 4891; x_wconf 85' lang='grc' dir='ltr'><strong>ό</strong></span> <span class='ocrx_word' id='word_1_655' title='bbox 380 4833 586 4905; x_wconf 79' lang='grc' dir='ltr'>στύλος,</span> <span class='ocrx_word' id='word_1_656' title='bbox 617 4834 933 4904; x_wconf 87' lang='grc' dir='ltr'>λατομεῖταί</span> <span class='ocrx_word' id='word_1_657' title='bbox 963 4851 1047 4899; x_wconf 92' lang='grc' dir='ltr'><strong>τις</strong></span> <span class='ocrx_word' id='word_1_658' title='bbox 1071 4835 1169 4888; x_wconf 81' lang='grc' dir='ltr'>καὶ</span> <span class='ocrx_word' id='word_1_659' title='bbox 1196 4834 1397 4896; x_wconf 78' lang='grc' dir='ltr'>λάκκος</span> <span class='ocrx_word' id='word_1_660' title='bbox 1441 4832 1592 4901; x_wconf 81' lang='grc' dir='ltr'>δεξιὰ</span> <span class='ocrx_word' id='word_1_661' title='bbox 1637 4832 1733 4887; x_wconf 85' lang='grc' dir='ltr'>τοῦ</span> 
     </span>
    </p>
   </div>
   <div class='ocr_carea' id='block_1_94' title="bbox 160 4922 1732 5000">
    <p class='ocr_par' dir='ltr' id='par_1_94' title="bbox 160 4922 1732 5000">
     <span class='ocr_line' id='line_1_94' title="bbox 160 4922 1732 5000; baseline 0 -20"><span class='ocrx_word' id='word_1_662' title='bbox 160 4928 334 4991; x_wconf 85' lang='grc' dir='ltr'>κίονος</span> <span class='ocrx_word' id='word_1_663' title='bbox 393 4926 527 4995; x_wconf 80' lang='grc' dir='ltr'>πρὸς</span> <span class='ocrx_word' id='word_1_664' title='bbox 559 4927 848 4990; x_wconf 80' lang='grc' dir='ltr'>’Δνατολὰς</span> <span class='ocrx_word' id='word_1_665' title='bbox 909 4922 1223 5000; x_wconf 57' lang='grc' dir='ltr'>(ἐπιτροπῇ</span> <span class='ocrx_word' id='word_1_666' title='bbox 1270 4926 1329 4980; x_wconf 82' lang='grc' dir='ltr'>δὲ</span> <span class='ocrx_word' id='word_1_667' title='bbox 1378 4926 1471 4980; x_wconf 86' lang='grc' dir='ltr'>τοῦ</span> <span class='ocrx_word' id='word_1_668' title='bbox 1551 4926 1732 4995; x_wconf 76' lang='grc' dir='ltr'>Ἀγίου</span> 
     </span>
    </p>
   </div>
   <div class='ocr_carea' id='block_1_95' title="bbox 161 5017 1732 5092">
    <p class='ocr_par' dir='ltr' id='par_1_95' title="bbox 161 5017 1732 5092">
     <span class='ocr_line' id='line_1_95' title="bbox 161 5017 1732 5092; baseline 0.003 -23"><span class='ocrx_word' id='word_1_669' title='bbox 161 5017 317 5072; x_wconf 90' lang='grc' dir='ltr'>τοῦτο</span> <span class='ocrx_word' id='word_1_670' title='bbox 339 5019 427 5073; x_wconf 83' lang='grc' dir='ltr'><strong>διὰ</strong></span> <span class='ocrx_word' id='word_1_671' title='bbox 444 5018 544 5090; x_wconf 82' lang='grc' dir='ltr'>τὴν</span> <span class='ocrx_word' id='word_1_672' title='bbox 578 5019 671 5073; x_wconf 89' lang='grc' dir='ltr'>τοῦ</span> <span class='ocrx_word' id='word_1_673' title='bbox 698 5018 892 5083; x_wconf 73' lang='grc' dir='ltr'>ὓδατος</span> <span class='ocrx_word' id='word_1_674' title='bbox 922 5018 1172 5090; x_wconf 83' lang='grc' dir='ltr'>σπάνιν),</span> <span class='ocrx_word' id='word_1_675' title='bbox 1202 5018 1261 5083; x_wconf 80' lang='grc' dir='ltr'>ὃς</span> <span class='ocrx_word' id='word_1_676' title='bbox 1292 5019 1484 5085; x_wconf 78' lang='grc' dir='ltr'>ὓδατος</span> <span class='ocrx_word' id='word_1_677' title='bbox 1508 5021 1732 5092; x_wconf 73' lang='grc' dir='ltr'>πληρω-</span> 
     </span>
    </p>
   </div>
   <div class='ocr_carea' id='block_1_96' title="bbox 164 5108 1734 5191">
    <p class='ocr_par' dir='ltr' id='par_1_96' title="bbox 164 5108 1734 5191">
     <span class='ocr_line' id='line_1_96' title="bbox 164 5108 1734 5191; baseline 0.001 -27"><span class='ocrx_word' id='word_1_678' title='bbox 164 5110 297 5176; x_wconf 75' lang='grc' dir='ltr'>θεὶς,</span> <span class='ocrx_word' id='word_1_679' title='bbox 336 5114 450 5191; x_wconf 78' lang='grc' dir='ltr'>τοῖς</span> <span class='ocrx_word' id='word_1_680' title='bbox 481 5129 546 5165; x_wconf 84' lang='grc' dir='ltr'><strong>τε</strong></span> <span class='ocrx_word' id='word_1_681' title='bbox 575 5108 825 5179; x_wconf 78' lang='grc' dir='ltr'>ἀδελφοῖς</span> <span class='ocrx_word' id='word_1_682' title='bbox 855 5112 951 5165; x_wconf 82' lang='grc' dir='ltr'>καὶ</span> <span class='ocrx_word' id='word_1_683' title='bbox 978 5112 1090 5174; x_wconf 82' lang='grc' dir='ltr'>τοῖς</span> <span class='ocrx_word' id='word_1_684' title='bbox 1137 5111 1239 5165; x_wconf 80' lang='grc' dir='ltr'><strong>ἁνᾶ</strong></span> <span class='ocrx_word' id='word_1_685' title='bbox 1267 5112 1366 5184; x_wconf 86' lang='grc' dir='ltr'>τὴν</span> <span class='ocrx_word' id='word_1_686' title='bbox 1397 5114 1567 5186; x_wconf 72' lang='grc' dir='ltr'>μονὴν</span> <span class='ocrx_word' id='word_1_687' title='bbox 1619 5129 1734 5183; x_wconf 81' lang='grc' dir='ltr'>χει-</span> 
     </span>
    </p>
   </div>
   <div class='ocr_carea' id='block_1_97' title="bbox 167 5199 1732 5270">
    <p class='ocr_par' dir='ltr' id='par_1_97' title="bbox 167 5199 1732 5270">
     <span class='ocr_line' id='line_1_97' title="bbox 167 5199 1732 5270; baseline 0.003 -20"><span class='ocrx_word' id='word_1_688' title='bbox 167 5200 504 5270; x_wconf 84' lang='grc' dir='ltr'>ροτεχνοῦσιν</span> <span class='ocrx_word' id='word_1_689' title='bbox 535 5201 638 5254; x_wconf 68' lang='grc' dir='ltr'>ὅσα</span> <span class='ocrx_word' id='word_1_690' title='bbox 660 5216 736 5267; x_wconf 70' lang='grc' dir='ltr'><strong>γον</strong></span> <span class='ocrx_word' id='word_1_691' title='bbox 758 5199 897 5269; x_wconf 89' lang='grc' dir='ltr'>πρὸς</span> <span class='ocrx_word' id='word_1_692' title='bbox 927 5199 1232 5267; x_wconf 81' lang='grc' dir='ltr'>ἀναγκαίαν</span> <span class='ocrx_word' id='word_1_693' title='bbox 1262 5202 1494 5270; x_wconf 73' lang='grc' dir='ltr'>ἐπήρκει</span> <span class='ocrx_word' id='word_1_694' title='bbox 1522 5200 1732 5270; x_wconf 84' lang='grc' dir='ltr'>χρείαν.</span> 
     </span>
    </p>
   </div>
   <div class='ocr_carea' id='block_1_98' title="bbox 175 5287 1729 5359">
    <p class='ocr_par' dir='ltr' id='par_1_98' title="bbox 175 5287 1729 5359">
     <span class='ocr_line' id='line_1_98' title="bbox 175 5287 1729 5359; baseline 0.001 -20"><span class='ocrx_word' id='word_1_695' title='bbox 175 5287 481 5358; x_wconf 83' lang='grc' dir='ltr'>Ἐνεστήκει</span> <span class='ocrx_word' id='word_1_696' title='bbox 509 5290 605 5359; x_wconf 81' lang='grc' dir='ltr'>μὲν</span> <span class='ocrx_word' id='word_1_697' title='bbox 633 5288 728 5343; x_wconf 81' lang='grc' dir='ltr'><strong>οὖν</strong></span> <span class='ocrx_word' id='word_1_698' title='bbox 755 5288 881 5359; x_wconf 84' lang='grc' dir='ltr'>ἄρτι</span> <span class='ocrx_word' id='word_1_699' title='bbox 908 5287 1002 5340; x_wconf 85' lang='grc' dir='ltr'>τοῦ</span> <span class='ocrx_word' id='word_1_700' title='bbox 1029 5287 1223 5358; x_wconf 80' lang='grc' dir='ltr'>χρόνου</span> <span class='ocrx_word' id='word_1_701' title='bbox 1245 5287 1306 5339; x_wconf 89' lang='grc' dir='ltr'>τὸ</span> <span class='ocrx_word' id='word_1_702' title='bbox 1332 5287 1729 5357; x_wconf 76' lang='grc' dir='ltr'>ἀνθηρότατον,</span> 
     </span>
    </p>
   </div>
   <div class='ocr_carea' id='block_1_99' title="bbox 166 5374 1735 5449">
    <p class='ocr_par' dir='ltr' id='par_1_99' title="bbox 166 5374 1735 5449">
     <span class='ocr_line' id='line_1_99' title="bbox 166 5374 1735 5449; baseline 0.002 -22"><span class='ocrx_word' id='word_1_703' title='bbox 166 5374 199 5442; x_wconf 79' lang='grc' dir='ltr'><strong>ἠ</strong></span> <span class='ocrx_word' id='word_1_704' title='bbox 229 5377 319 5429; x_wconf 83' lang='grc' dir='ltr'><strong>τοῦ</strong></span> <span class='ocrx_word' id='word_1_705' title='bbox 359 5378 502 5431; x_wconf 89' lang='grc' dir='ltr'>θείου</span> <span class='ocrx_word' id='word_1_706' title='bbox 533 5380 728 5449; x_wconf 88' lang='grc' dir='ltr'>Πάσχα</span> <span class='ocrx_word' id='word_1_707' title='bbox 767 5378 1058 5448; x_wconf 84' lang='grc' dir='ltr'>λάμπουσα</span> <span class='ocrx_word' id='word_1_708' title='bbox 1087 5378 1307 5447; x_wconf 83' lang='grc' dir='ltr'>φαιδρὸν</span> <span class='ocrx_word' id='word_1_709' title='bbox 1336 5375 1568 5446; x_wconf 78' lang='grc' dir='ltr'>ἑϐδομὰς</span> <span class='ocrx_word' id='word_1_710' title='bbox 1593 5415 1608 5441; x_wconf 90' lang='grc'><strong>,</strong></span> <span class='ocrx_word' id='word_1_711' title='bbox 1637 5377 1735 5448; x_wconf 86' lang='grc' dir='ltr'><strong>τὴν</strong></span> 
     </span>
    </p>
   </div>
   <div class='ocr_carea' id='block_1_100' title="bbox 166 5466 1731 5539">
    <p class='ocr_par' dir='ltr' id='par_1_100' title="bbox 166 5466 1731 5539">
     <span class='ocr_line' id='line_1_100' title="bbox 166 5466 1731 5539; baseline 0.002 -21"><span class='ocrx_word' id='word_1_712' title='bbox 166 5466 436 5538; x_wconf 74' lang='grc' dir='ltr'>ἡμετέραν</span> <span class='ocrx_word' id='word_1_713' title='bbox 487 5469 761 5539; x_wconf 83' lang='grc' dir='ltr'>σωτηρίαν</span> <span class='ocrx_word' id='word_1_714' title='bbox 791 5467 1237 5537; x_wconf 78' lang='grc' dir='ltr'>πανηγυρίζουσα</span> <span class='ocrx_word' id='word_1_715' title='bbox 1266 5483 1280 5499; x_wconf 79' lang='grc' dir='ltr'><strong>ο</strong></span> <span class='ocrx_word' id='word_1_716' title='bbox 1305 5467 1413 5519; x_wconf 91' lang='grc' dir='ltr'><strong>τῶν</strong></span> <span class='ocrx_word' id='word_1_717' title='bbox 1444 5467 1501 5520; x_wconf 77' lang='grc' dir='ltr'>δὲ</span> <span class='ocrx_word' id='word_1_718' title='bbox 1553 5469 1731 5537; x_wconf 80' lang='grc' dir='ltr'>μαθη-</span> 
     </span>
    </p>
   </div>
   <div class='ocr_carea' id='block_1_101' title="bbox 166 5556 1730 5634">
    <p class='ocr_par' dir='ltr' id='par_1_101' title="bbox 166 5556 1730 5634">
     <span class='ocr_line' id='line_1_101' title="bbox 166 5556 1730 5634; baseline 0.002 -25"><span class='ocrx_word' id='word_1_719' title='bbox 166 5557 291 5622; x_wconf 85' lang='grc' dir='ltr'>τῶν,</span> <span class='ocrx_word' id='word_1_720' title='bbox 321 5562 381 5612; x_wconf 86' lang='grc' dir='ltr'>τὸ</span> <span class='ocrx_word' id='word_1_721' title='bbox 412 5560 512 5628; x_wconf 78' lang='grc' dir='ltr'>μὲν</span> <span class='ocrx_word' id='word_1_722' title='bbox 542 5561 778 5634; x_wconf 70' lang='grc' dir='ltr'>ἠρεμίαν</span> <span class='ocrx_word' id='word_1_723' title='bbox 807 5560 887 5630; x_wconf 77' lang='grc' dir='ltr'><strong>τῷ</strong></span> <span class='ocrx_word' id='word_1_724' title='bbox 926 5560 1233 5630; x_wconf 81' lang='grc' dir='ltr'>διδασκάλῳ</span> <span class='ocrx_word' id='word_1_725' title='bbox 1277 5556 1730 5629; x_wconf 84' lang='grc' dir='ltr'>περιποιούντων,</span> 
     </span>
    </p>
   </div>
   <div class='ocr_carea' id='block_1_102' title="bbox 168 5642 1736 5723">
    <p class='ocr_par' dir='ltr' id='par_1_102' title="bbox 168 5642 1736 5723">
     <span class='ocr_line' id='line_1_102' title="bbox 168 5642 1736 5723; baseline 0.001 -21"><span class='ocrx_word' id='word_1_726' title='bbox 168 5642 209 5719; x_wconf 66' lang='grc' dir='ltr'><strong>ἦ</strong></span> <span class='ocrx_word' id='word_1_727' title='bbox 232 5650 325 5702; x_wconf 73' lang='grc' dir='ltr'>καὶ</span> <span class='ocrx_word' id='word_1_728' title='bbox 361 5651 753 5717; x_wconf 74' lang='grc' dir='ltr'>μᾶ).λονάύτὸν</span> <span class='ocrx_word' id='word_1_729' title='bbox 785 5652 979 5723; x_wconf 73' lang='grc' dir='ltr'>ᾔδεσαν</span> <span class='ocrx_word' id='word_1_730' title='bbox 1012 5644 1291 5721; x_wconf 84' lang='grc' dir='ltr'>χαίροντα,</span> <span class='ocrx_word' id='word_1_731' title='bbox 1329 5654 1390 5705; x_wconf 85' lang='grc' dir='ltr'>τὸ</span> <span class='ocrx_word' id='word_1_732' title='bbox 1417 5653 1473 5705; x_wconf 76' lang='grc' dir='ltr'>δὲ</span> <span class='ocrx_word' id='word_1_733' title='bbox 1503 5653 1561 5705; x_wconf 92' lang='grc' dir='ltr'><strong>τὸ</strong></span> <span class='ocrx_word' id='word_1_734' title='bbox 1591 5652 1736 5723; x_wconf 77' lang='grc' dir='ltr'>ὓδωρ</span> 
     </span>
    </p>
   </div>
   <div class='ocr_carea' id='block_1_103' title="bbox 172 5741 1733 5814">
    <p class='ocr_par' dir='ltr' id='par_1_103' title="bbox 172 5741 1733 5814">
     <span class='ocr_line' id='line_1_103' title="bbox 172 5741 1733 5814; baseline 0.004 -25"><span class='ocrx_word' id='word_1_735' title='bbox 172 5741 374 5803; x_wconf 71' lang='grc' dir='ltr'>ἑαυτοῖς</span> <span class='ocrx_word' id='word_1_736' title='bbox 403 5741 872 5813; x_wconf 81' lang='grc' dir='ltr'>ἁποταμιούντων,</span> <span class='ocrx_word' id='word_1_737' title='bbox 908 5742 992 5794; x_wconf 85' lang='grc' dir='ltr'><strong>διά</strong></span> <span class='ocrx_word' id='word_1_738' title='bbox 1015 5759 1074 5793; x_wconf 84' lang='grc' dir='ltr'>τε</span> <span class='ocrx_word' id='word_1_739' title='bbox 1098 5743 1196 5811; x_wconf 70' lang='grc' dir='ltr'><strong>τὴν</strong></span> <span class='ocrx_word' id='word_1_740' title='bbox 1224 5743 1388 5795; x_wconf 73' lang='grc' dir='ltr'>αὐτοῦ</span> <span class='ocrx_word' id='word_1_741' title='bbox 1423 5744 1733 5814; x_wconf 70' lang='grc' dir='ltr'>βραχύτητα</span> 
     </span>
    </p>
   </div>
   <div class='ocr_carea' id='block_1_104' title="bbox 1838 4565 3414 4640">
    <p class='ocr_par' dir='ltr' id='par_1_104' title="bbox 1838 4565 3414 4640">
     <span class='ocr_line' id='line_1_104' title="bbox 1838 4565 3414 4640; baseline -0.003 -16"><span class='ocrx_word' id='word_1_742' title='bbox 1838 4578 2022 4624; x_wconf 89' lang='lat' dir='ltr'><strong>autem</strong></span> <span class='ocrx_word' id='word_1_743' title='bbox 2075 4569 2261 4638; x_wconf 87' lang='lat' dir='ltr'><strong>quiete</strong></span> <span class='ocrx_word' id='word_1_744' title='bbox 2316 4566 2648 4622; x_wconf 65' lang='lat' dir='ltr'><strong>aedificatum</strong></span> <span class='ocrx_word' id='word_1_745' title='bbox 2702 4573 2808 4632; x_wconf 89' lang='lat' dir='ltr'><strong>est,</strong></span> <span class='ocrx_word' id='word_1_746' title='bbox 2842 4574 2899 4622; x_wconf 90' lang='lat' dir='ltr'><strong>et</strong></span> <span class='ocrx_word' id='word_1_747' title='bbox 2939 4565 3149 4622; x_wconf 88' lang='lat' dir='ltr'><strong>fabrica</strong></span> <span class='ocrx_word' id='word_1_748' title='bbox 3204 4566 3287 4640; x_wconf 93' lang='lat' dir='ltr'><strong>(ut</strong></span> <span class='ocrx_word' id='word_1_749' title='bbox 3329 4566 3414 4621; x_wconf 83' lang='lat' dir='ltr'><strong>di-</strong></span> 
     </span>
    </p>
   </div>
   <div class='ocr_carea' id='block_1_105' title="bbox 1838 4657 3060 4730">
    <p class='ocr_par' dir='ltr' id='par_1_105' title="bbox 1838 4657 3060 4730">
     <span class='ocr_line' id='line_1_105' title="bbox 1838 4657 3060 4730; baseline -0.002 -14"><span class='ocrx_word' id='word_1_750' title='bbox 1838 4672 1988 4717; x_wconf 87' lang='lat' dir='ltr'><strong>ctum</strong></span> <span class='ocrx_word' id='word_1_751' title='bbox 2044 4659 2149 4730; x_wconf 88' lang='lat' dir='ltr'><strong>est)</strong></span> <span class='ocrx_word' id='word_1_752' title='bbox 2206 4657 2600 4730; x_wconf 85' lang='lat' dir='ltr'><strong>perficiebatur</strong></span> <span class='ocrx_word' id='word_1_753' title='bbox 2644 4673 2710 4713; x_wconf 81' lang='lat' dir='ltr'><strong>ex</strong></span> <span class='ocrx_word' id='word_1_754' title='bbox 2763 4659 3060 4714; x_wconf 89' lang='lat' dir='ltr'><strong>sententia.</strong></span> 
     </span>
    </p>
   </div>
   <div class='ocr_carea' id='block_1_106' title="bbox 1908 4749 3413 4819">
    <p class='ocr_par' dir='ltr' id='par_1_106' title="bbox 1908 4749 3413 4819">
     <span class='ocr_line' id='line_1_106' title="bbox 1908 4749 3413 4819; baseline -0.001 -13"><span class='ocrx_word' id='word_1_755' title='bbox 1908 4751 1996 4806; x_wconf 87' lang='lat'><strong>99.</strong></span> <span class='ocrx_word' id='word_1_756' title='bbox 2027 4750 2157 4806; x_wconf 85' lang='lat' dir='ltr'><strong>Post</strong></span> <span class='ocrx_word' id='word_1_757' title='bbox 2187 4749 2654 4819; x_wconf 76' lang='lat' dir='ltr'><strong>exstructumjam</strong></span> <span class='ocrx_word' id='word_1_758' title='bbox 2680 4751 3099 4818; x_wconf 90' lang='lat' dir='ltr'><strong>monasterium,</strong></span> <span class='ocrx_word' id='word_1_759' title='bbox 3136 4751 3413 4807; x_wconf 89' lang='lat' dir='ltr'><strong>etcolum-</strong></span> 
     </span>
    </p>
   </div>
   <div class='ocr_carea' id='block_1_107' title="bbox 1840 4841 3415 4909">
    <p class='ocr_par' dir='ltr' id='par_1_107' title="bbox 1840 4841 3415 4909">
     <span class='ocr_line' id='line_1_107' title="bbox 1840 4841 3415 4909; baseline 0 -11"><span class='ocrx_word' id='word_1_760' title='bbox 1840 4859 1966 4898; x_wconf 89' lang='lat' dir='ltr'><strong>nam</strong></span> <span class='ocrx_word' id='word_1_761' title='bbox 1994 4857 2187 4898; x_wconf 71' lang='lat' dir='ltr'><strong>caesam</strong></span> <span class='ocrx_word' id='word_1_762' title='bbox 2209 4885 2225 4909; x_wconf 89' lang='lat'><strong>,</strong></span> <span class='ocrx_word' id='word_1_763' title='bbox 2258 4848 2489 4897; x_wconf 84' lang='lat' dir='ltr'><strong>cavatur</strong></span> <span class='ocrx_word' id='word_1_764' title='bbox 2511 4850 2565 4896; x_wconf 87' lang='lat' dir='ltr'><strong>et</strong></span> <span class='ocrx_word' id='word_1_765' title='bbox 2583 4842 2841 4907; x_wconf 86' lang='lat' dir='ltr'><strong>cisterna,</strong></span> <span class='ocrx_word' id='word_1_766' title='bbox 2860 4857 2889 4896; x_wconf 93' lang='lat' dir='ltr'><strong>a</strong></span> <span class='ocrx_word' id='word_1_767' title='bbox 2908 4841 3131 4898; x_wconf 82' lang='lat' dir='ltr'><strong>dextera</strong></span> <span class='ocrx_word' id='word_1_768' title='bbox 3145 4845 3415 4898; x_wconf 73' lang='lat' dir='ltr'><strong>columna:</strong></span> 
     </span>
    </p>
   </div>
   <div class='ocr_carea' id='block_1_108' title="bbox 1842 4930 3416 5007">
    <p class='ocr_par' dir='ltr' id='par_1_108' title="bbox 1842 4930 3416 5007">
     <span class='ocr_line' id='line_1_108' title="bbox 1842 4930 3416 5007; baseline -0.003 -15"><span class='ocrx_word' id='word_1_769' title='bbox 1842 4945 1998 5007; x_wconf 88' lang='lat' dir='ltr'><strong>parte</strong></span> <span class='ocrx_word' id='word_1_770' title='bbox 2035 4950 2229 4992; x_wconf 86' lang='lat' dir='ltr'><strong>versus</strong></span> <span class='ocrx_word' id='word_1_771' title='bbox 2276 4934 2568 4997; x_wconf 89' lang='lat' dir='ltr'><strong>orientem,</strong></span> <span class='ocrx_word' id='word_1_772' title='bbox 2623 4934 2853 5005; x_wconf 78' lang='lat' dir='ltr'><strong>jubente</strong></span> <span class='ocrx_word' id='word_1_773' title='bbox 2908 4933 2980 4987; x_wconf 87' lang='lat' dir='ltr'><strong>ita</strong></span> <span class='ocrx_word' id='word_1_774' title='bbox 3029 4932 3300 5004; x_wconf 84' lang='lat' dir='ltr'><strong>Symeone</strong></span> <span class='ocrx_word' id='word_1_775' title='bbox 3344 4930 3416 4987; x_wconf 88' lang='lat' dir='ltr'><strong>ob</strong></span> 
     </span>
    </p>
   </div>
   <div class='ocr_carea' id='block_1_109' title="bbox 1840 5014 3519 5099">
    <p class='ocr_par' dir='ltr' id='par_1_109' title="bbox 1840 5014 3519 5099">
     <span class='ocr_line' id='line_1_109' title="bbox 1840 5014 3519 5099; baseline -0.002 -16"><span class='ocrx_word' id='word_1_776' title='bbox 1840 5041 2107 5099; x_wconf 90' lang='lat' dir='ltr'><strong>aquarum</strong></span> <span class='ocrx_word' id='word_1_777' title='bbox 2142 5025 2469 5095; x_wconf 87' lang='lat' dir='ltr'><strong>penuriam;</strong></span> <span class='ocrx_word' id='word_1_778' title='bbox 2502 5031 2564 5078; x_wconf 93' lang='lat' dir='ltr'><strong>ut</strong></span> <span class='ocrx_word' id='word_1_779' title='bbox 2588 5024 2716 5079; x_wconf 91' lang='lat' dir='ltr'><strong>inde</strong></span> <span class='ocrx_word' id='word_1_780' title='bbox 2743 5023 3009 5079; x_wconf 89' lang='lat' dir='ltr'><strong>fratribus</strong></span> <span class='ocrx_word' id='word_1_781' title='bbox 3027 5033 3081 5079; x_wconf 89' lang='lat' dir='ltr'><strong>et</strong></span> <span class='ocrx_word' id='word_1_782' title='bbox 3113 5025 3166 5078; x_wconf 90' lang='lat' dir='ltr'><strong>in</strong></span> <span class='ocrx_word' id='word_1_783' title='bbox 3220 5040 3413 5079; x_wconf 87' lang='lat' dir='ltr'><strong>mona-</strong></span> <span class='ocrx_word' id='word_1_784' title='bbox 3510 5014 3519 5021; x_wconf 58' lang='grc'><strong>”</strong></span> 
     </span>
    </p>
   </div>
   <div class='ocr_carea' id='block_1_110' title="bbox 1838 5106 3416 5188">
    <p class='ocr_par' dir='ltr' id='par_1_110' title="bbox 1838 5106 3416 5188">
     <span class='ocr_line' id='line_1_110' title="bbox 1838 5106 3416 5188; baseline -0.004 -14"><span class='ocrx_word' id='word_1_785' title='bbox 1838 5119 2009 5174; x_wconf 84' lang='lat' dir='ltr'><strong>sterio</strong></span> <span class='ocrx_word' id='word_1_786' title='bbox 2038 5117 2401 5188; x_wconf 90' lang='lat' dir='ltr'><strong>operantibus</strong></span> <span class='ocrx_word' id='word_1_787' title='bbox 2433 5116 2500 5172; x_wconf 91' lang='lat' dir='ltr'><strong>ad</strong></span> <span class='ocrx_word' id='word_1_788' title='bbox 2535 5132 2670 5172; x_wconf 87' lang='lat' dir='ltr'><strong>usus</strong></span> <span class='ocrx_word' id='word_1_789' title='bbox 2711 5116 3055 5171; x_wconf 88' lang='lat' dir='ltr'><strong>necessarios</strong></span> <span class='ocrx_word' id='word_1_790' title='bbox 3096 5124 3234 5184; x_wconf 89' lang='lat' dir='ltr'><strong>aqua</strong></span> <span class='ocrx_word' id='word_1_791' title='bbox 3287 5106 3416 5183; x_wconf 70' lang='lat' dir='ltr'><strong>sup-</strong></span> 
     </span>
    </p>
   </div>
   <div class='ocr_carea' id='block_1_111' title="bbox 1837 5206 3414 5280">
    <p class='ocr_par' dir='ltr' id='par_1_111' title="bbox 1837 5206 3414 5280">
     <span class='ocr_line' id='line_1_111' title="bbox 1837 5206 3414 5280; baseline -0.006 -14"><span class='ocrx_word' id='word_1_792' title='bbox 1837 5211 2205 5280; x_wconf 90' lang='lat' dir='ltr'><strong>peditaretur.</strong></span> <span class='ocrx_word' id='word_1_793' title='bbox 2226 5210 2284 5265; x_wconf 91' lang='lat' dir='ltr'><strong>In</strong></span> <span class='ocrx_word' id='word_1_794' title='bbox 2315 5209 2534 5265; x_wconf 87' lang='lat' dir='ltr'><strong>foribus</strong></span> <span class='ocrx_word' id='word_1_795' title='bbox 2553 5211 2664 5280; x_wconf 85' lang='lat' dir='ltr'><strong>jam</strong></span> <span class='ocrx_word' id='word_1_796' title='bbox 2690 5216 2815 5263; x_wconf 89' lang='lat' dir='ltr'><strong>erat</strong></span> <span class='ocrx_word' id='word_1_797' title='bbox 2835 5206 3248 5261; x_wconf 75' lang='lat' dir='ltr'><strong>timidissimum</strong></span> <span class='ocrx_word' id='word_1_798' title='bbox 3273 5214 3414 5258; x_wconf 87' lang='lat' dir='ltr'><strong>tem-</strong></span> 
     </span>
    </p>
   </div>
   <div class='ocr_carea' id='block_1_112' title="bbox 1836 5295 3413 5371">
    <p class='ocr_par' dir='ltr' id='par_1_112' title="bbox 1836 5295 3413 5371">
     <span class='ocr_line' id='line_1_112' title="bbox 1836 5295 3413 5371; baseline -0.003 -15"><span class='ocrx_word' id='word_1_799' title='bbox 1836 5317 1963 5371; x_wconf 87' lang='lat' dir='ltr'><strong>pus,</strong></span> <span class='ocrx_word' id='word_1_800' title='bbox 1981 5301 2285 5356; x_wconf 88' lang='lat' dir='ltr'><strong>clarissima</strong></span> <span class='ocrx_word' id='word_1_801' title='bbox 2303 5301 2692 5370; x_wconf 65' lang='lat' dir='ltr'><strong>ltetissimaque</strong></span> <span class='ocrx_word' id='word_1_802' title='bbox 2709 5299 2883 5353; x_wconf 89' lang='lat' dir='ltr'><strong>sancti</strong></span> <span class='ocrx_word' id='word_1_803' title='bbox 2902 5298 3186 5352; x_wconf 83' lang='lat' dir='ltr'><strong>Paschatis</strong></span> <span class='ocrx_word' id='word_1_804' title='bbox 3207 5295 3413 5351; x_wconf 78' lang='lat' dir='ltr'><strong>hebdo-</strong></span> 
     </span>
    </p>
   </div>
   <div class='ocr_carea' id='block_1_113' title="bbox 1836 5387 3413 5471">
    <p class='ocr_par' dir='ltr' id='par_1_113' title="bbox 1836 5387 3413 5471">
     <span class='ocr_line' id='line_1_113' title="bbox 1836 5387 3413 5471; baseline -0.004 -27"><span class='ocrx_word' id='word_1_805' title='bbox 1836 5392 2019 5455; x_wconf 89' lang='lat' dir='ltr'><strong>mada,</strong></span> <span class='ocrx_word' id='word_1_806' title='bbox 2048 5401 2331 5471; x_wconf 77' lang='lat' dir='ltr'><strong>auctorem</strong></span> <span class='ocrx_word' id='word_1_807' title='bbox 2361 5398 2527 5461; x_wconf 90' lang='lat' dir='ltr'><strong>atque</strong></span> <span class='ocrx_word' id='word_1_808' title='bbox 2559 5390 2940 5461; x_wconf 87' lang='lat' dir='ltr'><strong>operationem</strong></span> <span class='ocrx_word' id='word_1_809' title='bbox 2972 5387 3164 5443; x_wconf 84' lang='lat' dir='ltr'><strong>salutis</strong></span> <span class='ocrx_word' id='word_1_810' title='bbox 3208 5394 3413 5440; x_wconf 77' lang='lat' dir='ltr'><strong>nostrze</strong></span> 
     </span>
    </p>
   </div>
   <div class='ocr_carea' id='block_1_114' title="bbox 1836 5470 3414 5552">
    <p class='ocr_par' dir='ltr' id='par_1_114' title="bbox 1836 5470 3414 5552">
     <span class='ocr_line' id='line_1_114' title="bbox 1836 5470 3414 5552; baseline -0.006 -16"><span class='ocrx_word' id='word_1_811' title='bbox 1836 5483 2164 5546; x_wconf 84' lang='lat' dir='ltr'><strong>celebrans;</strong></span> <span class='ocrx_word' id='word_1_812' title='bbox 2214 5470 2341 5536; x_wconf 87' lang='lat' dir='ltr'><strong>cum</strong></span> <span class='ocrx_word' id='word_1_813' title='bbox 2388 5470 2951 5552; x_wconf 36' lang='lat' dir='ltr'><strong>discipulisfpartim</strong></span> <span class='ocrx_word' id='word_1_814' title='bbox 2998 5477 3258 5546; x_wconf 75' lang='lat' dir='ltr'><strong>magistro</strong></span> <span class='ocrx_word' id='word_1_815' title='bbox 3313 5492 3414 5529; x_wconf 86' lang='lat' dir='ltr'><strong>suo</strong></span> 
     </span>
    </p>
   </div>
   <div class='ocr_carea' id='block_1_115' title="bbox 1836 5566 3415 5640">
    <p class='ocr_par' dir='ltr' id='par_1_115' title="bbox 1836 5566 3415 5640">
     <span class='ocr_line' id='line_1_115' title="bbox 1836 5566 3415 5640; baseline -0.005 -16"><span class='ocrx_word' id='word_1_816' title='bbox 1836 5570 2216 5633; x_wconf 89' lang='lat' dir='ltr'><strong>solitudinem,</strong></span> <span class='ocrx_word' id='word_1_817' title='bbox 2244 5571 2651 5640; x_wconf 69' lang='lat' dir='ltr'><strong>qua‘prmcipue</strong></span> <span class='ocrx_word' id='word_1_818' title='bbox 2679 5569 2829 5622; x_wconf 81' lang='lat' dir='ltr'><strong>illum</strong></span> <span class='ocrx_word' id='word_1_819' title='bbox 2856 5566 3119 5621; x_wconf 82' lang='lat' dir='ltr'><strong>delectati</strong></span> <span class='ocrx_word' id='word_1_820' title='bbox 3149 5579 3415 5618; x_wconf 79' lang='lat' dir='ltr'><strong>noverant</strong></span> 
     </span>
    </p>
   </div>
   <div class='ocr_carea' id='block_1_116' title="bbox 1838 5657 3416 5729">
    <p class='ocr_par' dir='ltr' id='par_1_116' title="bbox 1838 5657 3416 5729">
     <span class='ocr_line' id='line_1_116' title="bbox 1838 5657 3416 5729; baseline -0.001 -16"><span class='ocrx_word' id='word_1_821' title='bbox 1838 5659 2242 5713; x_wconf 84' lang='lat' dir='ltr'><strong>instruentibus</strong></span> <span class='ocrx_word' id='word_1_822' title='bbox 2295 5660 2494 5728; x_wconf 91' lang='lat' dir='ltr'><strong>partim</strong></span> <span class='ocrx_word' id='word_1_823' title='bbox 2543 5672 2760 5729; x_wconf 86' lang='lat' dir='ltr'><strong>aquam,</strong></span> <span class='ocrx_word' id='word_1_824' title='bbox 2824 5657 2894 5712; x_wconf 88' lang='lat' dir='ltr'><strong>ob</strong></span> <span class='ocrx_word' id='word_1_825' title='bbox 2944 5657 3297 5727; x_wconf 77' lang='lat' dir='ltr'><strong>exiguitatem</strong></span> <span class='ocrx_word' id='word_1_826' title='bbox 3359 5663 3416 5711; x_wconf 74' lang='lat' dir='ltr'><strong>tt</strong></span> 
     </span>
    </p>
   </div>
   <div class='ocr_carea' id='block_1_117' title="bbox 1837 5740 3413 5812">
    <p class='ocr_par' dir='ltr' id='par_1_117' title="bbox 1837 5740 3413 5812">
     <span class='ocr_line' id='line_1_117' title="bbox 1837 5740 3413 5812; baseline 0 -14"><span class='ocrx_word' id='word_1_827' title='bbox 1837 5746 2208 5800; x_wconf 87' lang='lat' dir='ltr'><strong>auferentium</strong></span> <span class='ocrx_word' id='word_1_828' title='bbox 2254 5747 2380 5801; x_wconf 87' lang='lat' dir='ltr'><strong>inde</strong></span> <span class='ocrx_word' id='word_1_829' title='bbox 2432 5740 2862 5812; x_wconf 80' lang='lat' dir='ltr'><strong>multitudinem,</strong></span> <span class='ocrx_word' id='word_1_830' title='bbox 2906 5745 3106 5800; x_wconf 88' lang='lat' dir='ltr'><strong>additis</strong></span> <span class='ocrx_word' id='word_1_831' title='bbox 3163 5746 3413 5801; x_wconf 59' lang='lat' dir='ltr'><strong>cisterna:</strong></span> 
     </span>
    </p>
   </div>
  </div>
