4026 6292
593 291 731 355 8079

1799 288 1859 348 S.
1893 284 2270 347 SYMEONIS
2306 280 2666 343 JUNIORIS

594 405 857 477 operculo
888 411 945 459 et
971 417 1095 459 sera
1127 402 1230 458 sibi
1256 401 1719 468 recondentibus;
1750 417 1898 466 cum,
1929 402 2174 471 inquam,

2288 397 2373 451 ml
2428 397 2491 450 τὸ
2545 396 2654 448 τῶν
2708 389 3127 462 ἀφικνουμένων
3181 386 3411 457 πλῆθος,
3444 384 3619 454 θύραν
3668 402 3716 437 τε
3757 387 3811 455 τῷ

584 500 838 572 .Symeon
868 513 927 553 se
956 498 1011 551 in
1046 497 1249 568 spiritu
1284 495 1456 550 veluti
1489 494 1556 549 ad
1591 494 1891 549 cisternam
1936 494 2178 548 delatum

596 592 769 654 videt,
802 605 1003 671 aquam
1033 596 1268 657 utraque
1303 578 1465 641 manu
1500 586 1837 652 turbantem,
1864 601 2094 656 eamque
2123 588 2180 641 in

598 688 768 743 altum
801 686 920 740 tolli
965 694 1022 739 ct
1052 684 1200 738 inter
1229 682 1638 737 multitudinem
1685 682 1944 737 distribui
1982 682 2182 754 juben-

599 787 735 834 tem.
760 775 1086 832 Convocatis
1123 775 1307 844 itaque
1339 773 1607 828 fratribus
1631 774 1889 843 imperat,
1919 788 2096 827 seram
2121 779 2183 826 ut

600 868 875 927 auferant,
898 880 1018 936 quo
1050 864 1552 933 universisaquare
1584 864 1900 918 volentibus
1926 864 1994 917 ad
2024 878 2184 933 aper-

602 970 715 1015 tam
753 958 1046 1014 cisternam
1087 972 1345 1011 accessus
1371 965 1559 1026 pateat
1590 973 1604 1009 :
1640 955 1757 1011 iam
1782 956 1954 1019 enim,
1982 954 2181 1024 inquit,

594 1065 844 1120 superna
878 1048 1192 1102 visitatione
1221 1047 1355 1100 mihi
1393 1047 1660 1111 innotuit,
1693 1061 1888 1114 aquam
1935 1053 2050 1099 toto
2078 1045 2185 1098 hoc

594 1161 747 1199 anno
778 1159 888 1197 non
920 1142 1286 1196 defecturam.
1317 1142 1385 1196 Et
1409 1140 1543 1195 fides
1562 1141 1733 1197 dictis
1757 1141 1913 1196 stetit
1944 1158 1957 1193 :
1996 1155 2065 1194 ex
2092 1140 2184 1193 illo

574 1247 840 1300 namque
869 1240 1117 1299 tempore
1144 1245 1338 1284 omnes
1372 1229 1694 1284 monasterii
1744 1229 1938 1283 incolas
1966 1227 2034 1282 ad
2058 1228 2184 1297 pin-

606 1325 839 1380 sendum
860 1339 1082 1393 panem,
1102 1322 1171 1376 ad
1191 1322 1510 1391 coquendos
1528 1321 1776 1386 cibos,ad
1792 1320 2034 1389 reliquos
2053 1334 2188 1374 usus

595 1432 802 1487 aquam
857 1416 988 1470 inde
1036 1414 1394 1477 hauriebam,
1428 1415 1539 1468 imo
1567 1421 1626 1469 et
1669 1412 1893 1468 fabricae
1942 1411 2183 1466 indidem

606 1508 1068 1579 suppeditabatur
1099 1507 1294 1561 :adde
1345 1506 1492 1576 quod
1543 1505 1870 1560 accedentes
1902 1504 2067 1558 etiam
2118 1501 2185 1555 ad

602 1601 937 1672 Symeoncm
982 1600 1163 1655 turbae
1191 1615 1302 1653 non
1333 1600 1510 1653 solum
1545 1599 1673 1652 inde
1708 1598 1983 1659 biberent,
2012 1596 2106 1650 sed
2132 1604 2188 1649 et

606 1707 737 1747 vasa
765 1691 987 1746 diversa
1010 1698 1067 1745 et
1104 1698 1254 1745 totos
1300 1698 1454 1744 utres
1485 1689 1801 1758 implerent,
1824 1702 2027 1757 aquam
2084 1700 2185 1755 pro

604 1799 836 1839 munere
869 1783 1093 1837 domum
1128 1782 1518 1846 conferentes;
1561 1796 1665 1835 nec
1716 1787 1900 1834 tamen
1945 1792 2183 1847 unquam

578 1875 707 1930 'illo
734 1889 885 1929 anno
923 1874 1166 1929 cisterna
1206 1872 1315 1925 fuit
1361 1871 1644 1926 exhausta.
1928 1877 1933 1882 '

686 2127 804 2180 100.
840 2127 1075 2197 Vigilius
1107 2126 1352 2196 quidam,
1381 2125 1623 2182 famulus
1670 2127 2011 2185 domesticus
2057 2130 2189 2184 olim

611 2219 942 2288 patriai-elue
970 2218 1229 2287 Ephraim
1262 2217 1438 2272 felicis
1465 2218 1765 2284 memoriae,
1812 2228 1926 2274 toto
1959 2236 2193 2290 corpore

616 2310 964 2379 paralyticus,
1018 2310 1245 2362 tertium
1279 2309 1391 2379 jam
1439 2325 1646 2362 annum
1695 2309 1762 2364 ad
1809 2326 1991 2366 sacras
2044 2312 2193 2367 aedes

606 2400 878 2470 iacuerat,
920 2398 1264 2467 medicisque
1324 2412 1384 2452 se
1434 2400 1736 2453 curandum
1791 2402 2189 2457 commiserat:

612 2506 851 2560 quorum
880 2498 999 2543 arte
1024 2489 1160 2543 nihil
1190 2497 1523 2544 consecutus
1548 2490 1652 2544 nisi
1679 2491 1824 2560 quod
1849 2492 2193 2548 manifestius

613 2586 720 2657 iam
742 2582 1140 2637 conclamatum
1163 2591 1310 2636 esset
1338 2580 1406 2635 de
1436 2582 1584 2648 vita;
1612 2591 1819 2636 tantum
1857 2585 1937 2637 uti
1967 2592 2194 2639 truncus

613 2675 906 2738 exanimis,
952 2683 1047 2727 aut
1075 2673 1262 2742 potius
1310 2673 1526 2745 spirans
1553 2675 1807 2740 cadaver,
1835 2675 1900 2729 ad
1941 2684 2193 2730 sanctum

616 2766 930 2819 advehitur.
975 2766 1187 2820 Jaeitur
1232 2765 1604 2820 miserandqu
1649 2768 2024 2836 spectaculum
2069 2776 2195 2822 ante

617 2855 811 2911 faciem
855 2857 959 2910 viri
1008 2858 1256 2926 benigni,
1301 2858 1532 2912 multmn
1565 2858 1787 2913 trahens
1818 2874 2004 2913 secum
2033 2859 2199 2912 mise-

617 2948 866 3010 rationis;
904 2964 1067 3017 quam
1101 2957 1155 3003 et
1183 2948 1450 3018 impertiri
1473 2951 1714 3019 paratior
1744 2950 1836 3006 hic
1855 2959 1998 3014 erat,
2030 2966 2197 3019 quam

2280 489 2470 559 λάκκῳ
2492 488 2811 549 ὲπιθέντων,
2850 484 2944 538 καὶ
2971 483 3158 536 κλεῖδα
3182 485 3248 551 τῇ
3277 480 3427 551 θύρᾳ
3450 479 3806 533 ἐπιϐαλόντων·

2281 583 2384 652 όρᾷ
2412 580 2488 650 τῷ
2515 578 2789 647 πνεύματι
2816 578 2845 630 ὀ
2874 576 3099 644 Συμεὼν
3126 572 3321 626 ἑαυτὸν
3351 570 3509 624 κατὰ
3543 570 3634 622 τὸν
3663 571 3810 625 λάκκον

2281 673 2445 726 οἱονεὶ
2479 670 2771 739 γεγονότα,
2798 668 2860 721 τό
2886 683 2947 718 τε
2985 666 3127 735 ὕδωρ
3152 663 3503 734 ἀμφοτέραις
3529 664 3703 731 χερσὶν
3720 665 3810 714 ἀνα-

2281 766 2649 835 ταράσσοντα,
2688 762 2781 815 καὶ
2809 759 3001 837 ὥσπερ
3039 757 3154 811 ἄνω
3181 754 3456 826 φέρεσθαι
3485 755 3583 808 καὶ
3626 759 3696 816 εἰς
3718 754 3809 821 πλῆ-

2285 857 2377 919 θος
2429 854 2723 907 δπιδιδόναι
2781 850 3066 903 ποιοῦντα.
3100 847 3463 915 Συγκαλέσας
3521 845 3690 898 τοίνυν
3725 848 3809 906 τοὶς

2285 948 2569 1017 ἀδελφοὺς,
2597 941 2727 1017 ἆραι
2781 941 2994 997 κελεύει
3043 941 3142 1011 τὴν
3196 939 3423 1002 κλεῖδα,
3474 938 3555 1000 ὼς
3602 937 3811 1012 ἀνεῷχθαι

2285 1041 2450 1093 παντὶ
2479 1039 2571 1092 τὸν
2594 1038 2798 1091 λάκκον
2826 1032 3148 1109 ὑδρεύεσθαι
3176 1031 3518 1102 βουλομένῳ.
3572 1025 3812 1098 Ἐπισωπὴ

2285 1130 2417 1200 γὰρ,
2446 1129 2632 1201 φησὶν,
2666 1127 2872 1184 ἄνωθεν
2924 1126 3012 1178 ἐπ’
3076 1122 3224 1193 αὐτῷ
3274 1123 3524 1191 γεγόνει,
3554 1122 3647 1177 καὶ
3678 1122 3812 1173 οὐκέτι

2286 1221 2534 1275 ὲνιαυτὲν
2587 1218 2777 1272 τοῦτον
2811 1215 3065 1285 οὐδαμῶς
3115 1211 3359 1282 ἐκλείψει
3394 1229 3413 1243 ’
3453 1210 3811 1271 κατὰπόδαςδὲ

2286 1312 2381 1368 καὶ
2408 1312 2470 1365 τὸ
2498 1311 2657 1382 ἔργον
2689 1307 3047 1380 ἐπηκολούθει
3068 1320 3083 1336 ο
3129 1305 3192 1359 οὐ
3224 1307 3334 1374 γάρ
3358 1303 3533 1372 μόνον
3562 1301 3628 1364 ἐξ
3657 1301 3815 1353 ἐκείνου

2285 1405 2487 1466 πάντες
2515 1402 2725 1455 ἐκεῖθεν
2756 1401 2805 1453 οἱ
2836 1400 2933 1469 τῆς
2966 1398 3130 1469 μονῆς
3182 1395 3320 1464 πρός
3344 1412 3410 1448 τε
3444 1395 3550 1465 τὴν
3586 1391 3674 1446 τοῦ
3701 1393 3816 1460 (ipsa.

2287 1493 2513 1555 ποιείου,
2538 1489 2742 1545 καὶτοῦ
2766 1488 3105 1560 μαγειρείου,
3124 1487 3221 1541 καὶ
3239 1486 3339 1549 τὰς
3358 1485 3565 1547 λοιπὰς
3595 1482 3819 1552 ὑδρεύοντο

2286 1585 2496 1655 χρείας.
2533 1582 2669 1636 ἀλλὰ
2702 1581 2798 1635 καὶ⁹
2834 1583 2957 1645 ταῖς
2984 1580 3298 1649 οἰκοδομαῖς
3349 1579 3565 1639 ἐκεῖνος
3603 1576 3630 1628 ό
3665 1576 3815 1636 λάκκος

2289 1677 2541 1746 ἐχορήγει
2569 1677 2632 1728 τὸ
2662 1673 2840 1745 ὕδωρ·
2875 1673 2947 1725 τά
2975 1689 3037 1725 τε
3067 1670 3219 1740 παρὰ
3244 1670 3340 1723 τὸν
3374 1671 3575 1736 Ἀγιον
3605 1667 3820 1735 ἐρχόμενα

2290 1768 2468 1838 πλήθη
2516 1768 2615 1836 οὐχ
2659 1767 2808 1828 ὅπως
2847 1765 2906 1832 ἐξ
2942 1761 3107 1817 αὐτοῦ
3146 1762 3347 1825 πάντες
3383 1761 3594 1825 ἔπινον,
3618 1756 3817 1811 ἀλλὰκαὶ

2288 1859 2487 1926 ἀγγεῖα
2517 1856 2739 1911 ποικίλα
2764 1855 2861 1909 καὶ
2887 1854 3091 1917 ἀσκοὺς
3109 1853 3264 1915 ὅλους
3294 1851 3598 1921 ἐπλήρουν,
3625 1847 3818 1914 εὐλογίαν

2290 1949 2471 2003 οἴκαδε
2515 1948 2892 2017 κομιζόμενοι,
2939 1946 3036 2000 καὶ
3077 1944 3139 1997 τὸ
3181 1943 3324 2014 ὐδωρ
3357 1942 3576 1995 ἐκείνου
3603 1939 3685 1993 τοῦ
3704 1936 3816 1996 ἔτους

2290 2042 2541 2110 οὐδαμῶς
2567 2041 2845 2094 ὑπεδίδου.

2362 2138 2428 2200 ρ’.
2466 2129 2733 2198 Βιγίλλιός
2753 2145 2837 2193 τις
2866 2127 3056 2197 δνομα,
3094 2126 3309 2195 οἰκέτης
3347 2123 3409 2177 δὲ
3440 2117 3598 2185 οὗτος
3633 2119 3814 2189 Ἐφριίμ

2286 2222 2383 2276 τοῦ
2433 2222 2739 2291 μακαρίτου
2788 2220 3160 2290 Πατριάρχου,
3191 2217 3459 2288 παρεθεὶς
3490 2216 3596 2285 ὅλῳ
3631 2213 3813 2283 σώματι.

2291 2315 2385 2367 καὶ
2418 2313 2601 2384 τρίτον
2634 2312 2761 2382 ἑξῆς
2806 2312 2926 2373 Ετος
2974 2312 3140 2380 ἱεροῖς
3186 2307 3733 2379 προσανακλινόμενος
3762 2301 3815 2354 οἴ-

2292 2422 2431 2471 κοις,
2465 2405 2664 2475 ἰατρῶν
2685 2421 2745 2457 τε
2772 2403 2961 2474 χερσὶν
2986 2402 3179 2456 ἑαυτὸν
3205 2402 3474 2463 ἐκδιδοὺς,
3504 2399 3579 2461 ὡς
3598 2396 3727 2449 οὐδὲν
3744 2392 3813 2456 τῆς

2292 2496 2487 2567 τέχνης
2516 2496 2689 2549 ὤνατο
2721 2496 2904 2558 πλέον,
2934 2497 3015 2548 ὅτι
3069 2494 3143 2564 μὴ
3185 2494 3330 2562 σαφῆ
3357 2493 3465 2562 τῆς
3495 2490 3634 2558 ζωῆς
3656 2484 3814 2550 ἀπατό-

2297 2606 2499 2655 ρευσιν,
2530 2583 2619 2642 οἷά
2643 2606 2694 2641 τι
2724 2588 2831 2641 τῶν
2857 2587 3079 2657 ἀψύχων
3106 2586 3138 2656 ἢ
3172 2585 3366 2655 νεκρὸς
3402 2584 3599 2655 μᾶλλον
3628 2578 3812 2650 Enniam“;

2294 2678 2354 2731 τὸ
2389 2680 2728 2742 καινότατον,
2762 2678 3049 2743 κομίζεται
3095 2676 3174 2746 τῷ
3213 2677 3401 2744 ’Λγίῳ.
3452 2675 3707 2729 Ῥίπτεται
3733 2686 3812 2721 τοι·

2295 2769 2498 2840 γαροῦν
2520 2770 2683 2824 ἀθλία
2719 2770 2826 2839 πρὸ
2853 2769 2962 2822 τῶν
2996 2769 3211 2822 ἐκείνου
3244 2767 3639 2839 φιλανθρώπων
3661 2760 3811 2832 ὀφθαλ-

2301 2861 2417 2931 μῶν
2440 2861 2581 2931 ὄψις,
2614 2860 2781 2914 πολὺν
2808 2860 2983 2913 ἓλκων
3010 2860 3102 2914 τὸν
3132 2859 3300 2923 ἔλεον,
3327 2860 3393 2925 ὃν
3414 2862 3444 2912 ό
3462 2857 3554 2911 τοῦ
3577 2851 3813 2924 λαμδάνειν

2298 2953 2573 3015 αίτοῦντος
2598 2952 2794 3005 διδόναι
2835 2951 3033 3019 μᾶλλον
3064 2953 3273 3014 ἐκεῖνος
3306 2950 3385 3003 ὢν
3422 2940 3808 3018 ἑτοιμότερος,ῐὲἰ

619 3037 711 3091 ille
760 3038 853 3106 qui
895 3040 1113 3107 petebat
1158 3041 1428 3109 accipere.
1484 3041 1572 3095 Ait
1624 3042 1794 3110 igitur
1837 3043 1940 3097 :Si
1991 3044 2195 3109 credis,

2305 3041 2597 3105 πιστεύειςζ
2639 3041 2764 3111 ἔφη,
2808 3040 3069 3094 δύνασθαι
3113 3041 3211 3111 τὴν
3241 3036 3299 3092 ἐν
3340 3036 3426 3094 σοὶ
3455 3038 3626 3092 πίστιν
3655 3034 3719 3095 εἰς
3746 3029 3809 3081 τδν

622 3131 785 3184 tidem
817 3141 990 3195 tuam,
1027 3147 1194 3200 quam
1241 3133 1307 3187 de
1355 3133 1494 3187 Filio
1538 3135 1633 3188 Dei
1661 3135 1854 3200 habes,
1892 3152 2052 3204 posse
2100 3137 2198 3190 tibi

624 3220 908 3275 mediante
934 3237 1021 3276 me
1052 3224 1344 3279 restituere
1371 3226 1634 3288 salutem;
1667 3241 1826 3296 surge
1856 3236 1916 3279 ut
1944 3236 2122 3297 potes,
2148 3237 2203 3283 et

623 3309 893 3363 arubula-
923 3309 1018 3363 lllc
1071 3327 1194 3365 mox
1240 3327 1402 3380 quam
1450 3322 1666 3382 poterat
1716 3316 2020 3370 clarissima
2068 3333 2203 3372 voce

625 3402 938 3456 exclamans
977 3419 990 3455 :
1023 3402 1223 3465 Credo,
1252 3404 1501 3470 Domine,
1533 3420 1691 3473 posse
1725 3416 1777 3459 te
1807 3421 1908 3474 per
1939 3406 2200 3461 famulum

627 3502 780 3545 tuum
808 3494 1011 3546 omnia.
1045 3493 1089 3548 0
1114 3494 1485 3550 visitationem
1512 3495 1786 3551 divinam!
1819 3513 1850 3550 0
1884 3498 2047 3552 breve
2077 3515 2202 3553 ver-

627 3585 758 3639 bum
817 3602 1023 3657 magnae
1053 3587 1196 3655 apud
1249 3588 1416 3641 Deum
1462 3589 1757 3657 potentiae!
1793 3590 2010 3645 Exsiliit
2036 3590 2202 3655 illico,

627 3678 952 3748 redditaque
1017 3678 1203 3733 debita
1250 3689 1439 3735 sancto
1487 3683 1874 3746 veneratione,
1937 3697 1968 3737 e
2020 3691 2204 3738 monte

627 3770 993 3833 descendens,
1031 3772 1095 3824 ad
1134 3772 1394 3826 balneum
1446 3773 1592 3838 quod
1626 3774 1947 3828 Tiberinum
1975 3773 2202 3837 dicitur,

628 3872 794 3914 cursu
824 3859 1140 3925 contendit;
1178 3869 1292 3914 tum
1325 3861 1481 3929 quod
1516 3861 1777 3932 gaudium
1805 3876 1967 3915 suum
2009 3878 2205 3931 capere

538 3942 551 3947 ’
627 3951 813 4004 animo
836 3965 944 4005 non
968 3937 1172 4020 posset,
1205 3967 1308 4006 nec
1334 3967 1393 4006 se
1424 3968 1534 4021 prae
1556 3952 1852 4021 voluptatis
1872 3952 2205 4007 abundantia

628 4041 934 4106 continere,
978 4051 1091 4095 tum
1134 4043 1281 4112 quod
1313 4043 1597 4097 festinaret
1633 4043 1837 4112 prioris
1873 4045 2206 4100 infirmitatis

631 4133 894 4201 reliquias
944 4133 1189 4188 abluere.
1242 4134 1309 4189 Et
1377 4133 1678 4188 descensus
1727 4134 1816 4189 ille
1867 4136 2088 4204 quidem
2137 4137 2207 4192 de

632 4235 815 4280 monte
871 4226 1176 4279 stadiorum
1224 4224 1447 4279 circiter
1498 4224 1683 4296 viginti
1755 4226 1990 4281 duorum
2052 4235 2204 4295 erat;

630 4333 792 4387 quem
840 4317 1088 4372 decurrit
1135 4316 1378 4370 extensis
1428 4315 1494 4370 ad
1545 4318 1714 4370 Deum
1763 4318 2058 4385 manibus;
2111 4333 2206 4373 ore

2304 3134 2431 3187 Υίὸν
2456 3132 2548 3186 τοῦ
2576 3131 2709 3185 Θεοῦ
2740 3132 2810 3184 δι’
2840 3130 2976 3201 ἐμοῦ
3014 3131 3238 3201 μεσίτου
3275 3129 3529 3184 ἰάσασθαί
3557 3144 3630 3190 σε,
3651 3124 3806 3191 ἐγείραι

2301 3227 2376 3288 ὡς
2402 3224 2544 3293 ἔχεις
2581 3223 2674 3277 καὶ
2699 3224 3015 3294 περιπάτει.
3056 3223 3114 3276 Ὀ
3141 3223 3222 3288 δὲ,
3253 3222 3526 3286 Πιστεύω,
3557 3218 3724 3286 Κύριε,
3746 3210 3809 3262 δύο

2302 3313 2495 3366 νασθαί
2530 3329 2588 3363 σε
2619 3313 2705 3365 διὰ
2725 3311 2819 3364 τοῦ
2845 3310 2937 3363 σού
2963 3310 3294 3381 θεράποντος
3329 3313 3528 3375 πάντα,
3550 3305 3739 3377 λαμπρᾷ
3755 3299 3807 3361 ὡς

2303 3400 2446 3473 εἶχεν
2479 3402 2639 3465 εὐθὺς
2674 3405 2741 3473 τῇ
2773 3405 2925 3472 φωνῇ
2955 3401 3158 3471 βοήσας
3202 3401 3268 3467 (ὣ
3292 3401 3448 3464 θείας
3468 3394 3754 3462 ὲπισκοπῆςῑ
3774 3389 3805 3440 ὦ

2305 3497 2545 3566 ῥήματος
2571 3493 2751 3562 ὀλίγου
2781 3493 2991 3564 μεγάλα
3016 3494 3170 3564 παρὰ
3189 3492 3306 3561 θεῷ
3325 3492 3612 3562 δυναμένου
3630 3488 3669 3559 ί)
3686 3481 3807 3555 ἦλατὸ

2304 3608 2362 3643 τε
2390 3588 2607 3652 αὐτίκα,
2652 3588 2746 3641 καὶ
2782 3586 2881 3657 τὴν
2911 3589 3299 3659 προσήκουσαν
3334 3586 3411 3657 τῷ
3452 3585 3608 3654 Ἀγίῳ
3629 3574 3806 3651 προσκύ-

2303 3698 2458 3751 νησιν
2492 3678 2871 3744 ἀποδεδωκὼς,
2905 3679 3097 3750 κατῄει
3125 3678 3313 3750 δρόμῳ
3342 3678 3437 3732 τοῦ
3465 3677 3610 3748 ὅρους
3638 3668 3754 3739 παρά
3768 3679 3803 3716 τί

2308 3771 2608 3842 βαλανεῖον,
2636 3769 2914 3837 Τιϐερῖνον
2942 3768 3301 3839 καλούμενον,
3340 3770 3406 3822 τὸ
3440 3768 3533 3839 μὲν
3558 3762 3719 3835 χωρεῖν
3739 3757 3805 3821 οὐκ

2304 3857 2416 3925 οἷός
2453 3879 2512 3914 τε
2563 3861 2638 3914 ὣν
2676 3862 2735 3914 ὲν
2778 3860 2956 3928 ἐαυτῷ
2994 3861 3096 3931 τὴν
3139 3859 3314 3930 χαρὰν
3343 3862 3439 3914 καὶ
3469 3857 3578 3912 οὐδὲ
3603 3849 3801 3908 itaeser

2307 3951 2503 4006 ἑαυτοῦ
2535 3952 2620 4005 διὰ
2646 3951 2804 4006 τοῦτο
2826 3952 3110 4021 γινόμενος
3133 3967 3148 3982 ο
3175 3950 3237 4003 τὸ
3260 3950 3316 4004 δὲ
3343 3952 3440 4005 καὶ
3465 3948 3594 4003 αὐτὰ
3618 3943 3699 4013 τῆς
3715 3953 3802 4007 προ·

2306 4044 2470 4114 τέρας
2502 4043 2874 4105 κακοπαθείας
2902 4042 3319 4096 άποπλύνασθαι
3358 4045 3430 4096 τὰ
3456 4040 3658 4109 λείψανα
3681 4028 3799 4086 σπεύ-

2307 4135 2410 4189 δων
2442 4134 2462 4208 (
2496 4134 2530 4203 ή
2577 4134 2761 4205 μέντοι
2790 4133 3014 4196 κάθοδος
3039 4134 3223 4204 ἐκείνη
3248 4136 3399 4189 πᾶσα
3426 4134 3514 4188 τοῦ
3542 4131 3675 4200 ὅρους
3713 4118 3798 4186 περί

2310 4243 2411 4278 που
2439 4225 2532 4279 δύο
2559 4226 2652 4279 καὶ
2682 4226 2885 4280 εἴκοσιν
2929 4226 3067 4281 οὖσα
3097 4227 3367 4299 σταδίους)
3378 4229 3573 4298 ,χεῖρας
3598 4219 3713 4288 εἶχεν
3729 4214 3796 4264 αὖ-

2310 4316 2388 4388 up
2434 4318 2839 4390 ἀνατεταμένας
2894 4317 3034 4388 Θεῷ,
3073 4318 3134 4370 τὸ
3164 4318 3341 4386 στόμα
3370 4336 3431 4371 τε
3465 4315 3623 4386 χαρᾶς
3654 4309 3796 4360 ὕποπε·

631 4392 841 4470 laetitia,
873 4415 929 4461 et
965 4394 1126 4460 labiis
1156 4406 1521 4461 exsultatione
1548 4409 1791 4476 repletis.
1823 4408 1998 4464 Lotus
2020 4416 2195 4462 autem

2312 4410 2642 4479 πλησμὲνον,
2682 4410 2777 4463 καὶ
2812 4410 2881 4463 τὰ
2908 4410 3061 4479 χείλη
3119 4400 3794 4477 ἀγαλλιάσεωςΛουσάμ-ενθπῖ

631 4500 834 4554 cursim
856 4499 1048 4553 cadem
1083 4498 1150 4554 ad
1181 4498 1432 4552 sanctum
1465 4507 1741 4569 properat,
1766 4500 2077 4569 saepiusque
2102 4499 2205 4553 ite-

633 4600 753 4645 rato
794 4592 1061 4645 descensu
1114 4600 1278 4660 atque
1308 4606 1540 4653 ascensu
1588 4591 1733 4645 idem
1778 4590 2011 4654 factitet,
2041 4590 2207 4660 idque

635 4683 826 4737 eadem
854 4682 974 4746 die;
1004 4693 1062 4737 ut
1088 4683 1244 4738 factis
1278 4683 1431 4752 ipsis,
1462 4682 1838 4738 confirmatam
1869 4683 1971 4737 sibi
1993 4683 2207 4736 valetu-

632 4776 817 4830 dinem
867 4790 1017 4840 esse,
1064 4777 1227 4834 [idem
1275 4776 1526 4831 faceret:
1573 4776 1792 4830 tandem
1824 4774 2205 4831 benedictione

634 4878 856 4935 accepta
909 4883 937 4920 a
968 4876 1180 4934 saneto,
1229 4867 1463 4921 tetendit
1512 4866 1565 4919 in
1616 4865 1835 4929 urbem,
1880 4872 2202 4920 cunctorum

634 4958 810 5011 oculis
852 4958 1177 5013 admirabile
1212 4956 1586 5027 spectaculum
1620 4954 1692 5009 ob
1722 4955 2064 5011 sanationem
2096 4970 2205 5008 non

635 5049 937 5119 opinatam.

2316 4501 2521 4571 μέντοι,
2571 4501 2667 4555 καὶ
2708 4501 2895 4573 δρόμῳ
2944 4501 3108 4554 πάλιν
3155 4502 3356 4570 ὁμοίως
3391 4499 3535 4570 παρὰ
3559 4495 3637 4548 τὸν
3665 4491 3792 4551 Ἀγιον

2312 4592 2583 4658 ἀνελθὼν,
2641 4593 2905 4657 πολλάκις
2964 4611 3025 4646 τε
3073 4593 3231 4647 τοῦτο
3287 4593 3509 4663 δράσας,
3548 4582 3717 4648 καθόδῳ
3755 4587 3791 4624 τε

2315 4685 2710 4756 παραπλησίως
2755 4685 2851 4738 καὶ
2893 4685 3067 4756 ἀνόδῳ
3112 4686 3477 4755 χρησάμενος,
3508 4679 3591 4735 καὶ
3624 4674 3698 4739 τῆς
3726 4664 3791 4756 afl-

2311 4750 2412 4845 τῆξ
2461 4750 2676 4846 ἡμέρας
2727 4750 3048 4844 ἀμφοτέρα,
3087 4750 3175 4826 ἵνα
3206 4750 3319 4827 ’καῖ
3360 4772 3456 4840 τὴν
3493 4764 3656 4835 ὐγείαν
3682 4750 3791 4846 abte:

2315 4840 2867 4936 ἑαυτάπιστὼσηται
2898 4840 3095 4937 μάλλον
3124 4867 3243 4919 ,ἀπὸ
3281 4864 3372 4918 τοῦ
3408 4861 3713 4933 πράγματος’

2312 4957 2404 5021 λος
2448 4957 2763 5028 εὐλογηθεὶς
2809 4958 2902 5011 ὐπ’
2947 4958 3132 5024 αὐτοῦ,
3179 4959 3420 5012 κάτεισιν
3464 4956 3536 5017 είς
3569 4950 3651 5016 τὴν
3688 4937 3788 4992 πόλιν

2314 5046 2614 5116 ὀφθαλμοῖς
2677 5049 2813 5101 πᾶσι
2869 5048 3055 5118 θαῦμα
3112 5048 3190 5118 τῷ
3247 5044 3524 5119 παραδόξῳ
3558 5038 3639 5107 τῆς
3676 5029 3786 5094 θερ²⁸

2318 5155 2385 5191 πε
2394 5137 2497 5202 ίας.
2562 5164 2576 5175 κ

2075 5265 2303 5323 CAPUT
2344 5268 2484 5325 XIII.

1208 5381 1372 5437 Varia:
1415 5390 1636 5436 ecstases
1668 5390 1716 5435 et
1764 5382 2034 5447 vaticinia,
2091 5399 2367 5454 prccesque
2407 5399 2503 5453 pro
2544 5385 2840 5439 avertendis
2886 5386 3298 5442 calamitatibus.

714 5492 836 5548 ιοι.
890 5493 948 5546 ln
1001 5495 1196 5548 cestasi
1256 5494 1552 5564 aliquando
1608 5495 1842 5567 Symeon
1897 5495 2035 5550 vidit
2089 5496 2209 5551 inli—

641 5581 811 5638 uitam
858 5583 1126 5652 virorum,
1172 5585 1489 5651 mulierum,
1531 5603 1593 5642 ac
1629 5602 1928 5657 puerorum
1973 5589 2209 5654 turbam,

635 5689 703 5730 ex
736 5674 957 5730 Oriente
989 5676 1056 5729 ad
1085 5693 1143 5730 se
1177 5678 1539 5745 venientium,
1571 5693 1805 5750 quorum
1837 5693 2031 5734 manus
2070 5695 2212 5748 prae-

2394 5504 2495 5569 ραν.
2541 5497 2807 5569 Ἐωράκει
2838 5501 2969 5555 ποτὲ
2992 5502 3021 5553 ὁ
3046 5503 3270 5574 Συμεὼν
3298 5503 3357 5557 ἐν
3379 5496 3619 5555 ἐκστάσει,
3637 5469 3784 5547 ἀνδρῶν

2319 5590 2414 5642 καὶ
2443 5589 2738 5657 γυναικῶν,
2754 5591 2850 5644 καὶ
2882 5592 3086 5647 παίδων
3120 5592 3324 5664 πλῆθος
3377 5590 3565 5664 μυρίθν,
3618 5574 3782 5647 ἥκοντος

2318 5681 2398 5745 εἰς
2424 5680 2586 5735 αὐτὸν
2611 5682 2674 5734 ὲκ
2711 5682 2809 5752 τῆς
2841 5682 2975 5748 Ἕω,
3000 5684 3091 5737 καὶ
3113 5686 3334 5757 σταυροὶ
3358 5686 3451 5757 μὲν
3468 5673 3623 5734 αὐτοῖς
3642 5669 3686 5720 δν
3715 5667 3779 5724 κί’
