3980 6296
157 406 306 470 3089

1146 403 1320 463 VITA
1356 400 1406 460 Α
1441 400 1876 464 NICEPHORO
1908 403 2392 465 CONSCRIPTA.

3263 399 3408 462 3090

154 518 253 571 διὰ
285 517 550 589 στόματος
583 515 774 588 ἔχοντα
807 507 965 586 εὗρεν
1028 513 1314 582 ίλαστήρια
1363 512 1499 582 πρὸς
1542 511 1730 582 Θεὸνή

1864 516 1991 569 τιιιιιι
2020 514 2369 584 spectandam
2404 526 2462 566 se
2498 506 2603 578 ipsi
2630 509 2851 574 obtulit,
2878 519 2932 564 et
2954 510 3121 565 verba
3146 511 3257 564 oris
3285 512 3413 579 ejus

162 609 348 661 ἱκεσία
369 651 384 677 ,
426 610 597 661 ταῦτα
621 605 959 660 ἐντείλασθαι
981 604 1057 672 τῷ
1087 602 1199 672 λαῷ
1225 602 1329 671 ἔφη
1351 603 1733 667 λιτανεύοντας

161 697 324 771 ᾆσαι,
354 701 448 754 καὶ
472 700 769 771 στήσασθαι
802 699 901 766 τὴν
933 697 1184 767 ἀπειλήν.
1229 697 1286 750 '0
1317 696 1417 767 μὲν
1464 690 1556 749 οὖν
1592 694 1735 748 κατά

159 791 269 855 τὰς
299 792 449 856 θείας
480 791 778 859 ὑποθήκας,
811 789 1003 859 καινὴν
1051 787 1192 859 ᾠδὴν
1230 789 1323 840 ἐπὶ
1362 786 1558 853 λέξεως
1590 786 1740 857 ᾄδειν

162 885 450 938 ἐδίδασκεν
478 882 754 953 ἐμμελῶς,
780 881 868 935 ἵνα
891 883 958 951 τῇ
986 880 1191 935 τούτων
1225 880 1416 950 μνήμῃ
1441 879 1536 932 καὶ
1564 876 1737 945 γλῶτ-

164 993 275 1028 ταν
305 975 657 1044 ᾁγιοισθῶμεν
688 990 700 1004 ο
746 973 836 1035 Ὠς
862 973 954 1025 ἐπὶ
1009 970 1254 1032 Μωσέως
1314 969 1738 1039 δυσωπούμενος

167 1065 399 1134 ἱλάσθης
429 1066 456 1116 ὁ
487 1064 618 1125 Θεὸς
645 1062 740 1117 τοῦ
782 1062 857 1133 μὴ
913 1060 1200 1131 συντρίψαι
1248 1059 1340 1113 τὸν
1379 1059 1615 1130 Ἰσραὴλ,
1640 1060 1737 1113 καὶ

171 1154 300 1220 νῦν,
332 1156 526 1225 Κύριε,
550 1155 760 1209 παῦσον
807 1154 1287 1226 παρακαλούμενος
1316 1154 1414 1221 τὴν
1441 1153 1608 1222 ὀργὴν
1633 1153 1740 1207 ἀπὸ

165 1246 268 1298 τοῦ
298 1245 426 1299 λαοῦ
456 1263 572 1313 σου,
599 1246 951 1317 συγχώρησιν
984 1246 1327 1315 ποιούμενος
1343 1245 1453 1298 τῶν
1482 1243 1743 1296 ποικίλων

168 1337 334 1406 ἡμῶν
357 1338 685 1407 αμαρτιῶν,
718 1338 793 1401 ὡς
833 1338 991 1407 μόνος
1035 1336 1422 1407 ἀναμάρτητος
1455 1332 1687 1403 Χριστὸς
1715 1334 1744 1385 ὁ

1841 607 2169 660 invenerunt
2202 602 2431 673 gratiam
2464 615 2528 654 ac
2552 599 3000 669 propitiationem
3034 600 3176 668 apud
3212 602 3402 654 Deum.

1842 697 1969 750 Ilaec
2003 694 2206 763 populo
2231 690 2691 761 supplicabundo,
2735 689 2933 758 inquit,
2971 691 3246 744 cantanda
3272 707 3408 760 pra:-

1844 784 2071 839 scribite
2100 783 2171 837 ad
2201 782 2564 837 inhibendum
2586 780 2882 851 ﬂagellum.
2921 780 3074 834 Fecit
3106 796 3237 850 ergo
3260 780 3408 849 quod

1843 883 2194 946 suggesserat
2234 875 2398 939 Deus,
2432 862 2871 942 convocatosque
2910 871 3240 942 discipulos,
3301 873 3411 927 illic

1843 965 2188 1028 oberrantes,
2226 980 2427 1019 novum
2463 964 2658 1018 edocet
2708 963 3017 1023 canticum,
3070 972 3176 1017 tam
3216 965 3411 1032 exqui-

1844 1054 2012 1109 situm
2059 1052 2522 1121 concinnumque,
2576 1060 2637 1106 ut
2664 1051 2991 1106 recitatione
3022 1052 3170 1106 illius
3209 1067 3411 1106 canen-
3461 1040 3469 1049 ’

1844 1147 1978 1201 tium
2032 1145 2233 1214 linguae
2266 1143 2721 1210 sanctiﬁcentur;
2761 1144 2909 1214 quod
2937 1151 3022 1199 est
3051 1143 3361 1214 bujusmodi
3399 1160 3412 1196 :

1843 1235 2316 1303 Quemadmodum
2358 1245 2602 1304 tempore
2634 1236 2835 1306 Moysis
2875 1235 3130 1304 precibus
3173 1236 3417 1304 placatus

1845 1341 1959 1381 non
2003 1325 2312 1381 sustinuisti
2374 1326 2587 1406 conteri
2621 1325 2809 1390 Israel,
2857 1326 2931 1380 ita
2985 1340 3132 1379 nunc
3176 1341 3415 1395 quoque,

166 1426 327 1492 Θεὸς,
363 1428 502 1480 κατά
538 1428 599 1481 τὸ
628 1429 770 1498 μέγα
802 1445 897 1481 σου
919 1428 1088 1492 ἕλεος,
1120 1426 1247 1492 δόξα
1282 1444 1385 1481 σοι.
1416 1425 1528 1480 Καὶ
1556 1425 1609 1478 οἱ
1640 1422 1738 1493 μέν

1864 1417 2087 1481 Domine,
2120 1425 2377 1471 exoratus
2411 1416 2602 1472 desine
2629 1432 2953 1472 succensere
2983 1416 3186 1487 populo
3223 1425 3336 1480 tuo,
3362 1425 3417 1471 et

170 1515 391 1570 ἐποίουν
418 1519 480 1569 τὸ
501 1517 810 1571 κελευσθενο
846 1520 896 1571 oi
924 1518 981 1571 δέ
1013 1517 1193 1571 στόλοι
1224 1517 1321 1586 τῆς
1342 1518 1445 1587 γῆς
1492 1515 1560 1585 (ὁ
1584 1514 1739 1580 Θεὸς,

170 1602 258 1667 τίς
281 1605 446 1668 ἀξίως
490 1604 683 1677 ᾅσεται
723 1605 793 1660 τὰ
837 1606 959 1677 ἐλέη
990 1623 1083 1660 σου
1110 1606 1152 1678 l)
1194 1604 1356 1669 εὐθὺς
1388 1603 1741 1676 ἐστερέωντο,

175 1693 275 1747 καὶ
304 1696 334 1747 ὁ
366 1695 589 1764 σεισμὸς
611 1697 856 1767 ἀκριϐῶς
879 1698 1147 1752 πέπαυτο.

1839 1508 2062 1578 ignosce
2083 1507 2337 1576 plurimis
2365 1508 2605 1576 peccatis
2637 1507 2880 1569 nostris;
2932 1516 2992 1562 ut
3022 1508 3142 1570 tibi,
3181 1507 3415 1569 Christe,

1842 1597 1934 1668 qui
1983 1597 2134 1651 solus
2181 1596 2389 1665 peccati
2445 1610 2640 1664 expers
2681 1610 2762 1660 es,
2812 1594 3113 1650 secundum
3171 1607 3421 1662 magnam

1844 1687 2281 1745 misericordiam
2309 1694 2458 1741 tuam
2500 1686 2677 1756 gloria
2707 1686 2796 1741 sit.
2833 1686 2900 1740 Et
2942 1684 3232 1754 discipulis
3266 1698 3421 1736 man-

176 1787 370 1844 datum
415 1789 595 1846 Patris
644 1792 1019 1861 implentibus,
1066 1792 1240 1848 fulcra
1311 1799 1475 1847 terra:
1528 1789 1697 1861 (quis,
1751 1802 1784 1842 ο
1824 1786 1987 1850 Deus,
2038 1783 2204 1853 digne
2258 1781 2560 1837 celebrabit
2625 1780 3007 1835 miserationes
3064 1776 3257 1847 tuas?)
3291 1775 3424 1831 soli,

177 1880 309 1939 data
358 1892 508 1952 sunt,
539 1897 595 1943 et
629 1893 811 1943 motus
862 1903 933 1942 ex
975 1887 1250 1943 sententia
1283 1885 1538 1942 cessavit.

1617 2017 1842 2074 CAPUT
1880 2015 2003 2071 XIV

641 2137 813 2193 Rudes
852 2138 998 2192 docet
1028 2155 1046 2193 :
1078 2137 1395 2193 vaticinatur
1425 2136 1630 2191 diversa
1659 2146 1890 2189 :novam
1930 2130 2230 2185 columnam
2265 2134 2533 2184 consecrat
2564 2135 2613 2182 et
2653 2126 2994 2182 conscendit..

257 2265 351 2331 ρι’.
384 2261 449 2314 'A
500 2260 597 2331 μὲν
627 2259 718 2315 οῦν
744 2262 843 2331 τῆς
873 2261 1055 2330 κοινῆς
1086 2258 1381 2330 πρεσϐείας
1424 2256 1589 2312 αὐτοῦ
1620 2257 1753 2327 πρὸς

1934 2252 2056 2308 110.
2099 2251 2279 2321 Atque
2301 2249 2416 2304 hare
2445 2258 2595 2312 sunt,
2644 2262 2767 2317 qum
2794 2247 2888 2301 illo
2933 2243 3076 2314 apud
3119 2244 3291 2298 Deum
3348 2244 3431 2298 in-

180 2356 322 2410 Θεὸν
345 2355 612 2410 ἀπέλαυον
645 2356 863 2423 πάντες,
887 2357 1111 2410 τοιαῦτά
1131 2359 1277 2410 ἐστιν
1296 2371 1310 2386 ·
1339 2358 1367 2408 ὁ
1393 2355 1448 2409 δέ
1476 2355 1633 2423 λόγος
1660 2355 1755 2407 καὶ

179 2448 327 2520 πρὸς
357 2446 427 2500 τὰ
455 2447 596 2501 κατά
643 2448 805 2518 μέρος
846 2443 1000 2510 αὖθις
1034 2451 1231 2519 χωρεῖν
1265 2448 1562 2516 ἐπείγεται.
1607 2445 1756 2499 Ἔδει

180 2541 309 2601 ταῖς
343 2538 596 2606 κεφαλίσι
639 2539 747 2592 τῶν
801 2539 995 2592 κιόνων
1042 2538 1270 2607 γλυφῆς,
1302 2532 1383 2601 οἷς
1413 2540 1442 2591 ό
1480 2538 1620 2591 κατά
1657 2539 1757 2607 τὴν

190 2630 359 2699 μονὴν
388 2628 475 2682 ἐπ’
504 2629 732 2700 ὀνόματι
763 2630 861 2699 τῆς
895 2629 1130 2699 ἀρχικῆς
1153 2630 1245 2682 καὶ
1275 2628 1557 2698 βασιλικῆς
1585 2628 1757 2698 Τριά-

186 2718 277 2781 δος
303 2718 430 2781 ναὸς
461 2720 755 2789 ἐγήγερται
773 2735 788 2751 ο
816 2719 1041 2786 ἀδελφὸς
1069 2718 1127 2772 δέ
1149 2734 1250 2784 τις,
1275 2717 1443 2787 ὄνομα
1481 2718 1755 2787 Ἰωάννης,

190 2809 573 2879 πνευματικῶν
598 2808 697 2879 μὲν
726 2809 942 2878 τρόπων
971 2810 1453 2879 μεταποιούμενος,
1475 2808 1567 2861 καὶ
1597 2808 1758 2876 λόγου

194 2900 552 2970 μετειληφὼς,
589 2894 903 2970 λιθουργίας
948 2898 1006 2953 δὲ
1044 2899 1389 2953 παντάπασιν
1436 2900 1759 2967 ἀνασκήτως

192 2989 351 3060 ἔχων,
379 2990 659 3061 θαρρήσας
687 2992 753 3059 τῇ
784 3006 842 3043 τε
872 2989 1050 3061 οἰκεία
1085 2990 1220 3060 πρὸς
1244 2988 1336 3042 τὸν
1373 2988 1527 3055 ἅγιον
1558 2987 1756 3055 πίστει,

192 3082 257 3150 τῇ
282 3096 341 3133 τε
373 3080 500 3148 περὶ
521 3080 611 3142 τὰς
646 3079 862 3143 ἐντολὰς
892 3081 1053 3134 αὐτοῦ
1089 3079 1288 3151 θέρμῃ,
1320 3079 1413 3133 καὶ
1440 3083 1560 3142 ταῖς
1593 3080 1763 3147 ὑπερ-

194 3168 386 3237 φυέσιν
414 3168 621 3222 ἐκείνου
649 3169 745 3223 καὶ
775 3168 1058 3239 μεγίσταις
1080 3170 1580 3240 θαυματουργίαιςο
1609 3170 1764 3222 Ἐπί-

194 3258 304 3323 θες,
339 3258 544 3329 Πάτερ,
580 3259 733 3329 φησὶ,
791 3262 857 3330 τῇ
912 3259 1108 3331 καρδίᾳ
1166 3278 1269 3330 μου
1321 3259 1420 3332 τὴν
1472 3259 1632 3327 ἁγίαν
1670 3277 1761 3314 σου

194 3352 369 3419 χεῖρα,
402 3351 496 3403 καὶ
526 3347 764 3421 ἄρξομαι
817 3350 1166 3419 διαγλύφεινο
1207 3351 1284 3415 ὡς
1342 3351 1408 3405 ἂν
1456 3351 1531 3421 τῷ
1582 3353 1639 3404 ἐν
1679 3353 1763 3405 σοὶ

196 3439 321 3510 θείῳ
350 3439 630 3509 Πνεύματι
664 3441 757 3494 τὸν
783 3439 908 3495 νοῦν
935 3440 1259 3511 τυπωθείην.
1294 3441 1401 3494 Τοῦ
1431 3442 1487 3495 δὲ
1527 3442 1763 3510 σπουδῆς

194 3531 327 3601 ὁμοῦ
377 3532 472 3586 καὶ
517 3530 800 3601 ὑποταγῆς
855 3532 1060 3601 μισθῶν
1117 3532 1257 3586 οὕτω
1302 3534 1552 3603 μεγάλων
1597 3535 1763 3587 αὑτὸν

194 3624 566 3693 ἀποστερῆσαι
609 3621 684 3693 μὴ
729 3621 1077 3692 βουλομένου,
1109 3622 1244 3677 ἀλλὰ
1279 3622 1358 3693 τῷ
1390 3623 1484 3677 τοῦ
1525 3624 1764 3695 μαθητοῦ

197 3711 374 3783 στήθει
408 3711 684 3776 ἐπιθέντος
701 3714 800 3783 τὴν
821 3714 1002 3784 χεῖρα,
1027 3715 1142 3779 καὶ,
1163 3714 1377 3780 Σοφίσει
1396 3732 1474 3780 σε,
1497 3716 1709 3780 τέκνον,
1739 3718 1767 3769 ὁ

191 3802 319 3866 Θεὸς
356 3806 430 3873 τῇ
461 3803 839 3875 λιθογλυφικῇ,
891 3805 1164 3875 φήσαντος
1187 3821 1203 3834 '
1239 3806 1518 3875 ἁψάμενος
1561 3809 1768 3871 ἐκεῖνος

198 3892 372 3963 ἔργου,
426 3894 677 3966 δεύτερος
725 3894 880 3965 ὤφθη
962 3895 1241 3965 Βεσελιὴλ,
1284 3896 1404 3949 οὐδὲ
1469 3897 1629 3968 ὀλίγα
1672 3897 1767 3950 τοῦ

204 3983 414 4055 πρώτου
448 3986 550 4057 τὴν
584 3986 777 4055 σοφίαν
804 3986 1148 4057 λειπόμενος.

274 4159 389 4230 μα’.
440 4159 594 4213 Ἐπεὶ
622 4159 678 4212 δέ
714 4158 813 4229 ἤδη
844 4158 937 4212 καὶ
960 4159 989 4211 ό
1013 4157 1200 4229 καιρὸς
1221 4159 1520 4229 ἐνειστήκει
1553 4159 1653 4228 τῆς
1675 4159 1769 4213 τοῦ

212 4250 403 4303 τοιοῦδε
435 4249 684 4321 μαθητοῦ
717 4250 981 4320 ἐκδημίας
1024 4248 1057 4320 ἢ
1099 4248 1431 4313 ἀναλύσεως,
1477 4249 1509 4319 ῆ
1542 4251 1678 4317 πρὸς
1706 4251 1773 4303 τὰ

211 4340 513 4412 ποθούμενα
541 4341 808 4411 κλήσεως,
842 4341 1000 4395 τοῦτο
1050 4341 1201 4412 παρά
1223 4340 1359 4394 Θεοῦ
1389 4342 1652 4412 γεγένητο
1676 4343 1772 4415 δῆ-

211 4431 295 4486 λον
324 4435 396 4504 τῷ
420 4434 666 4504 Συμεών*
689 4436 756 4505 τῇ
784 4432 1001 4504 συνήθει
1030 4432 1304 4487 κάνταῦθα
1331 4434 1613 4505 παρρησίᾳ
1639 4452 1774 4503 χρη-

216 4525 453 4593 σάμενος,
484 4526 533 4579 εί
555 4527 621 4597 τῇ
651 4524 818 4596 βίϐλῳ
835 4526 934 4595 τῆς
966 4525 1110 4595 ζωῆς
1132 4524 1457 4595 ἐγγραφείη,
1484 4527 1776 4593 μυστικαῖς

218 4613 374 4667 ἐδεῖτο
403 4615 593 4684 μαθεῖν
621 4616 807 4685 εὐχαῖς
829 4632 888 4668 τε
922 4616 1015 4669 καὶ
1048 4615 1309 4686 ὁμιλίαις.
1375 4615 1461 4679 Ὦς
1487 4614 1546 4668 δέ
1569 4615 1630 4668 οὐ
1661 4614 1778 4669 τοῦ·

217 4716 303 4754 τον
344 4705 470 4776 αὐτῇ
516 4705 699 4775 μόνον,
746 4705 885 4759 ἀλλά
915 4706 1011 4760 καὶ
1048 4707 1174 4769 τοὺς
1201 4706 1419 4770 λοιποὺς
1458 4706 1567 4760 τῶν
1610 4707 1775 4760 αὐτοῦ

226 4789 485 4861 μαθητῶν,
521 4795 638 4847 ὅσοι
669 4811 731 4848 τε
788 4796 1268 4867 προεκδημήσειαν
1295 4797 1642 4866 ἐγγραφῆναι
1677 4796 1772 4865 μά-

224 4878 318 4945 θοι,
339 4883 446 4937 ὅσοι
470 4902 527 4937 τε
557 4885 695 4954 μετά
715 4884 887 4940 ταῦτα
904 4886 1310 4959 ἐκδημήσουσιν
1333 4886 1776 4959 ἐγγραφήσεσθαι

227 4971 314 5023 καὶ
343 4975 546 5040 αὐτοὺς,
592 4977 722 5045 γόνυ
756 4977 835 5047 τῷ
872 4979 1116 5049 κρυφίως
1148 4978 1398 5033 λαλοῦντι
1435 4980 1643 5045 κλίνας,
1679 4981 1775 5034 καὶ

226 5059 290 5114 τά
313 5064 483 5120 εἰκότα
508 5066 928 5139 εὐχαριστήσας,
952 5068 1090 5138 μετά
1116 5070 1242 5132 τοὺς
1271 5070 1526 5134 ἑωθινοὺς
1559 5071 1775 5142 ἐκείνης

230 5150 322 5219 τῆς
341 5158 539 5223 ams;
568 5159 792 5229 ὕμνους,
822 5155 890 5231 ἦς
922 5161 1094 5232 δῶρον
1120 5165 1153 5232 ὴ
1183 5163 1432 5231 παροῦσα
1474 5161 1629 5232 δψις,
1672 5162 1777 5215 ὑπὸ

231 5245 343 5306 ταῖς
364 5247 572 5304 πάντων
599 5251 789 5315 ἀκοαῖς
825 5252 934 5321 (ἵνα
963 5253 1057 5306 κοιλ⁴
1083 5253 1251 5306 πᾶσιν
1281 5253 1445 5307 οἱονεί
1474 5270 1528 5305 τι
1554 5253 1777 5322 κέντρον

233 5331 326 5399 τῆς
355 5336 440 5390 τοῦ
478 5338 706 5394 θανάτου
766 5342 986 5412 μνήμης
1024 5342 1259 5416 ἐμϐάλῃ,
1298 5346 1391 5397 καὶ
1425 5340 1647 5406 τούτους
1686 5346 1778 5398 ἐπὶ

238 5421 386 5479 πλέον
438 5430 567 5499 πρὸς
623 5431 941 5500 ἐτοιμασίαν
1001 5432 1099 5502 τῆς
1155 5431 1334 5497 ἐξόδου
1398 5432 1774 5505 διαναστήσῃ),

250 5510 468 5584 ’Δδελφὲ,
498 5519 649 5589 φησὶ,
690 5518 963 5593 Ἰωάννης,
997 5523 1185 5593 εἰρήνη
1236 5540 1336 5592 σοι,
1393 5524 1776 5594 μετακαλεῖταί

1857 2340 2170 2399 tercedente
2224 2339 2531 2409 promiscue
2566 2352 2757 2391 omnes
2787 2335 3065 2391 consecuti
3093 2342 3236 2389 sunt.
3272 2333 3433 2389 Nunc

1856 2444 2042 2493 autem
2070 2433 2137 2488 ad
2168 2448 2251 2497 ea,
2285 2446 2407 2499 quae
2434 2429 2665 2500 singulis
2701 2428 2757 2482 in
2805 2426 3127 2496 particulari
3183 2426 3424 2497 praestita

1857 2535 2005 2591 sunt,
2035 2524 2219 2579 redire
2244 2522 2465 2577 festinat
2493 2519 2689 2573 oratio.
2718 2515 3002 2585 Capitcllis
3027 2516 3431 2579 columnarum,

1856 2616 2013 2686 queis
2037 2612 2358 2669 monasterii
2390 2610 2675 2680 templum,
2706 2605 3059 2662 sanctissimae
3081 2604 3310 2659 Triados
3332 2619 3430 2658 no-

1859 2708 2004 2761 mine
2048 2705 2379 2768 dedicatum,
2410 2701 2837 2763 sustentabatur,
2880 2699 3172 2767 sculptura:
3203 2702 3435 2750 ornatus

1857 2798 2040 2853 adhuc
2077 2797 2309 2852 deerat:
2360 2808 2484 2849 cum
2525 2792 2695 2846 frater
2735 2788 3008 2865 quispiam
3056 2786 3292 2842 Joannes
3323 2799 3428 2837 no-

1859 2890 2027 2951 mine,
2086 2892 2198 2939 tam
2232 2884 2477 2953 lapidum
2513 2879 2897 2937 caedendorum
2952 2874 3122 2935 rudis,
3154 2887 3320 2943 quam
3373 2870 3430 2924 in

1860 2978 2028 3033 rebus
2043 2974 2428 3047 spiritualibus
2448 2980 2719 3035 versatus,
2738 2967 3112 3035 orationisque
3129 2962 3429 3024 studiosus,

1862 3069 1995 3141 ﬁsus
2019 3075 2197 3121 tamen
2220 3075 2278 3120 et
2305 3079 2403 3119 sua
2430 3064 2486 3117 in
2512 3070 2773 3118 sanctum
2796 3059 2923 3121 (ide,
2956 3066 3012 3111 et
3034 3060 3431 3125 praceptorum

1862 3162 1980 3230 ejus
2005 3155 2467 3228 perﬁciendorum
2504 3151 2806 3213 alacritate,
2838 3156 2895 3202 et
2924 3141 3436 3216 supernaturalibus

1861 3250 2109 3321 ejusdem
2168 3244 2582 3316 operationibus
2632 3240 2939 3310 :lmpone,
2988 3235 3187 3305 inquit,
3243 3233 3434 3295 Pater,

1863 3341 2072 3412 pectori
2119 3354 2242 3393 meo
2289 3351 2496 3392 sacram
2545 3346 2765 3387 manum
2818 3339 2991 3393 tuam,
3044 3335 3101 3382 et
3141 3326 3439 3393 sculptura:

1864 3432 2082 3488 initium
2107 3431 2269 3494 dabo,
2296 3445 2426 3498 quo,
2460 3442 2556 3495 per
2585 3432 2835 3480 sanctum
2865 3422 2959 3492 qui
2989 3421 3046 3474 in
3082 3428 3132 3474 te
3156 3427 3239 3474 est
3262 3417 3437 3487 Spiri-

1866 3531 2001 3587 tum,
2033 3535 2157 3591 quae
2186 3526 2370 3574 mente
2396 3515 2647 3585 concepi,
2678 3528 2845 3582 opere
2871 3509 3125 3580 elligiem.
3159 3503 3258 3562 Ille
3308 3522 3439 3560 vero

1867 3628 1992 3668 cum
2034 3611 2205 3664 nollet
2254 3614 2418 3662 tanta:
2447 3604 2745 3675 diligentia:
2787 3597 3255 3670 subjectionisque
3298 3609 3441 3648 mer-

1867 3704 2000 3758 cede
2022 3699 2353 3770 discipulum
2380 3698 2616 3766 privare,
2642 3691 2903 3762 imposuit
2926 3686 3172 3758 cupienti
3196 3699 3438 3747 manum,
3510 3740 3513 3745 l

1868 3803 1950 3847 et:
1983 3791 2221 3845 lnstruet
2252 3795 2302 3841 te
2323 3787 2489 3849 Deus,
2514 3783 2713 3853 inquit,
2739 3779 2812 3833 illi
2837 3779 2934 3843 mi,
2960 3776 3174 3846 lapides
3194 3772 3439 3829 caedendi

1868 3890 2008 3937 arte.
2050 3880 2250 3949 Sicque
2284 3878 2377 3932 ille
2405 3877 2587 3945 reipsa
2616 3887 2755 3943 opus
2783 3883 3074 3941 aggressus
3105 3875 3189 3922 est
3216 3883 3229 3918 :
3256 3875 3312 3920 et
3341 3878 3439 3933 θρα

1869 3972 2053 4044 paruit
2083 3971 2218 4025 alter
2265 3967 2508 4022 Beseleel
2546 3957 2685 4034 (ὅθ),
2729 3960 2903 4017 veteri
2943 3960 3024 4014 illi
3060 3958 3197 4013 nihil
3239 3956 3440 4011 cedens

1870 4064 2120 4120 scientia.

1941 4169 2064 4223 lll.
2094 4165 2456 4236 Posteaquam
2489 4177 2620 4217 vero
2664 4158 2839 4216 eidem
2898 4153 3169 4225 discipulo
3215 4151 3325 4223 jam
3354 4151 3441 4205 in-

1873 4269 2044 4318 staret
2072 4270 2290 4329 tempus
2315 4253 2661 4327 migrationis
2689 4250 2773 4305 vel
2801 4245 3155 4304 resolutionis
3182 4258 3313 4307 suae,
3350 4253 3444 4297 aut

1873 4353 2058 4423 potius
2101 4346 2439 4406 evocationis
2471 4345 2539 4399 ad
2570 4340 2880 4401 desiderata
2910 4337 3127 4409 gaudia,
3157 4334 3324 4403 idque
3362 4330 3446 4385 di-

1877 4444 2083 4498 vinitus
2109 4440 2473 4513 signiﬁcatum
2504 4434 2839 4491 innotuisset
2881 4429 3171 4503 Symeoni;
3222 4426 3314 4480 hic
3349 4437 3448 4492 pro

1874 4541 2136 4589 consueta
2158 4511 2284 4587 eum
2314 4530 2426 4584 Deo
2454 4525 2651 4598 agendi
2678 4524 2936 4580 libertate
2963 4518 3203 4575 instabat
3233 4511 3450 4570 arcanis

1876 4625 2131 4695 precibus
2189 4630 2353 4692 atque
2398 4615 2918 4689 supplicationibus,
2985 4620 3046 4665 ut
3096 4609 3448 4667 edoceretur,

1877 4725 2063 4770 utrum
2095 4714 2239 4769 libro
2265 4713 2394 4767 vitae
2449 4709 2750 4778 inscriptus
2794 4706 2887 4760 ille
2933 4710 3098 4758 esset.
3142 4699 3278 4755 Cum
3318 4709 3451 4750 vero

1876 4805 2181 4870 didicisset,
2219 4819 2331 4859 non
2382 4802 2538 4857 illum
2579 4796 2943 4857 solummodo,
2996 4792 3093 4849 sed
3128 4799 3184 4845 et
3210 4787 3452 4857 reliquos

1880 4897 2298 4966 discipulorum,
2331 4894 2389 4948 in
2432 4892 2488 4948 id
2518 4906 2691 4961 usque
2725 4898 2942 4957 tempus
2971 4890 3338 4941 mortuorum,
3371 4877 3454 4930 in-

1880 4988 2115 5057 scriptos
2139 5000 2284 5051 esse,
2312 4992 2368 5040 et
2382 4990 2653 5054 quotquot
2674 4980 2937 5047 deinceps
2963 4970 3219 5030 morituri
3243 4976 3451 5025 essent.

1883 5077 2287 5144 inscribendos;
2315 5075 2549 5147 genibus
2588 5072 2692 5128 sibi
2731 5072 2787 5125 in
2835 5064 3158 5124 abscondito
3206 5057 3453 5129 loquenti

1882 5171 2101 5244 positis;
2132 5169 2335 5241 gratias
2363 5167 2437 5232 ei,
2475 5174 2536 5221 ut
2555 5181 2652 5236 par
2677 5172 2815 5227 erat,
2837 5158 3096 5221 reddidit,
3129 5163 3295 5244 atque
3331 5159 3455 5244 post

1883 5242 2183 5318 matutinos
2205 5261 2438 5331 hymnos
2461 5259 2638 5312 noctis
2659 5254 2805 5310 illius
2822 5266 2929 5322 qua
2958 5245 3220 5319 praedicta
3241 5242 3455 5297 visione

1884 5349 2139 5419 dignatus
2164 5347 2364 5412 fuerat,
2393 5354 2455 5400 ut
2487 5344 2768 5401 stimulum
2806 5339 3074 5396 omnibus
3106 5334 3173 5390 ad
3209 5331 3458 5387 recolen-

1884 5440 2008 5494 dam
2041 5439 2233 5493 mortis
2263 5437 2584 5493 memoriam
2622 5434 2905 5499 subderet,
2933 5438 2991 5486 et
3038 5428 3103 5483 ad
3148 5437 3458 5496 praeparan-

1884 5528 2014 5582 dum
2061 5526 2363 5581 discessum
2405 5523 2935 5585 exeitaret:Frater,
2962 5515 3161 5587 inquit,
3195 5512 3457 5587 Joannes,

310 5711 408 5791 (50)
436 5716 694 5791 Bczeleel,
733 5723 923 5777 electus
951 5743 982 5777 a
1018 5720 1121 5775 Deo
1145 5721 1212 5774 ad
1229 5721 1595 5791 fabricandum
1634 5721 1824 5778 Arcam
1868 5722 2186 5786 testamenti,
2228 5721 2476 5775 divinitas
2508 5719 2686 5791 infusa
2724 5718 2984 5787 sapientia
3016 5715 3070 5770 id
3093 5711 3366 5786 prwstitit;
3396 5705 3460 5760 de

249 5797 340 5849 quo
366 5784 526 5843 Exod.
556 5784 694 5845 xxxv
734 5802 782 5848 et
819 5810 958 5864 seqq.
