4026 6292
195 373 342 438 3093

1203 377 1374 437 V‘ITA
1409 377 1454 437 Α
1493 375 1928 440 NICEPHORO
1965 381 2446 448 CONSCRIPTA.

3294 368 3432 433 3519i,

192 501 298 553 vn;
331 483 539 555 χρείας,
573 483 864 555 προλαϐὼν
891 484 960 538 τὰ
987 483 1094 538 τῶν
1124 483 1380 555 μαθητῶν
1409 484 1614 548 ἐκεῖνος
1641 485 1768 555 περὶ

1891 488 2098 559 ignum,
2133 497 2470 560 praeverteris
2513 483 2764 540 sollicitis
2815 481 2918 536 hac
2960 494 3127 548 super
3171 494 3229 533 re
3271 479 3433 532 disci-

191 579 392 630 τούτου
417 577 702 645 φροντίδας
724 580 789 648 τῇ
813 576 908 629 τοῦ
935 577 1217 646 μέλλοντος
1240 575 1526 646 πόρρωθεν
1552 575 1770 645 ἀψευδεῖ

197 667 526 738 καταλήψει,
569 667 706 721 Ἰδοὺ·
735 670 894 738 φοιτᾷ
926 668 1086 721 πάλιν
1132 667 1270 737 ανὴρ
1301 667 1508 738 ἕτερος,
1535 666 1661 735 ἔφη,
1693 669 1770 720 0t-

199 759 350 810 κεῖον
379 759 444 828 τῇ
476 760 809 830 προκειμένῃ
839 758 995 828 χρείᾳ
1023 757 1175 821 ξύλον
1208 757 1264 809 ἐν
1290 756 1367 825 τῷ
1397 755 1492 810 τοῦ
1523 757 1768 828 ποταμοῦ

201 847 434 915 στόματι
466 847 625 917 ἔχων,
667 849 760 901 καὶ
796 847 954 900 τοῦτο
995 847 1174 900 λαϐεῖν
1213 848 1364 918 ἡμᾶς
1391 847 1554 912 ἀξιῶν
1577 863 1592 876 ·
1637 846 1666 897 ὁ
1709 847 1768 900 δὲ

201 938 340 1002 ποῦς
369 940 468 992 οὐκ
503 940 710 1009 ὀλίγαις
752 941 828 1010 τῷ
861 940 1014 1008 ἀνδρὶ⁸
1049 939 1372 1008 βαλλόμενος
1397 939 1626 1004 ὀδύναις,
1649 940 1771 994 οὐδὲ

200 1033 402 1086 ἄπονον
432 1031 579 1102 αύτῷ
617 1031 715 1100 τὴν
755 1031 979 1102 πορείαν
1011 1031 1285 1100 παρέχων.
1319 1030 1504 1084 Ταῦτα.
1532 1031 1667 1101 ὁμοῦ
1709 1047 1770 1086 τε

202 1123 392 1194 εἴρητο
425 1124 560 1194 πρὸς
589 1124 806 1188 αὐτοὺς,
841 1123 935 1176 καὶ
957 1122 1092 1192 ὁμοῦ
1127 1121 1490 1192 παρεστηκὼς
1523 1119 1591 1194 ἦν
1624 1123 1769 1175 ἐκεῖ·

204 1232 316 1276 νος,
341 1213 612 1284 δεόμενος,
643 1215 772 1280 γόνυ
797 1213 1013 1278 κλίνων,
1039 1215 1134 1271 τὰς
1157 1213 1311 1284 ὄψεις
1343 1215 1642 1285 ἐρείδωντῇ
1674 1217 1768 1284 γῇ,

205 1305 388 1358 πάντα
428 1306 596 1358 ποιῶν
637 1305 730 1358 τόν
757 1323 818 1358 τε
851 1305 983 1358 πόδα
1007 1305 1114 1358 τῶν
1139 1305 1338 1359 ὀδυνῶν
1369 1305 1646 1373 ἀνεθῆναι,
1677 1307 1772 1359 καὶ

201 1397 343 1466 ὅπερ
375 1396 512 1465 ἔχων
538 1396 802 1467 ἐτύγχανε
830 1397 986 1462 ξύλον
1011 1398 1086 1466 τῷ
1109 1397 1250 1467 ἁγίῳ
1287 1397 1562 1468 δεχθῆναι,
1586 1398 1770 1464 δέησιν

203 1489 443 1560 ἑκάτερα
491 1489 813 1560 ποιούμενος
861 1491 1005 1562 ἴσην.
1047 1491 1105 1544 Ὀ
1133 1491 1191 1545 δέ
1224 1491 1322 1561 τὴν
1361 1491 1550 1560 βαῖνην
1577 1492 1770 1564 ῥάϐδον

201 1578 406 1644 λαϐὼν,
443 1581 591 1634 παίει
614 1583 704 1634 τὸν
731 1582 990 1636 νοσοῦντα
1011 1582 1168 1646 πόδα,
1197 1583 1290 1636 καὶ
1312 1583 1345 1652 ἡ
1373 1583 1554 1654 πληγὴ
1590 1601 1770 1654 παρα-

201 1668 368 1734 δόξως
402 1670 556 1738 ὑγεία
591 1671 665 1740 τῷ
691 1671 950 1740 κάμνοντι
984 1671 1214 1740 γίνεται,
1248 1671 1310 1724 τό
1340 1688 1398 1724 τε
1443 1671 1597 1736 ξύλον
1635 1674 1772 1727 ἀνα-

203 1759 490 1829 κομίζεται
541 1763 631 1815 καξ
677 1764 830 1828 αὐτὸ,
860 1761 1096 1828 είξαντος
1139 1765 1347 1816 ἐκείνου
1387 1763 1662 1818 κάνταῦθα
1692 1764 1770 1836 τῷ

1869 579 2014 649 pulis
2069 578 2302 650 Symeon
2329 623 2344 646 ,
2411 574 2683 632 inlallibili
2747 573 3061 627 futurorum
3123 569 3434 640 cognitione

1871 671 2234 726 informatus:
2270 671 2434 734 Ecce,
2458 667 2656 736 inquit,
2711 677 2933 718 rursum
2988 661 3074 716 vir
3127 661 3266 714 alius
3327 660 3436 714 huc

1870 763 2122 828 ventilat,
2149 762 2244 831 qui
2272 762 2479 831 lignum
2514 753 2906 826 usuipraesenti
2931 766 3201 824 perquam
3222 761 3432 819 aptum,
3529 772 3542 806 ε

1872 854 1927 908 in
1979 855 2122 910 ostio
2180 854 2425 909 fluminis
2459 851 2648 917 habet,
2695 857 2958 919 rogatque
3013 857 3076 901 ut
3121 845 3297 915 ipsum
3343 859 3438 898 ac—

1872 944 2159 1014 cipiamus.
2197 945 2299 998 Pes
2349 943 2572 997 saucius
2599 955 2713 995 non
2771 937 3020 992 modicos
3044 935 3165 989 viro
3205 933 3435 987 dolores

1872 1043 2115 1104 generat,
2150 1050 2253 1089 nec
2283 1031 2515 1088 transire
2541 1032 2652 1086 huc
2675 1029 2880 1097 absque
2909 1027 3060 1098 gravi
3104 1025 3293 1078 labore
3339 1039 3439 1093 pa-

1875 1125 2027 1182 titur.
2054 1125 2223 1181 Simul
2249 1125 2364 1180 haec
2382 1125 2528 1178 dicta
2553 1130 2700 1187 sunt,
2728 1119 2888 1175 simul
2921 1117 3181 1188 praefatus
3203 1115 3286 1170 vir
3305 1129 3441 1170 con-

1873 1219 2036 1282 stitit,
2082 1219 2395 1288 supplicans
2422 1217 2574 1271 ﬂexis
2599 1215 2851 1288 genibus,
2903 1211 3009 1266 fixo
3061 1209 3214 1264 humi
3257 1209 3436 1266 vultu.

1881 1309 2020 1362 nihil
2040 1324 2148 1363 non
2174 1325 2360 1378 agens,
2391 1324 2501 1378 quo
2541 1316 2597 1362 et
2649 1305 2937 1360 doloribus
2973 1302 3255 1355 levaretur
3303 1314 3440 1353 suus

1873 1419 1990 1472 pes,
2029 1411 2085 1458 et
2109 1403 2314 1472 lignum
2344 1401 2490 1471 quod
2509 1400 2746 1455 habebat
2765 1403 3140 1466 aceeptaretur
3169 1408 3198 1447 a
3221 1401 3438 1452 sancto;

1873 1491 2108 1560 duplicis
2157 1491 2268 1545 voti
2322 1505 2477 1559 aeque
2535 1503 2759 1557 compos
2820 1485 2936 1540 fieri
3003 1483 3250 1554 cupiens.
3301 1481 3439 1536 Tum

1874 1583 2107 1654 Symeon
2137 1583 2347 1652 palmca
2370 1597 2467 1635 sua
2501 1581 2648 1650 virga
2671 1577 2864 1648 pedem
2889 1575 3144 1630 affectum
3183 1571 3439 1644 percutit,

1873 1685 1928 1730 et
1955 1673 2239 1744 percussio
2295 1670 2623 1726 mirabiliter
2674 1669 2726 1724 ei
2778 1665 2990 1722 sanatio
3025 1663 3166 1718 facta
3210 1667 3328 1723 est;
3375 1659 3439 1713 lio

1873 1780 2149 1837 gnumque
2200 1765 2367 1819 etiam
2432 1767 2818 1831 apportatum:
2871 1771 2980 1826 quo
3007 1755 3060 1808 in
3115 1758 3456 1824 praesentem.

202 1849 306 1918 τῆς
331 1851 519 1921 χρείας
545 1853 930 1924 ἀπαραιτήτῳ,
965 1855 1058 1908 καὶ
1091 1855 1118 1906 ὁ
1151 1855 1340 1920 στύλος
1380 1855 1622 1928 είςῶπερ
1643 1857 1772 1928 ὁρᾶ·

1888 1855 2217 1912 necessitatis
2243 1849 2626 1906 inexcusabilis
2662 1863 2815 1904 usum
2837 1823 3114 1914 adaptato,
3175 1843 3435 1897 columna

202 1957 294 1996 ται
327 1941 421 1994 νῦν
451 1940 664 2012 αἴρεται
697 1942 847 2014 ὓιζκος.

280 2120 399 2191 ριε’.
433 2123 616 2196 Ταύτῃ
651 2123 941 2195 τοιγαροῦν
976 2123 1401 2194 ἀπαρτισθέντος
1430 2123 1523 2177 τοῦ
1557 2124 1772 2184 στύλον,

207 2214 336 2282 περὶ
365 2213 554 2284 τρίτην
585 2213 733 2284 ῶραν
763 2215 1050 2286 ἡμερινὴν,
1082 2216 1184 2268 ὑπὸ
1230 2218 1484 2286 μυριάσιν
1523 2216 1770 2284 ἀγγέλων

210 2306 500 2373 ἐπιφανεὶς
552 2305 580 2357 ό
635 2307 888 2377 Χριστὸς,
943 2308 1195 2378 ποθεινῆς
1238 2307 1373 2378 ὁμοῦ
1410 2308 1505 2360 καὶ
1546 2309 1777 2379 φρικτῆς

211 2395 426 2464 ἐκείνης
468 2399 806 2466 ἐπιφανείας,
838 2399 894 2452 ἐν
919 2398 1069 2468 ἄρτῳ
1100 2417 1159 2452 τε
1199 2400 1295 2454 καὶ
1327 2401 1454 2470 οἴνῳ
1481 2416 1778 2470 πνευματι-

212 2485 324 2550 κῶς
349 2489 724 2558 προσκομίσας
759 2488 938 2560 (αὐτὸς
969 2489 1024 2542 δὲ
1057 2487 1124 2561 ἦν
1147 2491 1174 2542 ὁ
1203 2493 1296 2544 καὶ
1325 2493 1648 2563 προσφέρων
1673 2491 1783 2562 ἄρα

213 2577 307 2630 καὶ
348 2579 809 2650 προσφερόμενος)
845 2581 944 2650 τὴν
967 2581 1060 2634 τοῦ
1085 2581 1285 2634 οἰκείου
1315 2581 1644 2653 θεράποντος
1673 2583 1782 2636 ὑπὸ

217 2669 398 2740 μόνοις
423 2675 532 2736 τοῖς
561 2672 768 2726 ἐκείνου
811 2673 973 2741 όφθα)
988 2677 1127 2742 μοῖς,
1157 2674 1208 2728 οἳ
1243 2675 1338 2727 καὶ
1365 2673 1498 2745 πρὸς
1527 2675 1783 2743 τηλικαύ-

213 2777 314 2832 την
355 2761 478 2831 δψιν
513 2763 743 2833 ἡξίωντο
766 2763 1095 2828 διαϐλέπειν,
1133 2765 1327 2836 ήγίασε
1366 2767 1576 2820 στάσιν.
1605 2767 1788 2836 "Amp

217 2855 394 2909 ἰδόντα
425 2856 516 2908 τὸν
561 2855 786 2926 Συμεὼν
811 2857 960 2927 πόθῳ
994 2874 1054 2910 τε
1082 2860 1180 2927 τῆς
1221 2857 1315 2910 ἐπὶ
1346 2857 1437 2911 τὸν
1469 2857 1660 2912 στύλον
1687 2861 1784 2914 ἀν-

213 2947 333 3000 όδου
385 2947 570 3013 πόθον,
608 2948 702 3000 καὶ
751 2949 954 3019 σπουδῇ
1008 2948 1242 3019 σπουδὴν
1293 2950 1620 3020 προσλαϐεῖν
1645 2969 1658 2982 ·
1691 2953 1786 3005 καὶ

215 3040 342 3102 τοὺς
391 3039 852 3108 εύδοκιμωτέρους
895 3039 1005 3094 τῶν
1047 3040 1302 3110 μαθητῶν
1358 3042 1784 3109 συγκαλέσαντα,

215 3129 313 3198 τὴν
337 3129 485 3182 θείαν
513 3130 697 3192 αὐτοῖς
722 3131 779 3181 ἐν
803 3129 1073 3198 πνεύματι
1100 3128 1482 3194 ταπεινώσεως
1514 3131 1787 3202 ἐξηγήσα-

219 3218 342 3272 σθαι
381 3219 524 3287 ὖψιν,
559 3219 786 3283 ἀξιῶσαι
836 3237 892 3271 τε
941 3219 1162 3280 τούτους
1207 3219 1396 3290 ἑορτὴν
1442 3221 1653 3291 ἐκείνην
1688 3216 1784 3289 τὴν

216 3307 428 3380 ἡμέραν
459 3309 611 3375 ἄγειν
640 3307 920 3377 λαμπρὰν,
955 3308 1105 3378 φόϐῳ
1148 3307 1276 3378 θείῳ
1307 3312 1406 3378 τὴν
1440 3309 1666 3378 καρδίαν
1695 3312 1786 3363 εύ-

221 3397 634 3467 φραινομένους,
657 3400 715 3452 τὸ
754 3401 852 3469 μὲν
885 3399 973 3452 διὰ
1005 3401 1065 3452 τὸ
1089 3401 1316 3470 φρικτὸν
1345 3401 1442 3470 τῆς
1471 3402 1788 3471 ἐπιδημίας,

217 3487 277 3540 τὸ
303 3487 360 3540 δὲ
389 3488 474 3542 διὰ
507 3489 566 3541 τὸ
588 3489 864 3561 ὑπερφυὲς
889 3491 988 3558 τῆς
1016 3491 1402 3560 χρηστότητος.
1445 3493 1508 3544 Ἠ
1543 3491 1599 3544 δὲ
1631 3488 1718 3562 ἦν,
1755 3495 1788 3564 ἡ

217 3578 476 3648 ἐπαύριον
501 3579 600 3650 τῆς
635 3580 1036 3652 Πεντηκοστῆς,
1069 3580 1194 3634 καθ’
1215 3581 1280 3650 ῆν
1310 3583 1405 3636 καὶ
1431 3583 1528 3652 τὴν
1560 3585 1640 3646 είς
1666 3585 1790 3647 τοὺς

217 3670 756 3742 Χριστοῦιμαθητας
795 3672 1124 3743 ἑορτάζομεν
1180 3672 1272 3726 τοῦ
1329 3673 1643 3742 Πνεύματος
1695 3674 1788 3728 τοῦ

219 3763 375 3832 ἁγίου
426 3763 758 3834 ἐπιδημίαν·
803 3766 922 3818 κατ’
953 3766 1122 3836 αὐτὴν
1160 3765 1268 3836 γὰρ
1309 3765 1637 3832 ἐπιφανέντα
1693 3767 1792 3838 τὴν

219 3854 436 3926 ἡμέραν
469 3857 620 3926 αὐτῷ
653 3859 742 3910 καὶ
771 3857 857 3909 τὸν
885 3857 1085 3926 Κύριον
1120 3858 1278 3929 ἡμῶν
1305 3858 1398 3910 καὶ
1419 3855 1550 3910 Θεὸν
1575 3857 1796 3926 ἁγιάσαι

219 3945 316 4015 τὴν
345 3948 531 4002 στάσιν
561 3947 728 4003 αὐτοῦ
760 3949 856 4018 τὴν
895 3949 986 4002 ἐπὶ
1027 3948 1120 4001 τοῦ
1153 3948 1368 4013 στύλου,
1395 3949 1495 4019 τὴν
1527 3951 1794 4020 μυστικὴν

221 4039 307 4092 ἐπ’
369 4038 536 4092 αὐτοῦ
595 4038 787 4093 θυσίαν
854 4040 1310 4110 προσαγαγόντα,
1379 4033 1466 4092 οἷα
1535 4039 1794 4109 συγγενές

220 4146 272 4182 τι
331 4128 525 4193 σκεῦος
577 4132 687 4193 τοῖς
735 4130 1052 4192 ἀποστόλοις
1114 4130 1364 4201 εὑρόντα,
1447 4130 1541 4184 xal
1599 4147 1796 4200 συγγε-

220 4217 344 4282 νοῦς
395 4219 546 4289 αὐτῷ
598 4221 820 4291 χάριτος
870 4221 1102 4283 ἐκείνοις
1152 4221 1520 4290 μεταδιδόντα.
1579 4221 1796 4290 Ταύτην

221 4313 251 4368 6
309 4310 410 4382 μὲν
466 4312 698 4365 δέδωκεν
759 4312 976 4383 ἐντολὴν
1044 4313 1158 4375 τοῖς
1209 4313 1630 4383 ἐπισημοτέροις
1686 4313 1795 4367 τῶν

223 4401 486 4472 ἀδελφῶν,
546 4401 668 4472 ἣτις
717 4403 868 4474 παρὰ
920 4405 986 4474 τῇ
1047 4405 1184 4474 μονῇ
1232 4405 1328 4457 καὶ
1375 4405 1455 4467 είς
1500 4402 1660 4474 δεῦρο
1699 4421 1798 4476 τη-

227 4497 423 4564 ρείται.

298 4591 431 4656 ρις’.
461 4586 573 4658 Τῆς
605 4585 652 4639 δ’
682 4586 944 4656 ἐπιούσης
978 4586 1264 4656 Κυριακῆς
1295 4585 1404 4657 (εἴη
1435 4585 1479 4640 δ’
1509 4585 1574 4640 ὃν
1607 4587 1640 4658 ἡ
1670 4585 1798 4654 ἑξῆς

225 4677 324 4747 τῆς
352 4677 776 4748 Πεντηκοστῆς),
807 4676 946 4746 μετὰ
971 4677 1070 4740 τὰς
1095 4676 1322 4740 ἑωθινὰς
1362 4676 1530 4748 ᾠδὰς,
1563 4677 1662 4740 τὰς
1702 4677 1802 4747 μὲν

225 4767 324 4837 τῆς
361 4766 530 4838 μονῆς
563 4766 735 4830 πύλας
772 4771 886 4832 τοῖς
912 4765 1110 4831 ἔξωθεν
1158 4767 1387 4836 φοιτῶσι
1424 4767 1640 4821 κελεύει
1668 4768 1796 4821 καο-

227 4857 374 4924 ἅπαξ
400 4857 827 4928 ἀποκλεισθῆναι
845 4874 858 4888 ·
883 4859 1048 4920 αὐτὸς
1075 4859 1133 4911 δὲ
1161 4861 1288 4922 τοὺς
1313 4858 1576 4928 ἀδελφοὺς
1597 4861 1805 4927 πάντας

232 4948 576 5017 συναγαγὼν,
599 4950 719 5020 Θεῷ
749 4967 808 5003 τε
835 4951 1129 5020 θυμιάσας,
1157 4952 1256 5004 καὶ
1277 4951 1404 5020 γόνυ
1427 4953 1610 5007 κλῖναι
1639 4955 1806 5008 πᾶσιν

229 5042 408 5102 αὐτοῖς
453 5042 733 5108 ἐπιτάξας,
765 5041 1007 5110 κεφαλὴν
1044 5043 1182 5104 μετὰ
1217 5041 1328 5094 τῶν
1363 5045 1606 5110 γονάτων
1633 5047 1700 5116 τῇ
1731 5046 1801 5115 γῇ

228 5133 322 5186 καὶ
343 5127 498 5194 οὗτος
521 5133 763 5204 ἐρείσας,
788 5133 998 5204 δάκρυά
1024 5149 1083 5185 τε
1107 5133 1175 5185 τὰ
1201 5135 1294 5186 καὶ
1319 5135 1663 5206 θυμιάματος
1687 5137 1806 5208 Θεῷ

234 5225 436 5296 μᾶλλον
487 5225 620 5296 ἡδίω
669 5227 765 5280 καὶ
803 5225 1140 5298 εύωδέστερα
1186 5226 1405 5296 θερμῶς
1455 5229 1828 5298 ἐπισπείσαςη

229 5315 359 5386 ἄχρι
396 5314 594 5368 πολλοῦ
635 5315 1010 5386 προσηύξατο·
1043 5315 1134 5369 ἐπὶ
1161 5315 1302 5370 τέλει
1337 5314 1394 5368 δὲ
1421 5317 1522 5387 τῆς
1553 5319 1721 5388 εὐχῆς
1746 5319 1808 5372 τὸ

245 5403 420 5477 ’Λμὴν
455 5404 636 5458 αὐτῶν
660 5405 1017 5470 ἐπειπόντων,
1049 5407 1285 5470 ἀναστὰς
1321 5404 1513 5477 πρῶτα
1543 5407 1643 5474 μὲν
1668 5425 1804 5476 συγ-

231 5494 475 5568 χώρησιν
498 5495 679 5560 αὐτοῖς
705 5496 886 5567 πάσης
913 5493 1100 5560 ἁπλῶς
1123 5495 1450 5565 ἀντιλογίας,
1481 5498 1578 5550 καὶ
1607 5499 1807 5564 παντὸς

233 5579 442 5652 οὗτινος
468 5580 564 5642 οὖν
616 5588 862 5643 ἑκουσίου
895 5586 930 5658 ἢ
959 5592 1019 5643 ἐν
1047 5589 1238 5662 ἀγνοίᾳ
1265 5589 1436 5644 ἐδίδου
1455 5605 1468 5620 ο
1507 5585 1628 5646 εἶτα
1665 5607 1810 5664 παρ-

216 5871 221 5875 ’
306 5769 423 5841 (3i,
443 5771 535 5833 52)
558 5771 750 5847 Colligt'
771 5773 932 5830 datur
957 5789 1020 5829 ea;
1045 5771 1244 5828 duobus
1265 5773 1400 5830 hisce
1429 5771 1575 5840 locis,
1596 5773 1906 5845 scriptorem
1929 5789 2031 5828 non
2059 5771 2346 5830 admodum
2376 5767 2540 5825 multo
2566 5773 2680 5840 post
2711 5763 2921 5819 risisse.

1875 1948 1932 2002 in
1965 1962 2106 2012 eam,
2144 1959 2308 2016 quam
2329 1957 2478 1997 nunc
2511 1940 2781 2004 videmus,
2814 1935 3206 1992 sublimitatem
3253 1941 3436 1989 erecta

1875 2047 1958 2093 est
1987 2037 2122 2110 ('51).

1948 2129 2068 2184 llz‘i.
2113 2127 2227 2183 Hoc
2255 2126 2418 2182 modo
2447 2141 2572 2181 cum
2607 2123 2697 2178 illa
2725 2119 2982 2176 omnibus
3013 2116 3264 2188 partibus
3298 2119 3444 2168 esset

1877 2222 2160 2292 perfecta,
2211 2221 2433 2275 circiter
2481 2220 2672 2272 horam
2739 2215 2849 2270 diei
2923 2211 3141 2267 tertiam
3193 2205 3447 2278 apparuit.

1877 2313 2145 2375 Christus,
2202 2311 2414 2364 infinita
2459 2307 2782 2378 angelorum
2833 2313 3013 2358 turma
3073 2301 3340 2369 stipatus;
3391 2296 3445 2349 in

1880 2405 1984 2459 hac
2017 2411 2125 2457 tam
2156 2399 2510 2456 desiderabili
2559 2411 2722 2466 quam
2752 2391 3032 2448 tremenda
3079 2387 3444 2458 apparitione,

1879 2497 2036 2566 panis
2065 2509 2131 2548 ac
2176 2491 2285 2546 vini
2326 2489 2668 2560 spiritualcm
2707 2485 2913 2540 faciens
2945 2480 3278 2536 oblationem
3308 2477 3447 2547 (ipse

1881 2595 2063 2642 autem
2113 2592 2232 2640 erat
2263 2581 2356 2652 qui
2405 2579 2675 2634 offerebat
2719 2585 2776 2630 et
2822 2570 3181 2637 offerebatur)
3244 2567 3448 2623 famulo

1881 2694 2000 2742 suo,
2029 2677 2186 2747 cujus
2215 2674 2384 2730 solius
2415 2671 2560 2726 oculi
2599 2670 2691 2723 tali
2725 2669 2934 2722 visione
2965 2664 3313 2722 fruebantur.
3343 2667 3452 2714 sta-

1882 2769 2052 2824 tionis
2069 2768 2268 2822 futurat
2292 2766 2475 2820 locum
2500 2759 2897 2817 sanctificabat.
2933 2757 3029 2811 llis
3053 2754 3186 2810 visis
3215 2752 3450 2812 Svmeon

1883 2858 2161 2916 desiderio
2194 2853 2596 2913 conscendendi
2651 2852 2706 2906 in
2755 2849 3066 2905 columnam
3115 2841 3450 2898 desiderium

1884 2952 2114 3016 addens,
2173 2955 2230 3004 et
2271 2945 2516 3002 studium
2558 2941 2778 3007 studio;
2845 2937 3163 2994 convocatis
3215 2933 3457 3004 probata:

1883 3043 2056 3114 magis
2085 3042 2214 3096 vitae
2263 3037 2529 3094 fratribus
2575 3034 2818 3089 divinam
2853 3029 3122 3086 visionem
3172 3026 3226 3080 in
3259 3023 3452 3094 spiritu

1887 3133 2214 3190 humilitatis
2261 3127 2574 3194 enarravit;
2613 3131 2980 3196 precatusque
3008 3128 3112 3184 est,
3151 3125 3209 3172 ut
3259 3115 3458 3185 spiritu

1887 3223 2060 3280 divini
2108 3221 2324 3278 timoris
2348 3219 2670 3292 gaudentes.
2702 3217 2886 3271 lucem
2926 3213 3075 3268 illam
3107 3223 3274 3279 quam
3309 3205 3460 3260 festi-

1889 3315 2170 3372 vissimam
2223 3319 2476 3384 agerent;
2533 3323 2659 3365 cum
2719 3307 2920 3361 timore
2967 3301 3190 3373 quidem
3239 3303 3462 3368 propter

1890 3405 2256 3462 reverentiam
2288 3401 2559 3458 Dominici
2603 3398 2895 3458 adventus,
2929 3409 3054 3448 cum
3092 3389 3294 3460 gaudio
3330 3401 3467 3441 vero

1889 3505 2116 3568 propter
2144 3494 2537 3550 abundantiam
2563 3489 2850 3545 bonitatis.
2877 3487 3009 3540 Erat
3043 3484 3090 3538 is
3120 3482 3238 3536 dies
3268 3478 3466 3548 postri-

1890 3589 1980 3643 die
2024 3589 2396 3650 Pentecostes,
2452 3599 2561 3653 qua
2603 3581 2899 3636 adventum
2931 3575 3171 3646 Spiritus
3205 3571 3376 3627 sancti
3409 3570 3466 3622 in

1891 3679 2193 3749 discipulos
2210 3677 2416 3732 Christi
2438 3673 2781 3729 celebramus
2807 3687 2821 3724 :
2849 3669 2942 3722 illo
2967 3679 3205 3734 namque
3239 3664 3355 3732 ipso
3376 3661 3466 3716 die

1893 3767 2343 3824 manifestavitsc
2375 3765 2475 3836 ipsi
2511 3763 2797 3826 Dominus,
2853 3769 2908 3814 et
2958 3757 3251 3812 stationem
3301 3768 3466 3821 super

1894 3863 2206 3918 columnam
2251 3857 2617 3918 consecravit,
2671 3853 2963 3926 mysticum
3007 3849 3211 3904 ibidem
3260 3845 3470 3900 sacrili-

1896 3952 2043 4006 cium
2067 3951 2338 4014 offerens;
2372 3957 2430 4002 et
2473 3945 2628 4016 quasi
2659 3959 2754 3998 vas
2780 3929 3074 3998 electionis
3103 3934 3364 4006 apostolis
3391 3933 3467 3986 si-

1897 4043 2024 4096 mile
2050 4040 2370 4103 invenisset,
2391 4035 2626 4092 similem
2645 4034 2865 4088 illorum
2895 4029 3122 4101 gratiam
3148 4025 3314 4080 etiam
3340 4022 3469 4076 huic

1899 4131 2242 4202 impertiens.
2277 4129 2404 4182 Ilrec
2433 4141 2599 4197 porro
2628 4121 2896 4178 fratribus
2921 4114 3266 4189 spcctatioris
3295 4113 3470 4167 virtu-

1898 4225 1969 4280 tis
1995 4224 2120 4278 data
2151 4220 2467 4290 praeceptio,
2517 4217 2584 4271 ad
2633 4228 2876 4286 praesens
2927 4224 3099 4280 usque
3151 4216 3368 4276 tempus
3414 4205 3468 4260 in

1899 4313 2233 4370 monasterio
2273 4311 2420 4382 viget
2465 4311 2480 4354 ί
2487 4308 2600 4363 521.

1975 4589 2096 4644 HG.
2117 4591 2338 4644 Postera
2358 4584 2664 4648 Dominica,
2683 4597 2804 4652 quae
2819 4588 2938 4635 erat
2954 4589 3076 4650 post
3090 4579 3445 4634 Pentecosteu
3458 4613 3472 4635 ,

1900 4679 2118 4751 hymnis
2179 4675 2464 4735 matutinis
2518 4661 2828 4734 absolutis,
2892 4675 3106 4740 portas
3154 4661 3474 4720 monasterii

1901 4771 2269 4841 undequaque
2299 4767 2481 4822 claudi
2535 4779 2769 4836 peregre
2803 4757 3244 4816 adventantibus
3279 4754 3474 4825 jubet;

1906 4863 2222 4932 coactisque
2251 4858 2539 4928 discipulis
2584 4856 2866 4919 omnibus,
2919 4860 3044 4924 post
3089 4850 3334 4906 oblatum
3367 4846 3480 4900 Deo

1906 4955 2215 5019 incensum,
2253 4955 2488 5023 imperat
2535 4959 2596 5005 ut
2635 4965 2824 5022 genua
2843 4951 3113 5011 cut-vent;
3149 4941 3264 5012 ipse
3293 4947 3477 4994 autem

1906 5062 2020 5100 non
2058 5047 2138 5101 sic
2165 5055 2400 5110 tantum,
2429 5044 2526 5099 sed
2581 5051 2638 5098 et
2689 5041 2868 5110 capite
2917 5035 3072 5090 humi
3125 5041 3354 5095 stratus,
3403 5029 3483 5084 la-

1909 5151 2228 5208 crymasque
2261 5135 2372 5190 Deo
2404 5133 2674 5205 gratiores
2693 5138 2858 5198 atque
2888 5123 3037 5181 omni
3087 5123 3312 5176 incenso
3341 5119 3482 5174 odo-

1909 5228 2143 5283 ratiores
2203 5227 2490 5282 ferventer
2566 5223 2778 5287 libans,
2843 5220 2900 5273 in
2971 5217 3204 5272 multum
3267 5224 3484 5281 tempus

1909 5319 2215 5374 orationem
2236 5317 2522 5386 protraxit.
2543 5314 2624 5368 Ad
2643 5313 2808 5382 hujus
2831 5311 2993 5364 tinem
3023 5303 3486 5378 subjungentibus

1916 5409 2205 5478 discipulis
2233 5408 2428 5470 Amen,
2465 5405 2852 5460 surrexitille:
2881 5418 2945 5458 ac
2978 5402 3218 5472 primum
3255 5395 3484 5468 quidem

1915 5499 2102 5556 delicti
2136 5499 2535 5568 cujuscunque,
2575 5511 2670 5551 seu
2699 5494 3003 5549 deliberate
3031 5505 3130 5548 seu
3171 5502 3272 5558 per
3325 5486 3484 5557 igno-

1916 5591 2152 5674 rantiam
2182 5588 2408 5645 admissi
2429 5589 2646 5644 veniam
2674 5585 2808 5656 ipsis
2835 5585 3017 5651 dedit;
3045 5580 3246 5638 deinde
3276 5577 3486 5635 adhor-

3400 5835 3442 5871 ἰ..
