3980 6296
225 356 375 422 3097

1244 327 1437 419 vim
1470 356 1517 414 A
1549 348 1988 415 NICEPHORO
2020 354 2504 420 CONSCRIPTA.

3349 357 3506 422 3098.

230 475 500 546 ρφμὲνην,
523 475 619 529 καὶ
643 473 775 545 παρ’
797 474 964 529 αὐτοῦ
991 476 1100 529 πᾶν
1127 475 1274 545 ὅπερ.
1299 475 1367 527 ἂν
1394 472 1608 543 αἰτήσοι
1646 471 1795 524 πάλιι

1912 489 2103 530 versus
2127 476 2300 531 Deum
2318 490 2536 546 semper
2564 470 3002 530 intentionaliter
3020 474 3240 538 elatam,
3265 489 3488 533 manum

227 567 647 637 λαμϐάνουσαν,
678 568 778 639 τήν
801 584 862 620 τι
897 566 1229 637 δημιουργὸν
1259 565 1450 635 σοφίαν
1486 563 1577 635 τὸν
1608 562 1811 631 Κύριον

229 661 265 728 ἡ
277 658 397 728 μῶν
445 659 908 729 ἐπικαλεσάμενος
955 660 1048 713 καὶ
1091 658 1223 711 Θεὸν
1257 658 1349 710 τὸν
1377 657 1504 709 Υίὸν
1532 654 1625 706 τοῦ
1652 652 1807 717 Θεοῦ,

229 750 567 805 ἀπαλλάττει
615 752 713 822 τὴν
764 754 942 806 νεᾶνιν
998 749 1089 803 τοῦ
1154 749 1379 813 πάθους,
1410 747 1504 801 καὶ
1541 745 1684 801 κατὰ
1712 743 1811 812 φύ-

230 862 325 897 σιν
388 844 786 912 ἀποκαθίστησι
843 844 1069 914 ταύτην.
1108 844 1291 914 Ὅπερ
1356 839 1670 908 τηλικοῦτον
1726 837 1805 904 ὃν,

229 934 464 1002 ἀδελφὸν
492 937 572 997 είς
600 934 878 1006 θαύματος
901 934 1058 1003 λόγον
1084 935 1196 1006 ἔχει
1222 935 1285 988 τὸ
1316 932 1678 1003 ἐπαγόμενον.

305 1110 430 1182 ριθ¹.
472 1113 650 1183 Ἀνδρὶ
694 1113 805 1185 γάρ
835 1130 944 1167 τινι
969 1114 1068 1184 τὴν
1111 1112 1303 1182 κλῆσιν
1344 1109 1662 1179 Ἐπιφανίῳ,
1693 1111 1807 1163 Χα-
1846 1126 1861 1139 '

237 1203 561 1274 ρκνδαμενῷ
619 1205 721 1276 τὴν
780 1203 994 1276 κώμην,
1028 1203 1237 1258 παιδίον
1296 1203 1431 1256 ὡσεὶ
1471 1202 1678 1272 τριετὲς
1716 1196 1806 1270 ἦν,

224 1289 424 1362 λίχνως
453 1310 512 1346 τε
543 1295 672 1364 περὶ
699 1294 799 1362 τὴν
827 1293 1009 1365 ὄρεξιν
1043 1293 1187 1363 ἕχον,
1210 1292 1303 1346 καὶ
1328 1291 1573 1354 πλείονος
1600 1290 1633 1361 ἢ
1666 1290 1813 1344 κατα

226 1383 335 1452 τὴν
365 1384 583 1453 ἡλικίαν
608 1384 818 1455 τροφῆς
865 1385 1227 1454 πιπλάμενον.
1265 1384 1487 1454 Συμϐὰν
1520 1383 1808 1451 τοιγαροῦν

224 1474 383 1544 αὐτῷ
406 1474 475 1528 τὰ
502 1474 631 1544 περὶ
662 1475 907 1545 γαστέρα
966 1475 1355 1547 διαφραγῆναι,
1389 1474 1508 1528 οὐδὲ
1532 1471 1597 1525 δι’
1627 1475 1806 1526 ἐνιαυ-

222 1565 325 1619 τοῦ
353 1565 423 1618 τὰ
456 1563 516 1630 ἐξ
544 1567 714 1637 αὐτῆς
748 1565 1050 1638 ὑπεχώρει.
1077 1566 1188 1620 Καὶ
1217 1567 1277 1619 τὸ
1306 1565 1405 1635 μὲν
1438 1565 1543 1619 ὑπὸ
1585 1564 1681 1618 τοῦ
1709 1564 1804 1632 ὅγ-

222 1666 325 1707 κου
353 1656 453 1725 ἤδη
482 1655 845 1726 ῥηγνύμενον,
872 1655 1138 1727 κλαυθμῷ
1167 1658 1460 1726 συνείχετο,
1484 1657 1680 1727 πικρὸν
1710 1656 1804 1719 καὶ

220 1746 287 1799 τὸ
312 1746 480 1814 γλυκὺ
502 1748 670 1800 πᾶσιν
704 1747 855 1818 ἡλίου
888 1748 1003 1815 φῶς
1042 1750 1156 1810 τοῖς
1208 1747 1459 1801 τεκοῦσιν
1498 1747 1803 1817 ἐργαζομέ-

221 1855 302 1906 νῳ
323 1854 338 1869 ο
366 1839 414 1890 οἱ
445 1836 502 1890 δὲ
557 1839 739 1909 πάσης
778 1838 945 1909 ἄλλης
991 1838 1359 1910 ἀπορούμενοι
1390 1839 1711 1910 θεραπείας.
1738 1837 1802 1892 τὸ
1835 1821 1877 1878 Β

221 1925 370 1980 θεῖον
407 1927 554 1998 αὐτῷ
577 1930 670 1983 τοῦ
696 1931 923 2002 Συμεὼν
970 1931 1142 2003 δνομα
1189 1933 1515 2003 κατεπῇδον,
1570 1933 1651 1987 ἔτι
1705 1933 1805 1986 καὶ

221 2016 325 2085 τῆς
349 2017 560 2071 ἐκείνου
593 2020 796 2085 κόνεως
823 2022 1318 2095 αὑτῷὲπιχρίοντες
1353 2025 1493 2095 (οὐδὲ
1547 2024 1657 2093 γὰρ
1697 2028 1799 2096 τῆς

219 2108 415 2179 φήμης
461 2109 567 2163 τῶν
619 2114 713 2166 τοῦ
772 2114 964 2183 ἀνδρὸς
1007 2114 1298 2185 θαυμάτων
1353 2116 1586 2185 ἀμαθεῖς
1627 2113 1791 2186 ἦσαν,

218 2197 330 2267 οὐχ,
361 2192 522 2269 ἧττον
569 2200 601 2271 ἢ
627 2203 801 2273 αὐγῆς
851 2205 1001 2274 ἡλίου
1030 2205 1316 2274 βλέποντες
1365 2206 1678 2278 ὀφθαλμοὶ),
1703 2210 1796 2263 καὶ

216 2287 279 2339 τὸ
320 2289 417 2357 μὲν
447 2291 657 2345 παιδίον
693 2293 856 2357 εὐθὺς
878 2295 1007 2365 ῥᾷον
1033 2292 1170 2366 εἶχε,
1202 2298 1455 2368 καθάπερ
1485 2298 1637 2369 αὐτῷ
1691 2300 1794 2367 τῆς

216 2378 429 2445 τροφῆς
481 2383 559 2444 είς
611 2383 954 2454 ἀνυπαρξίαν
1008 2385 1316 2457 χωρούσης·
1342 2389 1409 2442 τὰ
1435 2389 1492 2442 δὲ
1517 2392 1636 2443 κατ’
1665 2390 1796 2444 αὐτὸ

218 2465 307 2520 διὰ
340 2468 616 2540 θαύματος
645 2472 824 2528 ἔκειτο
858 2476 972 2540 τοῖς
1001 2477 1237 2540 πολλοῖς,
1273 2478 1386 2532 ὅσοι
1416 2495 1475 2531 τε
1498 2481 1654 2551 όρᾷν,
1681 2481 1794 2534 ὅσοι

220 2575 281 2611 τε
311 2560 438 2630 περὶ
462 2562 628 2617 αὑτοῦ
672 2564 968 2633 μανθάνειν
996 2562 1163 2637 εἶχον,
1195 2566 1300 2632 ἕως
1330 2568 1485 2640 παρὰ
1513 2569 1604 2623 τὸν
1639 2571 1795 2638 ἆγιον

216 2650 535 2714 κομισθέντι
562 2657 721 2724 χεῖρα
742 2657 1044 2719 κάνταῦθα,
1071 2661 1227 2729 χεῖρα
1257 2660 1391 2731 πρὸς
1422 2660 1554 2714 Θεὸν
1580 2662 1795 2731 ἰσχύου-

124 2784 140 2799 ,
217 2757 338 2803 σαν,
376 2743 603 2810 ἐπιθεὶς,
631 2746 730 2811 τὰς
776 2748 1029 2820 συνήθεις
1076 2752 1142 2821 τῇ
1170 2749 1332 2820 φύσει
1379 2751 1541 2805 πάλιν
1574 2752 1791 2817 ἐξόδους

215 2832 520 2887 ἀποδεδώκε
531 2853 565 2888 ι.
1678 2882 1685 2889 .

288 2923 388 2990 ρκ’.
421 2925 795 2998 Πρεσϐύτερός
827 2946 911 2994 τις
955 2929 1061 2984 ἀπὸ
1087 2931 1290 3003 χωρίου
1333 2932 1666 3003 Παράδεισος
1712 2936 1794 2989 λε-

213 3014 470 3083 γομένου,
492 3017 696 3088 Θωμᾶς
716 3019 906 3091 ὄνομα,
931 3023 1232 3092 ἀναθέματι
1261 3025 1355 3079 τὸν
1377 3024 1518 3079 θεῖον
1547 3027 1791 3098 Συμεὼν,

215 3105 313 3159 οὐκ
345 3100 440 3159 οἷδ’
463 3107 585 3161 ὅθεν
613 3110 707 3163 καὶ
735 3111 904 3178 ὅπως,
930 3113 961 3182 ἢ
994 3113 1174 3186 φθόνῳ
1199 3117 1416 3180 πάντως
1446 3117 1537 3171 τοῦ
1564 3118 1792 3188 βασκαί-

215 3212 328 3251 νειν
358 3198 563 3253 ἄνωθεν
595 3203 708 3264 τοῖς
735 3203 920 3267 καλοῖς
954 3204 1244 3272 πεφυκότι,
1276 3207 1659 3279 ὑποϐεϐλήκει.
1693 3202 1792 3264 Οὗ-

215 3304 307 3351 τος
333 3289 408 3353 ὡς
431 3290 510 3353 είς
538 3290 749 3362 δυσμὰς
779 3294 1006 3362 ἀφίκετο
1032 3294 1170 3365 βίου,
1207 3298 1301 3351 καὶ
1327 3298 1359 3367 ή
1387 3298 1533 3370 ψυχὴ
1569 3300 1797 3373 χωρίζε-

217 3378 341 3433 σθαι
375 3380 474 3451 ἤδη
509 3381 604 3434 τοῦ
656 3383 909 3453 σώματος
962 3385 1207 3456 ἔμελλεν,
1254 3390 1646 3445 άποκέκλειστο
1697 3394 1796 3462 μὲν

216 3469 365 3539 αὐτῷ
395 3474 427 3540 ή
462 3474 636 3541 φωνὴ,
671 3473 828 3537 δίκας
852 3475 1041 3546 ὥσπερ
1088 3478 1190 3547 τῆς
1218 3480 1296 3541 είς
1328 3480 1421 3534 τὸν
1455 3481 1611 3550 ἅγιον
1647 3484 1795 3537 ὲκτί⁸

216 3578 379 3614 νουσα
427 3563 796 3635 βλασφημίας,
847 3568 898 3620 οἱ
943 3569 1213 3641 ὀφθαλμοὶ
1257 3572 1313 3625 δὲ
1351 3573 1543 3643 ἄγριόν
1598 3593 1650 3629 τι
1701 3577 1796 3630 καὶ

214 3655 616 3723 τεταραγμένον
643 3656 941 3727 ἀνεῳγότες
967 3655 1125 3732 ἦσαν,
1143 3663 1255 3716 ἄνω
1273 3663 1563 3732 βλέποντες
1585 3670 1679 3720 καὶ
1709 3671 1797 3723 οὐ·

216 3741 273 3793 δὲ
301 3742 467 3810 μῦσαι
504 3744 792 3815 δυνάμενοι
819 3764 830 3778 ·
866 3749 1155 3822 καὶταύτῃ
1202 3752 1388 3816 δεινῶς
1420 3754 1551 3826 ἄχρι
1596 3761 1688 3811 καὶ
1716 3762 1797 3824 εἰς

216 3833 478 3904 ἐξήκοντα
508 3838 723 3908 ἡμέρας
770 3840 1023 3910 ητάζετο,
1054 3844 1087 3913 ἢ
1128 3846 1465 3911 ἐπαιδεύετο,
1497 3849 1530 3920 ἢ
1567 3852 1793 3919 ἐμαστίο

216 3923 356 3987 ζετο,
389 3925 421 3995 ἢ
452 3927 552 3980 οὐκ
589 3924 685 3982 οἷδ’
711 3930 738 3983 ὅ
764 3947 816 3984 τι
847 3932 954 4001 χρὴ
977 3935 1359 4003 προσαρμόσαι
1402 3938 1478 4008 τῷ
1509 3940 1794 4011 πράγματι

212 4012 400 4083 ὄνομα,
436 4018 559 4080 Τοῖς
580 4017 710 4087 γοῦν
737 4022 1039 4090 περιοίκοις
1064 4025 1157 4078 καὶ
1181 4026 1296 4079 ὅσοι
1321 4026 1398 4097 τῷ
1424 4029 1576 4101 ἀνδρὶ
1602 4032 1665 4084 ὲκ
1684 4049 1796 4100 γει-

211 4105 376 4197 ⁴ξὸνων
407 4107 723 4197 ὲτύιγχανον,
763 4112 823 4165 οὑ
858 4113 1116 4168 συλλαλιὰ
1162 4115 1296 4186 πρὸς
1327 4117 1591 4186 ἀλλήλους
1634 4122 1795 4190 μόνον

211 4191 289 4267 ἦν,
304 4197 363 4251 τὸ
386 4201 465 4262 είς
493 4191 655 4256 αὑτὸν
684 4204 928 4272 γεγονὸς,
962 4204 1097 4259 ἀλλὰ
1151 4208 1245 4261 καὶ
1288 4208 1423 4279 πρὸς
1453 4210 1586 4265 Θεὸν
1633 4212 1788 4284 εὐχὴ,

212 4286 434 4357 λυθῆναι
463 4290 563 4361 τὴν
597 4294 873 4366 μηκίστην
900 4298 994 4350 καὶ
1028 4298 1422 4371 χαλεπωτάτην
1447 4302 1665 4374 ἐκείνην
1693 4305 1793 4358 αὑ-

212 4375 285 4446 τῷ
311 4381 599 4449 τιμωρίαν.
628 4384 736 4443 Καί
755 4402 885 4439 ποτε
911 4387 1122 4441 πολλῶν
1148 4389 1275 4461 περὶ
1298 4391 1459 4445 αὐτὸν
1482 4391 1793 4463 ἁθροισθένο

1925 583 1953 621 a
1979 567 2092 622 Deo
2110 568 2379 639 quidquid
2404 568 2629 639 petierit
2668 567 3093 635 impetrantem;
3128 574 3295 636 atque
3334 566 3499 621 invo-o

1917 658 2061 713 cavit
2128 658 2396 716 artiﬁcem
2451 658 2811 728 Sapientiam,
2875 655 3170 711 Dominum
3236 665 3502 717 nostrum,

1917 747 2117 803 Filium
2138 750 2233 804 Dei
2268 767 2280 803 :
2321 750 2510 819 sicque
2549 748 2803 804 liberavit
2822 746 3061 818 puellam
3085 746 3302 812 morbo,
3322 757 3377 803 et
3403 763 3488 803 se-

1916 839 2159 897 cundum
2180 847 2433 895 naturam
2472 840 2754 895 exonerari
2784 838 2915 893 fecit
2938 836 3251 908 (55)..Quod
3274 846 3501 895 tantum.

1915 945 2039 987 cum
2072 930 2164 992 sit,
2199 929 2365 985 habet
2394 939 2575 985 tamen
2599 929 2751 984 aliud
2783 930 2838 984 in
2870 928 3086 984 ratione
3101 928 3352 984 miraculi
3377 929 3483 984 sibi

1915 1036 2032 1091 par,
2056 1021 2110 1076 id
2138 1021 2284 1088 quod
2306 1021 2676 1077 subnectitur.

1984 1113 2107 1169 1-19.
2156 1113 2387 1170 Cuidam
2421 1115 2562 1180 viro,
2612 1112 2939 1184 Epiphanio
2988 1112 3235 1176 nomine,
3283 1128 3313 1166 e
3351 1127 3487 1182 pago
3525 1123 3528 1127 '

1912 1203 2366 1265 Charandameno
2388 1246 2402 1269 ,
2430 1220 2569 1274 puer
2598 1212 2721 1258 erat
2758 1203 2984 1258 circiter
3015 1203 3266 1267 triennis,
3295 1202 3499 1261 insana.

1911 1295 2143 1350 vorandi
2173 1295 2474 1367 cupiditate
2497 1304 2757 1357 aestuans,
2791 1301 2849 1347 et
2890 1292 3087 1363 majori
3142 1308 3305 1363 quam
3338 1292 3489 1346 aetati

1912 1388 1995 1440 illi
2035 1388 2315 1453 convenit,
2357 1385 2602 1440 alimenti
2649 1385 2806 1454 c0pia
2851 1399 2909 1439 se
2956 1383 3217 1439 farciens.
3272 1382 3490 1437 Accidit

1911 1477 2159 1531 helluoni
2201 1476 2333 1530 huic
2360 1476 2434 1530 ita
2455 1476 2670 1530 obstrui
2700 1475 2905 1540 alvum,
2962 1480 3022 1528 ut
3069 1476 3215 1528 anno
3272 1472 3487 1542 integro

1909 1567 2200 1624 exonerari
2226 1582 2339 1621 non
2368 1576 2574 1636 posset.
2607 1564 2677 1621 Et
2701 1566 2794 1621 ille
2813 1565 3039 1637 quidem
3067 1564 3240 1620 nimio
3264 1574 3488 1621 tumore

1908 1668 2127 1731 ruptus,
2162 1659 2447 1730 perpetuis
2481 1659 2804 1725 indulgebat
2826 1658 3083 1731 lacrymis
3134 1675 3146 1712 :
3189 1657 3393 1729 quibus
3428 1665 3487 1713 et

1908 1751 2254 1822 parentibus,
2284 1759 2500 1822 gratum
2527 1750 2663 1806 alias
2717 1750 2900 1805 solare
2946 1750 3134 1805 lumen
3162 1792 3176 1816 ,
3222 1749 3485 1805 acerbum

1906 1841 2146 1905 reddidit
2175 1851 2339 1910 atque
2371 1841 2634 1896 invisum.
2663 1840 2731 1895 Hi
2778 1856 2910 1895 vero
2934 1840 3084 1915 omni
3142 1840 3250 1894 alia
3309 1838 3483 1895 desti-

1908 1936 2008 1993 tuti
2038 1951 2162 2005 ope,
2204 1933 2457 1991 divinum
2479 1935 2772 2007 Symeonis
2809 1950 3021 1992 nomen
3073 1950 3240 2005 super
3306 1935 3482 2017 ﬁliuni

1905 2028 2187 2094 invocant,
2247 2029 2610 2100 ejusdemque
2655 2029 2945 2098 pulverem
2981 2028 3084 2097 ipsi
3149 2029 3487 2097 inspergunt

1907 2118 2107 2189 (neque
2134 2119 2283 2174 enim
2316 2119 2491 2189 ignari
2517 2126 2681 2173 erant
2723 2117 2901 2183 famae,
2943 2116 3013 2172 de
3052 2115 3318 2172 mirandis
3375 2116 3481 2171 viri

1903 2209 2165 2279 Operibus
2189 2211 2296 2265 late
2326 2226 2553 2280 sparsae,
2584 2225 2695 2265 non
2740 2210 2924 2265 minus
2949 2224 3114 2278 quam
3152 2207 3297 2262 oculi
3328 2216 3478 2261 recte

1902 2301 2141 2356 ordinati
2173 2302 2515 2371 splendentis
2542 2301 2675 2377 solis
2721 2301 2904 2357 media
2947 2299 3061 2370 die)
3089 2307 3147 2354 et
3188 2297 3476 2354 confestim

1900 2393 2080 2449 levius
2123 2393 2331 2449 habere
2363 2394 2531 2462 coepit
2553 2409 2710 2463 puer,
2749 2409 2904 2462 teque
2933 2408 2995 2447 ac
3019 2392 3062 2445 si
3101 2391 3150 2445 ei
3180 2390 3337 2444 cibus
3382 2404 3480 2458 per

1903 2498 2181 2539 secessum
2206 2483 2593 2548 emitteretur;
2660 2482 2921 2536 omnibus
2970 2489 3153 2534 autem
3202 2484 3296 2548 qui
3349 2493 3476 2531 eum

1900 2573 2164 2628 videbant
2192 2573 2276 2632 vel
2308 2572 2610 2628 audiebant
2643 2572 2711 2628 de
2744 2572 2837 2626 illo
2871 2579 2994 2627 erat
3028 2568 3262 2638 stupori,
3300 2567 3477 2622 donec

1901 2670 2127 2718 sanctus
2148 2662 2333 2718 delato
2358 2663 2425 2717 ad
2448 2679 2505 2718 se
2525 2678 2772 2726 manum,
2800 2661 2944 2731 apud
2978 2661 3150 2719 Deum
3178 2657 3476 2727 plurimum

1900 2754 2204 2816 valentem,
2272 2754 2593 2823 imponens,
2656 2762 2867 2809 naturae
2919 2759 3213 2808 consuetos
3266 2759 3479 2805 meatus

1900 2845 2100 2899 iterum
2124 2844 2415 2899 reseravit.

1972 2934 2094 2989 120.
2131 2935 2428 3006 Presbyter
2453 2934 2677 3003 quidam
2711 2951 2785 2990 ex
2821 2934 2944 2989 loco
2972 2932 3064 3001 qui
3116 2929 3323 2984 dicitur
3371 2930 3476 2989 Pa-

1901 3027 2118 3082 radisus
2150 3028 2284 3096 (56),
2320 3027 2559 3083 Thomas
2594 3027 2840 3091 nomine,
2878 3025 3206 3096 Symeonem
3245 3020 3476 3076 anathe-

1900 3123 2034 3177 mati
2063 3123 2398 3191 subjecerat,
2430 3120 2621 3175 nescio
2647 3131 2819 3187 quare
2873 3122 2969 3169 aut
3003 3111 3305 3183 quomodo.
3334 3140 3343 3145 ι
3369 3110 3475 3173 nisi

1896 3230 1964 3270 ex
1985 3215 2100 3269 sola
2134 3213 2361 3277 invidia,
2386 3211 2771 3280 praestantiora
2804 3221 3039 3276 quaeque
3083 3203 3243 3273 aegris
3274 3201 3477 3255 intueri

1897 3307 2081 3363 solita.
2116 3306 2252 3360 Cum
2289 3305 2380 3360 hic
2421 3304 2489 3359 ad
2514 3304 2640 3358 vita:
2671 3315 2930 3357 occasum
2966 3297 3178 3367 magnis
3219 3293 3475 3364 passibus

1896 3395 2347 3464 progrederetur,
2411 3394 2636 3464 jamque
2719 3389 2918 3444 animae
2992 3386 3379 3456 emigrandum
3444 3400 3476 3439 e

1896 3498 2135 3551 corpore
2151 3490 2327 3547 esset;
2380 3496 2486 3536 vox
2519 3481 2636 3549 ipsa
2698 3478 2849 3531 velut
2882 3475 3066 3545 impiae
3096 3473 3152 3527 in
3211 3481 3470 3527 sanctum

1897 3573 2250 3643 blasphemia:
2297 3586 2490 3641 poenas
2537 3571 2758 3625 solvens
2810 3565 3312 3629 intercludebatur,
3344 3578 3479 3617 ocu-

1894 3665 2046 3734 lique
2073 3662 2450 3718 truculentum
2478 3675 2543 3715 ac
2585 3657 2891 3723 turbidum
2923 3657 2980 3711 in
3027 3655 3249 3713 modum
3277 3654 3472 3723 aperti,

1895 3770 2113 3810 sursum
2145 3752 2500 3823 aspectabant
2519 3759 2574 3804 et
2604 3766 2673 3804 ne
2693 3749 2903 3813 nictare
2933 3747 3160 3817 quidem
3199 3745 3472 3811 valebant,

1895 3854 2061 3915 atque
2097 3845 2172 3899 ita
2203 3846 2260 3898 in
2286 3843 2683 3914 sexagesimum
2708 3855 2882 3912 usque
2912 3839 3059 3893 diem
3088 3836 3472 3906 torquebatur,

1899 3948 1996 3993 aut
2025 3936 2415 4006 castigabatur,
2446 3936 2533 3988 vel
2587 3933 2771 4005 potius
2818 3930 3217 4001 ﬂagellabatur,
3259 3928 3345 3982 vel
3380 3943 3475 3981 ne-

1896 4027 2012 4082 scio
2040 4041 2151 4095 quo
2178 4024 2287 4079 alio
2316 4020 2605 4077 vocabulo.
2644 4019 2846 4075 Omnes
2867 4018 3035 4089 igitur
3065 4018 3274 4072 circum
3306 4015 3473 4069 vicini

1897 4133 2009 4175 non
2042 4115 2207 4169 modo
2233 4113 2552 4183 frequenter
2585 4110 3098 4167 sermocinabantur
3132 4109 3274 4165 inter
3310 4123 3367 4163 se
3405 4107 3474 4162 de

1900 4213 1994 4269 illo
2026 4210 2174 4280 quod
2220 4210 2324 4279 ipsi
2365 4208 2562 4276 ﬁebat;
2603 4208 2699 4263 sed
2736 4221 2931 4277 preces
2962 4221 3182 4276 quoque
3205 4206 3274 4261 ad
3292 4206 3472 4269 Deum

1899 4302 2231 4364 fundebant,
2257 4310 2316 4356 ut
2333 4300 2670 4370 longissimis
2695 4299 3144 4370 gravissimisque
3166 4298 3274 4353 illis
3304 4298 3472 4352 miser

1893 4396 2201 4464 eriperetur
2230 4392 2538 4451 tormentis.
2573 4389 2712 4446 Cum
2761 4404 2896 4445 vero
2932 4389 3231 4459 aliquando
3281 4389 3472 4457 ingens

211 4487 336 4539 των,
375 4474 472 4529 καὶ
515 4476 852 4546 φθέγξασθαί
896 4498 944 4535 τι
1004 4482 1363 4554 βιαζομένων,
1410 4487 1508 4556 τῆς
1549 4488 1793 4559 γλώττης

1906 4486 2061 4541 turba
2087 4486 2296 4545 circum
2337 4484 2516 4553 ipsum
2548 4481 2926 4544 conduxisset,
2962 4489 3018 4535 et
3048 4479 3309 4549 quiddam
3343 4494 3470 4547 pro-

210 4564 353 4633 αὐτῷ
376 4567 572 4637 μικρὸν
614 4570 898 4641 ἀνεθείσης
916 4568 1024 4643 (οἶαι
1054 4576 1123 4628 τὰ
1149 4576 1244 4629 τοῦ
1283 4576 1419 4630 Θεοῦ
1454 4579 1701 4650 κρίματα
1724 4582 1785 4648 ι),

213 4652 276 4707 ἵν’
311 4656 461 4724 αὐτῷ
504 4675 563 4715 τε
620 4661 688 4714 τὰ
730 4664 829 4731 τῆς
876 4668 1082 4734 πικρᾶς
1113 4668 1330 4734 ἐκείνης
1366 4669 1631 4739 μάστιγος
1667 4674 1785 4743 στῇ,

210 4745 299 4802 mit
324 4746 538 4812 πολλοῖς
580 4750 761 4816 ἄλλοις
811 4746 964 4819 οὗτος
1019 4757 1236 4810 παιδεία
1272 4756 1517 4828 γένηται,
1564 4761 1787 4831 Συγχώ-

213 4835 366 4903 ρησίν
419 4855 506 4908 μοι
563 4842 713 4911 παρὰ
764 4843 857 4897 τοῦ
885 4845 1029 4899 θείου
1068 4846 1293 4918 Συμεὼν
1339 4850 1588 4919 αἱτητέον
1633 4850 1784 4919 ὑμῖν,

208 4923 446 4993 ἀδελφοὶ,
482 4928 577 4981 τοῦ
603 4931 961 5001 ἁναθέματος,
999 4934 1100 5004 ἔφη
1123 4952 1137 4967 ⁸
1168 4936 1359 4990 τούτου
1394 4938 1500 5008 γὰρ
1536 4938 1661 5008 ἄρτι
1690 4939 1786 5009 τὴν

213 5015 490 5084 παροῦσαν
519 5020 831 5091 εἰσπράττω
854 5022 1092 5078 κόλασιν.

282 5115 420 5177 ρκα¹.
451 5110 561 5164 Καὶ
589 5113 638 5163 οἱ
669 5112 768 5181 μὲν
793 5115 1089 5185 πρεσϐείαν
1132 5118 1292 5181 εὐθὺς
1322 5120 1471 5188 παρὰ
1502 5121 1593 5174 τὸν
1633 5121 1787 5187 ἆγιον

211 5197 518 5254 στέλλονται
540 5217 554 5232 ο
587 5202 617 5256 ό
649 5203 707 5256 δὲ
740 5204 989 5275 (καὶγὰρ
1015 5201 1083 5275 ἦν
1114 5207 1441 5279 θερμότερος
1472 5210 1540 5264 τὰ
1565 5211 1788 5266 τοιαῦτα

211 5285 406 5343 διδόναι
440 5291 642 5360 μᾶλλον
676 5293 709 5365 ἢ
743 5295 869 5359 τοὺς
899 5295 1183 5360 αἰτοῦντας
1214 5297 1535 5366 λαμϐάνειν,
1565 5295 1655 5353 οἷα
1692 5303 1787 5355 καὶ

284 5464 403 5541 ('55)_
422 5464 662 5541 Meminit
705 5470 769 5524 P.
816 5471 1200 5541 Papebrochius
1236 5472 1428 5539 lectum
1486 5475 1618 5539 sibi,
1660 5494 1779 5532 cum

217 5542 342 5618 esset
370 5535 613 5618 Levanii,
665 5542 851 5618 medici
895 5535 1000 5594 non
1046 5535 1297 5612 ignobilis
1345 5542 1557 5618 librum,
1598 5535 1685 5618 libi
1736 5550 1779 5601 is

214 5603 347 5656 inter
374 5605 489 5660 alia
514 5609 798 5681 asserebat,
852 5603 1091 5664 curatam
1117 5630 1149 5665 a
1191 5630 1246 5666 se
1278 5612 1508 5676 puellam
1532 5603 1776 5681 nobilem,

217 5686 512 5757 quw‘usque
540 5678 610 5731 ad
640 5695 766 5757 earn.
785 5686 997 5757 letalem
1021 5682 1279 5757 abstracto
1307 5685 1576 5757 ordinario
1608 5678 1776 5740 urime

221 5749 388 5798 meatu
429 5747 598 5810 ipsam
640 5747 884 5803 reddebat
912 5765 1003 5803 ver
1029 5752 1352 5820 umbilicum,
1390 5754 1525 5808 mule
1556 5757 1775 5809 Immen-

1889 4575 2039 4643 loqui
2068 4580 2321 4642 cogeret;
2353 4570 2529 4625 soluta
2572 4570 2855 4639 paululum
2891 4569 3079 4637 lingua
3111 4567 3313 4637 (qualia
3342 4575 3473 4619 sunt

1889 4662 2096 4733 judicia
2132 4662 2223 4717 Dei
2272 4668 2383 4714 tam
2416 4659 2615 4713 acerbo
2641 4658 2790 4711 illum
2822 4655 3034 4726 ﬂagello
3060 4655 3379 4724 castigantis
3411 4656 3464 4708 iu

1893 4755 2283 4809 documentum
2334 4751 2620 4819 aliorum!)
2672 4749 2863 4811 Venia,
2913 4747 3107 4816 inquit,
3161 4747 3466 4803 temeritate

1895 4860 2048 4908 mere,
2080 4859 2201 4913 quae
2243 4842 2496 4914 Symeoni
2534 4842 2820 4896 anathema
2861 4839 2994 4903 dixi,
3023 4839 3091 4897 ab
3131 4837 3320 4891 eodem
3369 4854 3466 4907 pc-

1898 4934 2059 4990 tenda
2094 4933 2251 4988 vobis
2298 4941 2402 4999 est,
2454 4932 2697 4985 fratres:
2751 4928 2978 4998 hujusce
3028 4927 3175 4981 enim
3221 4926 3469 4991 sceleris,

1900 5041 2035 5095 quas
2062 5026 2282 5089 videtis,
2310 5024 2380 5079 do
2420 5040 2629 5092 pwnas.

1961 5119 2083 5172 121.
2119 5117 2240 5171 Mox
2267 5115 2344 5169 illi
2375 5115 2706 5186 legationem
2733 5110 3038 5182 expediam
3060 5110 3128 5166 ad
3169 5121 3455 5169 sanctum:

1885 5208 1982 5278 qui
2015 5216 2073 5262 ut
2113 5217 2232 5263 erat
2276 5206 2585 5276 promptior
2613 5204 2681 5259 ad
2725 5203 2993 5268 dandum,
3032 5217 3196 5272 quam
3228 5202 3322 5272 qui
3370 5214 3463 5268 pe.-

1889 5302 2079 5357 tebant
2113 5301 2182 5356 ad
2219 5298 2623 5370 accipiendum,
2666 5297 2870 5366 quique
2913 5295 3084 5366 probe
3136 5300 3369 5347 noverat
3404 5291 3467 5344 il-

1886 5476 2020 5551 tibu_s
2055 5492 2262 5548 semper
2311 5475 2535 5551 aestibus
2575 5472 2903 5551 contingebat
2932 5488 3050 5527 eam
3095 5470 3246 5541 gravi
3292 5467 3457 5538 fetore

1884 5547 2160 5600 molestam
2184 5548 2419 5600 omnibus
2467 5561 2596 5600 esse.

1959 5617 2069 5685 (36)
2106 5618 2395 5671 Paradisus
2417 5617 2539 5670 urbs
2565 5613 2736 5685 Syria;
2757 5611 2904 5685 apud
2927 5606 3351 5685 Ptolonuettmjn
3367 5620 3455 5685 re-

1883 5674 2029 5758 gione
2053 5674 2380 5754 'Laodicena,
2415 5700 2518 5740 non
2554 5674 2737 5757 ρῖοειιι
2769 5674 2832 5738 ab
2861 5691 2979 5736 ortu
3011 5679 3222 5737 Orontis
3256 5674 3421 5748 ﬂuvii.
