4026 6292
581 370 720 447 3099

1787 382 1846 445 S.
1889 381 2266 443 SYMEONIS
2303 376 2661 443 JUNIORIS

3689 377 3797 442 3100

578 489 675 546 lud
709 488 765 543 in
793 488 948 544 lucro
981 503 1206 559 ponere,
1231 489 1377 558 quod
1408 489 1602 555 dabat;
1627 490 1895 546 advocato
1917 491 2161 559 discipu-

2266 487 2420 540 τοῦτο
2455 485 2642 553 σαφῶς
2693 485 2995 555 κερδαίνειν
3039 485 3195 552 είδὼς
3228 486 3256 541 ὃ
3280 484 3491 555 δίδωσι)
3526 485 3631 539 τῶν
3664 489 3790 559 paea.

577 580 760 636 lorum
806 580 901 633 uni
932 580 1048 648 (qui
1080 578 1315 648 Symeon
1356 579 1778 649 appellabatur),
1823 596 1933 634 non
1979 580 2156 634 solum

579 673 806 743 petitam
843 669 1241 740 indulgentiam
1281 670 1466 737 dedit;
1498 670 1615 736 sed,
1647 680 1707 726 ut
1730 671 1962 725 affectus
1988 669 2157 724 animi

581 764 723 820 datae
763 764 937 818 venia:
967 764 1296 832 coniunctus
1346 764 1569 818 fratrem
1598 762 1819 833 plenius
1847 762 2162 816 consolare-

581 863 713 909 tur:
747 854 913 923 Cape,
938 854 1137 924 inquit,
1177 871 1345 909 unum
1387 872 1452 910 ex
1480 856 1788 911 bcnedictis
1811 857 2069 927 panibus,
2104 864 2161 910 et

580 946 773 1001 abiens
814 962 938 1000 cum
988 946 1106 999 istis
1141 954 1297 1014 porta
1333 947 1688 1017 presbytero;
1716 956 1772 1001 et
1819 947 2059 1000 dimittet
2108 947 2163 1001 ei

579 1036 728 1090 Deus
753 1044 1041 1104 peccatum
1077 1053 1088 1087 :
1126 1050 1250 1088 nam
1277 1035 1440 1089 simul
1490 1046 1655 1106 atque
1706 1037 2047 1106 amplexatus
2068 1052 2163 1106 pa-

579 1140 705 1180 nem
741 1124 925 1185 fuerit,
953 1122 1277 1192 exspirabit.
1322 1125 1832 1194 Accepitcontinuo
1859 1126 2162 1195 discipulus

581 1213 672 1268 ille
703 1230 898 1283 panem
929 1230 995 1267 ac
1025 1216 1266 1283 portavit
1300 1233 1313 1267 :
1353 1215 1420 1268 ad
1453 1218 1608 1280 cuius
1642 1216 1986 1284 praesentiam
2017 1229 2161 1285 aeger

578 1307 910 1375 resipiscens
944 1306 1160 1375 sibique
1182 1307 1451 1371 redditus,
1477 1308 1657 1361 libens
1683 1309 1950 1362 ambabus
1982 1306 2159 1360 mani-

578 1397 683 1452 bus
718 1413 913 1467 panem
957 1398 1381 1467 apprehendens
1427 1399 1708 1454 osculatus
1758 1407 1861 1463 est,
1899 1409 2064 1469 atque
2106 1401 2163 1452 in

579 1493 698 1561 ipso
727 1491 979 1560 amplexu
1006 1491 1262 1559 spiritum
1292 1489 1570 1544 reddidit:
1600 1490 1832 1545 dixisses
1858 1490 2163 1559 cmigrandi

578 1580 894 1636 facultatem
928 1590 1054 1636 ante
1087 1597 1197 1635 non
1221 1581 1475 1635 obtinere
1500 1582 1769 1651 potuisse,
1805 1582 1900 1636 sed
1934 1582 2000 1636 ad
2043 1597 2165 1651 gra-

578 1673 730 1728 viora
761 1673 1084 1729 sustinenda
1121 1674 1393 1729 violenter
1437 1672 1760 1739 detentum;
1793 1673 1971 1728 donec
2000 1689 2030 1727 a
2060 1673 2163 1745 Sy-

579 1782 962 1837 meone,quem
981 1769 1189 1823 scilicet
1209 1767 1563 1836 blasphemus
1577 1766 1904 1837 impetierat,
1920 1784 1951 1821 c
1966 1782 2162 1835 corpo-

584 1871 641 1910 re
669 1856 970 1911 excedendi
994 1859 1155 1911 venia
1178 1862 1587 1926 apportaretur.
1613 1855 1788 1924 Atque
1809 1856 1913 1910 hoc
1939 1857 2159 1925 quidem

580 1945 679 2002 Dei
703 1962 844 2016 opus
867 1956 973 2013 est,
1004 1948 1135 2002 hinc
1162 1948 1436 2016 promissa
1466 1964 1563 2004 sua
1597 1948 1876 2016 implentis
1903 1954 1959 2002 et
1990 1948 2164 2002 hono-

581 2036 736 2091 rifice
760 2037 1118 2107 glorificantis
1146 2039 1290 2103 illos,
1315 2039 1409 2109 qui
1434 2038 1611 2109 ipsum
1634 2038 1941 2108 glorificare
1963 2052 2165 2107 propo-

582 2129 748 2184 situm
778 2130 1019 2195 habent,
1054 2130 1181 2185 inde
1208 2147 1342 2185 vero
1367 2132 1696 2201 corrigentis
1743 2130 2163 2199 revocantisque

582 2220 652 2275 ad
680 2220 911 2290 frugem,
937 2237 1035 2291 per
1066 2221 1327 2276 inﬂictam
1360 2222 1495 2276 huic
1536 2222 1738 2276 misero
1764 2235 2003 2291 poenam,
2042 2221 2164 2275 illos

582 2313 676 2382 qui
705 2312 892 2382 inique
913 2322 1117 2384 agunt:
1139 2313 1194 2367 id
1214 2328 1347 2368 vero
1375 2312 1654 2383 quomodo
1685 2313 1797 2377 flat,
1826 2311 2167 2366 narrandum

581 2418 692 2458 non
733 2411 837 2459 est.

654 2494 776 2549 122.
828 2492 1072 2566 Contigit
1104 2495 1159 2550 in
1187 2495 1325 2552 locis
1350 2496 1650 2560 montanis,
1684 2494 1942 2553 feminam
1974 2512 2167 2567 quam-

582 2584 705 2639 dam
739 2600 933 2654 parere
965 2586 1230 2642 infantem
1262 2597 1372 2641 tam
1402 2603 1631 2653 caecum,
1662 2596 1722 2642 ut
1746 2588 2033 2643 oculorum
2063 2603 2166 2642 ne-

579 2691 690 2748 que
724 2687 908 2747 partes
939 2679 1079 2746 imae,
1122 2696 1302 2750 neque
1349 2681 1535 2747 orbes,
1566 2695 1745 2749 neque
1791 2680 2019 2749 vestigia
2055 2679 2165 2733 ulla

581 2768 639 2821 in
674 2768 810 2823 facie
841 2785 1099 2840 expressa
1125 2772 1470 2827 viderentur.
1510 2772 1654 2827 Hinc
1696 2766 1954 2840 parentes
2000 2786 2158 2825 acer-

582 2856 799 2914 bissimi
840 2860 1052 2916 doloris
1106 2863 1215 2917 telo
1262 2863 1455 2928 saucii,
1510 2862 1765 2917 tollentes
1792 2878 2050 2932 puerum,
2088 2862 2166 2916 la-

583 2964 800 3022 crymas
818 2951 986 3005 ctiam
1014 2953 1083 3008 ab
1111 2953 1288 3009 oculis
1310 2954 1446 3007 nihil
1471 2955 1534 3009 ad
1565 2970 1622 3009 se
1643 2955 1996 3010 attinentium
2018 2955 2165 3010 ciere

585 3042 882 3103 valentem,
915 3043 983 3096 ad
1007 3045 1188 3100 virum
1216 3056 1466 3101 sanctum
1504 3047 1833 3110 accelerant,
1861 3048 2076 3103 unicam
2109 3048 2164 3103 in

2261 579 2369 633 τῶν
2424 577 2519 631 ἕνα
2573 577 2829 640 καλέσας,
2880 574 3105 645 Συμεὼν
3157 578 3256 648 τὴν
3304 576 3694 648 προσηγορίαν,
3722 580 3792 648 ob;

2261 670 2448 734 ἁπλῶς
2494 668 2677 721 δίδωσι
2719 669 2944 739 ταύτην,
2991 668 3105 722 ἀλλ’
3137 669 3224 723 ἵνα
3253 669 3345 721 καὶ
3378 668 3625 732 διάθεσις
3657 668 3793 739 ψυχῆς

2259 763 2323 830 τῇ
2351 756 2653 830 συγγνώμῃ
2683 760 2881 827 προσῇ,
2915 758 3005 812 τὸν
3035 759 3388 827 ἀδελφὸν-ἐπὶ
3437 759 3604 813 πλέον
3640 760 3797 829 πληρο-

2264 850 2530 922 φοροῦσα,
2560 848 2722 915 Ἕνα,
2743 849 2899 920 φησὶ,
2922 849 3033 901 τῶν
3050 849 3149 919 τῆς
3166 850 3421 918 είιλογίας
3440 851 3622 921 ἄρτων
3642 850 3795 911 λαϐὼν,

2260 941 2414 997 ἄπιθι
2473 944 2572 996 σὺν
2632 943 2816 1007 αὐτοῖς
2883 942 3122 1011 κομίζων
3180 942 3257 1013 τῷ
3314 944 3691 1014 πρεσὸυτέρῳ,
3730 944 3797 995 καὶ

2262 1033 2595 1103 ἀφεθήσεται
2623 1032 2771 1103 αὐτῷ
2804 1035 2838 1105 ἡ
2868 1033 3115 1105 ἁμαρτία
3143 1035 3295 1105 παρὰ
3315 1034 3485 1088 Θεοῦ’
3519 1033 3797 1103 ἀσπασάμε-

2222 1121 2351 1186 ’νος
2378 1124 2485 1193 γὰρ
2519 1125 2612 1176 τὸν
2651 1124 2816 1193 ἄρτον
2855 1124 3016 1188 εὐθὺς
3054 1126 3464 1180 ἀναπαύσεται.
3516 1126 3620 1178 Τοῦ
3655 1125 3703 1177 δὲ
3736 1126 3799 1177 τὸν

2263 1216 2428 1286 ἄρτον
2449 1216 2647 1269 αὐτίκα
2670 1215 2929 1278 λαϐόντος
2959 1218 3054 1269 καὶ
3084 1218 3435 1286 κομίσαντος,
3470 1217 3606 1289 πρὸς
3632 1218 3717 1287 τὴν
3733 1217 3801 1269 αὑ·

2263 1307 2357 1360 τοῦ
2383 1306 2682 1377 παρουσίαν
2715 1308 2921 1369 ἐκεῖνος
2943 1309 3272 1376 ἀνενεγκὼν,
3295 1310 3556 1380 ἀσμένως
3576 1327 3629 1362 τε
3658 1310 3801 1378 χερσὶν

2265 1398 2605 1468 ἀμφοτέραις
2625 1395 2917 1463 δεξάμενος
2946 1398 3041 1451 καὶ
3067 1399 3320 1468 φιλήσας,
3349 1400 3728 1453 συναποδίδωσι
3748 1401 3801 1468 τῷ

2265 1488 2544 1559 ἀσπασμῷ
2595 1490 2691 1542 καὶ
2737 1489 2795 1540 τὸ
2842 1488 3079 1557 πνεῦμα,
3126 1488 3377 1561 καθάπερ
3424 1492 3717 1560 ἐκδημῆσαι
3748 1492 3802 1560 μὴ

2268 1577 2736 1648 συγχωρούμενον,
2784 1576 2921 1631 ἀλλὰ
2978 1578 3072 1631 καὶ
3127 1578 3413 1649 βιαιότατα
3465 1564 3800 1649 κατεχόμειον,

2267 1671 2363 1723 καὶ
2411 1669 2768 1739 χαλεπώτατα
2819 1669 3044 1740 πάσχον,
3075 1671 3179 1735 ἕως
3226 1672 3378 1741 παρὰ
3426 1673 3524 1725 τοῦ
3567 1673 3699 1725 θείου
3729 1674 3802 1725 Συ-

2271 1761 2437 1833 μεὼν,
2472 1762 2552 1822 είς
2586 1760 2645 1813 ὃν
2679 1759 2877 1831 δηλαδὴ
2914 1764 3007 1815 καὶ
3048 1764 3115 1816 τὰ
3147 1765 3244 1834 τῆς
3278 1765 3653 1835 βλασφημίας,
3680 1769 3706 1834 ἡ
3736 1765 3802 1817 λύ-

2270 1870 2354 1916 σις
2407 1852 2675 1923 ἀφίκοιτο.
2723 1850 2881 1905 Ἀλλὰ
2934 1852 3090 1906 τοῦτο
3150 1855 3249 1924 μὲν
3306 1857 3643 1925 πληροῦντός
3693 1859 3802 1911 ἔστω

2266 1944 2474 1998 οἰκείαν
2526 1943 2620 1997 τοῦ
2671 1941 2809 1995 θεοῦ
2851 1944 3132 1999 κάνταῦθα
3163 1947 3525 2015 ἐπαγγελίαν,
3563 1951 3653 2002 καὶ
3689 1947 3805 2016 cptio-

2264 2039 2439 2107 τίμως
2492 2038 2806 2104 δοξάζοντος
2861 2035 2987 2097 τοὺς
3043 2037 3208 2090 αὐτὸν
3244 2038 3491 2104 δοξάζειν
3530 2039 3804 2110 προῃρημέ-

2266 2145 2390 2192 νους
2409 2146 2422 2160 ·
2452 2129 2587 2198 πρὸς
2610 2130 2668 2182 δὲ
2695 2130 2787 2182 καὶ
2810 2129 2934 2191 τοὺς
2959 2128 3234 2191 ἀσυνέτως
3264 2128 3511 2198 ἔχοντας,
3541 2130 3625 2182 διὰ
3647 2130 3730 2197 τῆς
3747 2131 3804 2192 εἰς

2268 2222 2473 2273 ἐκεῖνον
2516 2222 2750 2293 πληγῆς,
2796 2220 3221 2291 σωφρονίζοντος
3244 2237 3258 2252 ·
3305 2223 3492 2276 ἐκεῖνο
3520 2222 3611 2276 καὶ
3641 2221 3739 2284 πῶς
3757 2220 3800 2274 οὔ

2264 2307 2563 2380 διηγητέονι
2577 2326 2591 2339 ·

2341 2492 2478 2564 ρκβ’.
2509 2494 2714 2565 Συνέϐη
2751 2495 2892 2549 κατὰ
2920 2496 3021 2567 τὴν
3048 2495 3264 2567 ὀρεινὴν
3287 2497 3530 2564 γυναῖκά
3556 2510 3667 2549 τινα
3701 2507 3799 2547 1m-

2264 2585 2375 2639 δίον
2403 2589 2579 2638 τεκεῖν
2608 2586 2749 2639 οὕτω
2770 2587 2988 2656 τυφλὸν,
3017 2588 3091 2651 ὡς
3135 2589 3270 2659 μηδὲ
3326 2588 3618 2658 ὀφθαλμῶν
3636 2581 3798 2653 πυθμέ-

2266 2693 2385 2739 νας.
2428 2677 2566 2746 μηδὲ
2625 2677 2963 2747 κοιλότητας,
3001 2679 3135 2748 μηδὲ
3193 2681 3315 2749 ῐχνη
3347 2679 3555 2734 τούτων
3580 2677 3652 2747 τῷ
3679 2688 3798 2745 προς·

2267 2764 2403 2836 ώπῳ
2429 2766 2850 2822 ἐντετυπῶσθαι.
2891 2768 3086 2830 Βέλους
3114 2768 3294 2821 τοίνυν
3324 2770 3642 2840 πικρότερον
3664 2766 3705 2818 oi
3729 2780 3795 2816 τεο

2268 2859 2453 2920 κόντες
2479 2857 2792 2928 βαλλόμενοι
2824 2858 2892 2913 τὰ
2950 2860 3254 2930 σπλάγχνα,
3307 2860 3511 2933 φόρτον
3572 2859 3793 2929 ἀράμενοι

2266 2949 2326 3001 τὸ
2357 2948 2572 3019 βρέφος,
2602 2949 2821 3019 δάκρυα·
2842 2951 2938 3004 καὶ
2967 2951 3132 3020 μηδὲν
3161 2953 3532 3021 προσήκουσιν
3555 2946 3795 3017 ὀφθαλμοῖς

2268 3044 2435 3093 κινεῖν
2483 3040 2802 3108 δυνάμενον,
2849 3043 3003 3111 παρὰ
3035 3044 3125 3096 τὸν
3163 3042 3303 3096 θεῖον
3346 3042 3604 3114 ὥρμηντο
3648 3037 3793 3091 τοῦτον

585 3130 891 3200 desperatis
921 3146 1095 3200 spem.
1119 3132 1255 3187 Cum
1293 3142 1477 3188 autem
1503 3135 1777 3190 enitentes
1807 3135 1861 3189 in
1899 3148 2163 3203 montem,

2269 3130 2461 3200 ἄνδρα,
2497 3130 2594 3199 τὴν
2632 3129 2801 3199 μόνην
2831 3131 2891 3183 ἐν
2919 3132 3220 3200 ἀμηχάνοις
3246 3130 3460 3185 ἐλπίδα.
3508 3132 3590 3192 Ὠς
3623 3124 3702 3180 οὖν
3725 3127 3791 3214 av:

588 3222 858 3290 tantisper
877 3222 1123 3275 laborem
1152 3223 1368 3278 itineris
1387 3224 1573 3293 quiete
1614 3225 1869 3290 levaturi,
1893 3228 2170 3282 subsedis-

585 3321 744 3376 sent,
779 3320 1016 3367 cernunt
1046 3321 1099 3383 (ο
1137 3314 1527 3369 suavissimum
1581 3318 1956 3387 spectaculum
1994 3320 2171 3374 oculis

585 3412 877 3476 parentum
903 3406 968 3473 l),
997 3416 1232 3461 cernunt
1256 3422 1488 3476 puerum
1513 3407 1718 3463 habere
1742 3411 1932 3466 oculos
1960 3422 2171 3467 naturae

587 3511 884 3564 congruos,
939 3496 1168 3567 acieque
1202 3506 1353 3553 recte
1398 3499 1652 3555 ordinata
1690 3501 1936 3557 intueri:
1974 3518 2038 3557 ac
2080 3519 2169 3558 se-

586 3587 765 3657 posita
807 3586 958 3641 omni
1009 3603 1184 3654 mora,
1216 3590 1561 3646 contentiore
1608 3593 1780 3661 gradu
1822 3593 1891 3647 ad
1921 3603 2170 3649 sanctum

586 3678 871 3744 festinant,
899 3681 1223 3735 nuntiantes
1248 3681 1688 3739 misericordiam
1724 3693 1781 3739 et
1814 3685 2088 3740 mirabilia
2118 3687 2170 3742 ei

587 3786 704 3829 sua.
738 3773 817 3828 lla
851 3791 966 3829 non
995 3789 1122 3830 raro
1142 3778 1315 3846 gratia
1341 3776 1599 3850 Symeoni
1628 3777 1844 3832 coalitus
1874 3776 1999 3832 data
2034 3793 2173 3848 pra:-

586 3867 755 3920 vertit
792 3867 1090 3922 adventum
1122 3870 1390 3925 medelam
1421 3870 1748 3940 petentium,
1783 3878 2027 3940 spectata
2073 3885 2171 3925 eo-

590 3970 713 4009 rum
759 3956 929 4012 animi
955 3960 1424 4030 promptitndinc;
1461 3968 1518 4014 et
1557 3960 1874 4030 priusquam
1900 3959 2002 4029 ipsi
2030 3962 2171 4030 peti-

587 4044 796 4099 tionem
847 4062 1002 4101 suam
1052 4052 1433 4112 enuntiarent,
1464 4049 1557 4104 illa
1588 4049 1793 4103 donum
1825 4049 2167 4105 conferebat.

589 4130 793 4187 Verum
828 4135 953 4202 quis
979 4144 1141 4192 tantae
1165 4137 1220 4192 in
1254 4138 1490 4193 dicendo
1522 4137 1791 4193 facundiae
1830 4145 1996 4208 atque
2039 4152 2177 4193 con-

590 4223 871 4289 tentionis,
901 4234 962 4280 ut
988 4227 1311 4283 varietatem
1346 4245 1411 4284 ac
1437 4228 1847 4283 multitudinem
1875 4228 2169 4283 miraculo-

590 4325 711 4365 rum
742 4314 863 4383 ejus
893 4313 1229 4370 sufficienter
1257 4318 1533 4384 exponat?

661 4403 784 4457 125.
820 4403 1014 4458 Mulier
1047 4405 1296 4474 quaedam
1326 4407 1380 4460 in
1413 4406 1599 4461 Rboso
1633 4405 1744 4477 (57)
1773 4396 2166 4471 Ciliciaa’urbe,

2274 3221 2442 3283 ιόντες
2465 3219 2553 3273 διὰ
2589 3218 2681 3273 τοῦ
2710 3219 2870 3288 ὅρους
2899 3220 3178 3286 ἐκάθισαν,
3202 3221 3347 3274 ὥστε
3381 3223 3477 3273 τὸν
3503 3223 3563 3273 ὲκ
3595 3218 3682 3285 τῆς
3702 3210 3793 3266 θεοῦ

2272 3314 2432 3366 πόνον
2499 3312 2670 3382 βραχύ
2720 3330 2773 3365 τι
2826 3313 3210 3373 διαναπαῦσαι,
3276 3314 3481 3382 δρῶσιν
3532 3309 3605 3381 (ὣ
3640 3306 3794 3377 γονέων

2269 3403 2562 3473 ὀφθαλμοῖς
2595 3403 2813 3472 ἡδίστου
2859 3403 3202 3474 θεάματοςί)
3255 3402 3481 3473 ἔχοντας
3533 3401 3603 3470 τῷ
3639 3394 3792 3462 παιδίῳ

2269 3495 2394 3556 τοὺς
2427 3493 2736 3563 ὀφθαλμοὺς
2765 3496 2902 3549 κατὰ
2954 3497 3135 3564 φύσιν,
3162 3495 3461 3563 ὑγιαίνοντί
3491 3513 3546 3549 τε
3575 3492 3790 3563 βλέμματι

2272 3584 2603 3654 βλέποντας·
2645 3586 2740 3639 καὶ
2784 3588 3121 3659 παραχρῆμα
3173 3588 3546 3657 συντονωτέρᾳ
3581 3584 3695 3653 πρὸς
3723 3578 3790 3631 τδν

2276 3679 2431 3746 ἅγιον
2491 3682 2556 3750 τῇ
2595 3679 2789 3749 πορεία
2829 3680 3090 3750 ἐχρῶντο,
3139 3680 3573 3748 ἀπαγγέλλοντες
3613 3675 3671 3727 τὰ
3698 3670 3788 3736 Elin

2271 3772 2363 3823 καὶ
2406 3770 2476 3823 τὰ
2517 3770 2795 3839 θαυμάσια
2848 3770 3037 3825 αὐτοῦ.
3063 3769 3250 3833 Οὕτως
3286 3774 3316 3841 ἡ
3359 3774 3498 3844 παρ’
3517 3766 3648 3838 αὖτῷ
3671 3765 3787 3834 χάρις

2270 3862 2476 3916 ἄνωθεν
2517 3865 2616 3933 τὴν
2660 3862 2768 3915 τῶν
2797 3863 3095 3917 αἰτούντων
3124 3863 3385 3926 πολλάκις
3420 3863 3606 3932 ἔφθανε
3632 3870 3789 3924 παρου-

2273 3953 2415 4018 σίαν,
2460 3955 2527 4022 τῇ
2572 3955 2672 4021 τῆς
2725 3954 2955 4025 καρδίας
3012 3954 3300 4026 ἑτοιμασίᾳ
3354 3952 3688 4024 προσέχουσα,
3718 3942 3786 3996 καὶ

2271 4041 2400 4111 πρὶν
2425 4040 2458 4111 ἢ
2480 4041 2578 4110 τὴν
2599 4042 2812 4111 αἴτησιν
2841 4043 3080 4107 ἐκείνους
3107 4042 3317 4106 θέσθαι,
3343 4045 3481 4114 αὐτὴ
3512 4044 3602 4112 τὴν
3629 4032 3785 4103 δωρεὰν

2273 4129 2645 4201 ἐκπληροῦσα.
2689 4131 2849 4185 Ἀλλὰ
2904 4132 2988 4195 τίς
3022 4128 3165 4184 οὕτω
3204 4130 3423 4198 γλῶττα
3477 4122 3677 4197 περιττὴ
3717 4115 3783 4170 καὶ

2271 4222 2572 4292 φιλότιμος,
2595 4222 2672 4287 ὼς
2696 4223 2759 4276 τὺ
2796 4223 3048 4277 ποικίλον
3061 4222 3283 4276 ἑκείνου.
3300 4222 3413 4276 τῶν
3439 4217 3696 4290 θαυμάτων
3716 4204 3784 4263 καὶ

2271 4314 2551 4376 πολυειδὲς
2583 4314 2782 4379 ίκανῶς
2815 4315 3166 4385 παραστῆσαι
3183 4332 3210 4381 ς

2345 4411 2485 4475 ρκγα
2514 4405 2656 4477 Γυνὴ
2678 4407 2789 4478 γάρ
2823 4424 2905 4470 τις
2939 4408 2998 4460 ἐν
3031 4407 3228 4476 Ῥοσῷ,
3262 4407 3431 4468 πόλει,
3449 4406 3541 4474 τῆς
3564 4393 3779 4456 Κιλικίας,

589 4493 904 4548 Thcotecna
932 4496 1224 4564 appellata,
1246 4497 1355 4566 jam
1382 4497 1510 4553 inde
1536 4513 1566 4551 a
1592 4498 1772 4566 puella
1800 4497 2033 4551 daamoni
2062 4497 2165 4552 ob-

2271 4496 2441 4566 δνομα
2502 4496 2791 4560 Θεοτέκνα,
2831 4496 3094 4567 δαιμονίῳ
3153 4497 3429 4567 πνεύματι
3489 4497 3689 4561 κάτοχος
3731 4485 3775 4534 ὲκ

586 4584 776 4647 noxia,
821 4585 1081 4640 eumdem
1125 4586 1462 4655 procedente
1508 4595 1669 4642 aetate
1717 4587 1870 4640 velut
1911 4587 2169 4641 comitem

589 4673 854 4737 habebat,
893 4690 998 4729 nec
1027 4691 1056 4729 a
1083 4690 1205 4730 sese
1233 4692 1475 4747 unquam
1506 4676 1875 4740 recedentem,
1917 4676 2027 4730 imo
2049 4692 2172 4746 gra-

588 4764 814 4821 vissime
841 4766 1009 4821 etiam
1034 4767 1349 4823 turbantem
1377 4777 1433 4822 et
1451 4768 1691 4839 linguam
1717 4767 2087 4823 miserabilem
2114 4768 2170 4822 in

589 4858 813 4911 modum
837 4858 1156 4914 laniantem.
1177 4859 1602 4916 Cohabitavcrat
1624 4861 1714 4915 illa
1740 4862 1859 4915 viro
1876 4862 1988 4932 jam
2012 4861 2170 4915 annis

589 4947 805 5018 viginti,
832 4950 1120 5005 sterilitate
1150 4961 1206 5006 et
1228 4952 1495 5007 daemonis
1529 4953 1814 5007 vexatione
1867 4953 2165 5021 castigata;

589 5052 824 5108 cumque
857 5041 1007 5095 nulla
1030 5041 1256 5097 daretur
1302 5059 1330 5097 a
1360 5043 1538 5113 poenis
1583 5043 1840 5107 cessatio,
1872 5042 2166 5112 impatiens

589 5127 855 5200 longioris
881 5132 1305 5189 cohabitationis
1330 5135 1416 5188 vir
1442 5150 1576 5189 suus
1633 5133 1783 5188 illam
1827 5131 2161 5202 repudiavit.

591 5218 841 5283 Quatuor
866 5231 987 5289 post
1009 5223 1124 5278 bmc
1145 5224 1465 5281 eilluxerant
1492 5229 1644 5295 anni,
1683 5230 1801 5283 viro
1821 5232 1957 5285 alias
1984 5231 2164 5288 nullas

592 5312 813 5402 nuptias
844 5313 1141 5377 ambiente,
1181 5318 1401 5384 quando
1433 5319 1524 5372 illa
1553 5319 1619 5373 ad
1651 5332 1900 5375 sanctum
1934 5322 2166 5393 Syrtico-

587 5413 715 5454 nem
745 5408 979 5472 ejusque
1039 5403 1524 5475 mexpugnabilcm
1570 5404 1840 5459 adversus
1897 5405 2163 5476 hujusce-

589 5491 740 5547 modi
773 5494 915 5549 mala
939 5494 1202 5550 virtutem
1230 5494 1496 5565 confugit.
1522 5494 1772 5566 Cumque
1802 5497 2034 5567 propius
2046 5499 2155 5570 jam

590 5579 863 5640 abesscta
906 5587 1185 5655 columna,
1242 5596 1627 5659 spectaretque
1670 5597 1922 5644 sanctum
1979 5599 2036 5646 et
2084 5592 2153 5648 ab

2283 4588 2472 4651 παιδὸς
2532 4589 2823 4659 γενομένη,
2858 4588 3155 4660 σύγχρονόν
3199 4605 3256 4641 τε
3304 4589 3410 4659 τῆς
3455 4585 3651 4659 ἡλικίας
3693 4576 3774 4629 ὥσ·

2278 4696 2385 4750 περ
2440 4679 2573 4732 αὐτὸ
2635 4680 2729 4733 καὶ
2809 4681 3079 4749 μηδέποτε
3153 4680 3598 4750 διαζευγνύμεναι
3654 4663 3777 4731 αὐτῆς

2273 4772 2494 4841 ἔχουσα,
2530 4769 2665 4824 ἀλλὰ
2716 4770 2905 4833 δεινῶς
2965 4772 3138 4841 αὐτὴν
3192 4772 3566 4844 καταρῤἧσσον
3594 4762 3671 4818 καὶ
3705 4754 3775 4820 τῆς

2272 4861 2519 4932 γλώττης
2548 4861 2795 4914 οἴκτιστα
2821 4863 3260 4932 παραπτόμενον.
3290 4861 3435 4932 Αὕτη
3470 4858 3554 4913 καὶ
3592 4844 3774 4908 είκοστδν

2274 4953 2396 5016 ἔτος
2444 4952 2600 5023 ἀνδρὶ
2654 4954 3044 5024 συνοικήσασα,
3082 4956 3175 5006 καὶ
3214 4953 3441 5024 ἀτεκνίᾳ
3471 4948 3597 5021 μετὰ
3628 4940 3707 5007 τῆς
3730 4934 3773 5024 ἐκ

2267 5045 2366 5099 τοῦ
2406 5022 2658 5115 δαίμονος
2679 5022 2944 5118 ἐπηρείας
2975 5047 3008 5115 ή
3039 5045 3311 5099 Θεοτέκνα
3349 5022 3701 5114 μαστιζομένην
3720 5022 3772 5118 φῖ

2277 5138 2534 5208 οὐδεμίαν
2604 5115 2825 5209 εὕρισκε
2871 5135 2967 5191 τοῦ
3017 5137 3222 5201 πάθους
3265 5132 3590 5203 ἀπαλλαγὴν,
3638 5115 3769 5174 οὐκέτι

2277 5228 2519 5300 φορητῆς
2548 5227 2717 5296 οὔσης
2747 5229 2943 5297 ἐκείνῳ
2986 5228 3086 5296 τῆς
3117 5228 3501 5295 συνοικήσεως,
3536 5210 3769 5274 amulum

2278 5320 2409 5390 παρ’
2441 5318 2631 5375 αὐτοῦ.
2661 5320 2936 5391 Τετάρτου
2960 5318 3139 5372 τοίνυν
3184 5316 3387 5389 μεταξῦ
3416 5305 3768 5391 διαρρεύσαντοξ

2275 5380 2485 5481 χρόνον,
2509 5413 2538 5464 ὁ
2570 5411 2668 5476 μὲν
2691 5380 2830 5482 ἀνὴρ
2862 5409 3133 5481 δευτέρων
3163 5380 3225 5462 ἑο
3253 5380 3765 5482 πεπείρατο-γάμῳνοή

2266 5479 2323 5556 δὲ
2351 5505 2489 5575 πρὸς
2524 5504 2619 5559 τὸν
2644 5479 3040 5573 θεῖονΠΣυμεὼν
3063 5501 3419 5570 καταφεύγει,
3445 5495 3530 5552 καὶ
3555 5479 3764 5575 ’ἀγάθ’

2261 5612 2354 5665 χον
2383 5565 2594 5651 ἐκείνου
2639 5595 2784 5650 κατὰ
2825 5565 2936 5650 τεόν
2972 5565 3232 5649 τοιούτων
3263 5565 3433 5665 ίσνύν.
3468 5583 3600 5642 Ἐπεὶ
3622 5574 3666 5629 δὲ
3694 5565 3763 5635 ἤδη

662 5692 920 5783 ξηροί
935 5698 1109 5783 ipsum
1144 5698 1472 5783 miraculum‘
1499 5716 1595 5783 (exn
1608 5702 1824 5756 concilio
1863 5721 1898 5758 ιι
1944 5704 2155 5762 Nicwno
2198 5724 2360 5779 supra
2394 5713 2554 5765 etiam
2591 5712 2828 5766 dedimus
2853 5710 2878 5783 §
2908 5712 2969 5778 7;
3000 5712 3063 5764 de
3094 5710 3278 5765 Rhoso
3303 5717 3471 5765 autem
3503 5714 3582 5755 se"
3606 5688 3761 5747 mw”

591 5759 718 5813 urbe
739 5759 980 5818 similiter
1006 5775 1179 5819 actum
1203 5784 1365 5837 supra
1398 5779 1472 5821 est
1497 5768 1524 5838 §
1562 5769 1615 5820 2.
1660 5814 1669 5821 .
