3980 6296
157 359 298 466 ειόι

1184 403 1358 468 νΙΤᾹ
1395 407 1444 467 Α
1480 406 1918 472 NICEPHORO
1957 416 2423 481 CONSCRIPTA

3288 421 3429 487 3102

156 511 256 566 τοῦ
279 512 476 567 στύλου
503 513 735 585 πλησίον
763 512 927 579 ἔλθοι,
960 514 1057 570 ῐδοι
1080 532 1138 569 τε
1168 517 1259 570 τὸν
1308 518 1480 586 μέγαν
1511 519 1606 570 καὶ
1640 516 1733 570 ὑπ’

1859 535 1959 589 pso
2013 534 2360 595 spectaretur
2421 526 2697 593 vicissim,
2746 542 2856 582 non
2928 528 3111 585 ferens
3173 530 3424 590 diabolus

157 603 327 658 αὐτοῦ
356 605 596 678 θεαθείη,
625 608 724 679 τὴν
780 607 1054 679 ἐγγύτητα
1104 607 1164 661 τὸ
1198 608 1475 676 δαιμόνιον
1507 608 1601 661 καὶ
1638 609 1739 678 τὴν

160 694 293 750 θέαν
350 697 540 770 ὥσπερ
590 701 689 753 οὐκ
725 700 970 768 ὲνεγκὸν,
1003 699 1203 770 ἤρξατο
1236 699 1424 764 δεινῶς
1457 700 1740 771 ἐκμαίνειν

159 790 258 843 καὶ
319 789 542 862 βρύκειν
583 794 827 864 ἐσχάτως
855 811 914 846 τε
947 794 1043 864 τὴν
1102 795 1337 861 γυναῖκα
1384 794 1739 864 σπαράττειν,

160 879 275 943 καὶ,
313 882 377 933 Ὦ
413 880 782 951 βία,κράζειν,
805 883 994 953 ἄγριόν
1019 900 1069 936 τι
1103 885 1198 936 καὶ
1232 885 1426 954 κομιδῇ
1470 885 1737 957 μεμηνὸς,

160 968 215 1021 τί
253 986 345 1038 μοι
400 973 533 1041 πρὸς
582 972 641 1024 σὲ
684 974 937 1025 τοσοῦτον
983 973 1319 1043 ἡμάρτηται,
1348 974 1429 1027 ὅτι
1475 992 1542 1044 με
1572 976 1744 1046 χωρί-

162 1060 278 1121 ζεις
309 1063 407 1132 τῆς
459 1063 696 1133 ἐμαυτοῦ
751 1066 1009 1134 γυναικός
1036 1084 1051 1131 ;
1082 1068 1111 1118 ὁ
1152 1066 1346 1135 μιαρὸς
1389 1064 1466 1135 τῷ
1527 1067 1642 1120 δντι
1673 1070 1743 1124 τά

165 1153 339 1222 μιαρὲ
379 1154 767 1224 φθεγγόμενος,
807 1157 925 1210 Ἵνα
954 1159 1008 1209 τί
1048 1155 1126 1222 δὲ,
1158 1157 1316 1227 φησὶ,
1349 1159 1442 1211 καὶ
1472 1159 1640 1211 παῖδα
1665 1158 1744 1212 δίει

160 1240 269 1305 δως
307 1242 442 1311 αὐτῇ
463 1284 476 1308 ,
516 1246 705 1300 ἅπαιδι
737 1248 1023 1312 τοσούτους
1056 1247 1115 1314 ἐξ
1146 1248 1277 1317 ἐμοῦ
1302 1249 1529 1318 χρόνους
1559 1267 1737 1319 μεμε·-

163 1335 406 1406 νηκυίᾳ;
461 1337 665 1391 Ἐδόκει
732 1338 842 1408 γὰρ
897 1341 962 1408 τῇ
1024 1339 1247 1405 γυναικὶ
1311 1340 1636 1409 τηνικαῦτα,
1670 1340 1745 1403 ὡς

162 1423 304 1491 μετὰ
364 1424 538 1478 ταῦτα
596 1426 814 1496 νήψασα
860 1426 1131 1496 ἐξηγεῖτο,
1192 1428 1356 1481 αὐτὸν
1417 1427 1606 1499 ὥσπερ
1648 1431 1739 1484 τὸν

160 1514 317 1584 ἅγιον
346 1516 574 1584 λέγοντα
609 1518 833 1571 τοιαῦτα
896 1520 1027 1590 ὁρᾷν
1053 1535 1067 1549 ·
1092 1521 1164 1573 Σὺ
1196 1520 1316 1590 μὲν,
1351 1521 1568 1592 πνεῦμα
1613 1540 1746 1575 πον-

156 1606 316 1676 ηρὺν,
343 1607 409 1659 ὲκ
440 1608 539 1677 τῆς
574 1609 832 1674 γυναικὸς
864 1608 961 1663 καὶ¹
1006 1609 1136 1664 ᾰκον
1191 1610 1512 1683 ἀπελαθήσῃ
1556 1629 1572 1644 ο
1605 1611 1744 1682 αὐτὴ

158 1694 217 1748 δὲ
242 1695 378 1765 πρὸς
406 1697 505 1750 τὸν
533 1698 738 1752 οἰκεῖον
779 1698 1099 1769 ἐπιστρέψει
1153 1700 1342 1770 ἄνδρα,
1372 1701 1466 1754 καὶ
1520 1702 1749 1755 παιδίον

159 1787 345 1852 αὐτοῖς
389 1789 483 1842 τοῦ
549 1790 802 1854 ἐπιόντος
860 1789 1016 1853 ἔτους
1077 1791 1390 1862 γενήσεται.
1435 1790 1494 1845 '0
1526 1770 1624 1862 μὲν
1652 1792 1744 1846 οὖν

1842 628 2204 684 congressum
2229 626 2284 672 et
2315 627 2608 688 aspectum
2646 616 2825 683 illum,
2872 619 3042 687 cmpit
3098 622 3426 677 terribiliter

1842 705 2050 772 furere,
2088 708 2363 775 frendere,
2391 725 2457 765 ac
2481 709 2768 765 mulierem
2820 710 3169 780 discerpens,
3198 711 3242 766 Ο
3276 714 3423 770 vim!

1843 799 2162 868 vociferari,
2215 810 2270 857 et
2324 803 2523 873 agresti
2577 818 2808 872 prorsus
2859 804 3025 859 modo
3087 803 3428 861 furibundus

1843 893 2189 949 exclamare:
2224 894 2380 962 Quod
2418 911 2601 950 meum
2630 903 2846 951 tantum
2886 898 2940 953 in
2966 909 3015 953 te
3030 907 3429 968 peccatum,ut

1844 997 1910 1036 ex
1931 982 2034 1036 hac
2065 999 2185 1037 mea
2216 1000 2301 1038 me
2317 985 2548 1039 muliere
2582 986 2843 1055 ableges?
2876 987 2942 1039 Et
2962 987 3426 1056 quemadmodum

1804 1144 1816 1155 .
1845 1069 2026 1124 istle
2064 1073 2246 1126 scelus
2263 1088 2371 1127 non
2394 1072 2642 1143 loquitur
2668 1075 2771 1129 nisi
2797 1077 3003 1131 scelera
3030 1094 3042 1130 :
3068 1078 3198 1142 Cur,
3226 1078 3424 1146 inquit,

1844 1161 2180 1217 fecunditate
2215 1164 2364 1218 illam
2392 1165 2587 1227 donas,
2623 1173 2702 1220 tot
2723 1168 2834 1236 jam
2864 1168 3023 1221 annis
3053 1168 3269 1223 artibus
3290 1167 3428 1222 meis

1845 1267 1911 1306 ac
1969 1255 2189 1309 technis
2251 1256 2651 1312 infecundam?
2699 1258 3005 1312 Videbatur
3056 1269 3240 1313 autem
3298 1268 3430 1315 tunc

1850 1347 2114 1416 temporis
2138 1345 2242 1401 sibi
2278 1348 2495 1411 mulier,
2520 1348 2601 1402 uti
2631 1348 2833 1403 deinde
2863 1349 3096 1404 liberata
3118 1351 3422 1411 enarravit.

1845 1439 2176 1510 Symeonem
2203 1438 2407 1492 intueri
2449 1438 2618 1493 veluti
2669 1439 2751 1492 sic
2796 1438 3289 1495 interminantem:
3343 1441 3426 1496 Tu

1844 1529 2095 1600 quidem,
2114 1531 2353 1599 pessime
2377 1529 2626 1598 spiritus,
2646 1529 2731 1584 vel
2750 1529 2958 1585 invitus
2984 1546 3049 1586 ex
3078 1530 3179 1585 hac
3196 1532 3431 1587 muliere

1846 1623 2109 1691 abigeris,
2136 1621 2255 1691 ipsa
2284 1636 2418 1677 vero
2455 1619 2523 1675 ad
2557 1621 2820 1676 maritum
2875 1637 3040 1677 suum
3091 1632 3426 1687 revertetur,

1844 1724 1901 1770 et
1933 1713 2078 1767 ﬁlius
2094 1713 2226 1783 ipsis
2248 1728 2391 1768 anno
2417 1714 2664 1782 proximo
2684 1724 2968 1769 nascetur.
2991 1716 3215 1769 Daemon
3233 1715 3428 1783 igitur,

1850 1813 1965 1859 tum
1997 1805 2103 1858 alia
2134 1805 2311 1859 multa
2334 1806 2523 1859 insana
2556 1820 2620 1859 ac
2646 1803 2918 1859 diabolica
2952 1821 3105 1860 more
3141 1821 3244 1860 suo
3279 1806 3432 1860 voci-

160 1878 401 1950 χαλεπδς
434 1880 644 1952 δαίμων
669 1883 899 1947 ἐκεῖνος,
927 1881 1064 1935 ἄλλα
1093 1899 1152 1936 τε
1201 1882 1373 1936 πολλὰ
1415 1884 1621 1952 μανικὰ
1651 1882 1746 1936 καὶ

1856 1895 2152 1962 ierabatur,
2191 1905 2307 1949 tum
2359 1895 2497 1950 illud
2540 1896 2846 1966 praecipue:
2887 1896 2979 1952 Vae
3021 1896 3157 1951 mihi
3191 1912 3430 1966 nequam

156 1970 489 2042 δαιμονιώδη
540 1970 759 2041 κράζων
786 1967 879 2043 ἦν,
917 1971 1109 2044 ὥσπερ
1156 1973 1326 2035 εἰκὸς,
1355 1973 1499 2027 Οὐαί
1541 1973 1742 2044 μοιτῷ

157 2060 322 2130 κακῷ
368 2063 550 2134 οἰκέτῃ
580 2061 592 2115 l
635 2062 755 2116 οὐαὶ
797 2062 875 2134 τῷ
904 2063 1048 2117 κατὰ
1091 2062 1225 2117 πολὺ
1258 2061 1457 2133 δρῶντι
1485 2063 1546 2116 τὺ
1572 2063 1743 2118 ἀκού-

159 2170 274 2207 σιον
294 2153 332 2207 ἃ
361 2156 774 2225 προστέταγμαι
800 2155 817 2208 ί

230 2244 371 2315 ρκδ’.
399 2246 584 2299 Ταῦτα
606 2246 860 2315 ἔκραξεν,
891 2248 992 2301 ὅσα
1020 2249 1116 2302 καὶ
1159 2248 1377 2319 ὀργάιῳ
1425 2252 1490 2321 τῇ
1522 2249 1745 2317 γυναικὶ

159 2336 466 2408 χρώμενος,
508 2339 601 2393 καὶ
656 2338 848 2410 κύκλῳ
886 2337 985 2393 τοῦ
1036 2338 1229 2392 στύλου
1258 2342 1466 2411 ταύτην
1494 2342 1744 2406 ἐλεεινῶς

161 2432 426 2499 περιῆγε,
459 2430 710 2502 καθάπερ
737 2431 845 2483 ἀπὸ
884 2429 1182 2502 προσώπου
1231 2432 1449 2501 φεύγων
1492 2432 1586 2485 τοῦ
1645 2434 1746 2486 Συ-

165 2525 336 2595 μεὼν,
361 2527 457 2578 καὶ
487 2526 593 2578 ἀπὸ
629 2525 725 2578 τοῦ
756 2525 813 2577 ὲν
836 2523 986 2594 αὐτῴ
1016 2523 1326 2594 πνεύματος
1357 2525 1743 2595 ἐλαυνόμενος·

159 2618 338 2683 τέλος,
398 2619 636 2687 Ἔξειμι,
668 2616 816 2686 μέγα
870 2616 1115 2688 βοήσας,
1175 2616 1382 2687 ἀπῆλθε
1450 2619 1747 2690 σωφρόνως

163 2708 398 2778 ἔχουσαν
429 2709 597 2780 αὐτὴν
624 2708 997 2772 ἀπολελοιπώς
1024 2725 1037 2739 '
1069 2709 1206 2779 πρὸς
1237 2710 1303 2780 ἢν
1349 2709 1375 2761 ὁ
1409 2708 1551 2778 ίερδς
1644 2710 1746 2761 Συ-

167 2798 338 2870 μεὼν,
381 2799 672 2869 Ἐπάνηκε,
694 2799 877 2869 γύναι,
907 2799 1057 2869 παρᾶ
1087 2799 1177 2852 τὸν
1221 2798 1352 2851 ἴδιον
1384 2798 1571 2866 ἄνδρα,
1600 2799 1731 2869 ἔφη·

168 2895 367 2964 συνέσῃ
403 2893 513 2963 γὰρ
547 2892 697 2962 αὐτῷ
728 2890 823 2945 τοῦ
850 2890 1064 2956 λοιποῦ,
1092 2892 1186 2946 καὶ
1232 2891 1441 2954 κοιλίας
1469 2890 1529 2955 ἐξ
1577 2891 1745 2945 αὐτοῦ

167 2982 381 3053 καρπὸς
407 2982 560 3036 ἔσται
591 2999 695 3038 σοι.
739 2982 802 3035 Ἠ
836 2982 937 3052 μὲν
969 2978 1063 3035 οῦν
1095 2982 1235 3036 κατὰ
1268 2981 1366 3044 τὰς
1400 2982 1620 3045 ἐντολὰς
1650 2980 1744 3035 τοῦ

168 3073 329 3143 ἁγίου
397 3076 533 3145 πρὸς
580 3074 672 3129 τὸν
722 3073 892 3144 ἄνδρα
941 3073 1335 3136 ἐπανελθοῦσα,
1378 3072 1633 3142 ἀσμένως
1683 3090 1743 3125 τε

169 3165 301 3237 παρ’
329 3166 496 3220 αὐτοῦ
526 3167 886 3235 είσδεχθεῖσα,
917 3165 1013 3218 καὶ
1043 3165 1255 3218 παιδίον
1295 3164 1392 3216 τοῦ
1422 3165 1747 3234 ἐπιγενομέ-

169 3275 260 3311 νου
286 3255 535 3312 ἐνιαυτοῦ
562 3258 785 3322 τέξασα,
821 3256 898 3328 τῷ
940 3258 1163 3329 μεγάλῳ
1218 3257 1380 3310 πάλιν
1429 3258 1562 3310 αὐτὸ
1610 3256 1749 3327 μετὰ
1777 3240 1819 3296 c

167 3347 262 3404 τοῦ
315 3348 556 3417 συζύγου
614 3349 902 3419 προσάγει,
937 3349 1105 3418 εὐχῆς
1136 3349 1194 3404 ὃν
1235 3348 1446 3403 ἐκείνου
1480 3349 1683 3419 μᾶλλον
1713 3349 1746 3420 ἦ

168 3441 277 3494 τῶν
307 3441 481 3511 αὐτῆς
509 3438 718 3492 ὠδίνων
749 3438 991 3509 καρπόν.
1023 3437 1302 3507 Προσάγει
1341 3440 1519 3493 τοίνυν
1537 3439 1597 3492 τὸ
1621 3457 1750 3492 παι-

169 3524 280 3580 δίον
338 3527 415 3596 τῷ
473 3525 1038 3597 δεδωκότι,,καθάπερ
1091 3526 1618 3600 ἔγκαλλωπιζομένη
1666 3529 1745 3598 τῷ

169 3618 345 3690 δώρῳ,
378 3620 476 3673 καὶ
520 3620 690 3693 ταύτῃ
735 3620 826 3673 τὸν
859 3620 1064 3691 δοτῆρα
1096 3621 1296 3689 μᾶλλον
1323 3621 1357 3692 ἢ
1386 3621 1605 3693 γλώττῃ
1644 3639 1751 3693 κη·-

174 3712 465 3784 ρύττουσα.
507 3711 638 3765 Εἶτα
681 3713 777 3766 καὶ
823 3711 1009 3766 οἴκαδε
1062 3712 1226 3767 πάλιν
1277 3714 1533 3782 εὐλογίας
1586 3717 1751 3784 τυχὸν

172 3805 464 3874 ἐπανάγει,
501 3804 596 3858 καὶ
647 3805 915 3858 ἀντίδοσιν
945 3808 977 3875 ἡ
1003 3806 1141 3874 γυνὴ
1171 3805 1441 3873 τοσαύτης
1472 3806 1566 3859 καὶ
1609 3804 1754 3858 οὕτω

171 3896 415 3966 ποικίλης
469 3894 790 3966 εὐεργεσίας
824 3894 906 3965 (οὐ
952 3893 1059 3964 γὰρ
1103 3895 1167 3964 δὴ
1199 3895 1449 3947 συνοίκου
1501 3895 1756 3963 δαίμονος

171 3986 493 4057 ἀπήλλακτο
526 3986 708 4056 μόνον,
740 3985 877 4039 ἀλλὰ
925 3987 1020 4039 καὶ
1049 3984 1128 4056 τῷ
1167 3986 1326 4057 ἀνδρὶ
1357 3985 1709 4039 ἀνασὲσωστο
1737 4000 1751 4014 ⁸

172 4080 307 4149 πρὸς
338 4079 416 4146 δὲ,
451 4078 553 4131 καὶ
588 4076 751 4131 παῖδα
780 4076 842 4140 ἐξ
866 4076 1089 4147 ἑαυτῆς,
1123 4079 1260 4146 ὅπερ
1304 4078 1519 4132 οὐδέπω
1555 4079 1757 4150 πρότε-

182 4185 294 4240 ρον,
330 4168 484 4239 ίδοι)·
519 4166 789 4220 ἀντίδοσιν
823 4165 1005 4219 τοίνυν
1054 4166 1276 4236 ἀγαθῶν
1306 4167 1601 4233 τοσούτων,
1663 4168 1756 4221 ἀν-

177 4260 387 4332 ίστησιν
421 4261 620 4314 εἰκόνα
682 4259 823 4313 οἴκοι
879 4258 973 4312 τοῦ
1020 4257 1247 4327 Συμεών
1279 4275 1295 4291 ·
1326 4259 1526 4330 χρυσοῦ
1555 4260 1653 4328 μὲν
1682 4258 1759 4322 ὡς

171 4353 207 4421 ἡ
230 4353 558 4425 προαίρεσις
589 4347 735 4421 εἶχεν
762 4350 864 4403 οὐκ
891 4349 1222 4421 εὐποροῦσα,
1249 4349 1280 4403 ὃ
1306 4351 1362 4403 δὲ
1396 4350 1601 4421 χρυσοῦ
1648 4368 1755 4421 μα·-

175 4444 289 4515 κρῷ
319 4444 650 4516 τιμιώτερον
682 4443 863 4496 πίστιν
911 4442 1298 4511 είσενεγκοῦσα
1342 4444 1639 4513 τοσαύτην,
1676 4444 1758 4505 ὡς

1851 1987 2045 2042 servo!
2078 2003 2158 2042 vae
2182 1986 2338 2050 mihi,
2363 1986 2457 2057 qui
2512 1995 2572 2041 ut
2598 1987 2900 2057 plurimum
2944 1998 3149 2058 praeter
3177 1989 3433 2044 volunta-

1854 2088 1962 2135 tem
1991 2091 2167 2132 meam
2194 2093 2318 2148 ago,
2352 2078 2501 2148 quod
2524 2077 2857 2148 imperatum
2880 2075 2994 2133 esti

1926 2257 2046 2312 124.
2089 2253 2245 2311 Hunc
2268 2255 2323 2310 in
2348 2254 2571 2309 modum
2599 2255 2907 2317 clamitans,
2930 2270 3031 2325 pro
3064 2256 3430 2310 instrumento

1853 2349 2082 2404 edendae
2114 2349 2266 2403 vocis
2320 2348 2551 2403 muliere
2613 2362 2768 2410 usus,
2850 2347 3063 2401 circum
3116 2347 3430 2401 columnam

1855 2441 2157 2496 miserabili
2191 2440 2506 2510 spectaculo
2537 2440 2708 2509 ipsam
2739 2437 2940 2508 agebat
2969 2439 3163 2508 ;quasi
3193 2438 3432 2508 fugitans

1854 2547 1883 2586 a
1916 2531 2053 2586 facie
2081 2533 2280 2595 sancti,
2325 2530 2553 2601 ejusque
2581 2529 2813 2599 spiritus
2845 2528 3049 2583 virtute
3078 2529 3272 2583 crdere
3309 2530 3431 2584 loco

1854 2631 2096 2676 coactus.
2134 2622 2383 2691 Denique
2440 2622 2610 2675 altum
2667 2620 2949 2683 clamans,
2988 2620 3175 2685 Exeo;
3242 2620 3429 2686 exivit,

1853 2712 2046 2767 relicta
2077 2714 2307 2767 muliere
2350 2712 2556 2766 rectius
2587 2726 2648 2765 se
2682 2711 2947 2776 habente;
2985 2711 3051 2764 ad
3092 2725 3254 2781 quam
3303 2726 3433 2765 san-

1853 2812 1977 2859 ctus
2012 2803 2286 2874 Symeon:
2325 2802 2486 2868 Redi,
2533 2802 2732 2871 inquit,
2773 2803 2993 2865 mulier,
3048 2801 3114 2856 ad
3171 2803 3431 2856 maritum

1858 2904 2047 2959 tuum;
2082 2908 2208 2948 cum
2246 2894 2367 2963 ipso
2411 2892 2866 2947 consuetudinem
2891 2892 3154 2962 deinceps
3180 2891 3429 2952 habebis,

1854 2992 1909 3039 et
1935 2986 2144 3055 prolem
2166 3001 2234 3038 ex
2266 2984 2361 3038 illo
2384 2984 2686 3053 concipies.
2738 2983 3019 3038 Obediens
3081 2992 3272 3039 sancto
3310 2998 3432 3035 mu-

1855 3075 1979 3138 lier,
2011 3074 2246 3128 revertit
2275 3074 2340 3128 a;l
2370 3074 2548 3127 virum
2577 3088 2760 3139 suum,
2794 3074 3027 3127 comiter
3061 3074 3129 3127 ab
3158 3074 3250 3127 illo
3282 3074 3435 3127 exci~

1854 3167 2026 3236 pitur,
2063 3164 2234 3218 ﬁlium
2269 3179 2414 3218 anno
2471 3163 2799 3232 insequente
2849 3165 2995 3233 parit
3033 3179 3239 3232 :quem
3277 3173 3331 3217 et
3365 3164 3435 3218 ad

1853 3272 2108 3325 magnum
2161 3255 2510 3326 Symeonem,
2550 3255 2709 3325 cujus
2760 3269 2986 3324 precum
3037 3255 3225 3325 potius
3272 3270 3435 3324 quam

1863 3348 1947 3402 sui
1984 3348 2125 3403 uteri
2181 3346 2422 3401 fructum
2482 3347 2810 3416 reputabat,
2867 3362 2971 3400 una
3025 3363 3150 3401 cum
3205 3348 3437 3417 conjuge

1853 3437 2100 3501 adducit,
2160 3439 2324 3506 eique
2375 3437 2471 3506 qui
2523 3435 2755 3490 dederat
2805 3435 2961 3489 illum
3014 3435 3437 3513 onem-laetitia

1852 3535 2019 3596 atque
2049 3526 2243 3596 plausu
2276 3526 2531 3580 indicans
2557 3524 2991 3596 magnitudinem
3049 3524 3219 3586 doni;
3272 3533 3437 3593 atque

1853 3615 1961 3671 hoc
1991 3624 2152 3685 pacto
2209 3615 2314 3670 viri
2358 3614 2536 3670 sancti
2576 3613 2777 3669 famam
2839 3614 3006 3670 latius
3054 3630 3219 3684 quam
3247 3616 3436 3685 lingua

1855 3707 2217 3777 propagabat.
2243 3708 2371 3761 Post
2405 3708 2521 3762 haec
2550 3706 2748 3762 mulier
2777 3706 3040 3762 donatum
3060 3707 3165 3761 sibi
3202 3722 3439 3776 puerum

1855 3803 2081 3858 domum
2110 3802 2350 3865 reducit,
2389 3811 2443 3857 et
2468 3802 2938 3858 remunerationis
2966 3802 3089 3857 loco
3124 3817 3226 3871 pro
3269 3801 3439 3856 tantis

1858 3903 2078 3965 tamque
2107 3895 2279 3950 variis
2303 3893 2594 3950 beneﬁciis
2628 3895 2833 3966 (neque
2864 3894 3014 3948 enim
3069 3894 3246 3949 solum
3274 3909 3305 3948 a
3348 3909 3441 3949 co-

1857 3986 2138 4042 habitante
2196 3986 2302 4041 sibi
2358 3987 2607 4042 daemone
2653 3986 2935 4050 immunis,
2975 3987 3071 4041 sed
3123 3986 3321 4041 marito
3356 3987 3441 4042 in-

1859 4085 2010 4150 tegre
2065 4086 2258 4133 sanata
2319 4079 2578 4133 restituta
2608 4077 2736 4142 fuit,
2768 4078 2838 4132 ad
2869 4078 2987 4133 inec
3041 4094 3179 4148 puer
3218 4094 3441 4149 quoque

1859 4186 1925 4226 ex
1947 4186 2011 4225 ea
2037 4169 2185 4240 quod
2221 4186 2505 4239 nunquam
2535 4178 2682 4235 ante,
2713 4178 2799 4224 est
2823 4172 3170 4240 prognatus),
3205 4170 3442 4242 effigiem

1862 4262 2153 4334 Symeonis
2183 4263 2465 4317 domisuaa
2497 4262 2711 4317 statuit.
2739 4261 2807 4316 Et
2841 4278 3038 4316 aurum
3070 4263 3321 4331 quidem,
3380 4271 3443 4318 ut

1861 4361 1981 4408 erat
2027 4353 2153 4407 vita:
2181 4351 2449 4416 conditio,
2482 4368 2594 4407 non
2633 4353 2994 4423 suppetebat;
3043 4370 3238 4409 verum
3293 4355 3443 4426 quod

1863 4459 1999 4500 auro
2025 4444 2348 4513 pretiosius,
2384 4443 2548 4499 talem
2576 4442 2843 4498 ali‘erebat
2879 4440 3150 4511 fidem,'ut
3180 4460 3292 4500 non
3332 4444 3443 4501 da:-

180 4536 240 4588 οὐ
267 4536 641 4607 δαιμονῶντας
688 4534 850 4605 μόνον
894 4535 987 4587 καὶ
1020 4535 1236 4597 πολλοῖς
1296 4533 1527 4589 πάθεσιν
1578 4535 1750 4598 ἄλλοις

1864 4536 2098 4591 moniaci
2138 4543 2350 4590 tantum
2377 4535 2655 4604 variisque
2683 4535 2893 4590 morbis
2915 4535 3257 4600 detenti,sed
3275 4537 3440 4591 etiam

185 4626 598 4697 συνεχομένους,
618 4624 752 4678 ἀλλὰ
780 4626 875 4678 καὶ
906 4625 1075 4695 αὐτὴν
1095 4627 1187 4678 ἐπὶ
1211 4624 1450 4695 πέμπτῳ
1473 4626 1568 4679 καὶ
1592 4626 1757 4681 δεκά-

181 4735 257 4787 τῳ
275 4722 696 4793 ἑτειαὶμόρρουν
736 4720 984 4791 καθαρᾶς
1011 4723 1129 4774 ἐκεῖ
1159 4724 1340 4791 τυχεῖν
1376 4724 1468 4775 καὶ
1519 4739 1757 4793 περιφα-

183 4809 307 4874 νοῦς
360 4812 680 4883 θεραπείας.
722 4812 910 4876 Οὕτως
957 4812 1123 4866 αὐτοῦ
1166 4814 1263 4868 καὶ
1309 4813 1409 4866 θέα
1479 4813 1632 4886 ψιλὴ,
1664 4816 1761 4867 καὶ

185 4903 443 4972 σφραγὶς,
479 4904 575 4957 καὶ
603 4902 821 4974 ῥάϐδος,
849 4905 944 4956 καὶ
973 4904 1165 4969 τύπος,
1185 4903 1279 4957 καὶ
1301 4903 1480 4973 λόγος,
1511 4905 1603 4958 καὶ
1628 4905 1760 4976 κλῆ-

185 5010 288 5059 σις,
318 4997 413 5049 καὶ
446 4998 497 5050 εἰ
524 5013 577 5048 τι
602 4995 731 5050 ἄλλο
760 4995 869 5048 τῶν
900 4997 1112 5050 ἐκείνου
1151 4996 1352 5060 παντὸς
1385 4996 1548 5068 ἢρκει
1596 4999 1755 5069 γενέ-

186 5083 307 5140 σθαι
338 5087 542 5150 πάθους
567 5086 879 5157 ἀπαλλαγή.
1183 5073 1191 5080 ’

256 5283 389 5345 ρκε’.
432 5274 565 5332 Εἶτά
605 5294 691 5343 τις
733 5277 1032 5349 αἱμόρρους
1070 5276 1252 5349 ἑτέρα,
1284 5277 1348 5333 ἐκ
1384 5297 1529 5343 τινος
1565 5280 1765 5350 κώμης

183 5367 438 5421 Μυλιτῶν
483 5370 805 5440 λεγομένης,
861 5370 980 5433 ἔτος
1034 5371 1136 5442 ήδη
1189 5371 1373 5438 τρίτον
1420 5370 1499 5440 τῷ
1540 5370 1762 5442 χαλεπῷ

185 5457 359 5528 τούτῳ
395 5459 558 5513 πάθει
589 5460 912 5531 πιεζομένη,
954 5461 1237 5529 πρόσεισιν
1267 5462 1331 5513 ὲκ
1358 5461 1467 5515 τῶν
1496 5461 1763 5515 ὀπισθίων

184 5549 264 5620 τῷ
308 5550 556 5620 Συμεὼν,
606 5551 751 5606 κατὰ
789 5550 886 5622 τὴν
927 5550 1228 5623 αἱμόρρουν
1261 5552 1501 5622 ἐκείνην,
1536 5552 1637 5623 τὴν
1669 5554 1764 5609 τοῦ

188 5639 322 5709 ὲμοῦ
372 5642 609 5711 Χριστοῦ
654 5642 1010 5711 τολμήσασαν
1052 5642 1324 5712 ἅψασθαι·
1390 5646 1485 5698 καὶ
1535 5644 1672 5715 ὁμοῦ
1704 5662 1763 5700 τε

187 5728 377 5797 ψαύει,
405 5730 499 5784 καὶ
519 5731 779 5803 τυγχάνει.
807 5729 904 5801 τῆς
932 5730 1247 5803 θεραπείας.
1280 5736 1339 5790 '0
1360 5735 1469 5809 γὰρ
1498 5741 1663 5806 αὐτὸς
1695 5739 1764 5814 ἦν

191 5818 283 5876 καὶ
315 5818 411 5876 νῦν
453 5824 753 5896 Δεσπότης,
784 5821 973 5900 ὥσπερ
1010 5825 1129 5882 ἐκεῖ
1169 5827 1236 5882 δι’
1266 5829 1454 5903 αὐτοῦ,
1497 5831 1640 5889 οὓτω
1677 5835 1765 5892 διά

1865 4628 2062 4684 mulier
2087 4628 2337 4698 quaedam
2367 4643 2541 4684 annos
2575 4629 2687 4698 jam
2709 4627 3025 4698 quindecim
3056 4627 3263 4684 ﬂuxum
3317 4645 3444 4683 san-

1864 4721 2053 4793 guinis
2084 4736 2243 4791 passa
2272 4722 2563 4775 sanitatem
2581 4719 2747 4774 isthic
2777 4720 2884 4774 loci
2909 4719 3284 4775 omnimodam
3317 4734 3444 4787 per-

1864 4811 2175 4880 lectamque
2197 4809 2494 4865 invenerit.
2522 4810 2601 4865 Ita
2646 4809 2753 4864 viri
2807 4810 2983 4865 sancti
3016 4809 3102 4863 vel
3150 4808 3332 4864 tenuis
3389 4808 3443 4863 in

1864 4903 2101 4975 imagine
2153 4913 2430 4973 aspectus,
2495 4903 2711 4975 signum
2758 4904 2958 4966 crucis,
3014 4901 3190 4973 virga,
3245 4900 3443 4967 forma,

1861 4996 2116 5057 verbum,
2146 4994 2446 5058 invocatio,
2484 5005 2543 5050 et
2599 4996 2645 5050 si
2680 4994 2811 5065 quid
2853 4994 3002 5049 aliud
3061 5009 3249 5050 rerum
3300 4993 3447 5049 illius

1862 5095 2031 5150 esset,
2061 5087 2371 5143 suilicicbat
2403 5088 2632 5143 cuilibet
2685 5088 3008 5146 morborum
3037 5087 3223 5158 generi
3263 5087 3447 5157 depel-

1864 5175 2050 5232 lendo.

1937 5283 2060 5338 125.
2098 5283 2307 5338 Deinde
2344 5281 2770 5339 baemorrhoissa
2799 5282 2995 5345 altera,
3031 5298 3098 5338 ex
3118 5297 3256 5352 pago
3304 5295 3438 5350 quo-

1864 5374 1990 5428 dam
2017 5373 2329 5445 Mylitorum
2373 5375 2544 5441 dicto,
2570 5390 2736 5445 grave
2795 5375 3080 5446 sanguinis
3119 5372 3447 5445 proﬂuvium

1860 5464 1972 5534 jam
1991 5464 2228 5520 triennio
2244 5479 2425 5533 passa,
2441 5479 2472 5518 a
2493 5474 2645 5534 tergo
2675 5465 3137 5534 appropinquavit
3163 5463 3445 5537 Symeoni.

1864 5555 2173 5626 exemplum
2217 5567 2408 5611 secuta
2444 5556 2881 5612 bmmorrhoissre
2902 5555 3049 5611 illius
3097 5555 3448 5627 evangelica},

1867 5654 2089 5718 tangere
2112 5646 2403 5701 Christum
2424 5663 2606 5703 meum
2640 5663 2821 5715 ausae,
2867 5663 3035 5718 quem
3065 5648 3232 5704 simul
3275 5657 3332 5704 et
3366 5656 3441 5703 tev

1868 5742 1992 5813 tigit
2019 5748 2078 5797 et
2102 5739 2399 5796 sanitatem
2425 5740 2693 5796 obtinuit.
2727 5740 2878 5797 Idem
2913 5741 3122 5811 quippe
3157 5739 3448 5807 Dominus,

1868 5830 2339 5906 quemadmodum
2368 5831 2648 5889 istic-olim
2677 5846 2777 5903 per
2821 5830 3049 5915 seipse,
3105 5831 3179 5886 ita
3209 5829 3301 5885 hic
3350 5842 3447 5899 per
