4026 6292
605 354 745 421 3103

1829 369 1890 429 S.
1933 370 2309 431 SYMEONIS
2346 372 2707 435 JUNIORIS

3694 375 3792 438 310i

607 480 831 525 servum
851 479 1014 519 suum
1040 465 1418 522 infirmitatem
1451 468 1723 540 abigebat,
1748 480 1803 526 et
1824 487 1923 540 pro
1953 474 2181 542 paritate

2289 478 2384 532 τοῦ
2420 478 2752 550 θεράποντος
2800 478 3035 534 ἐνταῦθα
3080 479 3220 534 λύων
3265 479 3330 534 ea
3370 477 3554 544 πάθος,
3591 483 3672 537 καὶ
3698 487 3792 554 πρὸς

606 556 736 612 fidei
780 572 969 627 parem
1024 573 1247 628 quoque
1301 559 1736 615 misericordiam
1820 563 2178 635 largiebatur.

606 647 758 704 Abiit.
809 648 977 719 igitur
1013 648 1130 702 haec
1185 648 1442 705 similiter
1483 667 1547 706 ac
1589 653 1681 706 illa
1713 653 1813 724 .(de
1847 670 1955 724 qua
2018 671 2185 725 supra

606 741 858 811 memini)
898 741 1214 797 valetudine
1238 753 1590 813 recuperata;
1638 748 1891 818 quodque
1924 750 2013 803 illa
2064 766 2182 805 me-

608 829 796 884 diante
825 831 999 885 sancti
1024 830 1281 902 imagine,
1318 832 1437 888 haec
1467 835 1535 889 ab
1562 836 1681 905 ipso
1705 848 2000 908 prototypo
2053 854 2183 894 con-

607 928 796 976 secuta
826 930 929 975 εει.

681 1032 802 1086 126.
840 1032 959 1086 Non
1015 1031 1111 1086 diu
1163 1042 1290 1102 post
1342 1036 1500 1090 adest
1548 1052 1745 1107 magno
1800 1038 2054 1108 Symeoni
2117 1057 2185 1095 ex

606 1137 744 1191 pago
770 1123 898 1187 alio,
919 1125 1006 1178 cui
1026 1125 1196 1194 Magia
1214 1126 1565 1189 vocabulum,
1591 1129 1677 1181 vir
1695 1129 1942 1197 quidam,
1964 1141 2184 1200 septua-

608 1214 759 1283 ginta
821 1224 886 1268 ut
929 1229 1212 1268 summum
1265 1227 1695 1283 annos‘natus;
1749 1219 1845 1287 qui
1912 1223 2184 1277 acerrimo

609 1304 857 1358 dentium
888 1304 1079 1360 dolore
1107 1306 1412 1372 cruciatus,
1442 1308 1606 1362 enixe
1633 1310 1988 1377 precabatur,
2041 1312 2186 1366 salu-

609 1395 824 1450 tiferam
851 1404 909 1450 ut
929 1397 1033 1451 sibi
1055 1413 1277 1452 manum
1309 1400 1640 1468 imponeret,
1665 1416 1775 1470 quo
1796 1402 1933 1457 dens
1955 1403 2186 1459 ati‘ectus

608 1494 963 1542 excuteretur
1003 1487 1292 1553 radicitus,
1328 1491 1440 1561 jam
1472 1505 1622 1545 nunc
1640 1493 1937 1548 acerbitate
1965 1497 2183 1550 crucia~

610 1585 764 1630 tuum
816 1577 1057 1632 mobilis.
1110 1578 1188 1632 Ita
1241 1579 1331 1634 ille
1378 1580 1728 1650 precabatur,
1777 1582 2032 1654 lacrymis
2084 1600 2183 1655 per

607 1682 772 1735 genas
804 1667 1252 1734 decurrentibus,
1305 1673 1588 1726 maerentis
1632 1673 1798 1728 animi
1833 1676 2004 1746 signis
2030 1693 2181 1733 men-

608 1759 697 1813 tiri
754 1760 977 1815 nesciis.
1038 1760 1273 1816 Sanctus
1321 1778 1453 1817 vero
1510 1764 1744 1834 benigne
1801 1768 2179 1837 respondens,

607 1852 823 1919 Nonne,
862 1854 1062 1924 inquit,
1097 1857 1269 1926 magis
1311 1874 1341 1912 e
1390 1873 1448 1911 re
1483 1868 1574 1914 tua
1628 1860 1792 1925 foret,
1830 1862 1874 1916 si
1922 1869 1978 1916 et
2011 1863 2181 1918 alium

604 1940 825 1996 dentem
861 1944 1066 2008 enasci,
1114 1961 1278 2014 quam
1316 1946 1463 2002 hunc
1486 1963 1629 2017 aegre
1656 1950 1949 2006 habentem
1979 1952 2183 2007 solum-

606 2032 772 2086 modo
816 2035 1000 2098 evelli,
1050 2037 1311 2104 peteres?
1347 2036 1428 2091 Ad
1478 2055 1600 2107 qua:
1645 2041 1813 2095 verba
1858 2042 1948 2097 ille
1996 2051 2181 2098 mente

604 2123 899 2192 animoque
940 2124 1310 2183 inﬂammatus
1358 2129 1460 2197 (uti
1503 2130 1621 2185 fieri
1670 2134 1959 2189 consuevit
1988 2136 2058 2190 ad
2094 2136 2181 2191 in-
2226 2146 2243 2153 “

605 2216 805 2283 sperati
828 2218 1109 2287 cujusdam
1132 2218 1261 2275 boni
1287 2221 1788 2295 pollicitationem),
1805 2226 2179 2298 ambabusque

604 2308 880 2371 manibus,
930 2318 991 2364 ut
1025 2318 1260 2380 poterat,
1300 2327 1367 2366 ex
1412 2313 1611 2368 melote
1644 2316 1815 2369 sancti
1845 2332 2173 2388 suspensus,

603 2399 774 2467 cjicit,
811 2415 909 2468 per
960 2401 1373 2471 impositionem
1424 2420 1686 2460 manuum
1730 2408 1899 2475 illius,
1951 2411 2179 2466 uberem

603 2502 634 2542 e
664 2491 804 2548 caelo
836 2493 1064 2561 gratiam
1111 2496 1447 2564 elicientem,
1500 2500 1784 2568 putridum
1823 2512 2178 2572 corruptum—

602 2596 709 2650 que
736 2599 841 2637 una
871 2600 993 2638 cum
1027 2587 1308 2645 radicibus
1334 2590 1555 2645 dentem
1578 2609 1591 2645 :
1611 2606 1714 2645 nee
1733 2593 1891 2647 multi
1921 2593 2179 2647 abierunt

603 2671 742 2734 dies,
790 2688 914 2728 cum
972 2676 1113 2730 alter
1173 2679 1228 2747 (ο
1282 2695 1397 2733 rem
1456 2695 1566 2734 non
1616 2681 1911 2735 admodum
1960 2683 2174 2736 ereditu

601 2759 822 2817 facilem
849 2764 885 2831 !)
909 2774 1104 2822 enatus
1127 2769 1193 2823 ad
1216 2771 1607 2838 perfectionem
1631 2774 1824 2828 crevit.
1860 2775 1924 2827 Et
1950 2774 2179 2844 hujusce

601 2852 839 2923 prodigii
879 2863 1044 2912 testes
1098 2860 1304 2914 oculati
1351 2862 1539 2931 plures
1596 2863 1775 2927 fuere,
1828 2864 2032 2933 quibus
2088 2865 2179 2921 ille

604 2942 762 3012 ipse,
818 2948 913 3016 qui
972 2949 1301 3006 beneﬁcium
1358 2963 1553 3010 nactus
1608 2964 1757 3020 erat,
1811 2956 2178 3021 ostendebat,

526 3080 535 3088 κ
605 3035 956 3106 mirantibus,
1008 3040 1066 3096 in
1118 3051 1225 3097 tam
1278 3060 1538 3114 provrc'a
1588 3056 1780 3111 aztatc,
1835 3057 2032 3116 praeter
2083 3065 2179 3103 na-

2288 567 2467 620 πίστιν
2506 569 2648 638 ῐσην,
2682 568 2794 621 ἴσον
2826 569 2918 621 καὶ
2949 570 3039 623 τὸν
3064 569 3210 622 Ξλεον
3238 569 3436 639 νέμων.
3480 571 3692 640 ’Δπῆλθε
3714 590 3793 627 τοι·

2284 658 2487 729 γαροῦν
2513 659 2713 729 ὁμοίως
2752 662 2818 730 τῇ
2856 659 3202 733 προλαϐούσῃ
3242 661 3336 714 καὶ
3367 659 3503 732 αὕτη
3530 662 3622 733 τὴν
3645 664 3785 730 ὑγείαν

2284 752 2649 821 κηλμισαμένη,
2682 751 2711 804 ὃ
2736 751 2842 822 πρὸ
2873 752 3069 822 μικροῦ
3093 753 3194 822 τῆς
3224 754 3431 817 εἰκόνος
3462 755 3652 825 ἐκείνη,
3675 757 3789 810 τοῦτο

2283 838 2377 894 νῦν
2409 839 2547 909 αῦτη
2571 838 2664 894 τοῦ
2690 840 3044 911 πρωτυτύπου
3070 842 3326 912 τυχοῦσα.

2359 1049 2508 1115 ρκς¹.
2553 1039 2710 1109 Ἑξῆς
2739 1041 2795 1094 δὲ
2829 1041 3101 1113 προσῆλθε
3131 1059 3215 1105 τις
3249 1043 3387 1114 ἀνὴρ
3431 1043 3508 1112 τῷ
3543 1047 3727 1116 μεγάλῳ
3749 1048 3789 1101 ἐι

2283 1153 2427 1198 τινος
2453 1135 2644 1204 κώμης
2674 1134 2882 1202 (Μαγία
2907 1132 2962 1185 δὲ
2986 1134 3218 1205 κέκλητο
3234 1132 3416 1205 αῦτη),
3443 1135 3560 1200 ἔτος
3579 1139 3634 1190 οὐ
3661 1140 3790 1190 πλεῖον

2283 1226 2316 1296 ἢ
2347 1223 2743 1293 ἑϐδομηκοστὸν
2759 1220 3018 1289 γεγονὼς,
3045 1223 3320 1292 δριμείαις
3341 1224 3431 1277 τὸν
3460 1225 3636 1278 ὀδόντα
3656 1226 3791 1294 βαλλί-

2290 1332 2449 1385 μενος
2478 1314 2710 1378 ὀδύναις·
2738 1313 3052 1383 ὲπιτεθῆναί
3078 1331 3136 1367 τε
3161 1313 3309 1385 αὐτῷ
3338 1316 3438 1383 τὴν
3465 1315 3611 1369 όσίαν
3634 1316 3790 1367 ἐκείνου

2284 1409 2442 1477 χεῖρα
2468 1406 2740 1476 δεόμενος,
2768 1406 2909 1459 ὥστε
2932 1405 3120 1459 τοῦτον
3147 1406 3493 1461 παντάπασιν
3523 1405 3792 1474 ὲκκρονσθῆο

2284 1516 2392 1561 ναι,
2437 1497 2790 1565 σαλευόμενον
2843 1497 2945 1567 ἤδη
2981 1495 3092 1549 τῶν
3140 1497 3315 1550 πόνων
3358 1498 3481 1559 ταῖς
3510 1495 3790 1566 προσϐολαῖς.

2284 1590 2471 1644 Ταῦτα
2513 1592 2541 1644 ὁ
2578 1590 2676 1659 μὲν
2706 1590 2894 1653 ἐδεῖτο,
2926 1590 3136 1659 δάκρυα
3161 1591 3270 1643 τῶν
3292 1588 3585 1660 ὀφθαλμῶν
3616 1587 3788 1649 καθιεὶς,

2283 1681 2352 1735 τὰ
2377 1680 2558 1750 ψυχῆς
2583 1681 2852 1751 ἀλγούσης
2882 1680 3087 1751 ἀψευδῆ
3123 1680 3366 1750 σύμϐολα
3391 1695 3402 1707 ·
3476 1685 3505 1734 ὁ
3546 1681 3598 1734 δὲ
3631 1680 3793 1750 χαριέν-

2285 1788 2393 1833 τως
2421 1770 2725 1835 ὑπολαϐὼν,
2759 1771 2850 1839 Μή
2884 1770 3014 1824 ποτέ
3047 1787 3130 1822 σοι
3161 1771 3386 1840 βέλτιον,
3423 1768 3552 1840 ἔφη,
3578 1770 3661 1823 καὶ
3684 1768 3797 1822 ἄλλον

2290 1862 2518 1931 ἐκφῦναι
2554 1861 2752 1932 μᾶλλον
2790 1864 2978 1926 αἰτεῖν,
3005 1862 3039 1933 ἢ
3068 1862 3161 1915 τὸν
3196 1861 3448 1931 πονήρως
3479 1861 3656 1931 ἔχοντα
3681 1861 3797 1929 μόνον

2288 1953 2584 2007 ἀποϐαλεῖν
2606 1970 2620 2018 ;
2653 1953 2763 2006 Καὶ
2802 1953 2861 2015 ὃς
2887 1952 3023 2023 πρδς
3049 1952 3111 2005 τὸ
3150 1953 3300 2023 ῥῆμα
3326 1953 3424 2022 τὴν
3454 1953 3625 2022 ψυχὴν
3651 1949 3798 2010 ἀναζέ-

2289 2063 2388 2109 σας
2421 2045 2468 2117 (ὃ
2503 2047 2746 2113 πέφυκεν
2771 2046 2857 2098 ἀεὶ
2887 2045 3021 2115 δρᾷν
3045 2044 3264 2113 ἀγαθῶν
3295 2046 3698 2114 ἀπροσδοκήτων
3724 2044 3795 2096 ἐπ-

2287 2137 2538 2207 αγγελία)
2568 2138 2904 2208 ἀμφοτέραις
2935 2154 2993 2189 τε
3032 2137 3133 2207 τῆς
3170 2137 3425 2207 μηλωτῆς
3473 2138 3548 2201 ὡς
3587 2132 3710 2205 εἶχεν
3734 2136 3796 2186 ὲκ-

2285 2228 2639 2301 κρεμασθεὶς,
2678 2227 2972 2281 ἀποϐάλλει
3014 2227 3112 2298 μὲν
3143 2228 3328 2290 αὐταῖς
3371 2227 3572 2297 ῥίζαις,
3613 2224 3797 2279 ὲπιθέσει

2280 2320 2481 2393 χειρῶν
2523 2318 2735 2372 ἐκείνου
2783 2317 2982 2389 πολλὴν
3032 2317 3235 2372 ἀνωθεν
3270 2317 3509 2389 ἑλκούσῃ
3538 2317 3627 2384 τὴν
3662 2318 3801 2386 χάριν,

2281 2411 2373 2466 τὸν
2408 2409 2804 2481 διεφθαρμένον
2835 2406 3022 2460 ὀδόντα
3043 2421 3057 2435 ⁸
3094 2405 3281 2476 ἕτερος
3302 2405 3359 2459 δὲ
3385 2406 3530 2475 μετά
3553 2423 3683 2469 τινας
3700 2404 3799 2475 ὴμέο

2288 2519 2387 2571 ρας
2415 2499 2481 2569 (ὣ
2506 2500 2830 2569 πράγματος
2856 2498 2916 2551 οὐ
2942 2495 3137 2568 ῥᾳδίως
3161 2495 3552 2566 πιστευομένου
3575 2498 3625 2564 ί)
3655 2493 3798 2563 mea

2281 2611 2342 2647 τε
2376 2593 2470 2647 καὶ
2501 2591 2715 2662 ηὔξετο.
2749 2590 2859 2643 Καὶ
2886 2588 3075 2643 τούτου
3123 2590 3397 2660 μάρτυρες
3419 2588 3625 2644 πολλῶν
3643 2585 3794 2657 ὀφθαλ-

2286 2685 2395 2755 μοὶ,
2449 2678 2531 2745 οἷς
2583 2683 2662 2745 εἰς
2720 2679 2907 2750 θαῦμα
2954 2682 3103 2750 παρά
3151 2680 3246 2733 τοῦ
3296 2680 3555 2750 τυχόντος
3602 2680 3685 2747 τῆς
3729 2676 3793 2729 εὑ-

2282 2774 2538 2845 εργεσίας
2597 2772 2890 2836 ἐδείκνυτο,
2942 2771 3005 2825 τὸ
3080 2770 3177 2839 ὀψὲ
3241 2771 3443 2842 δηλαδὴ
3497 2770 3586 2825 τοῦ
3632 2768 3791 2839 χρόνον,

2283 2868 2376 2920 καὶ
2400 2865 2463 2918 τὸ
2508 2865 2639 2933 παρ’
2677 2861 2893 2935 ἡλικίαν
2924 2861 3022 2929 τῆς
3048 2861 3280 2929 φύσεως.
3312 2862 3495 2933 Ὅπερ
3516 2862 3576 2932 δὴ
3603 2855 3796 2928 τηλικοῦ-

2282 2974 2372 3011 τον
2403 2956 2483 3022 ὃν,
2516 2956 2791 3026 ὑποχωρεῖ
2806 2957 2871 3024 τῇ
2899 2952 3149 3021 λέγεσθαι
3177 2953 3276 3023 ἤδη
3303 2953 3568 3024 μελλούσῃ
3590 2952 3687 3017 μετ’
3703 2946 3797 3002 αὐτὸ

2285 3048 2513 3119 θεωρίᾳ.

607 3140 746 3188 tum
772 3135 1019 3191 ordinem
1047 3138 1161 3193 fieri
1198 3141 1463 3209 potuisse.
1529 3141 1633 3197 Sed
1699 3158 2008 3212 quanquam
2070 3145 2127 3199 id
2193 3152 2405 3199 tantum
2445 3145 2537 3207 sit,
2581 3140 2837 3198 concedit
2883 3147 3062 3196 tamen
3105 3138 3203 3204 illi,
3248 3152 3414 3209 quam
3460 3151 3616 3210 porro
3645 3130 3793 3191 dicturi

605 3237 817 3290 sumus,
859 3225 1080 3282 visioni.

678 3340 802 3394 127.
836 3342 1082 3407 Quodam
1120 3343 1379 3413 Sabhato,
1435 3349 1740 3406 decantatis
1787 3363 1912 3407 ante
1957 3363 2175 3406 noctem

2352 3349 2487 3421 ρκξν.
2522 3349 2659 3401 Ποτὲ
2699 3346 2806 3418 γὰρ
2842 3346 2939 3416 ὀψὲ
2969 3345 3243 3399 Σαϐϐἀτου
3285 3347 3426 3416 μετά
3471 3348 3588 3407 τοὺς
3630 3347 3793 3414 ἑσπερι-

604 3433 880 3503 Vesperis,
911 3439 1225 3508 congregati
1260 3450 1434 3504 erant,
1473 3450 1532 3495 ut
1571 3442 1781 3498 ferebat
1813 3443 2177 3504 consuetudo,

603 3524 811 3579 circum
858 3525 1185 3597 Symeonem
1221 3529 1510 3601 discipuli;
1541 3535 1634 3604 qui
1671 3536 1794 3589 illos
1826 3536 1895 3590 de
1924 3550 2076 3590 more
2109 3535 2178 3589 ad

600 3615 939 3686 vigilandum
982 3627 1143 3675 nocte
1177 3621 1279 3676 ista
1331 3624 1655 3679 hortabatur
1696 3645 1708 3680 :
1745 3625 1942 3681 deinde
1979 3626 2179 3683 docere

600 3721 697 3761 eos
748 3708 1039 3778 incipiens,
1083 3715 1415 3782 quaestiones
1446 3717 1709 3784 quasdam
1752 3711 2087 3774 difficiliores
2115 3734 2180 3773 ac

601 3799 977 3868 parabolasin
1026 3806 1268 3859 medium
1305 3808 1547 3876 prolatas
1590 3809 1939 3877 elucidabat;
1980 3826 2086 3880 qua
2121 3826 2178 3865 re

602 3890 679 3944 ita
702 3892 942 3949 suaviter
971 3894 1240 3951 alliciebat
1270 3898 1499 3952 illorum-
1521 3902 1753 3966 animos,
1790 3912 2051 3972 tantoque
2078 3902 2177 3957 Dei

606 3982 801 4038 timore
822 3985 1191 4043 ac‘duleedine
1215 3988 1422 4045 doloris
1443 4006 1539 4045 cor
1556 3992 1916 4048 exhilarantis
1935 3994 2181 4049 cumula-

603 4072 715 4139 bat,
742 4082 803 4130 ιιι
823 4077 971 4145 quod
997 4078 1060 4133 de
1094 4079 1341 4135 sirenum
1367 4091 1530 4136 cantu
1554 4081 1760 4138 dicitur
1782 4085 2177 4154 pr0pemodum

604 4165 661 4218 in
684 4179 742 4221 se
763 4169 1168 4237 experirentur;
1199 4182 1563 4244 praeterquam
1585 4176 1730 4246 quod
1758 4175 2178 4233 delectationem

605 4254 765 4309 istam
796 4260 1240 4328 consequebatur
1281 4279 1451 4328 mors,
1481 4265 1623 4320 hanc
1664 4267 2045 4323 immortalitas
2090 4284 2182 4323 ex-

604 4342 791 4413 cipiat.
822 4346 1029 4402 .Finito
1079 4349 1247 4419 igitur
1296 4367 1549 4409 sermone
1608 4356 1926 4425 Symeonis,
1985 4358 2181 4413 fratres

606 4444 900 4491 consuetas
927 4426 1117 4506 preces
1145 4440 1379 4497 fundere
1412 4454 1736 4513 caaperunt;
1772 4462 2007 4516 cumque
2038 4448 2182 4517 psal-

605 4542 754 4585 mum
784 4527 937 4580 Beali
964 4531 1297 4585 immaculali
1318 4533 1372 4586 in
1404 4536 1511 4597 via,
1545 4536 1631 4604 qui
1665 4537 1942 4591 ambulant
1972 4539 2026 4592 in
2069 4539 2181 4610 lege

605 4614 859 4683 Domini,
896 4618 1225 4686 recitarent,
1261 4624 1512 4692 apparuit
1562 4634 1751 4680 sancto
1787 4626 2037 4683 Christus
2068 4629 2177 4683 Do-

606 4709 792 4764 minus
852 4710 1111 4779 praeclara
1176 4712 1231 4766 in
1291 4714 1523 4781 visione,
1577 4726 1760 4772 astans
1809 4734 1837 4773 a
1916 4720 2177 4775 dexteris.

606 4801 678 4858 Ut
696 4801 836 4857 vidit
870 4802 983 4869 ille,
1017 4811 1078 4857 ut
1100 4814 1289 4859 mente
1319 4807 1643 4874 illustratus,
1671 4825 1844 4881 eaque
1880 4817 1995 4867 tota
2024 4813 2182 4868 abre-

606 4901 736 4961 ptus
769 4903 885 4958 est;
920 4908 1032 4949 non
1061 4895 1476 4965 quiescentibus
1507 4908 1685 4955 tamen
1717 4902 1894 4968 labiis,
1931 4920 2036 4958 nec
2066 4920 2180 4959 cm-

607 4993 757 5053 ptam
787 4986 1092 5042 orationem
1132 4989 1643 5046 intermittentihus.
1674 4994 1886 5049 interea
1920 4995 2182 5050 cernebat

609 5074 763 5141 quasi
812 5089 1091 5143 passerem
1140 5092 1305 5146 supra
1340 5077 1573 5133 fratrum
1624 5082 1803 5150 capita
1831 5083 2182 5138 circumvoli-

611 5171 837 5225 tantem,
886 5165 1117 5235 hymnos
1145 5182 1269 5221 cum
1303 5168 1438 5237 ipsis
1466 5170 1785 5226 suavissime
1814 5188 2030 5240 canere,
2061 5189 2182 5227 mo-

608 5268 737 5308 vere
770 5254 1011 5324 linguam
1047 5257 1241 5322 eodem
1271 5274 1383 5327 quo
1412 5259 1512 5329 ipsi
1558 5260 1743 5325 modo,
1775 5263 1995 5318 easdem
2044 5280 2182 5334 quas

608 5343 710 5412 ipsi
734 5345 1137 5403 modulationes
1169 5365 1421 5419 promere
1448 5353 1549 5423 (uti
1575 5353 1774 5409 deinde
1806 5355 1938 5424 ipsis
1961 5372 2179 5426 quoque

606 5432 1032 5507 manifestavit):
1060 5437 1347 5497 infallibile
1368 5443 1591 5499 omnino
1614 5445 2007 5513 testimonium,
2033 5448 2179 5518 quod

598 5522 907 5591 jucundum
937 5537 1082 5585 esset
1121 5530 1253 5598 Deo,
1303 5530 1608 5590 secundum
1665 5537 2009 5607 prophetam,
2062 5540 2181 5596 elo~

605 5617 797 5685 quium
831 5634 964 5674 coru
974 5637 1025 5676 ιιι
1054 5623 1121 5675 ".

670 5751 725 5824 ,⁸ο
772 5753 916 5811 Psal.
958 5775 1068 5827 cur,
1115 5761 1211 5817 35.

2204 4680 2258 4740 D

2281 3442 2405 3505 νοῦς
2455 3440 2677 3509 ὕμνους,
2727 3438 2869 3492 κατὰ
2921 3438 2981 3490 τὸ
3024 3436 3250 3507 σύνηθες
3277 3439 3388 3489 τῶν
3439 3436 3673 3508 μαθητῶν
3704 3433 3793 3501 περὶ

2281 3534 2440 3588 αὐτὸν
2456 3532 2521 3586 ἀθ
2532 3532 2871 3600 ροισθέντων,
2902 3530 3227 3601 ἀγρυπνίαν,
3253 3529 3324 3591 ὡς
3339 3529 3485 3596 ἔθος,
3516 3528 3702 3597 ἐκείνης
3726 3525 3795 3579 αὖ·

2280 3628 2392 3687 τοῖς
2412 3625 2513 3694 τῆς
2537 3602 2727 3685 νυκτὸς
2748 3621 3121 3690 παραγγείλας
3140 3638 3154 3651 ·
3184 3617 3301 3673 εἶτα
3321 3621 3654 3683 διδασκαλίας
3671 3615 3794 3685 ἀρξάο

2284 3733 2462 3785 μενος,
2492 3712 2793 3782 αίνίγματά
2811 3729 2873 3764 τε
2891 3713 2985 3764 καὶ⁹
3014 3710 3327 3783 παραϐολὰς
3356 3712 3539 3773 αὐτοῖς
3571 3707 3795 3781 προτείνας

2280 3809 2376 3862 καὶ
2404 3806 2686 3871 ὲπιλύσας,
2715 3801 2890 3865 οὕτως
2918 3802 3093 3855 αὐτῶν
3117 3801 3335 3872 διέθηκε
3384 3803 3488 3867 τὰς
3522 3801 3695 3871 ψυχὰς,
3726 3796 3791 3848 καὶ

2279 3897 2530 3953 τοσοῦτον
2589 3897 2780 3955 αὑταῖς
2815 3893 3070 3960 ἐνέσταξε
3131 3895 3274 3947 θεῖον
3328 3896 3513 3963 φόϐον,
3543 3895 3627 3949 καὶ
3664 3891 3792 3955 λύπης

2281 3989 2505 4060 καρδίαν
2538 3984 2934 4058 εὐφραινούσης
2966 3983 3298 4054 γλυκύτητα,
3333 3985 3412 4050 ὡς
3449 3983 3630 4056 μικροῦ
3657 3981 3729 4036 καὶ
3752 3977 3793 4028 τὸ

2280 4078 2388 4132 τῶν
2408 4078 2682 4150 ᾀδομένων
2710 4078 2907 4139 αὐτοὺς
2934 4076 3207 4146 σειρὴνων.
3229 4076 3443 4141 παθεῖν,
3475 4076 3604 4147 πλὴν
3619 4076 3718 4127 ὅσον
3736 4069 3790 4128 εἰς

2282 4170 2511 4224 θάνατον
2544 4170 2642 4240 μὲν
2669 4170 2786 4222 ἐκεῖ
2816 4167 2876 4220 τὸ
2905 4166 3113 4232 θέλγον,
3134 4166 3365 4220 ἐνταῦθα
3397 4168 3456 4221 δὲ
3487 4163 3714 4221 τελευτῶν
3736 4162 3789 4219 εἰς

2282 4259 2601 4314 ἀθανασίαν.
2634 4258 2747 4327 Τὴν
2775 4255 3121 4310 διδασκαλίαν
3150 4254 3207 4308 δὲ
3246 4256 3345 4327 τῆς
3377 4257 3631 4327 συνήθους
3658 4250 3788 4307 αὐτοῖς

2282 4352 2447 4421 εὐχῆς
2475 4348 2884 4419 διαδεξαμένης,
2914 4347 3008 4401 καὶ
3067 4346 3159 4400 τὸν
3207 4348 3575 4419 μακαρίζοντα
3622 4340 3789 4403 τοὺςὲν

2281 4445 2386 4514 ὀδῷ
2415 4442 2630 4513 ἀμώμῳ
2657 4439 2894 4510 ψαλμὸν,
2935 4441 3061 4503 τοὺς
3109 4440 3165 4494 ἐν
3201 4441 3348 4509 νόμῳ
3392 4438 3590 4531 Κυρίου
3619 4444 3786 4531 πορενοί

2286 4533 2498 4604 μένους,
2517 4532 2604 4587 διὰ
2639 4533 2903 4601 στόματος
2929 4532 3161 4601 ἐχόντων
3186 4531 3385 4594 αὐτῶν,
3405 4529 3712 4600 ἐπιφαίνεται
3734 4529 3788 4588 τῷ

2283 4623 2508 4694 Συμεὼν
2535 4625 2564 4677 ὁ
2594 4622 2870 4691 Δεσπότης
2902 4620 3163 4691 Χριστὸς,
3188 4621 3467 4694 μακαρίας
3497 4619 3685 4688 ἐκείνης
3699 4617 3783 4667 ἔτι·

2284 4717 2509 4786 φανείας
2560 4715 2625 4768 ἐκ
2669 4712 2859 4777 δεξιῶν
2891 4711 3040 4783 αὑτῷ
3082 4713 3400 4782 παρεστώς·
3448 4713 3537 4766 καὶ
3574 4709 3689 4779 1:96;
3718 4703 3785 4772 μὲν

2281 4807 2403 4876 ὄψιν
2432 4808 2461 4859 ό
2489 4806 2611 4869 νοῦς
2644 4805 2961 4874 ὲφωτίζετο,
2993 4807 3088 4859 καὶ
3125 4806 3247 4869 ὅλος
3276 4807 3488 4878 ἐκείνης
3523 4804 3715 4873 ἐγίνετο.
3740 4795 3786 4847 τά

2281 4895 2432 4966 χείλη
2463 4895 2518 4948 δὲ
2551 4895 2651 4949 οὐκ
2678 4893 2897 4964 ἠρέμει,
2948 4894 3070 4947 οὐδὲ
3101 4894 3508 4964 ἀπελιμπάνετο
3536 4893 3623 4962 τῆς
3645 4886 3780 4956 eiii-'-

2296 4987 2384 5038 Ἐν
2439 4985 2677 5055 τοσούτῳ
2730 4984 2788 5038 δὲ
2835 4985 2968 5039 ὡσεὶ
3018 4986 3296 5057 στρουθίον
3351 4988 3383 5039 ὁ
3439 4984 3647 5056 Συμεὼν
3687 4978 3784 5042 ὑπὲρ

2281 5079 2523 5147 κεφαλῆς
2554 5087 2677 5144 τοῖς
2723 5078 2973 5148 ἀδελφοῖς
3037 5080 3184 5149 ἐώρα
3232 5079 3660 5150 πριιπτάμενον,
3695 5086 3783 5122 συνε

2280 5169 2608 5242 υμνολογοῦν
2636 5187 2695 5221 τε
2730 5170 2913 5231 αὐτοῖς
2949 5168 3140 5240 ἥδιστα
3188 5169 3282 5222 καὶ
3321 5171 3559 5241 συνᾷδον,
3594 5163 3783 5264 καθάπερ

2279 5266 2475 5336 ἐπίσης
2492 5264 2719 5326 ἐκείνοις
2761 5265 2857 5315 καὶ
2889 5261 3136 5331 γλῶτταν
3167 5262 3372 5324 κινοῦν,
3411 5263 3501 5316 καὶ
3540 5260 3713 5318 τούτοις
3738 5260 3784 5300 τά

2283 5358 2425 5410 αὐτὰ
2455 5355 2962 5426 συμφθεγγόμενον,
3021 5354 3096 5418 ὡς
3153 5354 3290 5422 μετὰ
3335 5355 3502 5409 ταῦτα
3538 5352 3622 5405 καὶ
3648 5344 3781 5401 αὐτοῖς

2284 5446 2580 5502 καθίστατο
2628 5446 2808 5514 δῆλον.
2869 5446 3048 5516 Ὅπερ
3097 5440 3189 5498 οῦν
3250 5445 3535 5516 ἡδυνθῆναι
3569 5439 3688 5497 κατὰ
3720 5432 3782 5485 ti”

2284 5541 2579 5610 Προφήτην
2619 5537 2736 5608 Θεῷ
2768 5537 2867 5611 τὴν
2908 5538 3133 5594 ἐκείνων
3160 5536 3428 5608 διαλογὴν,
3462 5534 3664 5606 ἀψευδὲς
3688 5526 3782 5580 τίνι

2285 5650 2392 5695 τως
2428 5630 2748 5703 μαρτύριον.
3402 5648 3405 5649 ⁷
