4026 6292
258 338 378 394 3105

1237 337 1415 401 VITA
1452 338 1501 396 Α
1534 332 1973 397 ΝΗΣΕΡΗΟΒΟ
2010 332 2488 395 CONSCRIPTA.

3334 331 3483 397 3106

1680 468 1905 528 CAPUT
1935 468 2076 524 XVI.

761 592 825 649 In
852 594 1078 648 caritate
1103 607 1331 648 annona:
1361 593 1687 663 frumentum
1726 586 2048 658 multiplicat
2075 594 2123 640 et
2148 587 2239 639 diu
2273 594 2547 642 conservat
2588 585 2950 640 imminutum.

311 710 419 775 ρκη⁹
489 703 697 760 Ἐκεῖνο
743 705 800 759 δὲ
857 707 975 770 πιῖις
1024 708 1124 761 οὐκ
1160 707 1311 772 ἄξιον
1354 707 1667 779 προσθεῖναι
1696 710 1807 768 τοῖς
1839 708 1884 762 Α
1982 696 2104 750 ηδ·
2140 695 2279 749 "Iud
2314 710 2481 765 Ροιτο
2526 695 2622 766 qui
2666 695 2785 750 ﬁeri
2816 700 2999 764 Ροίθδε
3048 701 3111 748 ω
3157 694 3488 765 δυρτδάίαίδ

248 797 575 866 ιίρημένοιςς
608 795 690 849 ὅτι
725 796 858 867 μηδὲ
889 797 1071 867 ὀλίγου
1100 799 1230 853 ποτὲ
1292 800 1437 853 σίτου
1466 799 1545 869 τῷ
1572 799 1808 869 ταμιείῳ

249 888 335 957 τῆς
365 888 529 957 μονῆς
568 886 1054 958 ὑπολελειμμένου,
1085 889 1144 942 τὸ
1177 889 1275 960 μὲν
1310 891 1403 944 καὶ
1439 890 1574 959 πρὸς
1600 891 1660 943 τὸ
1686 907 1810 943 στε-

249 982 327 1033 νὸν
358 981 452 1050 τῆς
478 980 761 1050 παρούσης
799 983 849 1035 οἱ
896 982 1136 1053 μαθηταὶ
1167 983 1377 1054 διαίτης
1404 984 1716 1054 ἀχθόμενοι,
1749 984 1811 1036 τὸ

249 1074 297 1126 δὲ
336 1072 425 1124 καὶ
467 1071 605 1141 πρὸς
648 1072 708 1125 τὸ
751 1072 940 1142 μέλλον
970 1068 1080 1143 (οἶα
1118 1077 1231 1139 τοῖς
1268 1074 1625 1145 μικροψύχοις
1668 1073 1812 1143 φιλεῖ

253 1163 582 1231 συμϐαίνειν)
635 1163 893 1232 ὁρῶντες,
945 1164 1330 1233 προσελθόντες
1373 1166 1528 1235 αὐτῷ
1589 1165 1807 1231 πάντες,

247 1256 496 1323 τέσσαρες
529 1253 622 1305 ἐπὶ
658 1252 951 1323 τριάκοντα
987 1255 1088 1325 ἤδη
1118 1256 1209 1308 τὸν
1238 1257 1469 1328 ἀριθμὸν
1504 1257 1676 1319 ὄντες,
1717 1255 1811 1319 οὒς

246 1344 345 1396 ἀπὸ
372 1343 642 1411 διαφόρων
682 1344 870 1399 ἰάσατο
916 1347 1104 1401 παθῶν
1142 1348 1175 1418 ἢ
1207 1348 1469 1417 πληγῶν,
1523 1347 1812 1419 ἐπιτρέψαι

251 1435 420 1497 αὐτοῖς
466 1434 653 1503 ἠξίουν
710 1434 1010 1506 λαμϐάνειν
1062 1435 1131 1488 τὰ
1178 1437 1617 1507 προσφερόμενα,
1657 1430 1813 1505 ὲερίἶι

251 1525 491 1595 αὐτάρκη
518 1541 577 1577 τε
615 1524 679 1576 τὸ
714 1526 913 1595 παρὸν,
942 1526 1078 1580 ἀλλὰ
1107 1526 1199 1579 καὶ
1233 1527 1370 1598 πρὸς
1398 1528 1457 1580 τὸ
1485 1528 1677 1597 μέλλον
1712 1527 1813 1582 αύ-

250 1620 356 1680 τοῖς
379 1614 521 1671 εἶναι
548 1617 616 1670 τὰ
640 1617 937 1685 ἀναγκαῖα,
971 1618 1133 1671 Ὥστε
1170 1617 1231 1670 σὲ
1276 1619 1369 1671 καὶ
1400 1619 1527 1682 τοὺς
1554 1608 1654 1688 τῆς
1677 1619 1814 1689 ἡμε-

251 1705 426 1773 τέρας,
458 1705 613 1771 φασὶ,
649 1706 924 1776 σωτηρίας
958 1707 1182 1776 μισθοὺς
1221 1708 1572 1778 κομίσασθαι,
1615 1709 1702 1763 ἵνα
1739 1709 1813 1780 μὴ

251 1797 323 1864 τῷ
354 1796 492 1863 ἄγαν
522 1796 740 1867 σκληρῷ
773 1814 833 1849 τε
865 1801 959 1850 καὶ
987 1800 1230 1869 ὲπιπόνῳ
1258 1804 1356 1870 τῆς
1391 1794 1538 1872 παρὰ
1563 1802 1644 1854 σοὶ
1664 1803 1815 1866 ἀγω-

251 1884 349 1953 γῆς
399 1886 806 1953 ἐκκακήσαντες
851 1886 1061 1939 ἐνθένδε
1103 1889 1540 1959 ἀπαναστῶμεν·
1582 1892 1667 1942 σοὶ
1705 1890 1817 1961 γὰρ

246 1969 386 2035 οἶδας
414 1975 493 2026 ὅτι
523 1974 618 2026 καὶ
643 1974 874 2045 σώματα
924 1977 1020 2030 καὶ
1066 1976 1245 2049 ψυχὰς
1268 1979 1472 2035 ἑαυτῶν
1492 1980 1813 2048 ἁνεθέμεθα.

1909 801 2021 841 non
2068 784 2395 856 adiungam?
2422 785 2544 839 Non
2586 785 2693 840 nisi
2721 785 2951 855 exiguus
2994 783 3329 855 quandoque
3373 784 3492 839 fruo
3561 820 3569 826 -

1908 879 2081 935 menti
2104 893 2372 933 numerus
2400 879 2458 932 in
2485 879 2688 934 horreo
2715 878 3040 933 monasterii
3076 879 3325 949 reliquus
3349 885 3487 942 erat,

1907 983 2036 1024 cum
2081 969 2336 1037 discipuli
2370 969 2567 1039 partim
2616 969 2689 1023 ob
2736 968 3022 1039 praesentis
3061 983 3291 1023 annonae
3350 968 3492 1022 cari-

1910 1068 2079 1116 tatem
2131 1060 2316 1126 anxii,
2369 1060 2570 1129 partim
2604 1060 2673 1115 de
2719 1061 2909 1115 futuro
2968 1060 3070 1130 (uti
3124 1058 3493 1129 pusillanimis

1911 1157 2052 1212 solet
2093 1156 2375 1224 accidere)
2402 1155 2646 1220 solliciti,
2680 1162 3032 1209 accesserunt
3064 1153 3133 1207 ad
3167 1153 3490 1223 Symeonem
3546 1144 3551 1171 ἶ

1911 1247 2076 1302 simul
2125 1261 2338 1312 omnes,
2384 1249 2494 1319 jam
2546 1254 2785 1316 quatuor
2836 1252 2894 1298 et
2957 1243 3180 1313 triginta
3236 1255 3492 1306 numero,

1910 1352 2149 1408 quorum
2175 1338 2564 1394 diversimodis
2597 1335 3024 1407 aegritudinibus
3059 1335 3494 1402 vulneribusque

1913 1429 2222 1484 medicatus
2269 1428 2362 1484 ille
2407 1429 2621 1495 fuerat;
2677 1427 2998 1497 ﬂagitabant
3042 1434 3225 1480 autem
3270 1425 3499 1480 faculta-

1915 1526 2027 1575 tem
2062 1518 2168 1573 sibi
2206 1518 2325 1573 ﬁeri
2363 1518 2671 1588 accipiendi
2698 1518 2810 1584 illa,
2839 1532 2963 1586 quae
2994 1516 3404 1581 atterebantur:
3436 1524 3498 1570 ut

1914 1609 2183 1665 haberent
2228 1610 2376 1680 quod
2421 1608 2766 1679 praesentiet
2800 1609 3000 1664 futurae
3037 1604 3498 1667 necessitathsuf-

1916 1699 2145 1755 ticeret:
2181 1700 2252 1755 Ut
2293 1700 2486 1755 salutis
2526 1714 2749 1770 quoque
2792 1709 3000 1754 nostra:
3028 1700 3359 1764 mercedem,
3414 1697 3498 1751 in-

1917 1791 2147 1860 quiunt,
2194 1800 2479 1860 reportes;
2543 1806 2615 1845 ne
2663 1790 2896 1845 nimium
2957 1805 3151 1846 severo
3190 1791 3495 1845 laborioso-

1918 1897 2027 1951 que
2047 1881 2193 1951 apud
2224 1890 2279 1936 te
2311 1880 2441 1936 vita:
2463 1881 2718 1937 instituto
2748 1883 3044 1936 exanimati
3071 1883 3202 1936 hinc
3245 1882 3500 1937 disceda-

1920 1988 2082 2026 mus:
2112 1972 2211 2026 tibi
2228 1971 2459 2041 quippe,
2490 1981 2552 2025 ut
2579 1972 2694 2040 ipse
2721 1973 2890 2038 nosti,
2929 1987 3161 2043 corpora
3209 1974 3418 2042 pariter
3445 1981 3503 2027 et

262 2065 319 2119 Ὀ
368 2066 424 2119 δὲ
469 2066 627 2136 πράῳ
658 2067 736 2136 τῷ
763 2066 905 2137 ἤθει,
936 2070 1223 2140 πραοτέρῳ
1263 2071 1320 2123 δὲ
1354 2071 1447 2125 καὶ
1489 2074 1820 2143 φρονήματι,

1924 2064 2136 2119 animas
2173 2075 2392 2120 nostras
2436 2066 2836 2122 commisimus.
2890 2065 3126 2120 Sanctus
3173 2074 3358 2119 autem
3408 2064 3503 2121 be-

246 2156 613 2227 μικροψυχίαν
654 2158 838 2221 αὐτοῖς
884 2159 1069 2229 ἡρέμα
1112 2163 1540 2231 προσονειδίσας,
1572 2159 1690 2217 εἶτα
1727 2166 1823 2219 καὶ

246 2249 324 2311 είς
347 2249 652 2319 ὑπόμνησιν
681 2250 837 2319 ἐνῆγε
865 2252 973 2303 τῶν
1005 2251 1100 2304 τοῦ
1137 2252 1273 2305 Θεοῦ
1308 2253 1645 2324 θαυμασίων,
1675 2257 1824 2319 ὅπως

249 2339 350 2408 μὲν
379 2340 429 2392 οἱ
472 2339 564 2392 τοῦ
592 2339 832 2409 Χριστοῦ
876 2340 1135 2411 μαθηταὶ,
1181 2341 1277 2394 τοῦ
1306 2343 1526 2410 πρώτου
1559 2345 1824 2412 Ποιμένος

248 2430 341 2485 καὶ
380 2429 731 2495 Διδασκὰλου,
772 2430 849 2502 τῷ
895 2431 1003 2485 τῶν
1046 2430 1220 2500 ὄχλων
1250 2434 1445 2504 πλήθει
1473 2434 1603 2487 ποτὲ
1637 2436 1826 2504 δυσχε-

250 2522 523 2591 ραίνοντες
553 2517 686 2588 εἶεν,
716 2523 805 2578 διά
841 2540 902 2575 τε
930 2524 1030 2594 τὴν
1069 2525 1262 2594 ἄφιλον
1307 2525 1543 2597 ἐρημίαν
1585 2526 1821 2596 ἐκείνην,

248 2612 341 2665 καὶ
365 2612 462 2681 τὴν
498 2612 607 2665 τῶν
638 2612 821 2683 ἄρτων
851 2612 1060 2668 ἔνδειαν
1085 2631 1099 2646 ο
1135 2617 1283 2680 ὅπως
1336 2617 1394 2670 δὲ
1443 2616 1604 2671 πέντε
1639 2617 1825 2687 ἄρτοις

246 2703 407 2765 αὐτὸς
431 2704 713 2773 χορτάσειε
750 2708 1216 2779 πεντακισχιλίους
1245 2709 1461 2777 ἄνδρας,
1487 2708 1568 2761 ἔτι
1601 2708 1693 2760 καὶ
1721 2707 1826 2760 δώ-

244 2794 380 2847 δεκα
423 2793 676 2862 κοφίνους
719 2796 923 2860 αὐτοῖς,
958 2798 1025 2851 τὰ
1061 2799 1475 2869 περισσεύματα
1497 2797 1606 2851 τῶν
1646 2797 1825 2867 ἄρτων

247 2883 681 2954 ὑπολιπόμενοςο
715 2886 864 2950 ὅπως
896 2886 954 2939 δὲ
987 2887 1149 2942 πάλιν
1191 2887 1377 2957 ἄρτοις
1415 2886 1553 2939 ἑπτὰ
1578 2887 1825 2957 κορέσειε

244 2975 735 3047 τετρακισχιλίους,
808 2976 938 3031 ἄνευ
986 2978 1260 3047 γυναικῶν
1302 2979 1394 3032 καὶ
1428 2977 1675 3031 παιδίων.
1719 2976 1828 3030 Καὶ

245 3065 344 3123 νῦν
375 3067 440 3120 σὺ
483 3064 534 3120 εί
582 3067 767 3134 αὐτὸς,
814 3069 969 3139 φησὶ,
1010 3072 1040 3123 6
1085 3069 1350 3133 Βασιλεύς
1391 3085 1491 3139 μου
1517 3069 1611 3122 καὶ
1641 3069 1669 3120 ὁ
1694 3067 1826 3130 Θεός

247 3173 376 3227 μου,
405 3156 463 3219 ὃς
499 3157 810 3213 ἐπιϐλέπων
839 3161 934 3212 ἐπὶ
955 3161 1055 3230 τὴν
1091 3161 1369 3231 ὑπομονὴν
1399 3159 1579 3230 ἡμῶν,
1607 3157 1823 3211 ἐπιϐλέ-

242 3249 370 3317 ψεις
393 3250 490 3302 καὶ
519 3251 578 3302 οὐ
607 3252 862 3321 παρόψει.
895 3252 967 3304 Σὺ
994 3252 1104 3323 γὰρ
1130 3253 1217 3306 διὰ
1239 3255 1336 3323 τῆς
1362 3254 1457 3305 τοῦ
1486 3251 1579 3305 σοῦ
1612 3251 1829 3320 Προφή-

244 3357 343 3393 του
388 3342 661 3405 διδάσκεις
698 3359 764 3413 με
801 3342 1077 3413 γλώττης,
1132 3347 1254 3399 Οὐκ
1300 3345 1473 3399 ἔστιν
1493 3342 1822 3410 ὑστέρημα,

243 3431 535 3500 λεγούσης,
581 3433 705 3499 τοῖς
758 3434 1152 3502 φοϐουμένοις
1203 3448 1297 3500 σε,
1338 3436 1436 3488 καί
1480 3436 1621 3499 τοὺς
1655 3433 1824 3501 ἐκζη-

242 3525 506 3590 τοῦντάς
555 3541 630 3580 σε
677 3527 967 3595 μηδαμῶς
1029 3527 1552 3593 ἐλαττωθήσεσθαι
1603 3525 1827 3589 παντὸς

245 3612 496 3681 ἀγαθοῦ.
520 3614 585 3665 Εἰ
620 3614 675 3666 δὲ
709 3615 784 3685 μὴ
811 3616 981 3686 ταύτῃ
1008 3615 1155 3668 δοκεί
1196 3617 1287 3668 καὶ
1316 3618 1449 3686 ἡμῖν
1487 3616 1580 3686 [an
1612 3612 1824 3684 ύμῖν’ῖ],

249 3701 636 3772 σπαράττομαι
671 3704 767 3773 μὲν
807 3704 907 3757 ὅσα
935 3704 1031 3757 καὶ
1062 3706 1243 3775 πατὴρ
1275 3706 1346 3759 τὰ
1380 3707 1682 3776 σπλάγχνα,
1717 3705 1829 3758 ὥσ-

247 3807 361 3861 περ
376 3793 543 3857 είκδς,
566 3793 659 3846 καὶ
679 3794 799 3847 λίαν
818 3795 969 3862 ἀλγῶ
986 3795 1086 3866 τὴν
1106 3796 1394 3860 διάζευξιν.
1415 3797 1601 3864 Ὅμως
1623 3798 1828 3850 ἀνεῖται

246 3885 409 3939 πᾶσα
430 3884 556 3953 ὑμῖν
584 3884 721 3948 ὁδὸς,
745 3879 791 3939 ὦ
812 3886 976 3941 τέκνα
998 3889 1092 3939 καὶ
1114 3887 1331 3956 ἀδελφοί
1346 3903 1360 3919 ο
1390 3887 1686 3957 πορευτέον
1705 3886 1832 3940 ἑκά-

248 3991 368 4046 στῳ
392 3974 577 4029 λοιπὸν
603 3977 668 4045 ἢν
694 3975 959 4046 βούλοιτο.

325 4067 469 4137 ρκθ’.
503 4066 643 4136 Πρὸς
673 4067 845 4122 ταῦτα
870 4067 992 4121 δυσ)⁸
1022 4068 1217 4122 πάθεσι
1249 4068 1460 4132 τούτοις
1500 4071 1549 4123 οἱ
1583 4068 1826 4140 μαθηταὶ

247 4157 408 4226 φόϐῳ
442 4158 535 4208 καὶ
556 4157 702 4227 χαρᾷ
733 4157 1102 4227 μερισθέντες,
1130 4159 1191 4211 τὸ
1221 4158 1318 4225 μὲν
1369 4158 1458 4211 διὰ
1501 4158 1602 4229 τὴν
1649 4158 1828 4212 ἐπιτί-

1923 2154 2091 2225 nigno
2112 2157 2289 2221 vultu,
2321 2156 2645 2226 benigniore
2699 2158 2865 2212 etiam
2913 2158 3118 2223 animo,
3149 2156 3506 2227 pusillanimi-

1925 2251 2091 2321 tatem
2152 2245 2287 2315 ipsis
2341 2247 2603 2315 paulatim
2654 2247 3017 2317 exprobrans,
3056 2247 3125 2302 ad
3180 2248 3502 2301 memoriam

1924 2335 2201 2389 revocavit
2227 2336 2501 2390 mirabilia
2526 2352 2557 2390 a
2588 2337 2701 2392 Deo
2722 2338 2962 2406 praestita
2984 2353 3182 2407 Opera;
3224 2338 3503 2407 quomodo

1924 2442 2123 2497 nempe
2149 2427 2409 2496 discipuli
2433 2427 2659 2494 Christi,
2688 2429 2853 2499 primi
2875 2429 3121 2485 Pastoris
3138 2438 3303 2499 atque
3335 2430 3503 2500 Magi-

1926 2518 2048 2584 stri,
2086 2517 2269 2570 turbis
2298 2516 2596 2586 aliquando
2625 2519 2992 2587 sequentibus
3019 2530 3246 2589 propter
3273 2519 3505 2575 inamoe-

1925 2618 2051 2660 nam
2084 2606 2441 2661 solitudinem
2468 2608 3041 2679 panumqueinopiam
3075 2610 3341 2680 indignati
3367 2610 3505 2665 fuis~

1926 2706 2087 2750 sent:
2120 2697 2400 2765 quomodo
2438 2706 2627 2752 autem
2675 2698 2931 2754 Christus
2980 2701 3226 2770 quinque
3267 2699 3506 2769 panibus

1926 2788 2155 2842 totidem
2182 2789 2470 2845 hominum
2494 2792 2667 2846 millia
2694 2807 2949 2862 pascens,
2984 2793 3281 2862 reliquerit
3336 2794 3505 2847 etiam

1926 2878 2218 2934 duodecim
2248 2881 2540 2949 cophinos,
2574 2883 2644 2936 iis
2671 2899 2792 2953 quae
2827 2885 3213 2939 redundabant
3246 2885 3503 2954 oppletis;

1926 2978 1984 3024 et
2005 2971 2286 3039 quomodo
2310 2986 2503 3026 rursus
2521 2982 2738 3042 septem
2772 2975 3010 3043 panibus
3035 2984 3271 3044 quatuor
3310 2974 3504 3039 millia,

1927 3063 2168 3132 exceptis
2210 3063 2433 3119 feminis
2461 3068 2784 3136 puerisque,
2841 3075 3163 3121 saturasset.
3220 3067 3362 3121 Tum
3417 3066 3507 3120 in-

1927 3154 2068 3222 quit,
2091 3153 2403 3208 Etiamnum
2433 3164 2491 3209 tu
2521 3157 2637 3225 ipse
2661 3171 2742 3220 es,
2765 3156 2881 3209 Rex
2914 3170 3072 3209 meus
3096 3156 3310 3210 etDeus
3329 3167 3504 3221 meus,

1927 3244 2023 3312 qui
2052 3244 2280 3314 respicis
2317 3247 2637 3315 patientiam
2665 3256 2931 3313 nostram,
2985 3247 3391 3316 respiciesque,
3450 3252 3509 3301 et

1930 3348 2042 3387 non
2098 3335 2392 3404 despicies.
2450 3337 2533 3391 Tu
2581 3338 2732 3391 enim
2794 3354 2895 3408 per
2952 3353 3015 3392 os
3068 3338 3360 3407 Prophetas
3426 3337 3508 3391 tui

1932 3428 2099 3482 doces
2129 3445 2237 3493 me,
2262 3430 2535 3485 dicentis:
2560 3432 2681 3485 Non
2737 3440 2813 3484 est
2843 3433 3023 3500 inopia
3062 3431 3370 3484 timentibus
3416 3439 3508 3496 te,-

1928 3526 1977 3570 et
2002 3520 2328 3588 inquirentes
2358 3523 2850 3575 teuonminuentur
2899 3523 3045 3575 omni
3082 3522 3214 3575 bona
3250 3523 3317 3574 ¹¹.
3349 3520 3508 3586 Quod

1928 3609 1974 3663 si
2004 3609 2161 3663 vobis
2212 3625 2432 3679 quoque
2473 3612 2548 3665 ita
2584 3626 2707 3667 esse
2758 3628 2869 3667 non
2925 3613 3201 3677 videatur,
3232 3614 3510 3667 laceraret

1928 3712 2035 3751 non
2054 3698 2213 3751 aliter
2238 3714 2401 3767 quam
2432 3708 2588 3769 pater
2610 3702 2917 3757 visceribus
2944 3705 3102 3770 meis,
3123 3712 3183 3757 ut
3204 3718 3304 3772 par
3326 3711 3431 3768 est,
3450 3711 3510 3760 et

1927 3804 2192 3859 perquam
2214 3792 2412 3845 acerba
2436 3793 2570 3845 mihi
2595 3796 2869 3863 separatio
2894 3796 3074 3849 futura
3102 3805 3266 3849 esset.
3298 3795 3510 3851 Nihilo-

1928 3881 2112 3935 minus
2132 3884 2281 3937 nulla
2305 3884 2461 3938 vobis
2484 3884 2782 3941 interclusa
2802 3889 2887 3941 via
2914 3896 3018 3952 est,
3042 3887 3139 3941 ﬁlii
3162 3889 3466 3958 fratresque
3490 3905 3507 3956 ;

1926 3974 2090 4028 abeat
2125 3975 2360 4045 quisque
2386 3992 2495 4046 quo
2552 3979 2737 4032 animo
2787 3979 3090 4033 collibitum
3122 3995 3223 4035 suo
3248 3980 3441 4035 fuerit.

2002 4067 2124 4122 129.
2159 4069 2257 4123 His
2283 4070 2517 4133 auditis,
2541 4071 2759 4140 gemino
2778 4071 2969 4140 agitati
3000 4072 3203 4128 atiectu
3228 4070 3508 4143 discipuli,

1930 4157 2149 4213 timoris
2187 4158 2382 4226 altero,
2428 4159 2606 4214 altero
2656 4161 2863 4230 gaudii,
2916 4160 3011 4215 illo
3046 4161 3117 4215 ob
3173 4161 3511 4232 increpatio-

248 4263 450 4316 μησιν,
477 4248 538 4299 τὸ
563 4248 621 4299 δὲ
650 4248 864 4310 καὶτὰς
896 4247 1268 4317 χρηστοτέρας
1294 4249 1651 4317 ἐπαγγελίας,
1676 4248 1822 4302 αὑτοὶ

1930 4264 2078 4317 nem,
2109 4250 2217 4304 hoc
2241 4250 2312 4304 ob
2336 4251 2729 4321 promissiones
2767 4252 3051 4322 benignas,
3079 4262 3310 4307 currant
3334 4268 3513 4323 genua

249 4338 360 4409 μὲν
411 4339 541 4405 γόνυ
599 4337 913 4404 κλίναντες,
975 4338 1218 4392 αἰτοῦσιν
1270 4339 1430 4401 εὐθὺς
1482 4341 1822 4409 συγχώρησιν

1933 4357 1998 4395 ac
2017 4340 2231 4395 veniam
2256 4340 2625 4410 deprecantur
2656 4355 2712 4397 et
2743 4343 3060 4412 impetrant.
3094 4344 3333 4415 Symeon
3378 4359 3511 4400 vero

246 4432 354 4485 καὶ
386 4430 756 4499 λαμϐάνουσιν
788 4445 805 4463 ο
836 4433 864 4484 ὁ
895 4430 954 4484 δὲ
982 4430 1074 4485 τὸν
1105 4430 1333 4500 ἀδελφὸν
1364 4431 1649 4485 Ἀντώνιον
1673 4431 1822 4486 καλέ·-

1935 4429 2166 4484 fratrem
2224 4430 2530 4485 Antonium
2603 4430 2754 4501 (erat
2808 4430 2856 4484 is
2909 4445 2940 4484 a
3003 4446 3062 4484 re
3116 4430 3511 4501 frumentaria)

247 4538 355 4583 σας
389 4514 564 4591 (οὗτος
591 4521 699 4592 γὰρ
719 4516 788 4592 ἦν
831 4523 861 4575 6
914 4522 1006 4574 ἐπὶ
1058 4521 1152 4575 τοῦ
1213 4521 1438 4585 σιτῶνος
1472 4522 1822 4593 τεταγμένος)

1932 4519 2224 4576 advocavit
2280 4521 2579 4592 jussitque,
2632 4521 2677 4575 si
2724 4535 2832 4591 qua
2887 4536 3053 4591 grana
3120 4530 3510 4591 superessent,

245 4613 567 4687 ἐκέλευσεν,
610 4611 663 4665 εί
689 4611 792 4665 πού
839 4627 984 4675 τινες
1004 4614 1061 4665 ὲν
1089 4612 1239 4681 αὐτῷ
1265 4613 1454 4667 κόκκοι
1480 4607 1611 4681 εἷεν,
1646 4611 1822 4665 συλλέ·

1937 4611 2171 4665 coliecta
2205 4611 2275 4665 ad
2304 4627 2363 4666 se
2387 4610 2612 4666 afferre.
2642 4611 2737 4665 ille
2759 4621 2884 4682 post
2913 4608 3512 4683 sedulam'inquisitio-

244 4705 428 4771 ξαντα
459 4704 593 4773 πρὸς
622 4704 782 4756 αὑτὸν
832 4704 1097 4769 ἐνεγκεῖν.
1128 4703 1236 4757 Τοῦ
1264 4704 1323 4757 δὲ
1371 4706 1567 4775 κομιδῇ
1615 4702 1822 4769 ὀλίγους

1936 4715 2061 4755 nem
2086 4701 2319 4770 paucula
2341 4700 2590 4770 quaedam
2623 4701 2846 4755 inventa
2875 4703 3130 4756 manibus
3159 4703 3224 4756 ad
3252 4717 3511 4772 magnum

243 4793 535 4863 εὑρόντος,
572 4795 652 4853 είς
682 4794 868 4863 χεῖράς
905 4809 963 4845 τε
993 4792 1072 4862 τῷ
1101 4793 1322 4863 μεγάλῳ
1366 4794 1712 4863 κομίσαντος,
1745 4792 1826 4855 είς

242 4884 488 4952 οὐρανὸν
540 4882 789 4951 ἀνασχὼν
830 4885 1055 4951 ἐκεῖνος,
1093 4885 1152 4937 '0
1176 4885 1307 4948 Θεὸς
1332 4887 1361 4938 6
1408 4885 1826 4956 παντοκράτωρ,

243 4967 434 5036 εἶπεν,
460 4973 488 5024 6
521 4971 698 5034 διδοὺς
731 4973 791 5024 ού
850 4973 1075 5042 κτήνεσι
1129 4976 1309 5043 μόνον,
1366 4975 1488 5027 οὐδὲ
1515 4977 1628 5037 τοῖς
1674 4991 1830 5026 νεοσ-

244 5065 374 5121 σοῖς
415 5062 522 5114 τῶν
553 5065 810 5133 κοράκων
839 5066 951 5126 τοῖς
976 5052 1429 5135 ἐπικαλουμένοις
1463 5083 1552 5132 σε,
1572 5066 1707 5120 ἀλλὰ
1737 5065 1832 5118 καὶ

242 5152 411 5223 πάσῃ
468 5154 634 5222 σαρκὶ
660 5153 863 5225 τροφὴν
896 5155 1099 5220 αὐτῶν,
1132 5157 1163 5209 6
1190 5157 1282 5209 διὰ
1311 5158 1595 5226 σπλάγχνα
1628 5160 1835 5226 οἰκτιρ-

245 5243 382 5312 μῶν
413 5261 529 5308 σου,
556 5245 584 5295 6
611 5244 698 5298 διὰ
744 5245 945 5316 πολλὴν
999 5246 1234 5301 ἄϐυσσον
1279 5248 1381 5317 τῆς
1420 5248 1835 5317 φιλανθρωπίας

243 5351 355 5386 σου
400 5334 586 5405 ἄρτοις
627 5336 832 5403 ὀλίγοις
874 5336 1116 5407 χιλιάδας
1148 5339 1398 5407 κορέσας,
1432 5337 1594 5399 αὐτὸς
1621 5338 1715 5390 καὶ
1745 5336 1834 5389 τὸν

241 5426 471 5492 βραχὺν
504 5425 692 5478 τοῦτον
720 5426 991 5493 πλήθυνον
1023 5429 1191 5492 σῖτον,
1225 5429 1304 5492 είς
1366 5427 1523 5492 δόξαν
1578 5425 1835 5489 αἰνέσεώς

240 5532 377 5575 σου,
408 5518 490 5578 είς
525 5518 875 5588 εὐχαριστίαν
906 5518 1036 5573 λαοῦ
1070 5536 1187 5587 σου,
1232 5522 1312 5584 είς
1361 5518 1832 5591 μεγαλοπρέπειαν

234 5605 349 5657 τοῦ
384 5606 646 5676 ὀνόματός
673 5625 789 5662 σου.

320 5717 370 5748 ⁸⁸
415 5717 557 5771 Psai.
599 5733 783 5784 xxxiii,
843 5719 926 5774 il.

1938 4791 2155 4849 Patrem
2184 4791 2524 4861 apportavit:
2550 4792 2645 4861 qui
2679 4792 2734 4845 in
2764 4792 2963 4848 omium
2982 4793 3174 4847 oculos
3196 4793 3511 4849 intendens:

1937 4881 2104 4947 Deus,
2132 4882 2334 4951 inquit,
2367 4885 2738 4953 omnipotens,
2766 4887 2859 4954 qui
2898 4900 3006 4942 non
3033 4894 3243 4938 tantum
3293 4887 3516 4957 jumen-

1938 4975 2012 5029 tis
2062 4976 2337 5045 pullisque
2387 4991 2677 5031 corvorum
2736 4976 3118 5031 invocantibus
3141 4986 3212 5043 te,
3243 4979 3338 5032 sed
3365 4982 3515 5038 omni

1941 5065 2109 5121 etiam
2164 5066 2315 5119 carni
2363 5065 2461 5121 das
2512 5082 2695 5122 escam
2749 5082 2932 5133 suam;
2997 5067 3090 5136 qui
3140 5083 3240 5135 per
3300 5071 3514 5125 viscera

1939 5154 2334 5209 misericordiae
2362 5166 2487 5220 tum,
2506 5171 2606 5225 per
2632 5156 2860 5210 multam
2888 5156 3156 5210 bonitatis
3197 5164 3302 5210 tute
3356 5157 3515 5227 abys~

1937 5259 2081 5308 sum,
2111 5246 2359 5316 pauculis
2385 5248 2621 5316 panibus
2653 5248 2912 5302 saturasti
2964 5248 3253 5302 hominum
3302 5247 3511 5305 millia:

1938 5335 2055 5390 haec
2076 5352 2297 5407 quoque
2327 5352 2500 5405 pauca
2530 5338 2794 5392 frumenti
2824 5340 3050 5409 granuia
3109 5338 3415 5407 multiplica
3444 5338 3515 5392 ad

1946 5429 2180 5498 gloriam
2209 5429 2412 5501 laudis,
2433 5429 2497 5482 ad
2522 5431 2817 5499 gratiarum
2860 5432 3135 5490 actionem
3197 5428 3409 5501 populi,
3444 5426 3515 5485 ad

1942 5519 2285 5589 majestatem
2315 5520 2554 5575 nominis
2602 5520 2703 5576 tui.
3320 5525 3324 5530 ’
