  <div class='ocr_page' id='page_1' title='image "/cluster/home/n/w/nwhite01/storage/ocr_20150623/86 pt.2/mdp.39015008855424/681.png"; bbox 0 0 3980 6296; ppageno 0'>
   <div class='ocr_carea' id='block_1_1' title="bbox 544 344 689 430">
    <p class='ocr_par' dir='ltr' id='par_1_1' title="bbox 544 344 689 430">
     <span class='ocr_line' id='line_1_1' title="bbox 544 344 689 430; baseline -0.014 0"><span class='ocrx_word' id='word_1_1' title='bbox 544 344 689 430; x_wconf 66' lang='lat'><strong>3107‘</strong></span> 
     </span>
    </p>
   </div>
   <div class='ocr_carea' id='block_1_2' title="bbox 1763 358 2652 424">
    <p class='ocr_par' dir='ltr' id='par_1_2' title="bbox 1763 358 2652 424">
     <span class='ocr_line' id='line_1_2' title="bbox 1763 358 2652 424; baseline -0.001 -3"><span class='ocrx_word' id='word_1_2' title='bbox 1763 362 1835 421; x_wconf 84' lang='lat' dir='ltr'><strong>S.</strong></span> <span class='ocrx_word' id='word_1_3' title='bbox 1876 358 2256 422; x_wconf 79' lang='lat' dir='ltr'><strong>SY‘MEONIS</strong></span> <span class='ocrx_word' id='word_1_4' title='bbox 2290 358 2652 424; x_wconf 78' lang='lat' dir='ltr'><strong>JUNIORIS</strong></span> 
     </span>
    </p>
   </div>
   <div class='ocr_carea' id='block_1_3' title="bbox 3739 350 3866 418">
    <p class='ocr_par' dir='ltr' id='par_1_3' title="bbox 3739 350 3866 418">
     <span class='ocr_line' id='line_1_3' title="bbox 3739 350 3866 418; baseline 0 -1"><span class='ocrx_word' id='word_1_5' title='bbox 3739 350 3866 418; x_wconf 68' lang='lat'><strong>3163</strong></span> 
     </span>
    </p>
   </div>
   <div class='ocr_carea' id='block_1_4' title="bbox 623 462 2133 546">
    <p class='ocr_par' dir='ltr' id='par_1_4' title="bbox 623 467 2129 546">
     <span class='ocr_line' id='line_1_4' title="bbox 623 467 2129 546; baseline -0.005 -16"><span class='ocrx_word' id='word_1_6' title='bbox 623 475 747 531; x_wconf 78' lang='grc'><strong>150.</strong></span> <span class='ocrx_word' id='word_1_7' title='bbox 770 475 850 531; x_wconf 83' lang='lat' dir='ltr'><strong>Ita</strong></span> <span class='ocrx_word' id='word_1_8' title='bbox 871 482 1150 546; x_wconf 78' lang='lat' dir='ltr'><strong>precatus,</strong></span> <span class='ocrx_word' id='word_1_9' title='bbox 1184 470 1455 527; x_wconf 76' lang='lat' dir='ltr'><strong>carbones</strong></span> <span class='ocrx_word' id='word_1_10' title='bbox 1480 467 1764 540; x_wconf 85' lang='lat' dir='ltr'><strong>poposcit;</strong></span> <span class='ocrx_word' id='word_1_11' title='bbox 1826 483 1986 539; x_wconf 90' lang='lat' dir='ltr'><strong>quos,</strong></span> <span class='ocrx_word' id='word_1_12' title='bbox 2033 468 2129 523; x_wconf 91' lang='lat' dir='ltr'><strong>ubi</strong></span> 
     </span>
    </p>
   </div>
   <div class='ocr_carea' id='block_1_5' title="bbox 2237 462 3862 546">
    <p class='ocr_par' dir='ltr' id='par_1_5' title="bbox 2304 462 3862 540">
     <span class='ocr_line' id='line_1_5' title="bbox 2304 462 3862 540; baseline -0.003 -19"><span class='ocrx_word' id='word_1_13' title='bbox 2304 468 2402 540; x_wconf 70' lang='grc' dir='ltr'>ρλθ.</span> <span class='ocrx_word' id='word_1_14' title='bbox 2438 468 2619 521; x_wconf 80' lang='grc' dir='ltr'>Ταῦτα</span> <span class='ocrx_word' id='word_1_15' title='bbox 2638 465 3097 537; x_wconf 77' lang='grc' dir='ltr'><strong>προσευξάμενος,</strong></span> <span class='ocrx_word' id='word_1_16' title='bbox 3116 465 3218 521; x_wconf 73' lang='grc' dir='ltr'><strong>καὶ</strong></span> <span class='ocrx_word' id='word_1_17' title='bbox 3229 465 3554 537; x_wconf 74' lang='grc' dir='ltr'>ἄνθρακας</span> <span class='ocrx_word' id='word_1_18' title='bbox 3582 462 3862 534; x_wconf 55' lang='lat' dir='ltr'><strong>laxe-iam</strong></span> 
     </span>
    </p>
   </div>
   <div class='ocr_carea' id='block_1_6' title="bbox 549 562 2141 642">
    <p class='ocr_par' dir='ltr' id='par_1_6' title="bbox 549 562 2141 642">
     <span class='ocr_line' id='line_1_6' title="bbox 549 562 2141 642; baseline -0.009 -12"><span class='ocrx_word' id='word_1_19' title='bbox 549 571 793 631; x_wconf 77' lang='lat' dir='ltr'><strong>suiiitum</strong></span> <span class='ocrx_word' id='word_1_20' title='bbox 826 571 1112 642; x_wconf 89' lang='lat' dir='ltr'><strong>in‘jccerat,</strong></span> <span class='ocrx_word' id='word_1_21' title='bbox 1141 567 1297 623; x_wconf 87' lang='lat' dir='ltr'><strong>fratri</strong></span> <span class='ocrx_word' id='word_1_22' title='bbox 1331 564 1577 621; x_wconf 88' lang='lat' dir='ltr'><strong>Antonio</strong></span> <span class='ocrx_word' id='word_1_23' title='bbox 1597 580 1704 619; x_wconf 90' lang='lat' dir='ltr'><strong>una</strong></span> <span class='ocrx_word' id='word_1_24' title='bbox 1726 578 1854 619; x_wconf 91' lang='lat' dir='ltr'><strong>eum</strong></span> <span class='ocrx_word' id='word_1_25' title='bbox 1885 562 2141 633; x_wconf 83' lang='lat' dir='ltr'><strong>granulis</strong></span> 
     </span>
    </p>
   </div>
   <div class='ocr_carea' id='block_1_7' title="bbox 549 653 2128 725">
    <p class='ocr_par' dir='ltr' id='par_1_7' title="bbox 549 653 2128 725">
     <span class='ocr_line' id='line_1_7' title="bbox 549 653 2128 725; baseline -0.008 -6"><span class='ocrx_word' id='word_1_26' title='bbox 549 664 609 720; x_wconf 91' lang='lat' dir='ltr'><strong>in</strong></span> <span class='ocrx_word' id='word_1_27' title='bbox 638 676 836 717; x_wconf 88' lang='lat' dir='ltr'><strong>manus</strong></span> <span class='ocrx_word' id='word_1_28' title='bbox 855 660 1046 724; x_wconf 79' lang='lat' dir='ltr'><strong>tradit,</strong></span> <span class='ocrx_word' id='word_1_29' title='bbox 1068 666 1125 713; x_wconf 90' lang='lat' dir='ltr'><strong>et</strong></span> <span class='ocrx_word' id='word_1_30' title='bbox 1162 676 1176 712; x_wconf 90' lang='lat'><strong>:</strong></span> <span class='ocrx_word' id='word_1_31' title='bbox 1206 656 1376 722; x_wconf 77' lang='lat' dir='ltr'><strong>Vade,</strong></span> <span class='ocrx_word' id='word_1_32' title='bbox 1412 655 1610 725; x_wconf 88' lang='lat' dir='ltr'><strong>inquit,</strong></span> <span class='ocrx_word' id='word_1_33' title='bbox 1633 653 1815 709; x_wconf 81' lang='lat' dir='ltr'><strong>sufﬁto</strong></span> <span class='ocrx_word' id='word_1_34' title='bbox 1845 654 2128 720; x_wconf 84' lang='lat' dir='ltr'><strong>horreum,</strong></span> 
     </span>
    </p>
   </div>
   <div class='ocr_carea' id='block_1_8' title="bbox 542 743 2131 823">
    <p class='ocr_par' dir='ltr' id='par_1_8' title="bbox 542 743 2131 823">
     <span class='ocr_line' id='line_1_8' title="bbox 542 743 2131 823; baseline -0.007 -15"><span class='ocrx_word' id='word_1_35' title='bbox 542 761 716 823; x_wconf 75' lang='lat' dir='ltr'><strong>atque</strong></span> <span class='ocrx_word' id='word_1_36' title='bbox 741 748 1000 822; x_wconf 73' lang='lat' dir='ltr'><strong>proiectis</strong></span> <span class='ocrx_word' id='word_1_37' title='bbox 1029 748 1157 803; x_wconf 90' lang='lat' dir='ltr'><strong>istic</strong></span> <span class='ocrx_word' id='word_1_38' title='bbox 1183 747 1338 803; x_wconf 87' lang='lat' dir='ltr'><strong>hisce</strong></span> <span class='ocrx_word' id='word_1_39' title='bbox 1373 744 1648 816; x_wconf 85' lang='lat' dir='ltr'><strong>granulis,</strong></span> <span class='ocrx_word' id='word_1_40' title='bbox 1682 743 1902 799; x_wconf 77' lang='lat' dir='ltr'><strong>ﬁrmato</strong></span> <span class='ocrx_word' id='word_1_41' title='bbox 1924 743 2131 798; x_wconf 81' lang='lat' dir='ltr'><strong>ostium</strong></span> 
     </span>
    </p>
   </div>
   <div class='ocr_carea' id='block_1_9' title="bbox 550 836 2131 909">
    <p class='ocr_par' dir='ltr' id='par_1_9' title="bbox 550 836 2131 909">
     <span class='ocr_line' id='line_1_9' title="bbox 550 836 2131 909; baseline -0.005 -10"><span class='ocrx_word' id='word_1_42' title='bbox 550 860 620 900; x_wconf 87' lang='lat' dir='ltr'><strong>ac</strong></span> <span class='ocrx_word' id='word_1_43' title='bbox 646 843 918 899; x_wconf 79' lang='lat' dir='ltr'><strong>receditd.</strong></span> <span class='ocrx_word' id='word_1_44' title='bbox 949 840 1104 897; x_wconf 83' lang='lat' dir='ltr'><strong>Fecit</strong></span> <span class='ocrx_word' id='word_1_45' title='bbox 1135 841 1182 895; x_wconf 88' lang='lat' dir='ltr'><strong>is</strong></span> <span class='ocrx_word' id='word_1_46' title='bbox 1213 848 1275 894; x_wconf 91' lang='lat' dir='ltr'><strong>ut</strong></span> <span class='ocrx_word' id='word_1_47' title='bbox 1305 840 1637 909; x_wconf 84' lang='lat' dir='ltr'><strong>imperatum</strong></span> <span class='ocrx_word' id='word_1_48' title='bbox 1678 845 1830 891; x_wconf 89' lang='lat' dir='ltr'><strong>erat:</strong></span> <span class='ocrx_word' id='word_1_49' title='bbox 1864 836 2131 906; x_wconf 86' lang='lat' dir='ltr'><strong>postridie</strong></span> 
     </span>
    </p>
   </div>
   <div class='ocr_carea' id='block_1_10' title="bbox 550 927 2129 1004">
    <p class='ocr_par' dir='ltr' id='par_1_10' title="bbox 550 927 2129 1004">
     <span class='ocr_line' id='line_1_10' title="bbox 550 927 2129 1004; baseline -0.008 -13"><span class='ocrx_word' id='word_1_50' title='bbox 550 944 735 991; x_wconf 83' lang='lat' dir='ltr'><strong>autem</strong></span> <span class='ocrx_word' id='word_1_51' title='bbox 762 936 941 1004; x_wconf 87' lang='lat' dir='ltr'><strong>primo</strong></span> <span class='ocrx_word' id='word_1_52' title='bbox 960 932 1208 987; x_wconf 87' lang='lat' dir='ltr'><strong>diluculo</strong></span> <span class='ocrx_word' id='word_1_53' title='bbox 1228 930 1408 984; x_wconf 89' lang='lat' dir='ltr'><strong>eidem</strong></span> <span class='ocrx_word' id='word_1_54' title='bbox 1427 944 1457 982; x_wconf 91' lang='lat' dir='ltr'><strong>a</strong></span> <span class='ocrx_word' id='word_1_55' title='bbox 1486 928 1768 999; x_wconf 86' lang='lat' dir='ltr'><strong>Symeone</strong></span> <span class='ocrx_word' id='word_1_56' title='bbox 1789 927 2129 997; x_wconf 62' lang='lat' dir='ltr'><strong>praecipitur,</strong></span> 
     </span>
    </p>
   </div>
   <div class='ocr_carea' id='block_1_11' title="bbox 550 1015 2132 1088">
    <p class='ocr_par' dir='ltr' id='par_1_11' title="bbox 550 1015 2132 1088">
     <span class='ocr_line' id='line_1_11' title="bbox 550 1015 2132 1088; baseline -0.007 -8"><span class='ocrx_word' id='word_1_57' title='bbox 550 1025 619 1080; x_wconf 90' lang='lat' dir='ltr'><strong>ad</strong></span> <span class='ocrx_word' id='word_1_58' title='bbox 652 1026 910 1079; x_wconf 82' lang='lat' dir='ltr'><strong>horreum</strong></span> <span class='ocrx_word' id='word_1_59' title='bbox 970 1023 1179 1086; x_wconf 87' lang='lat' dir='ltr'><strong>redeat,</strong></span> <span class='ocrx_word' id='word_1_60' title='bbox 1207 1021 1430 1074; x_wconf 80' lang='lat' dir='ltr'><strong>visurus</strong></span> <span class='ocrx_word' id='word_1_61' title='bbox 1482 1034 1594 1088; x_wconf 91' lang='lat' dir='ltr'><strong>quo</strong></span> <span class='ocrx_word' id='word_1_62' title='bbox 1650 1033 1739 1073; x_wconf 89' lang='lat' dir='ltr'><strong>res</strong></span> <span class='ocrx_word' id='word_1_63' title='bbox 1770 1015 2132 1071; x_wconf 86' lang='lat' dir='ltr'><strong>frumentaria</strong></span> 
     </span>
    </p>
   </div>
   <div class='ocr_carea' id='block_1_12' title="bbox 549 1114 2131 1183">
    <p class='ocr_par' dir='ltr' id='par_1_12' title="bbox 549 1114 2131 1183">
     <span class='ocr_line' id='line_1_12' title="bbox 549 1114 2131 1183; baseline -0.007 -11"><span class='ocrx_word' id='word_1_64' title='bbox 549 1116 674 1172; x_wconf 89' lang='lat' dir='ltr'><strong>loco</strong></span> <span class='ocrx_word' id='word_1_65' title='bbox 701 1117 806 1171; x_wconf 86' lang='lat' dir='ltr'><strong>sit:</strong></span> <span class='ocrx_word' id='word_1_66' title='bbox 850 1114 1306 1183; x_wconf 86' lang='lat' dir='ltr'><strong>noveratquippe</strong></span> <span class='ocrx_word' id='word_1_67' title='bbox 1362 1126 1558 1181; x_wconf 89' lang='lat' dir='ltr'><strong>preces</strong></span> <span class='ocrx_word' id='word_1_68' title='bbox 1607 1125 1736 1165; x_wconf 91' lang='lat' dir='ltr'><strong>suas</strong></span> <span class='ocrx_word' id='word_1_69' title='bbox 1779 1124 2131 1178; x_wconf 84' lang='lat' dir='ltr'><strong>nequaquam</strong></span> 
     </span>
    </p>
   </div>
   <div class='ocr_carea' id='block_1_13' title="bbox 549 1199 2133 1274">
    <p class='ocr_par' dir='ltr' id='par_1_13' title="bbox 549 1199 2133 1274">
     <span class='ocr_line' id='line_1_13' title="bbox 549 1199 2133 1274; baseline -0.006 -12"><span class='ocrx_word' id='word_1_70' title='bbox 549 1208 771 1262; x_wconf 83' lang='lat' dir='ltr'><strong>steriles</strong></span> <span class='ocrx_word' id='word_1_71' title='bbox 800 1204 940 1259; x_wconf 88' lang='lat' dir='ltr'><strong>fore.</strong></span> <span class='ocrx_word' id='word_1_72' title='bbox 978 1205 1083 1259; x_wconf 84' lang='lat' dir='ltr'><strong>lvit</strong></span> <span class='ocrx_word' id='word_1_73' title='bbox 1102 1205 1291 1274; x_wconf 88' lang='lat' dir='ltr'><strong>jussus</strong></span> <span class='ocrx_word' id='word_1_74' title='bbox 1316 1204 1502 1272; x_wconf 89' lang='lat' dir='ltr'><strong>(quam</strong></span> <span class='ocrx_word' id='word_1_75' title='bbox 1532 1199 1935 1270; x_wconf 82' lang='lat' dir='ltr'><strong>inexplicabilis</strong></span> <span class='ocrx_word' id='word_1_76' title='bbox 1975 1199 2133 1252; x_wconf 91' lang='lat' dir='ltr'><strong>boni-</strong></span> 
     </span>
    </p>
   </div>
   <div class='ocr_carea' id='block_1_14' title="bbox 549 1288 2128 1366">
    <p class='ocr_par' dir='ltr' id='par_1_14' title="bbox 549 1288 2128 1366">
     <span class='ocr_line' id='line_1_14' title="bbox 549 1288 2128 1366; baseline -0.007 -13"><span class='ocrx_word' id='word_1_77' title='bbox 549 1308 634 1353; x_wconf 87' lang='lat' dir='ltr'><strong>tas</strong></span> <span class='ocrx_word' id='word_1_78' title='bbox 668 1306 796 1360; x_wconf 90' lang='lat' dir='ltr'><strong>tua,</strong></span> <span class='ocrx_word' id='word_1_79' title='bbox 828 1295 1109 1366; x_wconf 87' lang='lat' dir='ltr'><strong>Christe!)</strong></span> <span class='ocrx_word' id='word_1_80' title='bbox 1134 1311 1205 1350; x_wconf 83' lang='lat' dir='ltr'><strong>ac</strong></span> <span class='ocrx_word' id='word_1_81' title='bbox 1240 1294 1449 1364; x_wconf 90' lang='lat' dir='ltr'><strong>reperit</strong></span> <span class='ocrx_word' id='word_1_82' title='bbox 1494 1293 1756 1347; x_wconf 83' lang='lat' dir='ltr'><strong>horreum</strong></span> <span class='ocrx_word' id='word_1_83' title='bbox 1805 1288 2128 1361; x_wconf 85' lang='lat' dir='ltr'><strong>oppletissi-</strong></span> 
     </span>
    </p>
   </div>
   <div class='ocr_carea' id='block_1_15' title="bbox 547 1381 2133 1451">
    <p class='ocr_par' dir='ltr' id='par_1_15' title="bbox 547 1381 2133 1451">
     <span class='ocr_line' id='line_1_15' title="bbox 547 1381 2133 1451; baseline -0.006 -7"><span class='ocrx_word' id='word_1_84' title='bbox 547 1405 697 1444; x_wconf 89' lang='lat' dir='ltr'><strong>mum</strong></span> <span class='ocrx_word' id='word_1_85' title='bbox 738 1388 1039 1451; x_wconf 90' lang='lat' dir='ltr'><strong>frumento,</strong></span> <span class='ocrx_word' id='word_1_86' title='bbox 1074 1386 1352 1440; x_wconf 83' lang='lat' dir='ltr'><strong>fructibus</strong></span> <span class='ocrx_word' id='word_1_87' title='bbox 1383 1399 1511 1438; x_wconf 84' lang='lat' dir='ltr'><strong>vere</strong></span> <span class='ocrx_word' id='word_1_88' title='bbox 1530 1384 1669 1438; x_wconf 87' lang='lat' dir='ltr'><strong>citra</strong></span> <span class='ocrx_word' id='word_1_89' title='bbox 1704 1381 2133 1445; x_wconf 86' lang='lat' dir='ltr'><strong>laborem,citra</strong></span> 
     </span>
    </p>
   </div>
   <div class='ocr_carea' id='block_1_16' title="bbox 546 1472 2133 1541">
    <p class='ocr_par' dir='ltr' id='par_1_16' title="bbox 546 1472 2133 1541">
     <span class='ocr_line' id='line_1_16' title="bbox 546 1472 2133 1541; baseline -0.006 -5"><span class='ocrx_word' id='word_1_90' title='bbox 546 1496 733 1536; x_wconf 83' lang='lat' dir='ltr'><strong>semen</strong></span> <span class='ocrx_word' id='word_1_91' title='bbox 798 1479 1214 1535; x_wconf 84' lang='lat' dir='ltr'><strong>oecasiouemve</strong></span> <span class='ocrx_word' id='word_1_92' title='bbox 1254 1475 1569 1540; x_wconf 89' lang='lat' dir='ltr'><strong>natis;sola</strong></span> <span class='ocrx_word' id='word_1_93' title='bbox 1611 1473 1862 1528; x_wconf 88' lang='lat' dir='ltr'><strong>oratione</strong></span> <span class='ocrx_word' id='word_1_94' title='bbox 1920 1472 2133 1541; x_wconf 88' lang='lat' dir='ltr'><strong>agrico-</strong></span> 
     </span>
    </p>
   </div>
   <div class='ocr_carea' id='block_1_17' title="bbox 556 1562 2131 1636">
    <p class='ocr_par' dir='ltr' id='par_1_17' title="bbox 556 1562 2131 1636">
     <span class='ocr_line' id='line_1_17' title="bbox 556 1562 2131 1636; baseline -0.006 -11"><span class='ocrx_word' id='word_1_95' title='bbox 556 1572 820 1626; x_wconf 87' lang='lat' dir='ltr'><strong>lationem</strong></span> <span class='ocrx_word' id='word_1_96' title='bbox 841 1581 897 1625; x_wconf 90' lang='lat' dir='ltr'><strong>et</strong></span> <span class='ocrx_word' id='word_1_97' title='bbox 921 1568 1383 1626; x_wconf 83' lang='lat' dir='ltr'><strong>stercorationem</strong></span> <span class='ocrx_word' id='word_1_98' title='bbox 1407 1565 1718 1636; x_wconf 90' lang='lat' dir='ltr'><strong>supplente.</strong></span> <span class='ocrx_word' id='word_1_99' title='bbox 1750 1562 1902 1633; x_wconf 88' lang='lat' dir='ltr'><strong>Opus</strong></span> <span class='ocrx_word' id='word_1_100' title='bbox 1932 1562 1987 1616; x_wconf 88' lang='lat' dir='ltr'><strong>id</strong></span> <span class='ocrx_word' id='word_1_101' title='bbox 2026 1563 2131 1617; x_wconf 88' lang='lat' dir='ltr'><strong>fuit</strong></span> 
     </span>
    </p>
   </div>
   <div class='ocr_carea' id='block_1_18' title="bbox 550 1654 2131 1732">
    <p class='ocr_par' dir='ltr' id='par_1_18' title="bbox 550 1654 2131 1732">
     <span class='ocr_line' id='line_1_18' title="bbox 550 1654 2131 1732; baseline -0.006 -15"><span class='ocrx_word' id='word_1_102' title='bbox 550 1662 702 1725; x_wconf 76' lang='lat' dir='ltr'><strong>illius</strong></span> <span class='ocrx_word' id='word_1_103' title='bbox 730 1662 976 1732; x_wconf 84' lang='lat' dir='ltr'><strong>profecto</strong></span> <span class='ocrx_word' id='word_1_104' title='bbox 1010 1675 1228 1726; x_wconf 90' lang='lat' dir='ltr'><strong>manus,</strong></span> <span class='ocrx_word' id='word_1_105' title='bbox 1285 1673 1410 1728; x_wconf 70' lang='lat' dir='ltr'><strong>quae</strong></span> <span class='ocrx_word' id='word_1_106' title='bbox 1464 1655 1781 1727; x_wconf 76' lang='lat' dir='ltr'><strong>prodigium</strong></span> <span class='ocrx_word' id='word_1_107' title='bbox 1834 1654 1893 1709; x_wconf 91' lang='lat' dir='ltr'><strong>in</strong></span> <span class='ocrx_word' id='word_1_108' title='bbox 1935 1654 2131 1709; x_wconf 87' lang='lat' dir='ltr'><strong>multi-</strong></span> 
     </span>
    </p>
   </div>
   <div class='ocr_carea' id='block_1_19' title="bbox 545 1745 2127 1821">
    <p class='ocr_par' dir='ltr' id='par_1_19' title="bbox 545 1745 2127 1821">
     <span class='ocr_line' id='line_1_19' title="bbox 545 1745 2127 1821; baseline -0.004 -15"><span class='ocrx_word' id='word_1_109' title='bbox 545 1752 842 1821; x_wconf 88' lang='lat' dir='ltr'><strong>plicatione</strong></span> <span class='ocrx_word' id='word_1_110' title='bbox 870 1765 1076 1820; x_wconf 84' lang='lat' dir='ltr'><strong>panum</strong></span> <span class='ocrx_word' id='word_1_111' title='bbox 1105 1757 1331 1819; x_wconf 86' lang='lat' dir='ltr'><strong>operata</strong></span> <span class='ocrx_word' id='word_1_112' title='bbox 1384 1757 1505 1812; x_wconf 89' lang='lat' dir='ltr'><strong>est;</strong></span> <span class='ocrx_word' id='word_1_113' title='bbox 1542 1761 1667 1816; x_wconf 66' lang='lat' dir='ltr'><strong>quae</strong></span> <span class='ocrx_word' id='word_1_114' title='bbox 1718 1745 1775 1799; x_wconf 90' lang='lat' dir='ltr'><strong>in</strong></span> <span class='ocrx_word' id='word_1_115' title='bbox 1826 1745 2127 1801; x_wconf 87' lang='lat' dir='ltr'><strong>solitudine</strong></span> 
     </span>
    </p>
   </div>
   <div class='ocr_carea' id='block_1_20' title="bbox 549 1837 2129 1911">
    <p class='ocr_par' dir='ltr' id='par_1_20' title="bbox 549 1837 2129 1911">
     <span class='ocr_line' id='line_1_20' title="bbox 549 1837 2129 1911; baseline -0.006 -12"><span class='ocrx_word' id='word_1_116' title='bbox 549 1859 797 1899; x_wconf 89' lang='lat' dir='ltr'><strong>mensam</strong></span> <span class='ocrx_word' id='word_1_117' title='bbox 826 1842 1085 1898; x_wconf 78' lang='lat' dir='ltr'><strong>instruxit</strong></span> <span class='ocrx_word' id='word_1_118' title='bbox 1111 1859 1126 1908; x_wconf 92' lang='lat'><strong>;</strong></span> <span class='ocrx_word' id='word_1_119' title='bbox 1153 1856 1277 1911; x_wconf 87' lang='lat' dir='ltr'><strong>quae</strong></span> <span class='ocrx_word' id='word_1_120' title='bbox 1299 1854 1501 1894; x_wconf 90' lang='lat' dir='ltr'><strong>manna</strong></span> <span class='ocrx_word' id='word_1_121' title='bbox 1524 1838 1593 1892; x_wconf 88' lang='lat' dir='ltr'><strong>de</strong></span> <span class='ocrx_word' id='word_1_122' title='bbox 1622 1838 1764 1893; x_wconf 73' lang='lat' dir='ltr'><strong>coelo</strong></span> <span class='ocrx_word' id='word_1_123' title='bbox 1795 1837 1974 1908; x_wconf 90' lang='lat' dir='ltr'><strong>pluit;</strong></span> <span class='ocrx_word' id='word_1_124' title='bbox 2004 1851 2129 1907; x_wconf 62' lang='lat' dir='ltr'><strong>quae</strong></span> 
     </span>
    </p>
   </div>
   <div class='ocr_carea' id='block_1_21' title="bbox 540 1929 2129 2005">
    <p class='ocr_par' dir='ltr' id='par_1_21' title="bbox 540 1929 2129 2005">
     <span class='ocr_line' id='line_1_21' title="bbox 540 1929 2129 2005; baseline -0.004 -15"><span class='ocrx_word' id='word_1_125' title='bbox 540 1948 613 1989; x_wconf 81' lang='lat' dir='ltr'><strong>ex</strong></span> <span class='ocrx_word' id='word_1_126' title='bbox 636 1936 785 1989; x_wconf 87' lang='lat' dir='ltr'><strong>arida</strong></span> <span class='ocrx_word' id='word_1_127' title='bbox 815 1942 992 2005; x_wconf 86' lang='lat' dir='ltr'><strong>petra,</strong></span> <span class='ocrx_word' id='word_1_128' title='bbox 1028 1949 1138 1988; x_wconf 89' lang='lat' dir='ltr'><strong>non</strong></span> <span class='ocrx_word' id='word_1_129' title='bbox 1165 1933 1342 1988; x_wconf 91' lang='lat' dir='ltr'><strong>solum</strong></span> <span class='ocrx_word' id='word_1_130' title='bbox 1363 1945 1540 2002; x_wconf 67' lang='lat' dir='ltr'><strong>aquae,</strong></span> <span class='ocrx_word' id='word_1_131' title='bbox 1570 1929 1666 1985; x_wconf 89' lang='lat' dir='ltr'><strong>sed</strong></span> <span class='ocrx_word' id='word_1_132' title='bbox 1702 1929 1877 1999; x_wconf 84' lang='lat' dir='ltr'><strong>ipsius</strong></span> <span class='ocrx_word' id='word_1_133' title='bbox 1907 1944 2129 2000; x_wconf 85' lang='lat' dir='ltr'><strong>quoque</strong></span> 
     </span>
    </p>
   </div>
   <div class='ocr_carea' id='block_1_22' title="bbox 540 2026 1191 2081">
    <p class='ocr_par' dir='ltr' id='par_1_22' title="bbox 540 2026 1191 2081">
     <span class='ocr_line' id='line_1_22' title="bbox 540 2026 1191 2081; baseline 0.006 -6"><span class='ocrx_word' id='word_1_134' title='bbox 540 2027 727 2081; x_wconf 88' lang='lat' dir='ltr'><strong>mellis</strong></span> <span class='ocrx_word' id='word_1_135' title='bbox 746 2026 951 2080; x_wconf 87' lang='lat' dir='ltr'><strong>fontem</strong></span> <span class='ocrx_word' id='word_1_136' title='bbox 977 2026 1191 2080; x_wconf 82' lang='lat' dir='ltr'><strong>elicuit.</strong></span> 
     </span>
    </p>
   </div>
   <div class='ocr_carea' id='block_1_23' title="bbox 623 2112 2127 2188">
    <p class='ocr_par' dir='ltr' id='par_1_23' title="bbox 623 2112 2127 2188">
     <span class='ocr_line' id='line_1_23' title="bbox 623 2112 2127 2188; baseline -0.003 -17"><span class='ocrx_word' id='word_1_137' title='bbox 623 2117 1079 2188; x_wconf 76' lang='lat' dir='ltr'><strong>l5l.Discipulus</strong></span> <span class='ocrx_word' id='word_1_138' title='bbox 1106 2116 1297 2188; x_wconf 89' lang='lat' dir='ltr'><strong>igitur,</strong></span> <span class='ocrx_word' id='word_1_139' title='bbox 1332 2114 1586 2170; x_wconf 88' lang='lat' dir='ltr'><strong>miraculi</strong></span> <span class='ocrx_word' id='word_1_140' title='bbox 1619 2113 1999 2184; x_wconf 78' lang='lat' dir='ltr'><strong>magnitudine</strong></span> <span class='ocrx_word' id='word_1_141' title='bbox 2023 2112 2127 2167; x_wconf 90' lang='lat' dir='ltr'><strong>ob-</strong></span> 
     </span>
    </p>
   </div>
   <div class='ocr_carea' id='block_1_24' title="bbox 542 2204 2129 2279">
    <p class='ocr_par' dir='ltr' id='par_1_24' title="bbox 542 2204 2129 2279">
     <span class='ocr_line' id='line_1_24' title="bbox 542 2204 2129 2279; baseline -0.004 -13"><span class='ocrx_word' id='word_1_142' title='bbox 542 2208 912 2279; x_wconf 72' lang='lat' dir='ltr'><strong>stupefactus,</strong></span> <span class='ocrx_word' id='word_1_143' title='bbox 941 2209 1222 2264; x_wconf 87' lang='lat' dir='ltr'><strong>curriculo</strong></span> <span class='ocrx_word' id='word_1_144' title='bbox 1245 2207 1313 2262; x_wconf 90' lang='lat' dir='ltr'><strong>ad</strong></span> <span class='ocrx_word' id='word_1_145' title='bbox 1367 2205 1688 2277; x_wconf 89' lang='lat' dir='ltr'><strong>magistrum</strong></span> <span class='ocrx_word' id='word_1_146' title='bbox 1732 2212 2019 2274; x_wconf 88' lang='lat' dir='ltr'><strong>properat,</strong></span> <span class='ocrx_word' id='word_1_147' title='bbox 2072 2204 2129 2259; x_wconf 90' lang='lat' dir='ltr'><strong>id</strong></span> 
     </span>
    </p>
   </div>
   <div class='ocr_carea' id='block_1_25' title="bbox 553 2294 2133 2373">
    <p class='ocr_par' dir='ltr' id='par_1_25' title="bbox 553 2294 2133 2373">
     <span class='ocr_line' id='line_1_25' title="bbox 553 2294 2133 2373; baseline -0.004 -17"><span class='ocrx_word' id='word_1_148' title='bbox 553 2300 702 2373; x_wconf 91' lang='lat' dir='ltr'><strong>quod</strong></span> <span class='ocrx_word' id='word_1_149' title='bbox 728 2300 932 2355; x_wconf 90' lang='lat' dir='ltr'><strong>factum</strong></span> <span class='ocrx_word' id='word_1_150' title='bbox 958 2308 1080 2356; x_wconf 90' lang='lat' dir='ltr'><strong>erat</strong></span> <span class='ocrx_word' id='word_1_151' title='bbox 1110 2299 1483 2354; x_wconf 88' lang='lat' dir='ltr'><strong>annuntians:</strong></span> <span class='ocrx_word' id='word_1_152' title='bbox 1508 2296 1604 2367; x_wconf 85' lang='lat' dir='ltr'><strong>qui</strong></span> <span class='ocrx_word' id='word_1_153' title='bbox 1634 2311 1760 2350; x_wconf 77' lang='lat' dir='ltr'><strong>mox</strong></span> <span class='ocrx_word' id='word_1_154' title='bbox 1785 2311 1911 2351; x_wconf 89' lang='lat' dir='ltr'><strong>cum</strong></span> <span class='ocrx_word' id='word_1_155' title='bbox 1965 2294 2133 2350; x_wconf 80' lang='lat' dir='ltr'><strong>disci-</strong></span> 
     </span>
    </p>
   </div>
   <div class='ocr_carea' id='block_1_26' title="bbox 542 2386 2131 2463">
    <p class='ocr_par' dir='ltr' id='par_1_26' title="bbox 542 2386 2131 2463">
     <span class='ocr_line' id='line_1_26' title="bbox 542 2386 2131 2463; baseline -0.004 -17"><span class='ocrx_word' id='word_1_156' title='bbox 542 2393 699 2463; x_wconf 80' lang='lat' dir='ltr'><strong>pulis</strong></span> <span class='ocrx_word' id='word_1_157' title='bbox 733 2391 954 2460; x_wconf 89' lang='lat' dir='ltr'><strong>publice</strong></span> <span class='ocrx_word' id='word_1_158' title='bbox 1008 2405 1195 2445; x_wconf 89' lang='lat' dir='ltr'><strong>coram</strong></span> <span class='ocrx_word' id='word_1_159' title='bbox 1217 2390 1331 2444; x_wconf 89' lang='lat' dir='ltr'><strong>Deo</strong></span> <span class='ocrx_word' id='word_1_160' title='bbox 1407 2387 1559 2443; x_wconf 81' lang='lat' dir='ltr'><strong>ﬂexit</strong></span> <span class='ocrx_word' id='word_1_161' title='bbox 1608 2402 1809 2458; x_wconf 89' lang='lat' dir='ltr'><strong>genua,</strong></span> <span class='ocrx_word' id='word_1_162' title='bbox 1843 2386 2131 2441; x_wconf 88' lang='lat' dir='ltr'><strong>incensum</strong></span> 
     </span>
    </p>
   </div>
   <div class='ocr_carea' id='block_1_27' title="bbox 549 2476 2132 2547">
    <p class='ocr_par' dir='ltr' id='par_1_27' title="bbox 549 2476 2132 2547">
     <span class='ocr_line' id='line_1_27' title="bbox 549 2476 2132 2547; baseline -0.006 -9"><span class='ocrx_word' id='word_1_163' title='bbox 549 2484 771 2547; x_wconf 90' lang='lat' dir='ltr'><strong>obtulit,</strong></span> <span class='ocrx_word' id='word_1_164' title='bbox 797 2483 1144 2538; x_wconf 90' lang='lat' dir='ltr'><strong>Dominicam</strong></span> <span class='ocrx_word' id='word_1_165' title='bbox 1198 2480 1509 2536; x_wconf 88' lang='lat' dir='ltr'><strong>orationem</strong></span> <span class='ocrx_word' id='word_1_166' title='bbox 1555 2476 1834 2542; x_wconf 82' lang='lat' dir='ltr'><strong>recitavit,</strong></span> <span class='ocrx_word' id='word_1_167' title='bbox 1887 2476 2132 2531; x_wconf 72' lang='lat' dir='ltr'><strong>coelesti-</strong></span> 
     </span>
    </p>
   </div>
   <div class='ocr_carea' id='block_1_28' title="bbox 549 2566 2131 2642">
    <p class='ocr_par' dir='ltr' id='par_1_28' title="bbox 549 2566 2131 2642">
     <span class='ocr_line' id='line_1_28' title="bbox 549 2566 2131 2642; baseline -0.004 -16"><span class='ocrx_word' id='word_1_168' title='bbox 549 2588 657 2642; x_wconf 88' lang='lat' dir='ltr'><strong>que</strong></span> <span class='ocrx_word' id='word_1_169' title='bbox 685 2572 944 2627; x_wconf 85' lang='lat' dir='ltr'><strong>invocato</strong></span> <span class='ocrx_word' id='word_1_170' title='bbox 970 2572 1132 2625; x_wconf 85' lang='lat' dir='ltr'><strong>Patre</strong></span> <span class='ocrx_word' id='word_1_171' title='bbox 1159 2569 1408 2641; x_wconf 90' lang='lat' dir='ltr'><strong>(quicum</strong></span> <span class='ocrx_word' id='word_1_172' title='bbox 1441 2567 1548 2638; x_wconf 89' lang='lat' dir='ltr'><strong>ipsi</strong></span> <span class='ocrx_word' id='word_1_173' title='bbox 1580 2567 1653 2621; x_wconf 89' lang='lat' dir='ltr'><strong>ob</strong></span> <span class='ocrx_word' id='word_1_174' title='bbox 1706 2566 1952 2637; x_wconf 77' lang='lat' dir='ltr'><strong>insignes</strong></span> <span class='ocrx_word' id='word_1_175' title='bbox 2012 2567 2131 2620; x_wconf 75' lang='lat' dir='ltr'><strong>vir-</strong></span> 
     </span>
    </p>
   </div>
   <div class='ocr_carea' id='block_1_29' title="bbox 550 2656 2128 2732">
    <p class='ocr_par' dir='ltr' id='par_1_29' title="bbox 550 2656 2128 2732">
     <span class='ocr_line' id='line_1_29' title="bbox 550 2656 2128 2732; baseline -0.005 -14"><span class='ocrx_word' id='word_1_176' title='bbox 550 2672 698 2718; x_wconf 89' lang='lat' dir='ltr'><strong>tutes</strong></span> <span class='ocrx_word' id='word_1_177' title='bbox 713 2663 1080 2727; x_wconf 81' lang='lat' dir='ltr'><strong>familiaritas,</strong></span> <span class='ocrx_word' id='word_1_178' title='bbox 1104 2661 1282 2732; x_wconf 90' lang='lat' dir='ltr'><strong>qualis</strong></span> <span class='ocrx_word' id='word_1_179' title='bbox 1314 2659 1486 2714; x_wconf 82' lang='lat' dir='ltr'><strong>(ilium</strong></span> <span class='ocrx_word' id='word_1_180' title='bbox 1522 2657 1702 2722; x_wconf 88' lang='lat' dir='ltr'><strong>decet,</strong></span> <span class='ocrx_word' id='word_1_181' title='bbox 1732 2656 2128 2724; x_wconf 88' lang='lat' dir='ltr'><strong>intercedebat,</strong></span> 
     </span>
    </p>
   </div>
   <div class='ocr_carea' id='block_1_30' title="bbox 543 2747 2129 2823">
    <p class='ocr_par' dir='ltr' id='par_1_30' title="bbox 543 2747 2129 2823">
     <span class='ocr_line' id='line_1_30' title="bbox 543 2747 2129 2823; baseline -0.004 -16"><span class='ocrx_word' id='word_1_182' title='bbox 543 2754 816 2823; x_wconf 80' lang='lat' dir='ltr'><strong>cujusque</strong></span> <span class='ocrx_word' id='word_1_183' title='bbox 839 2752 1067 2806; x_wconf 87' lang='lat' dir='ltr'><strong>liberale</strong></span> <span class='ocrx_word' id='word_1_184' title='bbox 1087 2750 1292 2805; x_wconf 90' lang='lat' dir='ltr'><strong>donum</strong></span> <span class='ocrx_word' id='word_1_185' title='bbox 1308 2765 1548 2819; x_wconf 56' lang='lat' dir='ltr'><strong>presens</strong></span> <span class='ocrx_word' id='word_1_186' title='bbox 1563 2747 1940 2803; x_wconf 83' lang='lat' dir='ltr'><strong>munificentia</strong></span> <span class='ocrx_word' id='word_1_187' title='bbox 1959 2747 2129 2818; x_wconf 84' lang='lat' dir='ltr'><strong>erat),</strong></span> 
     </span>
    </p>
   </div>
   <div class='ocr_carea' id='block_1_31' title="bbox 544 2838 2129 2914">
    <p class='ocr_par' dir='ltr' id='par_1_31' title="bbox 544 2838 2129 2914">
     <span class='ocr_line' id='line_1_31' title="bbox 544 2838 2129 2914; baseline -0.003 -17"><span class='ocrx_word' id='word_1_188' title='bbox 544 2843 745 2914; x_wconf 82' lang='lat' dir='ltr'><strong>dignas</strong></span> <span class='ocrx_word' id='word_1_189' title='bbox 785 2844 835 2897; x_wconf 90' lang='lat' dir='ltr'><strong>ei</strong></span> <span class='ocrx_word' id='word_1_190' title='bbox 867 2858 966 2911; x_wconf 86' lang='lat' dir='ltr'><strong>pro</strong></span> <span class='ocrx_word' id='word_1_191' title='bbox 1003 2850 1157 2896; x_wconf 90' lang='lat' dir='ltr'><strong>tanto</strong></span> <span class='ocrx_word' id='word_1_192' title='bbox 1205 2839 1477 2895; x_wconf 83' lang='lat' dir='ltr'><strong>beneﬁcio</strong></span> <span class='ocrx_word' id='word_1_193' title='bbox 1532 2838 1740 2908; x_wconf 87' lang='lat' dir='ltr'><strong>gratias</strong></span> <span class='ocrx_word' id='word_1_194' title='bbox 1786 2839 2129 2908; x_wconf 86' lang='lat' dir='ltr'><strong>persolvens,</strong></span> 
     </span>
    </p>
   </div>
   <div class='ocr_carea' id='block_1_32' title="bbox 546 2928 2134 3003">
    <p class='ocr_par' dir='ltr' id='par_1_32' title="bbox 546 2928 2134 3003">
     <span class='ocr_line' id='line_1_32' title="bbox 546 2928 2134 3003; baseline -0.004 -14"><span class='ocrx_word' id='word_1_195' title='bbox 546 2942 717 3003; x_wconf 83' lang='lat' dir='ltr'><strong>atque</strong></span> <span class='ocrx_word' id='word_1_196' title='bbox 772 2932 1116 3002; x_wconf 58' lang='lat' dir='ltr'><strong>praecipiens,</strong></span> <span class='ocrx_word' id='word_1_197' title='bbox 1144 2931 1366 2986; x_wconf 91' lang='lat' dir='ltr'><strong>easdem</strong></span> <span class='ocrx_word' id='word_1_198' title='bbox 1407 2929 1638 3000; x_wconf 80' lang='lat' dir='ltr'><strong>singulis</strong></span> <span class='ocrx_word' id='word_1_199' title='bbox 1683 2928 1910 2984; x_wconf 87' lang='lat' dir='ltr'><strong>Sabbati</strong></span> <span class='ocrx_word' id='word_1_200' title='bbox 1936 2928 2134 2983; x_wconf 88' lang='lat' dir='ltr'><strong>diebus</strong></span> 
     </span>
    </p>
   </div>
   <div class='ocr_carea' id='block_1_33' title="bbox 552 3018 2135 3089">
    <p class='ocr_par' dir='ltr' id='par_1_33' title="bbox 552 3018 2135 3089">
     <span class='ocr_line' id='line_1_33' title="bbox 552 3018 2135 3089; baseline -0.002 -12"><span class='ocrx_word' id='word_1_201' title='bbox 552 3025 609 3077; x_wconf 89' lang='lat' dir='ltr'><strong>in</strong></span> <span class='ocrx_word' id='word_1_202' title='bbox 662 3024 862 3077; x_wconf 88' lang='lat' dir='ltr'><strong>horreo</strong></span> <span class='ocrx_word' id='word_1_203' title='bbox 897 3023 1085 3078; x_wconf 89' lang='lat' dir='ltr'><strong>iterari</strong></span> <span class='ocrx_word' id='word_1_204' title='bbox 1119 3021 1499 3084; x_wconf 61' lang='lat' dir='ltr'><strong>caeremonias,</strong></span> <span class='ocrx_word' id='word_1_205' title='bbox 1552 3020 1868 3089; x_wconf 86' lang='lat' dir='ltr'><strong>similesque</strong></span> <span class='ocrx_word' id='word_1_206' title='bbox 1911 3018 2135 3074; x_wconf 85' lang='lat' dir='ltr'><strong>benefa-</strong></span> 
     </span>
    </p>
   </div>
   <div class='ocr_carea' id='block_1_34' title="bbox 550 3109 2208 3205">
    <p class='ocr_par' dir='ltr' id='par_1_34' title="bbox 550 3109 2208 3205">
     <span class='ocr_line' id='line_1_34' title="bbox 550 3109 2208 3205; baseline -0.004 -36"><span class='ocrx_word' id='word_1_207' title='bbox 550 3114 693 3169; x_wconf 85' lang='lat' dir='ltr'><strong>ctori</strong></span> <span class='ocrx_word' id='word_1_208' title='bbox 738 3115 939 3185; x_wconf 85' lang='lat' dir='ltr'><strong>gratias</strong></span> <span class='ocrx_word' id='word_1_209' title='bbox 983 3113 1175 3177; x_wconf 86' lang='lat' dir='ltr'><strong>reddi;</strong></span> <span class='ocrx_word' id='word_1_210' title='bbox 1221 3111 1501 3166; x_wconf 84' lang='lat' dir='ltr'><strong>mandavit</strong></span> <span class='ocrx_word' id='word_1_211' title='bbox 1554 3120 1615 3165; x_wconf 94' lang='lat' dir='ltr'><strong>ut</strong></span> <span class='ocrx_word' id='word_1_212' title='bbox 1660 3109 1948 3180; x_wconf 87' lang='lat' dir='ltr'><strong>pinsendis</strong></span> <span class='ocrx_word' id='word_1_213' title='bbox 1983 3110 2137 3179; x_wconf 85' lang='lat' dir='ltr'><strong>pani-</strong></span> <span class='ocrx_word' id='word_1_214' title='bbox 2163 3143 2208 3205; x_wconf 63' lang='grc' dir='ltr'>ϐ</span> 
     </span>
    </p>
   </div>
   <div class='ocr_carea' id='block_1_35' title="bbox 552 3201 2135 3275">
    <p class='ocr_par' dir='ltr' id='par_1_35' title="bbox 552 3201 2135 3275">
     <span class='ocr_line' id='line_1_35' title="bbox 552 3201 2135 3275; baseline -0.002 -17"><span class='ocrx_word' id='word_1_215' title='bbox 552 3204 661 3260; x_wconf 84' lang='lat' dir='ltr'><strong>bus</strong></span> <span class='ocrx_word' id='word_1_216' title='bbox 709 3205 907 3260; x_wconf 89' lang='lat' dir='ltr'><strong>darent</strong></span> <span class='ocrx_word' id='word_1_217' title='bbox 949 3220 1196 3275; x_wconf 87' lang='lat' dir='ltr'><strong>operam,</strong></span> <span class='ocrx_word' id='word_1_218' title='bbox 1246 3218 1349 3257; x_wconf 88' lang='lat' dir='ltr'><strong>nec</strong></span> <span class='ocrx_word' id='word_1_219' title='bbox 1387 3202 1456 3255; x_wconf 89' lang='lat' dir='ltr'><strong>ab</strong></span> <span class='ocrx_word' id='word_1_220' title='bbox 1502 3202 1721 3270; x_wconf 87' lang='lat' dir='ltr'><strong>incepto</strong></span> <span class='ocrx_word' id='word_1_221' title='bbox 1769 3216 2010 3269; x_wconf 87' lang='lat' dir='ltr'><strong>unquam</strong></span> <span class='ocrx_word' id='word_1_222' title='bbox 2037 3201 2135 3255; x_wconf 91' lang='lat' dir='ltr'><strong>de-</strong></span> 
     </span>
    </p>
   </div>
   <div class='ocr_carea' id='block_1_36' title="bbox 555 3289 2136 3362">
    <p class='ocr_par' dir='ltr' id='par_1_36' title="bbox 555 3289 2136 3362">
     <span class='ocr_line' id='line_1_36' title="bbox 555 3289 2136 3362; baseline -0.005 -12"><span class='ocrx_word' id='word_1_223' title='bbox 555 3296 835 3361; x_wconf 83' lang='lat' dir='ltr'><strong>sisterent,</strong></span> <span class='ocrx_word' id='word_1_224' title='bbox 866 3310 1143 3350; x_wconf 89' lang='lat' dir='ltr'><strong>memorcs</strong></span> <span class='ocrx_word' id='word_1_225' title='bbox 1165 3307 1382 3362; x_wconf 90' lang='lat' dir='ltr'><strong>semper</strong></span> <span class='ocrx_word' id='word_1_226' title='bbox 1403 3290 1663 3345; x_wconf 80' lang='lat' dir='ltr'><strong>salutaris</strong></span> <span class='ocrx_word' id='word_1_227' title='bbox 1687 3290 1835 3343; x_wconf 89' lang='lat' dir='ltr'><strong>illius</strong></span> <span class='ocrx_word' id='word_1_228' title='bbox 1856 3289 2136 3358; x_wconf 71' lang='lat' dir='ltr'><strong>prmccpti,</strong></span> 
     </span>
    </p>
   </div>
   <div class='ocr_carea' id='block_1_37' title="bbox 552 3379 2141 3457">
    <p class='ocr_par' dir='ltr' id='par_1_37' title="bbox 552 3379 2141 3457">
     <span class='ocr_line' id='line_1_37' title="bbox 552 3379 2141 3457; baseline -0.005 -16"><span class='ocrx_word' id='word_1_229' title='bbox 552 3386 705 3457; x_wconf 85' lang='lat' dir='ltr'><strong>quod</strong></span> <span class='ocrx_word' id='word_1_230' title='bbox 737 3386 1020 3440; x_wconf 86' lang='lat' dir='ltr'><strong>Christum</strong></span> <span class='ocrx_word' id='word_1_231' title='bbox 1049 3386 1101 3438; x_wconf 91' lang='lat' dir='ltr'><strong>in</strong></span> <span class='ocrx_word' id='word_1_232' title='bbox 1132 3383 1400 3441; x_wconf 85' lang='lat' dir='ltr'><strong>fratribus</strong></span> <span class='ocrx_word' id='word_1_233' title='bbox 1427 3380 1546 3435; x_wconf 82' lang='lat' dir='ltr'><strong>vult</strong></span> <span class='ocrx_word' id='word_1_234' title='bbox 1574 3380 1744 3450; x_wconf 85' lang='lat' dir='ltr'><strong>pasci.</strong></span> <span class='ocrx_word' id='word_1_235' title='bbox 1774 3380 1855 3433; x_wconf 90' lang='lat' dir='ltr'><strong>Illi</strong></span> <span class='ocrx_word' id='word_1_236' title='bbox 1874 3395 1931 3434; x_wconf 90' lang='lat' dir='ltr'><strong>se</strong></span> <span class='ocrx_word' id='word_1_237' title='bbox 1959 3379 2141 3433; x_wconf 90' lang='lat' dir='ltr'><strong>accin-</strong></span> 
     </span>
    </p>
   </div>
   <div class='ocr_carea' id='block_1_38' title="bbox 555 3471 2137 3546">
    <p class='ocr_par' dir='ltr' id='par_1_38' title="bbox 555 3471 2137 3546">
     <span class='ocr_line' id='line_1_38' title="bbox 555 3471 2137 3546; baseline -0.003 -16"><span class='ocrx_word' id='word_1_238' title='bbox 555 3486 693 3546; x_wconf 87' lang='lat' dir='ltr'><strong>gunt</strong></span> <span class='ocrx_word' id='word_1_239' title='bbox 728 3477 906 3546; x_wconf 89' lang='lat' dir='ltr'><strong>operi,</strong></span> <span class='ocrx_word' id='word_1_240' title='bbox 954 3491 1059 3529; x_wconf 87' lang='lat' dir='ltr'><strong>nec</strong></span> <span class='ocrx_word' id='word_1_241' title='bbox 1086 3474 1375 3544; x_wconf 88' lang='lat' dir='ltr'><strong>patiuntur</strong></span> <span class='ocrx_word' id='word_1_242' title='bbox 1417 3472 1672 3527; x_wconf 89' lang='lat' dir='ltr'><strong>manibus</strong></span> <span class='ocrx_word' id='word_1_243' title='bbox 1701 3471 1875 3525; x_wconf 90' lang='lat' dir='ltr'><strong>ullum</strong></span> <span class='ocrx_word' id='word_1_244' title='bbox 1917 3485 1948 3524; x_wconf 93' lang='lat' dir='ltr'><strong>a</strong></span> <span class='ocrx_word' id='word_1_245' title='bbox 1982 3471 2137 3525; x_wconf 87' lang='lat' dir='ltr'><strong>subi-</strong></span> 
     </span>
    </p>
   </div>
   <div class='ocr_carea' id='block_1_39' title="bbox 552 3560 2139 3641">
    <p class='ocr_par' dir='ltr' id='par_1_39' title="bbox 552 3560 2139 3641">
     <span class='ocr_line' id='line_1_39' title="bbox 552 3560 2139 3641; baseline -0.003 -21"><span class='ocrx_word' id='word_1_246' title='bbox 552 3567 734 3641; x_wconf 78' lang='lat' dir='ltr'><strong>genda</strong></span> <span class='ocrx_word' id='word_1_247' title='bbox 781 3567 958 3621; x_wconf 88' lang='lat' dir='ltr'><strong>farina</strong></span> <span class='ocrx_word' id='word_1_248' title='bbox 989 3566 1163 3620; x_wconf 90' lang='lat' dir='ltr'><strong>otium</strong></span> <span class='ocrx_word' id='word_1_249' title='bbox 1195 3562 1424 3618; x_wconf 88' lang='lat' dir='ltr'><strong>concedi</strong></span> <span class='ocrx_word' id='word_1_250' title='bbox 1471 3563 1566 3617; x_wconf 92' lang='lat' dir='ltr'><strong>diu</strong></span> <span class='ocrx_word' id='word_1_251' title='bbox 1597 3572 1908 3631; x_wconf 88' lang='lat' dir='ltr'><strong>noctuque;</strong></span> <span class='ocrx_word' id='word_1_252' title='bbox 1943 3560 2139 3616; x_wconf 89' lang='lat' dir='ltr'><strong>diebus</strong></span> 
     </span>
    </p>
   </div>
   <div class='ocr_carea' id='block_1_40' title="bbox 548 3655 2135 3726">
    <p class='ocr_par' dir='ltr' id='par_1_40' title="bbox 548 3655 2135 3726">
     <span class='ocr_line' id='line_1_40' title="bbox 548 3655 2135 3726; baseline -0.001 -15"><span class='ocrx_word' id='word_1_253' title='bbox 548 3659 704 3711; x_wconf 80' lang='lat' dir='ltr'><strong>enim</strong></span> <span class='ocrx_word' id='word_1_254' title='bbox 742 3658 798 3710; x_wconf 90' lang='lat' dir='ltr'><strong>in</strong></span> <span class='ocrx_word' id='word_1_255' title='bbox 849 3658 1037 3711; x_wconf 86' lang='lat' dir='ltr'><strong>labore</strong></span> <span class='ocrx_word' id='word_1_256' title='bbox 1087 3657 1381 3711; x_wconf 86' lang='lat' dir='ltr'><strong>transactis</strong></span> <span class='ocrx_word' id='word_1_257' title='bbox 1413 3655 1898 3726; x_wconf 84' lang='lat' dir='ltr'><strong>conjungebantur</strong></span> <span class='ocrx_word' id='word_1_258' title='bbox 1926 3663 2135 3721; x_wconf 87' lang='lat' dir='ltr'><strong>noctes,</strong></span> 
     </span>
    </p>
   </div>
   <div class='ocr_carea' id='block_1_41' title="bbox 554 3745 2138 3817">
    <p class='ocr_par' dir='ltr' id='par_1_41' title="bbox 554 3745 2138 3817">
     <span class='ocr_line' id='line_1_41' title="bbox 554 3745 2138 3817; baseline -0.001 -16"><span class='ocrx_word' id='word_1_259' title='bbox 554 3745 910 3817; x_wconf 80' lang='lat' dir='ltr'><strong>faciebatque</strong></span> <span class='ocrx_word' id='word_1_260' title='bbox 947 3747 1177 3802; x_wconf 88' lang='lat' dir='ltr'><strong>candela</strong></span> <span class='ocrx_word' id='word_1_261' title='bbox 1205 3756 1263 3801; x_wconf 92' lang='lat' dir='ltr'><strong>ut</strong></span> <span class='ocrx_word' id='word_1_262' title='bbox 1285 3747 1393 3802; x_wconf 91' lang='lat' dir='ltr'><strong>diei</strong></span> <span class='ocrx_word' id='word_1_263' title='bbox 1418 3747 1622 3801; x_wconf 85' lang='lat' dir='ltr'><strong>lumine</strong></span> <span class='ocrx_word' id='word_1_264' title='bbox 1648 3762 1789 3816; x_wconf 89' lang='lat' dir='ltr'><strong>opus</strong></span> <span class='ocrx_word' id='word_1_265' title='bbox 1815 3745 2138 3815; x_wconf 90' lang='lat' dir='ltr'><strong>neutiquam</strong></span> 
     </span>
    </p>
   </div>
   <div class='ocr_carea' id='block_1_42' title="bbox 556 3836 2137 3907">
    <p class='ocr_par' dir='ltr' id='par_1_42' title="bbox 556 3836 2137 3907">
     <span class='ocr_line' id='line_1_42' title="bbox 556 3836 2137 3907; baseline 0.001 -16"><span class='ocrx_word' id='word_1_266' title='bbox 556 3836 892 3907; x_wconf 83' lang='lat' dir='ltr'><strong>indigerent.</strong></span> <span class='ocrx_word' id='word_1_267' title='bbox 945 3838 1081 3893; x_wconf 89' lang='lat' dir='ltr'><strong>Cum</strong></span> <span class='ocrx_word' id='word_1_268' title='bbox 1154 3848 1337 3894; x_wconf 89' lang='lat' dir='ltr'><strong>autem</strong></span> <span class='ocrx_word' id='word_1_269' title='bbox 1395 3846 1476 3893; x_wconf 91' lang='lat' dir='ltr'><strong>tot</strong></span> <span class='ocrx_word' id='word_1_270' title='bbox 1526 3838 1593 3893; x_wconf 91' lang='lat' dir='ltr'><strong>ad</strong></span> <span class='ocrx_word' id='word_1_271' title='bbox 1639 3847 1890 3893; x_wconf 89' lang='lat' dir='ltr'><strong>sanctum</strong></span> <span class='ocrx_word' id='word_1_272' title='bbox 1941 3838 2137 3903; x_wconf 56' lang='lat' dir='ltr'><strong>turbae,</strong></span> 
     </span>
    </p>
   </div>
   <div class='ocr_carea' id='block_1_43' title="bbox 552 3928 2138 4000">
    <p class='ocr_par' dir='ltr' id='par_1_43' title="bbox 552 3928 2138 4000">
     <span class='ocr_line' id='line_1_43' title="bbox 552 3928 2138 4000; baseline 0.002 -19"><span class='ocrx_word' id='word_1_273' title='bbox 552 3937 615 3984; x_wconf 80' lang='lat' dir='ltr'><strong>et</strong></span> <span class='ocrx_word' id='word_1_274' title='bbox 657 3928 843 3998; x_wconf 91' lang='lat' dir='ltr'><strong>plures</strong></span> <span class='ocrx_word' id='word_1_275' title='bbox 874 3938 1038 4000; x_wconf 90' lang='lat' dir='ltr'><strong>atque</strong></span> <span class='ocrx_word' id='word_1_276' title='bbox 1082 3930 1270 4000; x_wconf 88' lang='lat' dir='ltr'><strong>plures</strong></span> <span class='ocrx_word' id='word_1_277' title='bbox 1323 3931 1378 3985; x_wconf 90' lang='lat' dir='ltr'><strong>in</strong></span> <span class='ocrx_word' id='word_1_278' title='bbox 1418 3931 1538 3986; x_wconf 91' lang='lat' dir='ltr'><strong>dies</strong></span> <span class='ocrx_word' id='word_1_279' title='bbox 1581 3929 1960 3984; x_wconf 85' lang='lat' dir='ltr'><strong>confluerent:</strong></span> <span class='ocrx_word' id='word_1_280' title='bbox 2002 3929 2138 3984; x_wconf 91' lang='lat' dir='ltr'><strong>illud</strong></span> 
     </span>
    </p>
   </div>
   <div class='ocr_carea' id='block_1_44' title="bbox 557 4017 2140 4090">
    <p class='ocr_par' dir='ltr' id='par_1_44' title="bbox 557 4017 2140 4090">
     <span class='ocr_line' id='line_1_44' title="bbox 557 4017 2140 4090; baseline 0.003 -19"><span class='ocrx_word' id='word_1_281' title='bbox 557 4017 734 4078; x_wconf 29' lang='lat' dir='ltr'><strong>etiam.</strong></span> <span class='ocrx_word' id='word_1_282' title='bbox 762 4021 936 4090; x_wconf 88' lang='lat' dir='ltr'><strong>magis</strong></span> <span class='ocrx_word' id='word_1_283' title='bbox 963 4019 1197 4085; x_wconf 80' lang='lat' dir='ltr'><strong>fortasse</strong></span> <span class='ocrx_word' id='word_1_284' title='bbox 1246 4021 1514 4090; x_wconf 68' lang='lat' dir='ltr'><strong>praedicto</strong></span> <span class='ocrx_word' id='word_1_285' title='bbox 1554 4019 1821 4074; x_wconf 89' lang='lat' dir='ltr'><strong>miraculo</strong></span> <span class='ocrx_word' id='word_1_286' title='bbox 1861 4018 2140 4075; x_wconf 86' lang='lat' dir='ltr'><strong>admiran-</strong></span> 
     </span>
    </p>
   </div>
   <div class='ocr_carea' id='block_1_45' title="bbox 557 4106 2141 4179">
    <p class='ocr_par' dir='ltr' id='par_1_45' title="bbox 557 4106 2141 4179">
     <span class='ocr_line' id='line_1_45' title="bbox 557 4106 2141 4179; baseline 0.003 -19"><span class='ocrx_word' id='word_1_287' title='bbox 557 4106 690 4161; x_wconf 87' lang='lat' dir='ltr'><strong>dum</strong></span> <span class='ocrx_word' id='word_1_288' title='bbox 740 4111 911 4175; x_wconf 82' lang='lat' dir='ltr'><strong>venit,</strong></span> <span class='ocrx_word' id='word_1_289' title='bbox 942 4110 1091 4179; x_wconf 90' lang='lat' dir='ltr'><strong>quod</strong></span> <span class='ocrx_word' id='word_1_290' title='bbox 1132 4111 1470 4166; x_wconf 80' lang='lat' dir='ltr'><strong>frumentum</strong></span> <span class='ocrx_word' id='word_1_291' title='bbox 1513 4108 1647 4163; x_wconf 92' lang='lat' dir='ltr'><strong>illud</strong></span> <span class='ocrx_word' id='word_1_292' title='bbox 1675 4118 1784 4167; x_wconf 84' lang='lat' dir='ltr'><strong>tam</strong></span> <span class='ocrx_word' id='word_1_293' title='bbox 1824 4109 2006 4179; x_wconf 86' lang='lat' dir='ltr'><strong>plenis</strong></span> <span class='ocrx_word' id='word_1_294' title='bbox 2027 4124 2141 4164; x_wconf 86' lang='lat' dir='ltr'><strong>ma-</strong></span> 
     </span>
    </p>
   </div>
   <div class='ocr_carea' id='block_1_46' title="bbox 555 4200 2138 4270">
    <p class='ocr_par' dir='ltr' id='par_1_46' title="bbox 555 4200 2138 4270">
     <span class='ocr_line' id='line_1_46' title="bbox 555 4200 2138 4270; baseline -0.001 -13"><span class='ocrx_word' id='word_1_295' title='bbox 555 4203 723 4257; x_wconf 89' lang='lat' dir='ltr'><strong>nibus</strong></span> <span class='ocrx_word' id='word_1_296' title='bbox 745 4200 1010 4266; x_wconf 83' lang='lat' dir='ltr'><strong>ablatum,</strong></span> <span class='ocrx_word' id='word_1_297' title='bbox 1036 4200 1488 4270; x_wconf 80' lang='lat' dir='ltr'><strong>infinitorumque</strong></span> <span class='ocrx_word' id='word_1_298' title='bbox 1510 4200 1796 4260; x_wconf 84' lang='lat' dir='ltr'><strong>hominum</strong></span> <span class='ocrx_word' id='word_1_299' title='bbox 1825 4200 2138 4255; x_wconf 89' lang='lat' dir='ltr'><strong>necessitati</strong></span> 
     </span>
    </p>
   </div>
   <div class='ocr_carea' id='block_1_47' title="bbox 558 4289 2138 4361">
    <p class='ocr_par' dir='ltr' id='par_1_47' title="bbox 558 4289 2138 4361">
     <span class='ocr_line' id='line_1_47' title="bbox 558 4289 2138 4361; baseline -0.002 -15"><span class='ocrx_word' id='word_1_300' title='bbox 558 4293 895 4361; x_wconf 85' lang='lat' dir='ltr'><strong>impensum,</strong></span> <span class='ocrx_word' id='word_1_301' title='bbox 931 4291 1296 4345; x_wconf 86' lang='lat' dir='ltr'><strong>nihilominus</strong></span> <span class='ocrx_word' id='word_1_302' title='bbox 1338 4306 1443 4360; x_wconf 88' lang='lat' dir='ltr'><strong>per</strong></span> <span class='ocrx_word' id='word_1_303' title='bbox 1487 4299 1599 4345; x_wconf 89' lang='lat' dir='ltr'><strong>tres</strong></span> <span class='ocrx_word' id='word_1_304' title='bbox 1629 4289 1926 4346; x_wconf 91' lang='lat' dir='ltr'><strong>continuos</strong></span> <span class='ocrx_word' id='word_1_305' title='bbox 1962 4304 2138 4344; x_wconf 89' lang='lat' dir='ltr'><strong>annos</strong></span> 
     </span>
    </p>
   </div>
   <div class='ocr_carea' id='block_1_48' title="bbox 546 4380 859 4436">
    <p class='ocr_par' dir='ltr' id='par_1_48' title="bbox 546 4380 859 4436">
     <span class='ocr_line' id='line_1_48' title="bbox 546 4380 859 4436; baseline -0.01 -1"><span class='ocrx_word' id='word_1_306' title='bbox 546 4380 859 4436; x_wconf 72' lang='lat' dir='ltr'><strong>suffecerit.</strong></span> 
     </span>
    </p>
   </div>
   <div class='ocr_carea' id='block_1_49' title="bbox 2231 554 3861 629">
    <p class='ocr_par' dir='ltr' id='par_1_49' title="bbox 2231 554 3861 629">
     <span class='ocr_line' id='line_1_49' title="bbox 2231 554 3861 629; baseline -0.004 -16"><span class='ocrx_word' id='word_1_307' title='bbox 2231 559 2536 623; x_wconf 82' lang='grc' dir='ltr'>κελεύσας,</span> <span class='ocrx_word' id='word_1_308' title='bbox 2567 558 2818 629; x_wconf 85' lang='grc' dir='ltr'>θυμίαμά</span> <span class='ocrx_word' id='word_1_309' title='bbox 2847 575 2908 610; x_wconf 91' lang='grc' dir='ltr'><strong>τε</strong></span> <span class='ocrx_word' id='word_1_310' title='bbox 2948 556 3161 620; x_wconf 83' lang='grc' dir='ltr'><strong>τούτοις</strong></span> <span class='ocrx_word' id='word_1_311' title='bbox 3208 554 3555 620; x_wconf 76' lang='grc' dir='ltr'>ἐπιϐαλὼν,</span> <span class='ocrx_word' id='word_1_312' title='bbox 3588 554 3695 607; x_wconf 70' lang='grc' dir='ltr'><strong>καὶ</strong></span> <span class='ocrx_word' id='word_1_313' title='bbox 3744 571 3861 624; x_wconf 80' lang='grc' dir='ltr'>μετα</span> 
     </span>
    </p>
   </div>
   <div class='ocr_carea' id='block_1_50' title="bbox 2231 643 3860 720">
    <p class='ocr_par' dir='ltr' id='par_1_50' title="bbox 2231 643 3860 720">
     <span class='ocr_line' id='line_1_50' title="bbox 2231 643 3860 720; baseline -0.004 -17"><span class='ocrx_word' id='word_1_314' title='bbox 2231 649 2342 704; x_wconf 85' lang='grc' dir='ltr'><strong>τῶν</strong></span> <span class='ocrx_word' id='word_1_315' title='bbox 2369 655 2588 703; x_wconf 81' lang='grc' dir='ltr'><strong>κόκκων</strong></span> <span class='ocrx_word' id='word_1_316' title='bbox 2619 650 2699 720; x_wconf 84' lang='grc' dir='ltr'>τῷ</span> <span class='ocrx_word' id='word_1_317' title='bbox 2728 647 2943 718; x_wconf 83' lang='grc' dir='ltr'>ἀδελφῷ</span> <span class='ocrx_word' id='word_1_318' title='bbox 2990 648 3342 719; x_wconf 73' lang='grc' dir='ltr'><strong>ἐγχειρίσας,</strong></span> <span class='ocrx_word' id='word_1_319' title='bbox 3395 643 3716 699; x_wconf 81' lang='grc' dir='ltr'>’Δπελθὼν</span> <span class='ocrx_word' id='word_1_320' title='bbox 3735 684 3750 707; x_wconf 91' lang='grc'><strong>,</strong></span> <span class='ocrx_word' id='word_1_321' title='bbox 3777 646 3860 697; x_wconf 62' lang='grc' dir='ltr'>θυι</span> 
     </span>
    </p>
   </div>
   <div class='ocr_carea' id='block_1_51' title="bbox 2236 734 3857 810">
    <p class='ocr_par' dir='ltr' id='par_1_51' title="bbox 2236 734 3857 810">
     <span class='ocr_line' id='line_1_51' title="bbox 2236 734 3857 810; baseline -0.002 -18"><span class='ocrx_word' id='word_1_322' title='bbox 2236 739 2431 809; x_wconf 84' lang='grc' dir='ltr'>μίασον</span> <span class='ocrx_word' id='word_1_323' title='bbox 2460 741 2519 794; x_wconf 83' lang='grc' dir='ltr'>ὲν</span> <span class='ocrx_word' id='word_1_324' title='bbox 2548 738 2626 809; x_wconf 84' lang='grc' dir='ltr'>τῷ</span> <span class='ocrx_word' id='word_1_325' title='bbox 2648 737 2853 805; x_wconf 82' lang='grc' dir='ltr'>σιτῶνι,</span> <span class='ocrx_word' id='word_1_326' title='bbox 2880 737 3005 810; x_wconf 83' lang='grc' dir='ltr'>εφη,</span> <span class='ocrx_word' id='word_1_327' title='bbox 3031 739 3130 792; x_wconf 78' lang='grc' dir='ltr'>καὶ</span> <span class='ocrx_word' id='word_1_328' title='bbox 3144 738 3390 802; x_wconf 77' lang='grc' dir='ltr'>τούτους</span> <span class='ocrx_word' id='word_1_329' title='bbox 3432 737 3505 790; x_wconf 79' lang='grc' dir='ltr'>ὲν</span> <span class='ocrx_word' id='word_1_330' title='bbox 3536 734 3704 804; x_wconf 75' lang='grc' dir='ltr'>αὐτῷ</span> <span class='ocrx_word' id='word_1_331' title='bbox 3731 735 3857 809; x_wconf 58' lang='lat' dir='ltr'><strong>aug.-</strong></span> 
     </span>
    </p>
   </div>
   <div class='ocr_carea' id='block_1_52' title="bbox 2234 824 3857 902">
    <p class='ocr_par' dir='ltr' id='par_1_52' title="bbox 2234 824 3857 902">
     <span class='ocr_line' id='line_1_52' title="bbox 2234 824 3857 902; baseline -0.004 -17"><span class='ocrx_word' id='word_1_332' title='bbox 2234 831 2419 902; x_wconf 72' lang='grc' dir='ltr'>ῥίψας,</span> <span class='ocrx_word' id='word_1_333' title='bbox 2435 830 2717 902; x_wconf 77' lang='grc' dir='ltr'>τὰςθύρας</span> <span class='ocrx_word' id='word_1_334' title='bbox 2739 831 2945 894; x_wconf 78' lang='grc' dir='ltr'>ἐπιθεὶς</span> <span class='ocrx_word' id='word_1_335' title='bbox 2965 831 3359 902; x_wconf 83' lang='grc' dir='ltr'>ἀναχώρησον.</span> <span class='ocrx_word' id='word_1_336' title='bbox 3378 830 3450 883; x_wconf 82' lang='lat'><strong>&#39;0</strong></span> <span class='ocrx_word' id='word_1_337' title='bbox 3473 830 3594 899; x_wconf 81' lang='grc' dir='ltr'><strong>μὲν</strong></span> <span class='ocrx_word' id='word_1_338' title='bbox 3610 824 3711 881; x_wconf 78' lang='grc' dir='ltr'><strong>οὖν</strong></span> <span class='ocrx_word' id='word_1_339' title='bbox 3726 828 3857 897; x_wconf 70' lang='grc' dir='ltr'>ἕδραι</span> 
     </span>
    </p>
   </div>
   <div class='ocr_carea' id='block_1_53' title="bbox 2236 917 3856 992">
    <p class='ocr_par' dir='ltr' id='par_1_53' title="bbox 2236 917 3856 992">
     <span class='ocr_line' id='line_1_53' title="bbox 2236 917 3856 992; baseline -0.004 -16"><span class='ocrx_word' id='word_1_340' title='bbox 2236 941 2327 976; x_wconf 84' lang='grc' dir='ltr'><strong>σεν</strong></span> <span class='ocrx_word' id='word_1_341' title='bbox 2357 924 2432 985; x_wconf 82' lang='grc' dir='ltr'>ὡς</span> <span class='ocrx_word' id='word_1_342' title='bbox 2465 923 2859 992; x_wconf 83' lang='grc' dir='ltr'>προστέτακτο.</span> <span class='ocrx_word' id='word_1_343' title='bbox 2887 922 3000 991; x_wconf 80' lang='grc' dir='ltr'><strong>Τῆς</strong></span> <span class='ocrx_word' id='word_1_344' title='bbox 3031 922 3302 990; x_wconf 74' lang='grc' dir='ltr'><strong>ἐπιούσης</strong></span> <span class='ocrx_word' id='word_1_345' title='bbox 3335 920 3489 987; x_wconf 79' lang='grc' dir='ltr'>περὶ</span> <span class='ocrx_word' id='word_1_346' title='bbox 3511 917 3761 989; x_wconf 80' lang='grc' dir='ltr'>πρώτην</span> <span class='ocrx_word' id='word_1_347' title='bbox 3781 920 3856 982; x_wconf 74' lang='grc' dir='ltr'><strong>ἕω,</strong></span> 
     </span>
    </p>
   </div>
   <div class='ocr_carea' id='block_1_54' title="bbox 2232 1010 3857 1085">
    <p class='ocr_par' dir='ltr' id='par_1_54' title="bbox 2232 1010 3857 1085">
     <span class='ocr_line' id='line_1_54' title="bbox 2232 1010 3857 1085; baseline -0.003 -17"><span class='ocrx_word' id='word_1_348' title='bbox 2232 1014 2535 1085; x_wconf 78' lang='grc' dir='ltr'>ὲπιτραπὲν</span> <span class='ocrx_word' id='word_1_349' title='bbox 2562 1013 2716 1075; x_wconf 78' lang='grc' dir='ltr'>αὖθις</span> <span class='ocrx_word' id='word_1_350' title='bbox 2743 1013 2892 1084; x_wconf 80' lang='grc' dir='ltr'>αὐτῷ</span> <span class='ocrx_word' id='word_1_351' title='bbox 2934 1012 3085 1085; x_wconf 85' lang='grc' dir='ltr'><strong>παρά</strong></span> <span class='ocrx_word' id='word_1_352' title='bbox 3117 1013 3214 1065; x_wconf 74' lang='grc' dir='ltr'>τοῦ</span> <span class='ocrx_word' id='word_1_353' title='bbox 3245 1010 3506 1081; x_wconf 83' lang='grc' dir='ltr'>Συμεὼν</span> <span class='ocrx_word' id='word_1_354' title='bbox 3538 1010 3649 1063; x_wconf 77' lang='grc' dir='ltr'>τὸν</span> <span class='ocrx_word' id='word_1_355' title='bbox 3678 1010 3857 1063; x_wconf 53' lang='lat' dir='ltr'><strong>cui»:</strong></span> 
     </span>
    </p>
   </div>
   <div class='ocr_carea' id='block_1_55' title="bbox 2239 1103 3854 1178">
    <p class='ocr_par' dir='ltr' id='par_1_55' title="bbox 2239 1103 3854 1178">
     <span class='ocr_line' id='line_1_55' title="bbox 2239 1103 3854 1178; baseline -0.003 -18"><span class='ocrx_word' id='word_1_356' title='bbox 2239 1107 2366 1160; x_wconf 78' lang='grc' dir='ltr'>[δεῖν</span> <span class='ocrx_word' id='word_1_357' title='bbox 2403 1108 2552 1170; x_wconf 79' lang='grc' dir='ltr'>ὅπως</span> <span class='ocrx_word' id='word_1_358' title='bbox 2581 1108 2692 1178; x_wconf 71' lang='grc' dir='ltr'>ἔχοι</span> <span class='ocrx_word' id='word_1_359' title='bbox 2727 1106 2866 1178; x_wconf 70' lang='grc' dir='ltr'>(ᾔδει</span> <span class='ocrx_word' id='word_1_360' title='bbox 2896 1106 3005 1176; x_wconf 79' lang='grc' dir='ltr'>γὰρ</span> <span class='ocrx_word' id='word_1_361' title='bbox 3051 1107 3152 1159; x_wconf 90' lang='grc' dir='ltr'><strong>οὐκ</strong></span> <span class='ocrx_word' id='word_1_362' title='bbox 3179 1105 3386 1172; x_wconf 79' lang='grc' dir='ltr'>ἄγονον</span> <span class='ocrx_word' id='word_1_363' title='bbox 3425 1103 3676 1164; x_wconf 77' lang='grc' dir='ltr'>ἐκεῖνος</span> <span class='ocrx_word' id='word_1_364' title='bbox 3728 1103 3854 1173; x_wconf 65' lang='grc' dir='ltr'>τιὐὲ</span> 
     </span>
    </p>
   </div>
   <div class='ocr_carea' id='block_1_56' title="bbox 2230 1195 3855 1269">
    <p class='ocr_par' dir='ltr' id='par_1_56' title="bbox 2230 1195 3855 1269">
     <span class='ocr_line' id='line_1_56' title="bbox 2230 1195 3855 1269; baseline -0.003 -18"><span class='ocrx_word' id='word_1_365' title='bbox 2230 1199 2332 1268; x_wconf 80' lang='grc' dir='ltr'><strong>τὴν</strong></span> <span class='ocrx_word' id='word_1_366' title='bbox 2385 1198 2553 1269; x_wconf 83' lang='grc' dir='ltr'>εὐχὴν</span> <span class='ocrx_word' id='word_1_367' title='bbox 2607 1198 2923 1269; x_wconf 70' lang='grc' dir='ltr'>ἐσομένην),</span> <span class='ocrx_word' id='word_1_368' title='bbox 2952 1197 3204 1250; x_wconf 88' lang='grc' dir='ltr'>ἀπελθὼν</span> <span class='ocrx_word' id='word_1_369' title='bbox 3248 1196 3380 1266; x_wconf 82' lang='grc' dir='ltr'>(τῆς</span> <span class='ocrx_word' id='word_1_370' title='bbox 3454 1195 3855 1264; x_wconf 70' lang='grc' dir='ltr'>ἀνεκφράστου</span> 
     </span>
    </p>
   </div>
   <div class='ocr_carea' id='block_1_57' title="bbox 2235 1287 3856 1358">
    <p class='ocr_par' dir='ltr' id='par_1_57' title="bbox 2235 1287 3856 1358">
     <span class='ocr_line' id='line_1_57' title="bbox 2235 1287 3856 1358; baseline -0.001 -18"><span class='ocrx_word' id='word_1_371' title='bbox 2235 1304 2349 1352; x_wconf 83' lang='grc' dir='ltr'>σου,</span> <span class='ocrx_word' id='word_1_372' title='bbox 2385 1288 2583 1358; x_wconf 74' lang='grc' dir='ltr'>Χριστὲ</span> <span class='ocrx_word' id='word_1_373' title='bbox 2624 1288 2871 1357; x_wconf 52' lang='grc' dir='ltr'><strong>βασιλεῦ4</strong></span> <span class='ocrx_word' id='word_1_374' title='bbox 2896 1288 3264 1358; x_wconf 77' lang='grc' dir='ltr'><strong>χρηστότητος</strong></span> <span class='ocrx_word' id='word_1_375' title='bbox 3286 1288 3331 1356; x_wconf 80' lang='grc' dir='ltr'>ί)</span> <span class='ocrx_word' id='word_1_376' title='bbox 3361 1287 3659 1358; x_wconf 78' lang='grc' dir='ltr'><strong>εὑρίσκει</strong></span> <span class='ocrx_word' id='word_1_377' title='bbox 3685 1288 3856 1339; x_wconf 59' lang='grc' dir='ltr'>τοῦτον</span> 
     </span>
    </p>
   </div>
   <div class='ocr_carea' id='block_1_58' title="bbox 2234 1375 3858 1450">
    <p class='ocr_par' dir='ltr' id='par_1_58' title="bbox 2234 1375 3858 1450">
     <span class='ocr_line' id='line_1_58' title="bbox 2234 1375 3858 1450; baseline 0.002 -23"><span class='ocrx_word' id='word_1_378' title='bbox 2234 1376 2380 1428; x_wconf 89' lang='grc' dir='ltr'>σίτου</span> <span class='ocrx_word' id='word_1_379' title='bbox 2392 1375 3333 1450; x_wconf 74' lang='grc' dir='ltr'>σαφῶςὑποπεπλησμένον,καρπῶν</span> <span class='ocrx_word' id='word_1_380' title='bbox 3366 1377 3673 1448; x_wconf 76' lang='grc' dir='ltr'>ἁμόχθων</span> <span class='ocrx_word' id='word_1_381' title='bbox 3703 1379 3858 1442; x_wconf 71' lang='grc' dir='ltr'>ὅντως</span> 
     </span>
    </p>
   </div>
   <div class='ocr_carea' id='block_1_59' title="bbox 2231 1467 3853 1541">
    <p class='ocr_par' dir='ltr' id='par_1_59' title="bbox 2231 1467 3853 1541">
     <span class='ocr_line' id='line_1_59' title="bbox 2231 1467 3853 1541; baseline 0.001 -21"><span class='ocrx_word' id='word_1_382' title='bbox 2231 1467 2330 1521; x_wconf 77' lang='grc' dir='ltr'><strong>καὶ</strong></span> <span class='ocrx_word' id='word_1_383' title='bbox 2362 1468 2619 1539; x_wconf 82' lang='grc' dir='ltr'>ἀσπόρων</span> <span class='ocrx_word' id='word_1_384' title='bbox 2639 1469 2740 1523; x_wconf 81' lang='grc' dir='ltr'>καὶ</span> <span class='ocrx_word' id='word_1_385' title='bbox 2764 1469 3068 1540; x_wconf 87' lang='grc' dir='ltr'>ἀνηρότων,</span> <span class='ocrx_word' id='word_1_386' title='bbox 3100 1471 3274 1541; x_wconf 84' lang='grc' dir='ltr'>μόνης</span> <span class='ocrx_word' id='word_1_387' title='bbox 3304 1469 3501 1540; x_wconf 83' lang='grc' dir='ltr'>εὐχῆς</span> <span class='ocrx_word' id='word_1_388' title='bbox 3534 1472 3853 1539; x_wconf 66' lang='grc' dir='ltr'>γεωργίαι-υ,</span> 
     </span>
    </p>
   </div>
   <div class='ocr_carea' id='block_1_60' title="bbox 2234 1557 3851 1633">
    <p class='ocr_par' dir='ltr' id='par_1_60' title="bbox 2234 1557 3851 1633">
     <span class='ocr_line' id='line_1_60' title="bbox 2234 1557 3851 1633; baseline 0.001 -20"><span class='ocrx_word' id='word_1_389' title='bbox 2234 1561 2329 1613; x_wconf 75' lang='grc' dir='ltr'><strong>καὶ</strong></span> <span class='ocrx_word' id='word_1_390' title='bbox 2359 1560 2458 1628; x_wconf 82' lang='grc' dir='ltr'>τῆς</span> <span class='ocrx_word' id='word_1_391' title='bbox 2512 1559 2766 1614; x_wconf 82' lang='grc' dir='ltr'>ἐντεῦθεν</span> <span class='ocrx_word' id='word_1_392' title='bbox 2814 1562 3117 1631; x_wconf 79' lang='grc' dir='ltr'><strong>ποιότητος,</strong></span> <span class='ocrx_word' id='word_1_393' title='bbox 3149 1561 3314 1632; x_wconf 75' lang='grc' dir='ltr'>ἔργον</span> <span class='ocrx_word' id='word_1_394' title='bbox 3354 1562 3572 1632; x_wconf 75' lang='grc' dir='ltr'>χειρὸς</span> <span class='ocrx_word' id='word_1_395' title='bbox 3608 1557 3851 1633; x_wconf 69' lang='grc' dir='ltr'>ἀκριεῶς</span> 
     </span>
    </p>
   </div>
   <div class='ocr_carea' id='block_1_61' title="bbox 2233 1645 3847 1728">
    <p class='ocr_par' dir='ltr' id='par_1_61' title="bbox 2233 1645 3847 1728">
     <span class='ocr_line' id='line_1_61' title="bbox 2233 1645 3847 1728; baseline 0.001 -25"><span class='ocrx_word' id='word_1_396' title='bbox 2233 1650 2471 1727; x_wconf 63' lang='grc' dir='ltr'>ἐκείνης,</span> <span class='ocrx_word' id='word_1_397' title='bbox 2505 1645 2574 1722; x_wconf 85' lang='grc' dir='ltr'>ἦς</span> <span class='ocrx_word' id='word_1_398' title='bbox 2622 1651 2685 1705; x_wconf 82' lang='grc' dir='ltr'><strong>τὸ</strong></span> <span class='ocrx_word' id='word_1_399' title='bbox 2726 1651 2869 1705; x_wconf 80' lang='grc' dir='ltr'>κατὰ</span> <span class='ocrx_word' id='word_1_400' title='bbox 2914 1653 3041 1716; x_wconf 78' lang='grc' dir='ltr'>τοὺς</span> <span class='ocrx_word' id='word_1_401' title='bbox 3091 1652 3298 1722; x_wconf 75' lang='grc' dir='ltr'>ἄρτους</span> <span class='ocrx_word' id='word_1_402' title='bbox 3343 1652 3563 1722; x_wconf 82' lang='grc' dir='ltr'>θαῦμα</span> <span class='ocrx_word' id='word_1_403' title='bbox 3597 1654 3709 1708; x_wconf 71' lang='grc' dir='ltr'><strong>καὶ</strong></span> <span class='ocrx_word' id='word_1_404' title='bbox 3735 1656 3769 1728; x_wconf 53' lang='grc' dir='ltr'>ᾖ</span> <span class='ocrx_word' id='word_1_405' title='bbox 3799 1657 3847 1705; x_wconf 62' lang='grc' dir='ltr'><strong>ἐν</strong></span> 
     </span>
    </p>
   </div>
   <div class='ocr_carea' id='block_1_62' title="bbox 2235 1735 3846 1815">
    <p class='ocr_par' dir='ltr' id='par_1_62' title="bbox 2235 1735 3846 1815">
     <span class='ocr_line' id='line_1_62' title="bbox 2235 1735 3846 1815; baseline 0.003 -21"><span class='ocrx_word' id='word_1_406' title='bbox 2235 1743 2428 1812; x_wconf 71' lang='grc' dir='ltr'>ἐρήμῳ</span> <span class='ocrx_word' id='word_1_407' title='bbox 2485 1743 2755 1814; x_wconf 79' lang='grc' dir='ltr'>τράπεζα,</span> <span class='ocrx_word' id='word_1_408' title='bbox 2789 1742 2851 1795; x_wconf 87' lang='grc' dir='ltr'><strong>τό</strong></span> <span class='ocrx_word' id='word_1_409' title='bbox 2906 1760 2968 1795; x_wconf 92' lang='grc' dir='ltr'><strong>τε</strong></span> <span class='ocrx_word' id='word_1_410' title='bbox 3029 1742 3088 1807; x_wconf 76' lang='grc' dir='ltr'>ἐξ</span> <span class='ocrx_word' id='word_1_411' title='bbox 3134 1742 3369 1810; x_wconf 81' lang='grc' dir='ltr'>οὐρανοῦ</span> <span class='ocrx_word' id='word_1_412' title='bbox 3407 1735 3657 1814; x_wconf 66' lang='grc' dir='ltr'>μάννα,</span> <span class='ocrx_word' id='word_1_413' title='bbox 3704 1748 3846 1815; x_wconf 65' lang='grc' dir='ltr'>καὶὴ</span> 
     </span>
    </p>
   </div>
   <div class='ocr_carea' id='block_1_63' title="bbox 2162 1814 3847 1905">
    <p class='ocr_par' dir='ltr' id='par_1_63' title="bbox 2162 1814 3847 1905">
     <span class='ocr_line' id='line_1_63' title="bbox 2162 1814 3847 1905; baseline 0.003 -19"><span class='ocrx_word' id='word_1_414' title='bbox 2162 1814 2202 1870; x_wconf 74' lang='grc' dir='ltr'><strong>Β</strong></span> <span class='ocrx_word' id='word_1_415' title='bbox 2231 1833 2340 1892; x_wconf 79' lang='grc' dir='ltr'><strong>ἀπδ</strong></span> <span class='ocrx_word' id='word_1_416' title='bbox 2402 1835 2629 1902; x_wconf 81' lang='grc' dir='ltr'>στερεᾶς</span> <span class='ocrx_word' id='word_1_417' title='bbox 2685 1833 2897 1904; x_wconf 79' lang='grc' dir='ltr'>πέτρας</span> <span class='ocrx_word' id='word_1_418' title='bbox 2951 1833 3051 1905; x_wconf 90' lang='grc' dir='ltr'><strong>οὐχ</strong></span> <span class='ocrx_word' id='word_1_419' title='bbox 3098 1833 3291 1899; x_wconf 80' lang='grc' dir='ltr'>ὓδατος</span> <span class='ocrx_word' id='word_1_420' title='bbox 3321 1836 3527 1904; x_wconf 69' lang='grc' dir='ltr'>μόνον,</span> <span class='ocrx_word' id='word_1_421' title='bbox 3569 1836 3730 1892; x_wconf 72' lang='grc' dir='ltr'>ἀλλὰ</span> 
     </span>
    </p>
   </div>
   <div class='ocr_carea' id='block_1_64' title="bbox 2228 1921 2876 1993">
    <p class='ocr_par' dir='ltr' id='par_1_64' title="bbox 2228 1921 2876 1993">
     <span class='ocr_line' id='line_1_64' title="bbox 2228 1921 2876 1993; baseline 0 -17"><span class='ocrx_word' id='word_1_422' title='bbox 2228 1921 2395 1976; x_wconf 82' lang='grc' dir='ltr'>αὐτοῦ</span> <span class='ocrx_word' id='word_1_423' title='bbox 2420 1923 2639 1993; x_wconf 84' lang='grc' dir='ltr'>μέλιτος</span> <span class='ocrx_word' id='word_1_424' title='bbox 2668 1921 2876 1993; x_wconf 84' lang='grc' dir='ltr'>βλύσις.</span> 
     </span>
    </p>
   </div>
   <div class='ocr_carea' id='block_1_65' title="bbox 2307 2103 3835 2179">
    <p class='ocr_par' dir='ltr' id='par_1_65' title="bbox 2307 2103 3835 2179">
     <span class='ocr_line' id='line_1_65' title="bbox 2307 2103 3835 2179; baseline 0.005 -22"><span class='ocrx_word' id='word_1_425' title='bbox 2307 2105 2437 2174; x_wconf 67' lang='grc' dir='ltr'>ρλαν.</span> <span class='ocrx_word' id='word_1_426' title='bbox 2479 2104 2537 2159; x_wconf 85' lang='lat'><strong>&#39;0</strong></span> <span class='ocrx_word' id='word_1_427' title='bbox 2563 2104 2810 2176; x_wconf 78' lang='grc' dir='ltr'>μαθητὴς</span> <span class='ocrx_word' id='word_1_428' title='bbox 2830 2103 3010 2158; x_wconf 85' lang='grc' dir='ltr'>τοίνυν</span> <span class='ocrx_word' id='word_1_429' title='bbox 3030 2103 3107 2174; x_wconf 80' lang='grc' dir='ltr'>τῷ</span> <span class='ocrx_word' id='word_1_430' title='bbox 3129 2103 3222 2157; x_wconf 82' lang='grc' dir='ltr'>τοῦ</span> <span class='ocrx_word' id='word_1_431' title='bbox 3253 2104 3550 2176; x_wconf 81' lang='grc' dir='ltr'>θαύματος</span> <span class='ocrx_word' id='word_1_432' title='bbox 3623 2112 3835 2179; x_wconf 70' lang='grc' dir='ltr'>μεγέθξι</span> 
     </span>
    </p>
   </div>
   <div class='ocr_carea' id='block_1_66' title="bbox 2228 2195 3835 2270">
    <p class='ocr_par' dir='ltr' id='par_1_66' title="bbox 2228 2195 3835 2270">
     <span class='ocr_line' id='line_1_66' title="bbox 2228 2195 3835 2270; baseline 0.003 -21"><span class='ocrx_word' id='word_1_433' title='bbox 2228 2195 2624 2263; x_wconf 76' lang='grc' dir='ltr'>καταπλαγεὶς,</span> <span class='ocrx_word' id='word_1_434' title='bbox 2659 2196 2909 2266; x_wconf 85' lang='grc' dir='ltr'>πρόσεισι</span> <span class='ocrx_word' id='word_1_435' title='bbox 2955 2195 3033 2267; x_wconf 83' lang='grc' dir='ltr'>τῷ</span> <span class='ocrx_word' id='word_1_436' title='bbox 3066 2196 3372 2268; x_wconf 70' lang='grc' dir='ltr'><strong>διδασκάλῳ</strong></span> <span class='ocrx_word' id='word_1_437' title='bbox 3416 2198 3758 2270; x_wconf 79' lang='grc' dir='ltr'>δρομαίως,</span> <span class='ocrx_word' id='word_1_438' title='bbox 3788 2204 3835 2254; x_wconf 64' lang='lat' dir='ltr'><strong>ri</strong></span> 
     </span>
    </p>
   </div>
   <div class='ocr_carea' id='block_1_67' title="bbox 2230 2287 3832 2362">
    <p class='ocr_par' dir='ltr' id='par_1_67' title="bbox 2230 2287 3832 2362">
     <span class='ocr_line' id='line_1_67' title="bbox 2230 2287 3832 2362; baseline 0.004 -21"><span class='ocrx_word' id='word_1_439' title='bbox 2230 2290 2454 2358; x_wconf 86' lang='grc' dir='ltr'>γεγονὸς</span> <span class='ocrx_word' id='word_1_440' title='bbox 2485 2288 2880 2357; x_wconf 80' lang='grc' dir='ltr'><strong>ἀπαγγέλλων·</strong></span> <span class='ocrx_word' id='word_1_441' title='bbox 2922 2287 3019 2342; x_wconf 76' lang='grc' dir='ltr'><strong>καὶ</strong></span> <span class='ocrx_word' id='word_1_442' title='bbox 3058 2288 3117 2353; x_wconf 81' lang='grc' dir='ltr'>ὃς</span> <span class='ocrx_word' id='word_1_443' title='bbox 3163 2289 3342 2343; x_wconf 80' lang='grc' dir='ltr'>κοινὸν</span> <span class='ocrx_word' id='word_1_444' title='bbox 3384 2291 3538 2360; x_wconf 70' lang='grc' dir='ltr'>μετὰ</span> <span class='ocrx_word' id='word_1_445' title='bbox 3573 2294 3832 2362; x_wconf 65' lang='grc' dir='ltr'>μαθητῶν</span> 
     </span>
    </p>
   </div>
   <div class='ocr_carea' id='block_1_68' title="bbox 2230 2380 3833 2457">
    <p class='ocr_par' dir='ltr' id='par_1_68' title="bbox 2230 2380 3833 2457">
     <span class='ocr_line' id='line_1_68' title="bbox 2230 2380 3833 2457; baseline 0.003 -23"><span class='ocrx_word' id='word_1_446' title='bbox 2230 2380 2350 2451; x_wconf 85' lang='grc' dir='ltr'><strong>Θεῷ</strong></span> <span class='ocrx_word' id='word_1_447' title='bbox 2377 2382 2508 2448; x_wconf 86' lang='grc' dir='ltr'>γόνυ</span> <span class='ocrx_word' id='word_1_448' title='bbox 2556 2380 2764 2445; x_wconf 83' lang='grc' dir='ltr'>κλίνας,</span> <span class='ocrx_word' id='word_1_449' title='bbox 2797 2381 3053 2452; x_wconf 87' lang='grc' dir='ltr'>θυμίαμά</span> <span class='ocrx_word' id='word_1_450' title='bbox 3093 2399 3155 2434; x_wconf 87' lang='grc' dir='ltr'><strong>τε</strong></span> <span class='ocrx_word' id='word_1_451' title='bbox 3194 2383 3608 2452; x_wconf 81' lang='grc' dir='ltr'>προσαγαγὼν,</span> <span class='ocrx_word' id='word_1_452' title='bbox 3654 2388 3833 2457; x_wconf 74' lang='grc' dir='ltr'>τήν-ετ</span> 
     </span>
    </p>
   </div>
   <div class='ocr_carea' id='block_1_69' title="bbox 2232 2471 3833 2548">
    <p class='ocr_par' dir='ltr' id='par_1_69' title="bbox 2232 2471 3833 2548">
     <span class='ocr_line' id='line_1_69' title="bbox 2232 2471 3833 2548; baseline 0.006 -25"><span class='ocrx_word' id='word_1_453' title='bbox 2232 2471 2567 2542; x_wconf 79' lang='grc' dir='ltr'>Δεσποτικὴν</span> <span class='ocrx_word' id='word_1_454' title='bbox 2596 2472 2763 2542; x_wconf 82' lang='grc' dir='ltr'>εὐχὴν</span> <span class='ocrx_word' id='word_1_455' title='bbox 2792 2474 3253 2543; x_wconf 80' lang='grc' dir='ltr'>προσευξάμενος,</span> <span class='ocrx_word' id='word_1_456' title='bbox 3297 2475 3393 2528; x_wconf 81' lang='grc' dir='ltr'>καὶ</span> <span class='ocrx_word' id='word_1_457' title='bbox 3424 2474 3529 2528; x_wconf 71' lang='grc' dir='ltr'>τὸν</span> <span class='ocrx_word' id='word_1_458' title='bbox 3575 2477 3649 2529; x_wconf 75' lang='grc' dir='ltr'>ἐν</span> <span class='ocrx_word' id='word_1_459' title='bbox 3677 2479 3833 2548; x_wconf 65' lang='grc' dir='ltr'>σύρας</span> 
     </span>
    </p>
   </div>
   <div class='ocr_carea' id='block_1_70' title="bbox 2230 2563 3833 2636">
    <p class='ocr_par' dir='ltr' id='par_1_70' title="bbox 2230 2563 3833 2636">
     <span class='ocr_line' id='line_1_70' title="bbox 2230 2563 3833 2636; baseline -0.001 -19"><span class='ocrx_word' id='word_1_460' title='bbox 2230 2566 2342 2628; x_wconf 85' lang='grc' dir='ltr'>νοῖς</span> <span class='ocrx_word' id='word_1_461' title='bbox 2389 2566 2612 2634; x_wconf 81' lang='grc' dir='ltr'>Πατέρα</span> <span class='ocrx_word' id='word_1_462' title='bbox 2637 2565 2874 2628; x_wconf 76' lang='grc' dir='ltr'>καλέσας</span> <span class='ocrx_word' id='word_1_463' title='bbox 2913 2563 3070 2635; x_wconf 75' lang='grc' dir='ltr'>(πρὸς</span> <span class='ocrx_word' id='word_1_464' title='bbox 3116 2563 3176 2617; x_wconf 80' lang='grc' dir='ltr'>ὃν</span> <span class='ocrx_word' id='word_1_465' title='bbox 3219 2564 3309 2617; x_wconf 71' lang='grc' dir='ltr'><strong>διά</strong></span> <span class='ocrx_word' id='word_1_466' title='bbox 3349 2564 3456 2635; x_wconf 86' lang='grc' dir='ltr'>τῆς</span> <span class='ocrx_word' id='word_1_467' title='bbox 3506 2566 3833 2636; x_wconf 62' lang='grc' dir='ltr'>ὑπερφυοῦς</span> 
     </span>
    </p>
   </div>
   <div class='ocr_carea' id='block_1_71' title="bbox 2231 2654 3834 2727">
    <p class='ocr_par' dir='ltr' id='par_1_71' title="bbox 2231 2654 3834 2727">
     <span class='ocr_line' id='line_1_71' title="bbox 2231 2654 3834 2727; baseline 0.003 -18"><span class='ocrx_word' id='word_1_468' title='bbox 2231 2654 2433 2726; x_wconf 83' lang='grc' dir='ltr'>ἀρετῆς</span> <span class='ocrx_word' id='word_1_469' title='bbox 2446 2654 2570 2725; x_wconf 78' lang='grc' dir='ltr'>ἔσχε</span> <span class='ocrx_word' id='word_1_470' title='bbox 2586 2656 2685 2726; x_wconf 78' lang='grc' dir='ltr'>τὴν</span> <span class='ocrx_word' id='word_1_471' title='bbox 2703 2654 2803 2725; x_wconf 83' lang='grc' dir='ltr'><strong>υἱῷ</strong></span> <span class='ocrx_word' id='word_1_472' title='bbox 2820 2657 3201 2726; x_wconf 77' lang='grc' dir='ltr'>προσήκουσαν</span> <span class='ocrx_word' id='word_1_473' title='bbox 3212 2657 3557 2727; x_wconf 76' lang='grc' dir='ltr'>οἰκειότητα,</span> <span class='ocrx_word' id='word_1_474' title='bbox 3573 2661 3683 2714; x_wconf 70' lang='grc' dir='ltr'><strong>καὶ</strong></span> <span class='ocrx_word' id='word_1_475' title='bbox 3697 2655 3834 2714; x_wconf 65' lang='grc' dir='ltr'>σξιδὲ-</span> 
     </span>
    </p>
   </div>
   <div class='ocr_carea' id='block_1_72' title="bbox 2234 2745 3833 2818">
    <p class='ocr_par' dir='ltr' id='par_1_72' title="bbox 2234 2745 3833 2818">
     <span class='ocr_line' id='line_1_72' title="bbox 2234 2745 3833 2818; baseline 0.011 -20"><span class='ocrx_word' id='word_1_476' title='bbox 2234 2763 2318 2808; x_wconf 90' lang='grc' dir='ltr'><strong>σις</strong></span> <span class='ocrx_word' id='word_1_477' title='bbox 2344 2745 2522 2817; x_wconf 77' lang='grc' dir='ltr'>ἀγαθὴ</span> <span class='ocrx_word' id='word_1_478' title='bbox 2549 2745 2618 2799; x_wconf 86' lang='grc' dir='ltr'>τὰ</span> <span class='ocrx_word' id='word_1_479' title='bbox 2634 2746 2922 2816; x_wconf 79' lang='grc' dir='ltr'>παρόντα),</span> <span class='ocrx_word' id='word_1_480' title='bbox 2944 2746 3195 2800; x_wconf 84' lang='grc' dir='ltr'>τοσούτου</span> <span class='ocrx_word' id='word_1_481' title='bbox 3224 2763 3285 2798; x_wconf 88' lang='grc' dir='ltr'><strong>τε</strong></span> <span class='ocrx_word' id='word_1_482' title='bbox 3304 2750 3659 2818; x_wconf 76' lang='grc' dir='ltr'>πράγματος</span> <span class='ocrx_word' id='word_1_483' title='bbox 3678 2751 3833 2816; x_wconf 76' lang='grc' dir='ltr'>ἀξίως</span> 
     </span>
    </p>
   </div>
   <div class='ocr_carea' id='block_1_73' title="bbox 2233 2835 3833 2911">
    <p class='ocr_par' dir='ltr' id='par_1_73' title="bbox 2233 2835 3833 2911">
     <span class='ocr_line' id='line_1_73' title="bbox 2233 2835 3833 2911; baseline -0.001 -24"><span class='ocrx_word' id='word_1_484' title='bbox 2233 2836 2658 2906; x_wconf 83' lang='grc' dir='ltr'>εὐχαριστήσας,</span> <span class='ocrx_word' id='word_1_485' title='bbox 2689 2835 2784 2888; x_wconf 74' lang='grc' dir='ltr'><strong>καὶ</strong></span> <span class='ocrx_word' id='word_1_486' title='bbox 2821 2835 2995 2898; x_wconf 80' lang='grc' dir='ltr'>οὕτως</span> <span class='ocrx_word' id='word_1_487' title='bbox 3025 2836 3128 2889; x_wconf 81' lang='grc' dir='ltr'>ἀνὰ</span> <span class='ocrx_word' id='word_1_488' title='bbox 3157 2836 3249 2889; x_wconf 81' lang='grc' dir='ltr'>τὸν</span> <span class='ocrx_word' id='word_1_489' title='bbox 3280 2837 3489 2891; x_wconf 83' lang='grc' dir='ltr'>σιτῶνα</span> <span class='ocrx_word' id='word_1_490' title='bbox 3520 2839 3671 2911; x_wconf 74' lang='grc' dir='ltr'>δρᾷ-θ</span> <span class='ocrx_word' id='word_1_491' title='bbox 3712 2844 3833 2896; x_wconf 68' lang='grc' dir='ltr'><strong>ἑκά-</strong></span> 
     </span>
    </p>
   </div>
   <div class='ocr_carea' id='block_1_74' title="bbox 2235 2926 3837 2997">
    <p class='ocr_par' dir='ltr' id='par_1_74' title="bbox 2235 2926 3837 2997">
     <span class='ocr_line' id='line_1_74' title="bbox 2235 2926 3837 2997; baseline 0 -16"><span class='ocrx_word' id='word_1_492' title='bbox 2235 2945 2362 2981; x_wconf 90' lang='grc' dir='ltr'>στου</span> <span class='ocrx_word' id='word_1_493' title='bbox 2396 2927 2671 2981; x_wconf 74' lang='grc' dir='ltr'>Σαϐϐάτου</span> <span class='ocrx_word' id='word_1_494' title='bbox 2696 2930 2807 2990; x_wconf 85' lang='grc' dir='ltr'>τοῖς</span> <span class='ocrx_word' id='word_1_495' title='bbox 2830 2926 3075 2997; x_wconf 82' lang='grc' dir='ltr'>ἀδελφοῖς</span> <span class='ocrx_word' id='word_1_496' title='bbox 3101 2929 3507 2997; x_wconf 83' lang='grc' dir='ltr'>παραγγείλας,</span> <span class='ocrx_word' id='word_1_497' title='bbox 3535 2934 3643 2985; x_wconf 72' lang='grc' dir='ltr'>καὶ</span> <span class='ocrx_word' id='word_1_498' title='bbox 3669 2936 3837 2988; x_wconf 65' lang='grc' dir='ltr'>ταας,-</span> 
     </span>
    </p>
   </div>
   <div class='ocr_carea' id='block_1_75' title="bbox 2234 3008 3833 3086">
    <p class='ocr_par' dir='ltr' id='par_1_75' title="bbox 2234 3008 3833 3086">
     <span class='ocr_line' id='line_1_75' title="bbox 2234 3008 3833 3086; baseline 0.009 -20"><span class='ocrx_word' id='word_1_499' title='bbox 2234 3033 2332 3084; x_wconf 85' lang='grc' dir='ltr'><strong>την</strong></span> <span class='ocrx_word' id='word_1_500' title='bbox 2384 3016 2732 3086; x_wconf 80' lang='grc' dir='ltr'>εὐχαριστίαν</span> <span class='ocrx_word' id='word_1_501' title='bbox 2785 3008 3112 3080; x_wconf 76' lang='grc' dir='ltr'>ἀποδιδόναι,</span> <span class='ocrx_word' id='word_1_502' title='bbox 3165 3018 3479 3072; x_wconf 77' lang='grc' dir='ltr'>ἐντέλλεται</span> <span class='ocrx_word' id='word_1_503' title='bbox 3543 3023 3611 3075; x_wconf 79' lang='grc' dir='ltr'><strong>τὸ</strong></span> <span class='ocrx_word' id='word_1_504' title='bbox 3659 3024 3833 3080; x_wconf 60' lang='lat' dir='ltr'><strong>latas-1</strong></span> 
     </span>
    </p>
   </div>
   <div class='ocr_carea' id='block_1_76' title="bbox 2238 3108 3831 3183">
    <p class='ocr_par' dir='ltr' id='par_1_76' title="bbox 2238 3108 3831 3183">
     <span class='ocr_line' id='line_1_76' title="bbox 2238 3108 3831 3183; baseline 0.004 -22"><span class='ocrx_word' id='word_1_505' title='bbox 2238 3108 2422 3170; x_wconf 85' lang='grc' dir='ltr'>αὐτοῖς</span> <span class='ocrx_word' id='word_1_506' title='bbox 2460 3109 2773 3177; x_wconf 83' lang='grc' dir='ltr'>ἀρτοποιεῖν</span> <span class='ocrx_word' id='word_1_507' title='bbox 2814 3110 2912 3179; x_wconf 85' lang='grc' dir='ltr'>τὴν</span> <span class='ocrx_word' id='word_1_508' title='bbox 2956 3110 3112 3178; x_wconf 81' lang='grc' dir='ltr'>χεῖρα</span> <span class='ocrx_word' id='word_1_509' title='bbox 3142 3108 3420 3178; x_wconf 81' lang='grc' dir='ltr'>μηδέποτε</span> <span class='ocrx_word' id='word_1_510' title='bbox 3470 3116 3831 3183; x_wconf 69' lang='grc' dir='ltr'>παυομένοις,</span> 
     </span>
    </p>
   </div>
   <div class='ocr_carea' id='block_1_77' title="bbox 2239 3197 3835 3270">
    <p class='ocr_par' dir='ltr' id='par_1_77' title="bbox 2239 3197 3835 3270">
     <span class='ocr_line' id='line_1_77' title="bbox 2239 3197 3835 3270; baseline 0.004 -19"><span class='ocrx_word' id='word_1_511' title='bbox 2239 3197 2353 3251; x_wconf 84' lang='grc' dir='ltr'>ἀλλ’</span> <span class='ocrx_word' id='word_1_512' title='bbox 2394 3198 2480 3251; x_wconf 72' lang='grc' dir='ltr'>ἀεὶ</span> <span class='ocrx_word' id='word_1_513' title='bbox 2515 3199 2612 3268; x_wconf 82' lang='grc' dir='ltr'>τῆς</span> <span class='ocrx_word' id='word_1_514' title='bbox 2651 3199 2925 3268; x_wconf 82' lang='grc' dir='ltr'>μακαρίας</span> <span class='ocrx_word' id='word_1_515' title='bbox 2967 3198 3170 3270; x_wconf 87' lang='grc' dir='ltr'>ταύτης</span> <span class='ocrx_word' id='word_1_516' title='bbox 3210 3200 3305 3252; x_wconf 67' lang='grc' dir='ltr'>καὶ</span> <span class='ocrx_word' id='word_1_517' title='bbox 3332 3201 3589 3269; x_wconf 73' lang='grc' dir='ltr'>Χριστὸν</span> <span class='ocrx_word' id='word_1_518' title='bbox 3620 3204 3717 3259; x_wconf 71' lang='grc' dir='ltr'>διὰ</span> <span class='ocrx_word' id='word_1_519' title='bbox 3742 3208 3835 3259; x_wconf 70' lang='grc' dir='ltr'><strong>τῶν</strong></span> 
     </span>
    </p>
   </div>
   <div class='ocr_carea' id='block_1_78' title="bbox 2239 3286 3835 3362">
    <p class='ocr_par' dir='ltr' id='par_1_78' title="bbox 2239 3286 3835 3362">
     <span class='ocr_line' id='line_1_78' title="bbox 2239 3286 3835 3362; baseline 0.004 -23"><span class='ocrx_word' id='word_1_520' title='bbox 2239 3286 2483 3356; x_wconf 76' lang='grc' dir='ltr'>ἀδελφῶν</span> <span class='ocrx_word' id='word_1_521' title='bbox 2514 3287 2821 3357; x_wconf 80' lang='grc' dir='ltr'>τρεφούσης</span> <span class='ocrx_word' id='word_1_522' title='bbox 2855 3289 3075 3359; x_wconf 78' lang='grc' dir='ltr'>ἐντολῆς</span> <span class='ocrx_word' id='word_1_523' title='bbox 3112 3289 3417 3359; x_wconf 79' lang='grc' dir='ltr'>ἐχομένοις.</span> <span class='ocrx_word' id='word_1_524' title='bbox 3455 3291 3586 3356; x_wconf 81' lang='grc' dir='ltr'>Τὰς</span> <span class='ocrx_word' id='word_1_525' title='bbox 3620 3296 3729 3362; x_wconf 80' lang='grc' dir='ltr'>μὲν</span> <span class='ocrx_word' id='word_1_526' title='bbox 3759 3293 3835 3350; x_wconf 60' lang='grc' dir='ltr'><strong>οὖν</strong></span> 
     </span>
    </p>
   </div>
   <div class='ocr_carea' id='block_1_79' title="bbox 2239 3376 3837 3450">
    <p class='ocr_par' dir='ltr' id='par_1_79' title="bbox 2239 3376 3837 3450">
     <span class='ocr_line' id='line_1_79' title="bbox 2239 3376 3837 3450; baseline 0 -20"><span class='ocrx_word' id='word_1_527' title='bbox 2239 3380 2426 3448; x_wconf 81' lang='grc' dir='ltr'>χεῖρας</span> <span class='ocrx_word' id='word_1_528' title='bbox 2453 3376 2576 3430; x_wconf 73' lang='grc' dir='ltr'>οὔτε</span> <span class='ocrx_word' id='word_1_529' title='bbox 2606 3379 2788 3448; x_wconf 79' lang='grc' dir='ltr'>ἡμέρα</span> <span class='ocrx_word' id='word_1_530' title='bbox 2830 3380 2949 3449; x_wconf 78' lang='grc' dir='ltr'>ἵστη</span> <span class='ocrx_word' id='word_1_531' title='bbox 2995 3380 3094 3448; x_wconf 86' lang='grc' dir='ltr'><strong>τῆς</strong></span> <span class='ocrx_word' id='word_1_532' title='bbox 3136 3380 3467 3450; x_wconf 85' lang='grc' dir='ltr'>ἀρτοποιίας</span> <span class='ocrx_word' id='word_1_533' title='bbox 3532 3388 3651 3450; x_wconf 76' lang='grc' dir='ltr'>τοῖς</span> <span class='ocrx_word' id='word_1_534' title='bbox 3695 3388 3837 3441; x_wconf 70' lang='grc' dir='ltr'>ἀδελ.</span> 
     </span>
    </p>
   </div>
   <div class='ocr_carea' id='block_1_80' title="bbox 2240 3468 3837 3550">
    <p class='ocr_par' dir='ltr' id='par_1_80' title="bbox 2240 3468 3837 3550">
     <span class='ocr_line' id='line_1_80' title="bbox 2240 3468 3837 3550; baseline 0.009 -30"><span class='ocrx_word' id='word_1_535' title='bbox 2240 3471 2380 3536; x_wconf 83' lang='grc' dir='ltr'><strong>φοίς,</strong></span> <span class='ocrx_word' id='word_1_536' title='bbox 2414 3468 2536 3522; x_wconf 76' lang='grc' dir='ltr'>οὔτε</span> <span class='ocrx_word' id='word_1_537' title='bbox 2572 3470 2687 3535; x_wconf 78' lang='grc' dir='ltr'>νὺξ,</span> <span class='ocrx_word' id='word_1_538' title='bbox 2714 3470 2850 3523; x_wconf 82' lang='grc' dir='ltr'>ἀλλὰ</span> <span class='ocrx_word' id='word_1_539' title='bbox 2887 3471 2983 3523; x_wconf 81' lang='grc' dir='ltr'><strong>καὶ</strong></span> <span class='ocrx_word' id='word_1_540' title='bbox 3018 3470 3210 3531; x_wconf 83' lang='grc' dir='ltr'>νύκτες</span> <span class='ocrx_word' id='word_1_541' title='bbox 3245 3472 3455 3540; x_wconf 76' lang='grc' dir='ltr'>μᾶλλον</span> <span class='ocrx_word' id='word_1_542' title='bbox 3500 3480 3650 3548; x_wconf 78' lang='grc' dir='ltr'>περὶ</span> <span class='ocrx_word' id='word_1_543' title='bbox 3684 3481 3837 3550; x_wconf 63' lang='grc' dir='ltr'>αὐτὴν</span> 
     </span>
    </p>
   </div>
   <div class='ocr_carea' id='block_1_81' title="bbox 2239 3558 3840 3638">
    <p class='ocr_par' dir='ltr' id='par_1_81' title="bbox 2239 3558 3840 3638">
     <span class='ocr_line' id='line_1_81' title="bbox 2239 3558 3840 3638; baseline 0.008 -27"><span class='ocrx_word' id='word_1_544' title='bbox 2239 3558 2593 3627; x_wconf 80' lang='grc' dir='ltr'>πονουμένοις</span> <span class='ocrx_word' id='word_1_545' title='bbox 2628 3559 2863 3630; x_wconf 80' lang='grc' dir='ltr'>ἡμέραις</span> <span class='ocrx_word' id='word_1_546' title='bbox 2894 3562 3246 3631; x_wconf 84' lang='grc' dir='ltr'>συνήπτοντο,</span> <span class='ocrx_word' id='word_1_547' title='bbox 3280 3565 3377 3616; x_wconf 68' lang='grc' dir='ltr'><strong>καὶ</strong></span> <span class='ocrx_word' id='word_1_548' title='bbox 3408 3565 3478 3618; x_wconf 76' lang='grc' dir='ltr'>τὸ</span> <span class='ocrx_word' id='word_1_549' title='bbox 3513 3568 3633 3638; x_wconf 76' lang='grc' dir='ltr'>τῆς</span> <span class='ocrx_word' id='word_1_550' title='bbox 3658 3572 3840 3635; x_wconf 72' lang='grc' dir='ltr'>νυκτὸς</span> 
     </span>
    </p>
   </div>
   <div class='ocr_carea' id='block_1_82' title="bbox 2240 3650 3839 3732">
    <p class='ocr_par' dir='ltr' id='par_1_82' title="bbox 2240 3650 3839 3732">
     <span class='ocr_line' id='line_1_82' title="bbox 2240 3650 3839 3732; baseline 0.009 -30"><span class='ocrx_word' id='word_1_551' title='bbox 2240 3650 2400 3721; x_wconf 79' lang='grc' dir='ltr'>ἔργον</span> <span class='ocrx_word' id='word_1_552' title='bbox 2423 3653 2451 3703; x_wconf 84' lang='grc' dir='ltr'><strong>ό</strong></span> <span class='ocrx_word' id='word_1_553' title='bbox 2472 3651 2661 3720; x_wconf 89' lang='grc' dir='ltr'>λύχνος</span> <span class='ocrx_word' id='word_1_554' title='bbox 2686 3652 2781 3704; x_wconf 86' lang='grc' dir='ltr'>τοῦ</span> <span class='ocrx_word' id='word_1_555' title='bbox 2814 3652 2914 3721; x_wconf 85' lang='grc' dir='ltr'><strong>τῆς</strong></span> <span class='ocrx_word' id='word_1_556' title='bbox 2946 3653 3159 3722; x_wconf 85' lang='grc' dir='ltr'>ἡμέρας</span> <span class='ocrx_word' id='word_1_557' title='bbox 3187 3655 3368 3721; x_wconf 80' lang='grc' dir='ltr'>φωτὸς</span> <span class='ocrx_word' id='word_1_558' title='bbox 3390 3662 3683 3732; x_wconf 83' lang='grc' dir='ltr'>παρεῖχεν</span> <span class='ocrx_word' id='word_1_559' title='bbox 3702 3664 3839 3716; x_wconf 68' lang='grc' dir='ltr'>οὐδὲν</span> 
     </span>
    </p>
   </div>
   <div class='ocr_carea' id='block_1_83' title="bbox 2239 3741 3840 3818">
    <p class='ocr_par' dir='ltr' id='par_1_83' title="bbox 2239 3741 3840 3818">
     <span class='ocr_line' id='line_1_83' title="bbox 2239 3741 3840 3818; baseline 0.01 -24"><span class='ocrx_word' id='word_1_560' title='bbox 2239 3741 2435 3795; x_wconf 73' lang='grc' dir='ltr'>ἐνδέον.</span> <span class='ocrx_word' id='word_1_561' title='bbox 2486 3744 2741 3798; x_wconf 81' lang='grc' dir='ltr'>Τοσοῦτοι</span> <span class='ocrx_word' id='word_1_562' title='bbox 2790 3745 2941 3814; x_wconf 80' lang='grc' dir='ltr'><strong>παρά</strong></span> <span class='ocrx_word' id='word_1_563' title='bbox 2982 3744 3073 3797; x_wconf 83' lang='grc' dir='ltr'><strong>τὸν</strong></span> <span class='ocrx_word' id='word_1_564' title='bbox 3102 3745 3259 3813; x_wconf 75' lang='grc' dir='ltr'>ἅγιον</span> <span class='ocrx_word' id='word_1_565' title='bbox 3297 3746 3481 3817; x_wconf 78' lang='grc' dir='ltr'>ὄχλοι,</span> <span class='ocrx_word' id='word_1_566' title='bbox 3542 3754 3649 3806; x_wconf 78' lang='grc' dir='ltr'>καὶ</span> <span class='ocrx_word' id='word_1_567' title='bbox 3680 3755 3840 3818; x_wconf 66' lang='grc' dir='ltr'>οὕτως</span> 
     </span>
    </p>
   </div>
   <div class='ocr_carea' id='block_1_84' title="bbox 2238 3832 3839 3917">
    <p class='ocr_par' dir='ltr' id='par_1_84' title="bbox 2238 3832 3839 3917">
     <span class='ocr_line' id='line_1_84' title="bbox 2238 3832 3839 3917; baseline 0.003 -32"><span class='ocrx_word' id='word_1_568' title='bbox 2238 3832 2475 3904; x_wconf 84' lang='grc' dir='ltr'>ἀριθμοῦ</span> <span class='ocrx_word' id='word_1_569' title='bbox 2506 3835 2789 3904; x_wconf 84' lang='grc' dir='ltr'>κρείττους</span> <span class='ocrx_word' id='word_1_570' title='bbox 2827 3836 2917 3889; x_wconf 80' lang='grc' dir='ltr'>ἀεὶ</span> <span class='ocrx_word' id='word_1_571' title='bbox 2960 3838 3273 3908; x_wconf 77' lang='grc' dir='ltr'>συνέρρεον,</span> <span class='ocrx_word' id='word_1_572' title='bbox 3307 3839 3340 3892; x_wconf 80' lang='grc' dir='ltr'><strong>ὃ</strong></span> <span class='ocrx_word' id='word_1_573' title='bbox 3373 3841 3479 3894; x_wconf 69' lang='grc' dir='ltr'><strong>καὶ</strong></span> <span class='ocrx_word' id='word_1_574' title='bbox 3513 3842 3619 3897; x_wconf 78' lang='grc' dir='ltr'>τοῦ</span> <span class='ocrx_word' id='word_1_575' title='bbox 3647 3848 3839 3917; x_wconf 55' lang='lat' dir='ltr'><strong>apok.</strong></span> 
     </span>
    </p>
   </div>
   <div class='ocr_carea' id='block_1_85' title="bbox 2239 3923 3836 4000">
    <p class='ocr_par' dir='ltr' id='par_1_85' title="bbox 2239 3923 3836 4000">
     <span class='ocr_line' id='line_1_85' title="bbox 2239 3923 3836 4000; baseline 0.01 -25"><span class='ocrx_word' id='word_1_576' title='bbox 2239 3923 2425 3986; x_wconf 71' lang='grc' dir='ltr'>δόντος</span> <span class='ocrx_word' id='word_1_577' title='bbox 2454 3924 2594 3994; x_wconf 85' lang='grc' dir='ltr'>τάχα</span> <span class='ocrx_word' id='word_1_578' title='bbox 2628 3926 3072 3997; x_wconf 79' lang='grc' dir='ltr'>παραδοξότερον,</span> <span class='ocrx_word' id='word_1_579' title='bbox 3111 3928 3219 3981; x_wconf 83' lang='grc' dir='ltr'>ὅτι.</span> <span class='ocrx_word' id='word_1_580' title='bbox 3240 3929 3340 3983; x_wconf 80' lang='grc' dir='ltr'><strong>καὶ</strong></span> <span class='ocrx_word' id='word_1_581' title='bbox 3397 3930 3590 3996; x_wconf 76' lang='grc' dir='ltr'>οὓτως</span> <span class='ocrx_word' id='word_1_582' title='bbox 3642 3937 3675 3988; x_wconf 87' lang='grc' dir='ltr'><strong>ό</strong></span> <span class='ocrx_word' id='word_1_583' title='bbox 3706 3940 3836 4000; x_wconf 76' lang='grc' dir='ltr'>σῖτος</span> 
     </span>
    </p>
   </div>
   <div class='ocr_carea' id='block_1_86' title="bbox 2240 4015 3839 4090">
    <p class='ocr_par' dir='ltr' id='par_1_86' title="bbox 2240 4015 3839 4090">
     <span class='ocr_line' id='line_1_86' title="bbox 2240 4015 3839 4090; baseline 0.009 -23"><span class='ocrx_word' id='word_1_584' title='bbox 2240 4015 2445 4078; x_wconf 72' lang='grc' dir='ltr'>ἐκεῖνος</span> <span class='ocrx_word' id='word_1_585' title='bbox 2497 4015 2648 4080; x_wconf 84' lang='grc' dir='ltr'>ὅλαις</span> <span class='ocrx_word' id='word_1_586' title='bbox 2699 4017 2890 4088; x_wconf 72' lang='grc' dir='ltr'>χερσὶν</span> <span class='ocrx_word' id='word_1_587' title='bbox 2937 4017 3373 4089; x_wconf 82' lang='grc' dir='ltr'>ὲκφορούμενος,</span> <span class='ocrx_word' id='word_1_588' title='bbox 3415 4025 3525 4077; x_wconf 73' lang='grc' dir='ltr'><strong>καὶ</strong></span> <span class='ocrx_word' id='word_1_589' title='bbox 3550 4027 3839 4090; x_wconf 80' lang='grc' dir='ltr'>τοσαύταις</span> 
     </span>
    </p>
   </div>
   <div class='ocr_carea' id='block_1_87' title="bbox 2238 4105 3836 4188">
    <p class='ocr_par' dir='ltr' id='par_1_87' title="bbox 2238 4105 3836 4188">
     <span class='ocr_line' id='line_1_87' title="bbox 2238 4105 3836 4188; baseline 0.01 -31"><span class='ocrx_word' id='word_1_590' title='bbox 2238 4105 2497 4175; x_wconf 73' lang='grc' dir='ltr'>ἐπαρκῶν</span> <span class='ocrx_word' id='word_1_591' title='bbox 2533 4107 2816 4177; x_wconf 82' lang='grc' dir='ltr'>μυριάσιν,</span> <span class='ocrx_word' id='word_1_592' title='bbox 2845 4108 2994 4177; x_wconf 72' lang='grc' dir='ltr'>ὅμως</span> <span class='ocrx_word' id='word_1_593' title='bbox 3027 4111 3120 4162; x_wconf 78' lang='grc' dir='ltr'><strong>καὶ</strong></span> <span class='ocrx_word' id='word_1_594' title='bbox 3147 4112 3229 4171; x_wconf 82' lang='grc' dir='ltr'><strong>είς</strong></span> <span class='ocrx_word' id='word_1_595' title='bbox 3260 4111 3464 4185; x_wconf 85' lang='grc' dir='ltr'>τρίτον</span> <span class='ocrx_word' id='word_1_596' title='bbox 3500 4112 3646 4188; x_wconf 78' lang='grc' dir='ltr'>ἑξῆς</span> <span class='ocrx_word' id='word_1_597' title='bbox 3666 4119 3836 4175; x_wconf 72' lang='grc' dir='ltr'>ἐνιαυο</span> 
     </span>
    </p>
   </div>
   <div class='ocr_carea' id='block_1_88' title="bbox 2239 4194 2582 4267">
    <p class='ocr_par' dir='ltr' id='par_1_88' title="bbox 2239 4194 2582 4267">
     <span class='ocr_line' id='line_1_88' title="bbox 2239 4194 2582 4267; baseline 0.003 -20"><span class='ocrx_word' id='word_1_598' title='bbox 2239 4194 2330 4249; x_wconf 85' lang='grc' dir='ltr'><strong>τόν</strong></span> <span class='ocrx_word' id='word_1_599' title='bbox 2359 4197 2582 4267; x_wconf 70' lang='grc' dir='ltr'>ἢρκεσε,</span> 
     </span>
    </p>
   </div>
   <div class='ocr_carea' id='block_1_89' title="bbox 626 4467 2133 4554">
    <p class='ocr_par' dir='ltr' id='par_1_89' title="bbox 626 4467 2133 4543">
     <span class='ocr_line' id='line_1_89' title="bbox 626 4467 2133 4543; baseline 0.005 -21"><span class='ocrx_word' id='word_1_600' title='bbox 626 4471 749 4523; x_wconf 71' lang='grc'><strong>152.</strong></span> <span class='ocrx_word' id='word_1_601' title='bbox 792 4470 925 4523; x_wconf 85' lang='lat' dir='ltr'><strong>Post</strong></span> <span class='ocrx_word' id='word_1_602' title='bbox 976 4468 1092 4523; x_wconf 71' lang='lat' dir='ltr'><strong>lucc</strong></span> <span class='ocrx_word' id='word_1_603' title='bbox 1118 4467 1346 4523; x_wconf 85' lang='lat' dir='ltr'><strong>humani</strong></span> <span class='ocrx_word' id='word_1_604' title='bbox 1393 4471 1613 4540; x_wconf 86' lang='lat' dir='ltr'><strong>generis</strong></span> <span class='ocrx_word' id='word_1_605' title='bbox 1651 4470 1847 4539; x_wconf 88' lang='lat' dir='ltr'><strong>hostis,</strong></span> <span class='ocrx_word' id='word_1_606' title='bbox 1890 4473 2133 4543; x_wconf 88' lang='lat' dir='ltr'><strong>priorem</strong></span> 
     </span>
    </p>
   </div>
   <div class='ocr_carea' id='block_1_90' title="bbox 2237 4467 3833 4554">
    <p class='ocr_par' dir='ltr' id='par_1_90' title="bbox 2313 4470 3833 4554">
     <span class='ocr_line' id='line_1_90' title="bbox 2313 4470 3833 4554; baseline 0.001 -31"><span class='ocrx_word' id='word_1_607' title='bbox 2313 4471 2444 4541; x_wconf 83' lang='grc' dir='ltr'>ρλβ’.</span> <span class='ocrx_word' id='word_1_608' title='bbox 2476 4470 2633 4526; x_wconf 89' lang='grc' dir='ltr'>Μετά</span> <span class='ocrx_word' id='word_1_609' title='bbox 2661 4471 2718 4525; x_wconf 69' lang='grc' dir='ltr'>δὲ</span> <span class='ocrx_word' id='word_1_610' title='bbox 2756 4470 2928 4525; x_wconf 78' lang='grc' dir='ltr'>ταῦτα</span> <span class='ocrx_word' id='word_1_611' title='bbox 2955 4472 3051 4541; x_wconf 78' lang='grc' dir='ltr'><strong>τῆς</strong></span> <span class='ocrx_word' id='word_1_612' title='bbox 3084 4475 3367 4546; x_wconf 81' lang='grc' dir='ltr'>προτέρας</span> <span class='ocrx_word' id='word_1_613' title='bbox 3388 4479 3584 4551; x_wconf 82' lang='grc' dir='ltr'>πάλης</span> <span class='ocrx_word' id='word_1_614' title='bbox 3610 4483 3833 4554; x_wconf 58' lang='grc' dir='ltr'>ἀναμνη.</span> 
     </span>
    </p>
   </div>
   <div class='ocr_carea' id='block_1_91' title="bbox 552 4557 2134 4634">
    <p class='ocr_par' dir='ltr' id='par_1_91' title="bbox 552 4557 2134 4634">
     <span class='ocr_line' id='line_1_91' title="bbox 552 4557 2134 4634; baseline 0.003 -20"><span class='ocrx_word' id='word_1_615' title='bbox 552 4574 712 4614; x_wconf 89' lang='lat' dir='ltr'><strong>suam</strong></span> <span class='ocrx_word' id='word_1_616' title='bbox 740 4574 866 4612; x_wconf 90' lang='lat' dir='ltr'><strong>cum</strong></span> <span class='ocrx_word' id='word_1_617' title='bbox 903 4557 1173 4629; x_wconf 77' lang='lat' dir='ltr'><strong>Symeone</strong></span> <span class='ocrx_word' id='word_1_618' title='bbox 1208 4559 1412 4613; x_wconf 86' lang='lat' dir='ltr'><strong>luetam</strong></span> <span class='ocrx_word' id='word_1_619' title='bbox 1451 4562 1795 4629; x_wconf 88' lang='lat' dir='ltr'><strong>recordatus,</strong></span> <span class='ocrx_word' id='word_1_620' title='bbox 1821 4573 1915 4618; x_wconf 85' lang='lat' dir='ltr'><strong>aut</strong></span> <span class='ocrx_word' id='word_1_621' title='bbox 1946 4565 2134 4634; x_wconf 87' lang='lat' dir='ltr'><strong>potius</strong></span> 
     </span>
    </p>
   </div>
   <div class='ocr_carea' id='block_1_92' title="bbox 550 4649 2136 4733">
    <p class='ocr_par' dir='ltr' id='par_1_92' title="bbox 550 4649 2136 4733">
     <span class='ocr_line' id='line_1_92' title="bbox 550 4649 2136 4733; baseline 0.003 -28"><span class='ocrx_word' id='word_1_622' title='bbox 550 4650 837 4719; x_wconf 84' lang='lat' dir='ltr'><strong>antiquam</strong></span> <span class='ocrx_word' id='word_1_623' title='bbox 873 4649 1082 4733; x_wconf 77' lang='lat' dir='ltr'><strong>cladem</strong></span> <span class='ocrx_word' id='word_1_624' title='bbox 1118 4666 1375 4719; x_wconf 85' lang='lat' dir='ltr'><strong>reparare</strong></span> <span class='ocrx_word' id='word_1_625' title='bbox 1408 4652 1663 4721; x_wconf 87' lang='lat' dir='ltr'><strong>cupidus,</strong></span> <span class='ocrx_word' id='word_1_626' title='bbox 1686 4670 1854 4707; x_wconf 90' lang='lat' dir='ltr'><strong>unum</strong></span> <span class='ocrx_word' id='word_1_627' title='bbox 1896 4669 1927 4709; x_wconf 90' lang='lat' dir='ltr'><strong>e</strong></span> <span class='ocrx_word' id='word_1_628' title='bbox 1952 4654 2136 4710; x_wconf 84' lang='lat' dir='ltr'><strong>fratri-</strong></span> 
     </span>
    </p>
   </div>
   <div class='ocr_carea' id='block_1_93' title="bbox 554 4736 2136 4813">
    <p class='ocr_par' dir='ltr' id='par_1_93' title="bbox 554 4736 2136 4813">
     <span class='ocr_line' id='line_1_93' title="bbox 554 4736 2136 4813; baseline 0.006 -22"><span class='ocrx_word' id='word_1_629' title='bbox 554 4737 662 4792; x_wconf 84' lang='lat' dir='ltr'><strong>bus</strong></span> <span class='ocrx_word' id='word_1_630' title='bbox 680 4736 1004 4801; x_wconf 83' lang='lat' dir='ltr'><strong>invadit,vel</strong></span> <span class='ocrx_word' id='word_1_631' title='bbox 1021 4738 1212 4803; x_wconf 89' lang='lat' dir='ltr'><strong>allicit,</strong></span> <span class='ocrx_word' id='word_1_632' title='bbox 1227 4748 1322 4793; x_wconf 90' lang='lat' dir='ltr'><strong>aut</strong></span> <span class='ocrx_word' id='word_1_633' title='bbox 1335 4742 1490 4810; x_wconf 89' lang='lat' dir='ltr'><strong>quasi</strong></span> <span class='ocrx_word' id='word_1_634' title='bbox 1506 4742 1748 4796; x_wconf 86' lang='lat' dir='ltr'><strong>vinctum</strong></span> <span class='ocrx_word' id='word_1_635' title='bbox 1770 4744 1955 4804; x_wconf 87' lang='lat' dir='ltr'><strong>trahit,</strong></span> <span class='ocrx_word' id='word_1_636' title='bbox 1971 4760 2136 4813; x_wconf 90' lang='lat' dir='ltr'><strong>quem</strong></span> 
     </span>
    </p>
   </div>
   <div class='ocr_carea' id='block_1_94' title="bbox 559 4829 2135 4901">
    <p class='ocr_par' dir='ltr' id='par_1_94' title="bbox 559 4829 2135 4901">
     <span class='ocr_line' id='line_1_94' title="bbox 559 4829 2135 4901; baseline 0.004 -15"><span class='ocrx_word' id='word_1_637' title='bbox 559 4838 748 4900; x_wconf 84' lang='lat' dir='ltr'><strong>aptum</strong></span> <span class='ocrx_word' id='word_1_638' title='bbox 780 4829 1056 4899; x_wconf 89' lang='lat' dir='ltr'><strong>imprimis</strong></span> <span class='ocrx_word' id='word_1_639' title='bbox 1088 4832 1344 4901; x_wconf 86' lang='lat' dir='ltr'><strong>pessimis</strong></span> <span class='ocrx_word' id='word_1_640' title='bbox 1371 4833 1488 4888; x_wconf 87' lang='lat' dir='ltr'><strong>suis</strong></span> <span class='ocrx_word' id='word_1_641' title='bbox 1511 4835 2015 4891; x_wconf 88' lang='lat' dir='ltr'><strong>machinationibus</strong></span> <span class='ocrx_word' id='word_1_642' title='bbox 2046 4852 2135 4892; x_wconf 87' lang='lat' dir='ltr'><strong>rc-</strong></span> 
     </span>
    </p>
   </div>
   <div class='ocr_carea' id='block_1_95' title="bbox 558 4921 2132 4997">
    <p class='ocr_par' dir='ltr' id='par_1_95' title="bbox 558 4921 2132 4997">
     <span class='ocr_line' id='line_1_95' title="bbox 558 4921 2132 4997; baseline 0.004 -22"><span class='ocrx_word' id='word_1_643' title='bbox 558 4921 809 4991; x_wconf 86' lang='lat' dir='ltr'><strong>pcriebat</strong></span> <span class='ocrx_word' id='word_1_644' title='bbox 831 4963 845 4987; x_wconf 94' lang='lat'><strong>,</strong></span> <span class='ocrx_word' id='word_1_645' title='bbox 874 4922 1094 4977; x_wconf 86' lang='lat' dir='ltr'><strong>natione</strong></span> <span class='ocrx_word' id='word_1_646' title='bbox 1113 4923 1383 4988; x_wconf 89' lang='lat' dir='ltr'><strong>lsaurum,</strong></span> <span class='ocrx_word' id='word_1_647' title='bbox 1408 4927 1825 4981; x_wconf 87' lang='lat' dir='ltr'><strong>nomenclatura</strong></span> <span class='ocrx_word' id='word_1_648' title='bbox 1846 4927 2132 4997; x_wconf 85' lang='lat' dir='ltr'><strong>Angulam,</strong></span> 
     </span>
    </p>
   </div>
   <div class='ocr_carea' id='block_1_96' title="bbox 558 5011 2133 5085">
    <p class='ocr_par' dir='ltr' id='par_1_96' title="bbox 558 5011 2133 5085">
     <span class='ocr_line' id='line_1_96' title="bbox 558 5011 2133 5085; baseline 0.003 -20"><span class='ocrx_word' id='word_1_649' title='bbox 558 5011 705 5080; x_wconf 89' lang='lat' dir='ltr'><strong>quod</strong></span> <span class='ocrx_word' id='word_1_650' title='bbox 752 5011 936 5082; x_wconf 82' lang='lat' dir='ltr'><strong>lingua</strong></span> <span class='ocrx_word' id='word_1_651' title='bbox 990 5012 1211 5083; x_wconf 88' lang='lat' dir='ltr'><strong>Syriaca</strong></span> <span class='ocrx_word' id='word_1_652' title='bbox 1276 5014 1492 5085; x_wconf 84' lang='lat' dir='ltr'><strong>pigrum</strong></span> <span class='ocrx_word' id='word_1_653' title='bbox 1548 5017 1900 5085; x_wconf 88' lang='lat' dir='ltr'><strong>interpretari</strong></span> <span class='ocrx_word' id='word_1_654' title='bbox 1956 5018 2133 5071; x_wconf 89' lang='lat' dir='ltr'><strong>aiunt.</strong></span> 
     </span>
    </p>
   </div>
   <div class='ocr_carea' id='block_1_97' title="bbox 558 5099 2138 5163">
    <p class='ocr_par' dir='ltr' id='par_1_97' title="bbox 558 5099 2138 5163">
     <span class='ocr_line' id='line_1_97' title="bbox 558 5099 2138 5163; baseline 0.006 -9"><span class='ocrx_word' id='word_1_655' title='bbox 558 5099 715 5155; x_wconf 82' lang='lat' dir='ltr'><strong>Haud</strong></span> <span class='ocrx_word' id='word_1_656' title='bbox 742 5109 941 5156; x_wconf 90' lang='lat' dir='ltr'><strong>tamem</strong></span> <span class='ocrx_word' id='word_1_657' title='bbox 988 5103 1104 5157; x_wconf 86' lang='lat' dir='ltr'><strong>scio</strong></span> <span class='ocrx_word' id='word_1_658' title='bbox 1138 5114 1324 5161; x_wconf 87' lang='lat' dir='ltr'><strong>utrum</strong></span> <span class='ocrx_word' id='word_1_659' title='bbox 1366 5106 1422 5160; x_wconf 88' lang='lat' dir='ltr'><strong>id</strong></span> <span class='ocrx_word' id='word_1_660' title='bbox 1482 5107 1532 5160; x_wconf 93' lang='lat' dir='ltr'><strong>ei</strong></span> <span class='ocrx_word' id='word_1_661' title='bbox 1582 5106 1823 5161; x_wconf 91' lang='lat' dir='ltr'><strong>nominis</strong></span> <span class='ocrx_word' id='word_1_662' title='bbox 1860 5106 2020 5160; x_wconf 89' lang='lat' dir='ltr'><strong>initio</strong></span> <span class='ocrx_word' id='word_1_663' title='bbox 2066 5108 2138 5163; x_wconf 86' lang='lat' dir='ltr'><strong>sit</strong></span> 
     </span>
    </p>
   </div>
   <div class='ocr_carea' id='block_1_98' title="bbox 556 5191 2137 5268">
    <p class='ocr_par' dir='ltr' id='par_1_98' title="bbox 556 5191 2137 5268">
     <span class='ocr_line' id='line_1_98' title="bbox 556 5191 2137 5268; baseline 0.003 -21"><span class='ocrx_word' id='word_1_664' title='bbox 556 5191 818 5254; x_wconf 87' lang='lat' dir='ltr'><strong>inditum,</strong></span> <span class='ocrx_word' id='word_1_665' title='bbox 870 5194 1019 5263; x_wconf 88' lang='lat' dir='ltr'><strong>quod</strong></span> <span class='ocrx_word' id='word_1_666' title='bbox 1085 5204 1275 5265; x_wconf 89' lang='lat' dir='ltr'><strong>postea</strong></span> <span class='ocrx_word' id='word_1_667' title='bbox 1339 5197 1611 5268; x_wconf 87' lang='lat' dir='ltr'><strong>ejusmodi</strong></span> <span class='ocrx_word' id='word_1_668' title='bbox 1659 5196 1838 5251; x_wconf 89' lang='lat' dir='ltr'><strong>factus</strong></span> <span class='ocrx_word' id='word_1_669' title='bbox 1880 5206 2003 5263; x_wconf 89' lang='lat' dir='ltr'><strong>est;</strong></span> <span class='ocrx_word' id='word_1_670' title='bbox 2067 5214 2137 5252; x_wconf 92' lang='lat' dir='ltr'><strong>an</strong></span> 
     </span>
    </p>
   </div>
   <div class='ocr_carea' id='block_1_99' title="bbox 558 5281 2133 5356">
    <p class='ocr_par' dir='ltr' id='par_1_99' title="bbox 558 5281 2133 5356">
     <span class='ocr_line' id='line_1_99' title="bbox 558 5281 2133 5356; baseline 0.003 -19"><span class='ocrx_word' id='word_1_671' title='bbox 558 5281 761 5337; x_wconf 86' lang='lat' dir='ltr'><strong>deinde</strong></span> <span class='ocrx_word' id='word_1_672' title='bbox 786 5283 1143 5339; x_wconf 86' lang='lat' dir='ltr'><strong>conformiter</strong></span> <span class='ocrx_word' id='word_1_673' title='bbox 1174 5287 1439 5356; x_wconf 89' lang='lat' dir='ltr'><strong>operibus</strong></span> <span class='ocrx_word' id='word_1_674' title='bbox 1467 5287 1521 5341; x_wconf 91' lang='lat' dir='ltr'><strong>id</strong></span> <span class='ocrx_word' id='word_1_675' title='bbox 1577 5286 1682 5340; x_wconf 90' lang='lat' dir='ltr'><strong>sibi</strong></span> <span class='ocrx_word' id='word_1_676' title='bbox 1714 5289 2133 5355; x_wconf 81' lang='lat' dir='ltr'><strong>comparaverit.</strong></span> 
     </span>
    </p>
   </div>
   <div class='ocr_carea' id='block_1_100' title="bbox 558 5373 2137 5446">
    <p class='ocr_par' dir='ltr' id='par_1_100' title="bbox 558 5373 2137 5446">
     <span class='ocr_line' id='line_1_100' title="bbox 558 5373 2137 5446; baseline 0.004 -18"><span class='ocrx_word' id='word_1_677' title='bbox 558 5373 718 5429; x_wconf 78' lang='lat' dir='ltr'><strong>Hunc</strong></span> <span class='ocrx_word' id='word_1_678' title='bbox 750 5374 918 5445; x_wconf 83' lang='lat' dir='ltr'><strong>igitur</strong></span> <span class='ocrx_word' id='word_1_679' title='bbox 950 5374 1233 5446; x_wconf 86' lang='lat' dir='ltr'><strong>ingressus</strong></span> <span class='ocrx_word' id='word_1_680' title='bbox 1262 5377 1629 5443; x_wconf 71' lang='lat' dir='ltr'><strong>cacodzemon,</strong></span> <span class='ocrx_word' id='word_1_681' title='bbox 1664 5378 1975 5432; x_wconf 84' lang='lat' dir='ltr'><strong>universam</strong></span> <span class='ocrx_word' id='word_1_682' title='bbox 2024 5380 2137 5434; x_wconf 85' lang='lat' dir='ltr'><strong>fra-</strong></span> 
     </span>
    </p>
   </div>
   <div class='ocr_carea' id='block_1_101' title="bbox 558 5466 2140 5538">
    <p class='ocr_par' dir='ltr' id='par_1_101' title="bbox 558 5466 2140 5538">
     <span class='ocr_line' id='line_1_101' title="bbox 558 5466 2140 5538; baseline 0.005 -18"><span class='ocrx_word' id='word_1_683' title='bbox 558 5472 706 5520; x_wconf 82' lang='lat' dir='ltr'><strong>trum</strong></span> <span class='ocrx_word' id='word_1_684' title='bbox 752 5466 1205 5521; x_wconf 88' lang='lat' dir='ltr'><strong>eommunitatem</strong></span> <span class='ocrx_word' id='word_1_685' title='bbox 1241 5483 1340 5538; x_wconf 89' lang='lat' dir='ltr'><strong>per</strong></span> <span class='ocrx_word' id='word_1_686' title='bbox 1387 5467 1565 5537; x_wconf 90' lang='lat' dir='ltr'><strong>ipsum</strong></span> <span class='ocrx_word' id='word_1_687' title='bbox 1600 5469 1838 5525; x_wconf 87' lang='lat' dir='ltr'><strong>concitat</strong></span> <span class='ocrx_word' id='word_1_688' title='bbox 1873 5470 2140 5527; x_wconf 85' lang='lat' dir='ltr'><strong>adversus</strong></span> 
     </span>
    </p>
   </div>
   <div class='ocr_carea' id='block_1_102' title="bbox 558 5551 2140 5628">
    <p class='ocr_par' dir='ltr' id='par_1_102' title="bbox 558 5551 2140 5628">
     <span class='ocr_line' id='line_1_102' title="bbox 558 5551 2140 5628; baseline 0.005 -18"><span class='ocrx_word' id='word_1_689' title='bbox 558 5567 840 5622; x_wconf 77' lang='lat' dir='ltr'><strong>sanctum;</strong></span> <span class='ocrx_word' id='word_1_690' title='bbox 885 5557 980 5627; x_wconf 90' lang='lat' dir='ltr'><strong>qui</strong></span> <span class='ocrx_word' id='word_1_691' title='bbox 1030 5558 1239 5628; x_wconf 88' lang='lat' dir='ltr'><strong>pariter</strong></span> <span class='ocrx_word' id='word_1_692' title='bbox 1288 5558 1468 5628; x_wconf 85' lang='lat' dir='ltr'><strong>posita</strong></span> <span class='ocrx_word' id='word_1_693' title='bbox 1499 5551 1833 5616; x_wconf 82' lang='lat' dir='ltr'><strong>verecundia</strong></span> <span class='ocrx_word' id='word_1_694' title='bbox 1876 5577 1941 5617; x_wconf 89' lang='lat' dir='ltr'><strong>ac</strong></span> <span class='ocrx_word' id='word_1_695' title='bbox 1986 5578 2140 5619; x_wconf 87' lang='lat' dir='ltr'><strong>reve-</strong></span> 
     </span>
    </p>
   </div>
   <div class='ocr_carea' id='block_1_103' title="bbox 558 5645 2136 5721">
    <p class='ocr_par' dir='ltr' id='par_1_103' title="bbox 558 5645 2136 5721">
     <span class='ocr_line' id='line_1_103' title="bbox 558 5645 2136 5721; baseline 0.003 -22"><span class='ocrx_word' id='word_1_696' title='bbox 558 5646 737 5699; x_wconf 81' lang='lat' dir='ltr'><strong>rentia</strong></span> <span class='ocrx_word' id='word_1_697' title='bbox 787 5645 966 5715; x_wconf 86' lang='lat' dir='ltr'><strong>ipsum</strong></span> <span class='ocrx_word' id='word_1_698' title='bbox 1009 5648 1277 5703; x_wconf 86' lang='lat' dir='ltr'><strong>adeuntes</strong></span> <span class='ocrx_word' id='word_1_699' title='bbox 1323 5650 1501 5716; x_wconf 71' lang='lat' dir='ltr'><strong>:Quze</strong></span> <span class='ocrx_word' id='word_1_700' title='bbox 1544 5650 1644 5704; x_wconf 89' lang='lat' dir='ltr'><strong>ista</strong></span> <span class='ocrx_word' id='word_1_701' title='bbox 1698 5660 1813 5712; x_wconf 80' lang='lat' dir='ltr'><strong>tua,</strong></span> <span class='ocrx_word' id='word_1_702' title='bbox 1856 5651 2136 5721; x_wconf 87' lang='lat' dir='ltr'><strong>inquiunt,</strong></span> 
     </span>
    </p>
   </div>
   <div class='ocr_carea' id='block_1_104' title="bbox 560 5738 2135 5805">
    <p class='ocr_par' dir='ltr' id='par_1_104' title="bbox 560 5738 2135 5805">
     <span class='ocr_line' id='line_1_104' title="bbox 560 5738 2135 5805; baseline 0.004 -16"><span class='ocrx_word' id='word_1_703' title='bbox 560 5743 669 5789; x_wconf 84' lang='lat' dir='ltr'><strong>tam</strong></span> <span class='ocrx_word' id='word_1_704' title='bbox 708 5750 875 5805; x_wconf 83' lang='lat' dir='ltr'><strong>supra</strong></span> <span class='ocrx_word' id='word_1_705' title='bbox 920 5738 1145 5793; x_wconf 90' lang='lat' dir='ltr'><strong>modum</strong></span> <span class='ocrx_word' id='word_1_706' title='bbox 1193 5741 1364 5796; x_wconf 76' lang='lat' dir='ltr'><strong>eﬂusa</strong></span> <span class='ocrx_word' id='word_1_707' title='bbox 1424 5742 1853 5796; x_wconf 84' lang='lat' dir='ltr'><strong>misericordia?</strong></span> <span class='ocrx_word' id='word_1_708' title='bbox 1910 5744 2135 5797; x_wconf 88' lang='lat' dir='ltr'><strong>ubinam</strong></span> 
     </span>
    </p>
   </div>
   <div class='ocr_carea' id='block_1_105' title="bbox 2242 4562 3829 4645">
    <p class='ocr_par' dir='ltr' id='par_1_105' title="bbox 2242 4562 3829 4645">
     <span class='ocr_line' id='line_1_105' title="bbox 2242 4562 3829 4645; baseline 0.007 -29"><span class='ocrx_word' id='word_1_709' title='bbox 2242 4562 2388 4626; x_wconf 74' lang='grc' dir='ltr'>σθεὶς</span> <span class='ocrx_word' id='word_1_710' title='bbox 2419 4566 2447 4617; x_wconf 85' lang='grc' dir='ltr'><strong>ό</strong></span> <span class='ocrx_word' id='word_1_711' title='bbox 2478 4565 2690 4633; x_wconf 76' lang='grc' dir='ltr'>ἐχθρὸς,</span> <span class='ocrx_word' id='word_1_712' title='bbox 2743 4565 2775 4634; x_wconf 84' lang='grc' dir='ltr'><strong>ῆ</strong></span> <span class='ocrx_word' id='word_1_713' title='bbox 2829 4564 2929 4634; x_wconf 79' lang='grc' dir='ltr'>τὴν</span> <span class='ocrx_word' id='word_1_714' title='bbox 2981 4565 3220 4619; x_wconf 82' lang='grc' dir='ltr'>παλαιὰν</span> <span class='ocrx_word' id='word_1_715' title='bbox 3255 4568 3602 4635; x_wconf 77' lang='grc' dir='ltr'>φιλονεικῶν</span> <span class='ocrx_word' id='word_1_716' title='bbox 3649 4576 3829 4645; x_wconf 54' lang='lat' dir='ltr'><strong>pm”</strong></span> 
     </span>
    </p>
   </div>
   <div class='ocr_carea' id='block_1_106' title="bbox 2240 4651 3824 4734">
    <p class='ocr_par' dir='ltr' id='par_1_106' title="bbox 2240 4651 3824 4734">
     <span class='ocr_line' id='line_1_106' title="bbox 2240 4651 3824 4734; baseline 0.008 -25"><span class='ocrx_word' id='word_1_717' title='bbox 2240 4656 2679 4710; x_wconf 82' lang='grc' dir='ltr'>ἀνακαλέσασθαι</span> <span class='ocrx_word' id='word_1_718' title='bbox 2720 4651 2911 4728; x_wconf 71' lang='grc' dir='ltr'>ἧτταν,</span> <span class='ocrx_word' id='word_1_719' title='bbox 2952 4656 3247 4711; x_wconf 84' lang='grc' dir='ltr'>ὑποδύεται</span> <span class='ocrx_word' id='word_1_720' title='bbox 3274 4660 3391 4713; x_wconf 83' lang='grc' dir='ltr'><strong>τῶν</strong></span> <span class='ocrx_word' id='word_1_721' title='bbox 3432 4664 3694 4734; x_wconf 55' lang='grc' dir='ltr'>ἀδελφῶν</span> <span class='ocrx_word' id='word_1_722' title='bbox 3723 4670 3824 4731; x_wconf 70' lang='grc' dir='ltr'>ενα,</span> 
     </span>
    </p>
   </div>
   <div class='ocr_carea' id='block_1_107' title="bbox 2238 4746 3827 4825">
    <p class='ocr_par' dir='ltr' id='par_1_107' title="bbox 2238 4746 3827 4825">
     <span class='ocr_line' id='line_1_107' title="bbox 2238 4746 3827 4825; baseline 0.009 -28"><span class='ocrx_word' id='word_1_723' title='bbox 2238 4746 2272 4815; x_wconf 86' lang='grc' dir='ltr'>ἢ</span> <span class='ocrx_word' id='word_1_724' title='bbox 2308 4748 2626 4812; x_wconf 79' lang='grc' dir='ltr'>ἐπισπᾶται,</span> <span class='ocrx_word' id='word_1_725' title='bbox 2650 4747 2684 4816; x_wconf 79' lang='grc' dir='ltr'><strong>ἦ</strong></span> <span class='ocrx_word' id='word_1_726' title='bbox 2716 4747 3000 4814; x_wconf 74' lang='grc' dir='ltr'>ἐπάγεται,</span> <span class='ocrx_word' id='word_1_727' title='bbox 3021 4748 3238 4811; x_wconf 72' lang='grc' dir='ltr'>οἰκείως</span> <span class='ocrx_word' id='word_1_728' title='bbox 3262 4750 3450 4820; x_wconf 81' lang='grc' dir='ltr'>ἑαυτῷ</span> <span class='ocrx_word' id='word_1_729' title='bbox 3470 4753 3682 4825; x_wconf 71' lang='grc' dir='ltr'>δηλαδὴ</span> <span class='ocrx_word' id='word_1_730' title='bbox 3704 4758 3827 4824; x_wconf 71' lang='grc' dir='ltr'>πρὸς</span> 
     </span>
    </p>
   </div>
   <div class='ocr_carea' id='block_1_108' title="bbox 2241 4837 3830 4915">
    <p class='ocr_par' dir='ltr' id='par_1_108' title="bbox 2241 4837 3830 4915">
     <span class='ocr_line' id='line_1_108' title="bbox 2241 4837 3830 4915; baseline 0.004 -26"><span class='ocrx_word' id='word_1_731' title='bbox 2241 4837 2598 4906; x_wconf 83' lang='grc' dir='ltr'>κακοτεχνίαν</span> <span class='ocrx_word' id='word_1_732' title='bbox 2642 4837 2818 4907; x_wconf 83' lang='grc' dir='ltr'>εὑρὼν</span> <span class='ocrx_word' id='word_1_733' title='bbox 2848 4838 3060 4906; x_wconf 77' lang='grc' dir='ltr'>ἔχοντα,</span> <span class='ocrx_word' id='word_1_734' title='bbox 3096 4840 3353 4908; x_wconf 85' lang='grc' dir='ltr'>Ἴσαυρον</span> <span class='ocrx_word' id='word_1_735' title='bbox 3388 4841 3456 4894; x_wconf 82' lang='grc' dir='ltr'>τὸ</span> <span class='ocrx_word' id='word_1_736' title='bbox 3495 4847 3681 4912; x_wconf 79' lang='grc' dir='ltr'>γένος,</span> <span class='ocrx_word' id='word_1_737' title='bbox 3721 4850 3830 4915; x_wconf 71' lang='grc' dir='ltr'><strong>Ἀγ-</strong></span> 
     </span>
    </p>
   </div>
   <div class='ocr_carea' id='block_1_109' title="bbox 2241 4927 3823 5007">
    <p class='ocr_par' dir='ltr' id='par_1_109' title="bbox 2241 4927 3823 5007">
     <span class='ocr_line' id='line_1_109' title="bbox 2241 4927 3823 5007; baseline 0.005 -25"><span class='ocrx_word' id='word_1_738' title='bbox 2241 4929 2440 4998; x_wconf 80' lang='grc' dir='ltr'>γουλᾶν</span> <span class='ocrx_word' id='word_1_739' title='bbox 2488 4929 2587 4998; x_wconf 82' lang='grc' dir='ltr'><strong>τὴν</strong></span> <span class='ocrx_word' id='word_1_740' title='bbox 2636 4927 3023 5000; x_wconf 88' lang='grc' dir='ltr'>προσηγορίαν,</span> <span class='ocrx_word' id='word_1_741' title='bbox 3055 4929 3085 4981; x_wconf 84' lang='grc' dir='ltr'><strong>ὃ</strong></span> <span class='ocrx_word' id='word_1_742' title='bbox 3131 4933 3198 5000; x_wconf 77' lang='grc' dir='ltr'>τῇ</span> <span class='ocrx_word' id='word_1_743' title='bbox 3240 4932 3351 4985; x_wconf 86' lang='grc' dir='ltr'><strong>τῶν</strong></span> <span class='ocrx_word' id='word_1_744' title='bbox 3392 4933 3594 5004; x_wconf 80' lang='grc' dir='ltr'>Σύρων</span> <span class='ocrx_word' id='word_1_745' title='bbox 3625 4939 3823 5007; x_wconf 71' lang='grc' dir='ltr'>γλώττῃ</span> 
     </span>
    </p>
   </div>
   <div class='ocr_carea' id='block_1_110' title="bbox 2241 5018 3825 5108">
    <p class='ocr_par' dir='ltr' id='par_1_110' title="bbox 2241 5018 3825 5108">
     <span class='ocr_line' id='line_1_110' title="bbox 2241 5018 3825 5108; baseline 0.007 -38"><span class='ocrx_word' id='word_1_746' title='bbox 2241 5020 2374 5087; x_wconf 71' lang='grc' dir='ltr'>φασὶ</span> <span class='ocrx_word' id='word_1_747' title='bbox 2399 5019 2490 5072; x_wconf 75' lang='grc' dir='ltr'><strong>τὸν</strong></span> <span class='ocrx_word' id='word_1_748' title='bbox 2513 5020 2742 5090; x_wconf 75' lang='grc' dir='ltr'>ὀκνηρὸν</span> <span class='ocrx_word' id='word_1_749' title='bbox 2770 5018 3167 5108; x_wconf 56' lang='grc' dir='ltr'><strong>ὀνομάζεσθαι.ι</strong></span> <span class='ocrx_word' id='word_1_750' title='bbox 3182 5023 3299 5074; x_wconf 85' lang='grc' dir='ltr'>Οὐκ</span> <span class='ocrx_word' id='word_1_751' title='bbox 3348 5020 3493 5091; x_wconf 84' lang='grc' dir='ltr'>οἴδα,</span> <span class='ocrx_word' id='word_1_752' title='bbox 3534 5030 3652 5082; x_wconf 79' lang='grc' dir='ltr'>εἴτε</span> <span class='ocrx_word' id='word_1_753' title='bbox 3684 5031 3825 5084; x_wconf 69' lang='grc' dir='ltr'>τοῦτο</span> 
     </span>
    </p>
   </div>
   <div class='ocr_carea' id='block_1_111' title="bbox 2240 5109 3826 5182">
    <p class='ocr_par' dir='ltr' id='par_1_111' title="bbox 2240 5109 3826 5182">
     <span class='ocr_line' id='line_1_111' title="bbox 2240 5109 3826 5182; baseline 0.004 -19"><span class='ocrx_word' id='word_1_754' title='bbox 2240 5110 2340 5179; x_wconf 85' lang='grc' dir='ltr'><strong>τὴν</strong></span> <span class='ocrx_word' id='word_1_755' title='bbox 2367 5109 2542 5180; x_wconf 80' lang='grc' dir='ltr'>ἀρχὴν</span> <span class='ocrx_word' id='word_1_756' title='bbox 2573 5109 2860 5181; x_wconf 83' lang='grc' dir='ltr'>κληθέντα,</span> <span class='ocrx_word' id='word_1_757' title='bbox 2891 5110 2920 5161; x_wconf 84' lang='grc' dir='ltr'><strong>ὃ</strong></span> <span class='ocrx_word' id='word_1_758' title='bbox 2953 5110 3092 5179; x_wconf 86' lang='grc' dir='ltr'><strong>μετά</strong></span> <span class='ocrx_word' id='word_1_759' title='bbox 3113 5110 3291 5164; x_wconf 83' lang='grc' dir='ltr'>ταῦτα</span> <span class='ocrx_word' id='word_1_760' title='bbox 3319 5117 3569 5182; x_wconf 85' lang='grc' dir='ltr'>γεγόνει,</span> <span class='ocrx_word' id='word_1_761' title='bbox 3608 5123 3701 5172; x_wconf 76' lang='grc' dir='ltr'><strong>καὶ</strong></span> <span class='ocrx_word' id='word_1_762' title='bbox 3726 5124 3826 5179; x_wconf 78' lang='grc' dir='ltr'>τοῖς</span> 
     </span>
    </p>
   </div>
   <div class='ocr_carea' id='block_1_112' title="bbox 2240 5200 3821 5275">
    <p class='ocr_par' dir='ltr' id='par_1_112' title="bbox 2240 5200 3821 5275">
     <span class='ocr_line' id='line_1_112' title="bbox 2240 5200 3821 5275; baseline 0.009 -23"><span class='ocrx_word' id='word_1_763' title='bbox 2240 5200 2423 5271; x_wconf 79' lang='grc' dir='ltr'>ἔργοις</span> <span class='ocrx_word' id='word_1_764' title='bbox 2459 5202 2557 5269; x_wconf 84' lang='grc' dir='ltr'><strong>τὴν</strong></span> <span class='ocrx_word' id='word_1_765' title='bbox 2592 5201 2782 5272; x_wconf 83' lang='grc' dir='ltr'>κλῆσιν</span> <span class='ocrx_word' id='word_1_766' title='bbox 2816 5200 3041 5271; x_wconf 77' lang='grc' dir='ltr'>ὕστερον</span> <span class='ocrx_word' id='word_1_767' title='bbox 3078 5205 3144 5272; x_wconf 81' lang='grc' dir='ltr'>τῇ</span> <span class='ocrx_word' id='word_1_768' title='bbox 3184 5202 3389 5272; x_wconf 83' lang='grc' dir='ltr'>πράξει</span> <span class='ocrx_word' id='word_1_769' title='bbox 3433 5209 3821 5275; x_wconf 74' lang='grc' dir='ltr'>μεταϐαλόντα.</span> 
     </span>
    </p>
   </div>
   <div class='ocr_carea' id='block_1_113' title="bbox 2241 5291 3827 5371">
    <p class='ocr_par' dir='ltr' id='par_1_113' title="bbox 2241 5291 3827 5371">
     <span class='ocr_line' id='line_1_113' title="bbox 2241 5291 3827 5371; baseline 0.004 -27"><span class='ocrx_word' id='word_1_770' title='bbox 2241 5292 2336 5344; x_wconf 77' lang='grc' dir='ltr'><strong>καὶ</strong></span> <span class='ocrx_word' id='word_1_771' title='bbox 2367 5292 2700 5360; x_wconf 86' lang='grc' dir='ltr'>κατάλληλον</span> <span class='ocrx_word' id='word_1_772' title='bbox 2742 5294 2854 5354; x_wconf 79' lang='grc' dir='ltr'>τοῖς</span> <span class='ocrx_word' id='word_1_773' title='bbox 2885 5291 3067 5362; x_wconf 80' lang='grc' dir='ltr'>ἔργοις</span> <span class='ocrx_word' id='word_1_774' title='bbox 3100 5294 3497 5366; x_wconf 83' lang='grc' dir='ltr'>ἁρμοσάμενον</span> <span class='ocrx_word' id='word_1_775' title='bbox 3526 5299 3631 5369; x_wconf 80' lang='grc' dir='ltr'><strong>τὴν</strong></span> <span class='ocrx_word' id='word_1_776' title='bbox 3671 5318 3827 5371; x_wconf 71' lang='grc' dir='ltr'>προς-</span> 
     </span>
    </p>
   </div>
   <div class='ocr_carea' id='block_1_114' title="bbox 2241 5383 3826 5457">
    <p class='ocr_par' dir='ltr' id='par_1_114' title="bbox 2241 5383 3826 5457">
     <span class='ocr_line' id='line_1_114' title="bbox 2241 5383 3826 5457; baseline 0.007 -24"><span class='ocrx_word' id='word_1_777' title='bbox 2241 5383 2488 5454; x_wconf 82' lang='grc' dir='ltr'>ηγορίαν.</span> <span class='ocrx_word' id='word_1_778' title='bbox 2538 5383 2739 5436; x_wconf 82' lang='grc' dir='ltr'>Τοῦτον</span> <span class='ocrx_word' id='word_1_779' title='bbox 2779 5384 3067 5452; x_wconf 80' lang='grc' dir='ltr'>τοιγαροῦν</span> <span class='ocrx_word' id='word_1_780' title='bbox 3106 5387 3134 5437; x_wconf 87' lang='grc' dir='ltr'>ὁ</span> <span class='ocrx_word' id='word_1_781' title='bbox 3166 5386 3366 5457; x_wconf 82' lang='grc' dir='ltr'>ἐχθρὸς</span> <span class='ocrx_word' id='word_1_782' title='bbox 3396 5389 3627 5457; x_wconf 78' lang='grc' dir='ltr'>ὑποδὺς,</span> <span class='ocrx_word' id='word_1_783' title='bbox 3662 5396 3826 5446; x_wconf 77' lang='grc' dir='ltr'>πᾶσαν</span> 
     </span>
    </p>
   </div>
   <div class='ocr_carea' id='block_1_115' title="bbox 2241 5474 3825 5555">
    <p class='ocr_par' dir='ltr' id='par_1_115' title="bbox 2241 5474 3825 5555">
     <span class='ocr_line' id='line_1_115' title="bbox 2241 5474 3825 5555; baseline 0.006 -31"><span class='ocrx_word' id='word_1_784' title='bbox 2241 5474 2561 5543; x_wconf 77' lang='grc' dir='ltr'>ἑκταράττει</span> <span class='ocrx_word' id='word_1_785' title='bbox 2586 5474 2652 5528; x_wconf 78' lang='grc' dir='ltr'>δι’</span> <span class='ocrx_word' id='word_1_786' title='bbox 2684 5474 2847 5528; x_wconf 87' lang='grc' dir='ltr'>αὐτοῦ</span> <span class='ocrx_word' id='word_1_787' title='bbox 2872 5475 2950 5543; x_wconf 81' lang='grc' dir='ltr'>τῷ</span> <span class='ocrx_word' id='word_1_788' title='bbox 2974 5475 3116 5546; x_wconf 84' lang='grc' dir='ltr'>ἁγίῳ</span> <span class='ocrx_word' id='word_1_789' title='bbox 3156 5478 3260 5547; x_wconf 78' lang='grc' dir='ltr'>τὴν</span> <span class='ocrx_word' id='word_1_790' title='bbox 3322 5481 3673 5555; x_wconf 78' lang='grc' dir='ltr'>ἀδελφότητα</span> <span class='ocrx_word' id='word_1_791' title='bbox 3697 5502 3711 5514; x_wconf 90' lang='grc'><strong>·</strong></span> <span class='ocrx_word' id='word_1_792' title='bbox 3743 5487 3825 5537; x_wconf 68' lang='grc' dir='ltr'><strong>καὶ</strong></span> 
     </span>
    </p>
   </div>
   <div class='ocr_carea' id='block_1_116' title="bbox 2241 5565 3827 5642">
    <p class='ocr_par' dir='ltr' id='par_1_116' title="bbox 2241 5565 3827 5642">
     <span class='ocr_line' id='line_1_116' title="bbox 2241 5565 3827 5642; baseline 0.007 -25"><span class='ocrx_word' id='word_1_793' title='bbox 2241 5565 2465 5635; x_wconf 85' lang='grc' dir='ltr'>ἁναίδην</span> <span class='ocrx_word' id='word_1_794' title='bbox 2490 5566 2637 5636; x_wconf 87' lang='grc' dir='ltr'>αὐτῷ</span> <span class='ocrx_word' id='word_1_795' title='bbox 2664 5566 3074 5636; x_wconf 84' lang='grc' dir='ltr'>προσελθόντες,</span> <span class='ocrx_word' id='word_1_796' title='bbox 3107 5568 3205 5631; x_wconf 82' lang='grc' dir='ltr'><strong>Τίς</strong></span> <span class='ocrx_word' id='word_1_797' title='bbox 3234 5572 3269 5638; x_wconf 87' lang='grc' dir='ltr'><strong>ἡ</strong></span> <span class='ocrx_word' id='word_1_798' title='bbox 3303 5575 3550 5642; x_wconf 83' lang='grc' dir='ltr'>τοσαύτη</span> <span class='ocrx_word' id='word_1_799' title='bbox 3582 5578 3679 5630; x_wconf 69' lang='grc' dir='ltr'><strong>καὶ</strong></span> <span class='ocrx_word' id='word_1_800' title='bbox 3700 5576 3827 5630; x_wconf 73' lang='grc' dir='ltr'>οὕτω</span> 
     </span>
    </p>
   </div>
   <div class='ocr_carea' id='block_1_117' title="bbox 2242 5655 3825 5733">
    <p class='ocr_par' dir='ltr' id='par_1_117' title="bbox 2242 5655 3825 5733">
     <span class='ocr_line' id='line_1_117' title="bbox 2242 5655 3825 5733; baseline 0.008 -27"><span class='ocrx_word' id='word_1_801' title='bbox 2242 5655 2386 5726; x_wconf 81' lang='grc' dir='ltr'>πέρα</span> <span class='ocrx_word' id='word_1_802' title='bbox 2440 5657 2534 5708; x_wconf 82' lang='grc' dir='ltr'>τοῦ</span> <span class='ocrx_word' id='word_1_803' title='bbox 2568 5657 2813 5727; x_wconf 89' lang='grc' dir='ltr'>μετρίου,</span> <span class='ocrx_word' id='word_1_804' title='bbox 2845 5660 3027 5727; x_wconf 78' lang='grc' dir='ltr'>φασὶν,</span> <span class='ocrx_word' id='word_1_805' title='bbox 3067 5657 3449 5733; x_wconf 84' lang='grc' dir='ltr'>ὲλεημοσύνη;</span> <span class='ocrx_word' id='word_1_806' title='bbox 3496 5666 3604 5720; x_wconf 80' lang='grc' dir='ltr'>ποῦ</span> <span class='ocrx_word' id='word_1_807' title='bbox 3641 5667 3699 5721; x_wconf 79' lang='grc' dir='ltr'>δὲ</span> <span class='ocrx_word' id='word_1_808' title='bbox 3734 5666 3825 5719; x_wconf 69' lang='grc' dir='ltr'><strong>τῶν</strong></span> 
     </span>
    </p>
   </div>
   <div class='ocr_carea' id='block_1_118' title="bbox 2248 5744 3937 5831">
    <p class='ocr_par' dir='ltr' id='par_1_118' title="bbox 2248 5744 3937 5831">
     <span class='ocr_line' id='line_1_118' title="bbox 2248 5744 3937 5831; baseline 0.01 -35"><span class='ocrx_word' id='word_1_809' title='bbox 2248 5744 2406 5815; x_wconf 83' lang='grc' dir='ltr'>ἱερῶν</span> <span class='ocrx_word' id='word_1_810' title='bbox 2437 5747 2602 5802; x_wconf 82' lang='grc' dir='ltr'>οίκων</span> <span class='ocrx_word' id='word_1_811' title='bbox 2633 5749 2665 5820; x_wconf 83' lang='grc' dir='ltr'>ἦ</span> <span class='ocrx_word' id='word_1_812' title='bbox 2696 5748 3127 5823; x_wconf 84' lang='grc' dir='ltr'>φροντιστηρίων</span> <span class='ocrx_word' id='word_1_813' title='bbox 3152 5750 3341 5822; x_wconf 75' lang='grc' dir='ltr'>ψυχῆς</span> <span class='ocrx_word' id='word_1_814' title='bbox 3369 5755 3592 5812; x_wconf 74' lang='grc' dir='ltr'>τι)ιοῦτό</span> <span class='ocrx_word' id='word_1_815' title='bbox 3615 5776 3666 5811; x_wconf 87' lang='grc' dir='ltr'><strong>τι</strong></span> <span class='ocrx_word' id='word_1_816' title='bbox 3694 5759 3826 5830; x_wconf 60' lang='grc' dir='ltr'>γιι-ό·</span> <span class='ocrx_word' id='word_1_817' title='bbox 3936 5802 3937 5831; x_wconf 29' lang='grc' dir='ltr'><strong>γ</strong></span> 
     </span>
    </p>
   </div>
  </div>
