3980 6296
195 329 198 331 λ
246 356 386 424 stos

1236 362 1418 425 VITA
1456 364 1505 422 A
1543 361 1984 425 NICEPHORO
2022 361 2509 427 CONSCRIPI‘A.

3348 369 3489 425 suo

250 486 412 541 μενον
443 467 641 539 ἴσμενς
672 467 795 541 οὐχὶ
821 468 916 524 καὶ
938 468 1101 532 αὐτὸς
1140 469 1200 524 ἐν
1228 469 1623 543 Ἰεροσολύμοις
1650 475 1679 527 ὁ
1707 475 1797 528 Κυ

1926 484 2196 530 terrarum
2231 476 2287 530 in
2307 475 2480 531 sacris
2519 472 2776 531 domibus
2805 484 2973 547 atque
3004 480 3287 537 asceteriis
3316 482 3498 542 simile

250 559 438 624 οιακός
459 560 576 614 ἐστι
611 560 805 630 τάφος.
832 559 1265 631 θαυματουργῶν
1293 561 1530 629 ἐξαίσιας
1560 563 1746 635 μήπου
1770 581 1822 618 τι

182 666 197 669 “
248 650 650 722 παραπλησίως
693 651 816 722 ἔχον
859 650 976 704 ἐκεῖ
1008 652 1120 715 τοῖς
1148 650 1439 722 ἡμετέροις
1473 652 1663 721 ἐστίν;
1700 653 1824 725 οὐχὶ

250 743 357 806 πᾶς
387 744 415 796 ὁ
450 742 755 813 προσευχῆς
792 740 1034 814 προσιὼν
1060 742 1220 813 χάριν
1252 743 1286 814 ἢ
1314 742 1629 816 θεραπείας,
1666 744 1822 810 ἰδίαις

250 836 449 906 μᾶλλον
469 837 664 905 χρῆται
685 834 983 900 δαπάναις;
1008 833 1318 888 τούναντίον
1348 834 1447 905 μὲν
1469 830 1561 889 οὗν
1582 835 1704 907 οὐχὶ
1726 837 1822 890 καὶ

245 927 542 997 προσφέρει
573 926 631 978 τὸ
656 926 798 978 κατὰ
825 923 1095 996 δύναμιν;
1129 928 1248 990 πῶς
1273 926 1473 993 τοίνυν,
1510 927 1603 981 καὶ
1630 928 1817 992 πόθεν,

244 1014 276 1085 ἢ
343 1018 503 1086 μέχρι
549 1016 741 1081 πόσου,
778 1016 992 1079 ἑαυτοῖς
1038 1018 1275 1081 καὶτοῖς
1309 1017 1624 1089 προσιοῦσιν
1660 1020 1820 1090 ἡμεῖς

244 1107 661 1177 ὲπαρκέσομεν;

304 1383 445 1453 ρλγθ.
476 1384 540 1437 Οί
579 1384 678 1454 μὲν
719 1379 813 1440 οὖν
841 1384 1016 1440 ταῦτα
1065 1387 1157 1443 καὶ
1189 1390 1360 1443 πολλὰ
1404 1391 1612 1456 τούτοις
1649 1393 1817 1464 ὃμοια

235 1467 424 1526 εἷπον·
483 1473 511 1525 ὁ
561 1474 621 1526 δὲ
670 1475 862 1544 πράως
909 1476 1217 1546 ὑπολαϐὼν,
1270 1480 1381 1551 Τῆς
1430 1483 1672 1554 μεγάλης
1722 1482 1818 1537 καὶ

233 1562 394 1615 τοῦτο
414 1562 507 1615 τοῦ
528 1564 661 1617 Θεοῦ
693 1566 1043 1635 κηδεμονίας,
1063 1568 1189 1638 ἔφη,
1219 1571 1346 1640 περὶ
1362 1574 1403 1641 δή
1411 1574 1537 1641 μᾶς,
1574 1573 1813 1644 ἀδελφοὶ,

1924 565 2056 636 quid
2088 565 2209 620 ﬁeri
2243 566 2643 621 recordamur?
2667 565 2864 622 Nonne
2909 568 3090 638 ipsum
3120 587 3341 643 quoque
3385 574 3496 629 Do-

1923 657 2057 711 mini
2110 657 2429 728 sepulcrum
2477 657 2873 730 Hierosolymis
2928 660 3189 718 inusitata
3236 674 3499 733 operatur

1921 748 2232 807 miracula!
2270 748 2522 819 nunquid
2567 759 2751 805 tamen
2800 749 2926 806 istic
2988 767 3089 821 par
3124 753 3255 809 huic
3295 763 3498 811 nostrae

1920 840 2393 912 eleemosy’narum
2434 840 2696 911 largitio?
2734 841 2928 897 Nonne
2974 856 3074 897 sua
3113 843 3249 898 vivit
3290 845 3499 915 quadra

1921 930 2175 1002 quisquis
2219 941 2315 987 aut
2350 932 2621 988 orationis
2651 941 2748 987 aut
2796 934 2919 1003 opis
2958 948 3124 989 causa
3153 950 3221 989 eo
3248 935 3499 991 accedit?
3557 954 3561 958 ·

1921 1026 2033 1081 imo
2069 1025 2219 1096 quod
2271 1036 2463 1081 contra
2504 1034 2611 1091 est,
2668 1041 2854 1081 nonne
2904 1026 3029 1081 istic
3073 1027 3238 1083 offert
3287 1028 3355 1084 de
3397 1042 3498 1084 suo

1919 1127 2187 1187 quantum
2210 1118 2438 1187 potest?
2469 1116 2756 1184 Quomodo
2782 1116 2953 1187 igitur
2982 1133 3086 1173 nos
3113 1126 3169 1173 et
3205 1120 3374 1182 unde,
3403 1126 3498 1173 aut
3552 1161 3555 1164 ρ

1917 1225 2208 1280 quousque
2254 1218 2310 1265 et
2338 1208 2500 1264 nobis
2522 1217 2579 1264 et
2600 1208 2993 1264 accedentibus
3013 1225 3116 1266 nos
3161 1210 3497 1267 suﬂiciemus

1914 1300 2235 1354 annonam?

1990 1391 2117 1446 155.
2156 1390 2285 1446 Haec
2334 1398 2392 1447 et
2443 1391 2532 1447 his
2568 1393 2773 1449 similia
2822 1393 2932 1449 illis
2982 1392 3205 1448 turbide
3238 1391 3494 1460 elocutis,

1918 1483 2107 1538 sedate
2141 1484 2473 1538 subsumens
2507 1494 2748 1550 sanctus,
2777 1486 2858 1540 sic
2903 1485 3066 1540 inﬁt:
3099 1485 3168 1539 Et
3202 1485 3335 1539 illud
3376 1485 3493 1539 sin-

1918 1575 2126 1646 gularis
2157 1575 2254 1629 Dei
2283 1576 2428 1630 circa
2461 1591 2565 1630 nos
2596 1576 2985 1633 sollicitudinis
3005 1577 3223 1647 signum
3250 1584 3354 1641 est,
3388 1577 3497 1632 fra-

233 1652 296 1702 τὸ
344 1650 418 1721 μὴ
467 1651 602 1720 πρὸς
636 1652 924 1724 ἀλλοτρίας
949 1658 1135 1727 χεῖρας
1165 1660 1331 1728 ἡμᾶς,
1361 1660 1497 1715 ἀλλὰ
1538 1665 1674 1734 πρὸς
1715 1664 1797 1725 τὰς

1918 1671 2060 1731 tres,
2104 1663 2253 1735 quod
2284 1681 2394 1720 non
2430 1681 2497 1721 ex
2526 1667 2724 1722 alienis
2752 1668 3009 1722 manibus
3037 1667 3218 1732 nobis,
3250 1667 3345 1722 sed
3372 1667 3495 1723 aliis

232 1741 510 1811 ἡμετέρας
543 1742 744 1811 μᾶλλον
772 1743 991 1817 ἐτέρους
1011 1749 1163 1819 ὁρᾷν,
1199 1752 1295 1803 καὶ
1348 1751 1411 1804 τὸ
1464 1755 1538 1824 μὴ
1565 1755 1714 1818 ὅπως
1747 1755 1797 1809 ἄη

1914 1758 2104 1828 potius
2129 1773 2198 1811 ex
2226 1758 2437 1813 nostris
2465 1758 2830 1813 victitandum
2863 1760 2967 1826 sit;
2997 1761 3276 1831 quodque,
3305 1768 3366 1814 ut
3397 1775 3499 1830 pa-

233 1849 286 1885 τι
336 1834 430 1886 καὶ
486 1833 659 1904 βραχὺ
712 1816 975 1908 λάϐοιμεν
1027 1816 1158 1912 παρ’
1212 1842 1414 1914 ἐτέρων
1464 1816 1661 1913 αἰτεῖν,
1694 1816 1794 1902 αλλ

1916 1865 2039 1903 rum
2059 1848 2193 1918 quid
2220 1850 2580 1920 accipiamus,
2613 1839 2850 1906 alienam
2874 1853 3169 1922 implorare
3194 1869 3352 1923 opem
3380 1867 3493 1908 non

233 1924 714 2016 ἀφθόνως-μᾶλλον
763 1926 905 1996 ἔχειν
952 1930 1158 2002 ἑτέροις
1205 1935 1352 2003 ἡμᾶς
1396 1936 1688 2005 ἐπαρκεῖν.
1736 1939 1797 1992 Οί

1913 1941 2234 2006 debeamus,
2284 1940 2381 1996 sed
2429 1950 2634 1996 tantam
2667 1944 2969 1999 habeamus
3027 1960 3213 2000 rerum
3255 1946 3488 2016 copiam,

236 2016 343 2085 γὰρ
379 2015 438 2079 ἐξ
469 2009 543 2070 ὧν
572 2017 726 2069 αὐτοὶ
748 2018 1050 2089 κοπιῶμεν,
1076 2023 1191 2076 ἀλλ’
1216 2025 1276 2090 ἐξ
1304 2019 1378 2079 ὧν
1407 2028 1640 2099 ἀπονητὶ
1677 2029 1797 2098 μᾶλ-

1914 2035 1976 2082 υι
2007 2038 2065 2084 et
2098 2029 2314 2083 caeteris
2336 2044 2663 2086 succurrere
2684 2033 2982 2101 possimus.
3007 2033 3198 2104 Neque
3219 2050 3351 2089 vero
3377 2035 3489 2100 illa,

234 2106 324 2158 λον
367 2109 465 2174 τῆς
494 2106 702 2161 ἄνωθεν
728 2112 1101 2181 χρηστότητος
1160 2116 1527 2187 ἀπολαύομεν,
1580 2120 1797 2184 ἐκείνοις

1909 2136 2033 2190 quae
2066 2137 2327 2177 manuum
2357 2133 2672 2181 nostrarum
2710 2141 2877 2196 opere
2907 2128 3368 2198 conquisivimus,
3393 2128 3492 2185 sed

235 2199 570 2267 παρέχομεν,
621 2198 649 2251 ὃ
680 2205 772 2254 καὶ
818 2207 1177 2261 σπουδαστέον
1217 2209 1364 2279 ὑμῖν,
1401 2212 1559 2282 εἶπερ
1585 2212 1713 2266 ἄλλο
1758 2231 1797 2266 τι

1913 2212 2024 2276 illa,
2068 2213 2274 2282 quibus
2318 2215 2455 2270 citra
2500 2216 2748 2271 laborem
2780 2225 3055 2284 nostrum,
3105 2219 3491 2290 suppeditante

234 2290 322 2342 διὰ
357 2292 577 2354 παντὸς,
602 2295 695 2347 καὶ
731 2296 910 2364 πάσης
940 2296 1105 2365 ἄλλης
1131 2299 1394 2366 ἐργασίας
1420 2305 1806 2374 προτιμητέον,

233 2379 350 2433 είτι
363 2382 460 2450 τῆς
477 2384 683 2436 ἐκείνου
703 2386 854 2456 μέλει
872 2388 1167 2458 θεραπείας
1189 2391 1217 2442 ὑ
1226 2394 1337 2459 μίν,
1356 2392 1449 2445 τοῦ
1466 2392 1615 2449 ἔλεον
1635 2396 1809 2449 θέλον·-

233 2489 324 2534 το;
357 2473 557 2542 μᾶλλον
580 2478 671 2527 καὶ
695 2480 754 2529 οὐ
780 2478 991 2534 θυσίαν.
1033 2481 1177 2550 Πρὸς
1203 2483 1373 2537 ταῦτα
1401 2485 1494 2538 τοῦ
1540 2488 1811 2555 ’Δγ-γουλᾶ

234 2565 589 2636 πειραθέντος
618 2570 954 2641 ἰταμώτερον
980 2574 1399 2646 ἀποκρίνασθαι,
1432 2576 1584 2641 εἰδὼς
1615 2580 1642 2631 ὁ
1666 2578 1809 2641 θεῖος

233 2655 371 2725 ἀνὴρ
400 2657 466 2709 δι’
494 2658 703 2711 ἐκείνου
739 2665 1104 2718 συσκευάσθαι
1147 2667 1223 2737 τῷ
1254 2669 1433 2739 ἐχθρῷ
1462 2671 1560 2741 τὴν
1586 2673 1806 2741 ἐπιϐου-

229 2746 350 2816 λὴν,
388 2749 722 2819 ἐπιτιμήσας
776 2755 1132 2827 σφοδρότερον
1182 2760 1281 2813 οὐκ
1328 2761 1537 2832 ἐκείνῳ,
1571 2762 1705 2815 ἀλλὰ
1730 2764 1806 2832 τῷ

230 2837 298 2889 δι’
326 2837 489 2890 αὐτοῦ
533 2839 734 2908 μᾶλλον
761 2844 987 2907 ἀναιδῶς
1011 2848 1385 2922 φθεγγομένῳ,
1424 2854 1493 2906 Σὺ
1521 2855 1639 2922 μὲν,
1667 2856 1730 2922 ἀγ
1742 2874 1804 2908 α-

232 2925 342 2987 θοῖς
376 2929 511 2980 πᾶσι
540 2930 763 2999 πολέμιε
790 2935 931 3001 (οὐδέ
965 2934 1072 3005 γὰρ
1100 2938 1276 3005 ἀγνοῶ
1323 2957 1415 2994 σου
1447 2942 1545 3004 τὰς
1563 2943 1805 3012 δολιότη-

227 3016 368 3084 τας),
397 3017 521 3085 ἔφη,
559 3019 650 3071 τὸν
685 3020 1028 3092 ταλαίπωρον
1050 3025 1234 3079 τοῦτον
1255 3027 1609 3096 ὑπεισελοὼν,
1646 3031 1804 3102 θορύ-

1911 2301 2098 2356 divina
2128 2303 2401 2371 bonitate,
2428 2306 2687 2373 fruimur,
2710 2311 3003 2379 egentibus
3022 2310 3316 2381 largimur;
3342 2310 3492 2382 quod

1910 2401 1965 2447 et
2023 2393 2337 2450 faciendum
2403 2398 2564 2452 nobis
2610 2400 2806 2454 scdulo
2849 2416 3069 2472 semper
3130 2410 3214 2457 est
3267 2403 3313 2457 si
3356 2402 3490 2473 quid

1909 2484 2092 2552 aliud;
2138 2494 2195 2540 et
2247 2488 2397 2541 omni
2428 2488 2538 2542 alio
2581 2505 2749 2558 Opere
2780 2491 2957 2559 pluris
3007 2490 3413 2556 aestimandum,
3441 2491 3490 2547 si

1908 2575 2041 2644 quid
2089 2591 2192 2631 nos
2225 2578 2406 2631 cultus
2444 2577 2594 2634 illius
2625 2581 2815 2650 tangit,
2849 2581 2942 2651 qui
2976 2581 3110 2636 dicit
3145 2599 3158 2635 :
3190 2583 3492 2638 Misericor-

1908 2669 2053 2721 diam
2072 2667 2207 2736 volo,
2221 2677 2391 2725 etnon
2421 2671 2741 2739 sacriﬁcium
2759 2673 2848 2727 ²¹⁶.
2870 2673 3006 2729 Cum
3032 2676 3270 2746 Angulas
3286 2675 3351 2730 ad
3373 2675 3490 2731 hate

1908 2757 2168 2815 incitatus
2208 2762 2597 2817 turbulentius.
2640 2779 2966 2834 responsum
3001 2776 3257 2837 pararet,
3287 2781 3492 2837 cogno‘

1907 2860 2197 2922 seeretque
2240 2854 2327 2908 vir
2374 2856 2471 2909 Dei
2523 2871 2621 2926 per
2648 2857 2801 2911 illum
2853 2859 3035 2913 moliri
3086 2859 3315 2914 insidias
3361 2873 3490 2913 suas

1906 2942 2345 3008 daemonem-ad
2389 2946 2558 3012 hune,
2590 2950 2964 3017 praetermisso
3003 2950 3170 3006 fratre
3203 2966 3303 3019 per
3330 2951 3488 3021 cujus

1904 3048 1969 3088 os
2020 3035 2393 3091 inverecunde
2442 3038 2615 3093 multa
2660 3039 2982 3104 effutiebat,
3043 3040 3481 3109 increpationem

228 3101 360 3163 εους
394 3103 713 3168 σπουδάζεις
763 3108 855 3160 καὶ
901 3112 1146 3182 ταραχὰς
1189 3116 1496 3186 ἐπεγείρειν
1543 3137 1653 3189 μοι,
1681 3101 1797 3174 ἐπεὶ

1904 3125 2143 3194 graviter
2194 3137 2570 3183 convertens:
2621 3129 2725 3191 Tu,
2775 3131 2976 3199 inquit,
3023 3130 3183 3185 bonis
3225 3130 3486 3185 omnibus

222 3191 322 3281 καὶ
361 3193 774 3265 συγκεχώρηται
832 3200 1017 3267 σαφῶς
1075 3202 1300 3259 ἄνωθεν.
1353 3208 1484 3261 Εἶτα
1532 3210 1627 3263 καὶ
1669 3211 1804 3281 πρὸς

221 3279 317 3332 τὸν
383 3281 678 3350 Ἂγγουλᾶν
740 3288 1120 3359 ἐπιστραφεὶς,
1196 3293 1331 3350 Ἀλλ’
1398 3300 1520 3352 οὐαί
1580 3317 1662 3353 σοι
1714 3279 1802 3372 τῷ

217 3373 489 3464 δυστήνῳ,
522 3375 645 3447 ἔφη,
678 3379 756 3432 ὅτι
791 3380 962 3454 ταύτῃ
1001 3387 1277 3454 συγγενῶς
1305 3389 1443 3460 ἔχων
1471 3393 1704 3463 εὑρέθης
1724 3395 1802 3464 τῷ

217 3462 601 3557 δυσμενείζὼς
638 3469 732 3521 καὶ
758 3471 972 3544 ὀργάνῳ
1024 3493 1104 3529 σοι
1144 3480 1375 3550 χρῆσθαι
1404 3484 1541 3554 πρὸς
1575 3462 1675 3557 τὴν
1701 3462 1800 3543 xa-

217 3553 369 3647 ita»).
413 3554 571 3647 Ἑξῆς
628 3559 683 3611 δὲ
732 3560 827 3614 καὶ
878 3565 1015 3636 πρὸς
1057 3569 1158 3637 τὴν
1210 3553 1544 3647 ἀδελφότήτα
1591 3553 1794 3647 πάσαν,

216 3642 615 3735 ξςοινωνητέον,
677 3651 861 3714 φησὶν,
916 3654 981 3703 ἐκ
1048 3656 1139 3709 τοῦ
1201 3642 1581 3732 ὑστερήματος
1643 3642 1793 3735 ὑμῖν,

214 3729 461 3825 dialect,
520 3736 612 3786 καὶ
659 3736 761 3803 τῆς
818 3741 1121 3808 ἀναγκαίας
1184 3729 1397 3821 χρείας
1439 3729 1794 3825 κοινωνητέον

211 3822 561 3958 «aiio/10¢,
597 3828 717 3879 ἐπεὶ
758 3829 857 3883 οὐκ
899 3833 1055 3900 ὀλίγα
1095 3838 1222 3907 ὑμῖν
1266 3843 1324 3892 ὲν
1374 3843 1587 3915 ὑστέρῳ
1632 3822 1798 3917 μετα-

216 3923 321 3958 μει.
351 3926 467 3958 σει-

214 3923 356 3977 μευ]
368 3926 467 3964 σει.

1906 3213 2128 3270 inimice
2163 3216 2363 3287 (neque
2391 3219 2539 3272 enim
2564 3235 2650 3274 me
2683 3220 2902 3290 fugiunt
2926 3230 3032 3276 tua:
3074 3222 3347 3291 fraudes),
3378 3220 3483 3275 mi-

1903 3305 2099 3360 sellum
2131 3306 2279 3361 hunc
2309 3308 2450 3363 clam
2478 3310 2777 3379 ingressus,
2806 3313 2999 3367 turbas
3019 3313 3155 3367 mihi
3190 3313 3487 3368 tumultus-

1903 3411 2011 3465 que
2033 3396 2178 3451 cierc
2206 3399 2430 3469 satagis,
2472 3403 2735 3470 quoniam
2774 3404 2924 3458 illius
2962 3404 3202 3459 faciendi
3242 3405 3484 3475 desuper

1900 3502 2123 3557 quoque
2154 3488 2386 3544 facultas
2411 3491 2507 3546 tibi
2540 3507 2803 3548 concessa
2824 3502 2928 3548 est.
2957 3494 3096 3547 Tum
3119 3494 3186 3548 ad
3211 3495 3481 3563 Angulam

1901 3593 2235 3634 conversus:
2261 3580 2370 3635 Sed
2401 3591 2457 3637 et
2478 3582 2578 3637 tibi
2610 3584 2815 3639 misero
2835 3601 2937 3648 vae,
2963 3586 3164 3654 inquit,
3197 3585 3344 3654 quod
3370 3595 3480 3639 tam

1900 3673 2188 3729 familiaris
2219 3675 2365 3729 hosti
2411 3684 2602 3731 nostro
2633 3677 2891 3731 inventus
2934 3675 3031 3740 sis,
3067 3683 3130 3730 ut
3175 3683 3227 3729 te
3268 3675 3480 3730 fraudis

1900 3780 2014 3819 suae
2058 3766 2490 3821 instrumentum
2536 3767 2861 3836 praebueris.
2897 3768 3143 3836 Denique
3190 3767 3482 3822 universos

1901 3855 2099 3910 fratres
2127 3857 2207 3913 sic
2241 3857 2579 3927 alloquitur:
2620 3859 3151 3914 Communicandum
3184 3859 3345 3914 nobis
3378 3859 3480 3914 ali-

1900 3945 2033 4012 quid
2065 3962 2131 4000 ex
2164 3947 2350 4017 inopia
2374 3958 2568 4003 nostra
2595 3961 2700 4014 est,
2735 3961 2794 4005 et
2823 3967 2890 4005 ex
2921 3951 3046 4010 illis,
3079 3965 3200 4018 quae
3228 3950 3296 4005 ad
3316 3964 3477 4005 usum

208 4015 588 4112 DCC??al;l‘lll;ﬂ
641 4006 869 4112 faciunt,
920 4019 1256 4086 erogandum
1312 4025 1492 4081 turbis
1540 4030 1845 4099 :quoniam
1890 4052 1992 4091 nos
2035 4039 2170 4094 alias
2215 4057 2323 4096 non
2373 4058 2675 4112 paucorum
2719 4043 2788 4097 ad
2819 4052 3124 4098 extremum
3159 4043 3475 4112 paenitebit.

291 4094 420 4195 ρλδο.
457 4098 640 4195 Ταῦτα
694 4105 831 4195 πρὸς
870 4108 1067 4174 αὐτοὺς
1114 4116 1305 4183 ειπὼν,
1339 4121 1430 4173 καὶ
1470 4123 1570 4192 τὴν
1602 4094 1790 4195 ὶιυχὴν

209 4185 316 4251 τῆς
352 4187 528 4240 αὐτῶν
558 4190 770 4246 οὐκοῖδ’
801 4198 908 4250 εἴτε
938 4202 1273 4275 ἀναλγησίας
1294 4211 1397 4281 χρὴ
1442 4212 1642 4281 λέγειν,
1678 4219 1788 4271 εἴτε

218 4274 589 4375 μικροψυχίας
617 4285 1015 4375 περιαλγήσας,
1044 4274 1147 4364 ὁρᾷ
1191 4274 1343 4367 θεὶιβ
1365 4274 1545 4371 ιίρυχῆς
1579 4274 1789 4375 ὄμματι

213 4364 470 4434 κείμενον
493 4371 741 4445 καθάπερ
767 4376 828 4429 τὸ
854 4377 995 4433 θεῖον
1023 4364 1357 4454 Εὐαγγέλίον
1502 4364 1788 4451 ττοῦσιτῶ-
1820 4377 1865 4431 D

213 4470 326 4518 νος,
367 4459 460 4510 καὶ
488 4460 563 4523 ὡς
598 4464 1004 4535 ἐπεισελθόντες
1032 4474 1231 4540 ἐνδεεῖς
1266 4481 1362 4533 καὶ
1388 4482 1786 4554 διαρπάσαντες

211 4547 345 4600 αὐτὸ
368 4550 610 4619 φύγοιεν,
641 4558 733 4609 καὶ⁴
785 4558 861 4624 ὼς
897 4564 1057 4629 αὐτὸς
1118 4570 1218 4637 μὲν
1245 4571 1332 4627 διά
1358 4593 1501 4639 τινος
1529 4578 1648 4631 ὁδοῦ
1675 4580 1776 4650 βα-

212 4638 427 4709 σιλικῆς
478 4644 702 4700 ὄπισθεν
735 4651 942 4706 τούτων
988 4661 1335 4729 καταδιώκοι,
1369 4667 1569 4734 φθάσαι
1599 4671 1654 4723 δέ
1675 4638 1785 4742 ὀὐχ

239 4725 288 4742 τ.
433 4733 455 4742 -
556 4738 567 4742 -

209 4725 316 4794 οἷός
338 4749 395 4784 τε
425 4733 523 4800 ὣν,
553 4738 615 4790 ἐκ
646 4742 819 4813 μέσης
843 4746 1013 4817 αὐτῆς
1038 4751 1414 4823 ἀναστρέψειε,
1446 4760 1630 4823 καὶὼς
1651 4763 1782 4815 ἐκά-

211 4836 344 4922 στης
402 4825 617 4922 ἡμέρας
674 4829 873 4922 αρτους
902 4838 1009 4890 ἀπὸ
1037 4841 1156 4894 τότε
1209 4844 1317 4897 τῶν
1345 4848 1511 4918 τριῶν
1540 4853 1600 4903 ἐν
1634 4851 1782 4922 αὑτῷ

208 4911 442 5011 πλείους-
474 4916 585 5011 ,οὐχ
647 4919 793 4991 εὖροι
826 4940 842 4954 ο
871 4925 965 4992 οὓς
1021 4929 1332 5003 λαμϐάνων,
1361 4911 1474 4992 ἀνω
1527 4959 1586 4994 τε
1645 4911 1781 5011 πρὸς

205 4999 339 5103 eum
375 5004 627 5103 βλέπον),
660 5012 754 5064 καὶ
783 5015 879 5085 τὴν
931 4999 1138 5076 ἐκεῖθεν
1193 4999 1377 5092 αὐτοῖς
1418 4999 1779 5103 ἐπευχόμενος

205 5091 474 5161 εὐλογίαν,
510 5094 625 5152 εἶτα
653 5101 1016 5176 διαθρύπτων,
1042 5117 1320 5185 παρετίθει
1342 5124 1453 5185 τοῖς
1482 5091 1776 5194 δεομένοις,

204 5183 300 5236 καὶ
344 5186 419 5248 ὼς
450 5188 685 5243 ἕκαστον
739 5195 960 5266 κλάσμα
1013 5203 1271 5272 μέγιστος
1330 5209 1527 5265 αὐτίκα
1573 5215 1777 5281 γίνοιτο

201 5271 385 5340 ἄρτος.
431 5277 519 5330 Ἐν
567 5281 746 5352 ἑαυτῷ
796 5287 974 5340 τοίνυν
1006 5293 1312 5362 γενόμενος,
1340 5298 1433 5349 καὶ
1484 5300 1777 5369 συμϐαλὼν

200 5361 460 5459 τὴν-δψιν
511 5370 804 5441 ἀφαίρεσιν
841 5373 979 5431 εἶναι
1027 5361 1366 5451 τῆςᾶνωθεν
1421 5361 1661 5459 χάριτος,
1693 5388 1776 5457 οἷς

199 5450 423 5552 ἔμελλον
454 5459 783 5515 ἀνακόπτειν
815 5467 864 5518 οἱ
892 5450 1130 5540 μαθηταὶ
1155 5475 1243 5526 τὸν
1268 5476 1347 5538 εἰς
1375 5450 1510 5541 toi);-
1536 5450 1775 5552 πέντιτας

199 5543 366 5612 ἔλεον,
399 5550 611 5614 πάντας
665 5554 861 5619 αὐτοὺς
908 5562 1269 5630 συγκαλέσας,
1321 5569 1417 5621 καὶ
1467 5570 1611 5642 ειπερ
1674 5574 1772 5630 ἴδοι

198 5638 384 5705 σαφῶς
425 5643 767 5713 ἀπαγγείλας
826 5652 1135 5724 προσευχὴν
1179 5659 1463 5730 ἐπιτρέπει
1506 5638 1645 5732 μετὰ
1681 5666 1772 5720 δα-

320 5754 375 5784 .»
404 5752 566 5824 οεεε,
604 5774 678 5826 νι,
712 5758 773 5824 6;
813 5748 1000 5818 Matth.
1036 5782 1107 5830 ιχ.
1143 5772 1226 5826 is.

1970 4135 2094 4189 154.
2149 4136 2254 4191 Ubi
2310 4138 2474 4192 ﬁnem
2537 4138 2759 4194 dicendi
2833 4137 2983 4203 fecit,
3030 4138 3232 4193 acerbo
3299 4140 3472 4195 animi

1898 4225 2129 4280 affectus
2171 4227 2363 4282 dolore
2392 4237 2497 4294 est,
2529 4246 2596 4284 ex
2623 4231 2866 4294 illorum,
2921 4240 3227 4299 stupor-ene
3267 4231 3470 4295 dicam,

1898 4332 1964 4370 an
2002 4319 2451 4387 pusillanimitate
2479 4321 2731 4375 suborto.
2766 4321 2905 4375 Tum
2939 4322 3294 4391 conspicatur
3308 4323 3473 4377 oculo

1894 4407 2159 4463 interiore
2212 4426 2429 4465 sacrum
2492 4412 2871 4481 Evangelium,
2925 4414 3098 4467 veluti
3153 4414 3207 4472 in
3262 4414 3465 4469 horreo

1889 4496 2114 4567 jaccns;
2148 4508 2615 4570 accurrentesque
2643 4503 2836 4571 inopes
2871 4518 3063 4572 rapere
3092 4502 3226 4556 illud
3259 4519 3343 4557 .ac
3373 4502 3461 4557 fu-

1891 4602 2050 4656 gere:
2088 4587 2266 4656 ipsum
2297 4599 2480 4643 autem
2503 4606 2561 4645 se
2593 4591 2741 4661 regia
2768 4594 3004 4662 quadam
3028 4595 3115 4648 via
3141 4593 3468 4663 fugientium

1890 4679 2059 4749 tergis
2092 4680 2320 4744 instare,
2376 4683 2662 4738 retrahere
2700 4700 2835 4739 vero
2883 4686 3038 4740 nullo
3085 4682 3250 4740 modo
3280 4701 3464 4755 posse,

1890 4770 2126 4839 ideoque
2159 4770 2266 4825 iter
2290 4787 2358 4825 ex
2384 4773 2564 4828 media
2590 4774 2676 4827 via
2738 4774 3011 4845 relegere:
3048 4791 3116 4830 ex
3155 4775 3249 4828 illo
3300 4789 3466 4843 porro

1889 4868 2137 4930 tempore
2170 4861 2401 4931 singulis
2425 4863 2623 4919 diebus
2648 4873 2762 4920 tres
2795 4880 2908 4920 non
2931 4865 3167 4935 amplius
3189 4865 3244 4918 in
3262 4864 3466 4919 horreo

1886 4950 2145 5020 granario
2174 4966 2347 5019 panes
2378 4953 2633 5022 reperiri,
2669 4970 2809 5024 quos
2834 4955 3012 5024 ipsum
3073 4954 3461 5022 accipientem,

1885 5054 1948 5093 ac
1968 5054 2190 5093 sursum
2219 5041 2413 5096 oculos
2439 5041 2506 5095 ad
2551 5043 2722 5096 Deum
2772 5043 3177 5107 intendentem,
3217 5041 3464 5097 emlesti-

1884 5146 1991 5199 que
2005 5130 2393 5188 benedictione
2411 5133 2817 5203 impertientem
2829 5178 2841 5200 ,
2858 5135 3094 5205 denique
3117 5134 3456 5204 frangentem

1883 5237 2161 5292 apponere
2231 5226 2556 5295 egentibus,
2632 5227 2894 5298 quodque
2964 5236 3150 5282 autem
3218 5227 3459 5281 frustum

1883 5310 2032 5365 illico
2097 5314 2152 5366 in
2227 5329 2424 5384 panem
2498 5315 2798 5370 maximum
2859 5317 3131 5379 converti,
3188 5315 3460 5371 Redditus

1883 5402 2054 5473 igitur
2081 5405 2210 5469 sibi,
2237 5414 2402 5476 atque
2430 5409 2759 5479 eonjieiens,
2789 5411 3060 5466 visionem
3121 5411 3333 5480 signare
3371 5407 3459 5463 di-

1881 5493 2021 5548 vina:
2055 5497 2241 5564 gratia:
2270 5497 2630 5565 oblationem,
2655 5509 2949 5571 propterea
2977 5501 3123 5572 quod
3152 5502 3460 5571 eleemosy-

1881 5598 2002 5649 nas,
2027 5586 2367 5655 pauperibus
2391 5590 2607 5661 erogari
2637 5592 2851 5656 solitas,
2893 5594 3212 5649 imminutas
3234 5593 3456 5656 vellent;

1882 5677 2200 5731 convocatis
2226 5679 2496 5741 omnibus
2523 5698 2647 5753 qua:
2669 5683 2776 5740 sibi
2808 5700 2908 5758 per
2936 5687 3204 5743 visionem
3236 5696 3456 5741 ostensa
