4026 6292
590 328 725 397 3111

1754 326 1822 385 8.
1859 321 2236 385 SYMEONIS
2272 317 2630 382 JUNIORIS

3680 312 3791 380 3112

585 450 795 508 essent,
840 438 1130 504 enuntiat;
1190 450 1255 492 ac
1286 433 1662 507 precationem
1720 448 1848 490 cum
1894 434 2150 506 lacrymis

2272 430 2435 500 ιρύων
2464 429 2670 491 αὐτοῖς,
2696 425 2757 479 τὸ
2793 423 2951 495 μόνον
2985 424 3165 494 ἰσχύον
3190 424 3332 480 κατὰ
3352 425 3455 496 τῆς
3484 425 3632 489 θείας
3657 429 3782 484 ἀπει-

587 534 808 599 indicit,
847 532 1027 588 solum
1052 543 1254 598 nempe
1288 525 1554 581 adversus
1594 525 1809 581 divinas
1850 526 2151 582 commina-

588 625 767 680 tiones
795 621 1123 682 remedium,
1168 628 1229 674 ut
1259 619 1433 674 Deum
1461 618 1566 673 sibi
1614 617 1913 688 propitium
1955 618 2153 674 redde-

588 723 733 770 rent.
779 715 920 768 Dum
978 713 1057 767 illi
1107 727 1236 766 mox
1295 709 1511 765 fructus
1576 710 1913 780 ptenitentiaa
1958 711 2153 780 dignos

589 806 798 861 faciunt
826 801 1251 870 contritionique
1268 801 1574 871 indulgent,
1593 800 1886 856 miseratus
1915 800 2154 870 Symeon

590 893 859 964 lacrymas
896 890 964 945 ad
998 891 1175 945 Deum
1204 887 1462 952 effundit,
1492 887 1761 957 lacrymas
1794 886 2152 955 multiplicem

590 982 791 1037 elicere
819 982 959 1036 caelo
990 977 1715 1034 misericordiamvalentes:
1745 985 1857 1030 tum
1880 976 2157 1030 modicum

592 1074 725 1143 quid
755 1072 1018 1127 frumenti
1051 1086 1117 1125 ex
1144 1071 1347 1124 horreo
1370 1068 1592 1122 allatum
1632 1083 1797 1121 manu
1849 1068 2154 1135 excipiens,

592 1171 758 1230 atque
787 1160 856 1213 ad
911 1174 1131 1213 manum
1181 1159 1278 1213 Dei
1327 1171 1639 1225 supremam
1674 1156 1998 1224 respiciens,
2028 1155 2156 1210 inde

592 1251 1034 1307 benedictionem
1067 1249 1324 1318 precibus
1357 1247 1668 1313 accersivit,
1702 1263 1823 1318 quae
1847 1263 1973 1302 cum
2030 1263 2158 1317 ape-

593 1343 755 1407 ritur,
814 1340 955 1395 solet
1009 1354 1173 1394 omne
1227 1338 1429 1393 animal
1485 1338 1737 1407 implere.
1797 1336 2156 1391 Frumentum

594 1439 780 1487 autem
812 1430 867 1500 (o
892 1428 1212 1483 inusitatam
1248 1426 1671 1496 agriculturam!
1699 1441 1732 1479 o
1765 1424 1978 1479 semina
2031 1439 2156 1478 ora-

594 1520 783 1585 tionis,
851 1520 1089 1575 fertilem
1143 1532 1362 1588 quoque
1419 1526 1624 1571 terram
1656 1515 1980 1569 fertiliorem
2032 1514 2163 1570 red-

2259 522 2356 591 λῆς
2412 522 2726 590 φάρμακον,
2762 515 2904 569 ὥστε
2949 515 3320 590 διαλλαγῆναι,
3345 518 3537 587 φησὶν,
3580 519 3705 588 ἡμῖν
3722 522 3793 575 τὸν

2261 613 2410 668 Θεόν.
2447 611 2568 664 Τῶν
2589 610 2648 664 δέ
2686 609 2973 679 μετάνοιαν
3002 606 3167 671 ἀξίως
3196 607 3355 671 εὐθὺς
3384 608 3792 679 ἐπιδειξαμένων,

2262 704 2602 774 συναλγήσας
2618 701 2795 756 αὐτῶν
2808 703 2873 771 τῇ
2892 700 3169 773 συντριϐῇ,
3190 699 3285 754 καὶ
3312 700 3530 770 δάκρυα
3547 702 3678 771 πρὸς
3692 702 3796 755 seu

2259 797 2455 867 ἐκχέας
2498 796 2567 851 τὰ
2600 794 2768 847 πολὺν
2825 791 3030 847 ἐκεῖθεν
3086 792 3266 847 ἕλκειν
3308 792 3589 861 δυνάμενα
3611 791 3795 864 [nam],

2265 884 2409 938 σ’ίτόν
2434 899 2493 934 τε
2517 881 2719 952 βραχὺν
2740 884 2802 935 ἐκ
2820 879 2917 933 τοῦ
2938 880 3159 943 σιτῶνος
3177 881 3510 951 κομισθέντα
3529 882 3696 935 λαϐὼν
3706 886 3796 945 ταῖς

2262 975 2443 1045 χερσὶ,
2485 974 2580 1027 καὶ⁸
2645 973 2781 1045 πρὸς
2818 974 2976 1043 χεῖρα
3022 972 3182 1027 πάλιν
3242 972 3405 1035 αὐτὸς
3454 973 3557 1042 τὴν
3624 973 3799 1043 ὑψηλὴν

2267 1068 2411 1133 ίδὼν,
2440 1066 2539 1136 τὴν
2565 1063 2624 1128 ἐξ
2646 1065 2815 1133 αὐτῆς
2841 1062 3113 1132 ἐπηύξατο
3155 1062 3426 1127 εὐδοκίαν,
3458 1065 3494 1132 ἢ
3525 1065 3630 1115 πᾶν
3663 1065 3798 1132 ἐμπι-

2263 1158 2401 1230 πλᾷν
2450 1155 2556 1210 οἶδε
2588 1154 2727 1218 ζῶον
2761 1155 3087 1225 ἀνοιγομένη
3107 1170 3122 1184 ⁶
3157 1155 3251 1206 καὶ
3276 1154 3304 1205 ὁ
3331 1158 3481 1217 σῖτος
3512 1154 3580 1224 (ὣ
3604 1153 3801 1223 παραδό-

2264 1246 2353 1313 ξου
2382 1249 2653 1318 γεωργίας
2679 1251 2692 1303 !
2725 1248 2771 1301 ὣ
2801 1248 3131 1317 σπερμάτων
3158 1247 3324 1317 εὐχῆς
3352 1247 3458 1301 καί⁸
3491 1248 3595 1318 γῆν
3623 1248 3801 1316 ἀγαθὴν

2264 1340 2345 1402 είς
2391 1339 2719 1411 γονιμὸτητα
2780 1339 3083 1410 παριούσης
3120 1337 3159 1408 ί)
3183 1337 3401 1409 ηὖξετο,
3436 1339 3601 1409 μέχρι
3640 1335 3801 1390 πολλοῦ

2264 1429 2385 1490 ταῖς
2419 1429 2630 1499 χρείαις
2666 1429 2912 1498 ἀφθόνως
2960 1428 3268 1499 ὑπηρετῶν,
3303 1428 3401 1481 καὶ
3468 1424 3609 1499 μηδ’,
3657 1426 3801 1482 ὁτιοῦν

2271 1519 2687 1589 ἐλαττούμενος.

597 1610 780 1666 dentis
810 1613 847 1679 l)
916 1610 1213 1680 plurimum
1266 1621 1603 1678 augescens,
1658 1606 1716 1660 in
1766 1607 2146 1680 longissimum
2185 1615 2405 1680 tempus
2456 1612 2581 1667 usui
2640 1612 2918 1668 communi
2986 1609 3466 1667 abundantissime
3518 1608 3801 1673 sufﬁciebat,

597 1717 775 1775 neque
807 1701 1087 1757 minimam
1118 1708 1329 1771 partem
1356 1698 1727 1752 minuebatur.

2034 1806 2259 1863 CAPUT
2291 1808 2455 1863 XVII.

1516 1920 1707 1975 Armat
1750 1934 1873 1973 suos
1916 1928 2102 1973 contra
2129 1921 2392 1975 daemones
2438 1922 2592 1975 uaria
2621 1921 2911 1982 molientes.
2992 1980 2995 1981 ν

673 2045 796 2100 ιεε.
829 2043 1121 2113 Aliquanto
1140 2051 1264 2112 post
1289 2041 1449 2096 aliam
1473 2054 1663 2095 rursus
1686 2040 1852 2093 habet
1873 2040 2163 2106 visionem,

2339 2042 2469 2112 ρλε’.
2516 2038 2781 2112 Ἐωράκει
2832 2042 2969 2113 μετὰ
3031 2043 3224 2114 χρῷνον
3272 2043 3399 2097 τινὰ
3456 2042 3617 2097 πάλιν
3661 2043 3807 2112 ωινό

598 2151 723 2207 quae
740 2135 918 2188 virum
941 2149 1081 2203 pene
1100 2131 1444 2187 exanimabat
1466 2148 1477 2183 :
1501 2130 1705 2185 coactis
1723 2130 1776 2184 in
1795 2145 1965 2185 unum
1983 2130 2168 2184 fratri-

599 2226 743 2282 bus:
780 2226 951 2291 State,
983 2225 1180 2293 inquit,
1214 2234 1273 2278 ut
1322 2236 1620 2295 generosos
1660 2222 1840 2287 decet,
1897 2221 2164 2277 adversus

602 2316 986 2387 impendentes
1016 2314 1389 2370 tentationes:
1445 2314 1697 2384 permisit
1738 2313 1942 2381 quippe
1983 2311 2169 2366 Domi-

600 2422 707 2461 nus
736 2421 831 2461 vos
856 2403 1075 2469 tentari,
1101 2412 1162 2457 ut
1189 2412 1245 2457 et
1295 2403 1670 2472 splendidiore
1726 2415 1826 2456 vos
1863 2400 2170 2455 circumdet

601 2513 824 2553 corona.
840 2496 1065 2551 Librum
1082 2497 1248 2566 igitur
1260 2495 1362 2549 Job
1391 2494 1695 2565 prophetae,
1716 2508 1783 2547 ex
1811 2508 1921 2563 quo
1941 2500 2171 2546 noverat

603 2589 737 2659 ipsis
771 2596 826 2642 et
855 2589 1209 2643 tolerantiam
1243 2601 1461 2656 augere,
1512 2595 1569 2641 et
1618 2600 1870 2652 supernae
1920 2583 2172 2639 consola-

603 2680 771 2734 tionis
819 2694 971 2748 spem
1001 2676 1382 2742 eorroborare,
1407 2676 1463 2730 in
1501 2689 1697 2730 manus
1723 2675 1899 2743 capit:
1922 2674 2165 2728 indicto-

602 2785 710 2841 que
761 2769 975 2824 cunctis
1020 2769 1240 2823 silentio
1296 2777 1460 2836 atque
1510 2766 1836 2826 attentione,
1910 2779 1940 2818 a
1988 2763 2168 2832 capite

604 2876 764 2915 orsus
786 2861 853 2915 ad
888 2861 1092 2915 calcem
1129 2871 1305 2928 usque
1332 2857 1534 2911 librum
1570 2854 1895 2926 explicando
1927 2854 2167 2909 evolvit:

604 2953 782 3007 sicubi
811 2966 943 3006 vero
982 2950 1244 3021 quiddam
1272 2949 1638 3019 proverbialis
1686 2945 1933 3001 notionis
1974 2959 2172 2999 occur-

604 3048 775 3104 reret,
806 3041 860 3093 id
884 3048 941 3095 et
964 3038 1208 3109 penitius
1255 3036 1599 3100 enucleabat,
1634 3043 1691 3088 et
1734 3035 1997 3088 latentem
2022 3031 2077 3085 in
2106 3045 2173 3086 eo

605 3145 831 3185 sensum
906 3129 1135 3199 spiritus
1209 3129 1391 3196 ipsum
1464 3124 1826 3179 illuminantis
1882 3122 2174 3192 splendore

606 3219 918 3274 illustrabat
941 3234 955 3281 ;
992 3217 1322 3285 tandemque
1347 3214 1790 3270 adhortationem
1821 3228 1888 3266 ex
1912 3211 2174 3280 Apostolo

596 3306 893 3361 .eommode
950 3304 1335 3367 concludebat,
1398 3305 1480 3359 sic
1515 3303 1768 3372 inquiens
1801 3319 1816 3355 :
1850 3300 2171 3365 Audivistis,

605 3401 856 3471 quidJob
874 3400 1235 3466 sustinuerit;
1267 3408 1322 3454 et
1348 3397 1679 3469 cognovistis
1695 3411 1859 3466 quem
1887 3393 2170 3449 sibifinem
2199 3371 2242 3431 (ἶ

600 3492 874 3548 υοιιιὶηιιε
902 3490 1159 3545 habuerit
1183 3489 1503 3559 praefixum:
1536 3485 1683 3541 State
1723 3487 1885 3554 igitur
1928 3484 2175 3538 succincti

608 3583 809 3637 tumbas
838 3592 1035 3636 vestros
1061 3583 1117 3636 in
1148 3583 1369 3635 veritate
1395 3590 1442 3633 et
1469 3578 1692 3633 calceati
1722 3577 1877 3648 pedes
1908 3578 1963 3630 in
1994 3576 2176 3630 Evan-

606 3674 740 3746 gelio
772 3675 938 3743 pacis,
964 3674 1018 3727 in
1038 3674 1276 3726 omnibus
1303 3680 1564 3727 sumentes
1585 3679 1791 3724 scutum
1823 3668 1966 3737 ﬁdei,
1988 3668 2042 3723 in
2071 3682 2174 3739 quo

607 3764 813 3833 possitis
836 3762 941 3816 tela
979 3764 1279 3833 nequissimi
1305 3764 1459 3832 ignea
1478 3762 1803 3829 exstinguere
1821 3760 1887 3810 “.
1916 3758 2176 3811 Existimo

609 3855 747 3905 enim
779 3853 918 3923 quod
943 3869 1047 3906 non
1065 3861 1187 3906 sunt
1235 3854 1506 3922 condigna:
1535 3852 1803 3922 passiones
1833 3849 1989 3918 hujus
2043 3855 2175 3899 tem-

608 3945 750 4014 poris
772 3944 838 3995 ad
861 3944 1095 4012 futuram
1119 3943 1345 4013 gloriam
1372 3958 1489 4013 qua:
1512 3940 1830 3994 revelabitur
1853 3939 1909 3991 in
1929 3937 2073 3990 nobis
2089 3937 2133 3967 ”
2158 3953 2173 3989 :

608 4036 664 4088 id
690 4035 828 4088 enim
865 4020 1004 4104 quod
1030 4036 1086 4087 in
1122 4035 1367 4104 praesenti
1396 4040 1471 4086 est
1500 4038 1925 4085 momentaneum
1951 4025 2176 4079 tribula-

610 4125 766 4176 tionis
788 4118 1002 4188 riostrw,
1039 4141 1203 4195 supra
1226 4123 1439 4177 modum
1492 4124 1547 4175 in
1569 4120 1891 4174 sublimitate
1921 4127 2178 4171 retentum

608 4213 793 4284 gloria:
820 4215 1020 4284 pondus
1055 4223 1305 4284 operatur
1341 4215 1393 4266 in
1453 4213 1628 4266 nobis:
1673 4226 1777 4263 non
1814 4207 2178 4277 contemplan-

610 4302 746 4357 tibus
779 4304 923 4357 nobis
989 4319 1106 4373 qua:
1152 4303 1412 4364 videntur,
1468 4300 1558 4354 sed
1599 4314 1715 4369 qua:
1762 4314 1867 4352 non
1903 4297 2178 4352 uidentur:

610 4395 885 4464 quwenim
948 4395 1215 4455 videntur,
1275 4389 1591 4461 temporalia
1642 4401 1803 4453 sunt;
1845 4403 1963 4458 qua:
2004 4395 2178 4443 autem

601 4497 717 4540 non
737 4484 997 4548 videntur,
1020 4490 1215 4537 (eterna
1232 4483 1300 4535 ’³.

683 4759 804 4814 156.
831 4757 929 4817 His
948 4755 1112 4812 dictis
1137 4769 1205 4810 ex
1222 4755 1330 4809 imo
1352 4754 1517 4810 corde
1538 4753 1774 4825 graviter
1796 4753 2177 4825 ingemiscens,

612 4848 878 4919 lacrymas
905 4863 1123 4918 quoque
1150 4847 1464 4903 admiscens
1492 4845 1804 4915 gemitibus,
1828 4845 2070 4910 Fratres,
2098 4845 2183 4898 iu—

612 4937 754 5004 Quit,
807 4944 1022 5007 tempus
1066 4935 1314 4991 certandi
1357 4943 1443 4989 est
1493 4948 1506 4984 :

2269 2130 2514 2199 Συμεὼν,
2558 2131 2627 2183 τὰ
2658 2131 2714 2183 δέ
2744 2131 2977 2200 ὀφθέντα
3016 2133 3114 2202 τὴν
3166 2130 3332 2185 αὐτοῦ
3382 2132 3563 2202 ψυχὴν
3608 2132 3811 2201 ἀθυμίας

2236 2222 2508 2303 ’ἐπλήρου
2537 2238 2551 2253 ο
2617 2224 2711 2275 καὶ
2766 2222 3103 2290 συγκαλέσας
3164 2222 3291 2285 τοὺς
3355 2223 3622 2293 μαθητὰς,
3667 2224 3805 2291 Στῆτε

2269 2312 2551 2378 γενναίως,
2578 2312 2818 2380 ἀδελφοὶ,
2852 2313 2987 2381 πρὸς
3021 2312 3143 2375 τοὺς
3191 2311 3488 2380 μέλλοντας
3543 2313 3807 2380 ἐπάγεσθαι

2273 2404 2637 2473 πειρασμοὺς,
2667 2403 2772 2474 ἔφη
2804 2422 2815 2433 ι
2856 2401 3245 2474 συγκεχώρηκε
3278 2403 3387 2472 γὰρ
3426 2402 3455 2456 ὁ
3486 2402 3679 2473 Κύριος
3708 2420 3806 2455 πει-

2276 2493 2543 2564 ρασθῆναι
2598 2495 2763 2565 ὑμᾶς,
2804 2493 2892 2547 ἴνα
2924 2493 3019 2546 καὶ
3062 2493 3449 2564 λαμπρότερον
3493 2493 3804 2565 στεφανώσῃ.

2271 2582 2351 2635 Τὰ
2387 2581 2531 2635 κατὰ
2581 2583 2671 2636 τὸν
2714 2581 2832 2635 Ἰὼϐ
2875 2584 3055 2636 τοίνυν
3090 2579 3268 2637 λαϐὼν
3295 2581 3443 2654 (ὅθεν
3492 2584 3668 2645 αὐτοῖς
3715 2581 3803 2651 ᾔδει

2271 2675 2364 2727 καὶ
2410 2676 2510 2746 τὴν
2565 2674 2842 2745 ὑπομονὴν
2892 2676 3178 2738 ἐπιτεῖναι,
3213 2677 3307 2728 καὶ
3363 2676 3463 2746 τὴν
3518 2674 3697 2728 ἐλπῖδα
3726 2674 3804 2742 τῆς

2271 2765 2476 2819 ἄνωθεν
2518 2766 2914 2837 παρακλήσεως
2943 2767 3297 2837 ἐπιρρῶσαι),
3330 2771 3431 2821 καὶ
3472 2769 3630 2821 πᾶσιν
3655 2766 3802 2828 obrui;

2275 2856 2430 2926 σιγὴν
2473 2856 2608 2925 ὁμοῦ
2640 2857 2733 2908 καὶ
2768 2855 3040 2927 προσοχὴν
3091 2858 3497 2927 παραγγείλας,
3523 2860 3585 2911 ἐκ
3647 2872 3803 2927 προοιο

2276 2947 2416 3017 μίων
2463 2947 2624 3011 εὐθὺς
2672 2947 2994 3018 ἀρξάμενος,
3025 2948 3154 3018 ἄχρι
3192 2948 3382 3012 τέλους
3408 2951 3590 3013 αὐτοῖς
3638 2947 3802 3018 διεξῄει

2272 3037 2371 3107 τὴν
2408 3036 2586 3107 βίϐλον
2610 3057 2623 3071 ο
2662 3038 2717 3091 εἴ
2752 3038 2854 3092 πού
2883 3056 2933 3091 τι
2955 3039 3064 3090 τῶν
3114 3026 3504 3109 παροιμιωδῶν
3550 3039 3707 3108 τύχοι,
3731 3037 3805 3090 καὶ

2276 3128 2591 3199 βαθυτέρων
2629 3128 2881 3194 ἐπεξιὼν,
2914 3129 3008 3181 καὶ
3034 3140 3128 3180 τον
3154 3130 3211 3180 ἐν
3241 3129 3427 3192 αὐτοῖς
3467 3129 3800 3200 κρυπτόμενον

2273 3217 2351 3287 τῷ
2377 3218 2572 3287 φέγγει
2599 3217 2689 3270 τοῦ
2722 3220 2778 3270 ἐν
2813 3218 2960 3287 αὐτῷ
2993 3217 3309 3287 Πνεύματος
3331 3217 3563 3282 ἐκείνοις
3591 3215 3804 3287 διαφωτίο

2276 3308 2406 3375 ζων,
2439 3307 2557 3362 εἶτα
2587 3312 2728 3363 κατὰ
2757 3309 2947 3379 καιρὸν
2977 3309 3041 3362 ἐκ
3068 3310 3161 3362 τοῦ
3204 3310 3527 3365 Ἀποστόλου
3576 3308 3793 3380 διεπερά-

2275 3416 2402 3453 νατο
2454 3399 2551 3469 τὴν
2606 3399 2926 3469 παραίνεσιν
2991 3399 3413 3467 αὖτοῖς,ούτως
3468 3404 3669 3455 εἰπών’
3715 3399 3802 3468 Τὴν

2276 3492 2557 3561 ὑπομονὴν
2606 3491 2726 3544 Ἰὼϐ
2755 3490 3045 3560 ἠκούσατε,
3079 3492 3174 3545 καὶ
3203 3491 3265 3544 τὸ
3292 3492 3450 3556 τέλος
3479 3493 3671 3565 Κυρίου
3692 3490 3802 3542 είδε-

2276 3598 2334 3635 τε
2362 3599 2375 3611 ·
2410 3583 2598 3649 Στῆτε
2628 3579 2741 3637 οὖν
2771 3581 3225 3651 περιζωσάμενοι
3275 3583 3393 3651 τὴν
3432 3585 3627 3655 ὀσφὺν
3666 3580 3803 3651 ὑμῶν

2276 3675 2346 3727 ὲν
2368 3674 2636 3740 ἀληθείᾳ,
2668 3673 2765 3727 καὶ
2826 3672 3275 3743 ὑποδησάμενοι
3332 3678 3480 3742 τοὺς
3529 3677 3704 3741 πόδας
3745 3674 3801 3726 ἐν

2279 3767 2620 3834 Etiamne/lla)
2648 3764 2756 3834 τῆς
2784 3766 3055 3835 εἰρήνης,
3094 3766 3193 3819 ἐπὶ
3222 3764 3416 3820 πᾶσιν
3441 3768 3801 3825 ἀναλαϐόντες

2276 3853 2383 3905 τὸν
2436 3854 2650 3920 θυρεὸν
2714 3851 2823 3919 τῆς
2886 3854 3160 3916 πίστεως,
3195 3853 3265 3905 ἐν
3291 3845 3339 3919 ᾦ
3383 3854 3710 3920 δυνήσεσθε
3747 3844 3800 3898 τὰ

2271 3943 2429 4010 ,ϐέλη
2489 3943 2595 3995 τοῦ
2646 3942 2915 4010 πονηροῦ
2950 3942 3021 3994 τὰ
3046 3944 3442 4011 πεπυρωμένα
3465 3943 3684 3997 σϐέσαι.
3712 3944 3800 3995 Λο-

2276 4032 2499 4103 γίζομαι
2530 4033 2639 4102 γὰρ
2662 4033 2751 4085 ὅτι
2778 4035 2889 4087 οὐκ
2922 4032 3060 4097 ἄξια
3110 4033 3184 4085 τὰ
3229 4031 3547 4102 παθήματα
3573 4032 3670 4086 τοῦ
3710 4027 3801 4079 νῦν

2278 4124 2486 4191 καιροῦ
2511 4140 2583 4190 πρ
2595 4123 2661 4188 ὸς
2689 4122 2803 4190 τὴν
2819 4124 3176 4192 μέλλουσαν
3202 4121 3395 4185 δόξαν
3414 4114 3799 4186 ἀποκαλυφθῆ-

2278 4231 2377 4269 ναι
2396 4217 2490 4280 ,εἰς
2513 4214 2686 4283 ἡμᾶς·
2719 4216 2785 4267 τὸ
2807 4215 2917 4284 γὰρ
2938 4213 3272 4281 παραυτίκα
3298 4212 3566 4282 ἐλαφρὸν
3589 4209 3688 4278 τῆς
3703 4206 3803 4261 θλί-

2279 4311 2439 4378 ψεως
2472 4309 2639 4376 ἡμῶν
2672 4308 2801 4362 καθ’
2832 4308 3177 4376 ὑπερϐολὴν
3220 4310 3307 4373 εις
3346 4306 3678 4379 ὑπερϐολὴν
3702 4298 3799 4355 αἰώ-

2280 4415 2416 4452 νιον
2442 4397 2641 4466 βάρος
2686 4399 2869 4466 δόξης
2912 4398 3319 4468 κατεργάζεται
3355 4401 3501 4469 ἡμῖν
3535 4416 3548 4429 ⁸
3569 4396 3647 4467 μὴ
3687 4406 3802 4447 σκο-

2281 4488 2555 4543 πούντων
2608 4487 2778 4556 ἡμῶν
2830 4491 2903 4541 τὰ
2969 4488 3339 4557 βλεπίμενα,
3403 4490 3563 4544 ἀλλὰ
3637 4484 3700 4538 τὰ
3733 4480 3797 4551 μὴ

2277 4579 2628 4647 βλεπόμενα
2651 4594 2664 4608 ·
2697 4580 2769 4633 τὰ
2822 4580 2931 4648 γὰρ
2974 4581 3327 4650 βλεπόμενα
3381 4581 3714 4649 πρόσκαιρα,
3744 4567 3802 4624 τά

2213 4687 2260 4746 ῃ
2285 4668 2355 4721 δὲ
2384 4669 2470 4737 μὴ
2494 4671 2844 4739 βλεπόμενα
2883 4669 3108 4725 αίώνια.

2360 4760 2504 4830 ρλς’.
2534 4760 2765 4813 Ἔπειτα
2800 4760 2979 4830 μέντοι
2999 4760 3179 4830 βύθιόν
3205 4779 3256 4813 τι
3283 4761 3374 4815 καὶ
3407 4760 3541 4830 βαρὺ
3571 4750 3799 4814 στενάξας,

2286 4846 2365 4916 τῷ
2429 4847 2716 4917 στεναγμῷ
2746 4848 2801 4901 δὲ
2832 4849 3070 4920 κεράσας
3121 4851 3215 4903 καὶ
3263 4850 3531 4920 δάκρυονο
3570 4841 3796 4911 Ἀγώνωνι

1559 4933 1779 5004 vigilate
1825 4933 2030 5002 itaque,
2081 4947 2170 4988 net

2289 4934 2528 5003 ἀδελφοὶ,
2556 4936 2763 5006 καιρὸς,
2796 4937 2899 5008 ἔφη
2921 4954 2936 4967 ο
2970 4942 3289 5010 γρηγορεῖτε
3318 4936 3433 5003 οὖν,
3466 4938 3539 5007 μὴ
3568 4933 3687 5001 λάθῃ
3709 4924 3801 4981 τινὰ

513 5086 522 5093 _
613 5025 780 5083 lateat
825 5040 1155 5096 quemquam
1210 5024 1482 5088 diabolus,
1529 5024 1623 5093 qui
1663 5022 2042 5077 fraudulenter
2088 5037 2170 5077 vos

2280 5029 2467 5093 δολίως
2503 5032 2531 5083 ὁ
2568 5034 2801 5101 πονηρὸς
2834 5033 3110 5097 δελεάσας.
3151 5034 3339 5088 Οἴδατε
3374 5034 3479 5103 γὰρ
3511 5034 3582 5093 ὡς
3625 5031 3655 5097 ἦ
3698 5019 3794 5103 έπὲ⁴

614 5125 789 5173 tentat
835 5117 1260 5172 circumvenire.
1320 5116 1505 5171 Nostis
1550 5114 1752 5187 quippe
1791 5113 1939 5184 quod
1991 5113 2170 5169 domu:

2280 5137 2428 5188 γειος
2479 5121 2639 5192 ἡμῶν
2688 5123 2835 5176 οἰκία
2884 5125 2975 5177 τοῦ
3006 5126 3234 5195 σκήνους
3260 5123 3566 5195 λυθήσεται,
3592 5116 3691 5172 ἀλλ’
3721 5110 3798 5180 ηὗ-

613 5207 956 5265 tabernaculi
1001 5208 1200 5272 nostri,
1236 5223 1358 5277 quae
1398 5220 1566 5276 super
1598 5213 1797 5259 terram
1833 5212 1937 5268 est,
1986 5204 2182 5259 dissol-

610 5298 788 5353 venda
824 5299 930 5364 sit;
958 5299 1054 5353 sed
1088 5299 1271 5363 aliam,
1315 5312 1426 5351 non
1463 5295 1852 5359 manufaclam,
1880 5296 2179 5364 repositam

611 5388 883 5445 habemus
934 5391 987 5444 in
1021 5391 1175 5446 caelis
1227 5406 1365 5454 nos,
1415 5388 1507 5459 qui
1555 5387 1900 5441 ambulamus
1952 5388 2006 5440 in
2063 5386 2181 5457 lege

610 5477 853 5543 Domini,
892 5482 1232 5550 praeferentis
1262 5480 1519 5535 cordibus
1571 5479 1775 5533 nostris
1821 5479 2005 5533 lumen
2038 5480 2179 5550 ejus,

609 5570 756 5641 quod
801 5587 1021 5640 gressus
1062 5582 1280 5627 nostros
1326 5571 1527 5639 dirigat
1570 5570 1639 5623 ad
1693 5584 1750 5624 se
1808 5569 2043 5639 Hujusce
2079 5569 2181 5622 do-

678 5701 723 5731 ”
763 5703 958 5771 prcs.
1010 5722 1083 5770 vr,
1132 5705 1317 5760 14-16.

2286 5211 2579 5281 τρέπισται
2618 5214 2753 5284 ἡμῖν
2782 5214 3194 5287 ἀχειροποίητος
3225 5216 3283 5269 ἐν
3319 5214 3561 5285 οὐρανοῖς
3589 5210 3640 5261 ἐν
3680 5202 3797 5270 νόμῳ

2286 5299 2486 5371 δηλαδὴ
2516 5304 2721 5372 Κυρίου
2752 5306 3155 5375 πορευομένοις,
3191 5306 3318 5375 παρ’
3342 5303 3501 5358 αὑτοῦ
3537 5318 3589 5353 τε
3624 5298 3701 5350 τὸν
3725 5292 3801 5355 τῆς

2287 5392 2513 5461 καρδίας
2542 5393 2733 5463 λύχνον
2765 5384 3170 5465 φωτιζομένοις,
3198 5396 3583 5450 κατευθύνοντα
3610 5388 3668 5440 τὰ
3698 5379 3801 5448 πρὸς

2287 5482 2493 5533 ἐκεῖνον
2552 5483 2708 5552 ἡμῶν
2757 5486 3067 5555 διαϐήματα
3092 5503 3104 5516 ·
3141 5480 3209 5558 ἦς
3242 5486 3362 5555 ὄψις
3397 5501 3479 5555 μοι
3521 5478 3649 5533 κατὰ
3679 5465 3800 5558 "ivi"

2288 5569 2388 5640 τὴν
2421 5571 2590 5651 νύκτα
2618 5575 2801 5644 σαφῶς
2834 5576 3093 5648 ἐγνώρισε
3118 5556 3214 5649 τῆν
3243 5575 3516 5639 ἀνάϐασιν,
3550 5567 3637 5623 καὶ
3660 5564 3722 5623 εἰς
3751 5556 3801 5627 ἣν

1408 5707 1451 5735 ’³
1492 5706 1648 5790 Boni.
1690 5722 1803 5769 \‘lll,
1854 5704 1935 5758 l8.
2010 5706 2054 5735 “
2084 5705 2130 5759 ll
2158 5704 2287 5760 Cor.
2330 5724 2403 5776 ιν,
2442 5709 2527 5777 17,
2561 5710 2647 5765 18.
