4026 6292
280 358 430 424 3H3

1292 360 1467 421 Vl'l‘A
1502 360 1550 417 A
1588 357 2024 419 NlCEPHORO
2063 357 2547 417 CONSCRIPTA.

3418 353 3561 419 3114

287 477 596 547 πρόδρομος,
650 478 805 546 ἡμῶν
859 467 1201 550 εἰσελήλυθεν
1248 480 1274 530 ὁ
1315 478 1597 546 ἀγαπητὸς
1651 477 1876 545 ἀδελφὸς

1980 495 2104 533 mus
2134 478 2275 536 visio
2325 477 2426 530 hac
2472 476 2586 544 ipsa
2645 473 2779 531 mihi
2820 481 2979 526 nocte
3030 472 3341 526 luculenter
3393 485 3558 526 mon-

300 574 579 642 Ίωάννης,
621 566 681 624 οὗ
712 573 805 625 καὶ
833 573 944 643 βίον
978 575 1070 627 καὶ
1105 576 1307 644 cpiam
1348 572 1504 627 αὐτοὶ
1536 573 1752 635 πάντως
1777 574 1878 626 οὐκ

293 667 559 728 ἀγνοεῖτε,
593 664 642 716 οἱ
678 664 773 716 καὶ
827 666 1078 719 κοινωνὸν
1135 663 1229 717 τοῦ
1275 662 1417 716 κατὰ
1445 662 1578 715 Θεὸν
1623 662 1739 732 βίου
1789 663 1879 716 τὸν

286 757 462 825 ἄνδρα
517 757 895 825 πεποιημένοι,
934 759 1035 809 καὶ
1070 755 1181 809 τῶν
1230 755 1610 826 πνευματικῶν
1655 753 1880 822 ἀγώνων

290 846 642 915 συνάμιλλον.
676 848 911 901 Δέκατον
939 849 1065 919 γὰρ,
1093 848 1331 917 ἀδελφοὶ.
1367 848 1526 901 τοῦτο
1550 847 1667 910 ἔτος
1707 849 1881 918 ἀγρυ-

288 941 443 993 τ-νὼν
472 941 610 1012 ὑπὲρ
644 941 752 994 τῶν
781 942 1063 1011 ὑμετέρων
1101 942 1310 1012 ψυχῶν,
1351 941 1444 994 καὶ⁵
1480 941 1732 1007 δεόμενος
1782 938 1876 993 τοῦ

286 1032 428 1084 Θεοῦ
471 1033 613 1101 μετὰ
646 1033 897 1105 δακρύων
922 1035 1022 1088 οὐκ
1053 1034 1400 1104 ἐπαυσάμην,
1434 1034 1510 1094 ὡς
1552 1032 1708 1100 λόγον
1739 1032 1875 1084 ἁπο-

285 1125 474 1179 ὂυῦναι
502 1126 709 1195 μέλλων
740 1129 878 1197 ὑπὲρ
910 1129 1067 1198 ὑμῶν
1087 1144 1101 1159 ·
1134 1130 1256 1182 ἐπεὶ
1298 1130 1391 1181 καὶ
1418 1128 1604 1182 τοῦτον
1631 1125 1743 1193 ἐγὼ
1780 1141 1877 1191 φο-

287 1214 496 1283 ϐοῦμαι
522 1217 611 1269 τὸν
650 1218 813 1285 φόϐον
851 1219 956 1280 ἀεὶ,
991 1220 1066 1287 μὴ
1099 1222 1206 1272 τῶν
1229 1220 1497 1289 ἀφιέντων
1526 1218 1594 1271 τὰ
1627 1215 1875 1286 πρόϐατα

291 1307 583 1376 μισθωτῶν
627 1309 719 1363 καὶ
759 1311 1089 1378 φευγόντων,
1121 1306 1202 1374 οἷς
1232 1311 1388 1378 ὀλίγα
1420 1309 1575 1380 μέλει
1625 1307 1754 1377 περὶ
1781 1305 1876 1358 αὐ-

282 1399 422 1460 τῶν,
460 1401 555 1453 καὶ
591 1401 651 1453 οὺ
682 1401 789 1453 τῶν
820 1402 1096 1472 ποιμένων
1140 1396 1220 1466 εἷς
1251 1400 1480 1473 εὑρεθῶ,
1511 1399 1620 1454 τῶν
1655 1399 1750 1452 καὶ
1774 1398 1877 1466 ψυ-

285 1493 394 1561 χὴν
422 1493 591 1562 αὐτὴν
631 1493 800 1561 ἡδέως
825 1496 923 1563 τῆς
956 1496 1191 1564 ποίμνης
1226 1494 1589 1565 προϊεμένων.

1980 569 2174 624 stravit
2203 582 2488 624 ascensum
2513 574 2760 620 nostrum
2784 581 2797 627 ;
2828 565 2881 617 in
2911 578 3071 631 quam
3096 572 3151 616 et
3176 563 3456 631 ingressus
3478 571 3565 615 est

1981 663 2217 718 dilectus
2265 662 2435 715 frater
2476 660 2738 722 Joannes,
2780 655 3112 725 prodromus
3154 664 3370 723 noster;
3405 655 3566 725 cujus

1979 766 2037 809 et
2075 756 2243 810 vitam
2282 762 2338 808 et
2386 767 2567 807 mores
2612 766 2711 805 vos
2764 748 2869 818 ipsi
2909 748 3163 818 ignorare
3217 762 3564 815 nequaquam

1981 848 2234 918 potestis,
2287 846 2383 914 qui
2418 853 2474 898 et
2512 841 2836 913 participem
2887 840 3130 895 caelestis
3180 839 3308 892 vitze
3359 836 3567 891 fecistis

1985 938 2163 1002 illum,
2194 947 2251 991 et
2271 937 2330 991 in
2360 934 2636 1006 spirituali
2664 934 2913 1004 palaestra
2944 929 3217 986 habuistis
3239 927 3597 1003 commilito-q

1984 1044 2132 1085 nem.
2183 1027 2442 1082 Decimus
2475 1025 2700 1095 quippe,
2746 1024 2946 1079 fratres
2974 1022 3105 1087 mei,
3152 1037 3333 1077 annus
3369 1021 3565 1091 agitur,

1975 1118 2125 1189 quod
2158 1117 2377 1187 vigilem
2429 1130 2530 1186 pro
2583 1115 2870 1170 animabus
2908 1113 3128 1177 vestris,
3166 1128 3267 1167 nec
3307 1110 3567 1166 desierim
3606 1186 3609 1189 η

1977 1226 2137 1266 orare
2168 1211 2339 1265 Deum
2366 1224 2493 1263 cum
2528 1207 2809 1280 lacrymis,
2843 1215 3103 1283 tanquam
3142 1204 3411 1259 rationem
3442 1200 3575 1268 red-l

1979 1303 2198 1375 diturus
2235 1317 2334 1372 pro
2378 1300 2555 1356 vobis.
2585 1300 2857 1367 Quoniam
2893 1307 2949 1354 et
2984 1313 3086 1369 ego
3124 1310 3406 1365 nunquam
3457 1308 3571 1365 non

1980 1394 2078 1449 illo
2112 1395 2361 1448 iucessor
2389 1392 2608 1457 timore,
2636 1407 2707 1447 ne
2736 1392 2959 1446 illorum
2985 1405 3128 1461 unus
3161 1383 3566 1457 deprehendar,

1982 1487 2076 1554 qui
2100 1485 2352 1540 mercede
2375 1484 2657 1550 conducti,
2686 1485 2754 1539 de
2777 1484 2974 1539 ovibus
3001 1480 3224 1537 solliciti
3249 1494 3567 1550 perparum,

280 1584 512 1639 easdem
540 1585 824 1640 dimittunt
852 1595 1017 1655 atque
1044 1586 1293 1656 fugiunt;
1335 1601 1444 1641 non
1477 1598 1612 1640 vero
1644 1582 1865 1636 illorum
1904 1588 2213 1649 pastorum,
2245 1576 2341 1647 qui
2402 1575 2613 1632 animas
2677 1591 2807 1633 suas
2844 1592 2945 1647 pro
2975 1575 3353 1631 incolumitate
3382 1573 3569 1643 gregis

284 1677 376 1731 sui
410 1676 623 1731 lubenti
664 1678 849 1731 animo
876 1686 1108 1748 ponunt.

359 1770 496 1839 ρλζ’.
551 1770 713 1822 Ἀλλὰ
757 1774 823 1842 τῇ
865 1772 1092 1841 δυνάμει
1158 1774 1256 1841 τῆς
1302 1771 1509 1824 ἄνωθεν
1573 1769 1876 1841 βακτηρίας

289 1860 657 1931 ῥωννύμενος,
687 1863 952 1930 γενναίως
981 1863 1070 1916 τὸν
1103 1863 1245 1933 θῆρα
1285 1863 1445 1932 μέχρι
1476 1860 1612 1921 τέως
1659 1860 1754 1914 νῦν
1779 1861 1873 1927 ἀφ’

2056 1764 2178 1819 137.
2214 1762 2471 1817 Attamen
2518 1761 2748 1831 superni
2777 1761 2982 1815 virtute
3018 1761 3200 1815 baculi
3237 1761 3569 1817 corrobora-

1981 1862 2104 1920 tus,
2135 1869 2312 1923 usque
2336 1854 2393 1907 in
2419 1868 2660 1923 praesens
2690 1862 2906 1923 tempus
2935 1853 3110 1922 repuli
3148 1869 3177 1905 a
3219 1853 3377 1908 vobis
3404 1868 3571 1924 gene-

284 1951 447 2021 ὒμῶν
490 1952 812 2007 ἀπεσόϐουν.
845 1952 1035 2007 Οἴδατε
1064 1955 1175 2024 γὰρ
1205 1954 1438 2017 ποσάκις
1472 1950 1629 2021 ὑμῶν
1667 1952 1728 2004 οὐ
1760 1949 1874 2004 δια-

1980 1960 2105 2001 rose
2134 1944 2307 2000 feram
2337 1944 2687 1999 infernalem.
2720 1944 2909 1999 Nostis
2941 1945 3092 1999 enim
3127 1944 3319 2014 probe,
3347 1945 3570 2014 quoties

287 2043 526 2098 Οολῶσαι
564 2046 723 2115 μόνον
764 2048 1028 2120 ἐπειράθη
1058 2048 1145 2101 τὸν
1174 2047 1322 2113 νοῦν,
1359 2047 1455 2101 καὶ
1493 2045 1629 2116 πρὸς
1677 2043 1874 2098 ἐπιθυη

291 2137 425 2208 μίας
473 2138 743 2206 κοσμικὰς
798 2138 1024 2192 έλκῦσαι
1061 2140 1160 2193 καὶ
1204 2139 1589 2201 κατασπᾶσαι,
1621 2136 1760 2191 ἀλλά
1784 2134 1883 2189 καὶ

291 2228 682 2299 συλαγωγῆσαι
725 2230 823 2284 καὶ
868 2231 1171 2302 ὑποκλέψαι
1208 2234 1300 2286 καὶ
1346 2233 1696 2286 παντάπασιν
1734 2231 1882 2299 ὑμᾶς

192 2398 200 2402 ὴ
291 2320 586 2391 σκορπίσαι
612 2325 707 2374 καὶ
728 2322 1041 2392 διασπεῖραι
1063 2342 1076 2356 ·
1115 2326 1264 2394 ὅμως
1286 2323 1529 2395 ᾐσχύνθη
1548 2322 1641 2377 διὰ
1663 2323 1880 2376 πάντων

289 2413 386 2466 καί
406 2413 781 2485 ἀπεκρούσθη,
814 2415 970 2469 οὐδὲν
1003 2417 1167 2470 πλέον
1214 2416 1314 2487 τῆς
1352 2416 1621 2485 τοσαύτης
1643 2416 1880 2485 σπουδῆς

289 2506 325 2576 ἦ
360 2506 565 2578 λύσσης
594 2509 878 2579 ὀνάμενος,
901 2511 982 2563 ὅτι
1022 2512 1096 2581 μὴ
1131 2511 1192 2563 τὸ
1221 2511 1453 2580 φανῆναι
1494 2510 1656 2564 πλέον
1685 2511 1876 2573 κακὸς,

288 2599 353 2651 τὸ
383 2600 615 2669 μάλιστα
641 2600 859 2654 πάντων
898 2601 1047 2672 αὐτῷ
1087 2603 1528 2657 σπουδαιότατον.
1554 2602 1669 2655 Νῦν
1699 2601 1793 2656 οὖν
1829 2602 1879 2655 εί

289 2691 390 2742 καὶ
428 2691 501 2760 μὴ
544 2689 733 2761 πολλὴ,
763 2692 889 2763 μηδ’
944 2695 1038 2745 ἐπὶ
1067 2693 1227 2758 πολὺ,
1269 2693 1688 2765 συγκεχώρηται
1716 2693 1763 2746 δ’
1783 2689 1877 2748 οὖν

289 2796 377 2841 τις
402 2780 550 2850 ὅμως
573 2782 724 2852 αὐτῷ
751 2783 874 2837 καθ’
904 2784 1063 2854 ἡμῶν
1094 2785 1317 2849 ἐξουσία
1336 2802 1352 2817 ·
1388 2786 1450 2839 οὑ
1481 2784 1588 2856 μὴν
1617 2785 1756 2839 ἀλλὰ
1783 2786 1877 2839 καὶ

293 2871 438 2924 κατὰ
500 2872 608 2925 τῶν
668 2874 900 2941 νηπίων,
949 2876 1087 2945 πρὸς
1145 2877 1202 2929 δὲ
1263 2878 1356 2932 καὶ
1421 2876 1530 2930 τῶν
1594 2878 1652 2929 ἐν
1705 2878 1875 2947 ἀρετῇ

292 2960 517 3025 ζώντων
571 2967 699 3036 παρ’
752 2959 828 3020 ὧν
874 2969 1075 3039 δηλαδὴ
1126 2971 1221 3023 καὶ
1262 2968 1462 3023 πλείων
1503 2971 1536 3040 ἡ
1579 2968 1764 3040 πληγὴ
1797 2968 1877 3037 τῷ

292 3054 572 3128 βασκάνῳ,
626 3059 718 3112 καὶ
773 3061 911 3131 πρὸς
959 3062 1054 3124 οὒς
1109 3063 1302 3133 ἐκείνῳ
1367 3062 1530 3117 πάλιν
1587 3064 1615 3114 ό
1682 3062 1877 3130 φθόνος

292 3151 788 3221 περιφανέστερος·
819 3152 934 3206 ἀλλ’
956 3155 1055 3207 οὐκ
1086 3155 1373 3225 ἀποστήσῃ
1406 3156 1435 3208 ὁ
1458 3154 1876 3225 ὑπερασπιστὴς

297 3255 424 3310 μου,
453 3240 648 3313 Κύριε.

371 3488 505 3558 ρλη’.
538 3484 675 3541 Εἶτα
719 3490 815 3542 καὶ
853 3487 993 3543 αὐτὰ
1024 3490 1159 3553 ,τοῖς
1203 3490 1476 3560 μαθηταῖς
1513 3487 1762 3560 ἐξηγεῖτο
1809 3488 1880 3542 τὰ

293 3578 582 3647 ὁραθέντα,
611 3578 937 3648 προσιόντας
971 3578 1069 3648 μὲν
1097 3581 1217 3644 ταῖς
1251 3578 1483 3649 οὐρανοῦ
1521 3579 1719 3642 πύλαις
1749 3578 1878 3643 τοὺς

295 3670 588 3733 ἐκλεκτοὺς
652 3670 917 3738 ἀγγέλους
961 3672 1041 3735 είς
1084 3672 1458 3745 προσκύνησιν
1492 3671 1725 3727 ἐνώπιον
1781 3669 1875 3724 τοῦ

295 3761 456 3827 Θεοῦ,
478 3763 863 3832 παρεστηκότα
880 3762 936 3816 δὲ
964 3763 1055 3816 τὸν
1081 3763 1348 3829 διάϐολον,
1376 3763 1607 3818 Αἰθίοπα
1627 3802 1642 3828 ,
1668 3778 1878 3816 σκοτει-

297 3854 390 3907 νὸν
424 3854 546 3906 ὅλον
567 3893 581 3908 .
614 3854 804 3923 ἀναιδῆ
837 3855 937 3925 τὴν
969 3854 1111 3923 ὅφιν,
1154 3852 1312 3926 ὓϐριν
1350 3855 1613 3919 πνέοντα,
1645 3853 1878 3924 αἵματος

297 3944 434 4015 ὁμοῦ
472 3947 565 3999 καὶ
598 3946 766 4015 πυρὸς
793 3946 920 4008 τοὺς
957 3944 1268 4016 ὀφθαλμοὺς
1309 3945 1624 4012 ὑπόπλεων,
1659 3946 1759 3998 οὐκ
1784 3944 1877 3997 ἐπί

297 4054 442 4101 τινος
473 4038 599 4101 τοὺς
620 4038 789 4103 πόδας
811 4037 1036 4109 στερεοῦ
1056 4038 1349 4110 βεϐηκότα,
1380 4040 1517 4093 ἀλλὰ
1543 4039 1684 4092 κατὰ
1714 4039 1876 4109 μέσον

295 4130 460 4193 οἱονεὶ
489 4132 583 4185 τὸν
601 4131 759 4204 ἀέρα,
786 4131 1055 4203 βρύχονεα
1090 4133 1188 4203 μὲν
1216 4132 1448 4202 φοϐερόν
1474 4148 1528 4184 τι
1558 4132 1651 4185 καὶ
1675 4129 1878 4201 θηριῶ-

293 4223 404 4289 δες,
451 4223 546 4275 καὶ
594 4224 869 4286 κινοῦντα,
920 4225 1074 4295 φησι,
1113 4224 1211 4294 τὴν
1252 4224 1494 4295 κεφαλὴν
1553 4222 1676 4278 κατ’
1716 4222 1875 4293 ἐμοῦ,

295 4321 633 4390 ἀναμένοντα
660 4322 718 4375 δὲ
749 4325 897 4391 ὅμως
922 4325 1022 4386 τὰς
1053 4323 1378 4393 ἀποφάσεις,
1412 4323 1598 4393 φωνήν
1627 4338 1687 4375 τε
1726 4321 1880 4392 παρὰ

296 4411 507 4480 Κυρίου
524 4414 658 4480 προς
682 4413 847 4465 αὑτὸν
863 4413 1171 4484 ὲνηνέχθαι,
1200 4414 1468 4480 Πάταξον,
1487 4414 1774 4485 λέγουσαν,
1804 4416 1877 4469 τὰ

294 4502 483 4555 παιδία
511 4505 605 4556 καὶ
637 4504 764 4567 τοὺς
806 4504 1007 4567 καλοὺς
1037 4504 1146 4559 τῶν
1190 4506 1516 4575 ἀνθρώπων,
1553 4508 1646 4561 τὸν
1681 4507 1739 4562 δὲ
1775 4508 1875 4562 ἀπ’

295 4593 430 4662 ἐμοῦ
456 4609 517 4645 τε
546 4592 816 4663 ἄρξασθαι
868 4594 1111 4664 πρώτου,
1141 4594 1395 4665 καθάπερ
1438 4596 1531 4648 ἐπὶ
1574 4595 1670 4650 τοῦ
1711 4595 1830 4650 Ἰώϐ
1855 4613 1867 4626 ·

1984 2052 2099 2092 non
2129 2036 2295 2091 modo
2329 2036 2552 2091 turbare
2578 2044 2819 2091 mentem
2846 2044 3107 2101 vestram,
3132 2052 3363 2106 eamque
3393 2036 3460 2091 ad
3480 2052 3569 2091 re-

1983 2144 2106 2183 rum
2140 2126 2545 2183 mundanarum
2572 2126 2910 2181 desiderium
2941 2127 3159 2182 allicere
3191 2136 3355 2196 atque
3377 2125 3565 2182 detra-

1984 2219 2152 2284 here;
2177 2217 2276 2274 sed
2299 2218 2469 2272 etiam
2498 2218 2736 2288 spoliare
2759 2218 2933 2288 gratia
2958 2216 3145 2272 divina
3170 2231 3234 2272 ac
3260 2216 3564 2297 denudare,

1982 2314 2096 2369 imo
2123 2321 2181 2368 et
2206 2327 2307 2367 vos
2336 2313 2488 2382 ipsos
2510 2311 2828 2382 diSpergere
2853 2311 3079 2366 omnino
3101 2327 3167 2366 ac
3186 2311 3454 2380 dissipare
3476 2326 3570 2365 co-

1981 2414 2145 2459 natus
2165 2403 2239 2459 sit
2265 2411 2681 2458 :verumtamen
2709 2401 2974 2456 confusus
3002 2401 3208 2471 ubique
3232 2410 3288 2456 et
3314 2402 3570 2472 repulsus

1980 2503 2100 2563 est;
2131 2496 2273 2551 nihil
2300 2494 2451 2551 aliud
2482 2493 2759 2549 commodi
2792 2509 2859 2548 ex
2899 2502 3054 2548 tanto
3089 2505 3290 2548 conatu
3315 2504 3372 2549 et
3414 2494 3568 2549 rabie

1981 2596 2203 2654 nactus,
2231 2600 2401 2655 quam
2435 2586 2587 2655 quod
2617 2594 2772 2640 tanto
2825 2584 3201 2654 perniciosior
3251 2586 3572 2656 apparuerit

1981 2686 2189 2749 quanto
2216 2677 2474 2733 adhibuit
2503 2678 2632 2747 plus
2653 2686 2908 2732 conatus.
2944 2676 3103 2731 Nunc
3134 2676 3319 2746 igitur,
3350 2677 3569 2730 tametsi

1979 2785 2092 2825 non
2130 2785 2325 2840 magna
2361 2785 2465 2825 nec
2508 2769 2637 2827 latis
2705 2769 3125 2838 circumscripta
3173 2769 3421 2836 terminis
3464 2768 3569 2839 ipsi

1977 2857 2211 2915 facultas
2233 2859 2622 2916 nocendidata
2642 2859 2735 2926 sit,
2766 2860 2952 2930 aliqua
2979 2871 3165 2914 tamen
3193 2874 3453 2914 concessa
3485 2868 3571 2914 est

1977 2959 2171 3007 contra
2204 2967 2341 3018 nos;
2379 2966 2486 3006 nec
2517 2960 2728 3007 tantum
2759 2962 2953 3006 contra
2985 2952 3218 3017 tirones,
3270 2954 3367 3007 sed
3402 2950 3569 3007 etiam

1977 3052 2169 3099 contra
2200 3044 2325 3099 illos
2360 3043 2458 3114 qui
2496 3040 2553 3098 in
2585 3043 2678 3098 via
2723 3043 2990 3098 virtutum
3041 3044 3287 3113 provecti
3330 3053 3491 3111 sunt;
3538 3059 3570 3099 a

1977 3136 2187 3206 quibus
2217 3152 2418 3206 nempe
2441 3145 2499 3194 et
2527 3138 2747 3208 gravior
2791 3137 2950 3208 plaga
2983 3137 3174 3193 invido
3227 3137 3373 3192 hosti
3423 3136 3575 3200 inﬂi:

1976 3228 2144 3299 gitur,
2181 3236 2238 3283 et
2280 3240 2475 3285 contra
2516 3245 2660 3300 quos
2710 3229 2830 3300 ipse
2860 3230 3106 3286 vicissim
3160 3230 3368 3285 invidia
3415 3228 3585 3285 ardet.

1901 3322 1946 3385 C
1978 3321 2353 3377 manifestiore
2382 3338 2397 3376 :
2426 3322 2525 3378 sed
2556 3333 2636 3390 tu,
2670 3323 2922 3390 Domine,
2962 3333 3345 3396 propugnator
3380 3339 3558 3391 meus,

1980 3420 2107 3467 tuos
2128 3426 2243 3468 non
2277 3412 2570 3468 destitues.

2052 3505 2172 3560 158.
2214 3504 2425 3560 Deinde
2457 3514 2516 3560 et
2545 3520 2668 3576 quae
2686 3505 2902 3561 viderat
2931 3505 3221 3575 discipulis
3247 3507 3525 3563 enarravit
3550 3525 3585 3587 ε⁸

1980 3593 2185 3650 vidisse
2212 3609 2412 3663 nempe
2441 3597 2651 3651 electos
2690 3596 2790 3651 Dei
2813 3597 3057 3668 angelos,
3091 3596 3160 3653 ad
3195 3606 3384 3667 portas
3417 3599 3566 3662 creti,

1978 3686 2152 3743 Deum
2183 3683 2345 3742 suum
2390 3686 2739 3753 adoraturos,
2776 3688 3037 3746 advolare
3068 3706 3082 3740 :
3121 3689 3324 3745 vidisse
3356 3698 3412 3745 et
3450 3690 3568 3746 dia-

1978 3778 2167 3833 bolum
2210 3766 2386 3843 stare,
2454 3779 2710 3836 indutum
2758 3779 3097 3851 Ethiopem,
3154 3782 3563 3840 tenebricosum

1978 3879 2177 3937 totum,
2210 3871 2352 3927 facie
2377 3871 2702 3938 deformem,
2748 3874 3054 3930 calumnias
3078 3875 3403 3944 spirantem,
3441 3891 3567 3931 san-

1977 3958 2144 4028 guine
2181 3960 2339 4031 juxta
2366 3967 2424 4016 et
2462 3960 2594 4030 igne
2640 3961 2821 4017 oculis
2858 3961 3152 4028 suffusum,
3201 3961 3341 4016 nulli
3387 3962 3573 4017 fulcro.

1978 4047 2214 4117 pedibus
2247 4047 2522 4115 innixum,
2546 4049 2645 4105 sed
2675 4049 2862 4104 medio
2888 4050 3058 4105 veluti
3092 4066 3221 4105 aere
3251 4051 3564 4106 consisten-

1981 4147 2111 4203 tem,
2171 4139 2499 4195 horribilem
2542 4139 2898 4211 ferarumque
2947 4143 3004 4195 in
3049 4140 3272 4196 modum
3316 4141 3561 4208 fremen-

1979 4238 2125 4295 tem;
2155 4228 2253 4299 qui
2302 4245 2573 4285 converso
2619 4238 2813 4285 contra
2856 4246 2968 4293 me.
3005 4231 3311 4301 inquiebat,
3360 4233 3560 4302 capite,

1977 4335 2305 4390 responsum
2348 4320 2573 4391 aliquod
2606 4321 3067 4391 praestolabatur;
3098 4337 3289 4376 vocem
3319 4331 3501 4376 autem
3530 4339 3561 4376 a

1975 4413 2211 4469 Domino
2236 4413 2501 4483 allapsam
2541 4416 2686 4480 esse,
2716 4413 2997 4470 dicentem
3027 4433 3040 4469 :
3074 4414 3308 4469 Percute
3358 4429 3561 4483 pueros

1976 4514 2032 4561 et
2060 4504 2417 4561 formosiores
2454 4521 2735 4576 quosque;
2784 4506 2936 4561 illum
2993 4521 3124 4563 vero
3169 4506 3413 4577 petiisse,
3452 4504 3559 4560 sibi

1978 4601 2042 4651 ut
2070 4593 2265 4650 liceret
2297 4610 2328 4650 a
2362 4609 2474 4660 me,
2506 4596 2973 4671 quemadmodum
3001 4597 3133 4653 olim
3161 4613 3196 4652 a
3222 4607 3411 4651 saneto
3431 4596 3556 4655 Joh,

295 4660 694 4746 αίτοῦνταίκαὶ
718 4682 778 4735 τὸ
797 4660 1078 4751 ἐνδόσιμον
1109 4678 1198 4738 οἷα
1234 4660 1601 4755 λαμϐάνοντα.
1634 4685 1820 4741 Ταῦτα
1845 4688 1874 4739 ὁ

1979 4686 2269 4747 exordium
2299 4703 2555 4755 sumere;
2584 4688 2861 4763 simulque
2897 4684 3223 4757 vestimenta
3255 4675 3558 4759 apprehen-

297 4768 395 4837 μὲν
423 4771 537 4831 τοῖς
565 4770 810 4837 ἀδελςςοίς
843 4770 1121 4841 ἐξηγεῖτο*
1156 4775 1186 4828 ὁ
1224 4774 1419 4846 ἐχθρὸς
1450 4774 1507 4828 δὲ
1545 4775 1647 4828 οὐκ
1678 4775 1873 4846 ἡμέλει

294 4860 512 4926 κακίας,
546 4862 660 4916 ἀλλ’
692 4863 871 4916 ἔπεισι
914 4866 1034 4919 κατ’
1068 4864 1241 4919 αὑτοῦ.
1277 4868 1500 4937 μεγάλῳ
1540 4856 1873 4940 βρυχήματι,

294 4953 389 5005 καὶ
434 4953 534 5018 τὴν
577 4944 908 5025 δερματίνην
959 4958 1043 5027 ὼς,
1079 4953 1191 5028 εἶχε
1228 4958 1483 5031 μηλῳτὴν
1520 4960 1752 5038 ρποδύς,
1788 4962 1885 5016 ἴνατ

295 5046 389 5108 καὶ
416 5045 791 5118 σφοδρότερον,
812 5050 887 5111 ὡς
902 5048 1067 5119 ᾤετο,
1097 5051 1427 5125 περι-τρέψῃ,
1442 5052 1640 5124 πάσχει
1675 5053 1881 5123 μᾶλλον

294 5137 323 5189 ὃ
345 5136 478 5208 δρᾷν
523 5141 553 5191 ὁ
590 5140 817 5208 μάταιος
846 5141 1066 5212 ἤλπισε,
1092 5143 1184 5197 καὶ
1214 5142 1448 5212 χαλεπὸν
1474 5145 1637 5209 αὐτὸς
1667 5146 1875 5216 πτῶμα

296 5229 662 5300 κατενεχθεὶς,
702 5231 875 5303 ᾤχετο
899 5233 1170 5298 διαλυθεὶς
1214 5235 1305 5290 ῐσα
1351 5237 1564 5305 καπνῷ.
1608 5237 1868 5307 πώγωνος

296 5319 457 5390 ψαύει
494 5321 652 5392 μόνον
671 5325 773 5386 τὰς
805 5326 997 5395 τρίχας
1027 5326 1314 5397 περιελὼν,
1344 5328 1440 5383 καὶ
1459 5330 1663 5399 γυμνὸν
1693 5332 1869 5386 ἐκεῖνο

296 5412 354 5465 τὸ
387 5414 550 5484 μέρος
582 5415 716 5470 ὅπου
749 5415 952 5488 δηλαδὴ
977 5418 1239 5488 ψαύσειεν
1281 5421 1653 5487 ἀπολελοιπώς
1676 5442 1691 5456 ·
1737 5426 1875 5481 ἀλλὰ

298 5507 388 5559 καὶ
414 5505 572 5560 τοῦτο
617 5509 823 5579 κόσμος
868 5510 1044 5565 ἐδόκει
1077 5511 1154 5583 τῷ
1199 5513 1444 5584 Συμεὼν,
1471 5511 1643 5586 ἧτταν
1671 5520 1871 5590 ἀγεννῆ

296 5594 387 5652 τοῦ
417 5597 715 5654 ἀντιπάλου
749 5600 970 5672 μηνῦον.

609 5864 884 5929 ΡΑτιιοι..
933 5873 1047 5933 Gn.
1096 5873 1408 5939 LXXXV].

1970 4775 2140 4832 disse.
2171 4778 2364 4834 Isthmc
2392 4787 2619 4847 sanctus
2649 4780 2875 4853 quidem
2922 4783 3184 4838 narrabat
3233 4780 3502 4835 fratribus
3537 4800 3550 4834 :

1973 4869 2147 4925 hostis
2178 4886 2312 4927 vero
2355 4872 2565 4941 nullam
2596 4874 2980 4947 malefacicndi
3021 4873 3367 4933 occasionem
3413 4890 3553 4944 prte-

1974 4964 2397 5029 termitteudam
2426 4976 2602 5035 ratus,
2638 4950 2996 5040 magnocum
3029 4967 3256 5022 fremitu
3301 4967 3358 5024 in
3397 4968 3555 5022 illum

1976 5053 2159 5120 irruit,
2187 5057 2623 5129 pelliceamque,
2646 5068 2709 5115 ut
2747 5068 2985 5135 ppterat,
3018 5059 3277 5115 melotem
3318 5059 3549 5116 subiens

1976 5162 2087 5217 quo
2103 5148 2509 5217 vehementius,
2534 5153 2610 5208 uti
2631 5152 2882 5222 putabat,
2903 5154 3085 5223 ipsum
3106 5162 3408 5217 everteret;
3438 5166 3556 5223 pas-

1977 5254 2072 5293 sus
2104 5241 2291 5308 potius
2334 5242 2389 5298 id
2415 5244 2595 5313 ipsum
2622 5245 2790 5299 miser
2813 5252 2918 5309 est,
2955 5244 3103 5313 quod
3134 5244 3339 5299 inferre
3369 5260 3554 5315 spera-

1976 5331 2104 5395 bat;
2136 5332 2494 5405 deiectusque
2522 5335 2675 5406 gravi
2706 5352 2839 5395 casu
2886 5335 3044 5401 abiit,
3069 5336 3224 5405 quasi
3256 5336 3312 5391 in
3338 5336 3553 5393 fumum

1976 5421 2294 5478 resolutus:
2331 5424 2650 5494 evulsisque
2682 5433 2891 5481 tantum
2922 5426 3209 5497 prehensas
3237 5426 3422 5482 barbae
3449 5428 3555 5482 cri-

1970 5509 2159 5578 nibus,
2180 5513 2491 5568 membrum
2523 5515 2658 5569 illud
2687 5516 2835 5585 quod
2881 5516 3131 5586 tetigerat
3167 5515 3378 5570 nudum
3426 5516 3553 5570 reli—

1970 5602 2115 5670 quit.
2143 5602 2249 5658 Sed
2285 5615 2343 5660 et
2390 5605 2498 5661 hoc
2525 5622 2743 5663 summo
2779 5608 2885 5663 sibi
2932 5614 3260 5669 ornamento
3298 5603 3552 5660 vertebat

1972 5690 2230 5763 Symeon.
2308 5703 2497 5765 utpote
2553 5697 2893 5767 patefaciens
2940 5698 3149 5753 mundo
3228 5700 3550 5753 indecorum

1971 5782 2279 5842 adversarii
2319 5788 2655 5847 conflictum.

3061 5886 3135 5949 98
