3980 6296
1766 246 1867 260 σ--ς-

480 388 643 457 ’3ἰ13

1728 396 1786 455 S.
1828 389 2205 455 SYMEONIS
2243 391 2600 457 IUNIORIS

3652 400 3789 466 3115

574 505 698 560 4'59.
760 504 881 559 Mox
944 504 1241 574 praeclarus
1267 502 1599 575 agonotheta
1631 503 1894 561 Christus
1921 521 2074 576 gene

2263 507 2398 576 ρλϐ’.
2441 507 2614 570 Εὐθὺς
2641 506 2819 560 δὲκαὶ
2868 508 2894 559 ὁ
2945 509 3105 573 καλὸς
3144 510 3501 578 ἀγωνοθέτης
3553 511 3790 582 Χριστὸς

506 613 632 654 roso
674 597 847 669 pugili
906 612 1008 653 suo
1057 596 1345 667 praemium
1408 595 1672 651 retribuit
1727 614 1742 650 :
1810 613 2083 668 apparens

502 690 650 746 enim
679 689 858 760 tetigit
889 689 1030 743 clam
1081 687 1279 743 faciem
1334 689 1475 758 ejus,
1514 697 1571 742 et
1601 689 1868 743 continuo
1932 691 2080 743 enati

501 779 848 843 cuntcriues,
867 788 923 833 et
943 787 1168 833 ornatus
1190 777 1455 847 pristinus
1484 778 1668 832 barba!
1701 778 1886 833 rediit.
1908 778 2083 849 Igitur

503 883 696 943 aperto
757 882 931 926 marte
981 870 1205 941 aggredi
1266 869 1595 940 Symeonem
1659 886 1811 926 nunc
1858 887 2082 941 quoque

503 963 714 1018 dilllsus
748 962 1000 1023 Satanas,
1038 962 1243 1031 quippe
1269 962 1338 1015 ab
1371 962 1463 1015 illo
1489 961 1739 1033 dejectus
1794 962 2085 1017 manifeste

502 1072 567 1112 ac
599 1044 911 1125 superatus,
941 1055 1206 1124 deinceps
1236 1053 1305 1108 ad
1354 1062 1503 1109 artes
1534 1070 1593 1110 se
1625 1071 1753 1110 suas
1805 1064 1862 1110 et
1925 1055 2081 1125 igna-

502 1163 633 1201 vum
658 1161 851 1217 pugna:
876 1160 1049 1214 genus
1083 1143 1407 1209 convertit;
1447 1144 1610 1197 modo
1643 1143 1841 1199 lratres
1885 1144 2085 1199 adver-

502 1254 598 1293 sus
635 1246 883 1293 sanctum
918 1236 1232 1307 iustigando
1259 1253 1273 1302 ;
1310 1236 1473 1290 modo
1506 1236 1691 1298 fidem,
1716 1252 1880 1305 quam
1908 1252 2083 1306 popu-

503 1333 590 1385 lus
619 1330 671 1384 in
701 1331 819 1400 ipso
855 1330 1151 1399 repositam
1199 1328 1437 1384 habebat
1464 1327 1884 1393 labefactanda;
1944 1327 2083 1384 alias

501 1416 789 1494 prafectos
838 1422 1350 1493 circunnjaceutium
1404 1420 1652 1486 urbium,
1694 1420 1765 1474 ob
1793 1422 1884 1491 jus
1932 1419 2079 1489 quod

503 1513 607 1569 sibi
638 1514 692 1569 in
722 1523 961 1568 montem
1002 1514 1240 1584 quisque
1265 1511 1640 1575 vindicabant,
1668 1519 1860 1566 contra
1893 1513 2071 1565 virum

502 1607 600 1661 Dei
630 1606 979 1661 concitando;
1021 1606 1168 1672 Quas
1214 1613 1399 1659 autem
1455 1604 1546 1658 ille
1605 1602 1912 1664 machinas,
1944 1617 2081 1672 quas

504 1706 652 1752 artes
716 1712 826 1750 non
898 1695 1128 1749 adduxit
1183 1704 1376 1749 contra
1435 1693 1687 1748 inﬁrmos
1747 1692 2075 1746 bellatores!

502 1789 746 1859 quicum
784 1787 1101 1843 adversario
1136 1802 1333 1841 manus
1384 1801 1493 1839 non
1551 1785 1823 1839 audentes
1879 1798 2073 1837 conse-

2188 599 2249 650 τὸ
2283 597 2532 668 βραϐεῖον
2587 598 2782 663 ἐδίδου,
2816 601 2912 652 καὶ
2955 600 3032 671 τῷ
3061 603 3292 669 γενναίῳ
3322 604 3654 670 ἐπιφανεὶς,
3689 604 3790 659 ἄπο

2188 700 2339 736 τεται
2364 684 2456 736 τοῦ
2482 684 2773 754 προσώπου
2804 689 3072 757 κρυφίως,
3110 690 3202 743 καὶ
3252 692 3622 762 παραχρῆμα
3648 694 3715 747 αἶ
3735 712 3788 748 τι

2187 775 2371 846 τρίχες
2420 777 2665 843 ἐφύοντο,
2694 780 2787 831 καὶ
2834 780 2862 830 ὁ
2902 779 3104 847 πώγων
3156 779 3308 846 αὐτῷ
3366 783 3542 835 πάλιν
3583 784 3662 845 ὡς
3698 786 3788 836 καὶ

2190 865 2384 934 πρώην
2407 866 2605 935 ἐκόμα.
2639 868 2748 937 Τῆς
2780 869 2915 937 πρὸς
2954 869 3115 921 αὑτὸν
3143 869 3325 924 τοίνυν
3356 872 3422 922 ἐκ
3478 870 3582 923 τοῦ
3623 888 3791 939 φανε-

2189 957 2286 1027 ροῦ
2322 959 2418 1012 καὶ
2469 959 2564 1012 νῦν
2606 961 2925 1032 συμπλοκῆς
2952 963 2982 1014 ὁ
3049 963 3287 1033 πονηρὸς
3346 962 3661 1030 ἀπογνοὺς,
3695 962 3789 1016 ἅτε

2187 1049 2460 1122 λαμπρῶς
2496 1052 2625 1120 παρ’
2657 1052 2822 1105 αὑτοῦ
2872 1053 3347 1123 καταϐεϐλημένος
3395 1055 3495 1107 καὶ
3535 1057 3788 1123 ἡττημέ-

2188 1155 2299 1205 νος,
2331 1143 2425 1194 ἐπὶ
2457 1142 2558 1211 τὴν
2587 1144 2785 1212 τέχνην
2816 1144 2942 1213 ἑξῆς
2968 1145 3060 1197 καὶ
3082 1145 3182 1213 τὴν
3216 1143 3617 1213 ἀνελευθερίαν
3644 1142 3790 1212 €16;-

2190 1245 2272 1297 ρει
2305 1246 2320 1261 ο
2354 1231 2449 1283 καὶ
2494 1231 2589 1283 νῦν
2635 1233 2735 1302 μὲν
2765 1232 2915 1301 αὐτῷ
2944 1233 3072 1294 τοὺς
3102 1231 3365 1299 ἀδελφοὺς
3389 1233 3788 1302 ἐκταράττειν,

2185 1320 2280 1372 νῦν
2295 1320 2351 1373 δὲ
2370 1324 2482 1385 τοῖς
2504 1322 2682 1393 ὄχλοις
2699 1323 2798 1394 τὴν
2820 1327 2898 1387 εἰς
2921 1324 3087 1377 αὐτὸν
3118 1324 3303 1377 πίστιν
3328 1324 3787 1395 διαψυχραίνειν,

2186 1412 2281 1466 νῦν
2331 1414 2388 1466 δὲ
2435 1416 2561 1477 τοὺς
2610 1417 2962 1487 προεστῶτας
3017 1416 3129 1471 τῶν
3183 1415 3373 1486 κύκλῳ
3408 1417 3652 1478 πόλεων,
3685 1418 3787 1485 τῆς

2184 1503 2281 1556 τοῦ
2311 1504 2474 1575 ὅρους
2502 1507 2692 1560 ἕνεκεν
2714 1508 2882 1562 αὐτοῦ
2918 1513 3090 1582 νομῆς
3117 1513 3451 1583 ἐπεγείρειν.
3498 1513 3642 1566 Τίνα
3678 1530 3787 1583 μη-

2184 1597 2409 1667 χανὴνῆ
2453 1599 2687 1669 σπουδὴν
2709 1602 2809 1653 οὐκ
2831 1603 3020 1673 εἰσῆγε
3046 1605 3186 1658 κατὰ
3217 1606 3345 1667 τοὺς
3382 1605 3639 1669 ἀσθενεῖς
3671 1606 3787 1657 τῶν

2184 1689 2555 1758 πολεμίωνῐοῖ
2617 1693 2695 1761 τῷ
2760 1695 3038 1766 ἀντιπάλῳ
3093 1701 3282 1768 χεῖρας
3345 1698 3408 1750 οὗ
3455 1697 3784 1766 τολμῶντες

2183 1782 2431 1849 ἐπάγειν,
2480 1786 2864 1855 παράπτεσθαί
2888 1806 2940 1842 τι
2976 1789 3168 1844 τούτου
3206 1790 3296 1844 διὰ
3330 1791 3438 1842 τῶν
3470 1790 3631 1850 ἐκτὸς
3684 1791 3784 1841 άν-

506 1894 649 1946 rere,
685 1879 954 1950 ignaviter
988 1879 1368 1939 tentabantur,
1401 1884 1464 1931 ut
1503 1876 1750 1931 externis
1789 1890 1848 1929 se
1910 1874 2074 1928 rebus

2181 1871 2481 1943 ελευθέρως
2512 1875 2824 1947 πειρῶνται.
2872 1878 3033 1932 Ἀλλά
3063 1881 3285 1951 μείζονα
3304 1880 3407 1933 κάν
3428 1879 3648 1941 τούτοις
3678 1879 3781 1947 τὴν

503 1970 805 2026 demulccri
872 1969 1193 2039 moverique
1244 1973 1588 2038 paterentur.
1648 1964 1757 2019 Sed
1811 1965 2074 2035 majorem

2185 1964 2444 2035 αἰσχύνην
2477 1966 2655 2036 ἑαυτῷ
2679 1966 2956 2035 προεξὲνει
2983 1985 2998 2000 ο
3029 1971 3123 2023 καὶ
3150 1970 3256 2022 πᾶν
3292 1969 3493 2038 μᾶλλον
3532 1963 3607 2039 ἦν
3639 1964 3783 2040 ὀρᾷν

498 2061 610 2118 sibi
641 2063 769 2116 inde
800 2061 1179 2117 confusionem
1207 2057 1580 2127 comparavit;
1618 2059 1929 2125 cunctaque
1960 2063 2074 2109 erat

2183 2057 2515 2121 τούναντίον,
2543 2053 2606 2113 οὗ
2634 2059 2767 2130 δρᾷν
2817 2061 3028 2123 ἐκεῖνος
3071 2060 3338 2113 ἐϐούλετο.
3386 2060 3426 2112 Τ
3430 2060 3523 2124 ούς
3554 2078 3618 2113 τε
3669 2063 3783 2131 γάρ

503 2166 735 2207 cernere
762 2151 926 2205 aliter
955 2150 1215 2205 evenisse
1248 2162 1412 2216 quam
1461 2153 1921 2217 prteconceperat.
1971 2143 2074 2199 Hos

2187 2147 2455 2218 μαθητὰς,
2515 2151 2657 2217 μετὰ
2696 2150 2790 2203 τὸν
2842 2150 3048 2222 βραχὺν
3105 2153 3312 2206 ἐκεῖνον
3343 2152 3522 2214 σάλον,
3556 2154 3780 2222 γαλήνη

503 2245 655 2315 ipsos
692 2258 930 2313 namque
960 2242 1288 2306 discipulos,
1317 2250 1439 2310 post
1470 2240 1698 2294 brevem
1746 2238 1893 2291 illam
1942 2244 2074 2291 tem-

2181 2239 2422 2313 ’σταυερὰ
2472 2240 2741 2307 διεδέξατο
2771 2243 2863 2296 καὶ
2891 2244 2988 2313 τῆς
3050 2247 3322 2315 προτέρας
3353 2243 3775 2316 ἀκριϐεστέρα.

502 2345 795 2406 pestatem,
844 2351 1039 2391 secura
1109 2343 1487 2403 constansque
1553 2329 1783 2384 malacia
1842 2329 2074 2401 excepit,

2183 2333 2237 2384 οἵ
2258 2349 2315 2385 τε
2344 2333 2479 2403 πρὸς
2501 2333 2591 2389 τὸν
2617 2332 2774 2402 ἅγιον
2798 2334 3486 2406 ὑπσξιυχρανοέντεςοῦῖως
3505 2337 3591 2398 είς
3609 2337 3778 2389 αὐτὸν

501 2443 677 2498 caque
711 2427 885 2498 priori
912 2427 1072 2497 longe
1104 2422 1494 2479 auteferenda:
1533 2420 1741 2490 quique
1782 2433 1909 2490 erga
1953 2433 2074 2472 san-

2184 2424 2391 2495 θέρμης
2423 2425 2601 2496 ἔσχον,
2652 2426 2730 2490 ὡς
2758 2429 2884 2490 τοὺς
2915 2428 3013 2497 μὲν
3042 2429 3221 2482 αὐτῶν
3251 2429 3564 2497 αἱρετικοὺς
3586 2431 3772 2496 ὄντας,
3866 2438 3871 2442 ‘

502 2533 653 2576 ctum
677 2527 837 2576 erant
891 2518 1223 2589 frigidiores,
1285 2514 1425 2569 adeo
1476 2511 1730 2567 succensi
1786 2519 1917 2565 sunt
1960 2511 2074 2580 ejus

2185 2518 2372 2587 μακρὰ
2428 2521 2493 2588 τῇ
2552 2517 2761 2591 παλαιᾷ
2803 2520 2953 2589 σφῶν
2998 2522 3185 2592 ἀπάτῃ
3217 2521 3427 2592 χαίρειν
3484 2522 3772 2587 εἰπόντας,

502 2626 713 2677 amore,
739 2621 799 2666 ut
828 2610 1051 2681 quidam
1084 2624 1150 2662 cx
1182 2607 1318 2677 ipsis
1336 2604 1639 2666 hwretieis.
1663 2601 1907 2672 antiquis
1959 2601 2077 2656 suis

498 2704 786 2759 erroribus
802 2701 1394 2762 valedixeriutmostra:
1414 2695 1737 2751 orthodoxze
1756 2693 1880 2748 fidei
1898 2702 2079 2763 partes

500 2795 793 2865 amplexati
828 2794 972 2857 sint;
1009 2790 1168 2844 multi
1191 2803 1324 2843 vero
1355 2786 1683 2848 infidelium,
1711 2784 1934 2840 Grtecos
1948 2794 2079 2853 puta

498 2892 555 2943 et
572 2887 861 2947 Barbaros,
889 2894 944 2938 et
971 2881 1180 2936 similes
1199 2880 1487 2935 crassioris
1502 2878 1708 2933 erroris
1731 2877 2003 2941 homines,
2023 2878 2078 2932 in

498 2980 687 3052 gratiae
719 2979 929 3040 lumen,
963 2989 1073 3045 quo
1093 2972 1329 3045 Symeon
1360 2968 1767 3040 resplendebat,
1788 2967 2077 3023 reflecten-

497 3082 582 3127 tes
604 3069 816 3132 oculos,
851 3066 919 3121 ad
959 3066 1249 3121 veritatem
1282 3062 1536 3117 conversi
1569 3060 1682 3113 sint
1710 3076 1724 3112 :
1757 3058 1825 3113 iis
1869 3068 2075 3123 autem,

496 3162 593 3234 qui
626 3168 869 3216 montem
900 3156 1181 3220 accolunt,
1214 3153 1494 3225 pacatiora
1525 3150 1754 3205 fuerunt
1804 3159 1929 3221 post
1959 3151 2075 3206 ha°c

480 3253 861 3318 ‘-la:titioraque
896 3248 1081 3304 omnia
1121 3263 1286 3319 quam
1322 3253 1472 3300 ante.

567 3345 692 3400 MO.
729 3344 1004 3400 Caeterum
1061 3348 1255 3396 contra
1308 3350 1513 3410 pueros
1572 3346 1628 3392 et
1659 3335 1806 3391 circa
1856 3335 2076 3391 virtutis

494 3437 823 3494 exercitium
876 3433 1222 3489 remissiores
1277 3429 1514 3486 invaluit
1558 3430 1813 3494 tentatio,
1858 3426 2075 3483 Etenim

476 3529 750 3585 diabolus
801 3527 905 3584 sub
964 3526 1198 3597 primam
1252 3522 1433 3579 noctis
1485 3522 1758 3594 quietem.
1820 3520 2078 3590 expansis

493 3637 690 3677 versus
711 3618 1158 3690 Septentrionem
1208 3617 1311 3672 alis
1355 3616 1570 3680 volans,
1607 3614 2075 3687 quemadmodum

494 3713 680 3785 aquila
735 3727 992 3783 magnum
1047 3710 1332 3781 complexa
1384 3708 1627 3779 spatium
1676 3715 1735 3763 et
1794 3706 2076 3779 unguibus

495 3805 944 3870 instructissima,
981 3817 1178 3858 versus
1206 3800 1545 3857 Orientalem
1589 3797 1906 3854 Antiochia!
1943 3813 2075 3868 por-

497 3903 607 3948 tam
637 3891 947 3957 descendit,
989 3891 1238 3946 excitans
1267 3887 1591 3959 tragrediam
1624 3903 1734 3941 non
1765 3886 2072 3941 absimilem

496 3982 575 4040 illi
602 3999 725 4055 qua:
747 3981 1026 4053 quondam
1049 3982 1105 4035 in
1138 3978 1378 4051 Egypto
1427 3985 1621 4033 contra
1674 3975 2076 4047 primogenitos

484 4075 714 4139 saeviit,
756 4073 1200 4142 referentemque
1238 4070 1449 4124 luctum
1497 4083 1609 4138 quo
1657 4066 1860 4122 Rachel
1907 4081 2077 4136 super

491 4168 637 4224 ﬁlios
668 4166 723 4220 in
744 4165 1034 4222 Palaestina
1067 4165 1299 4234 planxit.
1316 4162 1509 4232 Neque
1528 4161 1621 4215 hic
1655 4159 1843 4216 stetit:
1879 4175 2071 4215 verum

476 4260 762 4331 plurimos
785 4273 1007 4330 quoque
1034 4255 1258 4312 virtutis
1282 4255 1563 4310 studiosos
1590 4251 1893 4318 interemit,
1933 4250 2073 4305 adeo

494 4360 556 4407 ut
586 4352 801 4406 cunctis
840 4349 894 4404 in
922 4350 1122 4419 plateis
1144 4348 1404 4418 ejulatus,
1432 4356 1486 4402 et
1512 4345 1569 4400 in
1631 4344 1891 4414 compitis
1949 4343 2064 4397 vaal

489 4444 603 4501 vae!
638 4450 997 4515 personaret;
1022 4450 1079 4495 et
1112 4439 1353 4511 agricola
1382 4449 1677 4493 vocaretur
1701 4437 1767 4492 ad
1790 4436 2067 4506 planctum

2180 2609 2279 2677 τῆς
2318 2607 2602 2683 ὀρθοδόξου
2637 2611 2834 2680 μοίρας
2858 2611 3114 2680 γενέσθαι
3148 2614 3241 2664 καὶ
3279 2613 3560 2683 ἡμετέρας
3596 2630 3612 2644 ·
3643 2616 3773 2666 σιτολ-

2181 2699 2305 2764 λοὺς
2328 2700 2384 2754 δὲ
2409 2701 2632 2755 καὶτῶν
2658 2702 2933 2771 ἀπίστων,
2963 2704 3230 2774 Ἐλλήνων
3259 2704 3459 2775 δηλαδὴ
3490 2707 3590 2759 καὶ
3621 2707 3768 2778 Βαρ-

2180 2791 2365 2863 6άρων
2388 2793 2480 2845 καὶ
2502 2793 2601 2860 τῆς
2620 2793 2878 2864 τοιαύτης
2901 2796 3233 2866 παχύτητος,
3270 2796 3404 2866 πρὸς
3429 2796 3492 2848 τὸ
3520 2797 3641 2865 φῶς
3671 2798 3766 2864 τῆς

2179 2884 2238 2938 ἐν
2259 2884 2336 2956 τῷ
2356 2885 2580 2955 Συμεὼν
2600 2888 2820 2959 χάριτος
2837 2889 3189 2959 διαϐλέψαντσ
3198 2906 3246 2954 ς,
3272 2888 3614 2961 ὁδηγηθῆναι
3632 2892 3766 2962 πρὸς

2178 2977 2277 3048 τὴν
2302 2978 2559 3044 ἀλήθειαν
2589 2995 2602 3009 °
2625 2984 2735 3045 τοῖς
2771 2998 2832 3035 τε
2859 2982 2987 3051 περὶ
3014 2982 3110 3036 τοῦ
3142 2982 3301 3052 ὄρους
3338 2982 3491 3053 αὐτῷ
3553 2982 3765 3054 βραχέα

2179 3054 2533 3139 διεθεχθεῐσι,
2569 3072 2698 3141 φίλα
2755 3076 2894 3142 μετὰ
2941 3075 3115 3129 ταῦτα
3172 3074 3372 3145 μᾶλλον
3403 3075 3439 3145 ἢ
3495 3077 3763 3147 πρότερον

2180 3164 2275 3218 καὶ
2314 3166 2563 3236 εἰρηναῖα
2587 3166 2860 3235 γενέσθαι.

2254 3349 2365 3413 ρμθ.
2401 3344 2602 3400 Λοιπὸν
2634 3345 2664 3399 ὁ
2694 3346 2835 3401 κατὰ
2865 3344 2973 3399 τῶν
3008 3345 3238 3400 παιδίων
3266 3346 3361 3399 καὶ
3394 3344 3508 3398 τῶν
3559 3346 3762 3418 ἀρετὴν

2182 3436 2476 3505 μετιόντων
2517 3439 2827 3509 πειρασμὸς
2880 3439 3207 3508 ἐνειστήκει.
3245 3438 3353 3491 Καὶ
3379 3440 3514 3507 περὶ
3544 3440 3762 3509 πρῶτον

2178 3527 2372 3592 νυκτὸς
2402 3527 2571 3582 ὕπνον
2598 3529 2844 3594 ἐκτείνας
2868 3531 3149 3602 πτέρυγας
3173 3531 3341 3585 αὐτοῦ
3360 3530 3500 3604 πρὸς
3519 3533 3592 3587 τά
3622 3536 3762 3589 κατὰ

2179 3616 2434 3691 βορῤᾶνό
2477 3619 2740 3685 διάϐολος,
2772 3622 2977 3695 κατέϐη
3038 3623 3290 3695 καθάπερ
3335 3641 3421 3688 τις
3452 3626 3617 3691 ἀετὸς
3661 3645 3759 3698 μα.

2180 3708 2310 3779 κρὸς
2335 3710 2405 3781 τῇ
2433 3710 2656 3764 ἐκτάσει
2681 3713 2774 3764 καὶ
2805 3712 2975 3774 πολὺς
3005 3714 3118 3775 τοῖς
3145 3711 3325 3776 ὄνυξιν
3360 3714 3458 3766 ἐπὶ
3489 3712 3593 3782 τὴν
3625 3713 3759 3783 πρὸς

2177 3803 2329 3874 ἥλιον
2362 3804 2651 3876 ἀνίσχοντα
2705 3800 2880 3872 πύλην
2905 3803 3006 3872 τῆς
3042 3803 3344 3875 Ἀντιόχου,
3381 3808 3651 3875 συγγενές
3704 3823 3754 3859 τι

2177 3894 2285 3948 τῶν
2317 3895 2375 3947 ὲν
2402 3894 2664 3964 Αἰγύπτῳ
2692 3894 2820 3946 ποτὲ
2852 3894 3161 3963 γεγονότων
3185 3895 3327 3949 κατὰ
3375 3896 3488 3949 τῶν
3546 3914 3751 3966 πρωτο-

2175 3987 2355 4041 τόκων
2389 3987 2579 4051 ποιῶν,
2611 3988 2708 4040 xal
2739 3987 3161 4058 παραπλησίους
3202 3990 3269 4058 τῇ
3308 3988 3516 4059 Ῥαχὴλ
3556 3992 3616 4043 ἐν
3647 3991 3754 4044 Πα-

2176 4076 2423 4149 λαιστίνῃ
2458 4076 2692 4147 Θρήνους
2738 4076 2832 4127 ἐπὶ
2860 4078 2973 4138 τοῖς
3010 4074 3224 4137 τέκνοις
3249 4075 3489 4145 ἐγείρων
3508 4116 3525 4138 ,
3554 4076 3619 4129 οὐ
3654 4077 3752 4146 μὴν

2175 4170 2314 4225 ἀλλὰ
2341 4168 2566 4223 καὶτῶν
2615 4169 2674 4222 ὲν
2702 4170 2872 4240 ἀρετῇ
2902 4166 3122 4232 ζώντων
3144 4167 3378 4231 πολλοὺς
3408 4169 3751 4233 ἀπολλίις,ὦς

2173 4252 2313 4311 εἶναι
2361 4253 2594 4309 κοπετὸν
2648 4257 2708 4309 ὲν
2762 4255 2962 4319 πάσαις
3008 4255 3315 4319 πλατείαις,
3345 4257 3445 4310 καὶ
3471 4260 3533 4311 ὲν
3562 4260 3751 4321 πάσαις

2172 4346 2310 4411 ὁδοῖς
2347 4346 2493 4412 οὐαὶ,
2522 4346 2679 4401 οὐαίί
2713 4347 2806 4399 καὶ
2836 4345 3121 4400 καλεῖσθαι
3169 4347 3422 4416 γεωργὸν
3450 4350 3535 4412 είς
3565 4349 3750 4411 πένθος

2170 4439 2268 4495 καὶ
2324 4441 2406 4503 είς
2443 4440 2695 4505 κοπετὸν,
2729 4439 2826 4493 καὶ
2855 4442 2937 4503 εἰς
2969 4440 3179 4503 εἰδότας
3208 4440 3464 4513 Θρήνους,
3507 4444 3750 4515 καθάπερ

489 4544 658 4606 atque
713 4532 780 4587 ad
837 4533 1117 4595 lamenta;
1167 4546 1277 4586 non
1308 4544 1472 4584 secus
1506 4542 1571 4583 ac
1602 4527 1649 4583 si
1681 4527 1811 4581 huic
1856 4522 2067 4579 civitati

2181 4535 2237 4603 τῇ
2270 4531 2424 4586 πόλει
2463 4530 2638 4604 ταύτῃ
2689 4531 2842 4603 παρὰ
2887 4531 2984 4586 τοῦ
3010 4531 3160 4586 θείου
3188 4534 3427 4604 Μιχαίου
3468 4535 3748 4609 πόρρωθεν

483 4627 597 4694 jam
626 4623 756 4679 olim
776 4638 807 4677 a
833 4622 1056 4678 Michaea
1074 4620 1209 4677 illud
1234 4621 1555 4678 vaticinium
1586 4618 1794 4673 dictum
1833 4616 2066 4671 fuisset:

488 4716 780 4774 Dccalvare
802 4726 853 4771 ct
891 4715 1183 4770 dctondere
1205 4730 1365 4786 super
1403 4695 1547 4785 filios
1572 4710 1830 4766 delicatos
1855 4718 1972 4764 tuos
1999 4709 2065 4763 ".

454 4809 696 4867 "Civitas
715 4823 847 4880 ergo
873 4806 1020 4862 nuda
1044 4815 1100 4862 et
1130 4806 1461 4863 discalceata
1483 4807 1571 4873 (ut
1597 4818 1794 4859 rursus
1829 4800 2069 4873 prOphe-

487 4899 763 4956 treverbis
796 4898 945 4979 utar)
978 4899 1131 4956 vadit
1169 4900 1238 4955 ad
1283 4908 1536 4954 sanctum
1571 4896 1925 4969 Symeonem.
1974 4908 2067 4948 so.

486 4994 883 5049 lumsecurum
904 4992 1230 5064 sullugium,
1293 4989 1468 5045 solam
1515 5002 1671 5057 spem
1717 4984 1913 5040 fallere
1972 5000 2070 5037 ne-

485 5087 693 5157 sciam;
734 5085 1040 5140 tamentam
1093 5099 1276 5138 caram
1313 5097 1374 5135 eo
1427 5080 1600 5150 magis
1655 5093 1820 5149 quam
1873 5092 2068 5147 sponsa

487 5179 682 5234 amicta
705 5176 877 5233 cilicio
912 5192 1074 5249 super
1101 5177 1277 5230 virum
1306 5169 1630 5244 virginitatis
1669 5185 1783 5227 sua:
1802 5170 1870 5224 ".

558 5364 975 5438 ιιιφτωιωτω
1012 5378 1069 5425 et
1092 5376 1337 5423 sanctam
1383 5363 1680 5431 Martham,
1736 5362 2061 5433 participem

460 5464 777 5522 doloribus
814 5462 953 5528 suis,
990 5470 1279 5533 patronam
1313 5456 1460 5530 apud
1506 5457 1680 5512 lilium
1701 5454 1977 5511 habebat:
2033 5471 2062 5509 a

455 5571 593 5623 ἀπυδ
615 5556 708 5613 ille
749 5556 927 5613 amice
974 5553 1260 5620 inductus,
1304 5560 1359 5609 et
1386 5560 1582 5622 sponte
1631 5564 1729 5605 sua
1777 5562 1844 5602 ex
1894 5546 2064 5601 insito

480 5645 983 5703 commiserationis
1028 5645 1179 5699 fonte
1217 5639 1661 5699 miscricordiam
1710 5638 1766 5691 in
1805 5634 2059 5691 calami-

550 5805 791 5861 “Mich.
846 5820 881 5869 ι,
926 5804 1008 5856 l6.
1087 5805 1131 5836 "
1174 5803 1312 5859 Jocl.
1354 5820 1389 5870 ι,
1448 5806 1500 5858 8.

2166 4625 2343 4678 ἐκεῖνο
2373 4623 2665 4695 εἰρημένον
2690 4640 2705 4657 °
2741 4624 3011 4691 Ξὺρησαι
3042 4624 3142 4678 καὶ
3185 4625 3378 4695 κεῖραι
3421 4627 3523 4681 ἐπὶ
3558 4628 3634 4682 τὰ
3660 4625 3746 4680 τέ·

2165 4731 2283 4767 κνα
2308 4729 2426 4770 σου
2454 4718 2528 4769 τὰ
2557 4714 2838 4785 τρυφερά.
2873 4715 3034 4777 "ﬂet;
3067 4714 3396 4781 ἀνυπόδετος
3431 4720 3528 4771 καὶ
3574 4718 3748 4788 γυμνὴ

2167 4805 2276 4874 (ἴνα
2301 4805 2410 4869 τοῖς
2431 4804 2526 4860 τοῦ
2553 4808 2833 4877 προφήτου
2861 4806 2955 4860 καὶ
2988 4806 3151 4861 πάλιν
3175 4807 3268 4860 ἐπ’
3291 4809 3430 4876 αὐτῇ
3461 4810 3746 4878 χρήσωμαι

2165 4893 2366 4967 λόγοις)
2398 4896 2549 4967 παρὰ
2597 4897 2689 4948 τὸν
2715 4894 2860 4949 θεῖον
2903 4896 3203 4967 πορεύεται
3246 4897 3500 4968 Συμεὼν,
3532 4899 3632 4969 τὴν
3662 4898 3746 4968 μό-

2169 5004 2269 5058 νην
2320 4987 2540 5057 ἀσφαλῆ
2587 4987 2930 5059 καταφυγὴν,
2955 4986 3056 5057 τὴν
3097 4989 3269 5060 μόνην
3296 4989 3360 5043 οὐ
3410 4989 3743 5059 ψευδομένην

2172 5082 2385 5148 ἐλπίδα,
2417 5081 2727 5152 θρηνοῦσα
2774 5084 2927 5151 πρὸς
2970 5083 3164 5138 αὐτὸν
3212 5083 3369 5151 ὑπὲρ
3386 5085 3637 5153 νύμφην
3653 5096 3745 5136 περ

2168 5175 2574 5244 ριεζωσμένην
2624 5174 2862 5230 σάκκον
2912 5174 3013 5229 ἐπὶ
3049 5175 3162 5230 τὸν
3199 5174 3393 5246 ἄνδρα
3415 5174 3608 5245 αὐτῆς
3645 5173 3743 5229 τὸν

2173 5268 2551 5336 παρθενικόν.

2240 5366 2390 5430 ρμακ
2418 5363 2540 5417 Ἔτι
2554 5363 2649 5418 καὶ
2672 5362 2772 5433 τὴν
2788 5362 2942 5416 ὁσίαν
2960 5360 3196 5434 Μάρθαν
3216 5361 3479 5416 κοινωνὸν
3500 5357 3596 5414 τοῦ
3614 5355 3739 5429 πρὸς

2165 5450 2257 5503 τὸν
2284 5452 2401 5506 υἱὸν
2426 5452 2622 5522 ἔχουσα
2651 5452 2871 5524 θρήνου,
2954 5451 3015 5504 τὸ
3042 5451 3145 5522 μὲν
3175 5450 3553 5521 φιλοστόργως
3574 5444 3740 5501 πειθὰ

2170 5558 2350 5610 μενος.
2376 5544 2439 5598 τὸ
2460 5545 2537 5608 δὲ,
2566 5548 2656 5597 καὶ
2679 5543 2774 5613 ἀφ’
2792 5543 2986 5597 ἑαυτοῦ
3016 5543 3112 5597 καὶ
3141 5542 3259 5598 τῶν
3282 5542 3482 5599 ἑαυτοῦ
3500 5540 3598 5611 τῆς
3620 5551 3739 5607 cvp—

2167 5633 2402 5699 παοείας
2436 5634 2628 5705 πηγῶν
2656 5635 2746 5690 τὸν
2774 5635 2853 5698 εἰς
2883 5633 3080 5696 αὐτοὺς
3109 5630 3324 5704 βλύζων
3348 5631 3522 5695 ἔλεον,
3548 5626 3738 5697 γόναω
