3980 6296
247 412 310 481 31
327 412 387 479 Π

1246 404 1416 466 VlTA
1458 407 1502 463 A
1540 401 1975 464 NICEPHORO
2013 398 2499 461 CONSCRIPTA.

3373 388 3517 457 3118

247 529 314 597 τῇ
360 525 433 595 γῇ
469 520 562 575 καὶ
624 517 776 585 ὄψεις
830 515 1066 586 ἐρείσας,
1115 513 1174 564 οὗ
1234 514 1500 582 ’πρότερον
1548 510 1832 579 ἀνίστησιν

1954 524 2090 563 osos
2141 505 2456 561 effundens.
2501 502 2735 573 genibus
2765 515 2829 554 ac
2886 500 3025 554 facie
3074 496 3228 552 ltitmi
3290 499 3514 569 positis,

249 618 465 678 ἑαυτὸν,
497 613 603 676 ἕως
641 608 957 683 ἆρπαγέντα
1007 608 1075 675 τῇ
1114 603 1340 672 δυνάμει
1366 601 1460 654 τοῦ
1519 601 1846 674 Πνεύματος

253 713 372 774 ἴδοι,
401 708 648 779 ἀγγέλων
678 722 736 757 τε
764 701 968 771 πλῆθος
1006 698 1134 767 περὶ
1160 697 1340 756 αὐτὸν,
1373 695 1468 749 καὶ
1493 694 1681 763 ὥσπερ
1715 691 1833 745 κατ’

252 804 429 856 ἐκεῖνο
470 800 567 868 τῆς
605 794 881 864 Ἀντιόχου
929 786 1347 859 κατενεχθέντα,
1384 785 1517 838 καθὸ
1562 782 1838 836 πενθοῦσα

250 893 384 962 φεῦῑ
421 894 454 961 ἡ
483 890 634 951 πόλις
702 888 787 955 εἴη
823 885 889 938 τὰ
934 883 1188 953 φίλτατα.
1224 882 1334 933 Καὶ
1393 879 1469 941 ὼς
1520 875 1681 939 αὐτὸς
1738 877 1839 946 μὲν

252 985 388 1056 πρὸς
442 982 703 1043 ἀνατολὰς
758 974 1317 1046 ἐστὼςπροσεύξαιτο
1338 971 1469 1042 περὶ
1514 970 1710 1040 αὐτῆς,
1741 969 1839 1039 οὐχ

252 1078 393 1147 ὑπὲρ
426 1072 733 1142 ἁπάσηςβὲ
767 1072 865 1140 τῆς
912 1069 1123 1128 πόλεως
1156 1064 1405 1118 ἀνύσειεν
1434 1066 1468 1131 ἡ
1516 1063 1676 1132 εὐχὴ,
1719 1059 1841 1113 ἀλλ’

253 1171 428 1221 ἐκεῖνο
459 1166 554 1236 μὲν
587 1164 649 1215 τὸ
685 1162 853 1232 μέρος
891 1158 1056 1222 εὐθὺς
1111 1155 1498 1224 ἀπαλλαγῆναι
1542 1154 1641 1222 τῆς
1683 1153 1843 1204 ἀπει-

253 1260 388 1329 λῆς·
427 1256 727 1327 μεταῆἧναι
750 1254 808 1306 δὲ
841 1253 984 1304 κατά
1016 1248 1369 1320 μεσημϐρίαν
1400 1246 1491 1299 τὸν
1519 1243 1842 1315 ὀλοθρεῦον·

253 1366 342 1409 τα,
381 1348 473 1399 καὶ
532 1345 727 1414 θρῆνον
780 1338 937 1403 αὖθις
992 1339 1192 1407 ἀθρόον
1246 1336 1458 1391 ἐκεῖθεν
1520 1334 1838 1405 ἐγερθῆναι,

255 1438 500 1508 κραυγὴν
536 1434 964 1505 συντρίμματος,
994 1432 1089 1483 καὶ
1117 1428 1347 1482 κοπετὸν
1382 1427 1476 1480 καὶ
1501 1427 1646 1487 οὐαὶ,
1676 1425 1841 1495 μηδὲν

255 1530 349 1584 τοῦ
385 1529 652 1599 προτέρου
700 1524 1026 1592 λειπόμενα,
1059 1521 1135 1585 ὡς
1177 1521 1340 1584 αὐτὸς
1369 1522 1436 1590 τῇ
1480 1517 1654 1588 μητρὶ
1688 1533 1844 1587 τηνι-

258 1620 434 1674 καῦτα
486 1623 578 1672 καὶ
628 1620 741 1680 τοῖς
789 1615 1057 1686 παροῦσιν
1124 1615 1153 1665 ὁ
1212 1612 1357 1673 θεῖος
1450 1606 1677 1680 Συμεὼν
1757 1604 1848 1673 ἑξ-

257 1710 465 1778 ηγεῖτο.

330 1800 480 1871 ρμβ’.
505 1797 660 1851 Κατὰ
689 1796 852 1859 πόδας
882 1794 938 1849 δὲ
961 1793 1055 1847 καλ.
1076 1795 1110 1865 ή
1142 1793 1298 1856 πόλις
1332 1791 1469 1862 πρὸς
1492 1790 1654 1844 αὐτὸν
1684 1785 1847 1853 αὖθις

1936 613 2046 652 non
2083 599 2238 667 prius
2282 611 2339 650 se
2368 594 2588 652 levavit.
2621 607 2786 661 quam
2814 600 2967 645 extra
3001 605 3059 644 se
3108 589 3348 659 Spiritus
3398 589 3519 644 vir-

1941 699 2056 744 tute
2105 698 2319 757 raptus,
2385 686 2616 740 vidisset
2704 683 3121 737 multitudinem
3197 683 3565 753 angelorum,

1941 785 2251 853 cingentem
2282 796 2361 846 se,
2385 790 2442 836 et
2492 777 2687 834 eodem
2724 776 2881 846 quasi
2945 785 3194 844 tempore
3251 776 3309 828 in
3369 776 3520 830 illam

1941 874 2300 939 descendere,
2319 890 2428 944 quo
2465 873 2597 941 urbs
2626 869 3038 927 lamentabatur
3059 868 3521 923 ebarissimorutn

1936 970 2231 1040 jacwram.
2273 967 2380 1022 Sed
2413 968 2558 1023 sicut
2612 967 2728 1036 ipse
2783 964 2850 1018 ad
2900 963 3171 1020 orientem
3220 976 3526 1016 conversus

1942 1061 2347 1131 deprecabatur
2378 1075 2476 1130 pro
2505 1059 2642 1128 ipsa,
2681 1058 2761 1112 sic
2789 1072 2898 1111 non
2928 1071 3031 1126 pro
3060 1056 3317 1110 universa
3380 1054 3523 1109 urbe

1944 1154 2262 1223 deprecatio
2288 1151 2546 1207 exaudita
2573 1157 2680 1211 est,
2722 1165 2918 1203 verum
2946 1149 3060 1202 sola
3100 1148 3191 1202 illa
3234 1147 3527 1202 orientalis

1944 1261 2092 1316 pars,
2128 1245 2295 1299 minis
2339 1244 2523 1298 statim
2564 1242 2931 1304 cessantibus,
2986 1241 3237 1310 periculo
3287 1240 3524 1295 subduci

1943 1338 2060 1391 visa
2089 1347 2191 1391 est.
2224 1336 2432 1391 Deinde
2465 1335 2530 1389 ad
2553 1334 2843 1389 meridiem
2868 1335 3065 1388 transit
3118 1348 3357 1402 nequam
3408 1333 3525 1404 spi-

1947 1429 2121 1495 ritus;
2160 1444 2224 1484 ac
2284 1438 2509 1498 repente
2569 1427 2753 1499 gravis
2803 1428 3076 1497 planctus.
3134 1427 3260 1479 inde
3296 1426 3526 1492 clamor,

1948 1522 2311 1577 contritiones
2340 1529 2395 1575 et
2421 1521 2657 1589 ejulatus
2691 1527 2748 1573 et
2796 1534 2893 1583 ναι,
2925 1517 3104 1572 nihilo
3141 1533 3303 1587 quam
3369 1517 3529 1587 prius

1949 1612 2346 1677 tolerabiliora,
2420 1611 2656 1666 excitata
2709 1618 2870 1675 sunt;
2926 1610 3073 1664 sicut
3125 1608 3242 1678 ipse
3289 1607 3531 1680 Symeon

1946 1706 2108 1762 matri
2142 1721 2255 1760 suae
2276 1705 2509 1773 aliisque
2538 1702 2901 1773 praesentibus
2959 1710 3091 1757 tunc
3139 1701 3444 1756 enarravit.

2020 1798 2141 1852 142.
2178 1796 2469 1867 Extemplo
2490 1803 2674 1849 autem
2702 1793 2876 1849 eﬂusa
2916 1792 3222 1856 civitas,ad
3276 1801 3527 1848 sanctum

259 1892 432 1962 ἀνῄει,
477 1888 750 1948 πενθικοῖς
782 1886 857 1948 ὡς
897 1884 1088 1957 πρώην
1137 1885 1231 1938 καὶ
1282 1885 1523 1953 σχήμασι
1569 1883 1664 1936 καὶ
1696 1881 1845 1952 βαδί-

1954 1889 2131 1945 denuo
2180 1864 2439 1949 recurrit,
2494 1886 2686 1951 ﬂebili,
2742 1894 2802 1939 ut
2856 1885 3160 1954 quondam,
3217 1884 3403 1954 specie
3468 1898 3532 1937 ac

261 1997 451 2049 σμασι,
476 1976 775 2047 ποιουμένη
808 1975 1037 2029 κοπετὸν
1067 1973 1142 2037 ὡς
1167 1973 1498 2044 δρακόντων,
1524 1972 1618 2026 καὶ
1648 1972 1845 2035 πένθος

258 2071 332 2134 ὡς
384 2070 697 2140 θυγατέρων
746 2069 1032 2138 σειρήνων.
1083 2064 1563 2136 Περιπαθέστερον
1597 2064 1776 2116 τοίνυν
1811 2066 1844 2134 ὴ

260 2166 381 2220 ὁσία
412 2164 507 2218 τοῦ
546 2165 696 2218 ὁσίου
735 2165 915 2234 μήτηρ
940 2158 1264 2222 διατεθεῖσα,
1294 2159 1387 2212 καὶ
1418 2159 1618 2229 μᾶλλον
1648 2158 1846 2228 ἑαυτῆς

260 2258 321 2313 τὸ
350 2257 575 2329 πάθοςῆ
602 2257 824 2310 ἐκείνων
846 2251 984 2308 εἶναι
1008 2252 1297 2322 νομίσασα,
1325 2251 1495 2303 δεῖται
1525 2250 1617 2303 τοῦ
1641 2252 1843 2303 οἰκείου

263 2352 425 2406 πάλιν
466 2350 656 2412 παιδὸς
685 2350 782 2418 οὐχ
813 2347 1020 2410 ἁπλῶς,
1058 2345 1194 2399 ἀλλά
1225 2347 1550 2415 στεναγμοῖς
1594 2343 1706 2415 πῦρ
1741 2346 1844 2413 ἀφ·

265 2447 413 2507 ιεῖσι,
449 2445 543 2496 καὶ
572 2442 854 2513 δάκρυσιν,
897 2441 960 2493 οὐ
992 2438 1210 2509 κάμψαι
1243 2438 1427 2508 μόνον,
1456 2436 1592 2490 ἀλλὰ
1628 2438 1723 2489 καὶ
1751 2437 1848 2506 τῆ·-

264 2535 353 2602 ξαι
404 2534 634 2601 καρδίαν
683 2533 801 2585 υἱοῦ
847 2532 1190 2600 δυναμένοις,
1231 2531 1507 2598 ἐπαμῦναι
1548 2529 1848 2598 κάμνουσιν

265 2629 450 2689 αὐτοῖς
478 2627 533 2679 εἴ
560 2643 644 2689 τις
674 2625 920 2696 δύναμις.
967 2625 1026 2677 'U
1050 2623 1105 2676 δὲ
1128 2624 1228 2693 τῆς
1263 2622 1521 2693 συνήθους
1546 2623 1683 2693 πρὸς
1715 2622 1849 2675 Θεὸν

264 2722 359 2773 καὶ
394 2719 555 2772 πάλιν
578 2718 743 2787 εὐχῆς
772 2717 1028 2787 ἐχόμενος
1057 2711 1148 2787 ἦν,
1183 2715 1279 2768 καὶ⁹
1323 2715 1422 2784 τῆς
1459 2715 1652 2783 ὁμοίας
1690 2713 1849 2776 αὖθις

178 2840 187 2848 ο
263 2810 443 2882 ὂψεως
474 2809 813 2878 ἀξιούμενος.
858 2807 923 2861 Ἦ
952 2808 1009 2861 δὲ
1035 2803 1103 2878 ἦν
1123 2824 1137 2839 ο
1179 2806 1401 2877 ἁρπαγὴ
1438 2807 1537 2877 μὲν
1565 2806 1731 2858 αὑτοῦ
1756 2807 1851 2859 καὶ

268 2904 431 2958 πάλιν
454 2901 531 2972 τῷ
550 2900 846 2971 Πνεύματι,
878 2901 971 2952 καὶ
995 2899 1219 2962 κάθοδος
1253 2899 1345 2952 ἐπὶ
1367 2900 1467 2968 τὴν
1489 2898 1628 2952 κατὰ
1656 2897 1851 2950 Σελεύ-

267 3012 421 3049 κειαν
447 2992 642 3063 πύλην,
672 2991 988 3061 ἀποστροφὴ
1019 2989 1076 3043 δὲ
1093 2988 1187 3042 τοῦ
1214 2988 1594 3061 ὀλοθρεύοντος
1617 2988 1848 3054 ἐκεῖθεν,

268 3088 364 3141 καὶ
394 3085 535 3139 κατὰ
560 3083 661 3153 τῆς
692 3081 860 3153 μονῆς
892 3080 986 3135 τοῦ
1017 3081 1173 3150 ἁγίου
1207 3080 1407 3151 μᾶλλον
1435 3082 1580 3153 ὁρμή
1606 3096 1622 3113 ο
1648 3080 1855 3151 ἅμιλλά

1949 1981 2191 2045 incessu,
2216 1979 2370 2034 ciens
2399 1979 2732 2049 ejaculatum
2758 1987 2818 2032 ut
2844 1977 3173 2042 draconum,
3212 1987 3265 2032 et
3317 1977 3528 2031 luctum

1948 2070 2090 2127 sicut
2104 2069 2225 2125 filim
2242 2068 2716 2125 sirenum.Saneta
2728 2084 2862 2122 vero
2883 2066 3171 2139 Symconis
3190 2078 3361 2121 mater
3378 2067 3531 2138 gravi

1947 2163 2138 2217 dolore
2188 2162 2403 2226 affecta,
2450 2176 2725 2231 suumque.
2775 2160 2951 2214 multo
3012 2159 3353 2214 acerbiorem
3409 2175 3535 2214 sen-

1948 2268 2071 2310 sum
2122 2269 2241 2309 esse
2272 2255 2435 2323 quam
2474 2253 2692 2306 illorum
2726 2262 2862 2315 rata,
2894 2250 3093 2305 iterum
3140 2250 3253 2304 ﬂlio
3291 2266 3391 2305 suo
3420 2266 3529 2305 non

1947 2359 2113 2414 prece
2136 2343 2398 2413 simplici.
2421 2342 2517 2397 sed
2541 2342 2840 2413 gemitibus
2870 2340 3136 2395 scintillas
3161 2340 3350 2410 igneas
3370 2342 3532 2394 emit-

1950 2434 2213 2497 tentibus,
2250 2432 2638 2505 lacrymisque,
2682 2447 2792 2487 non
2841 2431 3064 2486 ﬂectere
3112 2431 3299 2497 modo,
3335 2446 3530 2486 verum

1949 2528 2114 2582 etiam
2158 2527 2372 2596 liquare
2404 2540 2501 2579 cor
2540 2524 2637 2578 lilii
2677 2523 3011 2587 valentibus,
3050 2523 3343 2593 supplicat,
3384 2533 3445 2578 ut
3485 2524 3532 2578 si

1948 2634 2059 2687 quo
2082 2617 2246 2671 modo
2274 2614 2468 2686 possit,
2489 2622 2779 2669 succurrat
2808 2613 3271 2684 periclitantibus.
3306 2614 3389 2669 Ad
3418 2615 3534 2671 haec

1951 2707 2188 2776 Symeon
2242 2713 2561 2760 consuetam
2615 2704 2829 2775 pridem
2872 2703 3182 2758 orationem
3222 2719 3531 2772 resumens,

1950 2799 2116 2854 simili
2166 2813 2385 2852 rursum
2430 2796 2661 2852 visione“
2695 2796 2950 2866 dignatus
2996 2795 3120 2851 fuit.
3179 2796 3311 2851 Erat
3349 2807 3532 2853 autem

1951 2890 2219 2963 ejusmodi
2251 2907 2264 2943 :
2293 2890 2502 2960 Raptus
2538 2889 2721 2945 denuo
2767 2889 2823 2943 in
2869 2888 3126 2953 cxstasitn
3162 2888 3536 2945 descendebat

1950 2998 2144 3037 versus
2178 2982 2348 3047 illam,
2377 2999 2499 3052 qua:
2532 2982 2841 3055 Seleuciam
2868 2985 3110 3054 respicit,
3143 2995 3356 3055 portam
3386 3004 3400 3038 :
3432 2987 3540 3057 spi-

1952 3075 2094 3130 ritus
2120 3085 2301 3131 autent
2331 3084 2594 3140 vastator,
2629 3077 2755 3132 inde
2797 3076 2979 3149 fugam
3010 3080 3321 3149 arripiens,
3347 3093 3538 3138 contra

267 3194 328 3230 τε
361 3176 491 3248 περὶ
522 3176 693 3245 αὐτῆς
730 3175 956 3244 ἀμφοῖν,
1000 3173 1241 3243 πλευρᾶς
1275 3173 1546 3244 ἑκατέρας
1587 3172 1849 3244 ἐπειλημ-

1954 3168 2349 3224 monasterium
2383 3169 2555 3225 sancti
2587 3173 2951 3225 convertebat
2990 3171 3292 3243 impetum;
3324 3173 3392 3230 de
3426 3189 3538 3245 quo

271 3270 469 3342 μένων,
497 3270 590 3321 καὶ
615 3266 708 3320 τοῦ
741 3266 840 3336 μὲν
865 3267 1015 3327 ὅπως
1042 3265 1107 3319 ἂν
1136 3265 1323 3328 κακῶς
1363 3264 1573 3336 διαθείη
1613 3266 1850 3334 φιλονει-

267 3360 511 3423 κοῦντος,
544 3357 638 3412 τοῦ
675 3359 732 3411 δὲ
762 3358 910 3420 ὅπως
953 3356 1020 3411 ἂν
1057 3356 1308 3429 ἐξέληται
1337 3357 1436 3428 τῆς
1475 3356 1683 3412 ἐκείνου
1719 3357 1850 3428 βλά-

270 3451 373 3521 ϐης
407 3450 577 3522 αὐτὴν
618 3447 1043 3518 ἀγωνιζομένου.
1103 3449 1190 3502 Ἐν
1245 3450 1484 3517 τοσούτῳ
1527 3450 1583 3503 δὲ
1628 3450 1721 3504 τὸν
1754 3450 1855 3520 μὲν

268 3540 627 3611 δλοθρεύοντα
669 3539 905 3610 μυστική
949 3554 1035 3602 τις
1085 3539 1291 3594 ἄνωθεν
1334 3539 1489 3611 φωνὴ
1530 3540 1673 3596 κατὰ
1717 3541 1853 3596 πολὺ

269 3632 335 3695 τὸ
361 3632 616 3686 ἀκούσιον
662 3631 921 3701 ἀφίστησι
950 3632 1048 3700 τῆς
1077 3631 1246 3701 μονῆς
1268 3647 1282 3661 ·
1314 3631 1344 3684 δ
1372 3630 1428 3685 δὲ
1466 3633 1559 3686 καὶ
1586 3632 1851 3707 δευτέραν

272 3720 460 3791 ῐφοδον
510 3719 663 3784 αὖθις
705 3719 828 3774 κατ’
859 3719 1029 3792 αὐτῆς
1061 3719 1394 3788 ἀπειλήσας,
1431 3722 1525 3776 ἐπὶ
1568 3721 1668 3792 τὴν
1706 3720 1850 3775 οὕτω

273 3815 596 3873 Κασσυῶτιν
627 3812 970 3884 καλουμένην
1000 3813 1138 3879 τέως
1172 3813 1457 3886 ἐτράπετο.

1955 3271 2012 3318 et
2042 3262 2222 3333 gravis
2257 3271 2377 3317 orta
2416 3262 2561 3317 inter
2597 3270 2897 3333 utrumque
2925 3265 3213 3320 contentio
3246 3275 3351 3327 est.
3407 3283 3539 3323 suas

1953 3370 2289 3425 unoquoque
2329 3369 2522 3409 eorum
2562 3365 2749 3424 partes
2784 3362 3001 3426 agente,
3053 3355 3228 3411 altero
3275 3355 3539 3412 damnum

1953 3445 2160 3502 inferre
2204 3454 2510 3516 satagente,
2553 3447 2730 3500 altero
2758 3446 2894 3501 illud
2940 3456 3196 3504 avertere
3228 3449 3537 3506 laborante.

1952 3539 2168 3594 Interea
2201 3538 2469 3593 scelerum
2503 3527 2847 3593 machinator
2874 3554 3072 3595 arcana
3108 3540 3344 3607 quadam
3382 3544 3538 3600 emti-

1958 3641 2047 3686 tus
2070 3630 2234 3685 missa
2265 3644 2400 3684 voce
2431 3627 2729 3684 admodum
2750 3630 2957 3685 invitus
2977 3630 3101 3687 loco
3123 3631 3388 3702 depulsus
3413 3633 3541 3698 fuit,

1956 3722 2331 3793 minitansque
2364 3721 2594 3778 alteram
2632 3722 2815 3778 denuo
2849 3722 3213 3790 invasionem,
3245 3724 3315 3781 ad
3359 3724 3541 3783 locum

1958 3815 2245 3888 Cassyotin
2288 3814 2498 3871 dictum
2546 3829 2721 3885 usque
2758 3814 3011 3870 recessit.

1709 3957 1938 4016 CAPUT
1967 3956 2156 4013 XVIII.

378 4071 587 4132 Iterum
610 4091 730 4131 suos
768 4074 1035 4139 hortatur,
1066 4073 1289 4146 fratrem
1313 4092 1348 4130 α
1393 4074 1632 4132 άωηιοηε
1678 4079 1907 4133 occisum
1944 4086 2062 4150 post
2101 4077 2282 4132 varias
2324 4091 2500 4147 preces
2540 4092 2602 4130 ac
2649 4076 2872 4132 visiones
2901 4075 2972 4131 ad
3005 4078 3168 4133 vitam
3205 4089 3435 4149 revocet.

347 4192 496 4260 ρμγν.
549 4186 662 4242 Καὶ
716 4185 746 4239 ὁ
781 4186 880 4256 μὲν
910 4185 1055 4257 ἱερὸς
1094 4185 1271 4241 ταῦτα
1299 4185 1525 4257 Συμεὼν
1569 4190 1637 4260 τῇ
1684 4190 1853 4261 μητρὶ

271 4281 559 4350 ἀφηγεῖτο,
599 4279 722 4332 ἐπεὶ
769 4281 864 4333 καὶ
892 4278 1014 4332 λίαν
1042 4277 1214 4350 αὐτὴν
1261 4278 1380 4350 ᾔδει
1412 4278 1728 4352 χαίρουσαν,
1756 4281 1854 4337 καὶ

273 4372 439 4427 πάλιν
467 4371 892 4442 παθαινομένην,
919 4367 978 4426 εὖ
1008 4372 1145 4443 αὐτῇ
1177 4370 1285 4426 τῶν
1314 4373 1640 4445 πατριωτῶν
1669 4373 1851 4446 ἢτού-

272 4464 485 4520 ναντίον
528 4463 761 4533 ἑχόντων
785 4479 801 4493 ο
845 4461 943 4533 τὴν
969 4462 1028 4516 δὲ
1077 4461 1404 4517 Κασσυῶτιν
1459 4464 1693 4536 ὀδυρμὸς
1736 4461 1852 4536 εἶχε

2032 4190 2153 4247 143.
2194 4189 2260 4244 Et
2291 4190 2410 4247 haec
2437 4189 2660 4260 quidem
2684 4197 2909 4246 sanctus
2938 4191 3176 4265 Symeon
3217 4195 3383 4255 matri
3428 4189 3542 4251 sua:

1958 4283 2272 4348 enarrabat,
2309 4298 2434 4339 cum
2477 4284 2650 4354 ipsam
2699 4283 3000 4341 admodum
3049 4287 3329 4344 laetantem
3375 4298 3541 4361 atque

1958 4393 2154 4435 rursus
2185 4376 2427 4448 graviter
2460 4385 2792 4433 commotam
2813 4378 3227 4449 conspexisset,
3256 4392 3423 4452 prout
3465 4383 3545 4438 ci-

1955 4465 2107 4521 vium
2123 4480 2214 4522 res
2234 4465 2466 4524 ltetaevel
2480 4466 2667 4522 tristes
2683 4476 2840 4533 erant
2860 4484 2876 4534 ;
2895 4466 3184 4540 Cassyotin
3206 4487 3338 4528 vero
3358 4472 3544 4532 luctus

273 4556 370 4610 καὶ
398 4557 616 4626 θρῆνος·
643 4555 832 4626 ήγειρε
859 4555 970 4627 γὰρ
996 4556 1085 4608 ἐπ’
1116 4554 1288 4626 αὐτὴν
1317 4546 1589 4626 μάστιγας
1629 4557 1658 4609 ὁ
1691 4556 1847 4623 Θεὸς,

1954 4564 2012 4628 et
2032 4557 2279 4627 ploratus
2300 4557 2628 4628 occupabat,
2658 4558 2877 4614 levante
2899 4576 3068 4631 super
3088 4560 3234 4619 illam
3265 4563 3543 4637 ﬂagellum

272 4648 370 4702 καὶ
430 4645 633 4718 πλῆθος
689 4646 900 4700 ἐκεῖθεν
957 4645 1111 4718 παρά
1170 4645 1263 4699 τὸν
1327 4645 1484 4715 ἅγιον
1535 4647 1635 4701 οὐκ
1674 4647 1855 4716 ὀλίγον

274 4737 493 4807 ἀπήντα
511 4776 528 4801 ,
559 4736 1077 4807 ὲλεεινολογούμενοι
1099 4738 1235 4808 πρὸς
1263 4738 1449 4804 αὐτὸν,
1478 4735 1566 4793 οἷα
1592 4740 1855 4795 τέτακται

271 4828 456 4901 ἡμέρα
483 4828 690 4899 Κυρίου
716 4829 803 4882 ἐπ’
825 4829 1044 4896 αὐτοὺς,
1067 4830 1239 4902 πικρὰ
1267 4831 1364 4886 καὶ
1393 4831 1628 4903 σκληρὰ,
1652 4831 1856 4907 δυνατὴ

271 4920 479 4994 ἡμέρα,
508 4920 677 4992 ὀργῆς
719 4923 751 4991 ἡ
788 4920 972 4993 ἡμέρα
1017 4922 1225 4994 ἐκείνη,
1254 4923 1442 4995 ⁷ἡμέρα
1482 4924 1716 4995 θλίψεως
1758 4924 1855 4979 καὶ

271 5014 540 5084 ἀνάγκης,
568 5011 755 5084 ἡμέρα
780 5012 988 5083 ἀωρίαις
1017 5015 1112 5068 καὶ
1139 5015 1471 5087 ἀφανισμοῦ,
1506 5017 1689 5088 ἡμέρα
1723 5016 1853 5071 σκό-

268 5121 400 5168 τους
432 5104 530 5159 καὶ
554 5104 780 5173 γνόφου,
808 5104 994 5174 ἡμέρα
1042 5106 1274 5176 νεφέλης
1322 5108 1418 5161 καὶ
1463 5108 1716 5179 ὁμίχλης.
1742 5107 1855 5162 Καὶ

274 5196 459 5267 μέντοι
482 5196 577 5250 καὶ
599 5195 692 5250 τοῦ
719 5197 778 5250 ὲν
804 5194 1102 5264 ὀφθαλμοῖς
1126 5196 1372 5253 κινδύνου
1395 5200 1490 5253 καὶ
1513 5200 1621 5253 τῶν
1641 5200 1853 5266 δεινῶν,

270 5288 459 5358 εὐχαῖς
493 5287 724 5348 ἐκείνου.
765 5284 1115 5357 κομιζόμενοι
1163 5288 1347 5343 λύσινο
1389 5290 1419 5342 ὁ
1454 5290 1531 5351 δὲ,
1573 5307 1857 5361 προσαγα-

269 5380 474 5448 γόντων
513 5378 612 5451 ἤδη
651 5380 716 5448 τῇ
755 5381 891 5448 μονῇ
924 5379 1017 5432 καὶ
1045 5380 1169 5433 ὅσον
1191 5381 1292 5434 οὐκ
1320 5381 1412 5434 ἐπὶ
1443 5380 1639 5452 θύραις
1669 5384 1857 5437 αἰσθό-

273 5486 437 5541 μενος
466 5469 576 5523 τῶν
610 5470 1002 5540 πειρατηρίων,
1035 5473 1159 5533 τοὺς
1196 5471 1445 5542 μαθητὰς
1485 5472 1621 5541 ὁμοῦ
1650 5475 1857 5541 πάντας

272 5561 619 5633 ςυνσγᾳγὼν,
661 5562 815 5626 Ἰδοὺ,
848 5562 1015 5615 τέκνα
1040 5563 1136 5616 καὶ
1159 5563 1398 5634 ἀδελφοὶ,
1424 5563 1552 5633 ἔφη,
1573 5566 1648 5628 ὡς
1671 5565 1857 5636 ἄμπε-

268 5653 362 5720 λος
388 5653 682 5725 ἐγενήθητε
720 5653 797 5724 τῷ
818 5653 1039 5725 Χριστῷ
1069 5655 1294 5726 κομῶσαι
1322 5657 1412 5710 καὶ
1443 5655 1739 5723 θάλλουσα,
1762 5660 1858 5714 καὶ

272 5746 488 5819 ἀρετῶν
511 5746 665 5800 ᾶιθει
690 5744 952 5816 βρύουσα,
966 5745 1114 5819 δεξιᾷ
1127 5750 1192 5818 τῇ
1214 5748 1424 5802 ἐκείνου
1446 5751 1854 5823 πεφυτευμένη,

272 5838 364 5908 εἴη
392 5835 451 5890 δὲ
486 5834 1244 5909 καὶ,καττλρτισμᾶνη.λόγειν.
1283 5841 1476 5913 Ὁρᾶτε
1506 5838 1600 5896 οὖν
1622 5842 1696 5913 μὴ
1722 5843 1858 5900 καθ-

1958 4664 2119 4707 suum
2148 4649 2415 4717 Domino;
2438 4659 2497 4706 et
2528 4649 2723 4722 ingens
2766 4653 3064 4709 multitudo
3095 4654 3382 4713 hominum
3412 4659 3542 4717 inde

1957 4741 2027 4796 ad
2086 4748 2339 4797 sanctum
2380 4742 2766 4809 accurrebant,
2804 4744 3145 4802 lamentabili
3200 4765 3337 4806 voce
3379 4767 3540 4822 opem

1957 4832 2341 4904 implorantes,
2395 4849 2506 4889 non
2544 4849 2706 4891 secus
2733 4850 2801 4890 ac
2832 4835 2879 4892 si
2915 4837 3168 4899 irruisset
3204 4857 3373 4914 super
3418 4845 3543 4902 illos

1956 4925 2077 4981 dies
2089 4926 2307 4981 Domini
2334 4941 2519 4982 amara
2560 4935 2618 4984 et
2632 4927 2796 4992 dura,
2814 4929 2934 4986 dies
2949 4930 3128 4993 fortis,
3144 4933 3267 4990 dies
3285 4936 3402 5004 iraa,
3423 4925 3543 4995 dies

1958 5018 2334 5075 tribulationis
2376 5030 2435 5077 et
2484 5020 2854 5085 necessitatis,
2896 5021 3017 5079 dies
3047 5024 3464 5088 immaturitatis
3487 5044 3544 5089 et

1957 5112 2311 5184 perditionis,
2341 5113 2460 5169 dies
2492 5114 2745 5187 caliginis
2788 5121 2849 5171 et
2879 5117 3257 5187 tenebrarum,
3290 5121 3413 5178 dies
3441 5140 3546 5179 nu—

1957 5206 2047 5264 bis
2073 5217 2130 5265 et
2160 5208 2397 5264 nebulae.
2426 5208 2901 5282 EtCassyotenses
2931 5212 3159 5283 quidem
3196 5213 3545 5275 imminentia

1958 5297 2063 5352 sibi
2101 5297 2350 5368 pericula
2398 5298 2851 5370 calamitatesque
2900 5301 3102 5374 depelli
3136 5307 3311 5361 sancti
3359 5309 3544 5378 preci-

1959 5385 2065 5441 bus
2111 5388 2375 5444 viderunt
2406 5407 2420 5442 :
2453 5389 2569 5459 ipse
2598 5404 2731 5446 vero
2761 5391 3021 5462 ingruere
3057 5395 3110 5448 in
3146 5400 3542 5453 monasterium

1959 5493 2120 5533 suum
2150 5479 2486 5534 tentationes
2509 5489 2567 5535 et
2589 5487 2803 5535 tantum
2831 5497 2941 5536 non
2966 5497 3078 5551 pra:
3106 5483 3323 5540 foribus
3350 5486 3542 5543 adesse

1959 5572 2228 5637 sentiens,
2289 5570 2580 5641 discipulis
2619 5573 2786 5627 simul
2842 5573 3107 5629 omnibus
3148 5579 3472 5633 convocatis
3528 5598 3544 5633 :

1958 5660 2124 5725 Ecce,
2177 5660 2276 5717 filii
2320 5675 2385 5716 ac
2425 5662 2625 5719 fratres
2653 5664 2783 5731 mei,
2816 5664 3015 5735 inquit,
3045 5665 3188 5721 sicut
3224 5667 3356 5724 vitis
3377 5668 3543 5726 Chri-

1961 5763 2048 5808 sto
2077 5752 2211 5811 facti
2239 5753 2393 5820 estis,
2421 5755 2749 5828 palmitibus
2774 5757 2998 5822 decora,
3038 5758 3248 5825 virens,
3291 5768 3348 5815 et
3386 5759 3543 5819 ﬂori-

1960 5845 2065 5903 bus
2108 5845 2380 5903 virtutum
2443 5863 2748 5922 gemmeus,
2810 5849 3041 5908 dextera
3090 5849 3241 5906 illius
3271 5850 3539 5923 plantae.
