4026 6292
571 355 710 460 ani

567 615 808 676 soptum,
845 604 991 674 quod
1027 613 1112 658 est
1142 604 1226 658 lex
1259 605 1354 659 Dei
1385 615 1443 660 et
1473 607 1857 665 mandatorum
1907 613 2028 682 ejus
2054 612 2150 666 ob-

567 697 807 752 servatio
829 713 840 748 :
865 694 1103 748 vastabit
1132 696 1334 766 quippe
1363 713 1479 761 vos,
1511 697 1616 752 beu
1645 703 1766 755 me!
1789 710 1844 756 et
1869 701 2150 774 disperget

569 805 700 857 aper
727 788 795 841 de
827 787 984 852 silva,
1027 797 1080 842 et
1115 789 1531 844 transeuntibus
1573 791 1868 860 quibusvis
1910 793 2146 864 expositi

567 881 725 933 eritis
775 877 828 933 in
869 879 1262 934 contumeliam
1294 891 1350 934 et
1383 883 1875 938 coneuleationem.
1912 885 2147 940 Verum-

570 983 746 1025 tamen
799 972 937 1026 ferte
986 971 1200 1026 fructus
1248 982 1397 1028 tanta
1455 975 1672 1030 cultura
1720 977 1934 1046 dignos,
1985 977 2150 1031 susti-

567 1075 690 1118 ncte
725 1081 851 1118 cum
891 1063 1189 1134 gratiarum
1229 1065 1473 1129 actione,
1531 1077 1588 1122 et
1621 1083 1891 1138 generose
1922 1085 2148 1140 magna-

566 1158 898 1226 nimitcrque
926 1172 1020 1210 vos
1039 1157 1215 1226 gerite
1248 1158 1300 1211 in
1341 1159 1758 1216 teutationibus.
1804 1161 1947 1216 Ecce
1995 1162 2146 1216 enim

563 1249 783 1316 grandis
804 1249 1086 1305 calamitas
1115 1251 1168 1304 in
1195 1251 1442 1321 proximo
1465 1260 1569 1306 est.
1591 1252 1726 1307 Cum
1756 1253 1871 1308 haec
1895 1253 2144 1318 dixisset,

561 1344 802 1407 graviter
841 1359 967 1401 cum
992 1342 1186 1398 dolore
1221 1343 1609 1414 ingemiscens,
1636 1363 1743 1399 non
1793 1347 1958 1401 aliter
1983 1361 2146 1416 quam

561 1435 604 1486 si
653 1442 778 1489 ante
829 1435 1020 1490 oculos
1059 1451 1180 1504 qua:
1229 1443 1496 1489 eventura
1551 1445 1710 1492 erant
1742 1444 2140 1494 versarentur,

561 1528 862 1598 discipulos
931 1527 1156 1598 quidem
1216 1527 1630 1596 inexpugnabili
1689 1528 1874 1582 crucis
1941 1526 2147 1582 Christi

563 1623 719 1692 signo
774 1620 954 1674 munit
1006 1635 1020 1672 :
1091 1618 1208 1688 ipse
1265 1628 1448 1672 autem
1499 1615 1966 1686 contemplatione
1996 1631 2151 1670 men-

564 1717 632 1766 lis
695 1713 976 1781 abreptus,
1023 1719 1234 1764 tantum
1292 1725 1400 1763 non
1457 1708 1749 1778 prmsentia
1791 1708 1984 1762 adesse
2033 1708 2145 1778 jam

563 1813 903 1860 monstrante
935 1819 1057 1872 quae
1086 1802 1270 1856 futura
1296 1800 1655 1870 praedixerat;
1691 1801 1892 1854 iterum
1918 1800 2147 1869 supplex

1785 403 1842 462 s.
1885 381 2262 467 SYMEONIS
2301 404 2664 468 JUNIORIS

545 512 736 568 diceat
757 509 940 566 dicere
963 520 1016 567 et
1039 510 1302 582 perfecta.
1328 512 1522 568 Videte
1547 513 1714 585 igitur
1747 531 1816 572 ne
1847 517 2140 574 destruatis

2251 519 2502 590 αιρεθῆτε
2547 520 2636 572 τὸν
2670 519 2947 590 φραγμὸν,
2986 519 3044 581 ὃς
3083 520 3228 572 ἐστιν
3279 519 3306 572 ό
3353 518 3443 574 τοῦ
3480 519 3604 575 Θεοῦ
3628 523 3762 594 νόμος,
3860 523 3864 529 ’

3654 400 3765 469 3l20

2253 611 2348 666 καὶ
2376 613 2408 682 ἡ
2431 610 2538 664 τῶν
2565 610 2792 664 ὲντολῶν
2815 610 3029 683 φυλακή
3057 628 3070 642 °
3105 613 3197 664 καὶ
3220 611 3542 685 λυμήνηται,
3566 617 3679 684 φεῦῖ
3701 621 3766 672 καὶ

2252 703 2698 774 κατανεμήσηται
2732 703 2877 772 ὑμᾶς
2903 704 2932 756 ό
2963 702 3157 774 ἐχθρος
3179 697 3244 766 ὗς
3271 705 3332 758 ἐκ
3363 705 3586 773 δρυμοῦ,
3614 710 3689 760 καὶ
3713 713 3766 773 εἰς

2251 795 2437 866 κοινὴν
2464 797 2576 858 τοῖς
2599 793 2926 848 διοδεύουσιν
2965 794 3220 864 ἐκτεθῆτε
3253 795 3408 864 ὓϐριν
3448 801 3538 848 καὶ
3577 802 3768 852 uta-.25-

2248 902 2421 954 τημα.
2465 884 2603 937 Ἀλλ’
2637 885 2899 952 ἐνέγκατε
2936 887 3182 957 καρποὺς
3212 886 3411 956 μᾶλλον
3439 889 3532 958 τῆς
3557 894 3769 960 γεωρ·,ίες

2251 977 2455 1044 ἀξίους,
2478 979 2754 1048 ὑπομονὴν
2779 978 2978 1049 δηλαδὴ
3007 980 3123 1046 μετ’
3145 979 3516 1048 εὖχαριστῖας,
3545 982 3628 1034 καὶ
3654 983 3702 1033 τὸ
3732 984 3771 1034 ἐν

2251 1071 2578 1140 πειρασμοῖς
2608 1071 2856 1136 γενναῖον
2901 1068 2994 1121 καὶ
3029 1069 3697 1140 p.571).6'.fmzw.-'lﬁobvi?
3725 1073 3772 1125 2'1

2249 1161 2400 1214 δεινά
2430 1158 2582 1230 παρά
2625 1159 2810 1221 πόδας.
2849 1159 3034 1212 Ταῦτα
3070 1161 3193 1229 ἔφη,
3222 1161 3316 1212 καὶ
3348 1161 3486 1232 βαρύ
3520 1181 3565 1214 τι
3608 1167 3684 1214 καὶ
3709 1182 3773 1216 π;-

2251 1250 2444 1313 πονθὸς
2474 1249 2804 1318 ἀνοιμώξας,
2837 1244 2924 1302 οἷα
2957 1251 3206 1319 κρυφίοις
3234 1250 3447 1321 ὄμμασι
3472 1253 3536 1305 τὰ
3566 1253 3773 1322 μέλλοντι

2249 1342 2465 1414 διορῶν,
2495 1342 2677 1405 αὐτοῖς
2716 1342 2816 1412 μὲν
2842 1340 2935 1395 τοῦ
2964 1343 3198 1412 Χριστοῦ
3233 1343 3332 1413 τὴν
3369 1344 3574 1414 ἄμαχον
3602 1346 3774 1397 ἐπιεὲἷ-

2249 1433 2330 1486 λει
2375 1433 2676 1505 σφραγῖδα’
2708 1433 2797 1486 τὸν
2827 1434 2880 1486 δὲ
2909 1417 3110 1504 θειιῖοία
3153 1433 3524 1493 ὑπολαϐοῦσα.
3564 1435 3671 1488 ὅσον
3704 1437 3774 1488 οὐκ

2249 1527 2350 1602 ήδη
2379 1531 2635 1600 παρεῖναι
2667 1527 2937 1582 δείκνυσιν
2969 1529 3113 1600 ἅπερ
3139 1528 3444 1596 ἐπάγεσθαι
3472 1529 3654 1599 ἦμελλε
3673 1544 3685 1558 ο
3709 1529 3774 1581 καὶ

2250 1619 2410 1673 πάλιν
2467 1621 2624 1690 εὐχαὶ
2674 1619 2810 1688 πρὸς
2861 1620 2992 1673 Θεον
3037 1619 3208 1690 αὐτῷ,
3253 1621 3350 1673 καὶ
3399 1621 3554 1674 πάλιν
3592 1621 3773 1691 δάκρυα,

2251 1709 2421 1764 ὕπνου
2443 1727 2502 1764 τε
2525 1710 2686 1764 πάλιν
2723 1711 2986 1779 ἄγευστος
3018 1711 3200 1782 ἐκείνη
3227 1709 3484 1778 καθάπαξ
3520 1713 3551 1781 ἡ
3578 1710 3675 1775 νὺξ,
3700 1711 3776 1772 ἕως

2251 1802 2410 1856 αὐτόν
2438 1805 2470 1872 ἡ
2505 1801 2620 1855 θεία
2653 1802 2993 1874 παρεκάλεσε
3026 1803 3205 1874 χάρις,
3232 1805 3290 1856 ὲν
3327 1801 3775 1874 σχήματινεάἰίδος

563 1899 628 1950 ad
671 1899 842 1952 Deum
868 1911 1084 1965 preces,
1117 1894 1320 1950 iterum
1363 1894 1632 1966 lacrymas
1683 1892 1883 1956 fundit,
1943 1893 2140 1948 iterum

2252 1893 2524 1966 παρθένου
2573 1896 2921 1963 ἐπιφανεῖσα.
2971 1894 3126 1964 Ἑξῆς
3161 1895 3344 1948 δὲκαὶ
3391 1899 3418 1948 ό
3463 1893 3639 1964 ἐχθρὸς
3674 1893 3777 1962 μετὰ

562 2003 757 2059 expers
794 1986 971 2042 somni
1014 1995 1233 2040 noctem
1270 1985 1416 2038 illam
1450 1991 1617 2038 totam
1652 1983 1940 2048 traducit;
1968 1981 2140 2037 donec

2244 1986 2352 2038 τῶν
2387 1985 2700 2039 σκανδάλων
2734 1987 2827 2040 καὶ
2853 1987 2950 2057 τῆς
2981 1985 3297 2055 ἐπιϐουλῆς,
3334 1989 3402 2039 ἐκ
3441 1985 3531 2038 τοῦ
3560 1984 3777 2052 Ἀγγυυὶᾶ
3807 1983 3820 1992 ”

564 2095 838 2150 apparens
881 2078 932 2132 ei
969 2077 1158 2130 divina
1205 2075 1644 2146 gratia,juvenis
1677 2074 1872 2144 puella:
1904 2073 2140 2143 speciem

2245 2091 2304 2126 τε
2347 2073 2562 2145 πρώτου
2615 2075 2646 2145 ἡ
2682 2077 2780 2145 τῆς
2815 2075 3024 2127 ἐκείνου
3076 2074 3275 2143 μανίας
3314 2073 3480 2142 ἀρχὴ.
3514 2075 3600 2125 καὶ
3635 2070 3778 2140 ἥκετ’

566 2171 778 2230 induta,
818 2168 1148 2239 allligentcm
1200 2181 1259 2221 se
1301 2165 1584 2219 consolata
1665 2173 1768 2219 est.
1821 2161 2030 2216 Deinde
2091 2171 2140 2216 et

2247 2165 2416 2219 αὐτοῦ
2461 2166 2558 2219 καὶ
2601 2165 2710 2218 τῶν
2761 2165 3008 2234 ἀδελφῶν
3053 2165 3256 2236 πληγὴ,
3296 2165 3512 2218 δικαίαν
3549 2165 3635 2230 τῆς
3675 2159 3776 2228 προς

563 2263 738 2318 hostis
787 2261 962 2315 adfuit
1011 2275 1135 2314 eum
1177 2257 1441 2314 seandalo
1487 2263 1652 2326 atque
1701 2255 1945 2321 insidiis;
1990 2254 2140 2324 cujus

2249 2255 2414 2310 αὑτὸν
2447 2256 2776 2319 οἱκειὼσεως
2801 2256 2900 2328 τὴν
2935 2256 3284 2324 ἀντιμισθίαν
3309 2256 3675 2314 ἀπολαϐόντος,
3704 2251 3776 2321 χά·

562 2351 718 2407 furor
768 2351 835 2406 ab
869 2349 1076 2422 Angula
1107 2364 1288 2414 orsus,
1338 2357 1530 2402 contra
1587 2347 1766 2416 ipsum
1823 2361 1886 2400 ac
1941 2344 2143 2402 fratres

2255 2349 2398 2420 ριτός
2428 2365 2487 2400 τε
2523 2347 2672 2419 παρὰ
2695 2346 2788 2400 τοῦ
2821 2346 2974 2416 φίλου
3009 2346 3162 2412 ἀξίας
3185 2349 3565 2416 τετυχηκότος.

559 2441 734 2514 plagis
753 2439 930 2494 sazviit
960 2457 972 2490 :
1009 2437 1312 2508 recipiente
1348 2437 1443 2492 illo
1469 2435 1722 2492 meritam
1749 2449 1851 2505 pro
1884 2431 2264 2492 familiaritate
2304 2451 2428 2492 cum
2462 2437 2621 2493 bcste
2657 2445 2940 2491 contracta
2969 2436 3306 2503 mercedem,
3331 2445 3393 2490 et
3425 2437 3680 2507 gratiama
3707 2430 3774 2488 tali

559 2537 736 2592 amico
773 2532 1017 2597 conferri
1056 2531 1292 2586 solitam.

629 2627 751 2682 Ml.
793 2627 1010 2680 lnterea
1035 2623 1182 2678 enim
1215 2621 1502 2694 temporis,
1555 2622 1684 2676 dum
1729 2637 1850 2692 qua:
1896 2621 2134 2687 viderat,

557 2715 842 2785 discipulis
887 2722 1108 2770 enarrat
1175 2711 1454 2783 Symeon;
1510 2711 1772 2784 Angulas,
1830 2710 2138 2782 superioris

558 2811 826 2864 doctrinae
863 2807 1019 2879 quasi
1070 2805 1382 2870 immemor,
1448 2804 1796 2875 quin‘etiam
1851 2801 2135 2873 praecepti,

557 2919 626 2956 ne
653 2901 886 2956 sollicite
906 2907 1132 2970 agerent
1161 2890 1429 2961 caveatis,
1466 2897 1673 2950 oblitus
1707 2911 1722 2950 :
1755 2894 2039 2950 Sollicitus
2064 2893 2137 2948 sit

560 2996 674 3064 ipse
703 3001 759 3047 et
780 2991 907 3054 sibi,
939 2989 1140 3058 inquit,
1174 2998 1230 3042 et
1260 2988 1443 3042 nobis.
1479 2986 1610 3053 Quae
1638 2986 1807 3040 verba
1869 2985 2136 3041 continuo

557 3087 712 3156 plaga
763 3081 1144 3151 consequitur,
1197 3095 1306 3133 non
1347 3079 1511 3132 modo
1555 3079 1682 3148 ipsi,
1737 3077 1834 3133 sed
1865 3076 2134 3133 fratribus

2319 2619 2457 2692 ρμδ’.
2497 2619 2585 2673 Ἐν
2603 2620 2712 2690 ὅσῳ
2731 2619 2841 2690 γὰρ
2869 2619 2934 2672 τὰ
2959 2618 3193 2686 ὀφθέντα
3223 2618 3358 2688 πρὸς
3388 2620 3510 2684 τοὺς
3533 2617 3776 2689 μαθητὰςὸ

2246 2709 2471 2779 Συμεὼν
2499 2711 2720 2783 διεξῄει·
2739 2711 2838 2782 τῆς
2873 2711 3252 2782 προλαδούσης
3280 2711 3476 2780 ὥσπερ
3509 2709 3774 2777 ἐπιλαθόμε-

2243 2821 2330 2866 νος
2353 2803 2702 2867 διδασκαλίας
2749 2805 2778 2858 ὁ
2823 2803 3144 2872 Ἀγγουλᾶς,
3179 2804 3240 2856 οὐ
3284 2803 3394 2874 μὴν
3421 2804 3550 2856 ἀλλὰ
3596 2803 3674 2854 καὶ
3701 2799 3774 2870 τῆς

2243 2896 2485 2966 ἐντολῆς,
2521 2899 2612 2967 Μὴ
2643 2897 3038 2968 μεριμνήσητε,
3075 2895 3428 2966 κελευούσης,
3453 2895 3771 2966 Μερίμνησον,

2245 2991 2470 3054 ἐκεῖνος,
2503 2989 2678 3060 ἐαυτῷ
2707 2992 2800 3043 καὶ
2823 2991 2972 3059 ἡμῖν,
2999 2989 3119 3057 ἔφη.
3159 2989 3268 3042 Καὶ
3298 2990 3438 3058 μετὰ
3458 2988 3546 3040 τοῦ
3579 2988 3774 3059 ῥήματος

2245 3081 2406 3146 εὐθὺς
2449 3086 2482 3152 ἡ
2516 3082 2718 3152 πληγὴ,
2763 3085 2824 3136 οὐ
2859 3082 2980 3136 κατ’
3019 3081 3183 3136 αὐτοῦ
3220 3081 3403 3151 μόνον,
3438 3081 3567 3136 ἀλλὰ
3593 3075 3772 3132 καὶτῶν

554 3189 777 3246 quoque
809 3171 1067 3226 omnibus
1114 3184 1377 3240 perquam
1430 3169 1713 3223 luctuosa:
1753 3169 1890 3222 adeo
1929 3169 2134 3238 quippe

2244 3173 2490 3242 ἀδελφῶν
2535 3174 2670 3242 ὁμοῦ
2703 3173 2920 3227 πάντων
2943 3191 2958 3206 ⁸
2994 3174 3087 3228 καὶ
3121 3177 3154 3244 ἡ
3199 3175 3387 3244 πληγὴ
3431 3174 3626 3244 μεγάλη
3668 3169 3774 3224 οὕτω

557 3267 739 3339 gravis
767 3281 830 3320 ac
867 3279 1006 3319 sat-va
1053 3261 1179 3328 fuit,
1239 3269 1301 3316 ut
1353 3259 1576 3330 quidem
1621 3275 1792 3330 prope
1823 3257 2137 3316 abessen'ta

559 3367 757 3421 morte,
793 3356 1019 3426 quidam
1050 3355 1214 3410 etiam
1251 3361 1637 3419 morerentur;
1666 3353 1744 3407 illi
1799 3353 2014 3408 scilicet
2042 3351 2137 3422 qui

557 3451 681 3507 aliis
739 3449 1168 3520 negligentiores
1212 3447 1454 3502 fuerant.
1523 3443 1644 3511 Quo
1705 3444 1988 3499 intellecto
2037 3443 2138 3516 Sy-

553 3558 744 3608 meou,
773 3549 833 3595 ut
863 3540 1003 3594 alter
1035 3538 1160 3603 Job,
1199 3536 1325 3592 forti
1359 3549 1422 3590 ac
1447 3549 1719 3606 generoso
1744 3534 1928 3588 animo
1959 3533 2134 3587 dixit:

543 3638 636 3693 ’δίε
663 3650 852 3691 nomen
885 3631 1098 3685 Domini
1126 3627 1450 3684 benedictum
1493 3627 1548 3680 in
1579 3623 1773 3680 amula
1808 3626 1874 3680 "'.
1904 3625 2136 3692 Quidam

555 3737 738 3785 autem
785 3725 973 3786 frater,
1031 3720 1088 3774 in
1147 3717 1340 3790 paucis
1382 3716 1666 3776 studiosus
1729 3723 1894 3785 atque
1947 3727 2139 3767 amans

555 3818 816 3882 virtutis,
870 3815 1060 3870 Conon
1134 3809 1488 3882 appellatus,
1565 3807 1986 3879 Symeonique,
2065 3804 2137 3858 ob

553 3908 883 3982 elegantiam
931 3921 996 3961 ac
1021 3903 1351 3960 suavitatem
1385 3913 1603 3954 morum
1649 3905 1707 3951 et
1755 3895 2002 3952 studium
2047 3909 2137 3949 se-

557 4002 746 4060 ctandi
799 3999 1056 4062 meliora,
1095 3993 1390 4050 admodum
1429 3992 1650 4054 chartis,
1709 3987 1971 4058 perplexo
2021 3993 2138 4038 erat

555 4096 881 4166 deiectoque
905 4089 1108 4151 animo,
1126 4093 1381 4141 metuens
1410 4099 1480 4138 nc
1507 4081 1699 4139 eadem
1727 4093 1847 4150 quae
1873 4077 2139 4132 lratribus

557 4161 664 4245 sibi
694 4161 911 4256 quoque
943 4180 1228 4236 calamitas
1253 4175 1552 4232 accideret.
1603 4171 1706 4228 Hic
1731 4161 1904 4242 quasi
1948 4176 2135 4223 mente

557 4300 586 4338 a
621 4277 880 4337 sensibus
909 4273 1193 4335 aberrans,
1223 4268 1415 4323 videre
1435 4266 1542 4322 sibi
1569 4265 1866 4320 videbatur
1911 4261 2140 4334 Symeo—

555 4387 705 4436 nem,
735 4368 865 4424 talia
895 4367 1366 4432 interrogantem:
1391 4357 1582 4424 Qualis
1601 4355 1848 4410 hominis
1889 4353 2054 4410 unius
2081 4352 2138 4406 in

557 4465 722 4521 terris
749 4455 984 4513 maxima
1010 4467 1141 4522 erga
1167 4451 1339 4505 Deum
1385 4446 1588 4502 ﬁducia
1629 4447 1752 4502 est?
1804 4461 1874 4500 eo
1927 4452 2134 4508 autem,

2242 3265 2334 3318 καὶ
2376 3265 2608 3336 χαλεπὴ,
2645 3265 2721 3328 ὡς
2761 3265 2888 3328 τοὺς
2934 3266 3034 3335 μὲν
3073 3265 3252 3318 αὐτῶν
3286 3268 3564 3334 ἐγγυτάτω
3591 3261 3774 3316 θανάτου

2241 3357 2518 3424 γενέσθαι,
2543 3357 2673 3420 τοὺς
2703 3356 2758 3409 δὲ
2791 3357 2884 3410 καὶ
2916 3358 3115 3420 θανεῖν,
3144 3358 3258 3410 ὅσοι
3287 3357 3491 3428 δηλαδὴ
3521 3357 3618 3408 τῶν
3640 3353 3774 3408 ἀλλων

2241 3447 2604 3518 ἀμελέστερον
2648 3444 2814 3518 εἶχον.
2858 3448 3036 3519 Ὅπερ
3087 3447 3328 3518 μαθόντα
3383 3447 3472 3500 τὸν
3504 3443 3701 3515 Συμεὼν
3729 3439 3772 3492 τὸ

2241 3539 2336 3608 τῆς
2353 3541 2606 3610 νεανικῆς
2631 3538 2724 3592 τοῦ
2756 3537 2877 3592 Ίὼδ
2901 3539 3114 3610 ἐκείνης
3132 3539 3226 3592 καὶ
3248 3539 3503 3606 γενναίας
3533 3538 3678 3606 φάναι
3697 3533 3775 3602 iliu-

2240 3630 2364 3700 χῆς.
2397 3630 2506 3698 Ετη
2540 3629 2606 3683 τὸ
2634 3630 2823 3699 ὄνομα
2851 3629 3075 3696 Κυρίου
3101 3631 3519 3700 εὐλογημένον
3561 3631 3637 3692 εις
3665 3623 3772 3688 τοὺς

2239 3722 2478 3786 αἰῶνας.
2517 3721 2774 3793 Εἱστήκει
2801 3721 2858 3774 δέ
2893 3737 2976 3784 τις
3011 3721 3258 3791 ἀδελφὸς,
3294 3721 3408 3774 τῶν
3438 3720 3618 3790 κομιδῇ
3645 3733 3772 3772 σπου-

2239 3812 2403 3866 δαίων
2439 3813 2532 3866 καὶ
2568 3813 2894 3884 φιλαρέτων,
2924 3813 3095 3884 δνομα
3134 3813 3342 3879 Κόνων,
3373 3814 3431 3878 ὃς
3469 3814 3552 3868 διὰ
3577 3811 3630 3865 τὸ
3667 3824 3770 3880 χρη·

2241 3905 2364 3957 στὸν
2395 3904 2487 3958 τοῦ
2517 3904 2742 3976 τρόπου,
2776 3906 2872 3959 καὶ
2905 3906 2994 3959 τὸν
3019 3906 3148 3978 περὶ
3185 3906 3246 3960 τὸ
3280 3907 3445 3960 καλὸν
3481 3906 3640 3976 ἔρωτα
3661 3899 3766 3971 ἠγά-

2239 4014 2380 4066 πητο
2416 3997 2495 4068 τῷ
2538 3997 2759 4069 μεγάλῳ
2791 3999 3182 4070 διαφερόντως·
3223 3991 3382 4062 οὗτος
3418 3999 3524 4053 δέει
3561 3998 3646 4064 τῆς
3675 3994 3767 4060 irrit

2238 4091 2351 4152 τοῖς
2402 4089 2647 4156 ἀδελφοῖς
2693 4089 2907 4161 πληγῆς
2961 4091 3147 4142 ἵστατο
3194 4089 3537 4159 σκυθρωπός.
3582 4078 3766 4150 Ἔξωδδ

2240 4181 2492 4252 καθάπερ
2523 4179 2720 4234 ἑαυτοῦ
2743 4180 3002 4250 γεγονὼς,
3030 4182 3206 4234 ἐδόκει
3235 4181 3409 4236 ταῦτα
3434 4182 3523 4235 τὸν
3543 4181 3665 4233 θετον
3686 4173 3763 4226 Συο

2243 4273 2386 4344 μεὼν
2411 4276 2543 4347 ὁρᾷν
2574 4274 2736 4328 αὐτοῦ
2769 4273 3166 4343 πυνθανόμενον
3195 4289 3210 4306 ·
3240 4275 3380 4328 Ποία
3407 4275 3510 4328 τῶν
3547 4271 3668 4340 ὑπὲρ
3687 4265 3766 4336 γῆς

2240 4367 2358 4428 ἐνὸς
2390 4365 2679 4436 ἀνθρώπου
2714 4366 2945 4436 μεγίστη
2980 4365 3116 4435 πρὸς
3141 4364 3272 4418 Θεὸν
3302 4367 3610 4438 παρῤησία;
3635 4354 3764 4412 τοῦδέ

2241 4459 2336 4512 καὶ
2362 4459 2444 4520 τίς
2471 4460 2672 4522 ἐκεῖνός
2695 4459 2844 4511 ἐστιν
2873 4458 3156 4528 ἐρομένου,
3189 4457 3352 4510 αὑτὸν
3375 4454 3508 4511 εἶναι
3532 4453 3677 4524 φάναι
3699 4447 3765 4502 τὸν

519 4571 538 4581 ί
553 4555 688 4623 Quis
716 4551 808 4606 ille
833 4557 920 4604 est
939 4543 1141 4600 homo?
1161 4540 1554 4614 respondente,
1572 4539 1758 4596 dicere
1780 4538 2133 4610 Symeonem,

2244 4552 2360 4621 μετ’
2401 4549 2610 4605 ἐκείνου
2666 4549 2948 4604 λαλοῦνταο
2975 4549 3072 4618 τῆς
3114 4547 3286 4616 θείας,
3311 4544 3484 4619 οἶμαι,
3515 4535 3767 4618 χάριτος.δ

558 4649 651 4705 ille
685 4653 771 4702 est
801 4642 897 4714 qui
925 4637 1172 4710 loquitur
1213 4644 1426 4701 tecum;
1488 4633 1696 4700 divina,
1759 4641 1820 4688 ut
1870 4630 2133 4694 arbitror,

555 4739 730 4811 gratia
761 4736 842 4793 sic
877 4733 1206 4802 disponente
1245 4741 1332 4792 ea,
1361 4743 1484 4798 quae
1505 4733 1630 4798 post
1667 4725 1834 4796 paulo
1866 4731 2134 4780 eventura

555 4833 662 4904 ipsi
703 4837 903 4902 praeter
923 4821 1388 4895 exspectationem
1415 4826 1596 4884 erant,
1630 4826 1726 4873 aut
1745 4816 1935 4888 potius
1965 4815 2136 4871 disci-

554 4924 748 4996 pulum
780 4921 1112 4981 instruente,
1138 4928 1208 4970 ne
1235 4912 1304 4968 ad
1335 4909 1717 4966 inﬁdelitatem
1743 4926 1775 4966 a
1805 4909 1951 4964 malo
1975 4907 2140 4979 genio

555 5015 846 5088 pellectus,
870 5009 1296 5067 oblivisceretur
1349 5018 1502 5058 suam
1538 5001 1804 5074 magistro
1837 4999 2138 5056 infirmita-

559 5119 668 5164 tem
693 5105 940 5160 indieare
962 5095 1676 5156 adversusmacbinamenta
1699 5093 1906 5163 ipsius:
1928 5091 2138 5148 etenim

557 5198 663 5253 sibi
693 5194 946 5250 redditus
966 5189 1178 5251 Conon,
1206 5201 1404 5256 magno
1431 5199 1560 5242 cum
1590 5197 1830 5238 maerore
1859 5181 2138 5237 visionem

559 5290 725 5343 istam
751 5291 945 5340 saneto
975 5280 1210 5351 aperuit.

629 5379 752 5434 M5.
808 5376 931 5432 Non
980 5373 1156 5428 multo
1210 5370 1503 5440 interiecto
1548 5374 1796 5436 tempore
1851 5365 2050 5422 Conon
2107 5383 2138 5422 a

557 5471 781 5530 diabolo
819 5481 1112 5539 percussus
1156 5461 1490 5532 exspiravit:
1521 5458 1671 5529 quod
1703 5458 1798 5512 ubi
1852 5459 1920 5514 ad
1975 5475 2140 5516 aures

559 5563 852 5637 Symeonis
880 5556 1152 5632 pervenit,
1181 5570 1276 5610 eor
1311 5553 1506 5623 ingens
1526 5551 1684 5606 dolor
1729 5551 1952 5607 invasit.
1972 5553 2142 5610 Jubet

555 5673 689 5727 ergo
717 5653 994 5725 apportari
1027 5657 1327 5711 mortuum,
1372 5645 1597 5700 allatum
1643 5645 1775 5714 poni
1839 5645 1994 5716 juxta
2049 5663 2132 5712 se,

630 5834 674 5866 ¹⁴¹
690 5833 815 5888 Job.
851 5850 890 5896 ι.
922 5834 1015 5886 9.1.

2245 4643 2364 4714 μετ’
2404 4645 2465 4698 οὐ
2523 4643 2656 4696 πολὺ
2712 4642 3012 4713 παράδοξον
3065 4641 3434 4714 ἔμελλεν,ὲπ’
3466 4639 3604 4710 αὐτῷ
3642 4632 3765 4704 γενή-

2243 4733 2430 4788 σεσθαι
2493 4734 3006 4806 προοικονομούσης,
3063 4734 3097 4804 ἢ
3149 4733 3242 4787 τὸν
3304 4732 3546 4804 μαθητὴν
3605 4725 3764 4798 μᾶλλον

2240 4826 2649 4896 οίκοδομούσης,
2841 4824 2978 4898 λάθῃ
3033 4825 3186 4896 παρά
3233 4823 3328 4878 τοῦ
3388 4819 3610 4892 πονηροῦ
3659 4813 3763 4886 πρδς

2241 4918 2497 4972 ἀπιστίαν
2536 4917 2852 4988 ὑποσυρεὶς,
2891 4917 3179 4971 ἀσθένειαν
3205 4917 3300 4970 τοῦ
3333 4913 3634 4970 διδασκάλου
3660 4905 3764 4978 πρὸς

2241 5009 2340 5073 τὰς
2370 5010 2578 5062 ἐκείνου
2612 5009 2856 5079 μηχανὰς
2881 5007 3231 5077 καταγνῶναι
3254 5023 3268 5038 ο
3303 5008 3331 5060 ό
3361 5006 3455 5077 μὲν
3484 5005 3588 5072 γΞιρ
3619 4997 3765 5052 Κόνων

2241 5104 2321 5164 εἰς
2349 5100 2542 5155 ἑαυτὸν
2565 5099 2894 5166 επανελθὼν,
2921 5099 3159 5170 ἀγωνίας
3187 5100 3381 5170 μεστὸς
3407 5097 3500 5168 τὴν
3519 5095 3629 5163 δψιν
3652 5079 3765 5151 αὐτῷ

2241 5191 2409 5262 ὲξηγή
2418 5209 2567 5246 σατο.

2319 5372 2546 5443 ρμε’.Οὑ
2580 5369 2714 5424 πολὺ
2741 5369 2796 5424 δὲ
2825 5369 2886 5423 τὺ
2903 5371 2963 5422 ὲν
2983 5369 3133 5441 μέσῳ
3155 5370 3252 5423 καὶ
3279 5367 3503 5437 τελευτᾷ
3532 5363 3622 5434 μὲν
3637 5354 3765 5415 αὐτὸς

2245 5465 2350 5519 ὑπὸ
2402 5463 2496 5518 τοῦ
2548 5463 2794 5516 διαδόλου
2850 5461 3078 5532 πληγεὶς
3109 5465 3138 5516 ὁ
3173 5462 3359 5516 Κόνων
3384 5475 3400 5492 ·
3431 5459 3562 5528 ὅπερ
3583 5451 3654 5524 τῷ
3689 5447 3766 5500 Συ·

2249 5557 2394 5628 μεὼν
2445 5555 2730 5618 ἀκουσθὲν,
2765 5555 2940 5626 μέσης
2975 5554 3140 5608 αὐτοῦ
3179 5555 3509 5610 καθικνεῖται
3555 5539 3760 5618 mpm;-

2255 5651 2316 5702 'O
2343 5649 2400 5702 δὲ
2462 5649 2554 5703 τὸν
2607 5647 2802 5719 νεκρὸν
2864 5643 3216 5716 κομισθῆναι,
3249 5645 3342 5700 καὶ
3370 5641 3504 5714 πρὸς
3527 5631 3668 5692 αὐτοῦ
3690 5640 3762 5680 τε·
