4026 6292
297 362 432 430 8121

1287 364 1466 425 VITA
1503 364 1552 421 A
1590 360 2032 422 NICEPHORO
2069 355 2556 441 CONSClllPTA.

3410 331 3585 395 3122"

298 481 481 546 θῆναι,
510 477 609 548 τήν
629 476 686 530 δὲ
717 476 1048 547 δερματίνην
1073 475 1166 527 τοῦ
1213 474 1404 526 στύλον
1442 471 1654 542 σκέπην
1713 471 1884 542 ἀρθῆ-

1993 468 2292 540 pellicenm
2322 466 2591 522 columnae
2622 469 2828 517 tectum
2877 458 3158 524 amoveri;
3194 466 3308 511 tum
3360 456 3572 510 intimis
3644 457 3665 473 ’

300 586 386 622 ναι
410 567 700 631 κελεύσας,
728 568 796 622 τὰ
831 569 1114 636 σπλάγχνα
1143 582 1203 617 τε
1229 563 1419 626 δεινῶς
1442 563 1536 616 ἐπὶ
1579 562 1662 632 τῷ
1691 563 1884 633 κειμέ-

301 676 378 727 νῳ
410 656 601 711 παθὼν
640 658 901 728 ὀδυνηρόν
931 675 989 710 τε
1019 658 1138 709 λίαν
1167 656 1445 724 δακρύσας
1479 655 1575 708 καὶ
1609 653 1885 709 ἀνακλαύ-

300 767 419 812 σας.
471 749 675 817 γόνατά
726 766 788 801 τε
829 749 952 811 δοὺς
982 748 1169 815 ἐδάφει
1217 747 1315 799 καὶ
1366 746 1522 814 ὄψεις
1563 785 1579 807 ,
1640 744 1885 798 Δέσποτα

303 842 706 909 παντοκράτορ,
736 836 913 900 εἶπεν,
948 841 975 892 ὁ
1002 839 1238 906 ποιήσας
1266 836 1360 888 τὸν
1395 833 1626 904 οὐρανὸν
1651 835 1744 887 καὶ
1781 834 1887 904 πή-

302 929 397 994 ξας
427 930 611 993 αὐτὸν,
644 931 671 982 6
732 928 1041 999 στερεώσας
1063 928 1161 997 τὴν
1182 931 1284 997 γῆν
1321 928 1414 981 καὶ
1468 927 1535 979 τὰ
1569 928 1627 979 ἐν
1661 926 1821 997 αὐτῇ,
1856 926 1886 977 6

298 1021 475 1082 διδοὺς
512 1021 680 1091 πνοὴν
707 1021 784 1090 τῷ
809 1021 924 1091 λαῷ
951 1020 1029 1090 τῷ
1069 1021 1153 1072 ἐπ’
1185 1020 1357 1089 αὐτῆς
1388 1019 1481 1072 καὶ
1515 1018 1735 1088 πνεῦμα
1773 1020 1887 1080 τοῖς

210 1126 219 1132 ’
301 1114 561 1168 πατοῦσιν
591 1116 782 1183 αὐτὴν.
813 1118 840 1168 ὁ
867 1115 1187 1183 ὲκστρέφων
1224 1115 1305 1178 είς
1337 1112 1480 1182 πρωῒ
1526 1113 1686 1166 σκιὰν
1721 1112 1889 1165 θανά-

298 1224 394 1260 του
445 1206 539 1260 καὶ
597 1207 813 1277 ἡμέραν
850 1210 929 1270 εἰς
983 1206 1154 1261 νύκτα
1232 1207 1532 1271 σκοτάζων,
1570 1208 1599 1258 ὀ
1639 1205 1887 1259 θανατῶν

299 1297 396 1353 καὶ
454 1296 759 1366 ζωογονῶν,
790 1301 818 1351 6
872 1300 954 1362 εἰς
1011 1297 1141 1369 ᾅδου
1206 1299 1469 1364 κατάγων
1503 1298 1599 1350 καὶ⁸
1643 1296 1886 1365 ἀνάγων,

307 1389 542 1443 πνεῦσον
598 1390 692 1442 ἐπὶ
741 1391 803 1443 τὸ
857 1389 1050 1459 νεκρὸν
1085 1391 1246 1458 σῶμα
1292 1389 1456 1455 τοῦτο
1500 1389 1595 1443 τοῦ
1621 1386 1888 1454 ζωοποιοῦ

302 1480 620 1551 Πνεύματός
668 1496 787 1541 σου,
821 1482 913 1534 καὶ
954 1482 1396 1551 ἀποκαταστήτω
1444 1479 1594 1551 αὐτῷ
1643 1481 1677 1548 ἠ
1741 1479 1888 1551 ψυχὴ

303 1573 494 1633 αὑτοῦ,
528 1572 671 1626 ὥστε
705 1572 938 1642 λαλῆσαι
968 1574 1095 1636 τοὺς
1124 1574 1275 1636 υἱοὺς
1300 1572 1413 1625 τῶν
1460 1572 1764 1642 ἀνθρώπων
1793 1572 1891 1641 τὴν

304 1663 623 1717 δυναστείαν
656 1680 772 1727 σου,
807 1665 900 1716 καὶ
940 1664 1039 1735 τήν
1070 1662 1227 1729 δόξαν
1261 1663 1361 1732 τῆς
1408 1662 1891 1733 μεγαλοπρεπείας

302 1754 403 1822 τῆς
437 1753 716 1823 βασιλείας
771 1770 888 1807 σου.
923 1754 1110 1807 Ταῦτα
1164 1751 1609 1822 προσευξάμενος
1644 1754 1738 1806 καὶ
1772 1752 1891 1807 δια-

302 1815 526 1908 ναστάς,
553 1845 766 1913 μεγάλῃ
792 1844 867 1906 ὡς
900 1839 1069 1914 εἶχεν,
1111 1815 1283 1898 ’Ᾱϐδᾶ
1319 1815 1529 1909 Κόνων,
1571 1843 1797 1913 ἐϐόησε,
1817 1848 1883 1916 τῇ
1921 1815 1964 1871 Β

303 1938 478 2004 φωνῇ.
521 1935 578 1987 'U
603 1935 660 1987 δὲ
711 1931 778 2005 ἦν
836 1920 1065 2005 ἄψυχος,
1098 1936 1259 2003 σῶμα
1307 1935 1615 2006 αἰσθήσεώς
1677 1953 1740 1989 τε
1792 1937 1889 1990 καὶ

305 2030 475 2095 πνοῆς
500 2012 734 2097 ἔρημον.
757 2026 936 2083 Τοῦδὲ
960 2030 1025 2095 τῇ
1062 2030 1132 2097 γῇ
1184 2027 1346 2080 πάλιν
1382 2026 1585 2105 ¹ἑαυτὸν
1623 2026 1718 2080 τοῦ
1780 2028 1888 2080 Συ-

306 2120 453 2188 μεὼν
509 2123 821 2185 δεδωκότος,
848 2123 915 2176 τὰ
967 2124 1113 2178 αὐτὰ
1172 2141 1233 2175 τε
1297 2122 1762 2193 προσευεαμένου,
1793 2124 1890 2177 καὶ

303 2213 661 2282 παραπλησία⁵
681 2217 831 2283 φωνῇ
856 2214 1016 2267 πάλιν
1037 2216 1128 2268 τὸν
1153 2214 1405 2284 μαθητὴν
1425 2214 1755 2279 καλέσαντος
1808 2217 1889 2271 ἔτι

302 2303 495 2373 νεκρὸς
508 2305 747 2375 ἀκριϐῶς
763 2309 790 2359 6
807 2306 998 2377 νεκρὸς
1022 2304 1109 2379 ἦν.
1148 2306 1352 2359 Γόνατα
1368 2306 1463 2358 καὶ
1476 2308 1717 2382 κεφαλὴν
1736 2306 1892 2376 αὖθις

305 2392 597 2464 κολληθεὶς
637 2396 715 2465 τῷ
762 2398 972 2467 ἐδάφει,
1020 2399 1421 2471 συντονώτερον
1480 2420 1540 2454 τε
1605 2402 1699 2456 τοῦ
1753 2402 1890 2457 Θεοῦ

304 2485 537 2556 δεηθεὶς,
579 2489 771 2542 ἔπειτα
804 2490 986 2558 μέντοι
1031 2493 1264 2562 καρδίαν
1300 2493 1417 2558 ἅμα
1447 2496 1541 2546 καὶ
1572 2494 1890 2565 ὀφθαλμοὺς

306 2579 386 2640 είς
416 2581 677 2648 οὐρανοὺς
715 2582 1026 2643 ἀνατείνας,
1061 2585 1250 2652 φωνήν
1296 2602 1353 2637 τε
1384 2585 1622 2656 δάκρυσι
1667 2586 1892 2658 θερμοῖς

307 2673 719 2743 κεκερασμένην
752 2675 930 2741 ἀφεὶς,
952 2675 1016 2728 ’Π
1046 2675 1140 2727 τοῦ
1172 2675 1307 2728 Θεοῦ
1333 2678 1541 2747 μήτηρ,
1569 2680 1600 2746 ή
1629 2678 1893 2735 Δέσποινα

307 2760 527 2813 πάντων
577 2764 670 2815 καὶ
711 2764 973 2827 Θεοτόκος
1003 2766 1035 2835 ή
1070 2767 1168 2835 τῆς
1199 2766 1356 2835 ήμῶν
1403 2767 1770 2829 ἀναπλάσεως
1799 2770 1894 2823 καὶ⁵

308 2852 584 2921 σωτηρίας
634 2858 846 2922 μεσῖτις
878 2896 892 2917 ,
928 2856 1033 2923 ἔφη
1074 2873 1088 2887 ·
1114 2859 1143 2909 ό
1188 2856 1494 2927 πρόδρομος
1540 2859 1635 2912 τοῦ
1679 2860 1897 2929 Ἐμμα-

305 2944 486 3012 νουὴλ.
512 2946 538 2997 6
561 2947 652 2996 καὶ
680 2947 841 2998 αὐτὸν
878 2948 1236 3012 καταξιωθεὶς
1264 2948 1525 3016 βαπτίσαι
1553 2949 1643 3002 τὸν
1673 2949 1897 3020 αἴροντα

302 3034 404 3104 τὴν
434 3037 707 3104 ἁμαρτίαν
728 3037 822 3089 τοῦ
842 3039 1070 3108 κόσμου,
1102 3039 1130 3090 6
1163 3041 1226 3109 τῇ
1257 3039 1424 3110 μητρί
1452 3057 1521 3110 με
1551 3041 1646 3096 καὶ
1668 3042 1772 3111 πρὸ
1805 3060 1901 3109 γε-

1985 559 2300 615 visceribus
2333 556 2792 627 superjacentem
2820 559 3148 614 commotus,
3210 548 3573 616 dolenterque

1987 634 2284 705 admodum
2315 649 2454 703 ﬂens
2488 654 2655 715 alque
2703 644 3093 713 ingemiscens,
3152 638 3448 709 prostratis
3478 652 3573 707 ge—
3640 646 3646 693 ἶ

1986 741 2153 796 nibus
2181 756 2248 795 ac
2280 740 2417 794 facie
2449 739 2502 791 in
2531 747 2730 791 terram
2756 753 2769 788 :
2808 733 3061 797 Domine,
3087 731 3283 799 inquit,
3321 727 3575 796 omnipo-

1989 841 2134 896 tens,
2161 831 2256 900 qui
2287 829 2467 883 fecisti
2517 827 2719 882 coelum
2771 834 2828 880 et
2885 821 3208 893 compegisti
3260 821 3425 885 illud;
3475 819 3571 888 qui
3660 858 3663 861 -

1988 922 2219 976 ﬁrmasti
2251 928 2454 975 terram
2488 928 2544 973 et
2571 933 2693 987 qua:
2719 917 2772 971 in
2803 932 2866 970 ea
2883 926 3048 979 sunt;
3081 913 3174 982 qui
3199 910 3567 980 dasspiritum

1990 1016 2197 1087 populo
2224 1022 2429 1068 terram
2464 1011 2729 1067 incolenti
2781 1017 2839 1064 et
2892 1007 3167 1073 caicanti;
3227 1006 3322 1076 qui
3378 1005 3574 1059 mortis

1991 1104 2244 1157 umbram
2279 1102 2452 1157 vertis
2479 1102 2531 1155 in
2557 1100 2760 1164 lucem,
2794 1107 2849 1152 et
2883 1098 3030 1151 diem
3066 1098 3119 1149 in
3156 1105 3374 1149 noctem
3418 1103 3573 1149 tene-

1992 1201 2379 1270 brosam;qui
2410 1197 2622 1253 occidis
2647 1202 2704 1250 et
2760 1192 3046 1258 vivificas;
3101 1192 3195 1261 qui
3249 1191 3318 1245 ad
3366 1190 3576 1244 inferos

1986 1291 2222 1347 deducis
2245 1299 2301 1345 et
2325 1289 2582 1357 reducis;
2623 1286 2773 1356 spira
2807 1300 2974 1354 super
3002 1285 3107 1337 hoc
3143 1283 3381 1338 cadaver
3405 1281 3574 1351 spiris

1996 1394 2110 1438 tum
2133 1391 2290 1438 tuum
2324 1381 2629 1447 viviﬁcum,
2656 1386 2712 1433 et
2750 1377 3078 1432 restituatur
3102 1375 3180 1429 illi
3227 1375 3406 1428 anima
3452 1388 3573 1437 sua,

1993 1486 2055 1532 ιιι
2106 1476 2203 1530 filii
2258 1475 2546 1528 hominum
2619 1470 2909 1526 celebrent
2959 1468 3263 1538 potentiam
3316 1475 3464 1521 tuam
3513 1472 3572 1518 et

1988 1568 2222 1639 gloriam
2248 1564 2551 1636 majestatis
2580 1561 2735 1632 regni
2770 1562 2871 1615 tui.
2904 1561 2983 1615 lta
3010 1567 3270 1630 precatus
3302 1558 3568 1622 surrexit,

1990 1669 2309 1729 quantaque
2359 1657 2542 1727 potuit
2595 1656 2836 1711 maxima
2895 1669 3031 1708 voce
3081 1651 3358 1713 clamavit,
3415 1651 3569 1705 Abba

1993 1750 2281 1807 Conon.ls
2302 1756 2489 1803 autem
2537 1761 2673 1802 voce
2722 1745 2951 1802 carebat
2998 1743 3316 1812 animaque,
3375 1758 3578 1812 corpus

1991 1857 2161 1898 sensu
2193 1857 2256 1896 ac
2288 1840 2491 1910 spiritu
2516 1838 2874 1894 destitutum.
2901 1836 3039 1892 Cum
3094 1852 3229 1891 vero
3269 1850 3329 1890 se
3384 1849 3580 1889 rursus
3610 1873 3620 1879 -

1991 1932 2151 1988 humi
2206 1932 2558 2002 projecisset,
2615 1929 2923 1998 eademque
2978 1928 3253 1997 precando
3300 1927 3576 1989 iterasset,

1991 2041 2057 2082 ac
2111 2026 2232 2096 pari
2300 2039 2437 2079 voce
2516 2023 2851 2092 discipulum
2897 2031 3152 2076 vocasset
3204 2019 3580 2089 nequidquam

1995 2116 2268 2188 (mortuus
2307 2117 2454 2172 enim
2505 2124 2568 2170 ut
2617 2125 2756 2178 erat,
2816 2129 2948 2169 vere
2992 2113 3253 2168 manebat
3282 2118 3581 2179 mortuus).

1992 2206 2230 2278 genibus
2272 2221 2343 2260 ac
2371 2206 2551 2275 capite
2584 2205 2746 2259 tertio
2786 2204 2979 2259 aﬂixus
3010 2212 3191 2268 terrae,
3248 2199 3581 2257 contentioni

1994 2298 2253 2353 oratione
2274 2297 2370 2351 Dei
2408 2312 2570 2366 opem
2608 2296 2948 2366 imploravit.
2986 2297 3185 2351 Postea
3248 2310 3379 2348 vero
3412 2291 3582 2348 corde

1994 2389 2283 2458 oculisque
2309 2389 2366 2442 in
2394 2389 2595 2443 caelum
2625 2390 2853 2452 erectis,
2918 2403 3109 2442 vocem
3159 2385 3418 2457 lacrymis
3461 2387 3575 2440 fer-

1994 2479 2258 2534 ventibus
2299 2478 2520 2532 mistam
2576 2477 2892 2547 hujusmodi
2938 2477 3159 2531 emisit:
3214 2477 3390 2531 Mater
3445 2476 3580 2538 Dei,

1994 2572 2229 2628 Domina
2256 2570 2504 2623 omnium
2535 2584 2598 2623 ac
2622 2569 2878 2637 Deipara,
2913 2568 3208 2624 mediatrix
3267 2569 3581 2638 reparatio-

1995 2663 2082 2717 nis
2112 2677 2177 2716 ac
2210 2662 2405 2716 salutis
2430 2669 2671 2716 nostra):
2713 2662 3029 2715 Prmeursor
3060 2661 3454 2729 Emmanuelis,
3487 2662 3598 2732 qui-

1995 2755 2165 2809 etiam
2194 2754 2393 2823 dignus
2423 2752 2577 2807 fuisti
2614 2752 2899 2821 baptizare
2918 2752 3074 2806 illum
3109 2752 3205 2821 qui
3259 2752 3403 2807 tollit
3445 2770 3577 2823 pec—

1999 2855 2118 2899 cata
2148 2845 2363 2908 mundi,
2420 2845 2632 2914 quique
2671 2852 2966 2913 antequam
3028 2853 3195 2898 natus
3236 2859 3357 2898 sum
3414 2846 3578 2899 matri

1999 2952 2135 2991 mea:
2154 2922 2241 2990 me
2266 2932 2605 2990 annuntiasti
2628 2953 2639 2987 :
2664 2935 2988 2999 Cherubim,
3015 2935 3327 3004 Serapbim,
3351 2936 3596 3001 Throni,

2002 3029 2438 3089 Dominationes,
2470 3028 2843 3096 Prlncipatus,
2873 3028 3141 3090 Virtutes,
3198 3026 3451 3090 Michael,
3476 3028 3585 3083 Ga‘

305 3125 1030 3198 νέσεωςεὐαγγελισάμενος·
1054 3130 1360 3201 Χερουϐὶμ,
1389 3132 1658 3204 Σεραφὶμ,
1677 3134 1888 3203 Θρὸνοι,

1999 3120 2163 3187 briel,
2188 3130 2245 3175 et
2277 3127 2553 3190 quotquot
2574 3129 2845 3189 praeterea
2877 3119 3013 3174 estis
3047 3118 3280 3190 angelici
3321 3120 3576 3191 spiritus,

305 3216 664 3287 κυριότητες,
703 3219 914 3288 Ἀρχαὶ,
963 3221 1259 3286 Ἐξουσίαι,
1322 3222 1565 3292 Μιχαὴλ,
1624 3223 1886 3295 Γαϐριὴλ,

302 3307 442 3360 ἀλλὰ
468 3310 561 3361 καὶ
592 3311 789 3376 πάντες
812 3313 924 3365 ὅσοι
954 3313 1062 3366 τῶν
1126 3314 1436 3384 ἀγγελικῶν
1481 3315 1707 3369 ἐκείνων
1732 3317 1891 3372 δυνά-

310 3417 481 3469 μεων,
510 3401 672 3465 ἄλλος
696 3402 864 3472 ἄλλης
918 3407 1183 3475 στρατιᾶς
1238 3406 1569 3478 προηγεῖσθε
1598 3424 1613 3439 ·
1662 3407 1894 3460 ἀπόστο-

303 3489 390 3543 λοι
441 3491 614 3552 θεῖοι,
667 3496 974 3564 προφῆται,
1072 3497 1371 3566 μάρτυρες,
1431 3499 1631 3569 ἱερεῖς,
1682 3499 1733 3551 oi
1793 3500 1891 3570 τὴν

306 3582 652 3652 ἁδαπέινητον
711 3586 991 3650 μυστικῶς
1045 3586 1237 3640 Θυσίαν
1270 3589 1409 3658 ὑπὲρ
1451 3588 1640 3659 ψυχῶν
1670 3589 1893 3643 δικαίων

308 3674 732 3743 προσφέροντες,
767 3676 1067 3746 σεσίγηκεν
1103 3679 1234 3751 ὑμῖν
1270 3681 1421 3733 πᾶσα
1451 3678 1547 3732 νῦν
1581 3681 1728 3752 ὑπὲρ
1757 3680 1893 3749 ἐμοῦ

309 3763 448 3831 πρὸς
505 3763 638 3815 Θεὸν
695 3766 1003 3835 παρρησία,
1036 3768 1366 3839 ἐπιλέλησθε
1397 3768 1494 3822 τοῦ
1543 3770 1634 3823 διὰ
1693 3770 1896 3833 παντὸς

310 3855 455 3921 ὑμᾶς
481 3859 709 3924 μεσίτας
736 3858 1173 3927 προϐαλλομένου
1205 3876 1218 3888 ·
1255 3862 1433 3913 κεῖται
1458 3859 1590 3930 γὰρ,
1613 3860 1688 3923 ὡς
1709 3860 1894 3930 ὁρᾶτε,

307 3939 503 4009 οὗτος,
555 3949 649 4000 καὶ
697 3951 925 4020 οὐδεμία
967 3952 1098 4019 παρ’
1155 3950 1309 4020 ὑμῶν
1360 3952 1660 4022 πρεσϐεία,
1719 3953 1897 4016 οὐδεὶς

307 4037 417 4091 τῶν
450 4040 599 4109 ἐμῶν
621 4042 719 4111 τῆς
774 4041 999 4112 καρδίας
1024 4041 1226 4095 ὀδυνῶν
1272 4043 1452 4105 ἔλεος.
1487 4038 1672 4096 Ἶλίπου
1709 4044 1896 4099 διακει

308 4131 409 4199 νῆς
446 4132 574 4198 παρ’
606 4133 734 4203 ὅλην
767 4137 794 4187 ὁ
822 4135 980 4197 πόνος
1009 4134 1134 4203 ἐμοὶ
1178 4134 1278 4205 τὴν
1309 4132 1487 4205 ζωήνς
1519 4135 1582 4187 Εἰ
1622 4137 1723 4189 οὐκ
1763 4136 1897 4189 ἀνα*

310 4223 592 4292 στήσεται.
627 4226 797 4288 ὅντως
842 4226 942 4278 οὐκ
974 4225 1322 4296 εὐηρέστησα
1350 4225 1428 4294 τῷ
1462 4225 1583 4297 Θεῷ
1631 4244 1758 4298 μου,
1804 4228 1898 4281 ού-

264 4372 271 4377 ,
306 4313 366 4365 δὲ
390 4320 676 4370 κοινωνίαν
707 4318 975 4387 οὐμενοῦν
1002 4315 1159 4389 εὗρον
1190 4318 1449 4388 οὐδεμίαν
1481 4320 1539 4372 ὲν
1572 4319 1721 4390 ὑμῖν,
1758 4321 1806 4373 εἰ
1837 4322 1896 4372 οὐ

310 4403 561 4472 ζήσεται.
609 4408 667 4460 '0
692 4411 751 4459 ὲν
804 4408 1031 4479 ὑψηλοῖς
1074 4408 1371 4476 κατοικῶν,
1397 4411 1492 4464 καὶ
1537 4410 1608 4463 τλ
1663 4409 1897 4465 ταπεινὰ

1995 3212 2086 3267 alii
2150 3211 2274 3266 aliis
2326 3211 2668 3266 exercitibus
2740 3210 3027 3281 praefecti:
3073 3210 3248 3264 divini
3305 3210 3605 3280 apostoli,

1991 3301 2300 3373 prophetae,
2353 3311 2654 3373 martyres,
2707 3300 3045 3367 sacerdotes,
3071 3300 3162 3370 qui
3193 3301 3583 3354 inexhaustum

1995 3392 2330 3448 sacrificium
2383 3407 2485 3461 pro
2530 3391 2822 3446 animabus
2868 3392 3036 3461 justis
3069 3391 3296 3462 mystice
3339 3391 3575 3447 offertis.

1990 3483 2104 3554 jam
2152 3481 2335 3536 omnis
2378 3491 2559 3536 vestra
2591 3480 2648 3534 in
2700 3481 2873 3533 Deum
2913 3480 3113 3534 ﬁducia
3148 3496 3250 3549 pro
3293 3496 3380 3535 me
3429 3480 3579 3548 loqui

1993 3574 2206 3630 destitit
2268 3589 2333 3627 ac
2362 3582 2514 3626 muta
2559 3581 2679 3634 est;
2745 3571 2906 3625 obliti
2954 3570 3089 3625 estis
3149 3571 3275 3637 mei,
3323 3572 3419 3640 qui
3482 3587 3583 3627 vos

1996 3680 2216 3735 semper
2249 3664 2588 3719 mediatores
2613 3662 2845 3718 adhibui
2873 3682 2885 3716 :
2917 3665 3066 3734 jacet
3108 3663 3336 3734 quippe,
3368 3673 3429 3718 ut
3460 3681 3581 3720 cer-

1997 3756 2151 3819 nitis,
2182 3756 2275 3810 hic
2301 3755 2611 3825 discipulus
2635 3770 2826 3821 meus;
2863 3768 2919 3810 ct
2944 3756 3093 3810 nulla
3137 3772 3167 3809 a
3203 3755 3361 3811 vobis
3415 3757 3586 3810 inter-

1998 3846 2201 3909 cessio,
2228 3846 2381 3902 nulla
2407 3840 2662 3901 dolorum
2695 3862 2943 3901 meorum
2994 3846 3407 3903 commiseratio
3457 3866 3586 3917 pro-

2001 3936 2169 3992 cedit.
2222 3934 2303 3992 An
2357 3953 2489 4008 ergo
2548 3938 2755 3993 frustra
2827 3937 3010 3994 ornnis
3059 3954 3158 4008 per
3214 3948 3380 4008 tgtam
3410 3939 3579 3992 vitam

2000 4030 2311 4085 exantlatus
2369 4030 2571 4085 labor?
2613 4030 2670 4085 Si
2701 4031 2795 4085 hic
2824 4047 2934 4085 non
2968 4042 3242 4103 resurgat,
3297 4048 3425 4087 vcrc
3470 4050 3583 4086 neu

2001 4123 2186 4194 placui
2244 4124 2356 4177 Deo
2414 4138 2570 4189 meo;
2632 4139 2815 4195 neque
2874 4125 3319 4181 communionem
3396 4126 3579 4181 inveni

2001 4217 2170 4269 ullam
2205 4216 2259 4268 in
2294 4215 2475 4281 vobis,
2510 4216 2556 4269 si
2608 4232 2719 4270 non
2770 4216 3090 4271 reviviscat.
3121 4218 3203 4270 Tu
3241 4219 3334 4287 qui
3369 4218 3423 4272 in
3456 4219 3584 4273 altis
3629 4245 3633 4249 -

2002 4308 2220 4363 habitas
2250 4318 2307 4364 et
2330 4308 2558 4362 humilia
2587 4309 2840 4378 respicis,
2870 4310 2966 4377 qui
3018 4309 3084 4364 ad
3145 4309 3427 4364 dexteram
3463 4327 3581 4363 ma-

1996 4400 2215 4470 jestatis
2248 4399 2410 4455 sedes
2453 4402 2509 4455 in
2554 4401 2731 4463 caelis,
2766 4411 3051 4465 converte,
3088 4418 3296 4473 quaeso,
3324 4402 3577 4461 Domine,

316 4499 549 4567 ἐφορῶν,
582 4502 611 4552 ὁ
651 4501 708 4552 ἐν
737 4499 886 4571 δεξιᾷ
923 4502 1021 4571 τῆς
1055 4502 1447 4571 μεγαλωσύνης
1495 4503 1811 4575 καθήμενος⁴
1833 4505 1891 4556 ὲν

2005 4491 2154 4557 inde,
2186 4502 2244 4547 et
2271 4493 2483 4563 respice
2517 4507 2549 4547 e
2583 4493 2747 4548 domo
2767 4502 2955 4549 sancta
2978 4496 3168 4565 gloria:
3204 4504 3328 4549 tum.
3362 4495 3465 4551 Ubi
3495 4505 3582 4549 est

206 4622 219 4629 ι
306 4591 422 4651 τοῖς
450 4591 719 4659 οὐρανοῖς,
750 4592 1101 4663 ἐπέστρεφον,
1136 4595 1331 4665 Κύριε,
1368 4596 1434 4647 ἐκ
1486 4594 1582 4648 τοῦ
1634 4593 1887 4667 ούρανοῦ,

308 4679 404 4730 καὶ
434 4679 508 4731 ῖδε
544 4684 608 4733 ὲκ
645 4680 734 4733 τοῦ
781 4682 933 4735 οἴκου
960 4684 1052 4736 τοῦ
1093 4684 1252 4753 ἁγίου
1303 4702 1396 4738 σου
1428 4686 1524 4739 καὶ
1549 4686 1707 4754 δόξης
1738 4704 1754 4717 ·
1786 4688 1889 4740 ποῦ

307 4770 454 4823 ἐστιν
484 4773 511 4823 ὀ
544 4769 704 4841 tam;
734 4790 825 4825 σου
850 4773 946 4827 καὶ
978 4776 1011 4845 ή
1041 4774 1197 4843 ἰσχύς
1221 4793 1350 4842 σονς
1382 4775 1484 4829 ποῦ
1513 4778 1629 4830 ἐστι
1663 4778 1723 4829 τὸ
1757 4777 1893 4847 πλῆ-

310 4860 402 4922 Οος
428 4860 523 4914 τοῦ
558 4864 711 4916 ἐλέου
740 4882 833 4919 σου
863 4866 959 4919 καὶ
987 4865 1095 4919 τῶν
1123 4867 1424 4939 οἰκτιρμῶν
1457 4885 1550 4922 σου
1575 4886 1594 4937 ;

383 4960 539 5022 ρμς’.
574 4954 761 5007 Ταῦτα
802 4956 898 5009 τοῦ
961 4957 1116 5025 ἁγίου
1162 4960 1623 5030 προσευχομένου,
1664 4961 1725 5013 οὐ
1763 4978 1891 5014 κατ-

312 5044 507 5113 ηφείας
537 5046 695 5114 μόνον
716 5049 765 5099 oi.
796 5049 1065 5119 παρόντες
1092 5049 1426 5122 ἐπληροῦντο
1451 5052 1735 5119 καὶδέοκ,
1754 5051 1893 5105 ἀλλὰ

311 5136 658 5207 συμπάσχειν
683 5137 831 5209 αὐτῷ
867 5140 1066 5211 μικροῦ
1090 5141 1185 5193 καὶ
1223 5145 1290 5195 τὰ
1327 5147 1566 5213 στοιχεῖα
1592 5145 1788 5207 ἐδόκει,
1808 5146 1892 5198 δι-

310 5228 474 5292 καίας
524 5229 668 5284 οὕτω
718 5233 900 5303 ψυχῆς
947 5233 1078 5305 βοὴν
1105 5234 1527 5306 δυσωπούμενα·
1566 5238 1666 5305 τὴν
1706 5239 1889 5306 μέντοι

296 5321 591 5388 μακαρίαν
622 5324 852 5392 Μάρθαν
883 5325 980 5378 καὶ
1008 5326 1211 5395 φρίκης
1235 5344 1286 5378 τι
1323 5327 1670 5398 ὑπεληλύοεν
1701 5329 1802 5400 ἥδη
1832 5331 1891 5383 δὲ

307 5410 403 5463 καὶ
453 5412 558 5477 ἔξω
611 5416 810 5486 ἑαυτῆς
864 5417 1081 5488 ἐνόμιζε
1136 5419 1486 5490 γεγενῆσθαι,
1532 5419 1639 5483 ἕως
1686 5422 1892 5475 ἄνωθεν

307 5502 551 5572 κρυφίως
588 5505 976 5576 ὲπιδημήσασα
1006 5508 1164 5580 χάρις
1187 5511 1268 5571 εἰς
1297 5507 1495 5577 ἑαυτὴν
1520 5510 1887 5579 ἐπανήγαγεν.

321 5589 462 5644 Ἀλλ’
490 5593 550 5645 οὐ
579 5594 688 5663 γὰρ
719 5596 910 5666 ἔμελλε
939 5598 1072 5661 Θεὸς
1096 5599 1269 5672 ταύτῃ
1300 5598 1395 5652 τοῦ
1420 5598 1629 5651 δικαίου
1661 5600 1893 5670 κάμνον-

308 5698 402 5744 τος
435 5685 527 5736 ἐπὶ
568 5687 729 5739 πλέον
777 5690 1074 5760 ὑπερορᾷς),
1107 5691 1241 5744 ἀλλὰ
1268 5692 1419 5755 θείας
1443 5695 1471 5745 ὁ
1501 5691 1725 5761 Συμεὼν
1770 5694 1890 5744 ἐπι-

315 5776 521 5846 σκοπῆς
555 5778 649 5831 καὶ
681 5784 1056 5853 προσαγούσης
1087 5785 1186 5855 ἤδη
1213 5784 1607 5856 παρακλήσεως
1630 5783 1890 5838 ύπαισοό·

1999 4584 2152 4638 zelus
2182 4591 2312 4638 tuus
2339 4598 2403 4637 ac
2433 4583 2614 4639 virtus
2644 4584 2777 4638 tua?
2806 4584 2901 4638 ubi
2937 4594 3022 4641 est
3055 4587 3353 4640 multitudo
3410 4587 3577 4641 mise—

1994 4668 2254 4728 ricordiae
2285 4682 2391 4728 tua:
2430 4683 2485 4729 et
2512 4676 2929 4731 miserationem
2967 4677 3224 4730 tuarum?

1988 4988 1991 4989 ν
2068 4956 2189 5012 M6.
2229 4957 2287 5011 l‘n
2337 4957 2483 5011 hunc
2542 4958 2764 5012 modum
2819 4964 3015 5013 orante
3064 4967 3275 5024 sancto,
3342 4974 3576 5013 moerere

1996 5049 2301 5118 timoreque
2344 5050 2553 5118 impleti
2620 5058 2749 5105 sunt
2778 5066 2885 5104 non
2920 5050 3082 5105 modo
3130 5059 3445 5120 przcsentcs,
3480 5066 3575 5105 ve-
3652 5049 3667 5117 ,ί

1994 5157 2116 5195 rum
2167 5141 2283 5210 ipsa
2319 5157 2540 5212 quoque
2587 5142 2862 5196 elementa
2906 5138 3387 5196 commiseratione
3429 5142 3571 5210 tangi

1991 5231 2347 5297 videbantur,
2399 5240 2588 5302 utpote
2648 5241 2757 5286 tam
2800 5232 2963 5303 iustae
3013 5232 3210 5286 animae
3275 5231 3573 5286 clamorem
3660 5296 3664 5303 η

1992 5323 2226 5378 ulterius
2255 5339 2360 5378 non
2392 5323 2623 5377 ferentia
2644 5341 2657 5376 :
2677 5331 2825 5378 certe
2846 5320 3060 5377 beatam
3090 5322 3354 5376 Martham
3379 5322 3576 5376 horror

1992 5414 2218 5483 quidam
2249 5414 2475 5475 subivit,
2502 5430 2612 5483 quo
2634 5430 2665 5469 a
2694 5414 2950 5469 sensibus
2971 5413 3207 5468 abivisse
3240 5428 3299 5468 se
3324 5411 3573 5483 putabat,

1994 5507 2173 5562 donec
2203 5522 2441 5576 superna
2486 5508 2581 5561 Dei
2614 5507 2788 5577 gratia
2820 5511 3036 5562 occulte
3068 5506 3466 5577 superveniens
3493 5505 3577 5574 ἰρι-

1992 5613 2105 5652 sam
2138 5598 2206 5651 ad
2250 5614 2309 5653 se
2350 5598 2585 5653 reduxit.
2624 5599 3115 5655 Verumenimvero
3172 5615 3281 5653 non
3340 5596 3577 5666 amplius

1993 5692 2099 5747 hoc
2144 5692 2308 5746 modo
2343 5693 2704 5763 despccturus
2733 5701 2853 5747 erat
2886 5693 3031 5748 Deus
3058 5692 3269 5763 justum
3316 5690 3573 5745 laborano

1994 5792 2153 5842 tenta:
2188 5784 2433 5840 sentiens
2477 5786 2659 5856 itaque
2686 5784 2930 5839 divinam
2979 5786 3345 5841 visitationem
3393 5782 3559 5837 adve-
