4026 6292
464 324 607 387 3123

1644 341 1705 399 8.
1753 339 2138 401 SYMEONIS
2178 340 2539 406 JUNIORIS

3622 350 3769 413 312$

462 443 821 516 nientemque
880 449 1339 516 consolationem,
1415 455 1622 525 ingenti
1680 456 1865 511 statim
1910 471 2047 513 voce

2158 475 2339 528 μενος,
2376 460 2470 524 όξὺ
2505 462 2703 516 αΰτίκα
2738 463 2939 537 βοήσας
2963 506 2979 533 ,
3021 467 3121 521 Ἕκ
3164 468 3432 537 θλίψεως
3461 468 3780 523 63ml:-

463 536 741 597 elamavit.
768 536 959 592 dicens
993 556 1005 591 :
1040 537 1121 592 Ex
1151 541 1495 596 tribulatione
1532 560 1649 596 mea
1680 545 1920 598 invocavi
1945 543 2054 598 Do-

464 626 761 697 minum,et
804 631 1071 685 exaudivit
1123 650 1205 686 me
1246 635 1301 688 in
1349 635 1629 690 latitudine
1680 636 1771 690 ’λε
1813 637 2052 702 Domine,

463 721 658 800 exaudi
690 723 985 778 oralioan
1019 732 1207 778 meam'
1234 733 1284 779 et
1339 727 1541 781 clamor
1590 744 1734 781 meus
1780 727 1849 781 ad
1883 736 1931 780 te
1964 744 2054 782 ve-

465 813 598 866 niat.
630 812 708 866 Ne
755 824 964 870 avertas
995 816 1183 885 faciem
1225 826 1373 871 tuam
1407 837 1438 873 a
1467 836 1626 889 puero
1654 829 1765 881 tuo,
1802 822 2055 882 quoniam

463 902 691 958 tribulor
734 921 755 968 ;
864 906 1109 962 velociter
1161 910 1355 963 exaudi
1404 926 1485 963 me
1523 919 1601 972 tu,
1646 911 1734 981 qui
1784 911 1937 964 caelos
1970 912 2056 963 in-

464 994 661 1060 clinas,
714 997 1015 1068 Deua";qui
1052 1016 1119 1054 ex
1169 1001 1377 1057 sanctis
1408 1012 1464 1057 et
1498 1004 1731 1058 excelsis
1755 1002 2058 1059 habitacu-

458 1086 531 1141 lis
567 1089 678 1144 luis
716 1089 1075 1154 descendisti,
1110 1093 1206 1161 qui
1241 1102 1470 1163 propter
1500 1109 1589 1147 me
1612 1108 1741 1147 caro
1767 1093 1942 1148 factus
1973 1108 2053 1159 es,

459 1178 556 1247 qui
595 1196 693 1249 pro
719 1196 804 1235 me
828 1196 1049 1236 crucem
1072 1191 1129 1237 et
1152 1195 1385 1240 mortem
1410 1185 1747 1240 sustinuisti.
1781 1185 1837 1240 Si
1862 1186 2058 1239 volun—

462 1277 629 1324 tatem
682 1270 994 1326 timentium
1034 1279 1108 1337 te,
1142 1273 1223 1328 uti
1254 1274 1582 1344 promisisti,
1620 1275 1786 1341 facis;
1825 1275 1870 1329 si
1914 1274 2056 1329 libro

459 1362 592 1417 vita:
613 1371 836 1418 αξιοι-ηαξ
855 1379 941 1419 me
965 1363 1216 1420 inutilem
1241 1381 1462 1421 servum
1488 1365 1814 1436 inscripsisti
1833 1382 1848 1433 ;
1870 1382 2058 1437 quem-

457 1452 752 1507 admodum
801 1453 964 1510 ﬁliam
993 1456 1261 1527 principis
1284 1458 1397 1528 jam
1429 1456 1746 1512 defunctam
1769 1498 1783 1520 ,
1813 1468 1872 1512 et
1904 1473 2057 1511 mor-

467 1552 625 1599 tuum
667 1545 848 1601 viduae
891 1547 1063 1603 ﬁlium
1116 1549 1227 1619 jam
1274 1549 1505 1613 elatum,
1539 1558 1596 1605 et
1646 1549 1917 1603 Lazarum
1943 1550 2055 1619 jam

454 1636 889 1705 quatriduanum
936 1654 1005 1693 ex
1040 1639 1277 1694 mortuis
1323 1638 1697 1706 resuscitasti;
1749 1639 1824 1694 ita
1870 1640 2057 1695 veniat

456 1742 679 1798 quoque
729 1729 959 1800 spiritus
986 1730 1114 1786 vitae
1144 1731 1199 1785 in
1231 1731 1383 1787 hunc
1417 1730 1764 1797 defunctum,
1806 1740 1864 1786 et
1901 1732 2049 1788 revi-

2159 550 2369 621 σάμην
2416 556 2520 607 τὸν
2560 555 2797 622 Κύριον,
2828 557 2957 628 ἔφη,
2999 559 3099 613 καὶ
3149 559 3466 625 ἐπήκουσέ
3495 576 3630 627 μου
3678 562 3772 626 είς

2159 647 2554 715 πλατυσμόν·
2594 648 2790 716 Κύριε,
2833 649 3204 705 εἰσάκουσον
3243 650 3354 719 τῆς
3390 651 3770 720 προσευχῆς

2152 752 2294 801 μου,
2322 737 2419 791 καὶ
2450 740 2486 805 ἡ
2516 740 2744 808 κραυγή
2770 759 2887 809 μου
2913 744 3062 809 πρὸς
3086 743 3161 797 σὲ
3192 744 3410 797 ἐλθέτω
3434 762 3445 771 ·
3469 743 3565 812 μὴ
3606 745 3771 797 ἀπο-

2158 826 2435 895 στρέψῃς
2462 831 2529 883 τὸ
2556 833 2883 899 πρόσωπόν
2910 850 3027 887 σου
3066 834 3184 888 ἀπὸ
3211 835 3316 888 τοῦ
3350 834 3580 900 παιδός
3617 853 3767 899 σου,

2158 917 2247 971 ὅτι
2271 921 2575 987 θλίϐομαι·
2597 924 2753 990 ταχὺ
2782 922 3131 979 ἑπάκουσόν
3145 944 3296 995 μου,
3333 929 3368 979 ό
3400 929 3645 991 κλίνας
3675 930 3774 979 οὐ·

2149 1010 2378 1079 ρανοὺς
2403 1014 2549 1079 (θείς
2572 1028 2585 1041 ·
2613 1016 2708 1068 καὶ
2738 1016 2797 1081 ἐξ
2825 1017 2994 1083 ἁγίων
3021 1017 3330 1086 ὑψωμάτων
3361 1019 3456 1070 καὶ
3485 1035 3771 1089 κατοικη-

2157 1102 2363 1171 τηρίων
2395 1120 2489 1156 σου
2520 1106 2785 1169 καταϐὰς,
2816 1109 2843 1160 ὁ
2870 1107 2937 1160 δι’
2966 1108 3063 1177 ἐμὲ
3094 1107 3568 1178 σὲρξγενόμενος.
3608 1112 3644 1160 ὁ
3670 1110 3771 1160 καὶ
3842 1091 3847 1094 ⁸

2161 1196 2393 1265 σταυρὶν
2419 1197 2559 1268 ὑπὲρ
2585 1201 2723 1268 ἐμοῦ
2755 1200 2847 1252 καὶ
2879 1199 3105 1254 θάνατον
3134 1201 3530 1269 ἀνασχόμενος.
3565 1202 3637 1253 ΕΞ
3678 1200 3773 1252 θέο

2156 1280 2222 1350 λη
2234 1295 2307 1351 μα
2326 1283 2434 1336 τῶν
2466 1301 2523 1338 σε
2554 1286 2720 1355 φοϐου
2729 1289 2924 1358 μένων,
2947 1288 3022 1352 ώς
3042 1291 3373 1358 ἐπηγγείλω.
3399 1294 3603 1352 ποιεῖς,
3624 1294 3682 1342 εἰ
3698 1292 3769 1361 τῇ

2160 1371 2329 1443 βίϐλῳ
2359 1391 2428 1444 με
2459 1376 2558 1445 τῆς
2583 1378 2733 1449 παρὰ
2765 1381 2847 1433 σοὶ
2884 1379 3030 1449 ζωῆς
3070 1381 3162 1433 καὶ
3198 1381 3288 1432 τὸν
3314 1383 3539 1451 ἀχρεῖον
3565 1380 3771 1434 δοῦλον

2160 1464 2549 1536 ἐναπεγράιζνω,
2594 1467 2670 1531 ῶς
2708 1467 3038 1538 τεθνηκυῖαν
3081 1470 3181 1541 ἤδη
3231 1471 3330 1539 τὴν
3357 1470 3454 1524 τοῦ
3483 1471 3770 1541 ἄρχοντος

2162 1554 2459 1627 θυγατέρα,
2500 1557 2573 1621 ὡς
2619 1556 3048 1631 ἐκκομιζόμενον
3088 1563 3282 1629 νεκρὸν
3317 1562 3410 1615 τὸν
3435 1566 3541 1633 τῆς
3575 1564 3771 1631 χήρας

2159 1647 2296 1713 υἱον,
2324 1647 2401 1711 ὡς
2427 1650 2800 1722 τετραήμερον
2830 1653 2894 1705 ἐκ
2915 1654 3123 1725 νεκρῶν
3147 1656 3450 1726 ἀνέστησας
3472 1654 3766 1725 Λάζαρον,

2158 1739 2333 1802 οὕτως
2388 1740 2590 1795 ἐλθέτω
2643 1743 2861 1810 πνεῦμα
2915 1743 3063 1814 ζωῆς
3110 1748 3202 1800 καὶ
3250 1748 3331 1810 εἰς
3365 1748 3461 1800 τὸν
3489 1749 3771 1817 κείμενον

455 1820 652 1886 viscat,
688 1799 1033 1877 etconsistat
1066 1823 1302 1893 pedibus
1331 1821 1470 1878 suis.
1505 1822 1584 1877 lla
1606 1823 1754 1893 justo
1777 1821 2049 1894 Symeone

2158 1830 2360 1897 τοῦτον,
2395 1832 2486 1886 καὶ
2515 1830 2756 1901 ζησάτω,
2791 1835 2885 1887 καὶ
2921 1837 3101 1907 στήτω
3144 1837 3238 1891 ἐπὶ
3275 1838 3386 1891 τῶν
3426 1840 3613 1892 ποδῶν
3652 1841 3767 1893 αῦ-

457 1911 756 1978 clamante,
807 1929 936 1977 vox,
985 1914 1452 1984 quemadmodum
1508 1915 1562 1969 in
1602 1915 1851 1970 oratione
1885 1916 2045 1979 solet,

2158 1921 2267 1979 τοῦ.
2323 1920 2509 1978 Ταῦτα
2571 1926 2667 1977 τοῦ
2718 1925 2927 1979 δικαίου
2984 1927 3235 1997 βοῶντος,
3286 1931 3439 1999 φωνὴ
3487 1931 3767 2002 καθάπερ

456 2004 606 2060 intra
644 2004 819 2076 ipsius
844 2006 1081 2075 jacentis
1130 2007 1369 2061 animam
1397 2006 1585 2060 audita
1615 2014 1699 2061 est
1723 2006 1825 2077 (uti
1858 2017 2049 2077 postea

454 2097 739 2166 narrabat)
761 2097 956 2152 dicens
984 2114 998 2151 :
1022 2096 1195 2153 Totus
1218 2096 1459 2152 mundus
1482 2097 1723 2152 tenebrae
1744 2105 1865 2162 est;
1899 2098 2047 2152 nulla

456 2190 671 2259 uSpiam
704 2189 798 2243 lux
828 2204 996 2258 super
1039 2188 1235 2244 faciem
1288 2197 1469 2253 terrm,
1508 2188 1772 2258 quoniam
1821 2187 2079 2260 impleta"

455 2288 545 2335 est
594 2280 860 2351 iniquitas
906 2282 961 2337 in
997 2280 1238 2353 negotiis
1267 2280 1506 2337 ﬁliorum
1540 2280 1850 2345 hominum,
1881 2281 2047 2351 idque

459 2388 574 2429 non
607 2373 787 2429 solum
832 2374 939 2430 hoc
981 2374 1038 2429 in
1078 2373 1221 2429 loco.

527 2569 653 2626 H7.
687 2568 806 2625 Jam
859 2569 939 2624 sol
989 2582 1187 2624 versus
1217 2567 1507 2623 meridiem
1552 2567 1880 2631 inclinabat,
1918 2583 2045 2623 cum

456 2659 694 2731 suspicit
745 2669 971 2714 sanctus
1016 2658 1253 2731 Symeon
1289 2675 1301 2710 :
1332 2666 1500 2727 atque
1548 2672 1678 2713 ecce
1726 2657 2048 2727 panduntur

458 2752 609 2816 caeli,
651 2759 707 2805 et
745 2751 955 2816 lumen,
1000 2766 1111 2804 non
1163 2750 1327 2804 modo
1361 2751 1648 2804 oculorum
1699 2749 1896 2811 aciem,
1949 2749 2045 2804 sed

458 2843 631 2913 ipsam
673 2859 894 2913 quoque
927 2842 1073 2897 diem
1109 2851 1164 2897 et
1199 2841 1915 2913 splendidissimumﬁolem
1966 2839 2047 2895 of-

446 2935 702 2999 fuscans,
749 2951 914 3006 supra
946 2936 1352 2990 ﬁrmamentum
1381 2935 1612 3001 emicat;
1652 2950 1930 3004 sonusque
1960 2949 2049 2988 ro-

458 3040 643 3083 tarum
679 3026 1023 3082 currentium
1053 3027 1315 3081 allabitur
1344 3027 1592 3081 auribus.
1621 3024 1831 3081 Currus
1860 3033 2046 3080 autem

2151 2014 2210 2066 ἐν
2270 2018 2548 2088 προσευχῇ
2603 2020 2669 2087 τῇ
2725 2019 2869 2089 ψυχῇ
2928 2019 3024 2072 τοῦ
3081 2021 3332 2090 κειμένου
3371 2022 3631 2090 ἠκούετο,
3678 2025 3762 2086 ὡς

2150 2105 2314 2170 αὐτὸς
2350 2106 2576 2178 ὕστερον
2591 2109 2952 2180 ἐξηγούμενος
2968 2106 3057 2182 ἦν,
3093 2112 3275 2175 Ὀλος,
3309 2113 3574 2180 λέγουσα,
3616 2114 3765 2167 326-

2149 2214 2242 2261 τος
2286 2200 2314 2252 6
2345 2197 2570 2269 κόσμος,
2618 2202 2716 2254 οὐκ
2747 2202 2864 2255 ἐστι
2896 2202 3011 2271 φῶς
3050 2203 3144 2255 ἐπὶ
3177 2202 3473 2273 προσώπου
3509 2204 3618 2272 τῆς
3642 2205 3764 2274 γῆς

2149 2288 2412 2360 οὐδαμοῦ,
2450 2290 2849 2363 πληθυνθείσης
2898 2294 3000 2364 τῆς
3048 2296 3278 2367 ἀνομίας
3315 2297 3373 2348 ἐν
3403 2299 3519 2359 τοῖς
3549 2299 3762 2366 ἐπιτη-

2146 2383 2382 2454 δεύμασι
2440 2385 2551 2437 τῶν
2606 2385 2740 2438 υἱῶν
2792 2386 2900 2440 τῶν
2948 2386 3274 2458 ἀνθρώπων,
3318 2387 3401 2440 ὅτι
3454 2387 3529 2457 μὴ
3583 2391 3756 2458 μόνον

2151 2472 2400 2527 ἐνταῦθα.

2221 2561 2369 2634 ρμξ.
2402 2563 2591 2628 Ἥλιος
2625 2565 2724 2636 μὲν
2748 2561 2842 2619 οῦν
2872 2552 3145 2639 ἦδημετὰ
3170 2568 3520 2640 μεσημϐρίαν
3549 2568 3752 2623 κεκλί-

2148 2668 2267 2706 κει·
2302 2655 2404 2724 ὁρᾷ
2454 2653 2512 2706 δὲ
2547 2654 2575 2705 6
2607 2654 2749 2725 ἱερὸς
2774 2655 3020 2726 Συμεὼν,
3050 2657 3145 2710 καὶ
3182 2656 3291 2710 ἰδοῦ
3337 2656 3654 2724 ἀνοίγονται
3690 2657 3749 2709 οι

2146 2744 2385 2814 οὐρανοὶ,
2419 2744 2533 2815 φῶς
2560 2745 2617 2798 δὲ
2653 2746 2752 2800 οὐκ
2776 2747 3054 2818 ὀφθαλμοῦ
3089 2750 3269 2818 μόνον,
3294 2747 3429 2802 ἀλλὰ
3450 2750 3547 2802 καὶ
3567 2749 3750 2816 αὐτῆς

2146 2838 2381 2909 ἡμέρας,
2416 2839 2510 2892 καὶ
2532 2839 2699 2893 αὑτοῦ
2728 2843 2976 2910 κρεῖττον
2998 2841 3153 2912 ἡλίου
3186 2841 3444 2914 ὑπεράνω
3475 2841 3573 2893 τοῦ
3622 2857 3750 2893 στεο

2149 2930 2473 3002 ρεὼμστος·
2513 2928 2652 3004 ἦχός
2699 2949 2760 2986 τε
2808 2933 3017 3003 τροχῶν
3078 2934 3393 3004 φερομένων
3445 2934 3749 3003 ἐμπίπτων

2147 3024 2268 3085 ταῖς
2289 3023 2480 3085 ἀκοαῖς
2505 3039 2522 3053 ·
2550 3024 2704 3094 ἅρμα
2735 3023 2792 3076 δέ
2815 3023 3046 3077 κατόπιν
3068 3023 3162 3077 τοῦ
3186 3025 3319 3094 ἤχου
3348 3024 3616 3093 τέσσαρσι
3644 3023 3747 3092 μὲν

448 3127 699 3189 quatuor
726 3119 1031 3173 instructus
1064 3118 1223 3187 equis
1251 3132 1316 3171 ac
1351 3116 1580 3171 totidem
1618 3117 1756 3171 rotis
1784 3127 1925 3181 erat,
1955 3117 2044 3171 cui

2158 3114 2338 3179 ἵπποις
2366 3114 2669 3187 χρώμενον,
2700 3116 2978 3179 τοσούτοις
3004 3116 3063 3169 δὲ
3087 3117 3182 3170 καὶ
3214 3119 3433 3186 τροχοῖς
3453 3131 3468 3145 ο
3504 3119 3660 3186 τρεῖς
3682 3133 3745 3170 τε

458 3221 573 3266 tres
606 3208 976 3280 prie-sidebant
1004 3208 1141 3273 viri;
1172 3222 1408 3278 quorum
1436 3223 1579 3263 unus
1606 3223 1636 3261 a
1668 3216 1822 3277 parte
1853 3206 2048 3261 dextra

459 3302 679 3358 medius
705 3302 849 3356 inter
883 3300 1023 3355 duas
1066 3307 1217 3354 rotas
1250 3307 1307 3353 ct
1334 3313 1528 3370 equos,
1560 3300 1699 3354 alter
1729 3315 1759 3352 a
1786 3306 1939 3368 parte
1970 3299 2048 3355 si-

449 3395 636 3451 .nistra
659 3393 938 3458 similiter,
964 3393 1159 3448 tertius
1186 3409 1216 3447 a
1244 3401 1397 3464 tergo
1418 3390 1662 3446 sedebat.
1682 3390 1863 3446 Vestis
1886 3405 2049 3460 porro

460 3497 517 3544 et
544 3504 700 3544 coma
729 3488 866 3544 viris
889 3488 1010 3543 talis
1040 3497 1179 3551 erat,
1214 3496 1275 3542 ut
1301 3486 1472 3542 altera
1499 3485 1736 3541 candore
1762 3493 2051 3556 superaret

449 3580 667 3645 .nivem,
721 3580 895 3634 altera
946 3578 1241 3650 splendore
1291 3594 1487 3632 aurum
1541 3596 1553 3630 :
1598 3592 1869 3648 equorum
1918 3592 2049 3632 vero

462 3673 615 3727 color
643 3680 699 3728 et
730 3672 903 3734 frena,
956 3680 1014 3726 et
1065 3670 1308 3726 vehiculi
1361 3669 1577 3740 species
1620 3684 1837 3725 merum
1888 3679 2052 3725 erant

462 3765 673 3831 lumen,
712 3765 858 3835 quod
904 3765 1096 3820 oculos
1144 3764 1327 3835 potius
1360 3763 1425 3815 ad
1462 3761 1847 3831 spectandum,
1884 3776 2048 3830 quam

461 3857 706 3928 linguam
762 3857 832 3911 ad
890 3857 1282 3927 explicandum
1336 3855 1666 3925 requireret,
1718 3862 1812 3909 aut
1863 3853 2050 3923 potius

466 3955 832 4016 utrorumque
863 3945 1148 4015 aequaliter
1171 3942 1846 4015 argueretinﬁrmitatem.
1883 3942 2050 3997 Fere-

462 4036 628 4091 batur
645 4046 827 4090 autem
852 4051 1052 4091 currus
1080 4050 1222 4105 pone
1255 4033 1567 4088 columnam
1594 4048 1623 4086 a
1651 4040 1806 4102 parte
1828 4031 2050 4087 sinistra

465 4144 665 4184 versus
720 4128 1024 4193 dexteram,
1069 4127 1247 4183 donec
1299 4127 1631 4182 consisteret
1681 4135 1808 4180 ante
1852 4125 2049 4181 faciem

468 4222 757 4295 Symeonis
790 4237 983 4277 versus
1020 4221 1312 4286 orientem,
1356 4220 1436 4275 sic
1465 4218 1693 4290 jubcnte
1735 4234 1801 4273 eo
1831 4219 1926 4289 qui
1962 4233 2051 4274 sc-

467 4316 744 4385 qucbatur
773 4330 802 4369 a
841 4313 1066 4369 dextris.
1120 4318 1123 4321 ’

544 4411 663 4464 H8.
694 4407 815 4461 Mox
836 4407 1001 4460 etiam
1029 4422 1059 4460 a
1085 4404 1326 4460 dexteris
1348 4404 1641 4474 tranquilla
1670 4403 1873 4458 alIlavit
1895 4419 2048 4467 aura,

2155 3212 2391 3283 ἀριθμὸν
2413 3213 2783 3283 παραθέοντες
2804 3213 3025 3284 ἄνδρες,
3054 3214 3082 3265 6
3113 3213 3210 3283 μὲν
3232 3214 3295 3265 ἐκ
3317 3212 3510 3279 δεξιῶν
3536 3213 3745 3283 μεταξὺ

2156 3303 2263 3357 τῶν
2315 3303 2408 3357 δύο
2440 3304 2652 3376 τροχῶν
2696 3322 2755 3358 τε
2809 3305 2904 3359 καὶ
2945 3305 3149 3368 ἵππων,
3182 3305 3211 3357 6
3252 3303 3297 3357 δ’
3328 3304 3387 3369 ἐξ
3431 3303 3746 3373 ἀριστερῶν

2155 3394 2375 3465 ὁμοίως,
2407 3394 2596 3467 ἕτερος
2634 3395 2772 3449 δ’ἐκ
2815 3395 2924 3449 τῶν
2965 3394 3250 3451 ὀπισθίων.
3287 3396 3350 3448 Ἦ
3392 3395 3452 3448 δὲ
3500 3394 3744 3464 ἀναϐολὴ

2155 3493 2269 3553 τοῖς
2300 3490 2528 3561 ἀνδράσι
2572 3493 2668 3545 καὶ
2707 3491 2740 3561 ἡ
2773 3491 2945 3561 κόμη,
2975 3493 3008 3562 ὴ
3040 3490 3137 3565 μὲν
3169 3491 3323 3561 χιόνα
3352 3493 3418 3559 τῇ
3448 3490 3744 3561 λευκότητι

2157 3582 2452 3653 παριοῦσα,
2496 3585 2530 3654 ἡ
2570 3583 2627 3636 δὲ
2669 3583 2829 3636 πλέον
2861 3584 2956 3637 καὶ
2992 3581 3195 3653 χρυσοῦ
3237 3582 3566 3635 στίλϐουσα·
3598 3583 3658 3634 τὸ
3686 3582 3744 3635 δὲ

2156 3676 2264 3730 τῶν
2294 3676 2479 3730 ἵππων
2509 3675 2730 3746 χρῶμα,
2768 3675 2836 3730 τὰ
2872 3675 2930 3729 δὲ
2963 3675 3110 3747 ἡνία,
3154 3675 3216 3727 τὸ
3250 3675 3304 3728 δὲ
3331 3674 3426 3727 τοῦ
3465 3676 3743 3745 ὀχήματος

2156 3763 2317 3834 εἶδος,
2356 3766 2472 3836 φῶς
2512 3766 2837 3836 αὐτόχρημα
2875 3761 3036 3837 ἦσαν,
3072 3765 3189 3835 φῶς
3212 3763 3510 3835 ὀφθαλμῶν
3540 3763 3742 3834 μᾶλλον

2157 3858 2236 3920 εἰς
2268 3856 2395 3909 θέαν
2432 3855 2465 3927 ἢ
2512 3853 2762 3925 γλώττης
2809 3856 2888 3918 είς
2928 3853 3225 3927 ἑρμηνείαν
3270 3854 3545 3922 δεόμενον,
3584 3853 3618 3923 ἢ
3650 3853 3743 3906 καὶ

2157 3950 2364 4018 ἀμφοῖν
2387 3947 2605 4017 ἐπίσης,
2632 3946 2879 4018 γλώττης
2907 3946 3042 4018 ὁμοῦ
3078 3948 3172 4000 καὶ
3200 3945 3497 4016 ὀφθαλμῶν
3521 3946 3742 4015 ἐλέγχον

2162 4041 2467 4097 ἀσθένειαν.
2512 4037 2773 4110 Ἑφέρετο
2803 4038 2982 4091 τοίνυν
3007 4037 3103 4091 ἐπὶ
3138 4036 3206 4089 τὰ
3236 4036 3387 4101 δεξιὰ
3413 4037 3501 4089 διὰ
3523 4036 3635 4088 τῶν
3663 4035 3742 4087 εύ-

2159 4130 2268 4184 ωνύ
2278 4148 2393 4200 μων
2423 4131 2486 4183 ἐκ
2512 4129 2622 4183 τῶν
2644 4128 2904 4183 ὀπισθίων
2937 4127 3030 4181 τοῦ
3053 4127 3250 4191 κίονος,
3276 4127 3383 4190 ἓως
3410 4127 3552 4180 κατὰ
3576 4125 3741 4196 πρόσ-

2159 4239 2308 4275 ωπον
2345 4220 2475 4291 ἔστη
2522 4218 2617 4273 τοῦ
2677 4217 2903 4289 Συμεὼν
2943 4219 3080 4288 πρὸς
3118 4217 3400 4281 ἀνατολὰς,
3449 4216 3548 4269 τοῦ
3593 4213 3741 4281 δεξιὰ

2161 4311 2547 4384 παρεπομένου
2575 4310 2748 4382 ταύτῃ
2774 4309 3148 4377 κελεύσαντος.

2237 4408 2386 4475 ρμη’.
2412 4402 2622 4455 Λύτίκα
2645 4400 2777 4468 γοῦν
2806 4402 2872 4454 ἐκ
2903 4398 3011 4452 τῶν
3045 4398 3234 4465 δεξιῶν
3255 4399 3440 4468 ἡρέμα
3472 4396 3739 4466 «pou-:61.

469 4501 836 4573 apparuitque
894 4496 1201 4553 similitudo
1252 4494 1705 4557 ﬁrmamenti,et
1734 4494 1874 4549 visio
1927 4504 2051 4566 post

2158 4497 2248 4551 λεν
2275 4495 2439 4567 αὖρα,
2469 4480 2568 4547 καὶ(
2596 4493 2704 4545 ἰδοὺ
2731 4491 2806 4556 ὡς
2832 4490 3084 4561 ὁμοίωμα
3110 4491 3511 4561 στερεώματος,
3542 4488 3638 4542 καὶ
3667 4487 3740 4550 ὡς

470 4606 686 4666 tergum
738 4594 889 4649 velut
913 4590 1112 4661 lapidis
1142 4589 1412 4659 sapphiri,
1459 4598 1516 4644 et
1559 4595 1797 4658 quatuor
1858 4603 2055 4643 manus

467 4689 715 4743 virorum
761 4685 1020 4756 (dixisses
1079 4680 1525 4738 consternatione
1569 4696 1632 4736 ac
1676 4680 1875 4736 timore
1930 4696 2057 4750 per—

468 4779 672 4848 culsos)
717 4777 937 4834 levibus
985 4775 1088 4829 alis
1137 4772 1564 4844 pervolantium,
1598 4780 1654 4827 et
1679 4771 1837 4841 quasi
1872 4772 2056 4826 velum

470 4870 695 4941 aliquod
718 4868 908 4925 altaris
926 4883 985 4924 se
1000 4866 1341 4943 moventium
1366 4883 1378 4919 :
1406 4864 1555 4935 quod
1583 4863 1956 4935 spectabatur,
1983 4864 2060 4918 si-

473 4961 729 5017 militudo
778 4960 964 5016 throni
1033 4959 1336 5013 introrsum
1392 4954 1763 5026 splendentis;
1822 4969 1886 5009 ac
1931 4970 2059 5007 rur-

472 5068 569 5108 sus
616 5066 781 5122 supra
834 5050 1092 5105 thronum
1157 5047 1309 5101 velut
1358 5047 1572 5116 species
1620 5043 1881 5107 hominis,
1941 5058 2050 5097 non

469 5142 867 5215 permittentis.
894 5151 1104 5196 tantum
1132 5140 1219 5194 vel
1241 5138 1416 5192 oculis
1446 5138 1531 5192 vel
1560 5145 1743 5191 mente
1773 5152 1803 5190 c
1840 5143 2055 5205 specta-

472 5237 599 5292 culo
639 5235 938 5306 voluptatis
978 5231 1121 5303 capi,
1161 5240 1430 5300 quantum
1482 5237 1740 5299 spectans
1765 5226 2053 5296 cupiebat:

473 5327 652 5398 angeli
715 5340 937 5397 quoque
981 5338 1218 5379 numero
1266 5321 1503 5385 inﬁniti,
1563 5319 1848 5391 cingentes
1900 5318 2055 5371 thro-

474 5436 633 5485 num,
667 5428 868 5487 praesto
896 5427 1087 5483 erant;
1124 5416 1219 5486 qui
1254 5415 1433 5491 ipsum
1462 5428 1653 5469 revera
1682 5413 1870 5467 lumen
1903 5410 2060 5465 vidc-

475 5512 701 5580 hantur,
738 5512 809 5567 ita
835 5508 1199 5565 coruscabant
1221 5507 1467 5577 undique
1517 5503 1824 5559 omittendo
1853 5503 2058 5557 radios.

484 5606 593 5662 Alii
651 5605 893 5675 speciem
953 5600 1322 5674 praeferebant
1378 5596 1543 5662 aeris,
1608 5597 1700 5651 alii
1755 5595 1920 5666 ignis,
1968 5594 2060 5649 alii

558 5785 605 5817 ⁸⁸
644 5785 785 5841 Psal.
829 5801 990 5852 εει-η,
1037 5784 1089 5839 5.
1166 5788 1212 5818 ”
1252 5784 1396 5842 Psal.
1443 5799 1514 5850 Cl,
1565 5783 1621 5851 ‘2,
1652 5782 1716 5846 ὃς
1748 5794 1876 5837 xvn.
1906 5780 1982 5835 l0.

2159 4589 2349 4659 ὅρασις
2407 4582 2548 4637 κατά
2594 4582 2765 4637 νῶτον
2806 4582 2953 4636 λίθου
3004 4583 3330 4654 σαπφείρου,
3376 4581 3643 4651 τέσσαρές
3682 4595 3740 4631 τε

2159 4683 2344 4752 χεῖρες
2378 4675 2586 4748 ἀνδρῶν
2619 4674 2783 4727 οἱονεὶ
2811 4676 2906 4727 σὺν
2937 4672 3198 4743 ἐκπλήξει
3233 4672 3328 4725 καὶ
3359 4670 3510 4741 φόϐῳ
3539 4670 3739 4739 πτέρυ-

2161 4774 2242 4841 ξιν
2274 4771 2536 4841 ἐλαφραῖς
2558 4767 2985 4835 διαπετομένων,
3021 4768 3115 4819 καὶ
3141 4764 3331 4835 ὥσπερ
3355 4783 3407 4817 τι
3436 4754 3743 4816 καταπέτα-

2164 4881 2278 4935 σμα
2310 4860 2698 4932 θυσιαστηρίου
2738 4858 3139 4913 κατασειόντων
3160 4876 3174 4890 ο
3204 4858 3273 4911 τά
3315 4856 3373 4909 δὲ
3404 4855 3547 4924 ὑπὲρ
3586 4854 3742 4907 τοῦτο

2161 4955 2414 5026 ὁμοίωμα
2440 4953 2631 5024 θρόνου
2656 4952 2726 5005 τὰ
2748 4950 2893 5005 ἔνδον
2915 4948 3385 5020 καταλάμποντος,
3409 4949 3503 5001 καὶ
3538 4948 3625 4999 ἐπ’
3648 4946 3744 4997 αὐ-

2160 5048 2254 5100 τοῦ
2274 5048 2434 5100 πάλιν
2457 5045 2531 5108 ὡς
2554 5040 2692 5107 εἶδος
2706 5043 3019 5114 ἀνθρώπου,
3056 5043 3193 5112 μήτε
3213 5039 3477 5109 ὀφθαλμῷ
3495 5039 3592 5108 τῆς
3616 5038 3741 5100 θέας

2169 5137 2477 5209 ἐφικέσθαι,
2506 5137 2644 5207 μήτε
2682 5134 2756 5206 νῷ
2779 5133 3028 5187 τοσοῦτον
3058 5133 3300 5202 ἐφιέντος
3321 5132 3444 5184 ὅσον
3461 5129 3739 5181 ἐϐούλετο·

2167 5231 2416 5299 ἀγγέλων
2449 5246 2509 5282 τε
2548 5229 2804 5300 μυριάδες
2832 5225 3068 5299 ἀριθμοῦ
3133 5224 3415 5295 κρείττους
3445 5219 3739 5275 κυκλοῦσαι

2169 5322 2258 5374 τὸν
2291 5320 2478 5390 θρόνον
2525 5320 2660 5390 ὁμοῦ
2705 5320 2799 5373 καὶ
2840 5315 3394 5391 παρεστηκυῖαι,φῶς
3424 5314 3739 5383 αὐτόχρημα

2162 5409 2339 5480 οὖσαι,
2357 5412 2469 5482 φῶς
2496 5413 2761 5482 ἀφιεῖσαι,
2779 5410 2892 5480 φῶς
2916 5409 3408 5480 ἐξαστράπτουσαι.
3434 5407 3498 5461 Ol
3522 5407 3621 5476 μὲν
3642 5405 3737 5457 ὅσα

2164 5507 2259 5559 καὶ
2284 5505 2390 5574 ἀὴρ
2415 5505 2708 5574 ὁρώμενοι,
2737 5505 2786 5556 ol
2813 5503 2868 5556 δέ
2900 5502 3031 5573 πῦρ,
3060 5504 3109 5554 οἱ
3138 5501 3193 5555 δὲ
3219 5500 3368 5572 ἥλιος
3393 5515 3408 5529 ·
3445 5499 3524 5569 τῷ
3561 5496 3737 5565 μέντοι

2163 5597 2380 5669 Μιχαὴλ
2408 5596 2503 5669 (ὡς
2538 5595 2835 5666 τηνικαῦτα
2871 5594 3148 5665 μυστικῶς
3179 5593 3256 5663 τῷ
3281 5591 3507 5664 Συμεὼν
3531 5585 3741 5659 ἐδηλοῦ-
