4026 6292
330 336 471 405 3125
1329 337 1499 397 vm
1540 335 1589 395 A
1624 314 2065 395 NICEPHORO
2102 308 2587 395 cessantem
2638 313 2651 329 ’
3245 330 3248 334 λ
3462 318 3629 382 3126:

328 456 435 528 το),
468 453 713 515 πλείονος
747 452 858 507 τῶν
896 451 1070 508 ἄλλων
1115 446 1444 511 οίκειώσεως
1477 448 1571 500 καὶ
1602 447 1912 518 παρρησίας

2020 445 2184 501 solis:
2216 444 2468 500 Michaeli
2528 452 2712 497 tamen
2746 440 2850 512 (uti
2891 444 3106 494 secreto
3163 434 3429 528 Symeonl
3467 441 3602 528 tunc

334 521 526 622 μετῆν,
560 544 638 608 ὡς
667 543 763 598 καὶ
810 544 1031 598 πάντων
1060 541 1161 613 ἤδη
1193 539 1436 609 κεφαλὰς
1481 538 1913 609 ἐπικλινομένων

2023 535 2437 591 manifestatum
2473 532 2598 603 est)
2643 530 2815 600 major
2874 542 3039 598 quam
3098 525 3223 581 aliis
3261 521 3604 579 familiaritas

338 641 497 713 μόνον
520 638 875 710 ύπερανέχειν
908 635 1088 695 αὑτὸν,
1125 631 1543 702 διακονούμενον
1570 634 1682 695 τοῖς
1707 633 1915 685 Δεσπο-

332 740 507 800 τικοϊς
529 735 916 803 διατάγμασιν.
956 728 1090 783 ’Δπὸ
1123 728 1306 798 μέντοι
1333 726 1432 797 τῆς
1457 723 1553 779 τοῦ
1574 724 1752 788 κίονος
1783 725 1916 777 στά-

338 846 476 891 σεως
500 827 628 897 ἄχρι
659 826 770 878 τῶν
793 822 1041 885 ἀθεάτως
1077 819 1302 874 ἐκείνων
1336 820 1429 872 καὶ
1461 815 1739 887 μυστικῶς
1771 817 1914 886 ὁρω-

337 921 519 991 μένων
549 917 864 979 ἀναϐάσεις,
897 915 972 979 ὼς
1005 915 1087 977 είς
1142 912 1235 966 τὸν
1271 909 1520 981 οὐρανὸν.
1561 908 1619 961 ai
1657 906 1917 977 δυνάμεις

334 1010 577 1064 ἐτίθεντο
601 1025 615 1040 ο
663 1008 917 1077 συνανῄει
962 1005 1020 1059 δὲ
1061 1005 1157 1058 καὶ
1202 1000 1406 1074 πλῆθος
1450 1001 1642 1063 αὐταῖς
1680 997 1786 1051 ἀνὰ
1825 996 1919 1051 τὸν

332 1102 478 1171 ἀέρι
504 1100 726 1170 μυρίον.
748 1097 827 1162 ὡς
853 1096 989 1168 μηδὲ
1016 1094 1094 1167 τῷ
1114 1095 1287 1148 παντὶ.
1304 1089 1599 1164 χωρεῖσθαι
1635 1088 1917 1153 δύνασθαι,

338 1196 455 1251 ἀλλ’
484 1189 597 1247 οἷον
631 1191 882 1261 ἀλλήλοις
912 1188 1252 1258 συγκεῖσθαι.
1286 1187 1381 1241 καὶ
1410 1184 1639 1253 θατέρου
1667 1183 1759 1236 τὸν
1798 1182 1920 1237 ἐτε-

338 1304 435 1358 ρον
471 1285 715 1354 ἔχεσθαι,
770 1283 886 1352 φῶς
937 1280 1378 1352 περικειμένους.
1422 1277 1539 1347 φῶς
1582 1275 1921 1348 ὁρωμένους,

341 1378 460 1447 φῶς
497 1370 609 1431 οἷον
638 1374 774 1445 μηδὲ
819 1370 1090 1442 ὀφθαλμῷ
1122 1365 1467 1437 καταληπτὸν
1501 1362 1643 1421 εἷναι
1676 1368 1923 1438 λάμπον-

336 1486 439 1532 τας
460 1483 473 1496 ·
526 1465 676 1534 φωνὴ
711 1464 805 1517 τοῦ
844 1460 1196 1532 ὁμοιώματος
1233 1457 1442 1512 ἐκείνου
1481 1456 1814 1526 ἁκουομένη.
1844 1455 1921 1520 ὡς

338 1559 492 1628 φωνὴ
517 1557 610 1611 τοῦ
637 1560 692 1608 ἐν
713 1556 1008 1626 ὑπεροχαῖς
1027 1549 1342 1620 ἀνθρώπου,
1359 1547 1802 1603 ἀποκατάστασιν
1821 1545 1919 1615 τῆς

337 1652 434 1705 τού
466 1650 719 1720 κειμένου
747 1647 926 1718 ψυχῆς
958 1644 1319 1715 σημαίνουσα.

2027 629 2336 699 agendique
2360 626 2590 681 libertas
2633 632 2774 688 erat,
2821 621 2961 676 adeo
3021 625 3081 672 ut
3121 617 3381 672 omnibus
3422 614 3605 686 capita

2033 718 2450 784 inclinantibus,
2482 719 2599 788 ipse
2629 731 2773 771 unus
2797 713 3090 775 emineret,
3112 710 3413 765 Dominicis
3446 723 3605 763 man-

2025 811 2172 867 datis
2206 812 2534 866 inserviens.
2566 810 2650 865 Ab
2671 809 2766 863 illo
2791 821 2960 878 porro
3004 804 3100 860 ubi
3142 805 3398 859 columna
3422 802 3603 859 stabat
3625 843 3644 868 ,

2019 902 2168 968 loco,
2192 901 2261 958 ad
2286 902 2441 958 illum
2479 917 2656 972 usque
2680 901 2775 956 ubi
2809 914 3013 955 arcana
3042 913 3148 953 nec
3168 896 3328 952 alteri
3361 911 3606 966 unquam

2021 996 2163 1062 visa,
2196 995 2516 1066 spectacula
2573 992 2939 1064 apparebant,
2983 1005 3249 1047 ascensus
3308 997 3449 1054 erat,
3508 1004 3607 1060 per

2022 1103 2190 1158 quem
2226 1088 2378 1143 velut
2424 1086 2479 1141 in
2515 1085 2697 1157 ipsum
2733 1099 2909 1155 usque
2959 1083 3160 1139 coelum
3220 1081 3454 1154 angelici
3494 1079 3611 1152 spl-

2024 1178 2169 1234 ritus
2192 1184 2356 1233 erant
2383 1172 2694 1239 constituti,
2719 1172 3278 1243 conscendebantque
3301 1187 3398 1243 per
3420 1185 3605 1229 aerem

2025 1274 2179 1324 tanta
2225 1266 2604 1333 multitudine,
2636 1274 2698 1320 ut
2738 1265 2860 1335 capi
2885 1264 3112 1318 omnino
3142 1264 3264 1318 loco
3336 1277 3447 1316 non
3485 1275 3611 1331 pos-

1982 1405 1992 1415 .
2024 1365 2168 1424 sent,
2197 1357 2294 1413 sed
2320 1358 2466 1414 inter
2498 1372 2558 1413 se
2596 1356 2754 1427 quasi
2779 1355 3114 1426 conglobati,
3142 1354 3235 1409 alii
3269 1354 3408 1410 alios
3453 1368 3609 1411 com-

2024 1449 2194 1520 plecti
2229 1455 2600 1519 cogerentur:
2629 1460 2823 1501 omnes
2886 1443 3343 1514 splendidissimo
3369 1442 3610 1498 circum-

2024 1540 2140 1596 dati
2175 1541 2406 1604 lumine,
2441 1539 2773 1595 videbantur
2798 1537 2978 1606 ipsum
2998 1551 3120 1593 esse
3154 1536 3366 1599 lumen,
3413 1544 3467 1590 et
3499 1532 3610 1597 tale

2027 1634 2250 1704 quidem
2276 1632 2442 1703 quale
2467 1631 2754 1685 oculorum
2786 1629 2937 1684 acies
2960 1627 3106 1683 ferre
3153 1627 3430 1699 nequiret.
3464 1625 3608 1688 Tum

334 1746 577 1817 denique
609 1758 715 1797 vox
775 1739 967 1796 audita
999 1744 1106 1803 est,
1169 1734 1323 1792 velut
1358 1733 1605 1790 hominis
1651 1731 1710 1790 in
1764 1729 1987 1789 sublimi
2024 1728 2246 1792 stantis,
2292 1725 2611 1798 signiﬁcans
2643 1722 3054 1780 restitutionem
3094 1723 3292 1778 animae
3331 1720 3605 1779 demortui

335 1844 393 1899 in
432 1853 588 1895 suam
613 1835 824 1892 sedem.

408 1925 552 2000 ρμθ¹.
588 1926 675 1989 Ὠς
704 1924 760 1978 δὲ
790 1918 1132 1994 κρύπτεσθαι
1160 1917 1261 1990 ήδη
1294 1916 1362 1972 τὰ
1389 1918 1489 1988 τῆς
1520 1917 1672 1981 θείας
1707 1916 1916 1988 ἐκείνης

2104 1910 2228 1968 M9.
2262 1912 2625 1980 Posteaquam
2656 1908 2859 1964 divinae
2904 1908 3008 1963 illm
3054 1906 3432 1976 apparitiones
3467 1922 3606 1963 ινδ·
3678 1899 3680 1902 ’

332 2021 681 2091 ἐπιφανείας,
717 2017 816 2071 καὶ
847 2013 1043 2087 μηκέθ’
1064 2012 1296 2086 ὁρᾶσθαι
1327 2011 1552 2084 ἧμελλε,
1580 2012 1811 2081 στρατιά
1838 2027 1925 2076 τις

332 2111 581 2179 ἀγγέλων
624 2106 868 2178 παρέστη
916 2101 996 2170 τῷ
1042 2099 1293 2171 Συμεὼν,
1347 2102 1449 2171 τῆς
1480 2099 1646 2154 αὐτοῦ
1675 2100 1922 2163 στάσεως

333 2199 707 2270 ἑκατέρωθεν,
742 2194 885 2250 κατὰ
942 2193 1052 2246 τῶν
1096 2191 1201 2261 τῆς
1237 2190 1505 2263 πονηρίας
1543 2188 1870 2261 πνευμάτων
1901 2204 1916 2220 ⁶

333 2292 682 2365 παραχρῆμα
712 2288 770 2342 δὲ
826 2286 921 2341 καὶ
953 2283 1139 2351 αὐτὸς,
1194 2285 1415 2353 χάριτος
1458 2280 1649 2351 ὥσπερ
1696 2282 1919 2352 δαψιλε-

333 2386 534 2457 στέρας
561 2378 902 2451 ύποπλησθεὶ
913 2395 954 2443 ς,
994 2375 1227 2446 λαμπρᾷ
1255 2375 1330 2437 ὡς
1361 2369 1475 2443 εἶχε
1499 2374 1595 2427 καὶ
1623 2371 1919 2443 πεποιθυῖα

331 2477 512 2547 φωνῇ,
556 2470 778 2540 Ἀδελφέ
828 2470 1041 2528 Κόνων,
1079 2466 1315 2534 Εγειραι,
1348 2464 1479 2533 ἔφη,
1527 2463 1683 2517 καλεῖ
1737 2480 1797 2516 σε
1850 2463 1918 2517 δι’

331 2561 472 2632 ἐμοῦ
503 2561 533 2613 ὁ
568 2560 952 2630 τετραήμερον
1003 2557 1070 2609 ἐκ
1115 2554 1290 2622 τάφου
1345 2552 1582 2617 καλέσας
1620 2551 1871 2641 Λάζαρον
1900 2567 1916 2585 ο

333 2654 430 2709 καὶ
475 2650 611 2721 ὁμοῦ
676 2653 743 2719 τῇ
792 2650 944 2717 φωνῇ
972 2647 1078 2718 (τίς
1113 2663 1210 2699 σου
1235 2644 1305 2698 τὰ
1336 2644 1645 2714 θαυμάσια,
1682 2644 1912 2714 Χριστὲ,

331 2745 655 2814 διηγήσεται
691 2741 731 2810 ;)
760 2743 789 2794 ὁ
809 2738 1001 2808 νεκρὸς
1035 2737 1264 2803 ἀνεϐἴω,
1299 2736 1396 2790 καὶ
1420 2735 1520 2805 τῆς
1541 2736 1803 2803 γλυκείας
1823 2734 1917 2789 τοῦ

329 2835 659 2892 διδασκάλου
694 2834 878 2901 φωνῆς
912 2833 943 2884 ὁ
970 2829 1222 2901 μαθητὴς
1258 2829 1455 2901 ᾔσθετο
1476 2843 1492 2858 ⁶
1522 2828 1620 2881 καὶ
1658 2827 1795 2898 πρὸς
1818 2828 1918 2897 τὴν

332 2928 530 2995 κλῆσιν
580 2925 895 2988 διαναστὰς,
946 2923 1043 2976 καὶ
1080 2922 1293 2992 ὄμμασι
1345 2918 1569 2989 βλέψας,
1636 2920 1732 2973 καὶ
1789 2921 1919 2973 ποσὶ

331 3019 680 3092 χρησάμενος
708 3056 724 3082 ,
785 3013 1132 3082 ἀποκατέστη
1225 3014 1292 3081 τῇ
1375 3010 1720 3079 ἀδελφότητι.
1805 3010 1919 3064 Καὶ

328 3111 494 3167 τοῦτο
525 3112 624 3180 μὲν
674 3108 739 3179 δὴ
771 3105 980 3162 τοιοῦτο
1013 3104 1108 3158 τοῦ
1155 3100 1405 3173 Συμεὼν,
1437 3103 1534 3155 καὶ
1579 3099 1726 3155 οὓτω
1769 3099 1913 3156 κατὰ

331 3206 429 3259 τὸν
453 3204 702 3272 γενναῖον
740 3199 861 3254 Ἰὼϐ
885 3196 1252 3269 πειρασθῆναι
1284 3193 1668 3265 συγχωρηθεὶς
1692 3195 1790 3249 καὶ
1823 3193 1919 3248 αὐ.

331 3261 864 3366 τδς,λαμπροτέρας
922 3261 1017 3344 ιτέι
1047 3261 1193 3342 τέλει
1243 3261 1504 3355 τυγχάνει
1533 3261 1633 3357 τῆς
1673 3285 1916 3358 ὰναρῤήρ
1942 3261 1986 3320 C

331 3401 497 3447 σεως.
521 3383 631 3451 ὅσῳ
651 3380 747 3435 τοῦ
777 3377 1046 3434 διπλασίῳ
1073 3376 1182 3430 τῶν
1212 3374 1405 3448 πρώην
1441 3376 1814 3446 ἀφῃρημένων
1845 3376 1916 3431 τὰ

335 3475 477 3546 μετὰ
522 3473 696 3527 ταῦτα
756 3469 1111 3542 κομίσασθαι,
1143 3469 1204 3523 τὸ
1233 3469 1326 3524 τὸν
1370 3468 1602 3523 θανόντα
1642 3468 1915 3540 μαθητὴν,

333 3567 495 3623 αὐτὸν
516 3567 724 3620 ἐκεῖνον
753 3564 933 3630 ζῶντα
981 3562 1147 3617 πάλιν
1194 3562 1449 3628 ἐξαισίως
1480 3561 1793 3624 ἀπολαϐεῖν,
1819 3562 1916 3616 καὶ

332 3657 592 3730 τοιαύτης
640 3656 966 3727 ἐπιφανείας
1006 3653 1341 3725 ἀξιωθῆναι,
1367 3654 1468 3707 οὐκ
1501 3652 1669 3723 ὀλίγῳ
1696 3652 1911 3722 θαυμα-

332 3749 617 3822 σιώτερον.
664 3748 827 3819 Ἡμῖν
877 3748 935 3801 δὲ
989 3748 1085 3801 καὶ
1117 3747 1254 3819 πρὸς
1290 3747 1360 3801 τὰ
1393 3745 1522 3816 ἑξῆς
1552 3746 1580 3800 ὁ
1605 3745 1763 3814 λόγος
1814 3743 1914 3801 ίτω

329 3841 433 3913 τῆς
458 3840 779 3905 ἀκολουθίας
817 3838 1097 3913 ἐχόμενος.

2021 2006 2295 2070 nuissent,
2327 2011 2661 2073 conspectus
2680 2001 2961 2058 exercitus
3012 1999 3237 2070 quidam
3285 1999 3607 2070 angelorum

2021 2098 2198 2155 astitit
2230 2094 2513 2168 Symeoni,
2560 2094 2631 2150 ab
2688 2102 2925 2163 utraque
2977 2091 3254 2147 columnae
3304 2101 3465 2162 parte
3514 2093 3616 2148 ad-

2019 2206 2219 2248 versus
2262 2191 2439 2247 malos
2489 2190 2722 2262 spiritus
2785 2188 3145 2261 praesidium:
3209 2188 3606 2261 quueipso,

2019 2284 2172 2339 velut
2199 2283 2465 2340 uberiore
2495 2284 2671 2354 gratia
2701 2284 2981 2352 repletus,
2996 2297 3161 2352 quam
3213 2282 3396 2352 potuit
3419 2280 3611 2337 claris-

2019 2374 2159 2430 sima
2185 2389 2344 2441 voce,
2372 2391 2439 2430 ac
2470 2373 2685 2431 ﬁducia:
2700 2372 2864 2444 plena
2902 2373 3076 2428 dixit:
3134 2372 3330 2428 Frater
3370 2371 3565 2428 Conon
3588 2413 3604 2437 ,

2020 2468 2325 2532 suscitare;
2374 2474 2537 2521 vocat
2570 2472 2623 2519 te
2659 2479 2758 2534 per
2781 2478 2871 2520 me
2912 2464 3006 2520 ille
3035 2463 3130 2534 qui
3171 2462 3607 2534 quatriduanum

2019 2573 2051 2614 e
2080 2559 2340 2628 sepulcro
2384 2557 2656 2612 Lazarum
2687 2557 2961 2614 evocavit.
3023 2555 3261 2611 Vixdum
3309 2557 3462 2626 loqui
3505 2555 3604 2611 do-

2020 2649 2189 2706 sierat
2221 2649 2369 2720 (quis
2398 2648 2819 2712 mirabilia-tua,
2846 2646 3096 2709 Domine,
3117 2648 3379 2703 enarret?
3403 2647 3444 2718 l,
3477 2662 3603 2703 cum

2020 2752 2274 2799 mortuus
2302 2744 2524 2810 revixit,
2555 2753 2614 2798 et
2657 2757 2879 2799 suavem
2908 2742 3156 2813 magistri
3187 2757 3383 2799 vocem
3438 2740 3608 2799 disci-

2020 2836 2182 2905 pulus
2206 2834 2441 2899 audivit,
2475 2834 2634 2894 etad.
2649 2835 3035 2892 evocationem
3071 2836 3334 2899 surrexit,
3367 2843 3425 2890 et
3475 2849 3609 2891 ocu-

2018 2926 2090 2982 lis
2113 2926 2272 2991 vidit,
2303 2937 2368 2983 et
2383 2927 2621 2997 pedibus
2648 2928 2823 2993 stetit,
2853 2935 2911 2982 et
2957 2926 3193 2997 collegio
3252 2925 3483 2982 fratrum
3514 2941 3608 2984 re-

2019 3018 2267 3073 stitutus.
2295 3027 2402 3072 est.
2453 3019 2635 3088 Atque
2682 3017 2791 3072 hoc
2839 3016 3065 3088 quidem
3132 3017 3213 3072 sic
3262 3026 3444 3072 actum
3475 3024 3598 3071 est:

2020 3103 2486 3179 itaque-exemplo
2502 3108 2762 3180 generosi
2791 3108 2898 3164 Job
2929 3108 3130 3165 tentari
3165 3108 3320 3163 varie
3368 3109 3607 3177 permis-

2019 3216 2136 3265 sus,
2191 3200 2463 3256 illustrius
2529 3199 2868 3271 praeconium
2919 3199 2991 3255 ad
3036 3199 3602 3265 extremumretulit,

2018 3292 2241 3365 quando
2272 3300 2395 3364 post
2417 3301 2606 3349 secuta
2655 3292 2961 3362 dupliciter
3007 3293 3417 3349 rcsarciverunt
3449 3291 3608 3347 damo

2019 3401 2153 3444 num
2182 3386 2337 3456 prius
2366 3385 2679 3440 ablaturum
2699 3401 2721 3451 ς
2742 3400 2870 3440 nam
2897 3393 2953 3438 et
2973 3384 3309 3455 discipulum
3322 3393 3604 3441 mortuum

2024 3476 2292 3532 inusitato
2323 3476 2487 3530 modo
2520 3490 2716 3530 rursus
2738 3475 2925 3530 vivum
2962 3477 3194 3546 recepit.
3224 3485 3282 3532 et
3321 3486 3431 3531 tam
3464 3477 3613 3533 inso-

2023 3569 2122 3629 lita
2150 3568 2501 3639 apparitione
2562 3566 2821 3638 dignatus
2872 3566 2997 3634 fuit,
3059 3567 3209 3639 quod
3257 3568 3404 3623 haud
3444 3569 3611 3639 paulo

2024 3660 2428 3716 admirabilius.
2510 3658 2717 3716 Verum
2779 3660 2847 3715 ad
2926 3670 3148 3727 caetera,
3223 3676 3345 3733 qua:
3398 3671 3612 3731 restant

2023 3750 2355 3818 enarranda,
2388 3760 2580 3807 nostra
2612 3750 3110 3827 procedatoratio,

1783 3957 2010 4017 CAPUT
2039 3959 2183 4018 XIX.

978 4074 1244 4134 Miracula
1284 4092 1389 4148 per
1420 4077 1642 4150 capillos
1676 4076 1953 4151 Symeom's
1986 4087 2226 4150 patrata.
2252 4077 2621 4135 Sacerdotium
2649 4083 2966 4152 susceptum.

405 4202 504 4270 pv’.
547 4193 751 4266 Ἱερεύς
783 4211 891 4260 τις,
942 4196 1044 4266 τῆς
1084 4192 1329 4265 Ἰϐήρων
1373 4192 1720 4264 ὁρμώμενος,
1774 4192 1916 4249 κατὰ

331 4288 524 4358 φήμην
551 4287 646 4341 τοῦ
680 4287 837 4355 ἁγίου
868 4286 1007 4356 πρὸς
1033 4284 1207 4338 αὐτὸν
1233 4285 1667 4356 παραγεγονὼς,
1739 4285 1915 4351 οὕτως

332 4380 616 4452 ἀνηρτήθη
636 4379 735 4449 τῆς
762 4380 841 4441 είς
872 4378 1034 4431 αὐτὸν
1064 4377 1320 4441 πίστεως,
1363 4377 1439 4442 ὡς
1465 4379 1562 4433 καὶ
1602 4378 1714 4432 τῶν
1749 4378 1915 4448 ἱερῶν

331 4470 497 4527 αὑτοῦ
526 4469 729 4540 τριχῶν
761 4469 984 4537 αἰτῆσαι
1016 4467 1148 4536 παρ’
1175 4465 1342 4520 αὑτοῦ
1372 4468 1467 4520 καὶ
1493 4467 1704 4523 λαϐεῖν.
1744 4462 1914 4533 Οὗτος

329 4566 412 4627 είς
436 4564 537 4632 τὴν
559 4562 770 4616 οἰκείαν
799 4557 1133 4623 ἐπανελθὼν,
1166 4559 1225 4611 ἐν
1259 4559 1487 4631 καθαρῷ
1519 4559 1629 4614 τῶν
1665 4560 1910 4631 θορύϐων

330 4650 515 4723 χωρίῳ
538 4651 665 4704 ναὸν
698 4649 973 4719 ἐδείματο,
992 4650 1087 4702 καὶ
1110 4649 1329 4719 σταυρῷ
1373 4651 1573 4720 τιμίως
1606 4650 1776 4714 αὐτὰς
1824 4653 1913 4705 ἐν·

327 4741 582 4807 απέθετο,
616 4741 705 4794 ίνα
727 4743 822 4793 καὶ
838 4739 995 4811 διπλῇ
1026 4738 1226 4810 μᾶλλον
1254 4743 1319 4811 τῇ
1349 4758 1409 4792 τε
1438 4738 1580 4812 θήκῃ
1605 4740 1700 4794 καὶ
1732 4741 1916 4808 σφίσιν

327 4833 520 4896 αὐταῖς
551 4833 635 4902 εἴη
665 4832 1126 4904 θαυματουργεῖν.
1162 4832 1282 4885 Τῶν
1337 4832 1394 4886 δὲ
1443 4833 1630 4898 κακῶς
1674 4834 1912 4905 πασχόν-

254 4935 262 4942 ’
326 4941 438 4978 των
483 4924 689 4987 πολλοὶ,
734 4925 833 4979 καὶ
885 4925 1193 4997 πνεύμασιν
1251 4924 1585 4995 ἀκαθάρτοις
1633 4926 1666 4997 ἢ
1733 4929 1913 4991 νόσοις

325 5014 691 5085 πιεζομένων,
724 5016 1062 5087 προσιόντες,
1083 5017 1177 5069 καὶ
1196 5016 1495 5087 θεραπείας
1522 5019 1906 5090 τυγχάνοντες,

325 5104 426 5158 οὐκ
475 5106 632 5178 ὀλίγῃ
689 5106 835 5178 χειρὶ
869 5106 1031 5161 πάλιν
1085 5108 1239 5160 αὐτοὶ
1268 5110 1366 5178 τὴν
1410 5108 1713 5179 θεραπείαν
1743 5111 1906 5180 ἠμεί-

326 5194 504 5251 ϐοντο.
538 5196 770 5266 Ὅπερὸ
826 5196 1024 5264 φθόνος
1075 5197 1176 5250 οὐκ
1230 5197 1493 5265 ἐνεγκὼν,
1551 5199 1909 5272 ἐπανίστησιν

324 5286 476 5359 αύτῷ
502 5289 628 5352 τοὺς
661 5290 723 5341 ὲκ
748 5288 1007 5357 γειτόνων
1044 5289 1235 5360 ἱερεῖς,
1269 5290 1317 5344 οἳ
1347 5292 1442 5344 καὶ
1469 5292 1908 5362 προσαγγέλλου-

328 5395 414 5434 σιν
442 5380 608 5434 αὐτὸν
633 5381 711 5452 τῷ
742 5381 894 5451 σφῶν
922 5382 1239 5453 ἐπισκάπῳ,
1284 5382 1361 5447 ὠς
1410 5383 1519 5453 ἄρα
1564 5384 1909 5456 περιεργίαις

324 5469 386 5543 δή
417 5488 529 5525 τισι
569 5472 665 5527 καὶ
720 5477 985 5546 πονηραῖς
1029 5476 1333 5546 ἐνεργείαις
1374 5477 1461 5546 εἴη
1497 5477 1625 5540 τοὺς
1678 5478 1909 5541 πολλοὺς

327 5565 577 5630 ἀπατῶν,
603 5566 697 5619 καὶ
728 5566 878 5638 πρὸς.
896 5567 956 5620 τὸ
984 5567 1168 5623 καλινδν
1209 5568 1498 5638 εύκτηριον
1525 5568 1862 5639 ἐπαγόμενος
1893 5586 1904 5598 ·

402 5741 513 5812 (58)
547 5741 620 5796 De
645 5742 816 5797 lberis
856 5761 1019 5814 supra
1045 5745 1252 5827 adrcap.
1285 5747 1350 5801 15
1376 5747 1474 5817 egi.

2090 4194 2213 4250 150.
2244 4193 2541 4267 Presbyter
2564 4193 2811 4266 quidam,
2857 4193 2981 4250 lber
3029 4193 3253 4249 natione
3290 4196 3424 4266 (58),
3460 4194 3615 4250 fama.

2016 4287 2125 4343 viri
2147 4289 2323 4344 sancti
2350 4288 2583 4353 excitus,
2615 4303 2681 4343 eo
2706 4288 2811 4352 iter
2839 4287 3158 4342 instituerat
3181 4304 3193 4340 :
3216 4286 3409 4358 sicque
3448 4303 3613 4343 exar-

2019 4378 2093 4434 sit
2143 4393 2274 4450 erga
2317 4378 2472 4434 illum
2532 4377 2755 4445 fiducia,
2816 4385 2931 4434 ute
2983 4377 3156 4433 sacris
3222 4377 3344 4448 ejus
3390 4377 3609 4449 capillis

2013 4470 2296 4543 quidpiam
2329 4479 2540 4541 peteret
2569 4486 2632 4528 ac
2652 4471 2996 4543 impetraret.
3026 4470 3163 4526 Inde
3196 4469 3419 4525 dommn
3448 4486 3600 4526 suam

2019 4578 2297 4630 reversus,
2327 4564 2381 4618 in
2409 4564 2535 4618 loco
2584 4579 2621 4621 a
2669 4562 2849 4619 turbis
2898 4571 3111 4618 remoto
3165 4578 3378 4618 sacram
3430 4563 3604 4619 a‘dem

2020 4655 2312 4721 exstruxit,
2358 4666 2415 4710 et
2463 4655 2721 4727 pretiosae
2750 4654 3048 4713 admodum
3110 4656 3262 4711 cruci
3313 4655 3607 4726 praedictas

2024 4744 2291 4816 reliquias
2317 4746 2579 4809 inclusit,
2622 4754 2685 4805 ut
2712 4746 2917 4817 duplici
2971 4762 3041 4802 ex
3092 4748 3271 4817 capite
3318 4757 3606 4818 patrarcnt

2024 4837 2312 4899 miracula,
2335 4853 2412 4895 ex,
2432 4837 2639 4893 virtute
2668 4838 2882 4894 scilicet
2906 4837 3030 4894 talis
3057 4837 3227 4892 theca:
3246 4844 3302 4892 et
3328 4854 3427 4894 sua
3453 4838 3601 4909 ipse-

2021 4943 2165 4983 rum.
2196 4927 2349 4984 Mulli
2374 4929 2523 4984 enim
2557 4929 2823 4986 habentes
2855 4929 3015 4993 male,
3049 4938 3107 4984 et
3153 4929 3390 5001 impuris
3432 4928 3627 5001 spiri-.

2019 5021 2169 5077 tibus
2218 5022 2538 5093 morbisque
2585 5022 2766 5077 vexati
2845 5028 3233 5078 accesserunt:
3314 5038 3590 5094 opemque

2016 5113 2199 5178 nacti,
2230 5130 2339 5169 non
2365 5130 2530 5186 parca
2564 5132 2729 5170 manu
2766 5130 2867 5187 pro
2893 5115 3276 5172 incolumitate
3308 5117 3598 5188 impetrata

2015 5204 2401 5274 appendebant
2424 5205 2656 5275 aliquid.
2682 5204 2853 5277 Cujus
2899 5207 2979 5262 rei
3032 5208 3327 5279 impatiens
3365 5208 3595 5277 invidia,
3659 5221 3673 5259 ξ

2013 5294 2310 5351 concitavit
2343 5295 2558 5351 vicinos
2578 5295 2970 5367 presbyteros:
3000 5284 3097 5367 qui
3148 5296 3330 5352 virum
3379 5295 3599 5354 detule-

2013 5396 2145 5442 runt
2167 5386 2237 5442 ad
2258 5386 2578 5457 episcopum
2611 5389 3092 5451 suum,criminati
3116 5390 3265 5461 quod
3326 5394 3600 5462 superstic

2013 5478 2172 5533 tiosis
2211 5476 2547 5547 quibusdam
2578 5493 2643 5533 ac
2663 5479 2822 5533 malis
2842 5481 3054 5537 artibus
3071 5483 3332 5552 populum
3366 5483 3598 5548 seduce-

2015 5576 2098 5622 ret
2127 5566 2536 5637 adduceretque
2574 5567 2629 5624 in
2653 5571 2958 5627 oratorium
2998 5588 3222 5629 novum.
3265 5573 3613 5648 Episcopus..
