4026 6292
425 251 568 314 3127
1341 247 1368 271 ‘
1517 320 1522 331 ,
1639 258 1700 317 s.
1743 254 2016 317 sruaor

2119 287 2124 305 ν
2160 253 2522 314 ΙΗΝΙΟῘΠΞ
3576 257 3747 324 3128

423 363 579 416 nullo
595 363 850 417 examine
879 363 1045 429 facto,
1067 364 1231 419 dictis
1255 364 1418 420 (idem
1449 364 1743 427 adhibens,
1770 365 2012 436 graviter

2119 358 2196 426 οἷς
2236 364 2455 416 ἐκεῖνον
2519 363 2895 425 ἀϐασανίστως
2951 367 3355 431 πιστεύσαντα,
3437 369 3547 422 καὶ
3621 371 3739 435 ὀξὺ

2115 453 2262 507 κατὰ
2345 453 2441 506 τοῦ
2526 452 2719 523 ἀνδρὸς
2814 453 3144 524 κινηθέντα,
3231 459 3333 528 τῆς
3396 475 3462 510 τε
3560 458 3737 522 θείας

2092 540 2273 605 ,αὐτὸν
2341 541 2650 611 ἱερουργίας
2708 542 2988 612 ἁπεῖρξαι,
3042 546 3138 598 καὶ
3195 544 3261 615 δὴ
3316 547 3415 599 καὶ
3476 546 3558 600 τὰ
3586 548 3737 601 ὅντα

2112 632 2579 702 προσαφελέσθαι,
2612 630 2694 685 ἔτι
2740 634 2833 687 καὶΙ
2877 634 2976 706 τὴν
3017 634 3110 687 τοῦ
3146 637 3441 708 εὐκτηρίου
3495 639 3735 693 εἴσοδον

2113 726 2399 778 ὑπανεῐναι
2438 724 2629 796 μηδενὶ
2662 724 2755 779 τοῦ
2794 726 2980 780 λοιποῦ
3012 728 3489 798 παραγγείλαντα.

423 454 481 508 in
516 453 695 508 virum
730 464 1062 520 commotus,
1112 457 1285 511 sacris
1330 456 1409 511 illi
1442 457 1759 512 interdicit:
1792 458 1861 512 ad
1889 458 2005 513 haec

418 552 480 599 et
503 542 793 600 facultates
832 546 1021 616 diripi,
1043 556 1102 603 et
1131 547 1341 601 aditum
1370 548 1578 610 sacelli,
1611 564 1682 603 ne
1721 549 1811 604 cui
1841 548 2004 603 dein-

424 650 558 704 ceps
585 635 823 691 adeundi
857 635 1015 702 copia
1045 644 1215 702 esset,
1239 637 1455 691 obstrui
1476 637 1656 707 jubet.

499 854 624 909 131.
657 854 874 910 Interea
908 854 1139 910 sedebat
1160 855 1252 910 ille
1300 855 1507 911 clausis
1540 857 1732 912 sacelli
1768 858 2001 924 foribus,

422 944 737 1000 lamentans
758 960 877 1000 non
906 952 1119 999 tantum
1138 946 1472 1002 facultatem
1496 951 1678 1006 sacris
1738 950 2004 1020 o‘perandi

414 1036 688 1100 ablatam,
715 1037 811 1091 sed
835 1052 952 1091 rem
988 1037 1316 1093 familiarem
1346 1054 1568 1109 quoque
1604 1060 1617 1095 :
1670 1043 2006 1112 respiciens-

423 1142 533 1197 que
574 1128 798 1182 unicam
826 1140 983 1182 suam
1018 1128 1355 1198 minimeque
1384 1129 1633 1185 fallacem
1682 1147 1834 1201 spem
1858 1133 2007 1201 posi-

422 1233 534 1277 tam
570 1223 625 1277 in
648 1232 837 1277 sancto
874 1221 1175 1294 Symeone,
1206 1225 1637 1281 consolationem
1684 1226 1753 1281 ab
1787 1227 1881 1281 illo
1918 1242 2010 1283 ao-

2193 863 2402 934 ρνα’.Ὀ
2458 862 2556 931 μὲν
2610 856 2703 915 οὖν
2762 862 3213 930 ἐπικλεισάμενος
3266 864 3363 926 τὰς
3397 864 3731 935 εὺκτηρίου

2113 956 2285 1027 θύρας
2344 954 2605 1023 καθῆστο,
2636 954 2700 1007 οὐ
2747 953 2846 1023 τὴν
2895 954 2992 1021 τῆς
3052 953 3350 1021 ἱερωσύνης
3392 955 3717 1008 ἔκπτωσιν

2117 1049 2300 1118 μόνον,
2334 1046 2471 1099 ἀλλὰ
2490 1047 2585 1099 καὶ
2617 1046 2717 1115 τὴν
2754 1044 2866 1097 τ’ῶν
2902 1044 3070 1097 ὄντων
3102 1044 3395 1113 ἀφαίρεσιν
3425 1045 3725 1115 ὀδυρόμε-

2121 1158 2208 1205 νος
2232 1157 2244 1169 ·
2278 1141 2414 1208 πρὸς
2451 1140 2615 1209 μόνας
2646 1138 2703 1191 δὲ
2728 1137 2889 1190 πάλιν
2914 1136 3014 1199 τὰς
3043 1139 3123 1199 είς
3177 1136 3269 1188 τὸν
3301 1136 3461 1203 ἅγιον
3528 1139 3721 1205 ἀψευ-

426 1312 611 1383 cepit,
648 1312 959 1367 subsidium
976 1327 1091 1366 non
1112 1319 1439 1368 cunctanter
1464 1315 1689 1370 tardeve
1729 1316 2003 1381 conferre,

314 1388 331 1397 ⁷
424 1418 538 1457 non
573 1404 1005 1473 procrastinare,
1046 1413 1141 1458 aut
1194 1406 1253 1458 in
1303 1405 1454 1459 aliud
1498 1414 1716 1475 tempus
1746 1406 2000 1477 rejieere,

421 1511 538 1549 non
564 1504 746 1549 certas
780 1496 835 1549 in
867 1495 1035 1550 horas
1068 1511 1357 1552 reservare
1399 1498 1584 1552 solito.
1606 1497 1890 1552 Continuo
1920 1498 2008 1552 in-

422 1587 600 1642 festus
620 1588 835 1643 daemon
858 1588 1180 1659 episcopum
1210 1590 1504 1656 invadens,
1530 1591 1714 1661 ipsum
1727 1592 1840 1661 jam
1863 1591 2005 1646 luci-

2112 1234 2221 1297 δεῖς
2243 1233 2462 1295 ἐλπίδας
2486 1233 2651 1300 ὀρῶν,
2703 1231 2799 1284 καὶ
2827 1230 2929 1300 τὴν
2976 1231 3187 1283 ἐκεῖθεν
3217 1232 3577 1300 παράκλησιν
3613 1234 3718 1283 ἐκ-

2110 1324 2418 1395 δεχόμενος.
2452 1323 2596 1393 Πρὸς
2626 1321 2696 1391 ἢν
2727 1320 2882 1373 οὐδὲν
2937 1321 3147 1382 ἐκεῖνος
3176 1320 3351 1373 ὀκνῶν
3384 1320 3511 1372 οὐδὲ
3570 1322 3719 1373 ἀνα-

2110 1416 2370 1486 δυόμενος
2422 1410 2510 1484 ἦν,
2565 1412 2665 1466 οὐκ
2711 1412 2939 1481 ὀψίζων,
2990 1412 3053 1463 οὐ
3111 1410 3437 1479 δίαμέλλων,
3498 1412 3561 1462 οὐ
3629 1410 3719 1476 τῷ

2113 1508 2399 1577 πράγματι
2431 1505 2624 1576 καιρὸν
2653 1505 2852 1557 οἰκεῖον
2868 1501 3265 1571 ταμιευόμενος
3282 1517 3298 1530 '
3322 1500 3459 1555 ἀλλὰ
3482 1501 3719 1570 δαίμων

2112 1600 2273 1662 εὐθὺς
2301 1597 2533 1668 χαλεπὸς
2577 1595 2654 1666 τῷ
2693 1594 2980 1664 ὲπισκόπῳ
3039 1594 3408 1662 ἐπιπηδήσας,
3442 1610 3717 1661 νυκτερι-

422 1679 615 1751 fugam
649 1696 748 1751 per
775 1683 1033 1737 tenebras
1072 1685 1273 1749 noctis,
1306 1691 1368 1737 ut
1392 1686 1531 1740 clam
1578 1685 1843 1740 omnibus
1874 1701 2004 1755 per-

2119 1692 2199 1744 νδν
2231 1691 2414 1759 ἱκέτην
2445 1687 2627 1746 αὐτὸν.
2667 1688 2755 1743 ἴνα
2786 1687 2880 1741 καὶ
2942 1687 3004 1738 τὸ
3062 1685 3280 1739 πάντων
3324 1684 3482 1754 ὄμμα
3534 1684 3711 1737 λάθοι

425 1782 547 1826 acta
573 1788 662 1827 res
688 1773 741 1826 in
768 1774 1057 1828 hominum
1084 1777 1337 1831 notitiam
1380 1794 1493 1832 non
1522 1779 1758 1841 veniret,
1795 1779 2005 1848 suppli-

425 1875 547 1917 cem
571 1863 637 1916 ad
663 1863 1050 1933 presbyterum
1099 1864 1306 1936 adigit:
1338 1869 1453 1938 jam
1505 1869 1658 1922 enim
1689 1871 2007 1924 innotuerat

422 1954 630 2008 misero
650 1963 705 2008 et
736 1955 1067 2010 calamitatis
1095 1972 1209 2011 suae
1235 1972 1399 2013 causa
1437 1967 1494 2015 et
1519 1961 1660 2015 ultio
1696 1960 1902 2017 divina.
1928 1963 2007 2018 Ac

414 2046 607 2113 primo
638 2044 862 2113 quidem
885 2060 916 2099 a
947 2046 1173 2102 subdito
1197 2064 1299 2104 suo
1346 2052 1568 2106 veniam
1596 2053 1757 2121 petit,
1806 2052 2007 2109 deinde

425 2137 707 2193 miseriam
730 2152 883 2192 suam
908 2139 959 2193 ei
994 2140 1227 2207 revelat,
1274 2142 1517 2214 denique
1574 2153 1744 2216 rogat‘
1784 2154 1848 2201 ut
1886 2163 1998 2203 me-

425 2226 736 2281 delamsibi
768 2227 1038 2297 impertiri
1063 2229 1347 2301 dignetur,
1372 2235 1839 2302 quemadmodum
1882 2238 2005 2292 aliis

426 2316 684 2385 pluribus
717 2316 1037 2386 impertitus
1066 2319 1266 2376 fuerat.
1310 2322 1407 2379 Ille
1447 2327 1682 2396 supplici
1729 2329 2005 2385 sinceram

424 2408 653 2463 exhibet
675 2409 1029 2474 medicinam,
1059 2413 1291 2482 gratiam
1316 2417 1632 2485 gratuitam,
1676 2420 1895 2476 divitias
1917 2423 2006 2476 in-

425 2501 742 2567 exhaustas,
778 2517 1025 2566 crucem,
1066 2505 1313 2574 inqum,
1349 2521 1537 2574 suam;
1572 2511 1738 2565 simul
1787 2513 2002 2577 edocet,

425 2604 665 2662 quantus
695 2602 752 2648 et
776 2596 925 2651 unde
942 2606 1203 2666 acceptus
1226 2599 1398 2654 lateat
1420 2601 1476 2655 in
1504 2617 1666 2658 cruce
1688 2605 2002 2660 thesaurus.

425 2687 668 2741 Accessit
698 2688 867 2757 igitur
886 2688 1179 2759 episcopus
1210 2691 1460 2748 fervente
1486 2695 1707 2764 spiritu,
1741 2713 1804 2752 ac
1831 2699 2004 2753 multo

427 2779 595 2832 etiam
632 2778 969 2835 ferventiore
1018 2783 1385 2851 paenitudine,
1422 2794 1537 2840 tum
1575 2789 1706 2857 quia
1737 2790 1884 2845 circa
1913 2791 2003 2845 di-

420 2870 613 2923 vinam
633 2870 780 2924 illam
802 2872 1031 2941 gratiam
1055 2876 1210 2943 prius
1226 2877 1541 2933 caecutierat
1560 2887 1617 2934 et
1638 2882 2005 2937 calumniatus

2111 1784 2207 1838 καὶ
2266 1783 2449 1836 πᾶσαν
2504 1781 2758 1846 αἴσθησιν
2826 1778 3144 1846 διακλέψοι,
3206 1777 3285 1846 τῷ
3332 1777 3717 1847 πρεσϐυτέρῳ

2109 1876 2398 1948 προσάγει.
2432 1873 2533 1942 τὴν
2558 1873 2738 1926 αἰτίαν
2766 1869 2967 1941 δηλαδὴ
2996 1868 3224 1921 συνέντα
3266 1868 3365 1921 καὶ
3394 1869 3498 1934 τὴν
3538 1867 3715 1935 δίκην

2107 1967 2208 2019 οὔκ
2262 1964 2630 2035 ἀγνοήσαντα.
2663 1962 2777 2015 Καὶ
2825 1958 3019 2029 πρῶτα
3075 1958 3173 2027 μὲν
3220 1959 3360 2011 αίτεί
3402 1958 3566 2024 παρὰ
3601 1956 3713 2008 τοῦ

2109 2059 2216 2110 ὑπὸ
2248 2058 2411 2127 χεῖρα
2441 2052 2794 2123 συγγνώμην,
2823 2050 2941 2104 εἶτα
2970 2051 3032 2103 τὸ
3082 2049 3255 2112 πάθος
3287 2048 3710 2111 ἅνακαλύπτει,

2096 2148 2235 2217 ’ἑξῆς
2260 2148 2318 2201 δὲ
2344 2147 2585 2201 δυσωπεῖ
2614 2144 2911 2215 θεραπείας
2949 2142 3264 2210 ἀξιωθῆναι,
3297 2142 3410 2207 ὅτῳ
3460 2142 3529 2211 δή
3566 2159 3713 2195 ποτε

2108 2241 2314 2310 τρόπῳ,
2342 2238 2497 2308 φησὶ,
2525 2235 2750 2299 πολλοὺς
2765 2231 2876 2287 οἶδε
2904 2234 3000 2287 καὶ
3023 2233 3215 2295 ἄλλους
3242 2233 3401 2295 αὐτὸς
3424 2232 3702 2298 ἀξιώσας.

2119 2329 2180 2384 '0
2205 2331 2262 2384 δὲ
2300 2330 2401 2400 τὴν
2431 2330 2655 2398 ἄτεχνον
2687 2326 2950 2398 ἰατρείαν,
2982 2325 3083 2397 τὴν
3129 2323 3360 2394 ἄμισθον
3387 2326 3578 2393 χάριν,
3605 2323 3707 2375 τὸν

2107 2421 2168 2474 οὐ
2216 2418 2543 2489 κενούμενον
2583 2414 2811 2469 πλοῦτον
2842 2414 3019 2484 αὐτῷ,
3071 2414 3162 2466 τὸν
3208 2414 3440 2484 σταυρὸν
3475 2414 3703 2466 ὑποδείο

2098 2514 2290 2573 ’κνυσι,
2342 2508 2436 2560 καὶ
2484 2506 2575 2559 τὸν
2612 2506 2672 2556 ἐν
2721 2503 2800 2574 τῷ
2853 2502 3074 2572 σταυρῷ
3128 2503 3534 2571 κεκρυμμένον,
3574 2502 3705 2553 ὅθεν

2104 2599 2215 2670 ἄρα
2239 2598 2333 2651 καὶ
2405 2597 2577 2659 ὅπως,
2662 2593 2933 2666 Θησαυρὸν
3004 2592 3314 2663 ὲρμηνεύει.
3368 2590 3702 2660 Προσελθὼν

2104 2692 2282 2743 τοίνυν
2330 2692 2359 2741 ὁ
2411 2688 2707 2747 ἐπίσκοπος
2739 2685 2927 2755 θερμῷ
2956 2684 3231 2753 πνεύματι
3254 2725 3267 2748 ,
3302 2682 3616 2752 θερμοτέρα
3639 2682 3701 2735 δὲ

2105 2780 2288 2849 πολλῷ
2317 2781 2412 2832 καὶ
2436 2782 2502 2849 τῇ
2530 2778 2809 2849 μετανοίᾳ,
2841 2773 2922 2839 οἷς
2951 2793 3009 2829 τε
3032 2777 3160 2846 περὶ
3199 2776 3301 2842 τὴν
3323 2776 3477 2827 θείαν
3527 2775 3695 2843 χάριν

2107 2871 2322 2941 ἐκείνην
2380 2868 2706 2939 τυφλώττων
2761 2867 3024 2939 πρότερον
3076 2862 3165 2937 ἦν,
3198 2867 3293 2918 καὶ
3337 2863 3699 2931 συκοφαντῶν

428 2969 550 3016 erat
574 2962 949 3031 impudenter,
984 2973 1100 3019 tum
1135 2968 1265 3036 quia
1296 2967 1448 3023 illius
1475 2970 1790 3026 ministrum
1824 2989 1889 3028 ac
1919 2988 2007 3029 sa-

2119 2963 2336 3034 ίιναίδην
2392 2963 2488 3015 καὶ
2535 2958 2857 3026 διαϐάλλων,
2915 2953 2997 3023 οἷς
3035 2974 3095 3011 τε
3127 2960 3255 3026 περὶ
3279 2958 3371 3010 τὸν
3408 2959 3564 3027 ἱερέα
3603 2958 3696 3009 καὶ

430 3052 713 3107 cerdotem
742 3053 959 3121 injuriis
982 3056 1262 3123 ati‘ecerat,
1287 3075 1438 3115 nunc
1462 3047 1640 3131 ipsum
1671 3065 1884 3120 habens
1909 3081 2007 3135 pa»

2119 3056 2352 3111 διάκονον
2369 3055 2645 3135 ἐνύϐρισε,
2657 3054 2862 3123 ταύτης
2894 3053 3012 3121 ἅμα
3036 3053 3099 3105 δὲ
3126 3052 3222 3104 καὶ
3256 3052 3418 3104 αὐτὸν
3438 3049 3696 3118 συναιρό-

432 3143 823 3201 trocinantem.
853 3146 922 3201 Et
947 3148 1039 3203 ille
1074 3150 1299 3218 quidem
1330 3151 1591 3207 infestum
1623 3170 1652 3208 a
1676 3170 1736 3210 se
1763 3158 2010 3212 excussit

433 3234 769 3301 daemonem;
822 3238 1109 3310 presbyter
1137 3254 1271 3293 vero
1315 3254 1438 3294 cum
1483 3243 1715 3310 pristina
1748 3244 2010 3315 dignitate

433 3341 551 3380 rem
602 3325 949 3392 familiarem,
977 3331 1306 3400 ampliorem
1328 3332 1492 3386 etiam
1525 3350 1688 3404 quam
1719 3336 2011 3403 habuerat,

432 3426 493 3470 et
518 3416 832 3472 libertatem
894 3421 1127 3491 recepit.

517 3550 637 3604 15?.
677 3550 913 3607 Circiter
960 3554 1107 3608 idem
1148 3565 1363 3626 tempus
1404 3559 1652 3628 contigit,
1684 3560 1877 3616 Persas
1906 3560 2015 3617 illis
2105 3623 2114 3631 ,

435 3639 691 3708 partibus
713 3657 837 3695 cum
863 3645 1107 3699 exercitu
1136 3649 1524 3716 supervenire;
1548 3651 1751 3720 quibus
1770 3669 1896 3708 cum
1923 3654 2007 3708 in-

440 3728 682 3784 dicatum
710 3740 876 3797 esset,
913 3733 1070 3802 plura
1101 3735 1155 3788 in
1190 3736 1391 3791 sacello
1425 3737 1538 3808 jam
1567 3740 1718 3795 dicto
1745 3750 1801 3796 et
1829 3745 2010 3811 magni

437 3826 600 3897 pretii
635 3827 982 3880 anathemata
1011 3841 1154 3893 esse,
1184 3842 1213 3879 a
1242 3826 1572 3882 Christianis
1606 3844 1717 3883 non
1744 3845 1909 3900 parca
1933 3842 2030 3887 aut

437 3932 601 3971 avara
642 3934 807 3971 manu
856 3917 975 3970 istic
1018 3932 1320 3985 suspensa,
1366 3933 1477 3987 quo
1520 3920 1798 3989 quippiam
1835 3924 2025 3977 eodem

443 4001 610 4053 celeri
639 4016 805 4056 cursu
827 4004 1174 4058 contendunt
1194 4022 1208 4058 :
1226 4020 1367 4075 quos
1395 4007 1490 4070 ubi
1517 4011 1777 4069 sacerdos
1805 4013 2023 4070 eminus

443 4091 805 4147 adventantes
830 4094 1003 4158 videt,
1041 4096 1097 4150 in
1127 4098 1363 4153 vicinam
1405 4115 1525 4155 sese
1567 4101 1779 4156 abdidit
1808 4104 2021 4170 silvam,

443 4184 622 4239 donec
664 4186 765 4256 ipsi
806 4187 873 4242 ad
905 4189 1206 4243 exercitum
1238 4192 1617 4247 revertissent.
1649 4194 1731 4248 Illi
1769 4210 1902 4249 vero
1938 4195 2024 4249 in-

444 4275 613 4344 gressi
664 4278 948 4341 sacellum,
996 4288 1111 4333 toto
1166 4280 1290 4334 istic
1336 4281 1425 4335 die
1476 4293 1865 4351 permanentes
1909 4301 2020 4340 non

2116 3165 2274 3219 μενον
2296 3150 2469 3218 εχων,
2497 3134 2658 3204 αὐτός
2680 3163 2742 3198 τε
2764 3146 2857 3197 τὸν
2885 3144 3120 3213 χαλεπὸν
3158 3142 3394 3196 ἀπέθετο
3439 3141 3697 3209 δαίμονα,

2113 3244 2357 3304 κάνεῖνος
2432 3239 2567 3308 μετὰ
2660 3235 2757 3290 τοῦ
2835 3232 3141 3304 ἀξιώματος
3199 3228 3354 3293 αὖθις
3428 3234 3525 3285 καὶ
3597 3232 3699 3299 τῆς

2113 3335 2300 3396 οὐσίας
2336 3331 2555 3401 μείζονα
2593 3330 2689 3400 τῆς
2752 3326 3022 3399 προτέρας
3083 3322 3387 3394 ἀπειλήφει
3444 3324 3541 3376 καὶ
3596 3321 3699 3391 τὴν

2117 3420 2298 3473 ἐλευθε
2308 3421 2445 3489 ρίαν.

2192 3553 2324 3626 ρνβ’.
2368 3551 2575 3621 Συνέϐη
2629 3551 2684 3603 δὲ
2726 3550 2847 3602 κατ’
2881 3550 3057 3602 ἐκεῖνο
3087 3548 3280 3613 καιροῦ
3322 3550 3540 3617 Πέρσας
3584 3551 3695 3610 τοῖς

2123 3650 2345 3719 μέρεσιν
2377 3646 2605 3706 ἐκείνοις
2635 3640 3086 3711 ἐπιστρατεῦσαι*
3112 3642 3207 3694 καὶ
3247 3640 3482 3711 μηνυθὲν
3516 3641 3695 3702 αὐτοῖς

2120 3740 2194 3801 ὡς
2218 3738 2303 3808 εἴη
2337 3735 2506 3790 πολλὰ
2540 3737 2635 3788 καὶ
2670 3732 2864 3788 πολλοῦ
2901 3731 3027 3797 ἄξια
3056 3731 3458 3803 καθωσιωμένα
3500 3731 3577 3803 τῷ
3604 3734 3695 3783 εὖ·

2121 3830 2364 3900 κτηρίῳ,
2418 3824 2507 3880 οἷα
2548 3825 2888 3897 Χριστιανῶν
2937 3826 2999 3879 οὐ
3036 3824 3367 3894 φειδομένως
3408 3825 3531 3878 οὐδὲ.
3583 3824 3696 3891 γλί-

2124 3937 2303 3991 σχρως
2347 3921 2465 3972 ἐκεῖ
2501 3916 3077 3986 προσαναλισκόντων,
3119 3915 3213 3967 δύο
3255 3914 3398 3977 τινὲς
3447 3916 3534 3967 ἐπ’
3567 3916 3697 3967 αὐτὸ

2121 4013 2399 4082 δρομαίως
2435 4009 2731 4079 ὲφέροντο’
2782 4004 2877 4069 οὓς
2928 4004 3051 4059 ίδὼν
3099 4005 3384 4078 πόρρωθεν
3425 4009 3454 4059 ὁ
3500 4007 3692 4075 ἱερεὺς,

2120 4102 2222 4173 τὴν
2252 4101 2717 4170 παρα-πεφυκυῖαν
2753 4096 3043 4149 ὑποδύεται
3066 4091 3223 4163 ὕλην,
3266 4095 3371 4156 ἓως
3410 4095 3564 4147 αὐτοὶ
3595 4098 3695 4147 πά·-

2125 4193 2207 4245 λιν
2240 4194 2321 4255 εἰς
2349 4192 2411 4244 τὸ
2446 4175 2817 4260 στρατόπεδον
2838 4185 3252 4255 ἀναστρέψειαν.
3298 4186 3361 4236 Οἱ
3405 4185 3463 4236 δὲ
3508 4185 3569 4236 τὸ
3611 4184 3692 4235 εὑ-

2133 4287 2359 4357 κτήριον
2392 4282 2744 4347 εἰσελθόντες,
2779 4279 3024 4347 ἀπρόῖτοι
3065 4279 3245 4330 πᾶσαν
3277 4277 3486 4329 ἐκεῖθεν
3515 4277 3695 4345 διαμε-

444 4366 721 4435 prodiere.
745 4368 1065 4436 Suspicatus
1094 4370 1279 4438 itaque
1303 4372 1613 4442 presbyter,
1641 4376 1862 4445 eosjam
1895 4377 2016 4430 inde

2134 4381 2400 4450 μενήκασι
2450 4376 2547 4444 τὴν
2598 4372 2834 4443 ἡμέραν.
2901 4368 3229 4456 ’Υπολαϐὼν
3265 4369 3442 4421 τοίνυν
3500 4371 3699 4432 ἐκεῖνος

445 4456 582 4509 clam
617 4473 675 4510 se
722 4472 974 4527 egressos
999 4458 1162 4525 (Quid
1194 4461 1365 4527 enim,
1393 4463 1698 4532 inquiebat,
1727 4467 1851 4522 istic
1881 4470 2024 4523 ultra

446 4549 748 4618 agerent?),
783 4566 950 4604 ausus
982 4560 1068 4627 est
1091 4567 1157 4605 eo
1208 4554 1427 4622 regredi
1465 4574 1476 4608 :
1514 4555 1794 4627 ingressus
1840 4571 2025 4616 autem

446 4642 656 4712 reperit
678 4643 867 4696 ambos
897 4654 1024 4697 ante
1061 4645 1428 4716 prodigiosum
1452 4663 1673 4716 crucem
1707 4654 1860 4719 (vere
1891 4655 2024 4709 illud

449 4743 600 4787 tuum
620 4746 815 4803 potens
838 4734 1121 4792 brachium
1146 4738 1660 4808 patravit,Christe,
1688 4745 1802 4798 Rex
1826 4749 2026 4817 meus.)

449 4826 750 4880 exstinctos
772 4830 981 4893 iacere;
1003 4830 1330 4900 adjaeebant
1351 4847 1571 4903 quoque
1590 4832 1739 4890 faces
1761 4852 2023 4898 accensae.

450 4925 664 4969 certum
709 4917 825 4972 fere
861 4921 1237 4975 testimonium
1270 4923 1510 4980 voluisse
1545 4926 1752 4995 templo
1784 4926 2030 4982 flammas

452 5007 747 5078 subjicere,
780 5027 923 5080 quae,
959 5015 1348 5070 cor-ruentibus
1386 5018 1537 5087 ipsis,
1564 5034 1594 5072 e
1629 5019 1884 5074 manibus
1931 5020 2030 5075 (ἰε-

450 5098 616 5169 lapsae
657 5100 893 5158 fuerant.
920 5106 1096 5175 Atque
1126 5107 1245 5161 haec
1276 5110 1459 5163 omnia
1490 5110 1580 5164 ille
1612 5110 1728 5179 ipse
1751 5111 2028 5175 sacerdos,

455 5207 579 5245 cum
607 5192 806 5248 deinde
837 5194 1162 5265 Symconem
1195 5199 1480 5264 inviseret,
1514 5208 1746 5256 testatus
1784 5210 1889 5257 est.

529 5373 650 5427 155.
692 5374 808 5428 iam
849 5391 980 5430 vero
1020 5376 1087 5430 ad
1128 5394 1191 5430 ea
1236 5394 1323 5431 me
1369 5394 1618 5434 sermone
1662 5395 2031 5450 progressum,

457 5481 576 5535 quc
607 5469 673 5522 ad
733 5468 979 5523 divinum
1037 5469 1324 5542 Symconis
1373 5473 1738 5527 sacerdotium
1805 5474 2032 5538 faciunt,

461 5559 604 5613 unde
653 5567 710 5613 et
751 5562 1031 5630 quomodo
1082 5564 1497 5634 presbyteratus
1533 5581 1748 5619 sacrum
1786 5567 2034 5620 ordinem

460 5646 785 5718 Susecperit,
833 5660 1264 5707 consentaneum
1320 5654 1506 5720 fuerit,
1564 5666 1686 5724 apta
1722 5656 2035 5710 narratione

2128 4464 2309 4516 λαθεῖν
2344 4462 2506 4515 αὐτὸν
2552 4461 2649 4528 τὴν
2690 4458 2797 4510 τῶν
2838 4458 3063 4526 Περσῶν
3097 4455 3304 4510 ἐκεῖθεν
3338 4457 3593 4509 ἐπάνοδον
3630 4458 3698 4524 (τί

2128 4559 2236 4626 γὰρ
2255 4555 2344 4618 ἂν,
2374 4555 2529 4622 φησι,
2549 4552 2644 4604 καὶ
2673 4550 2905 4618 δρῶντες
2929 4551 2986 4600 ἐν
3008 4546 3156 4615 αὖτῴ
3184 4548 3367 4599 λοιπὸν
3396 4544 3549 4619 εἷεν),
3573 4549 3699 4619 θαρ-

2131 4651 2215 4719 ρεῖ
2242 4647 2339 4715 τὴν
2375 4644 2609 4697 είσοδον’
2646 4642 2740 4695 καὶ
2765 4640 2984 4702 τούτους
3016 4639 3259 4709 εὑρίσκει
3289 4639 3394 4708 πρὸ
3427 4641 3525 4708 τῆς
3559 4641 3700 4701 θείας

2131 4739 2349 4809 ἐκείνης
2375 4736 2465 4791 τοῦ
2498 4734 2731 4805 σταυροῦ
2760 4733 3043 4803 δυνάμεως
3080 4733 3195 4804 (σὸς
3233 4735 3260 4785 ὁ
3294 4732 3534 4803 βραχίων
3572 4731 3704 4799 μετά

2131 4832 2450 4893 δυναστείας
2492 4830 2681 4893 ὅντως,
2717 4829 2918 4899 Χριστὲ
2952 4827 3219 4899 βασιλεῦ),
3265 4828 3491 4897 νεκροὺς
3531 4831 3703 4896 ἀμφο-

2131 4926 2327 4995 τέρους
2354 4924 2664 4992 κειμένους,
2685 4922 2966 4990 λαμπάδες
2992 4937 3051 4973 τε
3088 4920 3260 4989 πυρὸς
3289 4920 3698 4988 παρακείμεναι,

2135 5017 2386 5086 καθάπερ
2427 5018 2483 5068 ὲν
2516 5014 2820 5084 ἐπαγγελίᾳ
2864 5013 2958 5067 τοῦ
2986 5013 3076 5066 τὸν
3115 5011 3242 5065 ναὸν
3285 5011 3585 5081 ἐμπρῆσαι,
3616 5011 3702 5061 καὶ

2136 5109 2242 5162 τῶν
2272 5105 2468 5179 χειρῶν
2513 5106 2767 5159 πεσοῦσιν
2811 5107 2993 5168 αὐτοῖς
3019 5104 3480 5177 καταρῤεύσασαι,
3512 5103 3584 5165 ὡς
3615 5104 3701 5155 αὑ-

2135 5198 2224 5260 τὸς
2244 5200 2447 5258 ἐκεῖνος
2473 5196 2611 5266 μετὰ
2632 5196 2804 5248 ταῦτα
2824 5195 2973 5266 παρὰ
2992 5195 3082 5247 τὸν
3114 5194 3267 5262 ἅγιον
3303 5193 3471 5246 ἐλθὼν
3490 5197 3517 5247 ὁ
3536 5196 3700 5262 ἱερεὺς

2055 5345 2063 5351 ,
2138 5289 2400 5359 ἐξηγεῖτο.

2213 5386 2345 5450 ρνγκ
2391 5380 2531 5431 Ἀλλ’
2556 5371 2656 5431 ὧδέ
2699 5396 2765 5448 με
2794 5378 2886 5430 τοῦ
2922 5377 3082 5445 λόγου
3126 5379 3434 5446 γενόμενον,
3473 5375 3539 5429 τὰ
3588 5374 3701 5442 περὶ

2137 5473 2234 5539 τῆς
2262 5471 2408 5533 θείας
2459 5470 2552 5523 τοῦ
2586 5471 2729 5522 θείου
2764 5470 2983 5537 Συμεὼν
3020 5470 3341 5543 ίερωσύνης,
3368 5468 3490 5538 ὅθεν
3521 5484 3581 5519 τε
3613 5466 3699 5534 τὴν

2139 5562 2233 5614 τοῦ
2295 5562 2666 5632 πρεσϐυτέρου
2722 5559 3055 5629 χειροτονίαν
3108 5558 3345 5622 ἐδέξατο,
3396 5558 3489 5610 καὶ
3542 5558 3696 5616 ὅπως,

2143 5653 2431 5707 ἀκόλουθον
2472 5654 2534 5705 ἂν
2566 5654 2649 5722 εἴη
2695 5652 2982 5715 διαλαϐεῖν.
3022 5653 3107 5714 Ὠς
3158 5653 3264 5720 γὰρ
3319 5652 3350 5721 ή
3403 5648 3570 5721 πολλὴ
3602 5646 3698 5700 τῶν
